  <div class='ocr_page' id='page_1' title='image "/cluster/home/n/w/nwhite01/storage/ocr_20150623/87 pt.1/nnc1.0046979824/636.png"; bbox 0 0 4238 6458; ppageno 0'>
   <div class='ocr_carea' id='block_1_1' title="bbox 309 424 444 489">
    <p class='ocr_par' dir='ltr' id='par_1_1' title="bbox 309 424 444 489">
     <span class='ocr_line' id='line_1_1' title="bbox 309 424 444 489; baseline 0 -1"><span class='ocrx_word' id='word_1_1' title='bbox 309 424 444 489; x_wconf 73' lang='lat'><strong>1237</strong></span> 
     </span>
    </p>
   </div>
   <div class='ocr_carea' id='block_1_2' title="bbox 1326 424 2488 484">
    <p class='ocr_par' dir='ltr' id='par_1_2' title="bbox 1326 424 2488 484">
     <span class='ocr_line' id='line_1_2' title="bbox 1326 424 2488 484; baseline 0.002 -2"><span class='ocrx_word' id='word_1_2' title='bbox 1326 424 1472 483; x_wconf 78' lang='lat' dir='ltr'><strong>COM</strong></span> <span class='ocrx_word' id='word_1_3' title='bbox 1486 426 1865 484; x_wconf 67' lang='lat' dir='ltr'><strong>MENTARII</strong></span> <span class='ocrx_word' id='word_1_4' title='bbox 1914 425 1989 482; x_wconf 82' lang='lat' dir='ltr'><strong>IN</strong></span> <span class='ocrx_word' id='word_1_5' title='bbox 2030 424 2488 484; x_wconf 75' lang='lat' dir='ltr'><strong>PROVERBIA.</strong></span> 
     </span>
    </p>
   </div>
   <div class='ocr_carea' id='block_1_3' title="bbox 3407 425 3544 485">
    <p class='ocr_par' dir='ltr' id='par_1_3' title="bbox 3407 425 3544 485">
     <span class='ocr_line' id='line_1_3' title="bbox 3407 425 3544 485; baseline 0.007 -2"><span class='ocrx_word' id='word_1_6' title='bbox 3407 425 3544 485; x_wconf 69' lang='lat'><strong>1238</strong></span> 
     </span>
    </p>
   </div>
   <div class='ocr_carea' id='block_1_4' title="bbox 305 539 1928 614">
    <p class='ocr_par' dir='ltr' id='par_1_4' title="bbox 305 539 1928 614">
     <span class='ocr_line' id='line_1_4' title="bbox 305 539 1928 614; baseline -0.003 -19"><span class='ocrx_word' id='word_1_7' title='bbox 305 545 705 614; x_wconf 68' lang='grc' dir='ltr'><strong>παραινέσεως,</strong></span> <span class='ocrx_word' id='word_1_8' title='bbox 737 543 854 595; x_wconf 87' lang='grc' dir='ltr'>τότε</span> <span class='ocrx_word' id='word_1_9' title='bbox 888 541 1164 610; x_wconf 78' lang='grc' dir='ltr'><strong>ὲπιγνὼσῃ</strong></span> <span class='ocrx_word' id='word_1_10' title='bbox 1194 543 1290 612; x_wconf 81' lang='grc' dir='ltr'>τὴν</span> <span class='ocrx_word' id='word_1_11' title='bbox 1324 539 1732 609; x_wconf 78' lang='grc' dir='ltr'>ἁπονεμητικὴν</span> <span class='ocrx_word' id='word_1_12' title='bbox 1755 540 1880 590; x_wconf 80' lang='grc' dir='ltr'><strong>ἑκά·</strong></span> <span class='ocrx_word' id='word_1_13' title='bbox 1915 554 1928 598; x_wconf 67' lang='grc' dir='ltr'><em>λ</em></span> 
     </span>
    </p>
   </div>
   <div class='ocr_carea' id='block_1_5' title="bbox 2041 539 3580 614">
    <p class='ocr_par' dir='ltr' id='par_1_5' title="bbox 2041 541 3580 608">
     <span class='ocr_line' id='line_1_5' title="bbox 2041 541 3580 608; baseline 0.001 -16"><span class='ocrx_word' id='word_1_14' title='bbox 2041 541 2137 593; x_wconf 74' lang='lat' dir='ltr'><strong>:ris</strong></span> <span class='ocrx_word' id='word_1_15' title='bbox 2170 543 2601 607; x_wconf 87' lang='lat' dir='ltr'><strong>possessionem,</strong></span> <span class='ocrx_word' id='word_1_16' title='bbox 2625 550 2752 594; x_wconf 90' lang='lat' dir='ltr'><strong>tunc</strong></span> <span class='ocrx_word' id='word_1_17' title='bbox 2791 541 3061 607; x_wconf 76' lang='lat' dir='ltr'><strong>intelliges</strong></span> <span class='ocrx_word' id='word_1_18' title='bbox 3108 541 3276 603; x_wconf 81' lang='lat' dir='ltr'><strong>illum,</strong></span> <span class='ocrx_word' id='word_1_19' title='bbox 3313 558 3431 608; x_wconf 79' lang='lat' dir='ltr'><strong>qme</strong></span> <span class='ocrx_word' id='word_1_20' title='bbox 3464 556 3580 593; x_wconf 73' lang='lat' dir='ltr'><strong>eiu-</strong></span> 
     </span>
    </p>
   </div>
   <div class='ocr_carea' id='block_1_6' title="bbox 304 628 1884 702">
    <p class='ocr_par' dir='ltr' id='par_1_6' title="bbox 304 628 1884 702">
     <span class='ocr_line' id='line_1_6' title="bbox 304 628 1884 702; baseline -0.005 -16"><span class='ocrx_word' id='word_1_21' title='bbox 304 651 414 702; x_wconf 72' lang='grc' dir='ltr'><strong>ςτῳ</strong></span> <span class='ocrx_word' id='word_1_22' title='bbox 455 633 551 685; x_wconf 83' lang='grc' dir='ltr'><strong>τοῦ</strong></span> <span class='ocrx_word' id='word_1_23' title='bbox 581 635 702 686; x_wconf 83' lang='grc' dir='ltr'>κατ’</span> <span class='ocrx_word' id='word_1_24' title='bbox 749 634 907 697; x_wconf 78' lang='grc' dir='ltr'>ἀξίαν</span> <span class='ocrx_word' id='word_1_25' title='bbox 929 632 1301 699; x_wconf 86' lang='grc' dir='ltr'>δικαιοσύνην,</span> <span class='ocrx_word' id='word_1_26' title='bbox 1342 633 1434 684; x_wconf 75' lang='grc' dir='ltr'><strong>καὶ</strong></span> <span class='ocrx_word' id='word_1_27' title='bbox 1472 630 1570 698; x_wconf 84' lang='grc' dir='ltr'>τὴν</span> <span class='ocrx_word' id='word_1_28' title='bbox 1591 629 1685 681; x_wconf 87' lang='grc' dir='ltr'><strong>τοῦ</strong></span> <span class='ocrx_word' id='word_1_29' title='bbox 1717 628 1884 680; x_wconf 85' lang='grc' dir='ltr'>καλοῦ</span> 
     </span>
    </p>
   </div>
   <div class='ocr_carea' id='block_1_7' title="bbox 345 722 1891 793">
    <p class='ocr_par' dir='ltr' id='par_1_7' title="bbox 345 722 1891 793">
     <span class='ocr_line' id='line_1_7' title="bbox 345 722 1891 793; baseline -0.001 -19"><span class='ocrx_word' id='word_1_30' title='bbox 345 723 709 793; x_wconf 77' lang='grc' dir='ltr'>παρέγκλιτον</span> <span class='ocrx_word' id='word_1_31' title='bbox 741 723 943 793; x_wconf 73' lang='grc' dir='ltr'>κρίσιν,</span> <span class='ocrx_word' id='word_1_32' title='bbox 977 722 1286 790; x_wconf 77' lang='grc' dir='ltr'><strong>πληρώσεις</strong></span> <span class='ocrx_word' id='word_1_33' title='bbox 1317 722 1411 782; x_wconf 83' lang='grc' dir='ltr'>τὰς</span> <span class='ocrx_word' id='word_1_34' title='bbox 1464 723 1542 783; x_wconf 80' lang='grc' dir='ltr'><strong>είς</strong></span> <span class='ocrx_word' id='word_1_35' title='bbox 1579 723 1726 773; x_wconf 77' lang='grc' dir='ltr'>ἅπαν</span> <span class='ocrx_word' id='word_1_36' title='bbox 1756 722 1891 788; x_wconf 82' lang='grc' dir='ltr'><strong>ἀγα-</strong></span> 
     </span>
    </p>
   </div>
   <div class='ocr_carea' id='block_1_8' title="bbox 335 811 1238 880">
    <p class='ocr_par' dir='ltr' id='par_1_8' title="bbox 335 811 1238 880">
     <span class='ocr_line' id='line_1_8' title="bbox 335 811 1238 880; baseline 0.002 -19"><span class='ocrx_word' id='word_1_37' title='bbox 335 814 397 863; x_wconf 60' lang='lat' dir='ltr'><strong>vv</strong></span> <span class='ocrx_word' id='word_1_38' title='bbox 429 812 670 880; x_wconf 75' lang='grc' dir='ltr'><strong>ἀγούσας</strong></span> <span class='ocrx_word' id='word_1_39' title='bbox 709 812 930 873; x_wconf 79' lang='grc' dir='ltr'>ὲντολὰς</span> <span class='ocrx_word' id='word_1_40' title='bbox 954 811 1048 863; x_wconf 87' lang='grc' dir='ltr'>τοῦ</span> <span class='ocrx_word' id='word_1_41' title='bbox 1081 812 1238 864; x_wconf 83' lang='grc' dir='ltr'>Θεοῦ.</span> 
     </span>
    </p>
   </div>
   <div class='ocr_carea' id='block_1_9' title="bbox 383 960 1891 1056">
    <p class='ocr_par' dir='ltr' id='par_1_9' title="bbox 383 960 1891 1056">
     <span class='ocr_line' id='line_1_9' title="bbox 383 960 1891 1056; baseline -0.003 -15"><span class='ocrx_word' id='word_1_42' title='bbox 383 996 432 1041; x_wconf 78' lang='grc' dir='ltr'><strong>υ.</strong></span> <span class='ocrx_word' id='word_1_43' title='bbox 488 988 630 1042; x_wconf 84' lang='grc' dir='ltr'><strong>Ἐὰν</strong></span> <span class='ocrx_word' id='word_1_44' title='bbox 658 989 770 1056; x_wconf 82' lang='grc' dir='ltr'>γὰρ</span> <span class='ocrx_word' id='word_1_45' title='bbox 810 989 958 1054; x_wconf 76' lang='grc' dir='ltr'><strong>ἔλθῃ</strong></span> <span class='ocrx_word' id='word_1_46' title='bbox 988 987 1025 1052; x_wconf 73' lang='grc' dir='ltr'><strong>ἢ</strong></span> <span class='ocrx_word' id='word_1_47' title='bbox 1066 960 1262 1055; x_wconf 66' lang='grc' dir='ltr'>σοφία</span> <span class='ocrx_word' id='word_1_48' title='bbox 1297 989 1381 1050; x_wconf 81' lang='grc' dir='ltr'>εἰς</span> <span class='ocrx_word' id='word_1_49' title='bbox 1429 986 1554 1050; x_wconf 83' lang='grc' dir='ltr'>σὴν</span> <span class='ocrx_word' id='word_1_50' title='bbox 1599 984 1891 1036; x_wconf 81' lang='grc' dir='ltr'>διάνοιαν.</span> 
     </span>
    </p>
   </div>
   <div class='ocr_carea' id='block_1_10' title="bbox 321 1074 1897 1148">
    <p class='ocr_par' dir='ltr' id='par_1_10' title="bbox 321 1074 1897 1148">
     <span class='ocr_line' id='line_1_10' title="bbox 321 1074 1897 1148; baseline -0.004 -17"><span class='ocrx_word' id='word_1_51' title='bbox 321 1078 449 1131; x_wconf 78' lang='grc' dir='ltr'><strong>Ἐὰν</strong></span> <span class='ocrx_word' id='word_1_52' title='bbox 476 1080 586 1148; x_wconf 79' lang='grc' dir='ltr'><strong>γὰρ</strong></span> <span class='ocrx_word' id='word_1_53' title='bbox 618 1078 1000 1147; x_wconf 80' lang='grc' dir='ltr'>παραγένηται</span> <span class='ocrx_word' id='word_1_54' title='bbox 1036 1077 1180 1129; x_wconf 76' lang='grc' dir='ltr'>κάτὰ</span> <span class='ocrx_word' id='word_1_55' title='bbox 1209 1077 1444 1143; x_wconf 75' lang='grc' dir='ltr'>Θεωρίαν</span> <span class='ocrx_word' id='word_1_56' title='bbox 1471 1079 1504 1144; x_wconf 79' lang='grc' dir='ltr'>ἡ</span> <span class='ocrx_word' id='word_1_57' title='bbox 1533 1075 1738 1143; x_wconf 82' lang='grc' dir='ltr'>ἀληθὴς</span> <span class='ocrx_word' id='word_1_58' title='bbox 1767 1074 1897 1144; x_wconf 74' lang='grc' dir='ltr'>περὶ</span> 
     </span>
    </p>
   </div>
   <div class='ocr_carea' id='block_1_11' title="bbox 313 1167 1389 1236">
    <p class='ocr_par' dir='ltr' id='par_1_11' title="bbox 313 1167 1389 1236">
     <span class='ocr_line' id='line_1_11' title="bbox 313 1167 1389 1236; baseline -0.003 -16"><span class='ocrx_word' id='word_1_59' title='bbox 313 1170 448 1223; x_wconf 70' lang='grc' dir='ltr'>θεοῦ</span> <span class='ocrx_word' id='word_1_60' title='bbox 492 1171 674 1223; x_wconf 82' lang='grc' dir='ltr'>ἔννοια</span> <span class='ocrx_word' id='word_1_61' title='bbox 699 1169 780 1230; x_wconf 76' lang='grc' dir='ltr'>εἰς</span> <span class='ocrx_word' id='word_1_62' title='bbox 808 1169 871 1221; x_wconf 78' lang='grc' dir='ltr'><strong>τὸ</strong></span> <span class='ocrx_word' id='word_1_63' title='bbox 896 1167 1235 1236; x_wconf 77' lang='grc' dir='ltr'><strong>διανοητικόν</strong></span> <span class='ocrx_word' id='word_1_64' title='bbox 1270 1183 1389 1218; x_wconf 85' lang='grc' dir='ltr'>σου.</span> 
     </span>
    </p>
   </div>
   <div class='ocr_carea' id='block_1_12' title="bbox 390 1253 1902 1328">
    <p class='ocr_par' dir='ltr' id='par_1_12' title="bbox 390 1253 1902 1328">
     <span class='ocr_line' id='line_1_12' title="bbox 390 1253 1902 1328; baseline -0.005 -13"><span class='ocrx_word' id='word_1_65' title='bbox 390 1263 458 1315; x_wconf 80' lang='grc' dir='ltr'><em>Ἡ</em></span> <span class='ocrx_word' id='word_1_66' title='bbox 503 1261 574 1314; x_wconf 82' lang='grc' dir='ltr'>δὲ</span> <span class='ocrx_word' id='word_1_67' title='bbox 601 1261 888 1327; x_wconf 85' lang='grc' dir='ltr'>αισθησις</span> <span class='ocrx_word' id='word_1_68' title='bbox 925 1258 1000 1326; x_wconf 78' lang='grc' dir='ltr'>τῇ</span> <span class='ocrx_word' id='word_1_69' title='bbox 1029 1259 1114 1328; x_wconf 74' lang='grc' dir='ltr'><strong>σῇ</strong></span> <span class='ocrx_word' id='word_1_70' title='bbox 1150 1258 1313 1328; x_wconf 71' lang='grc' dir='ltr'><strong>ψυχῇ</strong></span> <span class='ocrx_word' id='word_1_71' title='bbox 1344 1260 1503 1325; x_wconf 74' lang='grc' dir='ltr'>καλὴ</span> <span class='ocrx_word' id='word_1_72' title='bbox 1548 1253 1702 1310; x_wconf 76' lang='grc' dir='ltr'>εἶναι</span> <span class='ocrx_word' id='word_1_73' title='bbox 1751 1255 1902 1326; x_wconf 79' lang='grc' dir='ltr'><strong>δόξῃ</strong></span> 
     </span>
    </p>
   </div>
   <div class='ocr_carea' id='block_1_13' title="bbox 395 1347 1902 1420">
    <p class='ocr_par' dir='ltr' id='par_1_13' title="bbox 395 1347 1902 1420">
     <span class='ocr_line' id='line_1_13' title="bbox 395 1347 1902 1420; baseline -0.004 -17"><span class='ocrx_word' id='word_1_74' title='bbox 395 1351 459 1403; x_wconf 87' lang='lat' dir='ltr'><strong>&#39;ll</strong></span> <span class='ocrx_word' id='word_1_75' title='bbox 500 1351 556 1404; x_wconf 84' lang='grc' dir='ltr'>δὲ</span> <span class='ocrx_word' id='word_1_76' title='bbox 589 1352 884 1420; x_wconf 82' lang='grc' dir='ltr'>πενταδικὴ</span> <span class='ocrx_word' id='word_1_77' title='bbox 909 1351 1002 1403; x_wconf 87' lang='grc' dir='ltr'>τοῦ</span> <span class='ocrx_word' id='word_1_78' title='bbox 1034 1349 1205 1403; x_wconf 88' lang='grc' dir='ltr'>κακοῦ</span> <span class='ocrx_word' id='word_1_79' title='bbox 1258 1350 1552 1419; x_wconf 80' lang='grc' dir='ltr'>διάκρισις,</span> <span class='ocrx_word' id='word_1_80' title='bbox 1601 1347 1770 1416; x_wconf 82' lang='grc' dir='ltr'>ἀρετή</span> <span class='ocrx_word' id='word_1_81' title='bbox 1820 1363 1902 1398; x_wconf 87' lang='grc' dir='ltr'>σοι</span> 
     </span>
    </p>
   </div>
   <div class='ocr_carea' id='block_1_14' title="bbox 315 1441 1902 1513">
    <p class='ocr_par' dir='ltr' id='par_1_14' title="bbox 315 1441 1902 1513">
     <span class='ocr_line' id='line_1_14' title="bbox 315 1441 1902 1513; baseline -0.006 -17"><span class='ocrx_word' id='word_1_82' title='bbox 315 1446 456 1496; x_wconf 79' lang='grc' dir='ltr'>κατὰ</span> <span class='ocrx_word' id='word_1_83' title='bbox 482 1443 661 1512; x_wconf 78' lang='grc' dir='ltr'>ψυχὴν</span> <span class='ocrx_word' id='word_1_84' title='bbox 690 1443 1012 1513; x_wconf 79' lang='grc' dir='ltr'>φανήσεται,</span> <span class='ocrx_word' id='word_1_85' title='bbox 1053 1443 1130 1511; x_wconf 81' lang='grc' dir='ltr'>μὴ</span> <span class='ocrx_word' id='word_1_86' title='bbox 1159 1441 1226 1495; x_wconf 83' lang='grc' dir='ltr'><strong>δι’</strong></span> <span class='ocrx_word' id='word_1_87' title='bbox 1260 1442 1667 1510; x_wconf 81' lang='grc' dir='ltr'><strong>ἀπερίσκεπτον</strong></span> <span class='ocrx_word' id='word_1_88' title='bbox 1698 1454 1902 1506; x_wconf 85' lang='grc' dir='ltr'>φαντα-</span> 
     </span>
    </p>
   </div>
   <div class='ocr_carea' id='block_1_15' title="bbox 317 1533 1254 1600">
    <p class='ocr_par' dir='ltr' id='par_1_15' title="bbox 317 1533 1254 1600">
     <span class='ocr_line' id='line_1_15' title="bbox 317 1533 1254 1600; baseline 0 -14"><span class='ocrx_word' id='word_1_89' title='bbox 317 1535 436 1587; x_wconf 84' lang='grc' dir='ltr'>σίαν</span> <span class='ocrx_word' id='word_1_90' title='bbox 466 1535 678 1600; x_wconf 80' lang='grc' dir='ltr'>ἀλόγως</span> <span class='ocrx_word' id='word_1_91' title='bbox 704 1533 1060 1600; x_wconf 74' lang='grc' dir='ltr'>ἐπιθυμοῦντι</span> <span class='ocrx_word' id='word_1_92' title='bbox 1090 1550 1254 1595; x_wconf 91' lang='grc' dir='ltr'>τινος.</span> 
     </span>
    </p>
   </div>
   <div class='ocr_carea' id='block_1_16' title="bbox 389 1619 1907 1690">
    <p class='ocr_par' dir='ltr' id='par_1_16' title="bbox 389 1619 1907 1690">
     <span class='ocr_line' id='line_1_16' title="bbox 389 1619 1907 1690; baseline -0.003 -16"><span class='ocrx_word' id='word_1_93' title='bbox 389 1622 482 1676; x_wconf 83' lang='grc' dir='ltr'>ια’.</span> <span class='ocrx_word' id='word_1_94' title='bbox 527 1622 732 1688; x_wconf 73' lang='grc' dir='ltr'>Βουλῆ</span> <span class='ocrx_word' id='word_1_95' title='bbox 776 1623 934 1688; x_wconf 79' lang='grc' dir='ltr'>καλὴ</span> <span class='ocrx_word' id='word_1_96' title='bbox 971 1622 1227 1690; x_wconf 66' lang='grc' dir='ltr'>φυλάξει</span> <span class='ocrx_word' id='word_1_97' title='bbox 1276 1637 1369 1675; x_wconf 86' lang='grc' dir='ltr'>σε.</span> <span class='ocrx_word' id='word_1_98' title='bbox 1416 1621 1566 1690; x_wconf 77' lang='grc' dir='ltr'>Αὕτη</span> <span class='ocrx_word' id='word_1_99' title='bbox 1601 1621 1699 1689; x_wconf 72' lang='grc' dir='ltr'><strong>μὲν</strong></span> <span class='ocrx_word' id='word_1_100' title='bbox 1734 1620 1768 1685; x_wconf 79' lang='grc' dir='ltr'><strong>ἡ</strong></span> <span class='ocrx_word' id='word_1_101' title='bbox 1798 1619 1907 1670; x_wconf 84' lang='grc' dir='ltr'>τῶν</span> 
     </span>
    </p>
   </div>
   <div class='ocr_carea' id='block_1_17' title="bbox 315 1707 1909 1782">
    <p class='ocr_par' dir='ltr' id='par_1_17' title="bbox 315 1707 1909 1782">
     <span class='ocr_line' id='line_1_17' title="bbox 315 1707 1909 1782; baseline -0.001 -20"><span class='ocrx_word' id='word_1_102' title='bbox 315 1712 663 1780; x_wconf 77' lang='grc' dir='ltr'><strong>πραγμάτων</strong></span> <span class='ocrx_word' id='word_1_103' title='bbox 697 1712 895 1782; x_wconf 81' lang='grc' dir='ltr'>ἀρίστη</span> <span class='ocrx_word' id='word_1_104' title='bbox 932 1712 1274 1781; x_wconf 79' lang='grc' dir='ltr'>περίσκεψις,</span> <span class='ocrx_word' id='word_1_105' title='bbox 1311 1712 1418 1764; x_wconf 81' lang='grc' dir='ltr'><strong>ἀπὸ</strong></span> <span class='ocrx_word' id='word_1_106' title='bbox 1451 1711 1635 1780; x_wconf 77' lang='grc' dir='ltr'>πάσης</span> <span class='ocrx_word' id='word_1_107' title='bbox 1670 1707 1909 1777; x_wconf 80' lang='grc' dir='ltr'><strong>παραλό-</strong></span> 
     </span>
    </p>
   </div>
   <div class='ocr_carea' id='block_1_18' title="bbox 312 1797 1483 1871">
    <p class='ocr_par' dir='ltr' id='par_1_18' title="bbox 312 1797 1483 1871">
     <span class='ocr_line' id='line_1_18' title="bbox 312 1797 1483 1871; baseline 0 -17"><span class='ocrx_word' id='word_1_108' title='bbox 312 1820 412 1871; x_wconf 92' lang='grc' dir='ltr'><strong>γου</strong></span> <span class='ocrx_word' id='word_1_109' title='bbox 447 1803 802 1870; x_wconf 79' lang='grc' dir='ltr'>περιφυλάξει</span> <span class='ocrx_word' id='word_1_110' title='bbox 831 1820 890 1854; x_wconf 91' lang='grc' dir='ltr'><strong>σε</strong></span> <span class='ocrx_word' id='word_1_111' title='bbox 923 1804 1195 1871; x_wconf 80' lang='grc' dir='ltr'>πράξεως.</span> <span class='ocrx_word' id='word_1_112' title='bbox 1468 1797 1483 1810; x_wconf 84' lang='grc'><em>’</em></span> 
     </span>
    </p>
   </div>
   <div class='ocr_carea' id='block_1_19' title="bbox 1989 630 3549 700">
    <p class='ocr_par' dir='ltr' id='par_1_19' title="bbox 1989 630 3549 700">
     <span class='ocr_line' id='line_1_19' title="bbox 1989 630 3549 700; baseline 0.001 -21"><span class='ocrx_word' id='word_1_113' title='bbox 1989 643 2098 695; x_wconf 89' lang='lat' dir='ltr'><strong>que</strong></span> <span class='ocrx_word' id='word_1_114' title='bbox 2167 630 2469 682; x_wconf 86' lang='lat' dir='ltr'><strong>secundum</strong></span> <span class='ocrx_word' id='word_1_115' title='bbox 2528 631 2780 683; x_wconf 87' lang='lat' dir='ltr'><strong>meritum</strong></span> <span class='ocrx_word' id='word_1_116' title='bbox 2821 632 3036 694; x_wconf 95' lang='lat' dir='ltr'><strong>tribuit,</strong></span> <span class='ocrx_word' id='word_1_117' title='bbox 3086 632 3378 700; x_wconf 72' lang='lat' dir='ltr'><strong>justitiam,</strong></span> <span class='ocrx_word' id='word_1_118' title='bbox 3427 641 3478 684; x_wconf 87' lang='lat' dir='ltr'><strong>et</strong></span> <span class='ocrx_word' id='word_1_119' title='bbox 3522 647 3549 681; x_wconf 74' lang='grc' dir='ltr'><strong>τι</strong></span> 
     </span>
    </p>
   </div>
   <div class='ocr_carea' id='block_1_20' title="bbox 1994 716 3571 789">
    <p class='ocr_par' dir='ltr' id='par_1_20' title="bbox 1994 716 3571 789">
     <span class='ocr_line' id='line_1_20' title="bbox 1994 716 3571 789; baseline 0.002 -20"><span class='ocrx_word' id='word_1_120' title='bbox 1994 718 2136 771; x_wconf 88' lang='lat' dir='ltr'><strong>bono</strong></span> <span class='ocrx_word' id='word_1_121' title='bbox 2162 733 2269 772; x_wconf 87' lang='lat' dir='ltr'><strong>non</strong></span> <span class='ocrx_word' id='word_1_122' title='bbox 2292 716 2551 772; x_wconf 84' lang='lat' dir='ltr'><strong>deﬁciens</strong></span> <span class='ocrx_word' id='word_1_123' title='bbox 2581 719 2878 788; x_wconf 87' lang='lat' dir='ltr'><strong>judicium,</strong></span> <span class='ocrx_word' id='word_1_124' title='bbox 2921 729 2975 773; x_wconf 90' lang='lat' dir='ltr'><strong>et</strong></span> <span class='ocrx_word' id='word_1_125' title='bbox 3003 719 3095 774; x_wconf 82' lang='lat' dir='ltr'><strong>Dei</strong></span> <span class='ocrx_word' id='word_1_126' title='bbox 3120 721 3405 783; x_wconf 82' lang='lat' dir='ltr'><strong>uiandata,</strong></span> <span class='ocrx_word' id='word_1_127' title='bbox 3453 736 3571 789; x_wconf 81' lang='lat' dir='ltr'><strong>qua:</strong></span> 
     </span>
    </p>
   </div>
   <div class='ocr_carea' id='block_1_21' title="bbox 1995 807 3046 878">
    <p class='ocr_par' dir='ltr' id='par_1_21' title="bbox 1995 807 3046 878">
     <span class='ocr_line' id='line_1_21' title="bbox 1995 807 3046 878; baseline 0.006 -20"><span class='ocrx_word' id='word_1_128' title='bbox 1995 807 2062 860; x_wconf 86' lang='lat' dir='ltr'><strong>ad</strong></span> <span class='ocrx_word' id='word_1_129' title='bbox 2090 821 2252 862; x_wconf 74' lang='lat' dir='ltr'><strong>eritne</strong></span> <span class='ocrx_word' id='word_1_130' title='bbox 2279 809 2482 862; x_wconf 88' lang='lat' dir='ltr'><strong>bonum</strong></span> <span class='ocrx_word' id='word_1_131' title='bbox 2515 809 2744 874; x_wconf 83' lang='lat' dir='ltr'><strong>ducunt,</strong></span> <span class='ocrx_word' id='word_1_132' title='bbox 2769 810 3046 878; x_wconf 87' lang='lat' dir='ltr'><strong>implebis.</strong></span> 
     </span>
    </p>
   </div>
   <div class='ocr_carea' id='block_1_22' title="bbox 2083 983 3576 1053">
    <p class='ocr_par' dir='ltr' id='par_1_22' title="bbox 2083 983 3576 1053">
     <span class='ocr_line' id='line_1_22' title="bbox 2083 983 3576 1053; baseline 0.004 -19"><span class='ocrx_word' id='word_1_133' title='bbox 2083 983 2366 1038; x_wconf 67' lang='lat' dir='ltr'><strong>VERSJO.</strong></span> <span class='ocrx_word' id='word_1_134' title='bbox 2423 984 2486 1039; x_wconf 90' lang='lat' dir='ltr'><strong>Si</strong></span> <span class='ocrx_word' id='word_1_135' title='bbox 2510 986 2791 1039; x_wconf 84' lang='lat' dir='ltr'><strong>intraverit</strong></span> <span class='ocrx_word' id='word_1_136' title='bbox 2838 987 3100 1053; x_wconf 74' lang='lat' dir='ltr'><strong>sapientia</strong></span> <span class='ocrx_word' id='word_1_137' title='bbox 3161 1003 3250 1038; x_wconf 90' lang='lat' dir='ltr'><strong>cor</strong></span> <span class='ocrx_word' id='word_1_138' title='bbox 3308 997 3474 1038; x_wconf 87' lang='lat' dir='ltr'><strong>tuum.</strong></span> <span class='ocrx_word' id='word_1_139' title='bbox 3517 986 3576 1040; x_wconf 86' lang='lat' dir='ltr'><strong>Si</strong></span> 
     </span>
    </p>
   </div>
   <div class='ocr_carea' id='block_1_23' title="bbox 2001 1074 3577 1145">
    <p class='ocr_par' dir='ltr' id='par_1_23' title="bbox 2001 1074 3577 1145">
     <span class='ocr_line' id='line_1_23' title="bbox 2001 1074 3577 1145; baseline 0 -19"><span class='ocrx_word' id='word_1_140' title='bbox 2001 1074 2149 1126; x_wconf 88' lang='lat' dir='ltr'><strong>enim</strong></span> <span class='ocrx_word' id='word_1_141' title='bbox 2186 1074 2570 1139; x_wconf 90' lang='lat' dir='ltr'><strong>meditatione,</strong></span> <span class='ocrx_word' id='word_1_142' title='bbox 2607 1076 2894 1130; x_wconf 87' lang='lat' dir='ltr'><strong>intraverit</strong></span> <span class='ocrx_word' id='word_1_143' title='bbox 2941 1075 2995 1128; x_wconf 93' lang='lat' dir='ltr'><strong>in</strong></span> <span class='ocrx_word' id='word_1_144' title='bbox 3045 1076 3406 1145; x_wconf 79' lang='lat' dir='ltr'><strong>intelligentia</strong></span> <span class='ocrx_word' id='word_1_145' title='bbox 3461 1085 3577 1141; x_wconf 78' lang='lat' dir='ltr'><strong>tua,</strong></span> 
     </span>
    </p>
   </div>
   <div class='ocr_carea' id='block_1_24' title="bbox 2003 1163 2552 1219">
    <p class='ocr_par' dir='ltr' id='par_1_24' title="bbox 2003 1163 2552 1219">
     <span class='ocr_line' id='line_1_24' title="bbox 2003 1163 2552 1219; baseline 0.007 -4"><span class='ocrx_word' id='word_1_146' title='bbox 2003 1177 2132 1218; x_wconf 87' lang='lat' dir='ltr'><strong>vera</strong></span> <span class='ocrx_word' id='word_1_147' title='bbox 2170 1163 2264 1218; x_wconf 91' lang='lat' dir='ltr'><strong>Dei</strong></span> <span class='ocrx_word' id='word_1_148' title='bbox 2299 1167 2552 1219; x_wconf 85' lang='lat' dir='ltr'><strong>scientia.</strong></span> 
     </span>
    </p>
   </div>
   <div class='ocr_carea' id='block_1_25' title="bbox 2075 1255 3580 1327">
    <p class='ocr_par' dir='ltr' id='par_1_25' title="bbox 2075 1255 3580 1327">
     <span class='ocr_line' id='line_1_25' title="bbox 2075 1255 3580 1327; baseline 0.001 -16"><span class='ocrx_word' id='word_1_149' title='bbox 2075 1255 2313 1311; x_wconf 85' lang='lat' dir='ltr'><strong>Scientia</strong></span> <span class='ocrx_word' id='word_1_150' title='bbox 2367 1259 2517 1311; x_wconf 87' lang='lat' dir='ltr'><strong>cordi</strong></span> <span class='ocrx_word' id='word_1_151' title='bbox 2565 1268 2654 1313; x_wconf 87' lang='lat' dir='ltr'><strong>tuo</strong></span> <span class='ocrx_word' id='word_1_152' title='bbox 2677 1260 2900 1327; x_wconf 84' lang='lat' dir='ltr'><strong>pulchra</strong></span> <span class='ocrx_word' id='word_1_153' title='bbox 2947 1261 3357 1315; x_wconf 82' lang='lat' dir='ltr'><strong>essevidebitur.</strong></span> <span class='ocrx_word' id='word_1_154' title='bbox 3395 1260 3580 1314; x_wconf 80' lang='lat' dir='ltr'><strong>Multi-</strong></span> 
     </span>
    </p>
   </div>
   <div class='ocr_carea' id='block_1_26' title="bbox 2005 1349 3578 1420">
    <p class='ocr_par' dir='ltr' id='par_1_26' title="bbox 2005 1349 3578 1420">
     <span class='ocr_line' id='line_1_26' title="bbox 2005 1349 3578 1420; baseline -0.001 -19"><span class='ocrx_word' id='word_1_155' title='bbox 2005 1350 2126 1418; x_wconf 80' lang='lat' dir='ltr'><strong>plex</strong></span> <span class='ocrx_word' id='word_1_156' title='bbox 2158 1350 2286 1402; x_wconf 89' lang='lat' dir='ltr'><strong>mali</strong></span> <span class='ocrx_word' id='word_1_157' title='bbox 2313 1349 2594 1415; x_wconf 82' lang='lat' dir='ltr'><strong>discretio,</strong></span> <span class='ocrx_word' id='word_1_158' title='bbox 2629 1353 2804 1405; x_wconf 86' lang='lat' dir='ltr'><strong>virtus</strong></span> <span class='ocrx_word' id='word_1_159' title='bbox 2865 1353 3092 1420; x_wconf 83' lang='lat' dir='ltr'><strong>spiritus</strong></span> <span class='ocrx_word' id='word_1_160' title='bbox 3154 1353 3430 1405; x_wconf 79' lang='lat' dir='ltr'><strong>videbitur</strong></span> <span class='ocrx_word' id='word_1_161' title='bbox 3461 1353 3578 1412; x_wconf 85' lang='lat' dir='ltr'><strong>tibi,</strong></span> 
     </span>
    </p>
   </div>
   <div class='ocr_carea' id='block_1_27' title="bbox 2006 1438 3584 1507">
    <p class='ocr_par' dir='ltr' id='par_1_27' title="bbox 2006 1438 3584 1507">
     <span class='ocr_line' id='line_1_27' title="bbox 2006 1438 3584 1507; baseline -0.001 -17"><span class='ocrx_word' id='word_1_162' title='bbox 2006 1439 2098 1507; x_wconf 87' lang='lat' dir='ltr'><strong>qui</strong></span> <span class='ocrx_word' id='word_1_163' title='bbox 2133 1452 2230 1507; x_wconf 91' lang='lat' dir='ltr'><strong>per</strong></span> <span class='ocrx_word' id='word_1_164' title='bbox 2263 1438 2668 1507; x_wconf 82' lang='lat' dir='ltr'><strong>imprudentem</strong></span> <span class='ocrx_word' id='word_1_165' title='bbox 2705 1442 3206 1495; x_wconf 83' lang='lat' dir='ltr'><strong>considerationem</strong></span> <span class='ocrx_word' id='word_1_166' title='bbox 3242 1481 3255 1505; x_wconf 94' lang='lat'><strong>,</strong></span> <span class='ocrx_word' id='word_1_167' title='bbox 3289 1441 3584 1493; x_wconf 62' lang='lat' dir='ltr'><strong>irrationa-</strong></span> 
     </span>
    </p>
   </div>
   <div class='ocr_carea' id='block_1_28' title="bbox 2008 1529 2629 1584">
    <p class='ocr_par' dir='ltr' id='par_1_28' title="bbox 2008 1529 2629 1584">
     <span class='ocr_line' id='line_1_28' title="bbox 2008 1529 2629 1584; baseline 0.005 -3"><span class='ocrx_word' id='word_1_168' title='bbox 2008 1529 2192 1582; x_wconf 86' lang='lat' dir='ltr'><strong>biliter</strong></span> <span class='ocrx_word' id='word_1_169' title='bbox 2227 1531 2362 1583; x_wconf 90' lang='lat' dir='ltr'><strong>nulli</strong></span> <span class='ocrx_word' id='word_1_170' title='bbox 2393 1531 2629 1584; x_wconf 85' lang='lat' dir='ltr'><strong>invides.</strong></span> 
     </span>
    </p>
   </div>
   <div class='ocr_carea' id='block_1_29' title="bbox 2079 1617 3586 1688">
    <p class='ocr_par' dir='ltr' id='par_1_29' title="bbox 2079 1617 3586 1688">
     <span class='ocr_line' id='line_1_29' title="bbox 2079 1617 3586 1688; baseline 0.001 -17"><span class='ocrx_word' id='word_1_171' title='bbox 2079 1617 2248 1674; x_wconf 66' lang='lat' dir='ltr'><strong>Vtilis.</strong></span> <span class='ocrx_word' id='word_1_172' title='bbox 2278 1620 2366 1673; x_wconf 82' lang='grc' dir='ltr'>Η.</span> <span class='ocrx_word' id='word_1_173' title='bbox 2411 1618 2708 1674; x_wconf 70' lang='lat' dir='ltr'><strong>Consilium</strong></span> <span class='ocrx_word' id='word_1_174' title='bbox 2739 1620 2929 1674; x_wconf 87' lang='lat' dir='ltr'><strong>bonum</strong></span> <span class='ocrx_word' id='word_1_175' title='bbox 2963 1622 3220 1674; x_wconf 75' lang='lat' dir='ltr'><strong>custodiet</strong></span> <span class='ocrx_word' id='word_1_176' title='bbox 3251 1630 3319 1672; x_wconf 90' lang='lat' dir='ltr'><strong>te.</strong></span> <span class='ocrx_word' id='word_1_177' title='bbox 3349 1620 3467 1688; x_wconf 82' lang='lat' dir='ltr'><strong>Ipsa</strong></span> <span class='ocrx_word' id='word_1_178' title='bbox 3504 1635 3586 1673; x_wconf 85' lang='lat' dir='ltr'><strong>rc-</strong></span> 
     </span>
    </p>
   </div>
   <div class='ocr_carea' id='block_1_30' title="bbox 2013 1711 3585 1782">
    <p class='ocr_par' dir='ltr' id='par_1_30' title="bbox 2013 1711 3585 1782">
     <span class='ocr_line' id='line_1_30' title="bbox 2013 1711 3585 1782; baseline -0.001 -18"><span class='ocrx_word' id='word_1_179' title='bbox 2013 1726 2131 1764; x_wconf 87' lang='lat' dir='ltr'><strong>rum</strong></span> <span class='ocrx_word' id='word_1_180' title='bbox 2159 1711 2366 1779; x_wconf 89' lang='lat' dir='ltr'><strong>optima</strong></span> <span class='ocrx_word' id='word_1_181' title='bbox 2398 1711 2616 1778; x_wconf 86' lang='lat' dir='ltr'><strong>notitia,</strong></span> <span class='ocrx_word' id='word_1_182' title='bbox 2658 1712 2727 1766; x_wconf 87' lang='lat' dir='ltr'><strong>ab</strong></span> <span class='ocrx_word' id='word_1_183' title='bbox 2759 1713 2909 1766; x_wconf 88' lang='lat' dir='ltr'><strong>oumi</strong></span> <span class='ocrx_word' id='word_1_184' title='bbox 2949 1722 3073 1766; x_wconf 88' lang='lat' dir='ltr'><strong>actu</strong></span> <span class='ocrx_word' id='word_1_185' title='bbox 3120 1725 3378 1782; x_wconf 90' lang='lat' dir='ltr'><strong>perverso</strong></span> <span class='ocrx_word' id='word_1_186' title='bbox 3401 1719 3585 1764; x_wconf 87' lang='lat' dir='ltr'><strong>custo-</strong></span> 
     </span>
    </p>
   </div>
   <div class='ocr_carea' id='block_1_31' title="bbox 2013 1802 2219 1855">
    <p class='ocr_par' dir='ltr' id='par_1_31' title="bbox 2013 1802 2219 1855">
     <span class='ocr_line' id='line_1_31' title="bbox 2013 1802 2219 1855; baseline 0.005 -1"><span class='ocrx_word' id='word_1_187' title='bbox 2013 1802 2122 1855; x_wconf 90' lang='lat' dir='ltr'><strong>diet</strong></span> <span class='ocrx_word' id='word_1_188' title='bbox 2146 1810 2219 1855; x_wconf 90' lang='lat' dir='ltr'><strong>te.</strong></span> 
     </span>
    </p>
   </div>
   <div class='ocr_carea' id='block_1_32' title="bbox 389 1867 1928 1963">
    <p class='ocr_par' dir='ltr' id='par_1_32' title="bbox 389 1867 1900 1963">
     <span class='ocr_line' id='line_1_32' title="bbox 389 1867 1900 1963; baseline -0.001 -17"><span class='ocrx_word' id='word_1_189' title='bbox 389 1867 640 1946; x_wconf 81' lang='grc' dir='ltr'>Ἔννοια</span> <span class='ocrx_word' id='word_1_190' title='bbox 666 1893 733 1945; x_wconf 81' lang='grc' dir='ltr'>δὲ</span> <span class='ocrx_word' id='word_1_191' title='bbox 763 1894 904 1947; x_wconf 78' lang='lat' dir='ltr'><strong>data</strong></span> <span class='ocrx_word' id='word_1_192' title='bbox 934 1867 1184 1960; x_wconf 61' lang='grc' dir='ltr'>τηρήσει</span> <span class='ocrx_word' id='word_1_193' title='bbox 1215 1908 1311 1946; x_wconf 82' lang='grc' dir='ltr'>σε.</span> <span class='ocrx_word' id='word_1_194' title='bbox 1348 1893 1414 1945; x_wconf 82' lang='grc' dir='ltr'><strong>Ἦ</strong></span> <span class='ocrx_word' id='word_1_195' title='bbox 1441 1893 1496 1944; x_wconf 85' lang='grc' dir='ltr'>δὲ</span> <span class='ocrx_word' id='word_1_196' title='bbox 1524 1891 1706 1963; x_wconf 75' lang='grc' dir='ltr'>πάσης</span> <span class='ocrx_word' id='word_1_197' title='bbox 1735 1894 1900 1963; x_wconf 76' lang='grc' dir='ltr'>ἄλλης</span> 
     </span>
    </p>
   </div>
   <div class='ocr_carea' id='block_1_33' title="bbox 2041 1867 3587 1963">
    <p class='ocr_par' dir='ltr' id='par_1_33' title="bbox 2081 1891 3587 1958">
     <span class='ocr_line' id='line_1_33' title="bbox 2081 1891 3587 1958; baseline 0.002 -12"><span class='ocrx_word' id='word_1_198' title='bbox 2081 1891 2282 1946; x_wconf 86' lang='lat' dir='ltr'><strong>Sancta</strong></span> <span class='ocrx_word' id='word_1_199' title='bbox 2340 1892 2562 1946; x_wconf 85' lang='lat' dir='ltr'><strong>scientia</strong></span> <span class='ocrx_word' id='word_1_200' title='bbox 2617 1892 2840 1946; x_wconf 81' lang='lat' dir='ltr'><strong>servabit</strong></span> <span class='ocrx_word' id='word_1_201' title='bbox 2891 1903 2957 1946; x_wconf 88' lang='lat' dir='ltr'><strong>te.</strong></span> <span class='ocrx_word' id='word_1_202' title='bbox 3016 1892 3155 1947; x_wconf 87' lang='lat' dir='ltr'><strong>Vera</strong></span> <span class='ocrx_word' id='word_1_203' title='bbox 3209 1895 3304 1949; x_wconf 88' lang='lat' dir='ltr'><strong>Dei</strong></span> <span class='ocrx_word' id='word_1_204' title='bbox 3331 1896 3587 1958; x_wconf 83' lang='lat' dir='ltr'><strong>scientia,</strong></span> 
     </span>
    </p>
   </div>
   <div class='ocr_carea' id='block_1_34' title="bbox 314 1983 1903 2054">
    <p class='ocr_par' dir='ltr' id='par_1_34' title="bbox 314 1983 1903 2054">
     <span class='ocr_line' id='line_1_34' title="bbox 314 1983 1903 2054; baseline 0.001 -18"><span class='ocrx_word' id='word_1_205' title='bbox 314 1983 526 2047; x_wconf 79' lang='grc' dir='ltr'>ἑννοίας</span> <span class='ocrx_word' id='word_1_206' title='bbox 559 1985 927 2054; x_wconf 77' lang='grc' dir='ltr'>ὑπερκειμένη</span> <span class='ocrx_word' id='word_1_207' title='bbox 963 1984 1166 2054; x_wconf 83' lang='grc' dir='ltr'>ἀληθὴς</span> <span class='ocrx_word' id='word_1_208' title='bbox 1212 1985 1342 2054; x_wconf 76' lang='grc' dir='ltr'>περὶ</span> <span class='ocrx_word' id='word_1_209' title='bbox 1381 1983 1516 2037; x_wconf 86' lang='grc' dir='ltr'>Θεοῦ</span> <span class='ocrx_word' id='word_1_210' title='bbox 1558 1984 1757 2049; x_wconf 76' lang='grc' dir='ltr'>ἔννοια,</span> <span class='ocrx_word' id='word_1_211' title='bbox 1791 1986 1903 2038; x_wconf 80' lang='grc' dir='ltr'>δια-</span> 
     </span>
    </p>
   </div>
   <div class='ocr_carea' id='block_1_35' title="bbox 314 2076 1901 2148">
    <p class='ocr_par' dir='ltr' id='par_1_35' title="bbox 314 2076 1901 2148">
     <span class='ocr_line' id='line_1_35' title="bbox 314 2076 1901 2148; baseline 0.001 -18"><span class='ocrx_word' id='word_1_212' title='bbox 314 2078 548 2148; x_wconf 82' lang='grc' dir='ltr'><strong>τηρήσει</strong></span> <span class='ocrx_word' id='word_1_213' title='bbox 578 2093 636 2129; x_wconf 89' lang='grc' dir='ltr'><strong>σε</strong></span> <span class='ocrx_word' id='word_1_214' title='bbox 661 2076 769 2131; x_wconf 82' lang='grc' dir='ltr'><strong>ἀπὸ</strong></span> <span class='ocrx_word' id='word_1_215' title='bbox 790 2078 972 2148; x_wconf 75' lang='grc' dir='ltr'>πάσης</span> <span class='ocrx_word' id='word_1_216' title='bbox 995 2078 1204 2141; x_wconf 77' lang='grc' dir='ltr'>ἑννοίας</span> <span class='ocrx_word' id='word_1_217' title='bbox 1232 2077 1519 2147; x_wconf 81' lang='grc' dir='ltr'>ἀπατηλῆς</span> <span class='ocrx_word' id='word_1_218' title='bbox 1542 2078 1636 2132; x_wconf 79' lang='grc' dir='ltr'>καὶ</span> <span class='ocrx_word' id='word_1_219' title='bbox 1661 2077 1901 2132; x_wconf 82' lang='grc' dir='ltr'>διασπώ-</span> 
     </span>
    </p>
   </div>
   <div class='ocr_carea' id='block_1_36' title="bbox 318 2159 1024 2240">
    <p class='ocr_par' dir='ltr' id='par_1_36' title="bbox 318 2159 1024 2240">
     <span class='ocr_line' id='line_1_36' title="bbox 318 2159 1024 2240; baseline 0.003 -20"><span class='ocrx_word' id='word_1_220' title='bbox 318 2187 418 2240; x_wconf 67' lang='grc' dir='ltr'><strong>σης</strong></span> <span class='ocrx_word' id='word_1_221' title='bbox 455 2170 563 2220; x_wconf 79' lang='grc' dir='ltr'>ἀπὸ</span> <span class='ocrx_word' id='word_1_222' title='bbox 591 2169 750 2222; x_wconf 72' lang='grc' dir='ltr'>θεοῦ.</span> <span class='ocrx_word' id='word_1_223' title='bbox 1020 2159 1024 2164; x_wconf 45' lang='grc'>’</span> 
     </span>
    </p>
   </div>
   <div class='ocr_carea' id='block_1_37' title="bbox 392 2261 1905 2331">
    <p class='ocr_par' dir='ltr' id='par_1_37' title="bbox 392 2261 1905 2331">
     <span class='ocr_line' id='line_1_37' title="bbox 392 2261 1905 2331; baseline 0.002 -19"><span class='ocrx_word' id='word_1_224' title='bbox 392 2262 482 2329; x_wconf 77' lang='grc' dir='ltr'>ιβ’.</span> <span class='ocrx_word' id='word_1_225' title='bbox 522 2263 645 2316; x_wconf 86' lang='grc' dir='ltr'><strong>Ἵνα</strong></span> <span class='ocrx_word' id='word_1_226' title='bbox 668 2263 935 2330; x_wconf 78' lang='grc' dir='ltr'>ρὐηταί</span> <span class='ocrx_word' id='word_1_227' title='bbox 956 2279 1030 2316; x_wconf 87' lang='grc' dir='ltr'>σε</span> <span class='ocrx_word' id='word_1_228' title='bbox 1057 2262 1176 2315; x_wconf 84' lang='grc' dir='ltr'><strong>ἀπὸ</strong></span> <span class='ocrx_word' id='word_1_229' title='bbox 1207 2261 1352 2316; x_wconf 78' lang='grc' dir='ltr'>ὀδοῦ</span> <span class='ocrx_word' id='word_1_230' title='bbox 1377 2261 1588 2331; x_wconf 83' lang='grc' dir='ltr'>κακῆς.</span> <span class='ocrx_word' id='word_1_231' title='bbox 1614 2263 1800 2326; x_wconf 87' lang='grc' dir='ltr'><strong>Ὅπως</strong></span> <span class='ocrx_word' id='word_1_232' title='bbox 1818 2261 1905 2325; x_wconf 77' lang='grc' dir='ltr'><strong>ἐξ·</strong></span> 
     </span>
    </p>
   </div>
   <div class='ocr_carea' id='block_1_38' title="bbox 315 2354 1909 2426">
    <p class='ocr_par' dir='ltr' id='par_1_38' title="bbox 315 2354 1909 2426">
     <span class='ocr_line' id='line_1_38' title="bbox 315 2354 1909 2426; baseline 0 -18"><span class='ocrx_word' id='word_1_233' title='bbox 315 2354 521 2408; x_wconf 83' lang='grc' dir='ltr'>ελεῑταί</span> <span class='ocrx_word' id='word_1_234' title='bbox 560 2372 618 2407; x_wconf 89' lang='grc' dir='ltr'><strong>σε</strong></span> <span class='ocrx_word' id='word_1_235' title='bbox 649 2357 681 2425; x_wconf 74' lang='grc' dir='ltr'>ἡ</span> <span class='ocrx_word' id='word_1_236' title='bbox 712 2356 811 2425; x_wconf 80' lang='grc' dir='ltr'>μὲν</span> <span class='ocrx_word' id='word_1_237' title='bbox 840 2357 1038 2426; x_wconf 84' lang='grc' dir='ltr'>ἀρίστη</span> <span class='ocrx_word' id='word_1_238' title='bbox 1067 2355 1175 2408; x_wconf 82' lang='grc' dir='ltr'>τῶν</span> <span class='ocrx_word' id='word_1_239' title='bbox 1211 2356 1551 2425; x_wconf 80' lang='grc' dir='ltr'><strong>πραγμάτων</strong></span> <span class='ocrx_word' id='word_1_240' title='bbox 1586 2355 1909 2426; x_wconf 79' lang='grc' dir='ltr'>περίσκεψις</span> 
     </span>
    </p>
   </div>
   <div class='ocr_carea' id='block_1_39' title="bbox 317 2448 1119 2519">
    <p class='ocr_par' dir='ltr' id='par_1_39' title="bbox 317 2448 1119 2519">
     <span class='ocr_line' id='line_1_39' title="bbox 317 2448 1119 2519; baseline 0.001 -18"><span class='ocrx_word' id='word_1_241' title='bbox 317 2448 428 2501; x_wconf 74' lang='grc' dir='ltr'><strong>ἀπὸ</strong></span> <span class='ocrx_word' id='word_1_242' title='bbox 467 2448 566 2517; x_wconf 79' lang='grc' dir='ltr'>τῆς</span> <span class='ocrx_word' id='word_1_243' title='bbox 597 2448 878 2518; x_wconf 78' lang='grc' dir='ltr'>ὲμπαοοῦς</span> <span class='ocrx_word' id='word_1_244' title='bbox 913 2448 1119 2519; x_wconf 76' lang='grc' dir='ltr'>βιοτῆς.</span> 
     </span>
    </p>
   </div>
   <div class='ocr_carea' id='block_1_40' title="bbox 390 2541 1912 2612">
    <p class='ocr_par' dir='ltr' id='par_1_40' title="bbox 390 2541 1912 2612">
     <span class='ocr_line' id='line_1_40' title="bbox 390 2541 1912 2612; baseline 0 -17"><span class='ocrx_word' id='word_1_245' title='bbox 390 2543 498 2595; x_wconf 76' lang='grc' dir='ltr'><strong>Καὶ</strong></span> <span class='ocrx_word' id='word_1_246' title='bbox 539 2541 660 2595; x_wconf 79' lang='grc' dir='ltr'><strong>ἀπὸ</strong></span> <span class='ocrx_word' id='word_1_247' title='bbox 689 2541 908 2609; x_wconf 79' lang='grc' dir='ltr'>ἀνδρὸς</span> <span class='ocrx_word' id='word_1_248' title='bbox 940 2543 1278 2609; x_wconf 71' lang='grc' dir='ltr'>λαλοῦντος</span> <span class='ocrx_word' id='word_1_249' title='bbox 1320 2542 1516 2612; x_wconf 85' lang='grc' dir='ltr'>μηδὲν</span> <span class='ocrx_word' id='word_1_250' title='bbox 1545 2543 1784 2596; x_wconf 75' lang='grc' dir='ltr'>πιστόν.</span> <span class='ocrx_word' id='word_1_251' title='bbox 1846 2542 1912 2595; x_wconf 83' lang='grc' dir='ltr'><strong>Ἦ</strong></span> 
     </span>
    </p>
   </div>
   <div class='ocr_carea' id='block_1_41' title="bbox 320 2632 1912 2702">
    <p class='ocr_par' dir='ltr' id='par_1_41' title="bbox 320 2632 1912 2702">
     <span class='ocr_line' id='line_1_41' title="bbox 320 2632 1912 2702; baseline 0 -18"><span class='ocrx_word' id='word_1_252' title='bbox 320 2633 375 2685; x_wconf 75' lang='grc' dir='ltr'>δὲ</span> <span class='ocrx_word' id='word_1_253' title='bbox 406 2632 612 2702; x_wconf 81' lang='grc' dir='ltr'>ἀληθὴς</span> <span class='ocrx_word' id='word_1_254' title='bbox 665 2636 793 2702; x_wconf 69' lang='grc' dir='ltr'>περὶ</span> <span class='ocrx_word' id='word_1_255' title='bbox 830 2633 964 2685; x_wconf 86' lang='grc' dir='ltr'>Θεοῦ</span> <span class='ocrx_word' id='word_1_256' title='bbox 1001 2633 1200 2696; x_wconf 75' lang='grc' dir='ltr'>ἔννοια,</span> <span class='ocrx_word' id='word_1_257' title='bbox 1257 2635 1365 2687; x_wconf 80' lang='grc' dir='ltr'><strong>ἀπὸ</strong></span> <span class='ocrx_word' id='word_1_258' title='bbox 1393 2633 1485 2686; x_wconf 88' lang='grc' dir='ltr'>τοῦ</span> <span class='ocrx_word' id='word_1_259' title='bbox 1531 2633 1912 2695; x_wconf 82' lang='grc' dir='ltr'>διαδάλ&gt;.οντος</span> 
     </span>
    </p>
   </div>
   <div class='ocr_carea' id='block_1_42' title="bbox 319 2721 1913 2793">
    <p class='ocr_par' dir='ltr' id='par_1_42' title="bbox 319 2721 1913 2793">
     <span class='ocr_line' id='line_1_42' title="bbox 319 2721 1913 2793; baseline 0 -19"><span class='ocrx_word' id='word_1_260' title='bbox 319 2724 418 2792; x_wconf 79' lang='grc' dir='ltr'>τὴν</span> <span class='ocrx_word' id='word_1_261' title='bbox 458 2722 738 2791; x_wconf 76' lang='grc' dir='ltr'>ἀλήθειαν,</span> <span class='ocrx_word' id='word_1_262' title='bbox 788 2725 881 2775; x_wconf 78' lang='grc' dir='ltr'><strong>καὶ</strong></span> <span class='ocrx_word' id='word_1_263' title='bbox 907 2723 1148 2793; x_wconf 79' lang='grc' dir='ltr'>διασπᾷν</span> <span class='ocrx_word' id='word_1_264' title='bbox 1178 2723 1585 2793; x_wconf 74' lang='grc' dir='ltr'>ἐπιχειροῦντος</span> <span class='ocrx_word' id='word_1_265' title='bbox 1613 2722 1710 2792; x_wconf 85' lang='grc' dir='ltr'>τὴν</span> <span class='ocrx_word' id='word_1_266' title='bbox 1734 2721 1913 2792; x_wconf 66' lang='grc' dir='ltr'>ψυχήν</span> 
     </span>
    </p>
   </div>
   <div class='ocr_carea' id='block_1_43' title="bbox 324 2811 1914 2889">
    <p class='ocr_par' dir='ltr' id='par_1_43' title="bbox 324 2811 1914 2889">
     <span class='ocr_line' id='line_1_43' title="bbox 324 2811 1914 2889; baseline -0.002 -22"><span class='ocrx_word' id='word_1_267' title='bbox 324 2831 422 2867; x_wconf 91' lang='grc' dir='ltr'><strong>σου</strong></span> <span class='ocrx_word' id='word_1_268' title='bbox 456 2815 564 2866; x_wconf 76' lang='grc' dir='ltr'><strong>ἀπὸ</strong></span> <span class='ocrx_word' id='word_1_269' title='bbox 591 2813 686 2866; x_wconf 86' lang='grc' dir='ltr'>τοῦ</span> <span class='ocrx_word' id='word_1_270' title='bbox 735 2815 969 2882; x_wconf 76' lang='grc' dir='ltr'>νυμφίου</span> <span class='ocrx_word' id='word_1_271' title='bbox 1008 2814 1178 2883; x_wconf 80' lang='grc' dir='ltr'>αὐτῆς</span> <span class='ocrx_word' id='word_1_272' title='bbox 1224 2813 1358 2866; x_wconf 87' lang='grc' dir='ltr'>Θεοῦ</span> <span class='ocrx_word' id='word_1_273' title='bbox 1389 2814 1586 2882; x_wconf 81' lang='grc' dir='ltr'>Λόγου,</span> <span class='ocrx_word' id='word_1_274' title='bbox 1622 2814 1713 2866; x_wconf 66' lang='grc' dir='ltr'><strong>καὶ</strong></span> <span class='ocrx_word' id='word_1_275' title='bbox 1737 2811 1914 2889; x_wconf 62' lang='grc' dir='ltr'>ἑαυτῷ</span> 
     </span>
    </p>
   </div>
   <div class='ocr_carea' id='block_1_44' title="bbox 322 2904 1914 2976">
    <p class='ocr_par' dir='ltr' id='par_1_44' title="bbox 322 2904 1914 2976">
     <span class='ocr_line' id='line_1_44' title="bbox 322 2904 1914 2976; baseline -0.001 -18"><span class='ocrx_word' id='word_1_276' title='bbox 322 2905 698 2976; x_wconf 73' lang='grc' dir='ltr'>προακολλᾲν,</span> <span class='ocrx_word' id='word_1_277' title='bbox 749 2904 993 2975; x_wconf 83' lang='grc' dir='ltr'>φθορέως</span> <span class='ocrx_word' id='word_1_278' title='bbox 1026 2905 1135 2957; x_wconf 85' lang='grc' dir='ltr'>τῶν</span> <span class='ocrx_word' id='word_1_279' title='bbox 1173 2906 1460 2974; x_wconf 73' lang='grc' dir='ltr'>ἡμετέρων</span> <span class='ocrx_word' id='word_1_280' title='bbox 1503 2904 1690 2973; x_wconf 72' lang='grc' dir='ltr'>ψυχῶν</span> <span class='ocrx_word' id='word_1_281' title='bbox 1723 2904 1914 2974; x_wconf 79' lang='grc' dir='ltr'>δαίμο-</span> 
     </span>
    </p>
   </div>
   <div class='ocr_carea' id='block_1_45' title="bbox 324 3016 442 3062">
    <p class='ocr_par' dir='ltr' id='par_1_45' title="bbox 324 3016 442 3062">
     <span class='ocr_line' id='line_1_45' title="bbox 324 3016 442 3062; baseline 0.008 -11"><span class='ocrx_word' id='word_1_282' title='bbox 324 3016 442 3062; x_wconf 89' lang='grc' dir='ltr'>νος.</span> 
     </span>
    </p>
   </div>
   <div class='ocr_carea' id='block_1_46' title="bbox 401 3089 1918 3158">
    <p class='ocr_par' dir='ltr' id='par_1_46' title="bbox 401 3089 1918 3158">
     <span class='ocr_line' id='line_1_46' title="bbox 401 3089 1918 3158; baseline 0 -14"><span class='ocrx_word' id='word_1_283' title='bbox 401 3097 492 3158; x_wconf 85' lang='grc' dir='ltr'>ιγ’.</span> <span class='ocrx_word' id='word_1_284' title='bbox 528 3092 598 3144; x_wconf 84' lang='grc' dir='ltr'><strong>Ὢ</strong></span> <span class='ocrx_word' id='word_1_285' title='bbox 648 3094 701 3145; x_wconf 86' lang='grc' dir='ltr'>οἱ</span> <span class='ocrx_word' id='word_1_286' title='bbox 752 3090 1287 3158; x_wconf 72' lang='grc' dir='ltr'><strong>ἐγκαταλείποντες</strong></span> <span class='ocrx_word' id='word_1_287' title='bbox 1321 3089 1499 3158; x_wconf 85' lang='grc' dir='ltr'>ὀδοὺς</span> <span class='ocrx_word' id='word_1_288' title='bbox 1539 3091 1786 3154; x_wconf 83' lang='grc' dir='ltr'>εὐθείας,</span> <span class='ocrx_word' id='word_1_289' title='bbox 1811 3089 1918 3144; x_wconf 88' lang='grc' dir='ltr'>τοῦ</span> 
     </span>
    </p>
   </div>
   <div class='ocr_carea' id='block_1_47' title="bbox 325 3180 1919 3251">
    <p class='ocr_par' dir='ltr' id='par_1_47' title="bbox 325 3180 1919 3251">
     <span class='ocr_line' id='line_1_47' title="bbox 325 3180 1919 3251; baseline -0.001 -15"><span class='ocrx_word' id='word_1_290' title='bbox 325 3183 694 3251; x_wconf 77' lang='grc' dir='ltr'>πορευθῆναι</span> <span class='ocrx_word' id='word_1_291' title='bbox 725 3183 794 3235; x_wconf 86' lang='grc' dir='ltr'>ἐν</span> <span class='ocrx_word' id='word_1_292' title='bbox 821 3181 981 3247; x_wconf 80' lang='grc' dir='ltr'><strong>ὁδοῖς</strong></span> <span class='ocrx_word' id='word_1_293' title='bbox 1015 3181 1313 3248; x_wconf 69' lang='grc' dir='ltr'>σκότους]</span> <span class='ocrx_word' id='word_1_294' title='bbox 1341 3182 1563 3249; x_wconf 69' lang='grc' dir='ltr'>Λοιπὺν,</span> <span class='ocrx_word' id='word_1_295' title='bbox 1583 3180 1713 3250; x_wconf 80' lang='grc' dir='ltr'>φεῦί</span> <span class='ocrx_word' id='word_1_296' title='bbox 1743 3183 1793 3234; x_wconf 83' lang='grc' dir='ltr'><strong>οἱ</strong></span> <span class='ocrx_word' id='word_1_297' title='bbox 1822 3199 1919 3234; x_wconf 82' lang='grc' dir='ltr'><strong>κα-</strong></span> 
     </span>
    </p>
   </div>
   <div class='ocr_carea' id='block_1_48' title="bbox 326 3271 1922 3343">
    <p class='ocr_par' dir='ltr' id='par_1_48' title="bbox 326 3271 1922 3343">
     <span class='ocr_line' id='line_1_48' title="bbox 326 3271 1922 3343; baseline -0.003 -17"><span class='ocrx_word' id='word_1_298' title='bbox 326 3274 762 3343; x_wconf 76' lang='grc' dir='ltr'>ταλιμπάνοντες</span> <span class='ocrx_word' id='word_1_299' title='bbox 788 3273 887 3335; x_wconf 80' lang='grc' dir='ltr'>τὰς</span> <span class='ocrx_word' id='word_1_300' title='bbox 921 3272 1057 3342; x_wconf 80' lang='grc' dir='ltr'>πρὸς</span> <span class='ocrx_word' id='word_1_301' title='bbox 1090 3272 1291 3324; x_wconf 80' lang='grc' dir='ltr'><strong>κακίαν</strong></span> <span class='ocrx_word' id='word_1_302' title='bbox 1322 3273 1420 3342; x_wconf 83' lang='grc' dir='ltr'>μὲν</span> <span class='ocrx_word' id='word_1_303' title='bbox 1463 3271 1922 3342; x_wconf 85' lang='grc' dir='ltr'>ἀπαρεγκλίτους,</span> 
     </span>
    </p>
   </div>
   <div class='ocr_carea' id='block_1_49' title="bbox 330 3358 1926 3437">
    <p class='ocr_par' dir='ltr' id='par_1_49' title="bbox 330 3358 1926 3437">
     <span class='ocr_line' id='line_1_49' title="bbox 330 3358 1926 3437; baseline -0.004 -16"><span class='ocrx_word' id='word_1_304' title='bbox 330 3368 470 3437; x_wconf 74' lang='grc' dir='ltr'>πρὸς</span> <span class='ocrx_word' id='word_1_305' title='bbox 499 3366 633 3419; x_wconf 72' lang='grc' dir='ltr'>Θεὸν</span> <span class='ocrx_word' id='word_1_306' title='bbox 662 3367 716 3419; x_wconf 82' lang='grc' dir='ltr'>δὲ</span> <span class='ocrx_word' id='word_1_307' title='bbox 749 3366 872 3419; x_wconf 80' lang='grc' dir='ltr'>κατ’</span> <span class='ocrx_word' id='word_1_308' title='bbox 900 3367 1104 3437; x_wconf 80' lang='grc' dir='ltr'>ἀρετὴν</span> <span class='ocrx_word' id='word_1_309' title='bbox 1125 3358 1396 3436; x_wconf 80' lang='grc' dir='ltr'>φερούσας</span> <span class='ocrx_word' id='word_1_310' title='bbox 1427 3365 1598 3427; x_wconf 78' lang='grc' dir='ltr'>ὁδοὺς,</span> <span class='ocrx_word' id='word_1_311' title='bbox 1623 3365 1762 3416; x_wconf 72' lang='grc' dir='ltr'>ὥστε</span> <span class='ocrx_word' id='word_1_312' title='bbox 1785 3362 1926 3416; x_wconf 73' lang='grc' dir='ltr'>ὁδεῦ-</span> 
     </span>
    </p>
   </div>
   <div class='ocr_carea' id='block_1_50' title="bbox 331 3457 1927 3527">
    <p class='ocr_par' dir='ltr' id='par_1_50' title="bbox 331 3457 1927 3527">
     <span class='ocr_line' id='line_1_50' title="bbox 331 3457 1927 3527; baseline -0.003 -14"><span class='ocrx_word' id='word_1_313' title='bbox 331 3479 423 3513; x_wconf 86' lang='grc' dir='ltr'><strong>σαι</strong></span> <span class='ocrx_word' id='word_1_314' title='bbox 462 3461 521 3512; x_wconf 86' lang='grc' dir='ltr'><strong>ὲν</strong></span> <span class='ocrx_word' id='word_1_315' title='bbox 545 3461 668 3522; x_wconf 84' lang='grc' dir='ltr'>ταῖς</span> <span class='ocrx_word' id='word_1_316' title='bbox 692 3459 954 3525; x_wconf 83' lang='grc' dir='ltr'>ἁγούσαις</span> <span class='ocrx_word' id='word_1_317' title='bbox 986 3459 1066 3520; x_wconf 84' lang='grc' dir='ltr'><strong>είς</strong></span> <span class='ocrx_word' id='word_1_318' title='bbox 1115 3459 1396 3527; x_wconf 78' lang='grc' dir='ltr'>κρημνοὺς</span> <span class='ocrx_word' id='word_1_319' title='bbox 1430 3457 1645 3519; x_wconf 84' lang='grc' dir='ltr'>κακίας,</span> <span class='ocrx_word' id='word_1_320' title='bbox 1697 3458 1791 3510; x_wconf 76' lang='grc' dir='ltr'><strong>καὶ</strong></span> <span class='ocrx_word' id='word_1_321' title='bbox 1831 3457 1927 3525; x_wconf 74' lang='grc' dir='ltr'><strong>βά-</strong></span> 
     </span>
    </p>
   </div>
   <div class='ocr_carea' id='block_1_51' title="bbox 331 3545 1468 3618">
    <p class='ocr_par' dir='ltr' id='par_1_51' title="bbox 331 3545 1468 3618">
     <span class='ocr_line' id='line_1_51' title="bbox 331 3545 1468 3618; baseline 0 -18"><span class='ocrx_word' id='word_1_322' title='bbox 331 3548 514 3618; x_wconf 81' lang='grc' dir='ltr'>ραθρα</span> <span class='ocrx_word' id='word_1_323' title='bbox 544 3545 640 3600; x_wconf 85' lang='grc' dir='ltr'>τοῦ</span> <span class='ocrx_word' id='word_1_324' title='bbox 678 3548 902 3610; x_wconf 87' lang='grc' dir='ltr'>σκότους</span> <span class='ocrx_word' id='word_1_325' title='bbox 932 3549 1032 3616; x_wconf 84' lang='grc' dir='ltr'>τῆς</span> <span class='ocrx_word' id='word_1_326' title='bbox 1061 3547 1282 3615; x_wconf 80' lang='grc' dir='ltr'>ἀγνοίας</span> <span class='ocrx_word' id='word_1_327' title='bbox 1305 3545 1468 3609; x_wconf 84' lang='grc' dir='ltr'>ὁδοῖς.</span> 
     </span>
    </p>
   </div>
   <div class='ocr_carea' id='block_1_52' title="bbox 407 3638 1924 3708">
    <p class='ocr_par' dir='ltr' id='par_1_52' title="bbox 407 3638 1924 3708">
     <span class='ocr_line' id='line_1_52' title="bbox 407 3638 1924 3708; baseline 0.001 -17"><span class='ocrx_word' id='word_1_328' title='bbox 407 3640 486 3692; x_wconf 80' lang='grc' dir='ltr'>ιδ’.</span> <span class='ocrx_word' id='word_1_329' title='bbox 514 3640 575 3690; x_wconf 87' lang='grc' dir='ltr'>Ὤ</span> <span class='ocrx_word' id='word_1_330' title='bbox 597 3642 651 3692; x_wconf 80' lang='grc' dir='ltr'><strong>οἱ</strong></span> <span class='ocrx_word' id='word_1_331' title='bbox 683 3640 1140 3707; x_wconf 75' lang='grc' dir='ltr'><strong>εὐφραινόμενοι</strong></span> <span class='ocrx_word' id='word_1_332' title='bbox 1168 3638 1266 3690; x_wconf 79' lang='grc' dir='ltr'><strong>ἐπὶ</strong></span> <span class='ocrx_word' id='word_1_333' title='bbox 1290 3639 1520 3704; x_wconf 81' lang='grc' dir='ltr'>κακοῖς,</span> <span class='ocrx_word' id='word_1_334' title='bbox 1552 3639 1650 3692; x_wconf 79' lang='grc' dir='ltr'><strong>καί</strong></span> <span class='ocrx_word' id='word_1_335' title='bbox 1685 3640 1924 3708; x_wconf 62' lang='grc' dir='ltr'>χαιζοον-</span> 
     </span>
    </p>
   </div>
   <div class='ocr_carea' id='block_1_53' title="bbox 329 3729 1928 3800">
    <p class='ocr_par' dir='ltr' id='par_1_53' title="bbox 329 3729 1928 3800">
     <span class='ocr_line' id='line_1_53' title="bbox 329 3729 1928 3800; baseline -0.001 -16"><span class='ocrx_word' id='word_1_336' title='bbox 329 3749 433 3796; x_wconf 84' lang='grc' dir='ltr'><strong>τες</strong></span> <span class='ocrx_word' id='word_1_337' title='bbox 457 3730 556 3784; x_wconf 75' lang='grc' dir='ltr'><strong>ἐπὶ</strong></span> <span class='ocrx_word' id='word_1_338' title='bbox 577 3729 915 3799; x_wconf 77' lang='grc' dir='ltr'>διαστροφῇ</span> <span class='ocrx_word' id='word_1_339' title='bbox 937 3729 1120 3798; x_wconf 69' lang='grc' dir='ltr'>κακῇ]</span> <span class='ocrx_word' id='word_1_340' title='bbox 1137 3731 1264 3782; x_wconf 74' lang='grc' dir='ltr'><strong>Φεῦε</strong></span> <span class='ocrx_word' id='word_1_341' title='bbox 1289 3733 1338 3783; x_wconf 76' lang='lat' dir='ltr'><strong>oi</strong></span> <span class='ocrx_word' id='word_1_342' title='bbox 1361 3731 1798 3800; x_wconf 77' lang='grc' dir='ltr'>ἐπαγαλλόμενοι</span> <span class='ocrx_word' id='word_1_343' title='bbox 1815 3734 1928 3794; x_wconf 86' lang='grc' dir='ltr'>τοῖς</span> 
     </span>
    </p>
   </div>
   <div class='ocr_carea' id='block_1_54' title="bbox 331 3822 1928 3893">
    <p class='ocr_par' dir='ltr' id='par_1_54' title="bbox 331 3822 1928 3893">
     <span class='ocr_line' id='line_1_54' title="bbox 331 3822 1928 3893; baseline -0.001 -17"><span class='ocrx_word' id='word_1_344' title='bbox 331 3825 540 3892; x_wconf 79' lang='grc' dir='ltr'>ἑτέρων</span> <span class='ocrx_word' id='word_1_345' title='bbox 600 3825 816 3886; x_wconf 88' lang='grc' dir='ltr'>κακοῖς,</span> <span class='ocrx_word' id='word_1_346' title='bbox 849 3823 943 3877; x_wconf 81' lang='grc' dir='ltr'>καὶ</span> <span class='ocrx_word' id='word_1_347' title='bbox 988 3823 1478 3893; x_wconf 81' lang='grc' dir='ltr'>ὲπευφραινόμενοι</span> <span class='ocrx_word' id='word_1_348' title='bbox 1510 3825 1576 3892; x_wconf 84' lang='grc' dir='ltr'>τῇ</span> <span class='ocrx_word' id='word_1_349' title='bbox 1632 3822 1836 3875; x_wconf 84' lang='grc' dir='ltr'>τούτων</span> <span class='ocrx_word' id='word_1_350' title='bbox 1864 3824 1928 3875; x_wconf 78' lang='grc' dir='ltr'>ὲκ</span> 
     </span>
    </p>
   </div>
   <div class='ocr_carea' id='block_1_55' title="bbox 328 3912 1525 3983">
    <p class='ocr_par' dir='ltr' id='par_1_55' title="bbox 328 3912 1525 3983">
     <span class='ocr_line' id='line_1_55' title="bbox 328 3912 1525 3983; baseline -0.001 -16"><span class='ocrx_word' id='word_1_351' title='bbox 328 3913 430 3968; x_wconf 84' lang='grc' dir='ltr'>τοῦ</span> <span class='ocrx_word' id='word_1_352' title='bbox 472 3912 683 3982; x_wconf 73' lang='grc' dir='ltr'>ἀγαθοῦ</span> <span class='ocrx_word' id='word_1_353' title='bbox 711 3915 791 3976; x_wconf 80' lang='grc' dir='ltr'><strong>εἰς</strong></span> <span class='ocrx_word' id='word_1_354' title='bbox 823 3913 885 3965; x_wconf 83' lang='grc' dir='ltr'>τὸ</span> <span class='ocrx_word' id='word_1_355' title='bbox 914 3913 1158 3966; x_wconf 78' lang='grc' dir='ltr'>ἐναντίον</span> <span class='ocrx_word' id='word_1_356' title='bbox 1195 3915 1525 3983; x_wconf 82' lang='grc' dir='ltr'>περιτροπῇ.</span> 
     </span>
    </p>
   </div>
   <div class='ocr_carea' id='block_1_56' title="bbox 408 3999 1928 4074">
    <p class='ocr_par' dir='ltr' id='par_1_56' title="bbox 408 3999 1928 4074">
     <span class='ocr_line' id='line_1_56' title="bbox 408 3999 1928 4074; baseline 0.001 -17"><span class='ocrx_word' id='word_1_357' title='bbox 408 4012 494 4068; x_wconf 86' lang='grc' dir='ltr'>ιε’,</span> <span class='ocrx_word' id='word_1_358' title='bbox 531 4005 628 4069; x_wconf 82' lang='grc' dir='ltr'>ις’.</span> <span class='ocrx_word' id='word_1_359' title='bbox 664 3999 779 4060; x_wconf 66' lang='grc' dir='ltr'>Ὠν</span> <span class='ocrx_word' id='word_1_360' title='bbox 807 4008 866 4059; x_wconf 79' lang='lat' dir='ltr'><strong>al</strong></span> <span class='ocrx_word' id='word_1_361' title='bbox 896 4006 1082 4074; x_wconf 83' lang='grc' dir='ltr'>τρίόοι</span> <span class='ocrx_word' id='word_1_362' title='bbox 1115 4004 1385 4066; x_wconf 74' lang='grc' dir='ltr'>σκολιαὶ,</span> <span class='ocrx_word' id='word_1_363' title='bbox 1422 4005 1516 4058; x_wconf 76' lang='grc' dir='ltr'>καὶ</span> <span class='ocrx_word' id='word_1_364' title='bbox 1538 4006 1842 4073; x_wconf 70' lang='grc' dir='ltr'>καμπύλαι</span> <span class='ocrx_word' id='word_1_365' title='bbox 1870 4008 1928 4058; x_wconf 90' lang='lat' dir='ltr'><strong>al</strong></span> 
     </span>
    </p>
   </div>
   <div class='ocr_carea' id='block_1_57' title="bbox 330 4095 1929 4166">
    <p class='ocr_par' dir='ltr' id='par_1_57' title="bbox 330 4095 1929 4166">
     <span class='ocr_line' id='line_1_57' title="bbox 330 4095 1929 4166; baseline 0.001 -16"><span class='ocrx_word' id='word_1_366' title='bbox 330 4097 567 4166; x_wconf 76' lang='grc' dir='ltr'>τροχιαί</span> <span class='ocrx_word' id='word_1_367' title='bbox 597 4095 816 4161; x_wconf 84' lang='grc' dir='ltr'>αὐτῶν,</span> <span class='ocrx_word' id='word_1_368' title='bbox 848 4097 955 4150; x_wconf 90' lang='grc' dir='ltr'>τοῦ</span> <span class='ocrx_word' id='word_1_369' title='bbox 974 4096 1210 4166; x_wconf 82' lang='grc' dir='ltr'>μακράν</span> <span class='ocrx_word' id='word_1_370' title='bbox 1253 4113 1328 4150; x_wconf 86' lang='grc' dir='ltr'>σε</span> <span class='ocrx_word' id='word_1_371' title='bbox 1362 4096 1611 4166; x_wconf 83' lang='grc' dir='ltr'>ποιῆσαι</span> <span class='ocrx_word' id='word_1_372' title='bbox 1639 4097 1756 4151; x_wconf 84' lang='grc' dir='ltr'><strong>ἀπὸ</strong></span> <span class='ocrx_word' id='word_1_373' title='bbox 1785 4097 1929 4151; x_wconf 85' lang='grc' dir='ltr'>ὀδοῦ</span> 
     </span>
    </p>
   </div>
   <div class='ocr_carea' id='block_1_58' title="bbox 331 4183 1930 4258">
    <p class='ocr_par' dir='ltr' id='par_1_58' title="bbox 331 4183 1930 4258">
     <span class='ocr_line' id='line_1_58' title="bbox 331 4183 1930 4258; baseline 0 -18"><span class='ocrx_word' id='word_1_374' title='bbox 331 4189 594 4253; x_wconf 70' lang='grc' dir='ltr'>εὐθείας,</span> <span class='ocrx_word' id='word_1_375' title='bbox 625 4188 724 4241; x_wconf 80' lang='grc' dir='ltr'>καὶ</span> <span class='ocrx_word' id='word_1_376' title='bbox 748 4189 1072 4255; x_wconf 76' lang='grc' dir='ltr'>ἀλλότριον</span> <span class='ocrx_word' id='word_1_377' title='bbox 1107 4187 1216 4256; x_wconf 82' lang='grc' dir='ltr'>τῆς</span> <span class='ocrx_word' id='word_1_378' title='bbox 1271 4189 1508 4253; x_wconf 84' lang='grc' dir='ltr'>δικαίας</span> <span class='ocrx_word' id='word_1_379' title='bbox 1541 4188 1798 4258; x_wconf 79' lang='grc' dir='ltr'><strong>γνώμης.</strong></span> <span class='ocrx_word' id='word_1_380' title='bbox 1831 4183 1930 4240; x_wconf 80' lang='grc' dir='ltr'><strong>Ὧν</strong></span> 
     </span>
    </p>
   </div>
   <div class='ocr_carea' id='block_1_59' title="bbox 334 4281 1930 4352">
    <p class='ocr_par' dir='ltr' id='par_1_59' title="bbox 334 4281 1930 4352">
     <span class='ocr_line' id='line_1_59' title="bbox 334 4281 1930 4352; baseline 0.001 -20"><span class='ocrx_word' id='word_1_381' title='bbox 334 4281 406 4333; x_wconf 82' lang='grc' dir='ltr'>τά</span> <span class='ocrx_word' id='word_1_382' title='bbox 432 4297 491 4332; x_wconf 85' lang='grc' dir='ltr'><strong>τε</strong></span> <span class='ocrx_word' id='word_1_383' title='bbox 527 4281 936 4351; x_wconf 76' lang='grc' dir='ltr'>ἐπιτηδεύματα</span> <span class='ocrx_word' id='word_1_384' title='bbox 975 4282 1069 4334; x_wconf 71' lang='grc' dir='ltr'>καὶ</span> <span class='ocrx_word' id='word_1_385' title='bbox 1111 4282 1168 4334; x_wconf 85' lang='grc' dir='ltr'><strong>αἱ</strong></span> <span class='ocrx_word' id='word_1_386' title='bbox 1228 4283 1385 4352; x_wconf 83' lang='grc' dir='ltr'>δίκην</span> <span class='ocrx_word' id='word_1_387' title='bbox 1431 4282 1684 4352; x_wconf 83' lang='grc' dir='ltr'>τροχιῶν,</span> <span class='ocrx_word' id='word_1_388' title='bbox 1741 4282 1803 4333; x_wconf 83' lang='grc' dir='ltr'><strong>τὸ</strong></span> <span class='ocrx_word' id='word_1_389' title='bbox 1833 4282 1930 4350; x_wconf 80' lang='grc' dir='ltr'>μὲν</span> 
     </span>
    </p>
   </div>
   <div class='ocr_carea' id='block_1_60' title="bbox 333 4372 1931 4444">
    <p class='ocr_par' dir='ltr' id='par_1_60' title="bbox 333 4372 1931 4444">
     <span class='ocr_line' id='line_1_60' title="bbox 333 4372 1931 4444; baseline 0.002 -21"><span class='ocrx_word' id='word_1_390' title='bbox 333 4373 648 4443; x_wconf 80' lang='grc' dir='ltr'><strong>ἀνάρῤοπον</strong></span> <span class='ocrx_word' id='word_1_391' title='bbox 680 4372 774 4426; x_wconf 81' lang='grc' dir='ltr'><strong>τοῦ</strong></span> <span class='ocrx_word' id='word_1_392' title='bbox 805 4373 1014 4442; x_wconf 79' lang='grc' dir='ltr'><strong>ἀγαθοῦ</strong></span> <span class='ocrx_word' id='word_1_393' title='bbox 1050 4373 1372 4442; x_wconf 80' lang='grc' dir='ltr'>φεύγουσαι,</span> <span class='ocrx_word' id='word_1_394' title='bbox 1413 4375 1473 4426; x_wconf 86' lang='grc' dir='ltr'><strong>τὸ</strong></span> <span class='ocrx_word' id='word_1_395' title='bbox 1511 4373 1569 4425; x_wconf 85' lang='grc' dir='ltr'>δὲ</span> <span class='ocrx_word' id='word_1_396' title='bbox 1611 4374 1931 4444; x_wconf 81' lang='grc' dir='ltr'>κατωφερὲς</span> 
     </span>
    </p>
   </div>
   <div class='ocr_carea' id='block_1_61' title="bbox 332 4463 1928 4536">
    <p class='ocr_par' dir='ltr' id='par_1_61' title="bbox 332 4463 1928 4536">
     <span class='ocr_line' id='line_1_61' title="bbox 332 4463 1928 4536; baseline 0.001 -20"><span class='ocrx_word' id='word_1_397' title='bbox 332 4463 438 4533; x_wconf 84' lang='grc' dir='ltr'><strong>τῆς</strong></span> <span class='ocrx_word' id='word_1_398' title='bbox 485 4464 692 4527; x_wconf 83' lang='grc' dir='ltr'>κακίας</span> <span class='ocrx_word' id='word_1_399' title='bbox 717 4463 1011 4518; x_wconf 79' lang='grc' dir='ltr'>διώκουσαι</span> <span class='ocrx_word' id='word_1_400' title='bbox 1039 4465 1333 4530; x_wconf 74' lang='grc' dir='ltr'>διαθέσεις,</span> <span class='ocrx_word' id='word_1_401' title='bbox 1385 4466 1819 4536; x_wconf 73' lang='grc' dir='ltr'>διεστραμμέναι</span> <span class='ocrx_word' id='word_1_402' title='bbox 1855 4467 1928 4517; x_wconf 66' lang='grc' dir='ltr'><strong>εἰς</strong></span> 
     </span>
    </p>
   </div>
   <div class='ocr_carea' id='block_1_62' title="bbox 2010 1985 3591 2053">
    <p class='ocr_par' dir='ltr' id='par_1_62' title="bbox 2010 1985 3591 2053">
     <span class='ocr_line' id='line_1_62' title="bbox 2010 1985 3591 2053; baseline 0.003 -15"><span class='ocrx_word' id='word_1_403' title='bbox 2010 2000 2229 2040; x_wconf 89' lang='lat' dir='ltr'><strong>omnem</strong></span> <span class='ocrx_word' id='word_1_404' title='bbox 2284 1985 2445 2038; x_wconf 83' lang='lat' dir='ltr'><strong>aliam</strong></span> <span class='ocrx_word' id='word_1_405' title='bbox 2483 1987 2768 2040; x_wconf 75' lang='lat' dir='ltr'><strong>scientiam</strong></span> <span class='ocrx_word' id='word_1_406' title='bbox 2802 1986 3237 2053; x_wconf 83' lang='lat' dir='ltr'><strong>transcenderis,</strong></span> <span class='ocrx_word' id='word_1_407' title='bbox 3271 1989 3510 2042; x_wconf 87' lang='lat' dir='ltr'><strong>servabit</strong></span> <span class='ocrx_word' id='word_1_408' title='bbox 3539 1996 3591 2042; x_wconf 87' lang='lat' dir='ltr'><strong>te</strong></span> 
     </span>
    </p>
   </div>
   <div class='ocr_carea' id='block_1_63' title="bbox 2015 2083 3338 2155">
    <p class='ocr_par' dir='ltr' id='par_1_63' title="bbox 2015 2083 3338 2155">
     <span class='ocr_line' id='line_1_63' title="bbox 2015 2083 3338 2155; baseline 0 -17"><span class='ocrx_word' id='word_1_409' title='bbox 2015 2085 2083 2140; x_wconf 89' lang='lat' dir='ltr'><strong>ab</strong></span> <span class='ocrx_word' id='word_1_410' title='bbox 2111 2085 2258 2140; x_wconf 86' lang='lat' dir='ltr'><strong>omni</strong></span> <span class='ocrx_word' id='word_1_411' title='bbox 2293 2085 2524 2140; x_wconf 90' lang='lat' dir='ltr'><strong>scientia</strong></span> <span class='ocrx_word' id='word_1_412' title='bbox 2559 2083 2738 2140; x_wconf 82' lang='lat' dir='ltr'><strong>fallaci</strong></span> <span class='ocrx_word' id='word_1_413' title='bbox 2764 2100 2886 2155; x_wconf 83' lang='lat' dir='ltr'><strong>quae</strong></span> <span class='ocrx_word' id='word_1_414' title='bbox 2915 2099 2946 2139; x_wconf 91' lang='lat' dir='ltr'><strong>a</strong></span> <span class='ocrx_word' id='word_1_415' title='bbox 2978 2083 3088 2141; x_wconf 87' lang='lat' dir='ltr'><strong>Deo</strong></span> <span class='ocrx_word' id='word_1_416' title='bbox 3122 2087 3338 2141; x_wconf 79' lang='lat' dir='ltr'><strong>avertit.</strong></span> 
     </span>
    </p>
   </div>
   <div class='ocr_carea' id='block_1_64' title="bbox 2093 2265 3588 2323">
    <p class='ocr_par' dir='ltr' id='par_1_64' title="bbox 2093 2265 3588 2323">
     <span class='ocr_line' id='line_1_64' title="bbox 2093 2265 3588 2323; baseline 0 -3"><span class='ocrx_word' id='word_1_417' title='bbox 2093 2266 2258 2323; x_wconf 68' lang='lat' dir='ltr'><strong>Vens.</strong></span> <span class='ocrx_word' id='word_1_418' title='bbox 2291 2269 2379 2322; x_wconf 79' lang='grc'>19..</span> <span class='ocrx_word' id='word_1_419' title='bbox 2444 2265 2512 2321; x_wconf 88' lang='lat' dir='ltr'><strong>Ut</strong></span> <span class='ocrx_word' id='word_1_420' title='bbox 2551 2268 2764 2322; x_wconf 82' lang='lat' dir='ltr'><strong>eruaris</strong></span> <span class='ocrx_word' id='word_1_421' title='bbox 2807 2284 2840 2321; x_wconf 90' lang='lat' dir='ltr'><strong>a</strong></span> <span class='ocrx_word' id='word_1_422' title='bbox 2887 2267 2971 2322; x_wconf 86' lang='lat' dir='ltr'><strong>via</strong></span> <span class='ocrx_word' id='word_1_423' title='bbox 3001 2268 3168 2322; x_wconf 82' lang='lat' dir='ltr'><strong>mala.</strong></span> <span class='ocrx_word' id='word_1_424' title='bbox 3196 2266 3268 2322; x_wconf 88' lang='lat' dir='ltr'><strong>Ut</strong></span> <span class='ocrx_word' id='word_1_425' title='bbox 3300 2281 3330 2321; x_wconf 88' lang='lat' dir='ltr'><strong>a</strong></span> <span class='ocrx_word' id='word_1_426' title='bbox 3360 2267 3446 2320; x_wconf 89' lang='lat' dir='ltr'><strong>via</strong></span> <span class='ocrx_word' id='word_1_427' title='bbox 3478 2274 3588 2320; x_wconf 84' lang='lat' dir='ltr'><strong>tur-</strong></span> 
     </span>
    </p>
   </div>
   <div class='ocr_carea' id='block_1_65' title="bbox 2016 2359 3161 2430">
    <p class='ocr_par' dir='ltr' id='par_1_65' title="bbox 2016 2359 3161 2430">
     <span class='ocr_line' id='line_1_65' title="bbox 2016 2359 3161 2430; baseline 0 -16"><span class='ocrx_word' id='word_1_428' title='bbox 2016 2359 2142 2414; x_wconf 88' lang='lat' dir='ltr'><strong>bata</strong></span> <span class='ocrx_word' id='word_1_429' title='bbox 2185 2367 2344 2414; x_wconf 87' lang='lat' dir='ltr'><strong>eruat</strong></span> <span class='ocrx_word' id='word_1_430' title='bbox 2380 2367 2452 2424; x_wconf 89' lang='lat' dir='ltr'><strong>te,</strong></span> <span class='ocrx_word' id='word_1_431' title='bbox 2482 2360 2688 2430; x_wconf 87' lang='lat' dir='ltr'><strong>optima</strong></span> <span class='ocrx_word' id='word_1_432' title='bbox 2715 2373 2898 2414; x_wconf 87' lang='lat' dir='ltr'><strong>rerum</strong></span> <span class='ocrx_word' id='word_1_433' title='bbox 2944 2359 3161 2414; x_wconf 88' lang='lat' dir='ltr'><strong>n0titia.</strong></span> 
     </span>
    </p>
   </div>
   <div class='ocr_carea' id='block_1_66' title="bbox 2097 2536 3596 2610">
    <p class='ocr_par' dir='ltr' id='par_1_66' title="bbox 2097 2536 3596 2610">
     <span class='ocr_line' id='line_1_66' title="bbox 2097 2536 3596 2610; baseline -0.003 -17"><span class='ocrx_word' id='word_1_434' title='bbox 2097 2538 2163 2593; x_wconf 86' lang='lat' dir='ltr'><strong>Et</strong></span> <span class='ocrx_word' id='word_1_435' title='bbox 2194 2538 2258 2592; x_wconf 84' lang='lat' dir='ltr'><strong>ab</strong></span> <span class='ocrx_word' id='word_1_436' title='bbox 2323 2541 2529 2593; x_wconf 81' lang='lat' dir='ltr'><strong>homine</strong></span> <span class='ocrx_word' id='word_1_437' title='bbox 2579 2539 2669 2607; x_wconf 86' lang='lat' dir='ltr'><strong>qui</strong></span> <span class='ocrx_word' id='word_1_438' title='bbox 2711 2556 2956 2609; x_wconf 82' lang='lat' dir='ltr'><strong>perversa</strong></span> <span class='ocrx_word' id='word_1_439' title='bbox 3014 2539 3267 2610; x_wconf 84' lang='lat' dir='ltr'><strong>loquitur.</strong></span> <span class='ocrx_word' id='word_1_440' title='bbox 3306 2536 3445 2593; x_wconf 76' lang='lat' dir='ltr'><strong>Vera</strong></span> <span class='ocrx_word' id='word_1_441' title='bbox 3503 2536 3596 2590; x_wconf 85' lang='lat' dir='ltr'><strong>Dei</strong></span> 
     </span>
    </p>
   </div>
   <div class='ocr_carea' id='block_1_67' title="bbox 2025 2630 3596 2697">
    <p class='ocr_par' dir='ltr' id='par_1_67' title="bbox 2025 2630 3596 2697">
     <span class='ocr_line' id='line_1_67' title="bbox 2025 2630 3596 2697; baseline -0.002 -13"><span class='ocrx_word' id='word_1_442' title='bbox 2025 2630 2277 2690; x_wconf 84' lang='lat' dir='ltr'><strong>scientia.</strong></span> <span class='ocrx_word' id='word_1_443' title='bbox 2299 2645 2328 2682; x_wconf 87' lang='lat' dir='ltr'><strong>a</strong></span> <span class='ocrx_word' id='word_1_444' title='bbox 2345 2630 2564 2682; x_wconf 87' lang='lat' dir='ltr'><strong>diabolo</strong></span> <span class='ocrx_word' id='word_1_445' title='bbox 2588 2631 2892 2682; x_wconf 85' lang='lat' dir='ltr'><strong>animarum</strong></span> <span class='ocrx_word' id='word_1_446' title='bbox 2917 2639 3234 2684; x_wconf 87' lang='lat' dir='ltr'><strong>nostrarum</strong></span> <span class='ocrx_word' id='word_1_447' title='bbox 3254 2635 3596 2697; x_wconf 76' lang='lat' dir='ltr'><strong>corruptore,</strong></span> 
     </span>
    </p>
   </div>
   <div class='ocr_carea' id='block_1_68' title="bbox 2023 2720 3601 2789">
    <p class='ocr_par' dir='ltr' id='par_1_68' title="bbox 2023 2720 3601 2789">
     <span class='ocr_line' id='line_1_68' title="bbox 2023 2720 3601 2789; baseline -0.001 -17"><span class='ocrx_word' id='word_1_448' title='bbox 2023 2722 2116 2789; x_wconf 90' lang='lat' dir='ltr'><strong>qui</strong></span> <span class='ocrx_word' id='word_1_449' title='bbox 2175 2721 2387 2773; x_wconf 86' lang='lat' dir='ltr'><strong>veritati</strong></span> <span class='ocrx_word' id='word_1_450' title='bbox 2427 2721 2654 2782; x_wconf 90' lang='lat' dir='ltr'><strong>invidet,</strong></span> <span class='ocrx_word' id='word_1_451' title='bbox 2683 2729 2736 2773; x_wconf 89' lang='lat' dir='ltr'><strong>et</strong></span> <span class='ocrx_word' id='word_1_452' title='bbox 2781 2720 3022 2774; x_wconf 84' lang='lat' dir='ltr'><strong>animam</strong></span> <span class='ocrx_word' id='word_1_453' title='bbox 3076 2727 3222 2774; x_wconf 91' lang='lat' dir='ltr'><strong>tuam</strong></span> <span class='ocrx_word' id='word_1_454' title='bbox 3256 2735 3286 2773; x_wconf 90' lang='lat' dir='ltr'><strong>a</strong></span> <span class='ocrx_word' id='word_1_455' title='bbox 3343 2733 3601 2773; x_wconf 81' lang='lat' dir='ltr'><strong>sermone</strong></span> 
     </span>
    </p>
   </div>
   <div class='ocr_carea' id='block_1_69' title="bbox 2025 2814 3605 2885">
    <p class='ocr_par' dir='ltr' id='par_1_69' title="bbox 2025 2814 3605 2885">
     <span class='ocr_line' id='line_1_69' title="bbox 2025 2814 3605 2885; baseline 0 -18"><span class='ocrx_word' id='word_1_456' title='bbox 2025 2814 2121 2868; x_wconf 85' lang='lat' dir='ltr'><strong>Dei</strong></span> <span class='ocrx_word' id='word_1_457' title='bbox 2154 2815 2273 2879; x_wconf 80' lang='lat' dir='ltr'><strong>ejus</strong></span> <span class='ocrx_word' id='word_1_458' title='bbox 2303 2816 2489 2883; x_wconf 89' lang='lat' dir='ltr'><strong>sponsi</strong></span> <span class='ocrx_word' id='word_1_459' title='bbox 2515 2816 2749 2870; x_wconf 85' lang='lat' dir='ltr'><strong>avellere</strong></span> <span class='ocrx_word' id='word_1_460' title='bbox 2781 2824 3013 2869; x_wconf 89' lang='lat' dir='ltr'><strong>conatur</strong></span> <span class='ocrx_word' id='word_1_461' title='bbox 3043 2824 3096 2872; x_wconf 90' lang='lat' dir='ltr'><strong>ct</strong></span> <span class='ocrx_word' id='word_1_462' title='bbox 3115 2814 3222 2870; x_wconf 89' lang='lat' dir='ltr'><strong>sibi</strong></span> <span class='ocrx_word' id='word_1_463' title='bbox 3247 2815 3348 2884; x_wconf 90' lang='lat' dir='ltr'><strong>ipsi</strong></span> <span class='ocrx_word' id='word_1_464' title='bbox 3379 2815 3605 2885; x_wconf 78' lang='lat' dir='ltr'><strong>alligare</strong></span> 
     </span>
    </p>
   </div>
   <div class='ocr_carea' id='block_1_70' title="bbox 2025 2907 2432 2977">
    <p class='ocr_par' dir='ltr' id='par_1_70' title="bbox 2025 2907 2432 2977">
     <span class='ocr_line' id='line_1_70' title="bbox 2025 2907 2432 2977; baseline 0 -19"><span class='ocrx_word' id='word_1_465' title='bbox 2025 2907 2103 2976; x_wconf 89' lang='lat' dir='ltr'><strong>(te</strong></span> <span class='ocrx_word' id='word_1_466' title='bbox 2136 2907 2432 2977; x_wconf 82' lang='lat' dir='ltr'><strong>liberabit).</strong></span> 
     </span>
    </p>
   </div>
   <div class='ocr_carea' id='block_1_71' title="bbox 2100 3064 3611 3153">
    <p class='ocr_par' dir='ltr' id='par_1_71' title="bbox 2100 3064 3611 3153">
     <span class='ocr_line' id='line_1_71' title="bbox 2100 3064 3611 3153; baseline -0.001 -17"><span class='ocrx_word' id='word_1_467' title='bbox 2100 3064 2266 3136; x_wconf 72' lang='lat' dir='ltr'><strong>Vens.</strong></span> <span class='ocrx_word' id='word_1_468' title='bbox 2304 3081 2390 3135; x_wconf 77' lang='lat' dir='ltr'><strong>i5.</strong></span> <span class='ocrx_word' id='word_1_469' title='bbox 2427 3081 2532 3148; x_wconf 87' lang='lat' dir='ltr'><strong>Qui</strong></span> <span class='ocrx_word' id='word_1_470' title='bbox 2597 3083 2899 3153; x_wconf 85' lang='lat' dir='ltr'><strong>relinquunt</strong></span> <span class='ocrx_word' id='word_1_471' title='bbox 2953 3083 3296 3148; x_wconf 85' lang='lat' dir='ltr'><strong>iterrectum,</strong></span> <span class='ocrx_word' id='word_1_472' title='bbox 3352 3092 3400 3134; x_wconf 90' lang='lat' dir='ltr'><strong>et</strong></span> <span class='ocrx_word' id='word_1_473' title='bbox 3426 3080 3611 3134; x_wconf 83' lang='lat' dir='ltr'><strong>ambu-</strong></span> 
     </span>
    </p>
   </div>
   <div class='ocr_carea' id='block_1_72' title="bbox 2033 3175 3612 3246">
    <p class='ocr_par' dir='ltr' id='par_1_72' title="bbox 2033 3175 3612 3246">
     <span class='ocr_line' id='line_1_72' title="bbox 2033 3175 3612 3246; baseline 0.001 -20"><span class='ocrx_word' id='word_1_474' title='bbox 2033 3175 2146 3227; x_wconf 85' lang='lat' dir='ltr'><strong>lant</strong></span> <span class='ocrx_word' id='word_1_475' title='bbox 2174 3190 2266 3242; x_wconf 86' lang='lat' dir='ltr'><strong>per</strong></span> <span class='ocrx_word' id='word_1_476' title='bbox 2299 3178 2409 3229; x_wconf 85' lang='lat' dir='ltr'><strong>vias</strong></span> <span class='ocrx_word' id='word_1_477' title='bbox 2443 3176 2770 3230; x_wconf 76' lang='lat' dir='ltr'><strong>tenebrosus.</strong></span> <span class='ocrx_word' id='word_1_478' title='bbox 2814 3175 3042 3242; x_wconf 84' lang='lat' dir='ltr'><strong>Deinde,</strong></span> <span class='ocrx_word' id='word_1_479' title='bbox 3083 3175 3322 3246; x_wconf 79' lang='lat' dir='ltr'><strong>licu,qui</strong></span> <span class='ocrx_word' id='word_1_480' title='bbox 3356 3176 3474 3230; x_wconf 87' lang='lat' dir='ltr'><strong>vias</strong></span> <span class='ocrx_word' id='word_1_481' title='bbox 3501 3190 3612 3228; x_wconf 87' lang='lat' dir='ltr'><strong>non</strong></span> 
     </span>
    </p>
   </div>
   <div class='ocr_carea' id='block_1_73' title="bbox 2035 3269 3644 3343">
    <p class='ocr_par' dir='ltr' id='par_1_73' title="bbox 2035 3269 3644 3343">
     <span class='ocr_line' id='line_1_73' title="bbox 2035 3269 3644 3343; baseline -0.001 -19"><span class='ocrx_word' id='word_1_482' title='bbox 2035 3269 2100 3324; x_wconf 81' lang='lat' dir='ltr'><strong>ad</strong></span> <span class='ocrx_word' id='word_1_483' title='bbox 2132 3271 2419 3335; x_wconf 87' lang='lat' dir='ltr'><strong>malitiam,</strong></span> <span class='ocrx_word' id='word_1_484' title='bbox 2482 3271 2577 3325; x_wconf 88' lang='lat' dir='ltr'><strong>sed</strong></span> <span class='ocrx_word' id='word_1_485' title='bbox 2615 3271 2682 3325; x_wconf 90' lang='lat' dir='ltr'><strong>ad</strong></span> <span class='ocrx_word' id='word_1_486' title='bbox 2723 3271 2892 3326; x_wconf 89' lang='lat' dir='ltr'><strong>Deum</strong></span> <span class='ocrx_word' id='word_1_487' title='bbox 2919 3287 3012 3340; x_wconf 89' lang='lat' dir='ltr'><strong>per</strong></span> <span class='ocrx_word' id='word_1_488' title='bbox 3057 3271 3318 3325; x_wconf 88' lang='lat' dir='ltr'><strong>virtutem</strong></span> <span class='ocrx_word' id='word_1_489' title='bbox 3355 3269 3644 3343; x_wconf 31' lang='lat' dir='ltr'><strong>ferentem.</strong></span> 
     </span>
    </p>
   </div>
   <div class='ocr_carea' id='block_1_74' title="bbox 2036 3361 3617 3432">
    <p class='ocr_par' dir='ltr' id='par_1_74' title="bbox 2036 3361 3617 3432">
     <span class='ocr_line' id='line_1_74' title="bbox 2036 3361 3617 3432; baseline -0.002 -18"><span class='ocrx_word' id='word_1_490' title='bbox 2036 3361 2375 3430; x_wconf 88' lang='lat' dir='ltr'><strong>relinquunt,</strong></span> <span class='ocrx_word' id='word_1_491' title='bbox 2416 3369 2476 3416; x_wconf 92' lang='lat' dir='ltr'><strong>ut</strong></span> <span class='ocrx_word' id='word_1_492' title='bbox 2507 3361 2636 3427; x_wconf 87' lang='lat' dir='ltr'><strong>viis,</strong></span> <span class='ocrx_word' id='word_1_493' title='bbox 2667 3377 2790 3432; x_wconf 64' lang='lat' dir='ltr'><strong>quae</strong></span> <span class='ocrx_word' id='word_1_494' title='bbox 2822 3363 2876 3415; x_wconf 89' lang='lat' dir='ltr'><strong>in</strong></span> <span class='ocrx_word' id='word_1_495' title='bbox 2912 3362 3271 3431; x_wconf 65' lang='lat' dir='ltr'><strong>praecipitium</strong></span> <span class='ocrx_word' id='word_1_496' title='bbox 3308 3361 3529 3414; x_wconf 79' lang='lat' dir='ltr'><strong>malitiae</strong></span> <span class='ocrx_word' id='word_1_497' title='bbox 3563 3369 3617 3413; x_wconf 82' lang='lat' dir='ltr'><strong>et</strong></span> 
     </span>
    </p>
   </div>
   <div class='ocr_carea' id='block_1_75' title="bbox 2036 3453 3620 3526">
    <p class='ocr_par' dir='ltr' id='par_1_75' title="bbox 2036 3453 3620 3526">
     <span class='ocr_line' id='line_1_75' title="bbox 2036 3453 3620 3526; baseline -0.001 -20"><span class='ocrx_word' id='word_1_498' title='bbox 2036 3455 2296 3525; x_wconf 80' lang='lat' dir='ltr'><strong>abyssum</strong></span> <span class='ocrx_word' id='word_1_499' title='bbox 2350 3458 2702 3512; x_wconf 87' lang='lat' dir='ltr'><strong>tenebrarum</strong></span> <span class='ocrx_word' id='word_1_500' title='bbox 2737 3456 3057 3526; x_wconf 70' lang='lat' dir='ltr'><strong>ignorantiae</strong></span> <span class='ocrx_word' id='word_1_501' title='bbox 3151 3455 3377 3526; x_wconf 84' lang='lat' dir='ltr'><strong>pellant,</strong></span> <span class='ocrx_word' id='word_1_502' title='bbox 3429 3453 3620 3506; x_wconf 82' lang='lat' dir='ltr'><strong>ambu-</strong></span> 
     </span>
    </p>
   </div>
   <div class='ocr_carea' id='block_1_76' title="bbox 2038 3548 2171 3604">
    <p class='ocr_par' dir='ltr' id='par_1_76' title="bbox 2038 3548 2171 3604">
     <span class='ocr_line' id='line_1_76' title="bbox 2038 3548 2171 3604; baseline 0.023 -3"><span class='ocrx_word' id='word_1_503' title='bbox 2038 3548 2171 3604; x_wconf 86' lang='lat' dir='ltr'><strong>lent.</strong></span> 
     </span>
    </p>
   </div>
   <div class='ocr_carea' id='block_1_77' title="bbox 2113 3640 3618 3709">
    <p class='ocr_par' dir='ltr' id='par_1_77' title="bbox 2113 3640 3618 3709">
     <span class='ocr_line' id='line_1_77' title="bbox 2113 3640 3618 3709; baseline 0.001 -19"><span class='ocrx_word' id='word_1_504' title='bbox 2113 3642 2275 3695; x_wconf 70' lang='lat' dir='ltr'><strong>Vens.</strong></span> <span class='ocrx_word' id='word_1_505' title='bbox 2337 3641 2424 3695; x_wconf 75' lang='grc' dir='ltr'>Η.</span> <span class='ocrx_word' id='word_1_506' title='bbox 2488 3640 2595 3707; x_wconf 84' lang='lat' dir='ltr'><strong>Qui</strong></span> <span class='ocrx_word' id='word_1_507' title='bbox 2635 3642 2891 3695; x_wconf 74' lang='lat' dir='ltr'><strong>lwtantur</strong></span> <span class='ocrx_word' id='word_1_508' title='bbox 2947 3657 3067 3694; x_wconf 83' lang='lat' dir='ltr'><strong>curn</strong></span> <span class='ocrx_word' id='word_1_509' title='bbox 3109 3642 3248 3694; x_wconf 83' lang='lat' dir='ltr'><strong>male</strong></span> <span class='ocrx_word' id='word_1_510' title='bbox 3277 3641 3515 3709; x_wconf 81' lang='lat' dir='ltr'><strong>fecerint.</strong></span> <span class='ocrx_word' id='word_1_511' title='bbox 3570 3652 3618 3693; x_wconf 82' lang='lat' dir='ltr'><strong>et.</strong></span> 
     </span>
    </p>
   </div>
   <div class='ocr_carea' id='block_1_78' title="bbox 2035 3732 3620 3803">
    <p class='ocr_par' dir='ltr' id='par_1_78' title="bbox 2035 3732 3620 3803">
     <span class='ocr_line' id='line_1_78' title="bbox 2035 3732 3620 3803; baseline -0.001 -16"><span class='ocrx_word' id='word_1_512' title='bbox 2035 3732 2305 3787; x_wconf 66' lang='lat' dir='ltr'><strong>exsultant</strong></span> <span class='ocrx_word' id='word_1_513' title='bbox 2335 3735 2389 3786; x_wconf 85' lang='lat' dir='ltr'><strong>in</strong></span> <span class='ocrx_word' id='word_1_514' title='bbox 2432 3735 2584 3788; x_wconf 83' lang='lat' dir='ltr'><strong>rebus</strong></span> <span class='ocrx_word' id='word_1_515' title='bbox 2609 3735 2876 3803; x_wconf 80' lang='lat' dir='ltr'><strong>pessimis.</strong></span> <span class='ocrx_word' id='word_1_516' title='bbox 2927 3735 3054 3802; x_wconf 83' lang='lat' dir='ltr'><strong>Qui,</strong></span> <span class='ocrx_word' id='word_1_517' title='bbox 3085 3735 3243 3789; x_wconf 88' lang='lat' dir='ltr'><strong>eheu!</strong></span> <span class='ocrx_word' id='word_1_518' title='bbox 3278 3734 3533 3788; x_wconf 63' lang='lat' dir='ltr'><strong>laetantur</strong></span> <span class='ocrx_word' id='word_1_519' title='bbox 3566 3734 3620 3786; x_wconf 83' lang='lat' dir='ltr'><strong>in</strong></span> 
     </span>
    </p>
   </div>
   <div class='ocr_carea' id='block_1_79' title="bbox 2039 3826 3618 3891">
    <p class='ocr_par' dir='ltr' id='par_1_79' title="bbox 2039 3826 3618 3891">
     <span class='ocr_line' id='line_1_79' title="bbox 2039 3826 3618 3891; baseline 0 -13"><span class='ocrx_word' id='word_1_520' title='bbox 2039 3828 2199 3880; x_wconf 87' lang='lat' dir='ltr'><strong>malis</strong></span> <span class='ocrx_word' id='word_1_521' title='bbox 2221 3827 2455 3881; x_wconf 85' lang='lat' dir='ltr'><strong>aliorum</strong></span> <span class='ocrx_word' id='word_1_522' title='bbox 2492 3867 2508 3891; x_wconf 93' lang='lat'><strong>,</strong></span> <span class='ocrx_word' id='word_1_523' title='bbox 2564 3838 2618 3882; x_wconf 92' lang='lat' dir='ltr'><strong>et</strong></span> <span class='ocrx_word' id='word_1_524' title='bbox 2649 3829 2932 3883; x_wconf 83' lang='lat' dir='ltr'><strong>exsultant</strong></span> <span class='ocrx_word' id='word_1_525' title='bbox 2994 3829 3050 3883; x_wconf 90' lang='lat' dir='ltr'><strong>in</strong></span> <span class='ocrx_word' id='word_1_526' title='bbox 3092 3843 3284 3882; x_wconf 89' lang='lat' dir='ltr'><strong>eorum</strong></span> <span class='ocrx_word' id='word_1_527' title='bbox 3316 3843 3345 3881; x_wconf 88' lang='lat' dir='ltr'><strong>a</strong></span> <span class='ocrx_word' id='word_1_528' title='bbox 3377 3827 3524 3882; x_wconf 89' lang='lat' dir='ltr'><strong>bono</strong></span> <span class='ocrx_word' id='word_1_529' title='bbox 3555 3826 3618 3878; x_wconf 77' lang='lat' dir='ltr'><strong>:ul</strong></span> 
     </span>
    </p>
   </div>
   <div class='ocr_carea' id='block_1_80' title="bbox 2044 3917 2667 3972">
    <p class='ocr_par' dir='ltr' id='par_1_80' title="bbox 2044 3917 2667 3972">
     <span class='ocr_line' id='line_1_80' title="bbox 2044 3917 2667 3972; baseline 0.003 -2"><span class='ocrx_word' id='word_1_530' title='bbox 2044 3917 2244 3970; x_wconf 86' lang='lat' dir='ltr'><strong>malum</strong></span> <span class='ocrx_word' id='word_1_531' title='bbox 2280 3918 2667 3972; x_wconf 89' lang='lat' dir='ltr'><strong>conversione.</strong></span> 
     </span>
    </p>
   </div>
   <div class='ocr_carea' id='block_1_81' title="bbox 2111 4006 3624 4078">
    <p class='ocr_par' dir='ltr' id='par_1_81' title="bbox 2111 4006 3624 4078">
     <span class='ocr_line' id='line_1_81' title="bbox 2111 4006 3624 4078; baseline 0 -18"><span class='ocrx_word' id='word_1_532' title='bbox 2111 4006 2304 4062; x_wconf 62' lang='lat' dir='ltr'><strong>Vensd</strong></span> <span class='ocrx_word' id='word_1_533' title='bbox 2319 4009 2370 4070; x_wconf 75' lang='lat'><strong>5,</strong></span> <span class='ocrx_word' id='word_1_534' title='bbox 2390 4009 2474 4061; x_wconf 80' lang='grc'><strong>16.</strong></span> <span class='ocrx_word' id='word_1_535' title='bbox 2500 4009 2737 4078; x_wconf 76' lang='lat' dir='ltr'><strong>Quarum</strong></span> <span class='ocrx_word' id='word_1_536' title='bbox 2755 4010 2849 4064; x_wconf 82' lang='lat' dir='ltr'><strong>viw</strong></span> <span class='ocrx_word' id='word_1_537' title='bbox 2866 4025 3121 4078; x_wconf 59' lang='lat' dir='ltr'><strong>perversa?</strong></span> <span class='ocrx_word' id='word_1_538' title='bbox 3143 4019 3288 4072; x_wconf 84' lang='lat' dir='ltr'><strong>sunt,</strong></span> <span class='ocrx_word' id='word_1_539' title='bbox 3304 4019 3348 4062; x_wconf 90' lang='lat' dir='ltr'><strong>et</strong></span> <span class='ocrx_word' id='word_1_540' title='bbox 3373 4018 3508 4061; x_wconf 88' lang='lat' dir='ltr'><strong>tortu</strong></span> <span class='ocrx_word' id='word_1_541' title='bbox 3520 4023 3624 4060; x_wconf 68' lang='lat' dir='ltr'><strong>osa:</strong></span> 
     </span>
    </p>
   </div>
   <div class='ocr_carea' id='block_1_82' title="bbox 2039 4103 3605 4168">
    <p class='ocr_par' dir='ltr' id='par_1_82' title="bbox 2039 4103 3605 4168">
     <span class='ocr_line' id='line_1_82' title="bbox 2039 4103 3605 4168; baseline -0.001 -15"><span class='ocrx_word' id='word_1_542' title='bbox 2039 4105 2240 4155; x_wconf 70' lang='lat' dir='ltr'><strong>semita</strong></span> <span class='ocrx_word' id='word_1_543' title='bbox 2270 4118 2476 4168; x_wconf 81' lang='lat' dir='ltr'><strong>eorum,</strong></span> <span class='ocrx_word' id='word_1_544' title='bbox 2514 4111 2572 4154; x_wconf 90' lang='lat' dir='ltr'><strong>ut</strong></span> <span class='ocrx_word' id='word_1_545' title='bbox 2633 4114 2680 4156; x_wconf 88' lang='lat' dir='ltr'><strong>te</strong></span> <span class='ocrx_word' id='word_1_546' title='bbox 2712 4114 2953 4156; x_wconf 86' lang='lat' dir='ltr'><strong>avertant</strong></span> <span class='ocrx_word' id='word_1_547' title='bbox 2982 4121 3014 4156; x_wconf 89' lang='lat' dir='ltr'><strong>a</strong></span> <span class='ocrx_word' id='word_1_548' title='bbox 3049 4104 3129 4156; x_wconf 80' lang='lat' dir='ltr'><strong>vin</strong></span> <span class='ocrx_word' id='word_1_549' title='bbox 3150 4113 3315 4165; x_wconf 85' lang='lat' dir='ltr'><strong>recta,</strong></span> <span class='ocrx_word' id='word_1_550' title='bbox 3341 4113 3389 4155; x_wconf 91' lang='lat' dir='ltr'><strong>et</strong></span> <span class='ocrx_word' id='word_1_551' title='bbox 3422 4114 3469 4154; x_wconf 90' lang='lat' dir='ltr'><strong>te</strong></span> <span class='ocrx_word' id='word_1_552' title='bbox 3502 4103 3605 4153; x_wconf 81' lang='lat' dir='ltr'><strong>alte</strong></span> 
     </span>
    </p>
   </div>
   <div class='ocr_carea' id='block_1_83' title="bbox 2039 4185 3733 4263">
    <p class='ocr_par' dir='ltr' id='par_1_83' title="bbox 2039 4185 3733 4263">
     <span class='ocr_line' id='line_1_83' title="bbox 2039 4185 3733 4263; baseline 0.001 -16"><span class='ocrx_word' id='word_1_553' title='bbox 2039 4211 2165 4247; x_wconf 87' lang='lat' dir='ltr'><strong>num</strong></span> <span class='ocrx_word' id='word_1_554' title='bbox 2231 4195 2435 4263; x_wconf 82' lang='lat' dir='ltr'><strong>faciant</strong></span> <span class='ocrx_word' id='word_1_555' title='bbox 2504 4213 2535 4248; x_wconf 91' lang='lat' dir='ltr'><strong>a</strong></span> <span class='ocrx_word' id='word_1_556' title='bbox 2595 4207 2740 4250; x_wconf 85' lang='lat' dir='ltr'><strong>recta</strong></span> <span class='ocrx_word' id='word_1_557' title='bbox 2794 4198 3008 4251; x_wconf 86' lang='lat' dir='ltr'><strong>notitia.</strong></span> <span class='ocrx_word' id='word_1_558' title='bbox 3070 4196 3316 4262; x_wconf 84' lang='lat' dir='ltr'><strong>Quorum</strong></span> <span class='ocrx_word' id='word_1_559' title='bbox 3367 4211 3548 4250; x_wconf 86' lang='lat' dir='ltr'><strong>mores</strong></span> <span class='ocrx_word' id='word_1_560' title='bbox 3572 4207 3626 4248; x_wconf 80' lang='lat' dir='ltr'><strong>et</strong></span> <span class='ocrx_word' id='word_1_561' title='bbox 3724 4185 3733 4193; x_wconf 76' lang='grc'><strong>’</strong></span> 
     </span>
    </p>
   </div>
   <div class='ocr_carea' id='block_1_84' title="bbox 2039 4284 3635 4357">
    <p class='ocr_par' dir='ltr' id='par_1_84' title="bbox 2039 4284 3635 4357">
     <span class='ocr_line' id='line_1_84' title="bbox 2039 4284 3635 4357; baseline 0 -18"><span class='ocrx_word' id='word_1_562' title='bbox 2039 4284 2285 4354; x_wconf 71' lang='lat' dir='ltr'><strong>aﬂ&#39;ectus,</strong></span> <span class='ocrx_word' id='word_1_563' title='bbox 2316 4296 2576 4357; x_wconf 85' lang='lat' dir='ltr'><strong>tanquam</strong></span> <span class='ocrx_word' id='word_1_564' title='bbox 2602 4289 2833 4355; x_wconf 71' lang='lat' dir='ltr'><strong>semitae,</strong></span> <span class='ocrx_word' id='word_1_565' title='bbox 2870 4305 3142 4343; x_wconf 90' lang='lat' dir='ltr'><strong>summum</strong></span> <span class='ocrx_word' id='word_1_566' title='bbox 3179 4290 3381 4343; x_wconf 86' lang='lat' dir='ltr'><strong>bonum</strong></span> <span class='ocrx_word' id='word_1_567' title='bbox 3410 4290 3635 4357; x_wconf 53' lang='lat' dir='ltr'><strong>fugient:</strong></span> 
     </span>
    </p>
   </div>
   <div class='ocr_carea' id='block_1_85' title="bbox 2041 4371 3627 4452">
    <p class='ocr_par' dir='ltr' id='par_1_85' title="bbox 2041 4371 3627 4452">
     <span class='ocr_line' id='line_1_85' title="bbox 2041 4371 3627 4452; baseline 0.001 -21"><span class='ocrx_word' id='word_1_568' title='bbox 2041 4392 2146 4445; x_wconf 77' lang='lat' dir='ltr'><strong>tes,</strong></span> <span class='ocrx_word' id='word_1_569' title='bbox 2187 4371 2638 4452; x_wconf 64' lang='lat' dir='ltr'><strong>quaireiitesque‘</strong></span> <span class='ocrx_word' id='word_1_570' title='bbox 2690 4381 3024 4452; x_wconf 81' lang='lat' dir='ltr'><strong>profundum</strong></span> <span class='ocrx_word' id='word_1_571' title='bbox 3094 4383 3339 4446; x_wconf 67' lang='lat' dir='ltr'><strong>malitiae,</strong></span> <span class='ocrx_word' id='word_1_572' title='bbox 3385 4383 3627 4452; x_wconf 68' lang='lat' dir='ltr'><strong>perversi</strong></span> 
     </span>
    </p>
   </div>
   <div class='ocr_carea' id='block_1_86' title="bbox 2046 4469 3627 4540">
    <p class='ocr_par' dir='ltr' id='par_1_86' title="bbox 2046 4469 3627 4540">
     <span class='ocr_line' id='line_1_86' title="bbox 2046 4469 3627 4540; baseline -0.001 -17"><span class='ocrx_word' id='word_1_573' title='bbox 2046 4469 2182 4524; x_wconf 78' lang='lat' dir='ltr'><strong>facti</strong></span> <span class='ocrx_word' id='word_1_574' title='bbox 2206 4478 2372 4525; x_wconf 86' lang='lat' dir='ltr'><strong>sunt:</strong></span> <span class='ocrx_word' id='word_1_575' title='bbox 2407 4471 2502 4540; x_wconf 88' lang='lat' dir='ltr'><strong>qui</strong></span> <span class='ocrx_word' id='word_1_576' title='bbox 2562 4481 2615 4525; x_wconf 91' lang='lat' dir='ltr'><strong>te</strong></span> <span class='ocrx_word' id='word_1_577' title='bbox 2669 4481 2922 4526; x_wconf 86' lang='lat' dir='ltr'><strong>avertere</strong></span> <span class='ocrx_word' id='word_1_578' title='bbox 2967 4485 3243 4526; x_wconf 92' lang='lat' dir='ltr'><strong>conantur</strong></span> <span class='ocrx_word' id='word_1_579' title='bbox 3276 4489 3304 4525; x_wconf 90' lang='lat' dir='ltr'><strong>a</strong></span> <span class='ocrx_word' id='word_1_580' title='bbox 3330 4475 3414 4525; x_wconf 75' lang='lat' dir='ltr'><strong>via</strong></span> <span class='ocrx_word' id='word_1_581' title='bbox 3455 4483 3627 4537; x_wconf 80' lang='lat' dir='ltr'><strong>recta,</strong></span> 
     </span>
    </p>
   </div>
   <div class='ocr_carea' id='block_1_87' title="bbox 337 4557 1928 4646">
    <p class='ocr_par' dir='ltr' id='par_1_87' title="bbox 337 4557 1928 4630">
     <span class='ocr_line' id='line_1_87' title="bbox 337 4557 1928 4630; baseline 0.001 -22"><span class='ocrx_word' id='word_1_582' title='bbox 337 4557 460 4609; x_wconf 81' lang='grc' dir='ltr'><strong>σίν⁸</strong></span> <span class='ocrx_word' id='word_1_583' title='bbox 494 4557 572 4619; x_wconf 84' lang='grc' dir='ltr'>ὠς</span> <span class='ocrx_word' id='word_1_584' title='bbox 611 4558 1072 4630; x_wconf 78' lang='grc' dir='ltr'>ἐπιτεχνωμένων</span> <span class='ocrx_word' id='word_1_585' title='bbox 1115 4559 1367 4629; x_wconf 75' lang='grc' dir='ltr'>πὸῤῥωσε</span> <span class='ocrx_word' id='word_1_586' title='bbox 1394 4559 1617 4629; x_wconf 84' lang='grc' dir='ltr'>ποιῆσαι</span> <span class='ocrx_word' id='word_1_587' title='bbox 1665 4560 1763 4628; x_wconf 85' lang='grc' dir='ltr'>τῆς</span> <span class='ocrx_word' id='word_1_588' title='bbox 1807 4558 1928 4612; x_wconf 86' lang='grc' dir='ltr'>κατ’</span> 
     </span>
    </p>
   </div>
   <div class='ocr_carea' id='block_1_88' title="bbox 2041 4557 3626 4646">
    <p class='ocr_par' dir='ltr' id='par_1_88' title="bbox 2041 4564 3626 4634">
     <span class='ocr_line' id='line_1_88' title="bbox 2041 4564 3626 4634; baseline 0.001 -17"><span class='ocrx_word' id='word_1_589' title='bbox 2041 4579 2164 4634; x_wconf 65' lang='lat' dir='ltr'><strong>quae</strong></span> <span class='ocrx_word' id='word_1_590' title='bbox 2187 4580 2283 4633; x_wconf 90' lang='lat' dir='ltr'><strong>per</strong></span> <span class='ocrx_word' id='word_1_591' title='bbox 2335 4565 2598 4618; x_wconf 89' lang='lat' dir='ltr'><strong>virtutem</strong></span> <span class='ocrx_word' id='word_1_592' title='bbox 2658 4567 2725 4618; x_wconf 90' lang='lat' dir='ltr'><strong>ad</strong></span> <span class='ocrx_word' id='word_1_593' title='bbox 2763 4564 2930 4619; x_wconf 82' lang='lat' dir='ltr'><strong>Deum</strong></span> <span class='ocrx_word' id='word_1_594' title='bbox 2981 4564 3158 4631; x_wconf 83' lang='lat' dir='ltr'><strong>ducit,</strong></span> <span class='ocrx_word' id='word_1_595' title='bbox 3208 4575 3262 4619; x_wconf 92' lang='lat' dir='ltr'><strong>et</strong></span> <span class='ocrx_word' id='word_1_596' title='bbox 3302 4575 3355 4619; x_wconf 88' lang='lat' dir='ltr'><strong>te</strong></span> <span class='ocrx_word' id='word_1_597' title='bbox 3383 4567 3626 4620; x_wconf 89' lang='lat' dir='ltr'><strong>alienum</strong></span> 
     </span>
    </p>
   </div>
   <div class='ocr_carea' id='block_1_89' title="bbox 333 4649 1936 4721">
    <p class='ocr_par' dir='ltr' id='par_1_89' title="bbox 333 4649 1936 4721">
     <span class='ocr_line' id='line_1_89' title="bbox 333 4649 1936 4721; baseline -0.001 -18"><span class='ocrx_word' id='word_1_598' title='bbox 333 4650 542 4719; x_wconf 79' lang='grc' dir='ltr'>ἀρετὴν</span> <span class='ocrx_word' id='word_1_599' title='bbox 569 4649 706 4718; x_wconf 79' lang='grc' dir='ltr'>πρὸς</span> <span class='ocrx_word' id='word_1_600' title='bbox 737 4650 870 4702; x_wconf 83' lang='grc' dir='ltr'>Θεὸν</span> <span class='ocrx_word' id='word_1_601' title='bbox 933 4650 1214 4721; x_wconf 81' lang='grc' dir='ltr'>φερούσης</span> <span class='ocrx_word' id='word_1_602' title='bbox 1245 4651 1463 4713; x_wconf 83' lang='grc' dir='ltr'>εὐθείας</span> <span class='ocrx_word' id='word_1_603' title='bbox 1500 4650 1638 4716; x_wconf 79' lang='grc' dir='ltr'>ὁδὸν,</span> <span class='ocrx_word' id='word_1_604' title='bbox 1669 4652 1761 4703; x_wconf 74' lang='grc' dir='ltr'>καὶ</span> <span class='ocrx_word' id='word_1_605' title='bbox 1783 4649 1936 4713; x_wconf 79' lang='grc' dir='ltr'><strong>ξένον</strong></span> 
     </span>
    </p>
   </div>
   <div class='ocr_carea' id='block_1_90' title="bbox 335 4743 1936 4815">
    <p class='ocr_par' dir='ltr' id='par_1_90' title="bbox 335 4743 1936 4815">
     <span class='ocr_line' id='line_1_90' title="bbox 335 4743 1936 4815; baseline 0.001 -21"><span class='ocrx_word' id='word_1_606' title='bbox 335 4744 695 4796; x_wconf 76' lang='grc' dir='ltr'>παντάπασιν</span> <span class='ocrx_word' id='word_1_607' title='bbox 730 4743 1162 4813; x_wconf 80' lang='grc' dir='ltr'>ἀπεργάσασθαι</span> <span class='ocrx_word' id='word_1_608' title='bbox 1217 4743 1318 4812; x_wconf 76' lang='grc' dir='ltr'><strong>τῆς</strong></span> <span class='ocrx_word' id='word_1_609' title='bbox 1360 4743 1502 4797; x_wconf 83' lang='grc' dir='ltr'>κατὰ</span> <span class='ocrx_word' id='word_1_610' title='bbox 1537 4743 1694 4811; x_wconf 89' lang='grc' dir='ltr'>λόγον</span> <span class='ocrx_word' id='word_1_611' title='bbox 1722 4743 1936 4815; x_wconf 84' lang='grc' dir='ltr'>διακρι-</span> 
     </span>
    </p>
   </div>
   <div class='ocr_carea' id='block_1_91' title="bbox 336 4834 1939 4906">
    <p class='ocr_par' dir='ltr' id='par_1_91' title="bbox 336 4834 1939 4906">
     <span class='ocr_line' id='line_1_91' title="bbox 336 4834 1939 4906; baseline 0.001 -20"><span class='ocrx_word' id='word_1_612' title='bbox 336 4834 540 4903; x_wconf 88' lang='grc' dir='ltr'>νούσης</span> <span class='ocrx_word' id='word_1_613' title='bbox 579 4835 689 4887; x_wconf 82' lang='grc' dir='ltr'><strong>ἀπὸ</strong></span> <span class='ocrx_word' id='word_1_614' title='bbox 727 4835 822 4888; x_wconf 88' lang='grc' dir='ltr'><strong>τοῦ</strong></span> <span class='ocrx_word' id='word_1_615' title='bbox 845 4836 1156 4906; x_wconf 84' lang='grc' dir='ltr'>κρείττονος</span> <span class='ocrx_word' id='word_1_616' title='bbox 1183 4837 1244 4888; x_wconf 83' lang='grc' dir='ltr'><strong>τὸ</strong></span> <span class='ocrx_word' id='word_1_617' title='bbox 1273 4839 1478 4906; x_wconf 82' lang='grc' dir='ltr'>χεῖρον,</span> <span class='ocrx_word' id='word_1_618' title='bbox 1510 4837 1601 4888; x_wconf 74' lang='grc' dir='ltr'><strong>καὶ</strong></span> <span class='ocrx_word' id='word_1_619' title='bbox 1628 4837 1939 4905; x_wconf 77' lang='grc' dir='ltr'>καταψηφι-</span> 
     </span>
    </p>
   </div>
   <div class='ocr_carea' id='block_1_92' title="bbox 335 4928 1938 5002">
    <p class='ocr_par' dir='ltr' id='par_1_92' title="bbox 335 4928 1938 5002">
     <span class='ocr_line' id='line_1_92' title="bbox 335 4928 1938 5002; baseline 0.001 -22"><span class='ocrx_word' id='word_1_620' title='bbox 335 4928 578 4999; x_wconf 78' lang='grc' dir='ltr'>ζομὲνης</span> <span class='ocrx_word' id='word_1_621' title='bbox 616 4929 808 4982; x_wconf 83' lang='grc' dir='ltr'>τούτου</span> <span class='ocrx_word' id='word_1_622' title='bbox 840 4929 1037 5002; x_wconf 78' lang='grc' dir='ltr'>σχολὴν</span> <span class='ocrx_word' id='word_1_623' title='bbox 1061 4929 1302 5000; x_wconf 85' lang='grc' dir='ltr'>παντελῆ</span> <span class='ocrx_word' id='word_1_624' title='bbox 1351 4930 1747 5002; x_wconf 64' lang='grc' dir='ltr'>προαιρέσεως</span> <span class='ocrx_word' id='word_1_625' title='bbox 1787 4929 1938 4982; x_wconf 75' lang='grc' dir='ltr'>ἐνθεν</span> 
     </span>
    </p>
   </div>
   <div class='ocr_carea' id='block_1_93' title="bbox 334 5039 438 5076">
    <p class='ocr_par' dir='ltr' id='par_1_93' title="bbox 334 5039 438 5076">
     <span class='ocr_line' id='line_1_93' title="bbox 334 5039 438 5076; baseline 0 0"><span class='ocrx_word' id='word_1_626' title='bbox 334 5039 438 5076; x_wconf 74' lang='grc' dir='ltr'>τοισ</span> 
     </span>
    </p>
   </div>
   <div class='ocr_carea' id='block_1_94' title="bbox 410 5115 1938 5186">
    <p class='ocr_par' dir='ltr' id='par_1_94' title="bbox 410 5115 1938 5186">
     <span class='ocr_line' id='line_1_94' title="bbox 410 5115 1938 5186; baseline 0 -16"><span class='ocrx_word' id='word_1_627' title='bbox 410 5116 499 5179; x_wconf 78' lang='grc' dir='ltr'>ιζ’.</span> <span class='ocrx_word' id='word_1_628' title='bbox 544 5115 661 5180; x_wconf 73' lang='lat' dir='ltr'><strong>rte,</strong></span> <span class='ocrx_word' id='word_1_629' title='bbox 683 5117 768 5186; x_wconf 83' lang='grc' dir='ltr'>μή</span> <span class='ocrx_word' id='word_1_630' title='bbox 795 5130 869 5170; x_wconf 86' lang='grc' dir='ltr'>σε</span> <span class='ocrx_word' id='word_1_631' title='bbox 896 5115 1209 5186; x_wconf 74' lang='grc' dir='ltr'>καταλάϐῃ</span> <span class='ocrx_word' id='word_1_632' title='bbox 1236 5116 1439 5184; x_wconf 76' lang='grc' dir='ltr'>βουλὴ</span> <span class='ocrx_word' id='word_1_633' title='bbox 1489 5116 1667 5184; x_wconf 83' lang='grc' dir='ltr'>κακὴ,</span> <span class='ocrx_word' id='word_1_634' title='bbox 1696 5117 1733 5183; x_wconf 78' lang='grc' dir='ltr'><em>ἠ</em></span> <span class='ocrx_word' id='word_1_635' title='bbox 1787 5118 1938 5170; x_wconf 84' lang='grc' dir='ltr'><strong>ἀπο-</strong></span> 
     </span>
    </p>
   </div>
   <div class='ocr_carea' id='block_1_95' title="bbox 335 5209 1941 5275">
    <p class='ocr_par' dir='ltr' id='par_1_95' title="bbox 335 5209 1941 5275">
     <span class='ocr_line' id='line_1_95' title="bbox 335 5209 1941 5275; baseline -0.001 -11"><span class='ocrx_word' id='word_1_636' title='bbox 335 5211 647 5265; x_wconf 77' lang='grc' dir='ltr'>λείπουσα</span> <span class='ocrx_word' id='word_1_637' title='bbox 697 5209 1106 5263; x_wconf 72' lang='grc' dir='ltr'>διδασκαλίαν</span> <span class='ocrx_word' id='word_1_638' title='bbox 1141 5212 1460 5275; x_wconf 82' lang='grc' dir='ltr'>νεότητος,</span> <span class='ocrx_word' id='word_1_639' title='bbox 1517 5209 1612 5262; x_wconf 76' lang='grc' dir='ltr'><strong>καί</strong></span> <span class='ocrx_word' id='word_1_640' title='bbox 1647 5209 1941 5275; x_wconf 78' lang='grc' dir='ltr'>διαθήκην</span> 
     </span>
    </p>
   </div>
   <div class='ocr_carea' id='block_1_96' title="bbox 336 5299 1939 5370">
    <p class='ocr_par' dir='ltr' id='par_1_96' title="bbox 336 5299 1939 5370">
     <span class='ocr_line' id='line_1_96' title="bbox 336 5299 1939 5370; baseline -0.002 -13"><span class='ocrx_word' id='word_1_641' title='bbox 336 5305 511 5358; x_wconf 83' lang='grc' dir='ltr'>θείαν</span> <span class='ocrx_word' id='word_1_642' title='bbox 552 5302 1027 5370; x_wconf 77' lang='grc' dir='ltr'>ἐπιλελησμένη.</span> <span class='ocrx_word' id='word_1_643' title='bbox 1063 5299 1268 5355; x_wconf 82' lang='grc' dir='ltr'>Τέκνον</span> <span class='ocrx_word' id='word_1_644' title='bbox 1321 5303 1712 5370; x_wconf 72' lang='grc' dir='ltr'>πνευματικὸν,</span> <span class='ocrx_word' id='word_1_645' title='bbox 1767 5301 1939 5369; x_wconf 83' lang='grc' dir='ltr'>φεῦγε</span> 
     </span>
    </p>
   </div>
   <div class='ocr_carea' id='block_1_97' title="bbox 333 5395 1940 5469">
    <p class='ocr_par' dir='ltr' id='par_1_97' title="bbox 333 5395 1940 5469">
     <span class='ocr_line' id='line_1_97' title="bbox 333 5395 1940 5469; baseline -0.001 -19"><span class='ocrx_word' id='word_1_646' title='bbox 333 5398 438 5469; x_wconf 80' lang='grc' dir='ltr'>τὴν</span> <span class='ocrx_word' id='word_1_647' title='bbox 523 5395 772 5467; x_wconf 76' lang='grc' dir='ltr'>πονηρὰν</span> <span class='ocrx_word' id='word_1_648' title='bbox 829 5396 925 5449; x_wconf 89' lang='grc' dir='ltr'><strong>τοῦ</strong></span> <span class='ocrx_word' id='word_1_649' title='bbox 987 5395 1182 5467; x_wconf 89' lang='grc' dir='ltr'>νοητοῦ</span> <span class='ocrx_word' id='word_1_650' title='bbox 1237 5395 1413 5464; x_wconf 73' lang='grc' dir='ltr'>ὄφεως</span> <span class='ocrx_word' id='word_1_651' title='bbox 1471 5395 1815 5466; x_wconf 74' lang='grc' dir='ltr'>συμϐουλὴν,</span> <span class='ocrx_word' id='word_1_652' title='bbox 1873 5395 1940 5448; x_wconf 84' lang='grc' dir='ltr'><strong>δι’</strong></span> 
     </span>
    </p>
   </div>
   <div class='ocr_carea' id='block_1_98' title="bbox 336 5476 1938 5562">
    <p class='ocr_par' dir='ltr' id='par_1_98' title="bbox 336 5476 1938 5562">
     <span class='ocr_line' id='line_1_98' title="bbox 336 5476 1938 5562; baseline -0.002 -18"><span class='ocrx_word' id='word_1_653' title='bbox 336 5493 671 5562; x_wconf 67' lang='grc' dir='ltr'>ἐγκρατείας</span> <span class='ocrx_word' id='word_1_654' title='bbox 705 5491 814 5543; x_wconf 82' lang='grc' dir='ltr'>τῶν</span> <span class='ocrx_word' id='word_1_655' title='bbox 866 5491 1063 5561; x_wconf 81' lang='grc' dir='ltr'>ἡδέων,</span> <span class='ocrx_word' id='word_1_656' title='bbox 1134 5492 1224 5544; x_wconf 75' lang='grc' dir='ltr'>καὶ</span> <span class='ocrx_word' id='word_1_657' title='bbox 1259 5476 1538 5559; x_wconf 76' lang='grc' dir='ltr'>ὑπομονῆς</span> <span class='ocrx_word' id='word_1_658' title='bbox 1592 5490 1699 5542; x_wconf 80' lang='grc' dir='ltr'>τῶν</span> <span class='ocrx_word' id='word_1_659' title='bbox 1757 5489 1938 5546; x_wconf 78' lang='lat'><strong>0).:63-</strong></span> 
     </span>
    </p>
   </div>
   <div class='ocr_carea' id='block_1_99' title="bbox 341 5583 1941 5660">
    <p class='ocr_par' dir='ltr' id='par_1_99' title="bbox 341 5583 1941 5660">
     <span class='ocr_line' id='line_1_99' title="bbox 341 5583 1941 5660; baseline -0.004 -19"><span class='ocrx_word' id='word_1_660' title='bbox 341 5588 477 5660; x_wconf 83' lang='grc' dir='ltr'>ρῶν,</span> <span class='ocrx_word' id='word_1_661' title='bbox 543 5587 619 5657; x_wconf 87' lang='grc' dir='ltr'>μή</span> <span class='ocrx_word' id='word_1_662' title='bbox 666 5603 726 5639; x_wconf 91' lang='grc' dir='ltr'><strong>σε</strong></span> <span class='ocrx_word' id='word_1_663' title='bbox 759 5587 1090 5656; x_wconf 76' lang='grc' dir='ltr'>καταφοὰσῃ</span> <span class='ocrx_word' id='word_1_664' title='bbox 1146 5584 1407 5656; x_wconf 72' lang='grc' dir='ltr'>ῥᾳθύμως</span> <span class='ocrx_word' id='word_1_665' title='bbox 1473 5584 1688 5653; x_wconf 80' lang='grc' dir='ltr'>περἰτὸ</span> <span class='ocrx_word' id='word_1_666' title='bbox 1737 5583 1941 5648; x_wconf 79' lang='grc' dir='ltr'><strong>ἀγαθὸν</strong></span> 
     </span>
    </p>
   </div>
   <div class='ocr_carea' id='block_1_100' title="bbox 339 5678 1938 5750">
    <p class='ocr_par' dir='ltr' id='par_1_100' title="bbox 339 5678 1938 5750">
     <span class='ocr_line' id='line_1_100' title="bbox 339 5678 1938 5750; baseline -0.004 -16"><span class='ocrx_word' id='word_1_667' title='bbox 339 5681 721 5750; x_wconf 79' lang='grc' dir='ltr'>διακείμενον·</span> <span class='ocrx_word' id='word_1_668' title='bbox 768 5683 891 5749; x_wconf 79' lang='grc' dir='ltr'>ἥτις</span> <span class='ocrx_word' id='word_1_669' title='bbox 929 5680 1210 5749; x_wconf 69' lang='grc' dir='ltr'>συμϐουλὴ</span> <span class='ocrx_word' id='word_1_670' title='bbox 1272 5679 1456 5731; x_wconf 75' lang='grc' dir='ltr'>ἔπεισε</span> <span class='ocrx_word' id='word_1_671' title='bbox 1489 5678 1580 5731; x_wconf 80' lang='grc' dir='ltr'>τὸν</span> <span class='ocrx_word' id='word_1_672' title='bbox 1610 5678 1938 5748; x_wconf 76' lang='grc' dir='ltr'>πρωτόπλα-</span> 
     </span>
    </p>
   </div>
   <div class='ocr_carea' id='block_1_101' title="bbox 344 5770 1937 5840">
    <p class='ocr_par' dir='ltr' id='par_1_101' title="bbox 344 5770 1937 5840">
     <span class='ocr_line' id='line_1_101' title="bbox 344 5770 1937 5840; baseline -0.003 -16"><span class='ocrx_word' id='word_1_673' title='bbox 344 5789 471 5824; x_wconf 80' lang='grc' dir='ltr'>στον</span> <span class='ocrx_word' id='word_1_674' title='bbox 507 5772 829 5824; x_wconf 77' lang='grc' dir='ltr'>καταλιπεῖν</span> <span class='ocrx_word' id='word_1_675' title='bbox 866 5774 966 5840; x_wconf 75' lang='grc' dir='ltr'><strong>τὴν</strong></span> <span class='ocrx_word' id='word_1_676' title='bbox 993 5772 1069 5834; x_wconf 82' lang='grc' dir='ltr'><strong>ὡς</strong></span> <span class='ocrx_word' id='word_1_677' title='bbox 1105 5771 1184 5822; x_wconf 79' lang='grc' dir='ltr'><strong>ἔτι</strong></span> <span class='ocrx_word' id='word_1_678' title='bbox 1221 5771 1461 5834; x_wconf 72' lang='grc' dir='ltr'>νεάζοντι</span> <span class='ocrx_word' id='word_1_679' title='bbox 1491 5770 1588 5839; x_wconf 79' lang='grc' dir='ltr'>τὴν</span> <span class='ocrx_word' id='word_1_680' title='bbox 1633 5788 1937 5838; x_wconf 69' lang='grc' dir='ltr'>πνεύματι-</span> 
     </span>
    </p>
   </div>
   <div class='ocr_carea' id='block_1_102' title="bbox 347 5865 1940 5934">
    <p class='ocr_par' dir='ltr' id='par_1_102' title="bbox 347 5865 1940 5934">
     <span class='ocr_line' id='line_1_102' title="bbox 347 5865 1940 5934; baseline 0 -17"><span class='ocrx_word' id='word_1_681' title='bbox 347 5866 446 5932; x_wconf 71' lang='grc' dir='ltr'>κήν</span> <span class='ocrx_word' id='word_1_682' title='bbox 481 5866 731 5934; x_wconf 72' lang='grc' dir='ltr'>ἠλικίαν,</span> <span class='ocrx_word' id='word_1_683' title='bbox 769 5865 1014 5921; x_wconf 67' lang='grc' dir='ltr'>δνιίιεῖσαν</span> <span class='ocrx_word' id='word_1_684' title='bbox 1054 5865 1198 5931; x_wconf 68' lang='grc' dir='ltr'><strong>αὑτῷ</strong></span> <span class='ocrx_word' id='word_1_685' title='bbox 1233 5865 1382 5917; x_wconf 76' lang='grc' dir='ltr'>θείαν</span> <span class='ocrx_word' id='word_1_686' title='bbox 1429 5865 1667 5932; x_wconf 73' lang='grc' dir='ltr'>ἐντολὴν.</span> <span class='ocrx_word' id='word_1_687' title='bbox 1702 5865 1792 5917; x_wconf 73' lang='grc' dir='ltr'><strong>καὶ</strong></span> <span class='ocrx_word' id='word_1_688' title='bbox 1823 5866 1940 5917; x_wconf 70' lang='grc' dir='ltr'>ἐπι-</span> 
     </span>
    </p>
   </div>
   <div class='ocr_carea' id='block_1_103' title="bbox 2043 4655 3633 4725">
    <p class='ocr_par' dir='ltr' id='par_1_103' title="bbox 2043 4655 3633 4725">
     <span class='ocr_line' id='line_1_103' title="bbox 2043 4655 3633 4725; baseline 0.001 -16"><span class='ocrx_word' id='word_1_689' title='bbox 2043 4656 2274 4710; x_wconf 86' lang='lat' dir='ltr'><strong>reddcre</strong></span> <span class='ocrx_word' id='word_1_690' title='bbox 2297 4655 2366 4710; x_wconf 88' lang='lat' dir='ltr'><strong>ab</strong></span> <span class='ocrx_word' id='word_1_691' title='bbox 2402 4657 2496 4711; x_wconf 91' lang='lat' dir='ltr'><strong>illo</strong></span> <span class='ocrx_word' id='word_1_692' title='bbox 2531 4655 2743 4724; x_wconf 86' lang='lat' dir='ltr'><strong>judicio</strong></span> <span class='ocrx_word' id='word_1_693' title='bbox 2773 4658 2918 4725; x_wconf 90' lang='lat' dir='ltr'><strong>quod</strong></span> <span class='ocrx_word' id='word_1_694' title='bbox 2970 4655 3273 4711; x_wconf 88' lang='lat' dir='ltr'><strong>secundum</strong></span> <span class='ocrx_word' id='word_1_695' title='bbox 3307 4658 3576 4710; x_wconf 71' lang='lat' dir='ltr'><strong>rationi-ni</strong></span> <span class='ocrx_word' id='word_1_696' title='bbox 3601 4673 3633 4710; x_wconf 76' lang='grc' dir='ltr'><strong>ιι</strong></span> 
     </span>
    </p>
   </div>
   <div class='ocr_carea' id='block_1_104' title="bbox 2043 4748 3630 4820">
    <p class='ocr_par' dir='ltr' id='par_1_104' title="bbox 2043 4748 3630 4820">
     <span class='ocr_line' id='line_1_104' title="bbox 2043 4748 3630 4820; baseline 0 -17"><span class='ocrx_word' id='word_1_697' title='bbox 2043 4749 2190 4803; x_wconf 91' lang='lat' dir='ltr'><strong>bono</strong></span> <span class='ocrx_word' id='word_1_698' title='bbox 2212 4751 2417 4803; x_wconf 87' lang='lat' dir='ltr'><strong>malum</strong></span> <span class='ocrx_word' id='word_1_699' title='bbox 2454 4748 2739 4814; x_wconf 77' lang='lat' dir='ltr'><strong>discernit,</strong></span> <span class='ocrx_word' id='word_1_700' title='bbox 2797 4758 2852 4804; x_wconf 87' lang='lat' dir='ltr'><strong>et</strong></span> <span class='ocrx_word' id='word_1_701' title='bbox 2909 4749 3077 4820; x_wconf 84' lang='lat' dir='ltr'><strong>hujus</strong></span> <span class='ocrx_word' id='word_1_702' title='bbox 3130 4749 3376 4805; x_wconf 84' lang='lat' dir='ltr'><strong>studium</strong></span> <span class='ocrx_word' id='word_1_703' title='bbox 3405 4750 3630 4803; x_wconf 88' lang='lat' dir='ltr'><strong>omnino</strong></span> 
     </span>
    </p>
   </div>
   <div class='ocr_carea' id='block_1_105' title="bbox 2043 4840 2780 4913">
    <p class='ocr_par' dir='ltr' id='par_1_105' title="bbox 2043 4840 2780 4913">
     <span class='ocr_line' id='line_1_105' title="bbox 2043 4840 2780 4913; baseline 0 -16"><span class='ocrx_word' id='word_1_704' title='bbox 2043 4845 2289 4897; x_wconf 82' lang='lat' dir='ltr'><strong>damnat.</strong></span> <span class='ocrx_word' id='word_1_705' title='bbox 2325 4840 2485 4899; x_wconf 90' lang='lat' dir='ltr'><strong>Unde</strong></span> <span class='ocrx_word' id='word_1_706' title='bbox 2507 4844 2780 4913; x_wconf 83' lang='lat' dir='ltr'><strong>sequitur.</strong></span> 
     </span>
    </p>
   </div>
   <div class='ocr_carea' id='block_1_106' title="bbox 2112 5108 3655 5177">
    <p class='ocr_par' dir='ltr' id='par_1_106' title="bbox 2112 5108 3655 5177">
     <span class='ocr_line' id='line_1_106' title="bbox 2112 5108 3655 5177; baseline 0.001 -14"><span class='ocrx_word' id='word_1_707' title='bbox 2112 5111 2276 5164; x_wconf 68' lang='lat' dir='ltr'><strong>Vens.</strong></span> <span class='ocrx_word' id='word_1_708' title='bbox 2314 5111 2402 5164; x_wconf 87' lang='lat' dir='ltr'><strong>l7.</strong></span> <span class='ocrx_word' id='word_1_709' title='bbox 2445 5108 2580 5177; x_wconf 87' lang='lat' dir='ltr'><strong>Fili,</strong></span> <span class='ocrx_word' id='word_1_710' title='bbox 2617 5128 2679 5166; x_wconf 85' lang='lat' dir='ltr'><strong>ne</strong></span> <span class='ocrx_word' id='word_1_711' title='bbox 2722 5121 2770 5165; x_wconf 88' lang='lat' dir='ltr'><strong>te</strong></span> <span class='ocrx_word' id='word_1_712' title='bbox 2827 5112 3204 5165; x_wconf 80' lang='lat' dir='ltr'><strong>circumveniet</strong></span> <span class='ocrx_word' id='word_1_713' title='bbox 3230 5112 3655 5166; x_wconf 86' lang='lat' dir='ltr'><strong>malumconsi-.</strong></span> 
     </span>
    </p>
   </div>
   <div class='ocr_carea' id='block_1_107' title="bbox 2044 5203 3636 5274">
    <p class='ocr_par' dir='ltr' id='par_1_107' title="bbox 2044 5203 3636 5274">
     <span class='ocr_line' id='line_1_107' title="bbox 2044 5203 3636 5274; baseline -0.001 -16"><span class='ocrx_word' id='word_1_714' title='bbox 2044 5209 2195 5270; x_wconf 83' lang='lat' dir='ltr'><strong>tium,</strong></span> <span class='ocrx_word' id='word_1_715' title='bbox 2237 5205 2376 5274; x_wconf 86' lang='lat' dir='ltr'><strong>quod</strong></span> <span class='ocrx_word' id='word_1_716' title='bbox 2431 5205 2735 5258; x_wconf 84' lang='lat' dir='ltr'><strong>doctrinam</strong></span> <span class='ocrx_word' id='word_1_717' title='bbox 2801 5203 3175 5259; x_wconf 74' lang='lat' dir='ltr'><strong>adolescentia:</strong></span> <span class='ocrx_word' id='word_1_718' title='bbox 3249 5206 3525 5273; x_wconf 81' lang='lat' dir='ltr'><strong>relinquit,</strong></span> <span class='ocrx_word' id='word_1_719' title='bbox 3586 5215 3636 5258; x_wconf 87' lang='lat' dir='ltr'><strong>et</strong></span> 
     </span>
    </p>
   </div>
   <div class='ocr_carea' id='block_1_108' title="bbox 2044 5299 3636 5370">
    <p class='ocr_par' dir='ltr' id='par_1_108' title="bbox 2044 5299 3636 5370">
     <span class='ocr_line' id='line_1_108' title="bbox 2044 5299 3636 5370; baseline 0 -18"><span class='ocrx_word' id='word_1_720' title='bbox 2044 5310 2258 5368; x_wconf 79' lang='lat' dir='ltr'><strong>partum</strong></span> <span class='ocrx_word' id='word_1_721' title='bbox 2284 5300 2525 5353; x_wconf 77' lang='lat' dir='ltr'><strong>divinum</strong></span> <span class='ocrx_word' id='word_1_722' title='bbox 2584 5300 2937 5356; x_wconf 81' lang='lat' dir='ltr'><strong>obliviscitur.</strong></span> <span class='ocrx_word' id='word_1_723' title='bbox 3001 5299 3101 5354; x_wconf 81' lang='lat' dir='ltr'><strong>Fili</strong></span> <span class='ocrx_word' id='word_1_724' title='bbox 3140 5299 3472 5370; x_wconf 86' lang='lat' dir='ltr'><strong>spiritualis,</strong></span> <span class='ocrx_word' id='word_1_725' title='bbox 3511 5300 3636 5369; x_wconf 80' lang='lat' dir='ltr'><strong>fuge</strong></span> 
     </span>
    </p>
   </div>
   <div class='ocr_carea' id='block_1_109' title="bbox 2046 5391 3635 5471">
    <p class='ocr_par' dir='ltr' id='par_1_109' title="bbox 2046 5391 3635 5471">
     <span class='ocr_line' id='line_1_109' title="bbox 2046 5391 3635 5471; baseline -0.001 -24"><span class='ocrx_word' id='word_1_726' title='bbox 2046 5392 2357 5462; x_wconf 74' lang='lat' dir='ltr'><strong>Spiritualis</strong></span> <span class='ocrx_word' id='word_1_727' title='bbox 2395 5391 2671 5461; x_wconf 89' lang='lat' dir='ltr'><strong>serpentis</strong></span> <span class='ocrx_word' id='word_1_728' title='bbox 2730 5393 2935 5446; x_wconf 82' lang='lat' dir='ltr'><strong>malum</strong></span> <span class='ocrx_word' id='word_1_729' title='bbox 2995 5393 3314 5456; x_wconf 88' lang='lat' dir='ltr'><strong>consilium,</strong></span> <span class='ocrx_word' id='word_1_730' title='bbox 3353 5394 3635 5471; x_wconf 75' lang='lat' dir='ltr'><strong>vincendo</strong></span> 
     </span>
    </p>
   </div>
   <div class='ocr_carea' id='block_1_110' title="bbox 2044 5486 3638 5556">
    <p class='ocr_par' dir='ltr' id='par_1_110' title="bbox 2044 5486 3638 5556">
     <span class='ocr_line' id='line_1_110' title="bbox 2044 5486 3638 5556; baseline 0 -15"><span class='ocrx_word' id='word_1_731' title='bbox 2044 5487 2412 5556; x_wconf 84' lang='lat' dir='ltr'><strong>cupiditates,</strong></span> <span class='ocrx_word' id='word_1_732' title='bbox 2477 5486 2977 5556; x_wconf 84' lang='lat' dir='ltr'><strong>tribulatiouesque</strong></span> <span class='ocrx_word' id='word_1_733' title='bbox 3043 5487 3374 5541; x_wconf 85' lang='lat' dir='ltr'><strong>sustinendo</strong></span> <span class='ocrx_word' id='word_1_734' title='bbox 3429 5503 3552 5542; x_wconf 89' lang='lat' dir='ltr'><strong>:ne</strong></span> <span class='ocrx_word' id='word_1_735' title='bbox 3585 5497 3638 5541; x_wconf 86' lang='lat' dir='ltr'><strong>te</strong></span> 
     </span>
    </p>
   </div>
   <div class='ocr_carea' id='block_1_111' title="bbox 2045 5581 3632 5652">
    <p class='ocr_par' dir='ltr' id='par_1_111' title="bbox 2045 5581 3632 5652">
     <span class='ocr_line' id='line_1_111' title="bbox 2045 5581 3632 5652; baseline 0.001 -19"><span class='ocrx_word' id='word_1_736' title='bbox 2045 5582 2287 5636; x_wconf 77' lang='lat' dir='ltr'><strong>molliter</strong></span> <span class='ocrx_word' id='word_1_737' title='bbox 2347 5596 2507 5652; x_wconf 78' lang='lat' dir='ltr'><strong>geras</strong></span> <span class='ocrx_word' id='word_1_738' title='bbox 2556 5581 2702 5636; x_wconf 90' lang='lat' dir='ltr'><strong>circa</strong></span> <span class='ocrx_word' id='word_1_739' title='bbox 2729 5581 2931 5636; x_wconf 90' lang='lat' dir='ltr'><strong>bonum</strong></span> <span class='ocrx_word' id='word_1_740' title='bbox 2984 5581 3130 5650; x_wconf 92' lang='lat' dir='ltr'><strong>quod</strong></span> <span class='ocrx_word' id='word_1_741' title='bbox 3170 5591 3278 5634; x_wconf 90' lang='lat' dir='ltr'><strong>ate</strong></span> <span class='ocrx_word' id='word_1_742' title='bbox 3309 5583 3632 5651; x_wconf 82' lang='lat' dir='ltr'><strong>requirunt:</strong></span> 
     </span>
    </p>
   </div>
   <div class='ocr_carea' id='block_1_112' title="bbox 2047 5674 3636 5745">
    <p class='ocr_par' dir='ltr' id='par_1_112' title="bbox 2047 5674 3636 5745">
     <span class='ocr_line' id='line_1_112' title="bbox 2047 5674 3636 5745; baseline 0.001 -18"><span class='ocrx_word' id='word_1_743' title='bbox 2047 5674 2192 5742; x_wconf 89' lang='lat' dir='ltr'><strong>quod</strong></span> <span class='ocrx_word' id='word_1_744' title='bbox 2235 5676 2533 5730; x_wconf 89' lang='lat' dir='ltr'><strong>consilium</strong></span> <span class='ocrx_word' id='word_1_745' title='bbox 2600 5674 2823 5744; x_wconf 80' lang='lat' dir='ltr'><strong>irrepsit</strong></span> <span class='ocrx_word' id='word_1_746' title='bbox 2869 5675 2921 5729; x_wconf 93' lang='lat' dir='ltr'><strong>in</strong></span> <span class='ocrx_word' id='word_1_747' title='bbox 2977 5674 3396 5745; x_wconf 82' lang='lat' dir='ltr'><strong>protoplastum,</strong></span> <span class='ocrx_word' id='word_1_748' title='bbox 3435 5684 3489 5727; x_wconf 89' lang='lat' dir='ltr'><strong>ut</strong></span> <span class='ocrx_word' id='word_1_749' title='bbox 3553 5692 3636 5729; x_wconf 88' lang='lat' dir='ltr'><strong>rc-</strong></span> 
     </span>
    </p>
   </div>
   <div class='ocr_carea' id='block_1_113' title="bbox 2047 5768 3636 5839">
    <p class='ocr_par' dir='ltr' id='par_1_113' title="bbox 2047 5768 3636 5839">
     <span class='ocr_line' id='line_1_113' title="bbox 2047 5768 3636 5839; baseline -0.001 -16"><span class='ocrx_word' id='word_1_750' title='bbox 2047 5771 2319 5839; x_wconf 83' lang='lat' dir='ltr'><strong>linquerct</strong></span> <span class='ocrx_word' id='word_1_751' title='bbox 2357 5768 2596 5822; x_wconf 88' lang='lat' dir='ltr'><strong>divinam</strong></span> <span class='ocrx_word' id='word_1_752' title='bbox 2619 5770 2979 5832; x_wconf 89' lang='lat' dir='ltr'><strong>voluntatem,</strong></span> <span class='ocrx_word' id='word_1_753' title='bbox 3011 5784 3130 5838; x_wconf 69' lang='lat' dir='ltr'><strong>qua:</strong></span> <span class='ocrx_word' id='word_1_754' title='bbox 3168 5769 3216 5822; x_wconf 86' lang='lat' dir='ltr'><strong>ei</strong></span> <span class='ocrx_word' id='word_1_755' title='bbox 3251 5778 3308 5822; x_wconf 94' lang='lat' dir='ltr'><strong>ut</strong></span> <span class='ocrx_word' id='word_1_756' title='bbox 3346 5769 3489 5822; x_wconf 78' lang='lat' dir='ltr'><strong>circa</strong></span> <span class='ocrx_word' id='word_1_757' title='bbox 3523 5785 3636 5835; x_wconf 76' lang='lat' dir='ltr'><strong>spt-</strong></span> 
     </span>
    </p>
   </div>
   <div class='ocr_carea' id='block_1_114' title="bbox 2047 5863 3692 5932">
    <p class='ocr_par' dir='ltr' id='par_1_114' title="bbox 2047 5863 3692 5932">
     <span class='ocr_line' id='line_1_114' title="bbox 2047 5863 3692 5932; baseline -0.004 -10"><span class='ocrx_word' id='word_1_758' title='bbox 2047 5866 2268 5922; x_wconf 82' lang='lat' dir='ltr'><strong>ritualia</strong></span> <span class='ocrx_word' id='word_1_759' title='bbox 2299 5865 2528 5932; x_wconf 83' lang='lat' dir='ltr'><strong>parvulo</strong></span> <span class='ocrx_word' id='word_1_760' title='bbox 2545 5865 2667 5920; x_wconf 81' lang='lat' dir='ltr'><strong>data</strong></span> <span class='ocrx_word' id='word_1_761' title='bbox 2704 5863 2881 5920; x_wconf 78' lang='lat' dir='ltr'><strong>fuerat</strong></span> <span class='ocrx_word' id='word_1_762' title='bbox 2917 5876 2970 5918; x_wconf 81' lang='lat' dir='ltr'><strong>et</strong></span> <span class='ocrx_word' id='word_1_763' title='bbox 3006 5874 3061 5918; x_wconf 87' lang='lat' dir='ltr'><strong>ut</strong></span> <span class='ocrx_word' id='word_1_764' title='bbox 3087 5863 3400 5932; x_wconf 84' lang='lat' dir='ltr'><strong>loqueretur</strong></span> <span class='ocrx_word' id='word_1_765' title='bbox 3431 5865 3623 5919; x_wconf 74' lang='lat' dir='ltr'><strong>incon-</strong></span> <span class='ocrx_word' id='word_1_766' title='bbox 3687 5909 3692 5916; x_wconf 93' lang='lat'><strong>.</strong></span> 
     </span>
    </p>
   </div>
  </div>
