4238 6458
688 357 822 419 1243

2019 374 2368 434 ῐ¹1ὶΟίὊΡΙΙ
2413 379 2655 438 G-\7..li[

3827 385 3966 446 ιειιι

674 472 909 536 ιιιιιιάηιιι
937 470 1090 536 pede,
1144 472 1195 523 in
1257 472 1434 524 anima
1470 473 1658 535 uteris,
1693 483 1742 525 ct
1777 491 1870 541 per
1912 478 2261 535 intervallum

2369 487 2790 554 ἀπαρὲγκὶιτα·
2829 489 2920 540 καὶ
2957 491 3013 541 τὸ
3066 491 3402 558 διανοητικόν
3433 511 3550 556 σου,
3606 488 3760 560 ᾧτινι
3825 499 3968 550 κατά

677 563 945 628 upcraris,
974 579 1038 614 ne
1069 563 1132 613 ad
1171 565 1494 630 ignorantia:
1523 565 1731 632 lapiJrs
1750 568 2017 621 otl'cndas.

749 735 912 790 Vnus.
957 740 1006 790 7.
1048 737 1124 790 Ne
1149 739 1220 791 sis
1245 741 1453 806 sapiens
1488 742 1629 809 apud
1672 746 2024 812 temetipsum.
2061 745 2138 801 Ne
2191 749 2269 802 sis

678 830 875 883 alorlus
913 832 966 882 iu
1017 831 1181 885 rebus
1232 833 1375 900 apud
1439 837 1832 904 temetipsum:
1866 853 1934 891 ne
1964 841 2265 894 secumlum

679 924 855 974 solum
892 932 1041 973 tuum
1079 937 1302 975 sensum
1364 922 1430 976 de
1462 922 1570 976 illis
1599 925 1835 992 judices,
1879 927 2084 980 bonum
2147 929 2266 980 exi-

681 1015 916 1066 stimans
942 1015 1087 1083 quod
1149 1016 1225 1067 illi
1288 1016 1488 1084 placet,
1519 1018 1721 1070 malum
1775 1033 1908 1072 vero
1973 1023 2121 1088 quod
2190 1021 2269 1073 illi

680 1103 953 1172 displicet,
985 1115 1039 1157 et
1063 1106 1189 1158 inde
1214 1106 1502 1160 frustraris
1525 1109 1592 1160 ab
1620 1123 1686 1162 eo
1718 1108 1868 1177 quod
1901 1124 2009 1162 non
2037 1121 2122 1164 est
2146 1126 2271 1166 vere

685 1195 914 1275 lionpm,
939 1204 992 1248 et
1015 1194 1069 1247 in
1100 1195 1152 1248 id
1167 1196 1314 1264 quod
1341 1211 1468 1250 vere
1493 1196 1698 1250 malum
1713 1204 1822 1264 est,
1857 1199 2092 1256 incidas.

758 1377 906 1431 Time
933 1378 1118 1441 Deum,
1175 1389 1225 1432 et
1273 1378 1451 1433 recede
1509 1397 1540 1432 a
1577 1380 1742 1434 malo.
1782 1379 1932 1437 Habe
1965 1390 2149 1437 autem
2175 1382 2270 1438 Dei

681 1470 959 1531 timorem,
985 1480 1038 1523 et
1064 1470 1133 1523 ab
1159 1470 1307 1524 omni
1334 1478 1559 1538 peccato
1592 1473 1808 1526 recede.

752 1647 913 1702 Vens.
947 1647 1000 1701 8.
1045 1647 1192 1701 Tum:
1224 1648 1322 1701 erit
1357 1649 1566 1702 sanitas
1619 1649 1832 1713 corpori
1867 1657 1978 1712 tuo,
2021 1657 2072 1702 et
2101 1648 2271 1701 stabi-

2371 578 2550 645 ψυχὴν
2587 580 2662 640 ὡς
2700 580 2814 631 ’τοδὶ
2851 581 3077 648 διήκεις,
3121 586 3212 636 καὶ
3237 584 3682 654 διαστηματικῶς
3700 588 3970 655 ἐνεργείς,

2371 667 2537 730 λίθοις
2563 669 2786 735 ἀγνοίας
2803 672 2862 722 οὑ
2897 673 2972 740 μὴ
3005 675 3375 746 προσκρούσῃ.

2443 761 2507 823 ζ’.
2534 760 2629 826 Μὴ
2658 761 2783 814 ἴσθι
2818 763 3106 830 φρόνιμος
3138 763 3297 831 παρὰ
3334 765 3589 828 σεαυτῷ.
3612 767 3704 837 Μὴ
3738 768 3827 820 ἔσο
3853 767 3966 818 τῶν

2372 854 2717 920 πραγμάτων
2748 854 3074 922 ἐπιστήμων
3107 857 3198 923 ἀφ’
3227 857 3423 909 ἑαυτοῦ
3447 872 3462 886 ’
3504 858 3644 910 κατά
3678 859 3846 930 μόνην
3871 860 3967 910 αἴ-

2374 942 2568 1010 σθησιν
2597 944 2898 1009 ἀλογίστως
2919 946 3121 1014 κρίνων
3141 947 3306 1009 αὑτά,
3339 949 3432 999 καὶ
3455 947 3628 1000 δοκῶν
3647 949 3808 1001 καλὸν
3839 951 3964 1017 μὲν,

2372 1033 2483 1083 πᾶν
2513 1033 2572 1083 τὸ
2600 1033 2720 1085 κατ’
2751 1033 2919 1104 αὐτὴν
2949 1035 3046 1103 ἡδύ
3074 1050 3090 1065 ο
3126 1036 3294 1088 κακὸν
3313 1037 3388 1098 δὲ,
3408 1040 3516 1090 πᾶν
3549 1041 3611 1090 τὸ
3643 1040 3763 1091 κατ’
3793 1041 3967 1109 αὐτὴν

2371 1123 2533 1191 ἀηδές
2552 1139 2566 1151 ·
2586 1123 2880 1177 κάντεῦθεν
2911 1125 3304 1194 ἀποτυγχάνων
3335 1128 3434 1197 μὲν
3455 1128 3549 1182 τοῦ
3577 1129 3744 1192 ὅντως
3759 1130 3925 1183 καλοῦ
3948 1144 3964 1162 ⁵

2373 1216 2724 1285 περιπίπτων
2751 1215 2808 1268 δὲ
2837 1219 2914 1278 εἰς
2938 1215 2999 1268 τὸ
3029 1216 3243 1287 ἀληθῶς
3268 1219 3460 1272 κακόν.

2445 1394 2635 1446 Φοόοῦ
2661 1393 2732 1445 δὲ
2752 1395 2860 1446 τὸν
2888 1395 3127 1461 Κύριον,
3147 1396 3246 1448 καὶ
3275 1394 3565 1449 ἕκκνῖινον
3589 1397 3707 1450 ἀπὸ
3737 1399 3962 1464 παντὸς

2373 1485 2581 1540 κακοῦ.
2622 1486 2782 1538 ’Λλλά
2815 1486 2980 1555 φόϐον
3008 1486 3098 1556 ἔχε
3138 1487 3296 1552 Θεοῦ,
3342 1488 3436 1542 καὶ
3484 1489 3662 1558 πάσης
3688 1492 3967 1560 ἁμαρτίας

2373 1574 2665 1645 ἀπόστηοι.

2445 1672 2515 1735 η’.
2563 1667 2701 1719 Τότε
2739 1667 2902 1732 lacu;
2935 1669 3110 1722 ἔσται
3142 1667 3224 1733 τῷ
3256 1668 3486 1738 σώματι
3529 1684 3670 1735 σου,
3703 1673 3800 1724 καὶ
3832 1673 3967 1725 ἐπι-

678 1742 804 1792 lim:
839 1741 1045 1793 ossibus
1077 1742 1206 1794 tuis.
1259 1740 1415 1805 Tunc
1463 1743 1569 1796 erit
1614 1744 1923 1797 carni'tuze
1975 1743 2207 1807 sanitas,
2240 1757 2269 1796 a

2369 1756 2579 1826 μένεια
2610 1759 2735 1822 τοῖς
2768 1758 3004 1821 ὀστέοις
3037 1774 3174 1812 σου.
3224 1758 3537 1830 Τηνικαῦτα
3568 1762 3674 1830 γὰρ
3732 1763 3968 1832 ὑπάρξει

679 1833 907 1885 1ἰϊνι-ηιί
943 1832 1223 1885 actionum
1260 1842 1481 1888 tuarum
1517 1835 1725 1888 malitia
1754 1850 1772 1896 ,'
1800 1843 1856 1888 et
1892 1836 2123 1889 salvatio
2155 1834 2264 1888 ani-

2369 1821 2640 1917 θεραπεία
2680 1850 2778 1918 μὲν
2816 1853 2882 1920 τῇ
2913 1850 3076 1920 σαρκί
3107 1867 3225 1912 σου,
3255 1821 3364 1904 ἀπὸ
3389 1852 3490 1919 τῆς
3529 1821 3656 1904 κατ’¹
3679 1821 3968 1922 ἐνέργειαν

674 1938 777 1976 mre
799 1932 905 1977 tua:
935 1923 1216 1992 polentiis,
1243 1941 1367 1992 qua:
1422 1934 1683 1995 tanquam
1714 1939 1864 1988 ossa,
1897 1941 1995 1995 pro
2029 1941 2094 1981 ea
2136 1935 2266 1981 sunt

677 2018 1016 2080 lulcimenta,
1047 2032 1114 2071 ne
1139 2016 1487 2087 li'angantur.

747 2214 910 2269 Vens.
943 2217 998 2270 9.
1061 2214 1279 2268 Honora
1321 2214 1486 2268 Deum
1516 2215 1578 2268 de
1632 2215 1738 2268 tuis
1757 2213 1921 2283 justi:
1959 2212 2256 2267 laboribus.

668 2311 816 2362 Ull'cr
851 2308 984 2373 Duo,
1019 2318 1076 2361 ιιι
1100 2323 1294 2362 servus
1334 2306 1582 2367 domino,
1616 2321 1683 2358 ex
1734 2307 1816 2361 eis
1848 2321 1970 2376 qua:
2002 2321 2095 2375 per
2118 2305 2261 2358 labo-

673 2405 1006 2457 icmanima-
1053 2410 1107 2455 et
1173 2400 1425 2469 corporis
1480 2397 1861 2469 requisivisti;
1917 2413 1984 2453 ex
2007 2413 2256 2468 corpore,

668 2509 789 2562 qua:
819 2495 936 2546 sine
969 2490 1203 2560 proximi
1243 2491 1581 2544 detrimento
1637 2488 1882 2542 lucratus
1918 2503 2011 2552 es;
2044 2502 2109 2540 ex
2140 2489 2259 2541 aui-
2297 2479 2307 2489 ’

669 2604 777 2643 tua.
814 2593 1148 2644 castitatem,
1180 2590 1557 2652 paupertatem
1589 2619 1603 2642 ,
1653 2588 1708 2633 et
1755 2579 1976 2642 similia,
2011 2594 2153 2648 quae,
2206 2587 2259 2632 et

667 2677 888 2746 quidem
930 2677 1024 2728 illo
1054 2689 1163 2728 nou
1205 2682 1514 2742 repetente,
1543 2671 1775 2726 ﬁdeliter
1801 2672 2058 2731 servasti,
2096 2679 2153 2724 ut
2183 2671 2258 2723 illi

669 2787 767 2838 pro
793 2770 939 2822 dono
976 2769 1176 2822 olleras
1210 2766 1345 2830 hinc,
1377 2779 1476 2835 pro
1512 2765 1719 2834 quibus
1761 2764 1884 2833 ejus
1914 2763 2260 2818 custodivisti

668 2862 948 2915 mandata.

742 3037 1100 3105 Etprimitim
1155 3036 1226 3088 da
1274 3037 1320 3089 ci
1358 3035 1422 3089 de
1456 3035 1560 3088 tuis
1609 3034 1872 3102 fructibus
1925 3034 2170 3097 iustitite.
2199 3034 2261 3088 Et

2367 1938 2663 2008 φοροποιοῢ
2705 1940 2934 2002 κακίας·
2972 1943 3323 2012 περιποίησις
3352 1943 3410 1996 δὲ
3431 1945 3554 2006 ταῖς
3583 1945 3737 2014 δίκην
3758 1947 3966 1998 ὀστέων

2365 2034 2690 2094 τονωτικαῖς
2719 2032 2818 2101 τῆς
2866 2031 3045 2102 ψυχῆς
3083 2050 3178 2087 σου
3218 2035 3533 2105 δυνάμεσιν,
3573 2035 3713 2089 ὥστε
3750 2039 3826 2107 μὴ
3866 2038 3967 2090 τοῦ

2365 2119 2577 2183 δέοντος
2612 2123 2795 2193 παραθ
2805 2123 3091 2192 ραύεσθαι.

2437 2211 2501 2265 θ’.
2540 2214 2684 2282 Τίμα
2735 2215 2842 2267 τὸν
2886 2215 3105 2282 Κύριον
3144 2215 3265 2268 ἀπὸ
3293 2214 3421 2268 σῶν
3449 2217 3698 2270 δικαίων
3732 2220 3966 2274 πόνων.

2364 2305 2409 2357 Π
2416 2305 2647 2374 ρόσφερε
2670 2305 2726 2357 δὲ
2755 2303 2832 2374 τῷ
2869 2306 3010 2375 θεῷ,
3052 2307 3126 2370 ὼς
3152 2307 3388 2379 δεσπότῃ
3409 2309 3617 2372 δοῦλος,
3643 2312 3735 2378 ἀφ’
3767 2304 3844 2366 ὧν
3869 2316 3973 2366 αὑ-

2361 2394 2452 2457 τὸς
2476 2395 2602 2465 περὶ
2631 2393 2731 2464 τὴν
2766 2394 3089 2464 σωματικὴν
3119 2398 3213 2448 καὶ
3257 2396 3352 2467 τὴν
3386 2399 3765 2468 πνευματικὴν
3795 2402 3974 2468 ἐργα-

2363 2488 2485 2540 σίαν
2518 2487 2873 2556 πεπόνηκας’
2914 2487 2978 2540 ὲκ
3011 2487 3109 2556 μὲν
3156 2489 3254 2558 τῆς
3291 2493 3638 2561 σωματικῆς,
3683 2492 3753 2543 τά
3786 2495 3862 2560 μὴ
3899 2494 3974 2545 ὲκ

2365 2578 2570 2649 βλάσης
2601 2577 2710 2630 τῶν
2742 2578 2911 2641 πέλας
2935 2579 3301 2649 ὲπικτηθέντα
3329 2597 3443 2633 σοι·
3477 2581 3541 2634 ἐκ
3567 2581 3622 2634 δὲ
3653 2583 3753 2650 τῆς
3795 2601 3972 2636 πνευ-

2365 2669 2640 2739 ματικῆς,
2683 2668 3018 2739 παρθενίαν,
3059 2672 3485 2741 ἀκτημοσύνην,
3533 2674 3628 2725 καὶ
3673 2674 3742 2725 τὰ
3763 2677 3930 2744 ὅμοια.
3957 2678 3975 2692 ⁸

2362 2759 2508 2830 ᾶπερ
2535 2762 2630 2812 καὶ
2663 2761 2738 2829 μὴ
2779 2761 3106 2832 ἀπαιτηθεὶς
3159 2763 3289 2832 παρ’
3320 2763 3515 2827 αὑτοῦ,
3558 2764 3783 2828 δικαίως
3833 2767 3978 2832 ἐφύ-

2362 2851 2736 2917 λαξας,.ῶστε
2789 2851 2937 2922 δῶρα
2981 2857 3354 2923 προσαγαγεῖν
3404 2855 3556 2926 αὐτῷ
3581 2855 3792 2921 ταῦτα,
3847 2859 3978 2912 ἀνθ’

2362 2937 2437 2996 ὧν
2463 2944 2737 3014 ἐτήρησας
2763 2943 2993 2997 ἐντολῶν
3020 2944 3207 3000 αὐτοῦ.

2434 3037 2544 3090 Καὶ
2575 3035 2854 3106 ἀπάρχου
2898 3035 3060 3102 αὐτῷ
3079 3036 3199 3090 ἀπὸ
3227 3036 3356 3091 σῶν
3383 3041 3629 3109 καρπῶν
3654 3043 3984 3105 amate-57th

669 3140 728 3182 ιιι
771 3132 1064 3198 primitias,
1099 3130 1234 3182 oll'er
1298 3127 1498 3182 illi.de
1545 3127 1819 3181 fructibus
1871 3143 1982 3180 non
2029 3130 2256 3196 rapinae,

2369 3147 2498 3196 γης.
2533 3130 2642 3182 Καὶ
2668 3129 2744 3190 ὥς
2769 3145 2924 3191 τινας
2954 3127 3211 3197 ἀπαρχάς
3243 3129 3490 3197 πρόσαγε
3509 3132 3702 3202 τούτῳ,
3727 3133 3836 3184 τῶν
3872 3135 3984 3202 μὲν

668 3225 762 3276 sed
799 3232 1069 3276 terrarum
1102 3233 1342 3286 tuarum,
1370 3229 1428 3274 ut
1453 3220 1640 3289 justus
1692 3219 1849 3283 Abel,
1887 3221 2132 3274 omnium
2166 3221 2288 3285 Ιιο-,

671 3318 1034 3371 ιιυιηιιιιιιοιοε
1072 3326 1124 3370 et
1163 3315 1444 3378 meliores,
1480 3328 1708 3382 Operum
1739 3324 1960 3367 tuorum
1995 3316 2265 3369 bonorum

673 3409 1024 3471 intentiones,
1057 3407 1240 3461 omnia
1286 3413 1509 3476 propter
1534 3413 1680 3459 ‘eum
1718 3405 2018 3475 operando.

743 3586 906 3642 Vsus.
942 3588 1028 3641 10.
1068 3585 1134 3640 Ut
1178 3587 1505 3655 impleantur
1534 3589 1728 3642 horrea
1775 3589 2144 3657 tuafrumettti
2179 3604 2267 3655 sa-

667 3682 906 3744 turitate,
941 3689 991 3732 et
1040 3681 1158 3732 vino
1212 3681 1510 3733 toreularia
1548 3691 1640 3734 tua
1691 3681 2005 3736 redundent.
2048 3681 2138 3746 Ut,
2161 3678 2272 3735 Deo

665 3776 763 3828 tibi
803 3774 1237 3828 benedictionem
1275 3774 1464 3838 dante,
1499 3775 1696 3828 horrea
1754 3783 1808 3829 et
1863 3775 2162 3829 toreularia
2190 3789 2271 3828 re-

667 3870 922 3937 pleantur
971 3869 1055 3923 his
1120 3883 1243 3938 qua:
1274 3869 1340 3922 ad
1412 3883 1618 3938 corpus
1664 3870 1983 3924 necessaria
2013 3877 2181 3924 sunt:
2215 3877 2273 3922 ut

667 3961 908 4029 potentia
964 3961 1162 4015 anima:
1216 3971 1322 4015 tute
1357 3963 1599 4030 practica
1660 3961 1937 4033 repleatur
1975 3963 2273 4019 virtutibus

665 4063 725 4107 ut
780 4053 1112 4125 quibusdam
1146 4054 1446 4118 fructibus,
1482 4054 1770 4125 productis
1811 4056 1970 4126 quasi
2003 4071 2070 4110 ex
2105 4054 2274 4111 semi-

665 4163 734 4201 nc
795 4145 1180 4201 mandatorum
1239 4145 1578 4214 divinorum,
1645 4155 1699 4201 et
1749 4147 2113 4217 intelligentia
2173 4154 2272 4199 tua

661 4241 911 4296 scientia:
960 4241 1338 4304 sermonibus,
1403 4240 1478 4293 ita
1530 4248 1591 4293 ut
1631 4239 1836 4295 divinis
1923 4239 2274 4310 dogmatibus

663 4335 984 4401 ﬂiicmibus,
1014 4345 1280 4405 tanquam
1329 4351 1392 4390 ex
1456 4334 1720 4400 racemis,
1781 4335 1901 4406 ipse
1957 4333 2272 4400 abundans,

664 4428 817 4483 inure
850 4428 1244 4496 magistrorum
1280 4428 1626 4494 docentium,
1685 4429 1854 4484 saties
1875 4430 2114 4485 aliorqu
2149 4427 2273 4482 ani-

662 4537 805 4588 mas,
841 4522 970 4576 vino
995 4523 1231 4593 spiritali
1267 4523 1394 4578 illos
1436 4522 1737 4578 recreanti.
1883 4518 1890 4525 ’

736 4709 899 4762 Vens.
944 4710 1024 4762 ll.
1063 4708 1416 4778 Disciplinam
1458 4707 1695 4771 Domini,
1760 4706 1843 4773 [ili
1900 4709 1994 4772 nti,
2031 4723 2094 4762 ne
2127 4705 2264 4775 abji-

663 4805 793 4866 riar,
838 4819 929 4856 nec
967 4801 1186 4870 deﬁcias
1235 4817 1356 4854 cum
1388 4800 1453 4854 ab
1485 4817 1544 4854 eo
1568 4799 1880 4869 corripcris.
1947 4796 2050 4852 Fili
2105 4797 2271 4868 spiri-

661 4895 850 4956 tnalis,
878 4894 1115 4947 viriliter
1172 4894 1385 4947 sustine
1421 4891 1810 4945 tribulationes
1841 4903 1964 4958 quae
2017 4887 2117 4941 tibi
2178 4887 2268 4950 ine

661 4987 796 5049 vito,
832 4984 1046 5053 judicio
1085 4982 1179 5037 Dei
1237 4983 1538 5038 accidunt:
1600 4990 1654 5035 et
1691 4995 1759 5036 ne
1795 4979 2024 5034 delicias
2055 4993 2179 5032 cum
2216 4986 2269 5031 te

660 5075 910 5144 arguerit
939 5076 1007 5129 de
1040 5076 1307 5144 peccatis,
1348 5092 1472 5145 qua:
1492 5073 1590 5129 tibi
1626 5071 1948 5127 manifestat
1983 5084 2082 5140 per
2132 5069 2270 5124 allii—

659 5170 905 5224 ctiouum
945 5169 1312 5241 inrasmnem.

735 5351 904 5404 Vsus.
939 5352 1022 5406 12.
1058 5353 1220 5416 Quem
1244 5353 1383 5406 enim
1406 5352 1581 5422 diligit
1616 5350 1754 5406 Deus
1803 5351 2046 5420 corripit.
2081 5348 2271 5415 Illum,

663 5443 757 5510 qui
795 5443 934 5495 inse
964 5443 1055 5496 Dei
1101 5461 1345 5498 amorem
1381 5447 1689 5515 i-nguoscit,
1733 5445 1963 5511 corripit
2007 5443 2270 5497 Dominus

667 5548 758 5602 per
792 5533 1201 5598 trilmlatimu-s,
1242 5547 1301 5589 ut
1338 5547 1486 5590 recte
1538 5535 1800 5598 ambulet,
1827 5535 1957 5588 dum
1991 5534 2143 5587 illtnn
2174 5537 2267 5604 qui

667 5625 828 5678 talem
867 5643 974 5680 ttult
1013 5630 1179 5681 sentit
1227 5644 1492 5693 amorem,
1530 5646 1637 5683 non
1697 5629 1979 5698 corripiat.
2018 5626 2273 5697 Castiga-

667 5719 747 5770 tio
776 5719 923 5773 enim
977 5739 1082 5776 non
1142 5731 1418 5788 rorrccto,
1487 5723 1581 5777 sed
1645 5722 2054 5794 blaspltemanti
2113 5719 2270 5776 aﬂert

669 5815 1077 5875 ir'ilvttlatiours.

2376 3223 2449 3292 μὴ
2477 3219 2586 3273 ἀπὸ
2610 3220 2868 3290 ἁρπαγῆς
2891 3217 3008 3272 ἀλλ’
3042 3219 3151 3271 ἀπὸ
3175 3219 3276 3288 τῆς
3313 3220 3412 3289 σῆς
3441 3222 3682 3292 ἀρούρης
3712 3223 3982 3293 καρπῶν,

2373 3313 2512 3367 κατὰ
2534 3314 2624 3366 τὸν
2660 3313 2930 3383 μακάριον
2961 3311 3160 3376 Ἀϐελ,
3209 3313 3335 3377 τοὺς
3361 3313 3470 3366 τῶν
3497 3314 3674 3368 ἄλλων
3712 3317 3984 3384 τιμιωτέ-

2375 3423 2502 3476 ρους
2525 3408 2616 3459 καὶ
2645 3405 2960 3478 κρείττονας
2987 3420 3000 3433 ·
3029 3404 3137 3456 τῶν
3160 3404 3215 3457 δὲ
3251 3405 3373 3458 κατ’
3399 3407 3602 3476 ἀρετὴν
3629 3407 3809 3478 ἔργων
3851 3426 3984 3472 σου,

2371 3499 2470 3558 τάς
2504 3498 2711 3560 αἰτίας·
2745 3498 2913 3550 ποιῶν
2943 3497 3160 3549 ἅπαντα
3189 3498 3365 3550 ταῦτα
3386 3497 3477 3551 διά
3499 3499 3650 3552 Θεόν.

2450 3597 2498 3642 ι’.
2543 3590 2677 3643 Ἵνα
2711 3588 3093 3657 πιμπλῶνται
3116 3590 3186 3642 τὰ
3211 3588 3445 3658 ταμιεῖα
3465 3605 3582 3644 σου
3600 3592 3988 3659 πλησμονῆς

2373 3686 2571 3746 σίτου,
2607 3684 2756 3749 οϊνῳ
2783 3682 2851 3735 δὲ
2885 3685 2944 3735 al
2980 3683 3162 3749 ληνοι
3189 3699 3308 3736 σου
3346 3683 3821 3752 ὺπερόλύζωσιν.
3861 3688 3988 3740 ἰνα

2378 3776 2474 3832 σοῦ
2517 3777 2618 3845 τῆς
2653 3777 2804 3846 παρά
2845 3775 2984 3828 Θεοῦ
3025 3775 3397 3845 τυγχάνοντος
3444 3777 3716 3846 εὐλογίας,
3775 3782 3838 3832 αἱ
3881 3784 3989 3849 μὲν

2375 3871 2654 3940 ἀποθῆκαι
2686 3868 2784 3922 καὶ
2835 3870 2892 3922 αἱ
2949 3869 3104 3938 ληνοὶ
3139 3869 3373 3941 πλήρεις
3413 3870 3706 3940 ὑπάρχωσι
3746 3873 3862 3924 τῶν
3903 3875 3992 3944 τῷ

2378 3963 2593 4033 σώματι
2633 3960 2912 4032 χρειωδῶν
2933 3977 2948 3992 ο
2980 3962 3014 4030 ὴ
3041 3960 3097 4013 δὲ
3133 3962 3418 4030 πρακτική
3450 3977 3547 4014 σου
3601 3961 3717 4026 ἕξις
3761 3967 3993 4035 πεπλη-

2379 4055 2603 4127 ρωμένη
2663 4054 2751 4124 εἴη
2783 4053 2892 4107 τῶν
2941 4053 3017 4116 ὠς
3069 4054 3134 4108 ἐκ
3188 4071 3336 4116 τινος
3393 4054 3598 4125 σπόρου
3645 4054 3755 4108 τῶν
3815 4056 3995 4113 θείων

2377 4146 2631 4209 ἐντολῶν,
2689 4146 3126 4216 γεωργουμένων
3175 4145 3317 4199 κατά
3351 4148 3552 4219 πρᾶξιν
3604 4148 3848 4217 ἀρετῶν,
3893 4147 3994 4204 οἷά

2378 4258 2542 4295 τινων
2594 4238 2864 4316 καρπῶν·
2907 4240 3002 4291 καὶ
3038 4242 3072 4309 ἡ
3120 4239 3434 4312 θεωρητικὴ
3463 4240 3827 4312 πληρουμένη
3874 4244 3994 4296 τῶν

2380 4332 2522 4387 κατά
2571 4331 2776 4400 γνῶσιν
2831 4329 3044 4397 λόγωνο
3105 4332 3518 4402 προχεομὲνων,
3563 4333 3639 4396 ὠς
3683 4332 3748 4386 ἐκ
3811 4352 3994 4388 τινων

2383 4425 2648 4496 βοτρύων,
2674 4425 2781 4478 τῶν
2811 4424 2976 4484 θείων
3009 4423 3324 4492 δογμάτων,
3367 4424 3687 4494 ὑπερεκχέῃ
3709 4425 3993 4480 διδασκα·

2303 4505 2352 4565 Ῑ)
2379 4519 2546 4583 λικῶς
2578 4517 2878 4583 ποτίζουσα
2913 4517 3015 4580 τὰς
3045 4516 3157 4569 τῶν
3187 4517 3368 4572 ἄλλων
3396 4517 3599 4588 ψυχάς,
3635 4518 3732 4572 τὸν
3767 4519 3995 4583 ταύτας

2372 4613 2737 4683 εὐφραίνοντα
2760 4611 2952 4681 νοητὸν
2982 4607 3147 4665 οἶνον.

2445 4703 2531 4760 ια’.
2600 4704 2717 4768 Υἱὲ,
2751 4703 2839 4774 μὴ
2881 4704 3153 4773 ὀλιγώρει
3204 4702 3478 4769 παιδείας
3519 4704 3779 4772 Κυρίου,
3825 4709 3994 4776 μηδὲ

2368 4799 2599 4854 ἐκλύου
2625 4797 2728 4851 ὑπ’
2768 4795 2959 4851 αὑτοῦ
3000 4795 3422 4865 ἐλεγχόμενος.
3472 4786 3678 4850 Τέκνον
3719 4815 3996 4870 πνευμα-

2369 4891 2543 4954 τικδν,
2577 4888 2843 4958 γενναίως
2880 4889 3015 4958 φέρε
3048 4888 3116 4942 τὰ
3150 4889 3334 4958 κρίσει
3379 4887 3520 4942 Θεοῦ
3574 4891 3862 4957 ἀκουσίως
3901 4912 3991 4948 σοι

2372 4984 2722 5053 ἐπερχόμενα
2792 4980 3059 5051 θλιόερά·
3121 4979 3216 5033 καὶ
3283 4979 3359 5050 μὴ
3402 4981 3758 5048 κατάπιπτε,
3823 4989 3993 5057 παρά

2369 5073 2566 5129 τούτου
2597 5071 3159 5143 ὑπομιμνησκόμενος
3197 5087 3295 5123 σου
3328 5070 3401 5124 τά
3439 5071 3848 5143 ἁμαρτήματα,
3882 5077 3991 5147 δη-

2371 5166 2720 5231 λοποιοῦντός
2779 5183 2862 5220 σοι
2896 5165 3074 5220 ταῦτα
3121 5165 3208 5219 διὰ
3263 5164 3362 5235 τῆς
3396 5163 3506 5218 τῶν
3547 5165 3833 5240 δυσχερῶν
3881 5173 3991 5225 £7:-

2372 5261 2624 5330 αγωγῆς.

2445 5351 2532 5421 ιβ’.
2577 5353 2687 5404 Ὃν
2723 5351 2834 5421 γὰρ
2872 5348 3077 5419 ἀγαπᾷ
3114 5352 3353 5420 Κύριος,
3392 5351 3682 5407 παιδεύει.
3723 5352 3833 5405 Τδν
3864 5354 3986 5424 γάρ

2373 5442 2811 5513 ὲπιγινὼσκοντα
2845 5442 2944 5512 τὴν
2974 5442 3170 5496 τούτου
3201 5445 3342 5514 πρὸς
3372 5445 3538 5499 αὑτὸν
3563 5445 3817 5513 ἀγάπην,
3846 5463 3986 5500 παι-

2372 5537 2521 5590 δεύει
2551 5537 2578 5587 ὁ
2612 5533 2822 5604 Κύριος
2863 5532 2954 5586 διά
2985 5532 3096 5586 τῶν
3136 5532 3420 5604 ὀδυνηρῶν
3460 5533 3598 5602 πρὸς
3640 5532 3944 5602 διόρθωσιν
3969 5552 3982 5564 ·

2375 5627 2567 5699 ἐπειδὴ
2602 5627 2679 5697 τῷ
2711 5628 2786 5698 μὴ
2829 5626 3035 5696 ταύτην
3087 5625 3546 5693 ὲπιγινώσκοντι,
3599 5625 3659 5677 οὐ
3720 5625 3983 5679 παιδεία·

2373 5725 2618 5793 τιμωρία
2667 5722 2746 5786 δὲ,
2789 5719 2865 5792 μὴ
2914 5720 3308 5792 διορθουμὲνῳ,
3359 5718 3498 5775 ἀλλὰ
3529 5717 3984 5789 βλασφημοῦντι,

2379 5815 2615 5884 (ιεάςχῖι
2656 5813 2720 5865 τὰ
2753 5812 2996 5882 λυπηρά.
