4238 6458
276 453 296 514 i
308 453 412 518 249

1295 444 1835 509 CUMMENTARII
1874 443 1954 503 ΙΝ
2003 442 2458 506 PROVERBIA.

3370 441 3503 505 1250

262 565 640 634 ἀπαλλαγεῖσά
675 581 768 618 σου
811 565 842 635 ἡ
879 564 1049 634 ψυχὴ,
1090 562 1187 631 τῆς
1220 562 1279 616 tv
1325 559 1592 630 πνεύματι
1629 559 1834 612 ἀπαθεο
1867 566 1908 620 Α

1833 588 1834 591 η
1867 566 1908 620 Α
1941 563 2244 626 operantur
2270 555 2619 623 cupiditates,
2660 569 2784 608 cum
2828 553 3037 609 sciendi
3080 553 3316 623 polentia
3345 554 3507 624 digna

265 664 465 727 στάτης
493 658 811 727 γνωστικῶς
841 654 1102 724 ἀξιωθείη
1139 653 1304 722 ζωῆς.

334 830 442 883 Καί
472 828 645 897 χάρις
662 822 706 899 ᾖ
731 829 864 897 περὶ
908 829 998 891 σῷ
1026 827 1319 895 τραχήλῳ.
1370 825 1479 878 Καὶ
1519 820 1606 877 οἷα
1634 821 1834 875 δικαιο-

265 920 431 987 σύνης
463 918 648 985 ζυγὸς,
686 917 720 988 ἡ
766 917 1090 986 λαμπρότης
1127 915 1237 967 τῶν
1262 913 1490 967 ὲντολῶν
1535 912 1628 966 τοῦ
1674 911 1831 978 Θεοῦ,

265 1007 552 1078 ἐνυπάρχῃ
577 1005 653 1067 ῶς
680 1023 788 1058 τινι
809 1005 1066 1075 τραχήλῳ
1091 1004 1171 1072 τῷ
1193 1003 1272 1072 σῷ
1295 1001 1666 1072 προαιρετικῷ
1698 1017 1834 1070 πρα-

266 1114 494 1160 κτικως.

339 1189 554 1240 Ἔσται
591 1185 659 1239 δὲ
695 1186 859 1248 ιασις
884 1182 1065 1250 σαρξί
1093 1196 1233 1245 σου,
1257 1180 1355 1233 καί
1373 1179 1676 1248 ἐπιμέλεια
1712 1179 1836 1243 τοῖς

265 1279 506 1342 ὀστέοις
533 1292 673 1331 σου.
718 1276 984 1345 ’Υπάρξει
1017 1275 1076 1328 δὲ
1105 1273 1372 1342 θεραπεία
1397 1273 1506 1325 τῶν
1531 1274 1596 1341 τῇ
1629 1271 1835 1341 ἡδυπα-

269 1371 389 1441 θείᾳ
431 1368 921 1438 κατατριϐομένων
970 1365 1066 1419 τοῦ
1120 1365 1369 1435 σώματός
1409 1381 1512 1434 μου
1563 1363 1760 1434 μελῶν,
1801 1364 1834 1432 ἡ

270 1461 633 1531 σωφροσύνη·
692 1461 786 1513 καὶ
853 1455 1203 1528 περιποίησις
1268 1457 1378 1510 τῶν
1427 1456 1582 1525 δίκην
1636 1457 1837 1507 ὀστέων

266 1554 580 1608 τονωτικῶν
605 1555 708 1622 τῆς
737 1552 920 1622 ψυχῆς
968 1567 1062 1602 σου
1091 1549 1397 1620 δυνάμεων,
1423 1551 1504 1614 είς
1543 1549 1606 1600 τὸ
1636 1547 1710 1618 μὴ
1743 1546 1836 1599 τοῦ

266 1640 605 1710 ἁρμόζοντος
650 1635 1127 1708 παραθραύεσθαι,
1177 1639 1211 1708 ὴ
1254 1637 1485 1707 εὐσεϐὴς
1527 1636 1654 1706 περὶ
1702 1635 1835 1688 Θεοῦ

267 1729 474 1784 ἔννοια.

340 1821 450 1889 κγ’.
501 1821 628 1874 ἰνα
673 1821 904 1889 πορεύῃ
936 1818 1233 1884 πεποιθὼς
1265 1817 1335 1870 ἐν
1381 1815 1590 1885 εἰρήνῃ
1636 1813 1839 1878 πάσας

1942 644 2206 698 habeatur
2245 644 2355 697 vita
2393 642 2624 711 spiritali
2656 658 2776 713 qua:
2816 643 2889 698 sit
2934 657 2964 696 a
3017 642 3408 712 cupiditatibus
3443 646 3507 698 li-

1939 732 2088 787 bera.

2011 823 2081 875 Et
2109 825 2290 892 gratia
2313 825 2393 876 .sit
2419 823 2566 877 circa
2597 833 2778 892 guttur
2807 834 2974 878 tuum.
3010 824 3075 876 Et
3101 825 3258 893 quasi
3284 823 3512 893 iustitia

1937 913 2149 983 jugum,
2195 912 2454 984 splendor
2498 915 2882 968 mandatorum
2933 914 3050 979 Dei,
3099 924 3206 971 tua:
3256 917 3513 988 practice

1941 1006 2232 1071 voluntati,
2271 1015 2532 1077 tanquam
2566 1007 2731 1070 collo,
2767 1007 3163 1062 circumdetur.

2012 1175 2130 1230 Erit
2183 1179 2390 1232 sanitas
2439 1180 2589 1232 carni
2640 1190 2765 1243 tum,
2804 1191 2855 1234 et
2901 1185 3106 1236 curatio
3143 1184 3346 1238 ossibus
3388 1186 3512 1238 tuis.

1949 1266 2176 1322 Sanatio
2233 1268 2484 1338 corporis
2540 1271 2616 1324 tui
2677 1273 3096 1336 membrorum,
3151 1289 3180 1326 a
3242 1275 3518 1343 voluptate

1941 1367 2424 1428 consumptorum,
2460 1361 2566 1413 erit
2602 1363 2959 1430 temperantia
2993 1380 3006 1415 :
3040 1372 3094 1415 et
3130 1366 3280 1418 salus
3321 1365 3517 1418 anima:

1943 1457 2052 1502 tua:
2085 1450 2454 1518 potentiarum
2487 1467 2626 1518 quae,
2662 1462 2920 1522 tanquam
2975 1469 3101 1510 ossa
3147 1465 3274 1510 sunt
3317 1471 3418 1526 pro
3455 1470 3518 1510 ea

1945 1536 2289 1602 fulcimenta,
2321 1553 2389 1592 ne
2433 1539 2503 1593 ab
2545 1554 2609 1594 eo
2656 1542 2748 1608 qui
2797 1556 2860 1594 ea
2912 1542 2965 1595 in
3011 1545 3286 1614 propriam
3332 1546 3517 1599 sedem

1942 1628 2210 1692 collocat,
2260 1627 2614 1700 frangantur,
2666 1631 2776 1685 erit
2825 1633 2913 1700 pia
2966 1648 3096 1704 erga
3150 1635 3316 1690 Deum
3370 1638 3520 1706 engi-

1945 1719 2101 1771 talio.

2014 1807 2181 1862 Vens.
2219 1807 2309 1864 23.
2351 1807 2421 1863 Ut
2467 1811 2700 1864 ambules
2739 1813 2795 1865 in
2839 1813 3036 1880 ﬁducia
3079 1824 3130 1868 et
3180 1832 3308 1883 pace
3342 1833 3520 1872 omnes

266 1911 377 1977 τὰς
414 1912 595 1978 ὁδούς
632 1928 782 1976 σου,
831 1914 864 1965 ό
914 1910 982 1963 δὲ
1024 1909 1181 1975 πούς
1235 1925 1351 1962 σου
1405 1909 1476 1961 οὐ
1525 1905 1607 1972 μή
1647 1919 1836 1972 προσο
1871 1909 1940 1961 B‘

1871 1909 1909 1961 Β
1937 1897 2048 1950 vias
2075 1907 2214 1962 tuas,
2237 1908 2288 1952 et
2315 1915 2404 1967 pes
2434 1909 2553 1954 tuus
2583 1913 2686 1953 non
2719 1902 2973 1968 oﬁendat.
3001 1902 3079 1957 Ut
3112 1907 3354 1973 practice
3383 1906 3521 1960 (ldu-

267 2003 486 2070 κόπτῃ.
533 2003 622 2063 Ὠς
680 2001 746 2056 ἂν
797 2002 1126 2073 πρακτικῶς
1190 1999 1443 2069 διεξέρχῃ
1493 1997 1732 2067 θαρρῶν,
1784 1997 1842 2048 tv

267 2095 628 2165 ἀπαθεστάτῃ
657 2093 769 2160 ἔξει
810 2094 903 2146 καὶ
938 2092 1216 2164 άταράχῳ,
1248 2091 1425 2154 πάσας
1461 2089 1560 2152 τάς
1601 2091 1679 2151 είς
1710 2087 1843 2140 Θεὸν

269 2183 551 2254 φερούσας
592 2183 787 2237 τούτου
830 2183 1052 2246 ἐντολάς
1077 2198 1093 2213 ·
1137 2182 1232 2235 καὶ
1277 2181 1340 2233 τὸ
1390 2179 1499 2233 ἀπὸ
1529 2179 1844 2252 προτάσεων

271 2276 602 2345 ἀρχόμενον,
653 2275 750 2328 καὶ
795 2275 960 2345 μέχρι
1001 2273 1489 2344 συμπερασμάτων
1520 2271 1708 2340 διῆκον
1735 2269 1846 2322 δια-

272 2366 529 2437 νοητικόν
564 2383 682 2430 σου,
715 2366 777 2418 οὐ
806 2367 882 2435 μὴ
917 2364 1235 2436 προσκρούῃ
1255 2362 1440 2432 ⁴δόξαις
1461 2362 1738 2432 ψευδέσιν.

345 2460 444 2513 κδ’.
495 2459 638 2513 Ἐὰν
673 2460 785 2529 γὰρ
811 2458 987 2526 κάθῃ,
1026 2457 1252 2527 ἄφοϐος
1284 2456 1432 2526 ἔσῃ·
1466 2457 1575 2510 ἐὰν
1609 2454 1679 2514 δὲ
1707 2456 1847 2508 καθ-

269 2551 478 2620 εύδῃς,
510 2552 708 2620 ἡδέως
743 2549 1064 2616 ὑπνώσεις.
1101 2550 1226 2604 Εἴτε
1269 2550 1379 2621 γὰρ
1415 2547 1511 2602 τοῦ
1555 2548 1716 2602 πόνου
1747 2547 1848 2612 τῆς

273 2643 484 2716 ἀρετῆς
519 2643 717 2713 μικρὸν
739 2644 840 2714 τὴν
869 2644 1047 2713 σάρκα
1065 2640 1442 2705 διαναπαύεις,
1467 2641 1529 2692 οὐ
1561 2639 1846 2710 φοϐηθήσῃ

271 2736 376 2797 τὰς
404 2735 631 2802 ἐφόδους
653 2735 760 2787 τῶν
801 2733 1132 2803 πνευμάτων
1171 2733 1272 2800 τῆς
1315 2731 1576 2802 πονηρίας
1598 2744 1612 2758 ⁸
1655 2729 1730 2792 ὡς
1759 2729 1846 2781 ἀεὶ⁵

269 2829 369 2880 τὸν
406 2827 532 2880 νοῦν
563 2826 704 2897 ἔχων
734 2825 1159 2895 προσηλωμένον
1203 2823 1354 2893 Θεῷ·
1396 2821 1496 2876 εἴθ’
1541 2821 1727 2881 ὑπνοίς
1756 2820 1848 2871 τὸν

270 2918 458 2987 τίμιον
480 2917 727 2969 ἐναντίον
749 2915 958 2986 Κυρίου
986 2914 1217 2968 θάνατον
1245 2911 1355 2965 τῶν
1374 2910 1539 2964 όσίων
1563 2907 1750 2973 αὑτοῦ,
1780 2909 1847 2976 τῇ

1945 1989 2051 2051 cia,
2087 1991 2304 2059 plenus,
2337 1991 2449 2044 vita
2488 2007 2596 2045 non
2646 1993 2886 2057 turbata,
2914 2010 3035 2063 qua:
3084 1997 3154 2049 sit
3185 2011 3215 2048 a
3249 1997 3522 2066 cupidita-

1943 2083 2091 2138 tibus
2137 2084 2332 2150 libera,
2373 2083 2703 2154 ingrediaris
2753 2087 2935 2140 omnia
2985 2087 3078 2142 Dei
3127 2090 3402 2154 mandata,
3451 2092 3518 2145 ad

1945 2176 2096 2230 illum
2130 2175 2362 2231 ferentia
2396 2190 2408 2230 ξ
2443 2184 2503 2231 ιιι
2528 2188 2631 2231 tua
2666 2177 3044 2249 intelligentia,
3073 2195 3104 2234 a
3137 2181 3422 2251 principiis
3452 2183 3519 2236 ad

1944 2266 2354 2328 conclusiones,
2385 2281 2718 2336 percurrens
2746 2270 3100 2337 quaestiones,
3127 2272 3194 2324 ad
3218 2275 3522 2328 sententias

1945 2357 2114 2413 falsas
2143 2372 2252 2411 non
2281 2357 2545 2412 offendat.

2012 2446 2181 2502 Vens.
2212 2448 2303 2502 24.
2337 2447 2400 2504 Si
2436 2448 2748 2517 descendas,
2783 2452 2896 2506 sine
2934 2452 3121 2506 timore
3149 2454 3287 2518 eris;
3321 2455 3368 2509 si
3399 2455 3524 2508 dor-

1946 2543 2154 2605 mieris,
2201 2543 2439 2597 suaviter
2482 2541 2736 2598 dormies.
2788 2544 2844 2598 Si
2892 2559 3093 2615 corpus
3139 2554 3291 2601 tuum
3337 2548 3526 2604 labore

1945 2629 2172 2683 virtutis
2197 2627 2426 2692 fessum,
2465 2630 2745 2698 paululum
2785 2631 3134 2701 requiescere
3161 2634 3423 2699 volueris,
3454 2635 3525 2691 ab

1950 2715 2362 2770 incursionibus
2392 2715 2689 2784 spirituum
2720 2717 3083 2787 malignorum
3128 2734 3236 2773 non
3279 2722 3521 2786 timebis,

1946 2808 2076 2876 quia
2129 2820 2348 2876 semper
2390 2807 2618 2876 spiritus
2673 2815 2803 2864 tuus
2831 2811 2883 2862 in
2912 2809 3024 2864 Deo
3060 2810 3203 2865 fisus
3227 2824 3331 2867 est.
3365 2843 3434 2852 —
3464 2812 3522 2867 Si

1950 2896 2246 2952 dormieris
2292 2906 2522 2951 mortem
2570 2906 2888 2952 sanctorum
2934 2899 3068 2964 Dei,
3116 2904 3412 2970 pretiosam
3467 2907 3520 2958 iu

271 3009 452 3062 ἐλπίδι
481 3008 586 3077 τῆς
607 3005 960 3068 ἀναστάσεως
992 3005 1215 3059 καὶτῶν
1242 3001 1668 3072 ἐπηγγελμένων
1698 2998 1851 3073 παρά

1847 3016 1851 3048 ι
1950 2997 2247 3055 conspectu
2282 2987 2424 3057 ejus,
2456 2989 2879 3045 resurrectionis
2923 2999 2977 3046 et
3023 2991 3288 3046 bonorum
3337 3009 3367 3048 a
3413 2994 3521 3050 Dic

274 3101 416 3154 Θεοῦ
453 3099 699 3167 ἀγαθῶν,
733 3098 831 3168 ἔσῃ
868 3094 1390 3166 ὲπευφραινόμενος.
1950 3079 2347 3147 ρτοωὶεεοτυηι
2379 3093 2476 3147 spe
2503 3078 2787 3147 gaudebis.

345 3199 448 3246 κε’.
501 3191 610 3246 Καὶ
638 3192 712 3244 οὐ
760 3187 1077 3258 φοϐηθήσῃ
1133 3189 1394 3252 πτόησιν
1445 3182 1848 3244 ἐπελθοῦσαν,

273 3284 424 3339 οὐδὲ
462 3283 649 3350 ὁρμὰς
678 3279 915 3336 ἀσεϐῶν
969 3277 1394 3348 ἐπερχομένας.
1435 3277 1546 3330 Καὶ
1588 3275 1648 3328 οὑ
1683 3290 1850 3344 πτοη-

273 3376 421 3446 Θήσῃ
452 3374 541 3428 διὰ
577 3373 819 3436 συνειδὸς
840 3372 1285 3438 ἀκατάγνωστον,
1309 3367 1705 3438 ὲκδειμάτωσίν
1728 3383 1852 3419 τινα

1951 3372 2022 3426 ob
2052 3381 2199 3427 tuam
2237 3374 2774 3443 irrepreheusibilem
2810 3376 3227 3445 conscientiam,
3262 3394 3291 3432 a
3335 3381 3529 3435 timore

269 3465 634 3536 δαιμονιώδη,
666 3463 1128 3534 παραγενομένην
1160 3478 1244 3513 σοι
1265 3461 1404 3531 μετά
1424 3459 1520 3530 τὴν
1543 3459 1722 3525 ἔξοδον
1743 3459 1852 3527 ’τῆς

1949 3457 2213 3514 daemonis
2241 3458 2358 3529 qui,
2384 3460 2438 3513 in
2472 3461 2709 3515 transitu
2740 3461 2809 3516 ab
2845 3463 2948 3516 hac
2984 3469 3236 3533 praesenti
3267 3468 3400 3530 vita,
3431 3469 3529 3521 tibi

270 3557 566 3629 παρούσης
596 3557 764 3627 ζωῆς,
794 3555 936 3609 ὥστε
985 3553 1242 3622 διακόψαι
1280 3569 1339 3606 σε
1377 3552 1476 3621 τῆς
1529 3551 1667 3623 πρὸς
1717 3551 1851 3604 Θεὸν

1952 3551 2150 3618 aderit,
2184 3561 2246 3607 ut
2293 3562 2345 3608 te
2387 3567 2416 3605 a
2465 3552 2556 3608 Dei
2598 3569 2696 3623 spe
2742 3564 2953 3610 avertat
2996 3573 3010 3610 :
3050 3572 3157 3612 nou
3207 3559 3529 3615 formidabis

271 3650 527 3712 ἐλπίδος·
559 3647 683 3702 οὔτε
719 3647 1070 3717 καταδρομὰς
1098 3645 1209 3698 τῶν
1239 3644 1595 3698 ἀποστάντων
1635 3642 1849 3708 τούτου,

1952 3644 2302 3700 incursiones
2331 3643 2427 3698 Dei
2463 3644 2833 3708 inimicorum,
2868 3653 2923 3699 et
2958 3647 3249 3716 spirituum
3281 3652 3527 3723 malitiu:,

270 3743 374 3795 καὶ
409 3743 487 3811 μὴ
524 3740 814 3810 τιμώντων
848 3739 1011 3792 αὑτὸν
1058 3736 1387 3805 πνευμάτων
1431 3734 1532 3804 τῆς
1564 3733 1849 3806 πονηρίας,

1953 3736 2109 3792 illum
2172 3751 2282 3790 non
2314 3737 2606 3790 colentium
2640 3737 2731 3806 qui
2768 3737 2824 3792 in
2855 3739 3049 3795 vita-te
3077 3741 3362 3808 invadunt,
3393 3752 3451 3797 ut
3482 3753 3534 3798 te

272 3833 545 3895 ἐπιούσας
573 3849 657 3884 σοι
681 3833 739 3884 tv
761 3832 898 3901 ζωῇ,
920 3829 1064 3882 ὥστε
1096 3828 1205 3882 τῶν
1229 3827 1389 3881 Θείων
1418 3824 1647 3880 ἐντολῶν
1675 3841 1854 3897 παρα-

1427 3824 1647 3880 ὲντολῶν
1675 3841 1854 3897 παρα·
1956 3827 2050 3883 Dei
2081 3827 2461 3883 mandatorum
2494 3827 2813 3884 violatorem
2840 3828 3101 3887 eﬂiciant.

272 3925 456 3995 ϐάτην
483 3922 870 3976 ἀποδεικνύειν
902 3938 984 3974 σε.

351 4021 467 4081 κς’.
515 4014 577 4067 '0
606 4013 718 4083 τὰρ
741 4013 956 4080 Κύριος
975 4011 1144 4065 ἔσται
1168 4008 1263 4062 ἐπὶ
1294 4007 1509 4062 πασῶν
1532 4006 1688 4062 ὁδῶν
1711 4022 1850 4070 σου,
2023 4006 2025 4012 ⁴

2023 4004 2189 4061 Vens.
2220 4003 2314 4059 26.
2354 4005 2614 4061 Dominus
2654 4009 2755 4061 erit
2799 4009 2854 4062 in
2899 4010 3146 4064 omnibus
3179 4011 3278 4064 riis
3324 4012 3449 4077 tuis,
3482 4024 3533 4067 et

269 4105 379 4160 seat
409 4105 626 4173 ἐρεισει
649 4103 769 4156 σὸν
793 4101 968 4165 πόδα,
992 4101 1093 4154 ἵνα
1113 4099 1198 4168 μὴ
1222 4097 1515 4166 σαλευθῇ.
1543 4098 1716 4161 Αὐτὸς
1743 4098 1854 4166 γὰρ

1954 4098 2190 4168 ﬁrmabit
2237 4097 2418 4164 pedem
2451 4107 2618 4163 tuum,
2651 4115 2714 4154 ne
2738 4101 2937 4155 titubet.
2973 4101 3092 4173 Ipse
3142 4113 3325 4157 autem
3366 4103 3531 4167 Deus,

268 4197 303 4249 ὁ
332 4193 444 4248 τῶν
472 4192 610 4246 ὅλων
640 4192 924 4258 Δεσπότης
957 4190 1112 4254 Θεὸς,
1147 4189 1330 4241 ἔσεται
1373 4189 1433 4240 tv
1481 4188 1686 4252 πάσαις
1729 4189 1854 4252 ταῖς

1954 4192 2198 4246 omnium
2234 4189 2527 4258 Dominus,
2554 4193 2658 4246 erit
2699 4193 2753 4245 in
2791 4195 3049 4249 omnibus
3080 4197 3206 4250 vitae
3235 4197 3392 4251 bonae
3424 4207 3532 4253 tua:

270 4289 338 4341 tv
367 4285 484 4355 ζωῇ
517 4285 639 4337 κατ’
667 4283 873 4352 ἀρετὴν
920 4283 1170 4350 πορείαις
1206 4296 1324 4343 σου,
1366 4277 1577 4348 ὁδηγῶν
1612 4296 1671 4331 σε
1717 4278 1853 4348 πρὸς

1955 4283 2183 4346 semitis,
2226 4289 2279 4336 te
2324 4296 2423 4352 per
2473 4297 2572 4337 sua
2627 4294 2818 4338 sancta
2865 4286 3120 4340 mandata
3178 4289 3244 4342 ad
3301 4290 3531 4344 salutem

272 4373 581 4445 σωτηρίαν,
604 4372 694 4424 διὰ
722 4371 833 4425 τῶν
867 4371 1040 4438 ἁγίων
1084 4367 1252 4422 αὐτοῦ
1286 4368 1518 4422 ἐντολῶν
1538 4385 1550 4398 ·
1591 4368 1731 4422 ἀλλά
1763 4369 1856 4421 καὶ

1956 4371 2201 4439 ducens;
2229 4373 2326 4426 sed
2348 4373 2512 4427 etiam
2547 4374 2601 4426 iu
2619 4375 2864 4428 transitu
2887 4390 2915 4428 a
2940 4377 3050 4429 vita
3079 4381 3357 4446 prmsenti,
3385 4388 3532 4434 tuam

274 4464 424 4538 μετά
472 4463 572 4535 τὴν
621 4463 802 4528 ἔξοδον
845 4463 947 4532 τῆς
994 4462 1276 4533 παρούσης
1310 4461 1475 4530 ζωῆς,
1516 4461 1760 4531 στηρίξει
1795 4464 1856 4515 tv

1957 4465 2010 4518 in
2070 4477 2137 4518 eo
2184 4479 2360 4533 spem,
2406 4474 2466 4518 ut
2516 4466 2806 4533 quemdam
2859 4468 3072 4536 pedem,
3121 4468 3174 4522 in
3224 4469 3344 4524 loco
3393 4479 3533 4537 tuto,

271 4554 464 4626 ἑαυτῷ
493 4554 594 4625 τὴν
625 4554 822 4607 ἐλπίδα
869 4570 1000 4616 σου,
1030 4552 1105 4615 ὥς
1146 4570 1268 4605 τινα
1319 4552 1474 4618 πόδα,
1517 4553 1574 4603 ὲν
1622 4553 1857 4620 ἀσφαλεῖ
1886 4577 1928 4630 D

1886 4577 1928 4630 ι)
1957 4553 2345 4620 consolidabit,
2380 4569 2450 4609 ne
2476 4557 2545 4610 ab
2574 4570 2640 4610 eo
2674 4559 2948 4626 separeris
2976 4576 2989 4612 :
3026 4560 3138 4613 haec
3182 4571 3313 4614 sunt
3354 4570 3534 4617 autem

270 4646 433 4714 τόπῳ
462 4681 479 4709 ,
513 4643 600 4696 ῐνα
637 4644 714 4713 μὴ
757 4640 922 4695 αὑτοῦ
966 4644 1213 4711 ἀποστῇ·
1250 4643 1283 4710 ἠ
1312 4641 1369 4694 δὲ
1393 4641 1460 4694 τὰ
1492 4643 1738 4711 πρακτέα
1772 4659 1854 4696 σοι

1633 4643 1738 4695 ;τέα
1772 4659 1854 4696 σοι
1957 4660 2077 4715 quat
2107 4646 2348 4715 practica
2374 4647 2468 4701 tibi
2500 4648 2755 4717 proponit
2779 4664 2962 4704 meum
2993 4653 3307 4707 consilium.

271 4735 656 4804 ὑποτιθεμένη
686 4732 795 4803 ἐμὴ
833 4731 1178 4802 παραίνεσις,
1205 4730 1344 4800 αὓτη
1370 4732 1536 4786 ἐστίν.

2028 3188 2196 3244 Vsus.
2235 3189 2328 3246 25.
2360 3187 2483 3242 Non
2521 3189 2731 3243 timebis
2766 3199 3017 3245 terrorem
3053 3194 3404 3260 repentinum,
3435 3211 3526 3248 nec

1950 3281 2328 3336 desolationem
2362 3281 2670 3348 impiorum,
2706 3300 2826 3337 cum
2867 3285 3089 3338 venerit.
3127 3283 3243 3340 Non
3287 3287 3523 3349 timebis,

354 4825 460 4891 κζ’.
495 4830 554 4880 Μ
560 4827 595 4894 ὴ
617 4827 861 4893 ἀπόσχῃ
883 4819 951 4878 εὖ
992 4824 1185 4877 ποιεῖν
1208 4822 1408 4890 ἐνδεῆ,
1442 4824 1627 4890 ἡνίκα
1647 4823 1726 4877 ἂν
1745 4825 1855 4892 ἔχῃ

271 4921 317 4988 ἡ
366 4919 498 4988 χείρ
549 4933 668 4972 σου
711 4915 982 4980 βοηθεῖν.
1034 4915 1126 4985 Μὴ
1178 4915 1359 4984 παύσῃ
1413 4916 1720 4983 εὐεργετεῖν
1766 4917 1857 4968 τὸν

272 5013 479 5081 ἔχοντα
538 5008 727 5079 χρείαν
787 5006 1233 5076 εύεργετεῖσθαι·
1264 5007 1367 5069 ἓως
1410 5006 1474 5059 ἄν
1511 5024 1613 5059 ·σοι
1671 5010 1752 5069 εἰς
1799 5009 1858 5059 τὸ

273 5103 555 5169 ἐπαρκεῖν
588 5099 760 5167 αὐτῷ,
798 5098 1087 5166 περιουσία
1118 5098 1288 5152 ἐστίν.

357 5197 466 5260 κη’.
489 5190 585 5256 Μὴ
606 5189 810 5255 είπῃς.
828 5188 1210 5242 Ἐπανελθὼν
1236 5187 1523 5255 ἐπάνηκε,
1540 5188 1637 5242 καὶ
1653 5190 1861 5257 αὔριον

272 5283 480 5347 δώσω,
520 5281 784 5335 δυνατοῦ
849 5297 965 5334 σου
1026 5281 1200 5346 ὄντος
1243 5277 1314 5335 εὖ
1365 5281 1585 5334 ποιεῖν·
1630 5284 1702 5334 οὺ
1753 5281 1860 5349 γὰρ

274 5369 456 5435 οἶδας
489 5370 548 5422 τί
571 5369 804 5432 τέξεται
843 5370 881 5436 ἡ
913 5368 1194 5422 ἐπιοῦσα.
1223 5371 1314 5437 Μὴ
1343 5369 1724 5441 παραπέμψῃς
1764 5371 1861 5422 αὐ-

274 5463 376 5518 τὸν
394 5464 475 5524 είς
493 5460 593 5531 τὴν
622 5459 884 5514 ἐπιοῦσαν
913 5460 1354 5530 ὴμέραν,είπὼν,
1382 5462 1464 5513 ὅτι
1485 5461 1594 5531 Τὴν
1625 5464 1862 5532 σήμερον

281 5555 390 5626 μὲν
421 5552 805 5623 ὑποχώρησον,
845 5550 944 5622 τὴν
973 5551 1018 5604 δ’
1040 5551 1230 5622 αὖριον
1261 5553 1405 5617 ἐλθὲ,
1449 5553 1544 5606 καὶ
1570 5549 1630 5606 οὗ
1673 5555 1863 5625 χρείαν

275 5648 430 5718 ἔχεις
464 5645 735 5714 παράσχω
759 5660 864 5708 σοι,
896 5643 1079 5713 ίσχύος
1103 5644 1414 5714 προσούσης
1439 5661 1519 5697 σοι
1551 5647 1863 5714 παραυτίκα

273 5732 478 5786 τοῦτον
519 5731 865 5802 εὐεργετεῖν·
897 5732 1114 5800 ἀγνοεῖς
1148 5734 1256 5803 γὰρ
1289 5732 1341 5785 τί
1386 5734 1656 5802 ὲπαγάγει
1691 5737 1722 5804 ὴ
1766 5735 1864 5788 αὕ-

284 5844 405 5899 ριον
415 5866 427 5879 .

2027 4841 2196 4899 Vens.
2249 4843 2340 4898 27.
2399 4843 2481 4899 Ne
2547 4847 2815 4901 abstineas
2875 4848 3178 4917 benefacere
3243 4856 3534 4924 indigenti,

1958 4934 2167 5002 quando
2211 4935 2408 5002 poterit
2458 4953 2646 4989 manus
2703 4950 2793 4990 tua
2844 4940 3164 5007 benefacere.
3206 4943 3286 4997 Ne
3317 4946 3538 5005 desinas

1959 5019 2282 5075 benefacere
2321 5023 2419 5087 illi,
2459 5026 2546 5079 cui
2587 5040 2723 5094 opus
2765 5035 2849 5080 est
2900 5030 3127 5094 auxilio,
3166 5035 3410 5101 quandiu
3459 5038 3534 5092 illi

1961 5111 2319 5164 succurrendi
2350 5121 2588 5180 potestas
2619 5115 2724 5169 erit
2753 5117 2874 5170 tibi.

2032 5195 2198 5256 Vens.
2231 5200 2323 5254 28.
2362 5200 2445 5256 Ne
2489 5204 2638 5259 dicas
2678 5222 2697 5261 :
2732 5207 2949 5272 Abiens,
2983 5212 3115 5275 redi,
3149 5224 3197 5266 et
3237 5231 3354 5269 cras
3378 5217 3536 5284 dabo,

1962 5302 2080 5338 cum
2121 5290 2291 5354 possis
2341 5290 2680 5359 benefacere;
2724 5299 2894 5351 nescis
2933 5300 3070 5350 enim
3110 5301 3239 5369 quid
3279 5309 3540 5373 parturiat

1962 5380 2202 5432 crastina
2261 5382 2392 5435 dies.
2455 5383 2528 5438 Ne
2584 5388 2836 5442 remittas
2902 5389 3052 5443 illum
3125 5393 3176 5445 in
3237 5397 3535 5450 crastinam

1963 5468 2130 5535 diem,
2165 5471 2392 5526 dicens:
2432 5473 2607 5530 llodie
2647 5479 2757 5542 abi,
2789 5494 2910 5534 cras
2939 5483 3083 5547 veni,
3118 5491 3172 5537 et
3207 5484 3336 5539 illud
3381 5490 3540 5557 cujus

1964 5574 2102 5626 opus
2147 5571 2231 5616 est
2275 5565 2370 5617 tibi
2413 5566 2583 5633 dabo,
2605 5583 2728 5622 cum
2778 5571 2847 5624 sit
2893 5572 2992 5626 tibi
3037 5575 3218 5641 modo,
3255 5577 3328 5630 illi
3371 5579 3537 5634 bene—

1967 5651 2203 5707 faciendi
2274 5666 2524 5727 prompta
2592 5663 2866 5731 potentia;
2927 5664 3152 5735 ignoras
3205 5669 3349 5723 enim
3406 5672 3538 5741 quid

1970 5742 2201 5799 adducet
2235 5746 2563 5802 crastinum.
