4238 6458
687 387 821 450 19.59

2030 387 2382 448 PROCOPII
2421 389 2663 450 GAZ/El

3833 395 3973 461 1260

687 496 1094 550 invenientibus
1125 510 1212 557 ea,
1249 504 1302 548 ct
1338 496 1490 548 lirma
1525 496 1760 550 remotio
1787 495 2146 564 cupiditatum
2199 495 2270 550 ab

2386 499 2497 560 τοίς
2559 499 2978 568 ἐντυγχάνουσιν
3031 500 3246 566 αὑταῖς,
3300 503 3395 556 καὶ
3457 503 3630 558 ἅπασι
3684 505 3794 566 τοῖς
3865 507 3970 574 τῆς

684 590 940 642 omnibus
988 587 1231 657 corporis
1267 602 1461 641 eorum
1498 587 1782 640 membris.

753 760 921 816 Vens.
961 760 1050 813 2⁸5.
1089 758 1248 814 Omni
1273 756 1518 811 custodia
1544 773 1692 811 serva
1712 773 1805 810 cor
1839 766 1985 810 tuum
2013 775 2025 810 :
2064 773 2184 810 nam
2203 774 2269 812 ea:

685 855 791 908 illis
817 854 1017 907 semita:
1050 854 1189 906 vitm.
1224 850 1328 906 Per
1366 851 1478 904 haec
1527 850 1708 903 omnia
1769 850 1918 903 muni
1961 851 2269 920 intelligen-

687 945 818 998 tiam
865 957 1040 1009 tuam;
1078 959 1175 1013 per
1233 943 1325 996 illa
1387 941 1554 1002 enim,
1612 941 1664 995 in
1698 941 1895 1010 spiritu
1947 942 2268 996 abscondita

685 1039 790 1090 vita
822 1036 1066 1090 nascitur
1084 1034 1297 1090 fortiter
1326 1033 1379 1086 in
1405 1046 1743 1102 unaquaque
1782 1032 1977 1085 anima:
2002 1031 2267 1102 potentia.

757 1208 920 1266 Vsus.
953 1210 1044 1263 ‘21.
1085 1209 1303 1264 Remove
1331 1227 1362 1262 a
1403 1219 1450 1262 te
1475 1223 1533 1261 os
1567 1223 1808 1276 pravum.
1865 1206 2105 1261 Remove
2145 1221 2174 1261 a
2219 1215 2271 1262 te

687 1305 886 1356 malum
915 1304 1116 1357 diaboli
1156 1303 1474 1365 consilium,
1513 1301 1659 1370 quod
1697 1300 1794 1354 tibi
1849 1301 2271 1356 exercitationes

685 1395 947 1448 virtutum
985 1395 1056 1449 ob
1107 1393 1338 1464 gloriam
1373 1393 1515 1463 apud
1564 1393 1818 1448 homines
1851 1393 2268 1461 acquirendam,

689 1488 966 1554 proponit.

759 1575 1023 1643 Eliniqna
1054 1575 1193 1627 labia
1220 1575 1325 1627 sint
1355 1574 1600 1636 procula
1647 1584 1716 1626 le.
1762 1573 1830 1628 Et.
1871 1572 2091 1642 iniquas
2151 1573 2272 1642 ejus

687 1670 996 1731 suasiones,
1019 1683 1138 1737 qua:
1166 1668 1265 1722 tibi
1287 1667 1657 1723 delleicntiam
1694 1681 1722 1720 a
1747 1668 1948 1722 virtute
1983 1666 2270 1732 mandant,

688 1761 844 1829 longe
872 1760 995 1830 luga
1029 1774 1058 1812 a
1092 1769 1164 1813 te.
1795 1771 1803 1778 '

2378 587 2578 655 σαρκὸς
2626 588 2808 641 αὑτῶν
2865 589 3079 658 μέλεσι,
3126 591 3238 646 τῶν
3295 594 3418 646 κατ’
3464 593 3748 662 ἐνέργειαν
3776 594 3969 647 παθῶν

2375 677 2663 748 ἀπαλλαγή
2674 717 2688 731 .

2443 776 2548 836 κγ’.
2581 769 2755 840 Πάσῃ
2788 770 3034 839 φυλακῇ
3063 771 3222 839 τήρει
3257 773 3383 842 σὴν
3409 774 3662 842 καρδίαν
3683 794 3694 804 ·
3741 776 3812 831 ἐκ
3853 777 3966 848 γὰρ

2372 861 2599 913 τούτων
2643 859 2845 923 ἔξοδοι
2875 859 3044 928 ζωῆς.
3082 864 3182 916 Διά
3218 864 3412 916 πασῶν
3461 867 3668 919 τούτων
3722 867 3820 936 τὴν
3865 868 3968 938 σὴν

2374 949 2777 1017 κατασφα>.ίζου
2803 951 3044 1003 διάνοιαν
3063 967 3077 981 ο
3138 952 3199 1015 ἐξ
3219 953 3400 1005 αὑτῶν
3420 955 3529 1025 γὰρ
3559 957 3592 1024 ὴ
3615 958 3669 1007 ὲν
3692 958 3969 1028 πνεύματι

2374 1041 2737 1111 κεκρυμμένη
2783 1042 2896 1112 ζωὴ
2933 1043 3181 1113 πρόεισιν
3231 1044 3316 1112 ἐφ’
3361 1045 3566 1116 ἑκάστῃ
3607 1046 3832 1116 δυνάμει
3863 1049 3968 1118 τῆς

2372 1126 2550 1196 ψυχῆς
2573 1129 2693 1181 κατ’
2723 1129 3029 1198 ἐνέργειαν.

2440 1218 2539 1272 κδ’.
2575 1220 2822 1286 Περίελε
2871 1221 3136 1274 σεαυτοῦ
3174 1224 3432 1278 σκολιὸν
3477 1229 3694 1295 στόμα.
3738 1230 3973 1300 Περίκο-

2373 1307 2474 1376 ψον
2521 1309 2631 1362 ἀπὸ
2671 1315 2767 1362 σοὺ
2821 1310 2919 1380 τὴν
2971 1311 3372 1384 ὑποτιθεμένην
3425 1333 3508 1368 σοι
3549 1316 3649 1380 τὰς
3683 1319 3970 1384 ἐπιτάσεις

2373 1403 2482 1455 τῶν
2510 1404 2724 1471 ἀρετῶν
2757 1404 2846 1456 διά
2874 1404 2974 1475 τὴν
3005 1407 3135 1477 παρ’
3173 1408 3485 1476 ἀνθρώποις
3504 1410 3684 1477 δόξαν,
3718 1416 3970 1484 πονηρὰν

2373 1493 2467 1546 τοῦ
2492 1493 2747 1563 δαίμονος
2775 1512 2838 1548 συ
2847 1495 3107 1565 μδουλήν.

2445 1587 2555 1640 Καὶ
2586 1586 2765 1640 ἄδικα
2807 1589 2981 1655 χειλη
3005 1589 3242 1655 μακρὰν
3265 1590 3383 1642 ἀπὸ
3408 1591 3525 1643 σοῦ
3553 1591 3814 1645 ἇπωσαι.
3856 1594 3967 1646 Καὶ

2375 1679 2474 1741 τὰς
2507 1680 2860 1750 παρανόμους
2897 1678 3178 1747 ὑποθήκας
3210 1680 3400 1744 αὑτοῦ,
3446 1681 3510 1734 αῖ
3549 1698 3632 1734 σοι
3659 1684 3759 1744 τάς
3790 1683 3966 1736 insl-

2377 1769 2497 1838 ψεις
2526 1771 2634 1822 τῶν
2665 1770 2876 1840 ἀρετῶν
2909 1770 3334 1841 ὑπαγορεύουσι,
3366 1775 3559 1844 πόρρω
3585 1776 3648 1827 ὲκ
3690 1774 3785 1828 σοῦ
3825 1777 3966 1829 ἀπο-

2301 1835 2346 1891 Β
2372 1835 2584 1925 δίωξον.

755 1939 919 1992 Vens.
954 1938 1043 1992 ‘25.
1083 1938 1238 1990 Oculi
1273 1937 1349 1990 lui
1402 1945 1545 1990 recta
1594 1937 1827 1992 videant.
1860 1934 2269 1990 lntcllectuales

687 2034 880 2085 anima:
913 2041 1017 2084 tua:
1051 2030 1325 2099 polentia},
1368 2031 1569 2083 nedum
1600 2029 1862 2098 pondere,
1921 2027 1987 2080 ad
2035 2042 2096 2081 ea
2148 2042 2270 2096 quae

687 2140 851 2194 supra
883 2125 995 2178 dixi
1027 2125 1384 2184 inclinentur,
1415 2122 1594 2178 solum
1628 2122 1696 2176 ad
1721 2121 1852 2176 illud
1879 2119 2025 2192 quod
2053 2119 2270 2190 Deoju-

685 2221 924 2273 t’lllltlllln
952 2230 1058 2280 est,
1095 2227 1406 2272 vertantur.

754 2311 819 2364 Et
852 2311 1114 2378 palpebra:
1149 2320 1252 2362 tua:
1295 2309 1450 2376 jusla
1495 2307 1750 2360 indicent.
1785 2304 2263 2375 Concupiscibiles

682 2416 862 2458 autem
889 2417 988 2457 suo
1012 2401 1249 2472 pondere
1283 2400 1530 2455 ferantur
1561 2399 1626 2453 ad
1661 2400 1801 2453 bona
1833 2413 1862 2450 a
1898 2400 2112 2452 ratione
2154 2397 2269 2452 ele-

684 2511 792 2565 ita,
813 2513 1000 2552 verum
1030 2497 1232 2551 bonum
1258 2495 1553 2566 cupiendo,
1578 2504 1630 2548 et
1658 2494 1863 2548 malum
1887 2507 1914 2546 a
1935 2508 1993 2548 se
2009 2489 2269 2562 l‘ugando.
2306 2495 2314 2502 '

755 2677 920 2730 Vens.
955 2677 1046 2730 26.
1071 2674 1258 2730 [lectas
1285 2677 1503 2730 semitas
1536 2675 1622 2743 fac
1661 2675 1767 2726 tuis
1794 2671 2038 2740 pedibus.
2070 2669 2274 2725 Recta:

688 2769 753 2822 ad
783 2784 969 2822 verum
1011 2769 1348 2838 boaumque,
1387 2776 1439 2821 et
1471 2768 1526 2821 in
1564 2766 1772 2820 theoria
1801 2775 1855 2820 et
1882 2765 1935 2819 in
1972 2763 2152 2834 praxi,
2187 2762 2273 2817 [ac

688 2861 912 2914 semitas
952 2868 1095 2925 tuas,
1129 2860 1370 2914 animam
1397 2867 1452 2914 et
1488 2859 1829 2914 voluntatem
1872 2865 2022 2911 tuam
2069 2854 2138 2910 ad
2181 2855 2272 2909 illa

690 2967 936 3008 Ιιιοιύιιε.

758 3043 825 3098 Et
860 3061 1036 3098 omnes
1068 3045 1182 3098 rias
1215 3055 1335 3098 tuas
1369 3043 1576 3098 stabili.
1608 3041 1673 3096 Et
1701 3040 1902 3096 deinde
1925 3039 2047 3110 ejus
2067 3055 2270 3110 praece-

2440 1959 2542 2009 κε’.
2571 1958 2635 2009 οι
2659 1956 2956 2027 ὀφθαλμοί
2984 1975 3102 2012 σου
3129 1958 3272 2025 ὀρθὰ
3288 1958 3712 2022 ,ϐλεπέτωσαη
3742 1959 3808 2012 Al
3826 1959 3970 2012 θεω-

2376 2049 2594 2118 ρητικαὶ
2624 2048 2724 2118 τῆς
2751 2050 2933 2120 ψυχῆς
2967 2068 3060 2104 σου
3091 2050 3825 2120 δυνάμεις,οάπαρεγκλίτως
3862 2051 3970 2120 τῆς

2373 2140 2512 2210 πρὸς
2540 2140 2779 2212 ἑκάτερα
2800 2143 2869 2196 τά
2905 2145 3172 2214 εἰρημένα
3202 2143 3397 2215 ῥοπῆς,
3448 2144 3585 2216 πρὸς
3611 2145 3773 2215 μόνον
3794 2144 3854 2198 τὸ
3875 2145 3970 2197 εὑ-

2374 2231 2603 2302 ἀρεστον
2635 2234 2754 2303 Θεῷ
2783 2236 3293 2290 ἀποσκοπείτωσαν.

2450 2321 2530 2377 Τὰ
2555 2323 2622 2377 δὲ
2648 2325 2933 2394 ,βλέφαρά
2966 2343 3084 2381 σου
3143 2327 3368 2381 νευέτω
3405 2327 3623 2382 δίκαια.
3659 2329 3722 2380 Al
3754 2327 3811 2380 δὲ
3846 2325 3975 2399 ὀρε-

2375 2417 2582 2479 κτικαὶ,
2617 2421 2682 2488 τῇ
2710 2418 2802 2471 ἐπὶ
2833 2421 2946 2482 τοῖς
2985 2422 3125 2472 κατά
3173 2418 3334 2488 λόγον
3371 2419 3712 2490 κρινομένοις
3743 2421 3975 2488 ἀγαθοῖς

2376 2505 2568 2579 [ῥοπῇ]
2620 2512 3212 2578 συγκατανευέτωσαν·
3259 2511 3354 2564 τοῦ
3398 2512 3552 2575 δντος
3601 2513 3701 2581 μὲν
3753 2511 3973 2582 ἀγαθοῦ

2374 2599 2724 2672 ὁρεγόμεναι,
2760 2603 2819 2656 τὸ
2856 2603 2912 2656 δὲ
2945 2605 3115 2656 κακὸν
3148 2605 3653 2678 ἀποστρεφόμεναι.

2447 2701 2560 2758 κς’.
2612 2694 2820 2763 Ὀρθὰς
2862 2700 3102 2764 τροχιὰς
3135 2698 3288 2750 ποίει
3323 2697 3458 2762 σοῖς
3507 2698 3717 2753 ποσίν.
3771 2695 3979 2750 Ἰθυτεο

2376 2786 2486 2848 νεῖς
2540 2785 2676 2856 πρὸς
2732 2786 2830 2857 τὴν
2875 2787 3138 2858 ἀλήθειαν
3177 2791 3271 2841 καὶ
3306 2789 3367 2841 τὸ
3404 2788 3630 2856 ἀγαθὸν,
3669 2789 3795 2848 τοὺς
3826 2791 3979 2842 κατά

2377 2878 2612 2950 θεωρίαν
2670 2882 2766 2933 καὶ
2803 2882 3001 2950 πρᾶξιν
3048 2882 3284 2954 δρόμους
3331 2901 3426 2936 σου
3463 2881 3805 2952 ἀπεργάζου,
3847 2884 3981 2946 ταῖς

2375 2973 2519 3025 κατά
2546 2971 2669 3025 νοῦν
2697 2989 2756 3024 τε
2794 2975 2890 3026 καὶ
2922 2974 3078 3042 λόγον
3108 2975 3208 3045 τῆς
3239 2975 3419 3045 ψυχῆς
3453 2991 3548 3028 σου
3585 2978 3858 3044 κινήσεσι.

2445 3063 2554 3116 Kal
2591 3064 2696 3130 τὰς
2750 3063 2931 3132 ὁδούς
2978 3082 3096 3120 σου
3128 3069 3480 3139 κατεύοιινε.
3515 3065 3826 3120 Κάντεῦθεν
3873 3066 3980 3129 τὰς

685 3147 775 3207 pta
815 3139 1041 3191 firmiter
1070 3152 1351 3207 percurre,
1383 3151 1505 3206 quae
1530 3145 1580 3190 te
1611 3135 1842 3190 scientia
1872 3139 1928 3186 et
1955 3135 2158 3186 virtute
2202 3132 2270 3186 ad

2376 3155 2517 3208 κατά
2542 3154 2746 3224 γνῶσιν
2786 3157 2881 3209 καὶ
2911 3158 3113 3228 ἀρετὴν
3146 3132 3423 3228 ιρεροὺσας
3451 3176 3507 3211 σε
3558 3159 3698 3228 πρὸς
3729 3157 3867 3210 Θεὸν
3895 3158 3979 3222 ὡς

688 3230 875 3291 "cum,
905 3239 1166 3300 tanquam
1217 3230 1282 3282 ad
1318 3229 1689 3299 coguoscihile
1731 3227 1876 3298 quod
1921 3243 2032 3283 non
2093 3233 2272 3298 pctest

2377 3246 2645 3317 ἀλάθητον
2668 3248 2932 3316 γνωστὸν,
2968 3227 3320 3321 καὶνέσχατον
3349 3227 3847 3322 ὀρεκτὸν,ῗὲντολάς
3871 3255 3980 3306 αὑ-

685 3322 972 3382 ahscondi,
1000 3331 1055 3376 et
1096 3321 1161 3375 ad
1193 3336 1511 3392 supremum
1546 3320 2000 3388 concupiscibile,
2033 3317 2243 3371 ferunt.

757 3412 923 3466 Vens.
955 3412 1045 3466 Ἦ.
1081 3411 1162 3465 Ne
1193 3412 1452 3475 det-lines,
1490 3427 1652 3478 neque
1681 3415 1748 3462 ad
1773 3409 2076 3470 dexteram.
2109 3422 2274 3477 neque

683 3507 752 3559 ad
783 3509 1077 3560 sinistram.
1118 3504 1194 3558 Ne
1229 3515 1282 3557 te
1308 3513 1492 3557 vertas
1520 3503 1584 3556 ad
1637 3503 1970 3572 cupiditates
2023 3516 2146 3571 qua:
2182 3501 2266 3554 vel

681 3612 743 3651 rx
776 3596 993 3651 defectu
1024 3595 1106 3649 vel
1135 3611 1200 3649 ex
1229 3609 1463 3649 excessu
1498 3593 1723 3647 virtutis
1757 3594 2037 3647 oriuntur.

753 3690 940 3741 Arertc
984 3686 1164 3756 pedem
1199 3696 1347 3738 tuum
1398 3703 1431 3738 a
1481 3685 1564 3738 via
1611 3685 1756 3737 mala
1808 3695 1856 3738 et
1919 3683 2166 3753 obliqua.
2211 3679 2268 3736 Si

682 3779 848 3847 hujus
881 3777 1024 3832 modi
1054 3778 1185 3847 quid
1221 3789 1269 3831 te
1295 3774 1551 3838 subierit,
1585 3784 1645 3828 ut
1687 3773 2052 3844 intelligentia
2084 3781 2178 3825 tua
2202 3770 2271 3825 ad

680 3872 791 3925 ista
827 3879 1140 3932 moveatur,
1177 3882 1398 3921 remove
1432 3867 1580 3920 illam
1600 3873 1849 3935 prompte
1883 3882 1910 3916 a
1941 3862 2272 3932 contagione

681 3962 903 4016 malitia
933 3975 1054 4030 qua:
1078 3961 1228 4012 venit
1261 3956 1531 4027 abinopia
1561 3957 1782 4010 virtutis
1828 3971 1843 4021 ;
1876 3963 1930 4011 et
1965 3969 1994 4008 a
2027 3957 2270 4027 nequitia

679 4069 801 4124 qua:
824 4068 890 4108 ex
929 4052 1148 4106 virtutis
1176 4050 1600 4119 exaggeratione
1625 4047 1824 4109 oritur,
1844 4045 1990 4116 quod
2012 4055 2096 4102 est
2119 4047 2269 4101 illum

680 4149 858 4201 solum
893 4145 1134 4198 laborem
1174 4157 1386 4206 amare,
1426 4140 1478 4194 in
1520 4154 1630 4209 quo
1679 4139 1827 4208 quis,
1885 4154 1994 4192 non
2042 4145 2273 4208 propter

679 4235 980 4303 tieum,sed
1020 4243 1239 4306 propter
1260 4233 1542 4287 hominum
1567 4234 1821 4303 gratiam,
1845 4229 2071 4286 inhaeret
2101 4229 2268 4285 bono.

725 4440 884 4499 'Vias
929 4453 1105 4496 autem
1150 4459 1271 4514 qum
1314 4459 1346 4496 a
1375 4441 1575 4496 dealris
1610 4453 1734 4496 sunt
1786 4444 1929 4496 novit
1985 4441 2266 4497 Dominus.

2375 3338 2468 3392 τοῦ
2501 3340 2757 3403 ἀπλανῶς
2788 3341 3113 3413 πορεύθητι.

2447 3431 2549 3494 κζ’.
2583 3430 2681 3498 Μὴ
2707 3432 3000 3498 ἐκκλίνῃς
3025 3435 3112 3498 εἰς
3137 3433 3208 3485 τὰ
3237 3432 3426 3500 δεξιὰ,
3456 3434 3614 3504 μηδὲ
3639 3438 3726 3501 εις
3753 3436 3826 3490 τὰ
3853 3438 3982 3506 ἀρι-

2374 3524 2580 3592 στερά.
2619 3525 2711 3596 Μὴ
2743 3528 3114 3595 παρατραπῇς
3147 3528 3227 3588 εἰς
3256 3526 3327 3578 τὰ
3360 3525 3485 3580 καθ’
3518 3527 3831 3598 ὑπερδολὴν
3872 3529 3982 3600 τῆς

2374 3616 2579 3687 ἀρετῆς
2605 3619 2770 3688 πάθη,
2811 3618 2944 3688 μηδὲ
2978 3620 3058 3680 είς
3091 3619 3162 3671 τά
3191 3621 3314 3672 κατ’
3350 3620 3610 3689 ἔλλειψιν.

2458 3708 2867 3778 Ἀπόστρεψον
2893 3709 2961 3764 δὲ
2989 3709 3107 3763 σὸν
3134 3709 3292 3765 πόδα
3319 3712 3438 3766 ἀπὸ
3462 3711 3607 3767 ὀδοῦ
3644 3713 3841 3781 κακῆς
3874 3716 3978 3768 καὶ

2373 3798 2652 3867 σκολιᾶς.
2684 3801 2753 3854 Εἴ
2792 3817 2897 3854 που
2928 3801 2985 3854 δέ
3013 3819 3065 3854 τι
3091 3801 3336 3855 τοιοῦτον
3371 3806 3556 3875 συμϐῇ
3599 3807 3731 3876 περ)⁵
3766 3807 3850 3867 σὲ,
3887 3825 3982 3859 κι-

2376 3893 2641 3965 νουμένης
2680 3894 2819 3966 πρὸς
2857 3893 3032 3948 ταῦτα
3079 3897 3180 3964 τῆς
3212 3896 3454 3961 διανοίας
3500 3913 3618 3962 σου,
3672 3897 3982 3968 μετενεγκε

2372 3985 2580 4056 ταύτην
2615 3986 2869 4056 ἑτοίμως,
2912 3985 3022 4041 ἀπό
3048 4003 3106 4038 τε
3132 3989 3232 4056 τῆς
3271 3989 3396 4040 κατ’
3426 3988 3664 4058 ἔλλειψιν
3701 3988 3805 4059 τῆς
3842 3992 3984 4059 ἀρε·

2371 4076 2472 4148 τῆς
2502 4077 2642 4148 πρὸς
2691 4076 2893 4130 κακίαν
2943 4075 3173 4148 φθορᾶς,
3211 4077 3306 4130 καὶ
3344 4079 3444 4150 τῆς
3485 4079 3608 4133 καθ’
3656 4081 3985 4154 ὑπερδολὴν

2374 4170 2512 4240 πρὸς
2545 4168 2833 4239 πονηρίαν,
2872 4169 2906 4236 ἦ
2943 4170 3059 4221 ἐστι
3085 4168 3147 4221 τὸ
3183 4170 3349 4238 μόνου
3381 4171 3547 4224 πόνου
3584 4174 3737 4243 ὲρᾷν,
3773 4174 3832 4225 ὲν
3863 4176 3984 4246 ὅσῳ

2371 4277 2454 4322 τις
2487 4259 2562 4331 μὴ
2591 4259 2679 4312 διὰ
2711 4258 2867 4322 Θεὸν,
2902 4257 3038 4312 ἀλλά
3067 4259 3136 4312 δι’
3163 4257 3472 4330 ἀνθρώπων
3501 4262 3822 4332 ἀρέσκειαν,
3852 4251 3987 4318 ἑπι-

2371 4349 2588 4420 τηδεὺει
2623 4352 2685 4402 τὸ
2715 4349 2948 4417 ἀγαθόν.

2457 4441 2658 4506 Ὁδοὺς
2687 4442 2796 4510 γὰρ
2827 4442 2934 4507 τὰς
2961 4443 3029 4497 ἐκ
3061 4443 3277 4508 δεξιῶν
3314 4441 3481 4499 older
3504 4448 3537 4500 ὁ
3574 4447 3739 4513 Θεός.
3766 4450 3829 4502 Al
3868 4454 3984 4523 γὰρ

678 4541 768 4596 ll'I‘
803 4548 983 4592 autem
1023 4539 1282 4591 virtutum
1337 4537 1812 4606 exaggerationes,
1841 4533 1964 4606 qua:
2004 4546 2132 4592 sunt
2159 4554 2265 4592 non

2379 4534 2574 4604 μὴδιά
2608 4533 2761 4598 Θεὸν,
2809 4535 2944 4587 ἀλλὰ
2994 4536 3081 4588 διά
3133 4538 3233 4608 τὴν
3283 4539 3418 4609 παρ’
3472 4539 3779 4607 ἀνθρώπων
3812 4543 3984 4607 δόξαν

680 4643 902 4706 propter
952 4633 1141 4694 Deum,
1193 4631 1288 4686 scd
1325 4638 1547 4698 propter
1587 4630 1871 4683 hominum
1906 4631 2269 4684 existimatio-

681 4744 802 4780 nem
837 4729 1058 4786 bonam,
1096 4740 1204 4778 non
1240 4723 1455 4793 fugiunt
1485 4725 1710 4778 oculum
1743 4723 1958 4778 Domini
2000 4743 2012 4779 :
2061 4724 2270 4779 idcirco

678 4824 768 4874 ille
805 4821 938 4872 nulli
973 4833 1068 4887 pro
1098 4818 1302 4871 talibus
1341 4818 1651 4870 mercedem
1679 4819 1978 4872 retribuet.

754 4914 1021 4967 l’crrersw
1061 4929 1178 4965 rero
1215 4921 1338 4964 sunt
1384 4927 1501 4980 quw
1535 4927 1566 4962 α
1608 4911 1842 4964 sinislris
1875 4921 2019 4965 sunt.
2052 4910 2270 4967 Malitire

677 5017 857 5060 autem
889 5022 1052 5075 opera
1091 5021 1120 5059 a
1153 5007 1296 5059 bono
1327 5013 1536 5058 remota
1560 5014 1711 5064 sunt,
1741 5012 2002 5074 tanquam
2037 5005 2165 5059 huic
2215 5007 2269 5060 in

676 5102 936 5153 mmiilnts
973 5101 1325 5168 npposila,cl
1359 5097 1615 5166 quamvis
1648 5097 1784 5152 illud
1819 5099 2048 5168 litigant,
2078 5098 2125 5154 ei
2159 5115 2267 5153 non

679 5193 1032 5263 participant.

750 5285 862 5351 Ipse
905 5294 1078 5334 (lltlt’m
1124 5291 1289 5333 rectos
1325 5281 1483 5349 faciet
1545 5299 1736 5335 cursus
1795 5291 1934 5334 tuos.
1977 5282 2098 5352 Ipse
2137 5298 2270 5338 vero

679 5379 821 5430 Dens
853 5377 1063 5429 stabilit
1099 5390 1323 5444 gressus
1351 5383 1472 5427 tuos
1499 5364 1804 5428 secundum
1840 5375 2150 5437 scientiam,
2172 5375 2270 5428 de-

673 5469 916 5540 jiriomlo
944 5478 1033 5518 tua
1061 5482 1225 5532 opera
1261 5481 1380 5529 qua:
1413 5476 1638 5534 propter
1667 5466 1954 5518 hominum
1989 5467 2272 5520 existima-

678 5565 906 5622 tionem,
967 5559 1168 5611 honuni
1217 5559 1516 5615 tinxerunt,
1555 5568 1610 5611 cl
1642 5573 1704 5611 ca
1745 5557 2032 5628 tICSpectui
2096 5573 2267 5626 expo-

677 5658 970 5716 ncndoutt
1005 5662 1058 5702 tu
1083 5651 1255 5704 solani
1289 5652 1597 5713 veritatem,
1636 5650 1996 5718 intelligentia
2030 5667 2266 5720 (paras.

749 5746 954 5801 Itinera
983 5755 1161 5798 autem
1191 5756 1283 5796 tua
1337 5745 1388 5797 in
1429 5760 1557 5813 pace
1594 5744 1872 5812 producet.
1912 5744 2270 5799 Voluntarios

677 5854 807 5896 vero
843 5849 964 5892 tuos
1009 5836 1075 5892 ad
1111 5838 1340 5903 bonum,
1377 5837 1681 5893 secundum
1715 5834 1972 5892 allectum
2010 5846 2265 5901 conatus,

2374 4627 2657 4690 ἐπιτάσεις
2697 4628 2807 4679 τῶν
2842 4629 3094 4698 ἀρετῶν,
3144 4632 3206 4683 οὑ
3260 4631 3523 4701 λελήθασι
3558 4633 3649 4685 τὸν
3689 4634 3985 4704 ὀφθαλμὸν

2371 4720 2465 4773 τοῦ
2503 4719 2635 4772 Θεοῦ
2657 4736 2671 4750 ο
2703 4722 2894 4792 διόπερ
2915 4715 3067 4786 οὗτος
3089 4723 3150 4776 οὑ
3187 4725 3419 4795 παρέχει
3455 4726 3572 4778 τινὰ
3601 4726 3744 4797 ὑπὲρ
3769 4729 3984 4782 τούτων

2376 4814 2588 4885 μισθόν.

2444 4908 2912 4977 Διεστραμμέναι
2956 4908 3022 4961 δέ
3049 4910 3208 4962 εἰσιν
3235 4911 3295 4961 al
3337 4910 3655 4979 εὐώνυμοι.
3698 4911 3846 4964 Αίδὲ
3883 4917 3982 4981 τῆς

2375 5000 2574 5063 κακίας
2623 5001 2902 5070 ἐργασίαι,
2939 5001 3389 5072 ὲκτετραμμέναι
3445 5003 3550 5053 είσὶ
3599 5001 3692 5054 τοῦ
3739 5004 3978 5070 ἀγαθοῦ.

2372 5093 2448 5155 ῶς
2473 5094 2613 5147 κατὰ
2645 5095 2824 5147 πάντα
2864 5094 3011 5166 αὑτῷ
3065 5094 3468 5165 ἀντικείμεναι,
3523 5095 3620 5148 καὶ
3670 5097 3810 5166 μηδὲ
3852 5098 3980 5149 καθ’

2377 5185 2670 5255 ὑπόκρισιν
2698 5187 2892 5240 τούτου
2931 5187 3283 5257 μετέχουσαι.

2445 5277 2637 5342 Αὐτὸς
2665 5279 2732 5329 δὲ
2761 5278 2941 5346 ὀρθὰς
2967 5277 3208 5342 ποιήσει
3239 5279 3345 5343 τὰς
3367 5278 3610 5347 τροχιάς
3636 5293 3778 5333 σου.
3804 5281 3980 5343 Αὐτὸς

2374 5370 2429 5423 δὲ
2460 5373 2486 5422 ό
2517 5370 2670 5435 Θεὸς,
2709 5375 2764 5422 ὲν
2812 5366 2892 5435 οἷς
2939 5372 3162 5440 σφάλλει
3210 5370 3282 5425 τὰ
3323 5371 3392 5424 δι’
3443 5371 3976 5441 ἀνθρωπαρεσκείας

2377 5465 2784 5533 ὑποκρινόμενα
2823 5465 2884 5516 τὸ
2920 5465 3147 5532 ἀγαθὸν,
3185 5463 3325 5532 ἔργα
3355 5481 3472 5528 σου,
3506 5465 3600 5518 καὶ
3627 5465 3734 5517 ὑπὸ
3765 5467 3978 5535 μέμψιν

2374 5555 2577 5625 τίθησι,
2611 5557 2935 5610 κατευθυ·.εῖ
2965 5560 3087 5622 τοὺς
3116 5558 3258 5612 κατά
3292 5557 3531 5627 θεωρίαν
3568 5557 3808 5628 δρόμους
3842 5573 3971 5611 σου·

2375 5648 2515 5703 ὥστε
2548 5667 2606 5702 σε
2636 5651 2730 5721 τὴν
2760 5650 3020 5721 ἀλήθειαν
3055 5653 3223 5723 μόνην
3257 5651 3399 5704 κατά
3429 5650 3634 5720 γνῶσιν
3673 5650 3880 5720 ζητεῖν.

2453 5744 2565 5807 Τὰς
2603 5741 2670 5795 δὲ
2712 5745 2957 5811 πορείας
3003 5760 3122 5798 σου
3165 5743 3236 5795 ἐν
3273 5743 3484 5811 εἰρήνῃ
3533 5743 3805 5810 προάξει.
3866 5744 3977 5807 Τὰς

2375 5834 2431 5889 δὲ
2467 5835 2604 5889 κατά
2637 5835 2879 5891 διάθεσιν
2917 5835 3314 5905 προαιρετικὰς
3348 5834 3444 5889 τοῦ
3477 5835 3686 5908 ἀγαθοῦ
3731 5837 3977 5898 κινήσεις
