4238 6458
628 405 760 465 1263

1988 398 2343 461 PROCOPII
2377 397 2619 458 GAZEI

3759 396 3897 461 1264

622 522 816 589 spiritu
849 518 944 571 .ad
982 517 1143 571 verba
1175 517 1488 578 veritatum,
1537 514 1663 585 l‘uge
1730 512 2087 585 apparentias
2117 525 2190 566 ea

2321 509 2525 565 ϐαίνων
2551 508 2690 564 κατὰ
2708 507 2831 562 νοῦν
2860 507 2998 578 πρὸς
3028 509 3152 572 τοὺς
3183 508 3374 574 λόγους
3403 505 3511 562 τῶν
3538 508 3728 573 δντων,
3756 511 3893 563 ἀποο

619 629 760 671 rum,
795 625 917 678 qua:
946 611 998 661 in
1033 609 1290 662 sensibus
1321 608 1576 676 potentia:
1626 607 1902 661 sensitiva:
1937 605 2098 675 quasi
2153 607 2206 657 in

617 703 1026 772 portisjaccnt,
1059 701 1112 752 iu
1148 699 1350 767 quibus
1405 699 1518 750 lucc
1560 697 1805 766 potentia
1839 703 2027 750 manet
2087 705 2207 748 tan-

615 808 780 862 quam
818 792 873 845 in
907 789 1165 845 domibus
1195 801 1224 840 a
1247 801 1306 842 se
1332 786 1572 841 dilectis.

692 973 856 1025 Vens.
893 969 944 1023 9.
977 966 1058 1020 Nc
1088 965 1178 1018 des
1205 965 1366 1017 vitam
1391 963 1608 1024 alienis,
1635 970 1686 1014 et
1745 977 1910 1014 annos
1944 969 2060 1014 tuos
2084 975 2205 1012 cru-

618 1066 852 1119 uctibus.
888 1061 964 1114 Ne
991 1061 1090 1114 des
1123 1057 1338 1121 alteris,
1371 1070 1400 1108 a
1424 1054 1534 1109 Deo
1568 1053 1860 1107 formatam
1895 1054 2202 1116 tibivitam,

622 1171 678 1213 ιιι
739 1160 923 1211 divina
992 1152 1272 1212 mandata,
1325 1165 1422 1219 per
1467 1163 1588 1215 qua:
1618 1146 1802 1201 omnia
1838 1145 1986 1199 facta
2049 1150 2205 1208 sunt,

609 1253 931 1306 ramalibus
956 1246 1336 1301 voluntatibus
1385 1241 1781 1310 sulijiciantur,
1808 1247 1862 1294 et
1885 1253 2048 1294 omne
2065 1252 2206 1307 opus

617 1362 769 1398 luunt
805 1344 1006 1400 bonum
1037 1339 1363 1394 crudelibus
1391 1337 1776 1392 snbmittatur.

679 1522 843 1577 Vitas.
908 1520 994 1572 l0.
1068 1519 1146 1571 Nc
1172 1517 1307 1584 forte
1355 1515 1680 1581 impleantur
1723 1513 1966 1592 extranei
2000 1511 2204 1564 viribus

608 1617 733 1668 tuis.
762 1612 838 1666 Ne
871 1613 1149 1670 fruantur,
1187 1623 1214 1660 a
1252 1606 1361 1660 Deo
1401 1607 1639 1674 separati
1668 1604 1970 1665 daemones,
2007 1610 2204 1672 poten-

609 1714 705 1768 tia,
741 1722 906 1777 quam
935 1703 998 1757 ad
1029 1704 1170 1756 bona
1205 1713 1374 1768 opera
1404 1697 1684 1768 possides,
1720 1695 1824 1748 liae
1859 1694 1970 1749 illis
2004 1709 2203 1748 secun-

603 1809 731 1858 dum
793 1813 942 1855 tuam
1001 1798 1346 1852 voluntatem
1407 1790 1671 1847 servienti
1705 1788 1772 1843 a'd
1834 1788 2046 1843 scelera
2105 1800 2204 1857 pa-

605 1897 844 2042 “$31:
881 1986 968 2038 ll.
1003 1981 1065 2035 Et
1098 1980 1308 2034 labores
1337 1976 1415 2030 tui
1470 1974 1578 2029 sint
1624 1973 1679 2026 in
1710 1969 1955 2026 domibus
1983 1969 2197 2037 alienis,

596 2097 642 2136 et
684 2091 731 2133 te
773 2077 1024 2146 panitcat
1059 2075 1110 2126 in
1138 2067 1439 2124 novissimis
1472 2066 1599 2119 tuis.
1646 2063 1712 2117 Et
1741 2062 1959 2117 labores
2007 2061 2110 2125 tui,
2141 2061 2196 2114 in

597 2175 794 2227 tlmntls
826 2167 1234 2236 suppliciorum
1268 2158 1617 2213 daemonibus
1649 2164 1997 2226 praeparatas
2029 2152 2194 2207 indu-

597 2273 816 2326 cantur,
847 2257 1134 2313 materiam
1163 2252 1308 2322 ig'nis
1335 2248 1524 2303 αξιοι-ιιί
1561 2247 1660 2302 tibi
1700 2244 2152 2300 thesaurizantes
2178 2257 2194 2296 :

595 2366 648 2408 rt
689 2363 741 2407 te
766 2349 1032 2423 pceniteat
1061 2345 1114 2398 in
1145 2339 1495 2397 novissimis.

667 2540 835 2594 Vens.
875 2536 960 2589 12.
988 2531 1217 2600 Quando
1272 2523 1662 2593 consumpseris
1717 2536 1902 2576 carnes
1955 2518 2194 2586 corporis
2242 2513 2250 2521 ’

612 2635 710 2697 tui,
743 2642 791 2686 et
815 2632 962 2682 dicas
1002 2642 1018 2679 :
1057 2641 1151 2678 cur
1217 2621 1511 2675 detestatus
1558 2632 1676 2671 sum
1733 2610 2096 2679 disciplinam,
2141 2617 2190 2662 et

593 2721 1044 2793 increpationibus
1079 2734 1181 2770 non
1213 2713 1470 2782 acquievit
1505 2727 1597 2763 cor
1636 2722 1832 2762 meum.
1853 2704 1989 2759 Cum
2013 2716 2186 2757 mem-

595 2825 690 2873 bra
741 2814 992 2884 corporis
1037 2810 1112 2864 tui
1177 2811 1510 2873 consumpta
1575 2801 1804 2862 fuerint.
1842 2808 1892 2852 et
1922 2796 1991 2850 ad
2045 2796 2189 2850 bona

593 2923 757 2979 op:-ra
791 2921 899 2977 prae
934 2908 1220 2959 senectute
1251 2899 1523 2966 languens
1554 2893 1688 2957 eris,
1719 2897 1775 2944 et
1815 2888 2048 2951 dixeris,

593 2976 772 3070 ipsum
793 2976 1148 3064 increpando
1178 3009 1190 3044 :
1221 2989 1334 3042 Cur
1363 2983 1743 3054 disciplinam,
1793 2979 2002 3035 bonum
2051 2976 2187 3031 mibi

593 3069 990 3164 piopoueutem
1013 3087 1322 3139 detestatus
1358 3092 1503 3142 sum,
1550 3083 1608 3130 et
1634 3073 1816 3129 verbis
1840 3084 1967 3164 qua:
2026 3069 2187 3164 mali:

591 3161 723 3241 tium
753 3196 928 3237 meam
963 3175 1294 3232 relellebant
1324 3184 1438 3224 non
1461 3166 1702 3223 attendit
1731 3162 1967 3235 spiritus
1990 3161 2188 3216 meus?

658 3360 830 3415 Vens.
866 3357 956 3412 l5.
1005 3353 1128 3408 Non
1175 3349 1359 3403 audivi
1401 3360 1578 3401 vocem
1637 3340 1912 3395 docentem
1971 3349 2089 3398 me;
2147 3342 2199 3427 et

589 3451 876 3508 instruenti
921 3465 1000 3502 me
1035 3462 1140 3500 non
1165 3441 1371 3512 pra'bui
1417 3452 1603 3492 aurem
1629 3447 1822 3486 meam.
1858 3429 1978 3482 Non
2008 3426 2196 3480 audivi

590 3564 712 3601 eum
744 3544 838 3613 qui
877 3556 961 3595 me
995 3555 1023 3592 a
1073 3553 1179 3591 non
1215 3529 1678 3588 convenientibus
1736 3521 2058 3587 avertebat;
2140 3530 2198 3576 et

589 3641 636 3694 ei
679 3638 772 3708 qui
801 3629 1209 3688 miliideccntia
1253 3621 1601 3696 prOponebat
1626 3633 1738 3674 non
1763 3614 1976 3684 subieci
2022 3626 2189 3668 aures

586 3746 763 3791 meas,
796 3735 854 3780 ut
890 3725 1162 3778 audirem.

656 3822 827 3875 Vens.
863 3819 949 3874 Η.
995 3815 1133 3868 Ρεηε
1177 3812 1255 3880 fni
1291 3813 1347 3863 in
1382 3807 1525 3864 omni
1561 3805 1727 3868 malo,
1767 3804 1823 3858 in
1873 3799 2044 3856 media
2103 3813 2189 3853 ec-

584 3915 760 3970 clesia’
793 3923 840 3966 et
873 3923 1180 3981 synagoga.
1220 3903 1358 3960 Fere
1384 3914 1601 3956 omnem
1661 3897 1950 3960 malitiam,
1987 3895 2043 3948 in
2074 3893 2188 3962 spi-

581 4009 698 4063 ritu
724 4017 774 4060 ct
816 4016 1054 4072 corpore
1090 4005 1358 4067 operatus
1409 4007 1559 4056 sum,
1591 3999 1783 4044 contra
1818 3988 1995 4057 legem
2023 3982 2190 4053 spiri-

587 4099 790 4154 tualem
827 4109 948 4164 quae
983 4085 1502 4155 animalmstempla
1536 4089 1829 4154 praeparat,
1861 4092 1956 4133 eas
1990 4089 2191 4132 secun-

585 4195 715 4247 dum
742 4187 1034 4242 Srit‘tilinm
1071 4179 1457 4250 puriﬁcando:
1527 4184 1721 4230 contra
1784 4173 1962 4242 legem
2004 4171 2186 4240 scrip-

585 4295 722 4343 tam,
763 4278 981 4331 fortiter
1019 4286 1242 4326 errores
1311 4269 1619 4335 lugentem,
1647 4271 1702 4320 et
1733 4264 2024 4318 ducentem
2087 4274 2184 4314 eos

582 4374 760 4445 quiin
826 4369 1011 4422 varias
1039 4375 1094 4420 et
1134 4361 1419 4432 oppositas
1460 4367 1641 4413 sortes
1688 4354 1849 4410 divisi
1885 4352 2062 4416 fuere,
2115 4348 2183 4404 ad

587 4455 725 4520 hanc
765 4476 927 4516 uuam
960 4466 1173 4512 naturae
1209 4457 1406 4524 legem,
1441 4447 1790 4506 exhortando
1814 4461 2091 4517 quemque
2120 4452 2181 4499 ut

584 4559 896 4633 proximum
921 4552 1114 4622 diligat
1141 4549 1286 4604 sicut
1315 4546 1581 4614 seipsum.

659 4739 827 4794 Vens.
992 4735 1121 4790 Bibe
1143 4750 1310 4804 aquas
1332 4734 1396 4786 de
1417 4733 1650 4785 cisterna
1677 4739 1793 4795 tua,
1823 4737 1875 4784 et
1910 4729 1975 4784 de
2020 4728 2188 4799 fonti-

583 4836 679 4889 bus
719 4839 1278 4902 puteorum‘tuornm.
1318 4825 1466 4894 Elige
1492 4824 1773 4894 dogmata,
1841 4837 1950 4877 non
1985 4823 2187 4878 cister-

585 4939 806 4985 narum,
842 4937 869 4975 a
902 4920 1106 4990 quibus
1139 4927 1336 4971 natura
1399 4916 1634 4969 rationis
1659 4929 1858 4984 expers
1894 4914 2183 4983 scientiam

584 5019 752 5073 sumit
785 5017 850 5070 de
875 5015 1164 5080 voluptate
1199 5021 1252 5064 et
1286 5009 1354 5063 de
1390 5008 1582 5062 dolore
1617 5023 1645 5060 a
1691 5008 1952 5062 sensibus
1985 5020 2184 5076 prove-

586 5112 806 5172 uionto;
853 5122 975 5176 quae
1011 5107 1253 5157 cisterna
1316 5112 1402 5155 est
1444 5100 1673 5153 omnino
1706 5099 1958 5154 sensatio
1993 5106 2044 5152 et
2079 5111 2177 5166 ap-

583 5201 829 5267 parentia
858 5213 997 5251 vana
1031 5215 1042 5249 :
1077 5210 1253 5261 neque
1308 5193 1668 5247 scientiarum
1704 5190 1969 5245 Ecclesia:
2032 5190 2186 5245 Grac-

580 5308 772 5345 r-ornm
832 5289 1292 5357 alienigenmwnn,
1361 5286 1477 5353 qui,
1557 5292 1822 5352 tanquam
1874 5297 1940 5337 ex
2001 5282 2183 5351 puteis

580 5386 708 5437 dant
752 5384 862 5436 illis
893 5382 985 5449 qui
1020 5381 1066 5431 ci
1104 5378 1382 5431 adurerent
1415 5377 1583 5430 falsas
1607 5377 1674 5430 de
1730 5376 1897 5429 rebus
1956 5385 2181 5429 senten-

582 5481 687 5532 tias
729 5495 740 5529 :
776 5477 870 5530 sed
900 5489 1028 5526 erue
1058 5472 1127 5524 ab
1164 5471 1250 5524 liis
1284 5486 1405 5538 qum
1433 5469 1529 5522 tibi
1560 5469 1734 5537 magis
1767 5468 1989 5537 propria
2032 5475 2198 5527 sunt,

581 5572 632 5626 id
663 5578 770 5631 est,
811 5584 876 5621 ex
919 5565 1114 5632 Spiritu
1152 5571 1205 5616 ct
1243 5561 1606 5630 intelligentia
1640 5576 1704 5614 ex
1739 5559 1965 5629 quibus,
2021 5561 2182 5630 quasi

580 5683 643 5718 cx
676 5661 939 5717 cisternis
982 5657 1357 5727 disponuntur
1427 5655 1558 5708 boni
1618 5654 1733 5708 veri
1804 5663 1996 5709 etnon
2065 5654 2184 5709 veri

576 5759 740 5827 justze
783 5753 1043 5806 notiones
1085 5766 1097 5802 :
1149 5764 1282 5803 erue
1343 5747 1646 5817 (dogmata)
1714 5748 2019 5817 escriptis,
2073 5747 2184 5803 Deo

580 5851 920 5923 inspirante,
967 5846 1188 5918 spiritui
1219 5857 1273 5902 et
1307 5843 1683 5915 intelligentiae
1721 5843 1774 5898 in
1795 5844 2064 5899 auxilium
2094 5843 2186 5900 da-

2316 615 2452 667 φυγε
2475 600 2572 664 τὰς
2592 601 2912 669 ἐπιφανείας
2935 599 3138 664 αὐτῶν,
3170 599 3225 651 αϊ
3256 601 3574 669 πρόκεινται
3603 601 3716 663 τοῖς
3740 601 3898 671 δίκην

2315 687 2497 758 θυρῶν
2530 691 2857 758 εἰσαγωγοϊς
2893 688 3271 760 αἰσθητηρίοις
3317 691 3415 758 τῆς
3443 690 3743 757 φαντασίας
3790 694 3900 745 τῶν

2313 780 2589 849 αἰσθητῶν
2613 799 2627 815 ·
2675 777 2756 844 οἷς
2798 781 2872 844 ῶς
2907 799 3050 835 τισιν
3079 783 3368 851 οἰκήμασι,
3404 783 3712 852 παραμένει
3737 786 3900 855 ἐμφι-

2311 869 2628 942 λοχωροῦσα
2660 874 2693 942 ἡ
2722 872 2996 942 αίσθησις.

2383 962 2447 1016 θ’.
2477 963 2610 1017 Ἵνα
2624 963 2710 1032 μὴ
2739 966 2892 1032 πρόῃ
2917 964 3128 1028 ἄλλοις
3154 962 3306 1027 ζωήν
3327 977 3465 1027 σου,
3495 962 3594 1016 καὶ
3616 964 3734 1016 σὸν
3756 964 3901 1027 βίον

2310 1052 2738 1121 ἀνελεήμοσιν.
2771 1055 2960 1115 Ὅπως
3004 1055 3077 1123 μὴ
3113 1054 3329 1124 προδῷς
3361 1055 3466 1123 τήν
3492 1071 3552 1106 τε
3595 1055 3779 1107 θεόθεν
3815 1073 3899 1108 σοι

2309 1145 2723 1215 χορηγουμένην
2750 1146 2892 1216 ζωὴν
2944 1145 3153 1215 ἑτέροις
3184 1146 3336 1214 παρὰ
3362 1148 3430 1200 τὰ
3456 1145 3572 1197 θεῖα
3593 1145 3896 1216 θελήματα,

2308 1237 2430 1289 καθ’
2458 1237 2494 1290 ἃ
2534 1237 2602 1290 τὰ
2630 1239 2810 1291 πάντα
2841 1237 3096 1305 γεγόνασι
3138 1238 3420 1302 σαρκικοῖς
3460 1236 3586 1307 θελή
3597 1255 3727 1305 μασι
3755 1239 3897 1304 διεξ-

2306 1327 2559 1396 άγεσθαι,
2591 1328 2685 1381 καὶ
2747 1329 2893 1382 ἅπαν
2926 1346 3018 1384 σου
3064 1327 3123 1380 τὸ
3153 1327 3473 1397 σπούδασμα
3506 1331 3627 1392 ταῖς
3654 1343 3899 1399 τιμωρη-

2305 1422 2488 1483 τικαίς
2523 1420 2840 1488 δυνάμεσιν.

2381 1517 2432 1564 ι’.
2465 1511 2602 1566 Ἵνα
2627 1514 2713 1580 μὴ
2759 1510 3122 1578 πλησθῶσιν
3152 1510 3457 1580 ἀλλότριοι
3502 1511 3626 1579 σῆς
3660 1499 3918 1581 ἰσχύος.’

2306 1603 2418 1657 Καὶ
2445 1603 2829 1673 ἐμφορηθῶσιν
2855 1603 2904 1655 οἰ
2926 1602 3437 1672 ἀπηλλοτριωμένοι
3467 1603 3604 1656 Θεοῦ
3619 1604 3894 1674 δαίμονες,

2303 1687 2372 1763 ἧς
2400 1693 2667 1762 κέκτησαι
2703 1693 2989 1764 δυνάμεως
3031 1693 3168 1761 πρὸς
3211 1694 3478 1762 ἐργασίας
3507 1692 3603 1744 τοῦ
3647 1692 3856 1759 ἀγαθοῦ
3881 1711 3894 1722 ·

2305 1784 2689 1854 ὑπουργούσης
2721 1785 2935 1846 τούτοις
2979 1785 3119 1837 κατὰ
3153 1784 3252 1854 σὴν
3287 1784 3636 1855 προαίρεσιν,
3679 1786 3758 1848 εἰς
3794 1785 3900 1838 πᾶ-

2230 1859 2276 1916 Β
2306 1893 2405 1930 σαν
2436 1875 2637 1946 πρᾶξιν
2660 1875 2947 1946 ἀθέμιτον.

2373 1972 2463 2021 ια’.
2492 1969 2559 2020 Ol
2589 1965 2659 2019 δὲ
2695 1966 2794 2021 σοί
2825 1968 3031 2034 πόνοι,
3049 1969 3136 2035 είς
3153 1967 3361 2032 οτκους
3381 1967 3746 2038 ἀλλοτρίους
3770 1970 3896 2023 εἰσι

2297 2057 2541 2124 ἔλθωσι,
2573 2057 2671 2113 καί
2694 2059 3121 2129 μεταμεληθῇς
3148 2060 3244 2114 ἐπ’
3271 2060 3554 2129 ἐσχάτων
3576 2077 3720 2115 σου.
3749 2063 3813 2115 Οἰ
3836 2061 3894 2114 δὲ

2299 2150 2386 2204 σοὶ
2414 2150 2604 2221 μόχθοι
2637 2153 2719 2215 εἰς
2750 2153 2846 2216 τὰς
2867 2153 3282 2222 ὴτοιμασμένας
3311 2155 3494 2217 αὐτοῖς
3533 2157 3644 2217 τοῖς
3671 2155 3896 2224 δαίμοσι

2301 2241 2470 2311 μονὰς
2494 2241 2608 2296 τῶν
2636 2242 2916 2296 κολάσεων
2956 2243 3320 2314 εἰσαχοῶσιν,
3371 2244 3472 2314 ῦλη
3505 2262 3587 2298 σοι
3630 2245 3722 2298 τοῦ
3757 2249 3893 2298 αἰω-

2295 2332 2412 2386 νίου
2455 2333 2628 2404 πυρὸς
2673 2334 3142 2406 χρηματίσαντες,
3188 2337 3284 2389 καὶ
3324 2338 3615 2408 μεταγνῷς
3653 2340 3707 2402 ἐς
3737 2338 3892 2392 ὓστε-

2297 2440 2415 2496 ρον.

2373 2516 2461 2588 ιβν.
2505 2516 2708 2572 Ἦνίκα
2755 2518 2833 2572 ἂν
2875 2520 3315 2589 κατατριϐῶσιν
3353 2521 3582 2589 σάρκες
3615 2521 3894 2591 σώματός

2294 2627 2433 2676 σου,
2468 2611 2566 2665 καὶ
2595 2611 2782 2680 ἐρεῖς·
2809 2612 2941 2676 Πῶς
2971 2614 3237 2682 ἐμίσησα
3265 2613 3563 2680 παιδείας,
3593 2615 3692 2668 καί
3719 2614 3894 2683 ἐλέγ-

2299 2719 2448 2770 χους
2476 2701 2790 2765 ἐξέκλινεν
2835 2703 2874 2770 ἠ
2911 2703 3123 2771 καρδιά
3157 2719 3312 2772 μους
3357 2703 3628 2774 Ὀπηνίκα
3675 2705 3744 2758 τὰ
3791 2707 3891 2772 τῆς

2298 2793 2500 2864 σαρκός
2527 2809 2621 2846 σου
2654 2793 2898 2863 μέλη·τῷ
2935 2796 3112 2863 χρόνῳ
3148 2795 3602 2865 καταδαπανηθῇ,
3633 2797 3725 2848 καὶ
3753 2797 3893 2866 πρὸς

2292 2887 2558 2959 ἐργασίαν
2601 2886 2696 2938 τοῦ
2750 2885 2961 2954 ἀγαθοῦ
2997 2886 3086 2938 διὰ
3112 2886 3173 2938 τδ
3199 2886 3377 2956 γῆρας
3407 2888 3761 2958 έξατονήσῃς,
3795 2893 3892 2941 καὶ

2290 2979 2452 3050 εἴπῃς
2485 2977 2678 3030 ἑαυτὸν
2706 2975 3164 3041 ταλανίζων,’1να
3193 2979 3245 3031 τί
3289 2978 3388 3048 τὴν
3421 2979 3482 3032 τὸ
3519 2980 3723 3047 ἀγαθὸν
3759 2980 3889 3033 ὑπο·

2288 3069 2583 3141 τιθεμένην
2617 3086 2709 3138 μοι
2745 3069 3098 3124 διδασκαλίαν
3140 3069 3534 3141 ἑδδελυξάμην,
3572 3073 3668 3127 καὶ
3711 3073 3891 3140 λόγοις

2295 3162 2394 3231 τὴν
2425 3161 2627 3214 κακίαν
2656 3178 2758 3232 μου
2787 3150 3156 3232 διελέγχουσιν
3177 3163 3238 3215 ού
3272 3163 3543 3234 προσέσχε
3572 3181 3676 3234 μου
3709 3166 3742 3235 ἡ
3776 3165 3895 3217 διά-

2301 3272 2420 3310 νοια
2441 3271 2456 3322 ;

2375 3356 2468 3418 ιγ’.
2503 3351 2626 3404 Οὐκ
2659 3348 2892 3418 ἢκουον
2939 3347 3147 3419 φωνῆς
3200 3350 3595 3419 παιδεύοντός
3626 3370 3736 3422 με’
3791 3355 3893 3408 καί

2299 3441 2654 3498 διδάσκοντι
2685 3460 2762 3512 με
2794 3446 2867 3498 οὐ
2895 3444 3262 3512 ,παρέϐαλον
3324 3446 3392 3498 τὸ
3433 3442 3544 3512 οὖς
3588 3466 3728 3516 μου.
3779 3449 3897 3520 Οὐχ

2299 3532 2572 3604 ὑπήκουον
2595 3532 2673 3604 τῷ
2707 3533 2816 3586 τῶν
2848 3535 2924 3604 μὴ
2957 3535 3190 3588 δεόντων
3239 3553 3305 3604 με
3349 3537 3760 3591 ἀναστέλλοντι·
3799 3541 3898 3591 καὶ

2295 3626 2375 3697 τῷ
2399 3627 2466 3679 τὰ
2495 3627 2684 3680 δέοντα
2730 3627 3111 3699 ὑποτιθεμένῳ
3165 3646 3279 3698 μοι,
3328 3630 3390 3682 ού
3441 3630 3773 3700 παρετίθουν
3825 3633 3896 3684 τὰ

2295 3712 2411 3773 ὦτα
2447 3720 2584 3789 πρὸς
2619 3720 2910 3788 ἀκρόασιν.

2369 3809 2449 3865 ιδ’.
2481 3810 2624 3878 Παρ⁹
2673 3811 2886 3880 ὀλίγον
2913 3810 3212 3881 ἐγενόμην
3248 3811 3320 3865 ἐν
3367 3812 3548 3867 παντί
3601 3811 3784 3880 κακῷ,
3822 3813 3898 3866 ἐν

2287 3902 2460 3972 μέσῳ
2478 3903 2815 3971 ἐκκλησίας
2840 3902 2939 3956 καί
2967 3903 3348 3974 συναγωγῆς.
3382 3905 3540 3976 Παρὰ
3575 3905 3748 3976 βραχὺ
3781 3909 3895 3959 πᾶ-

2294 4013 2395 4050 σαν
2426 3995 2705 4067 ἁμαρτίαν
2754 3997 2898 4050 κατὰ
2945 3996 3126 4068 ψυχὴν
3165 3998 3263 4050 καὶ
3307 3997 3468 4068 σῶμα
3508 3998 3898 4070 διεπραξάμην

2291 4089 2530 4144 ἐνώπιον
2550 4089 2644 4143 τοῦ
2677 4107 2737 4143 τε
2763 4091 2860 4155 τὰς
2887 4091 3068 4162 ψυχὰς
3098 4091 3484 4156 ναοποιοῦντος
3517 4095 3894 4164 πνευματικοῦ

2289 4182 2478 4253 νόμου,
2511 4185 2570 4237 ὲν
2611 4182 2687 4253 τῷ
2731 4183 2938 4246 ταύτας
2975 4182 3263 4254 καθαίρειν
3299 4184 3444 4238 κατὰ
3479 4184 3750 4237 διάνοιαν·
3793 4189 3895 4238 καὶ

2287 4271 2382 4325 τοῦ
2421 4273 2532 4327 τῶν
2574 4273 2696 4326 κατ’
2739 4273 3024 4343 ἐνέργειαν
3068 4273 3492 4342 ἁμαρτημάτων
3531 4273 3897 4344 καθαίροντος

2286 4365 2558 4434 γραπτοῦ,
2597 4365 2692 4418 καὶ
2725 4364 3054 4433 συνάγοντος
3085 4365 3213 4427 τοὺς
3245 4364 3326 4426 εἰς
3367 4363 3571 4427 πολλὰς
3603 4364 3700 4418 καὶ
3733 4364 3894 4418 ἀντι-

2287 4456 2477 4518 θέτους
2526 4456 2723 4529 μοίρας
2770 4453 3250 4525 κατατμηθέντας,
3284 4455 3423 4524 πρὸς
3469 4456 3564 4508 τὸν
3595 4456 3692 4510 ῑνα
3731 4457 3898 4525 λόγον

2215 4562 2264 4620 ι)
2290 4547 2390 4616 τῆς
2422 4548 2660 4616 φύσεως,
2719 4549 2776 4601 ὲν
2819 4547 2899 4617 τῷ
2949 4546 3364 4601 διακελεύεσθαι
3397 4547 3632 4601 ἕκαστον
3663 4551 3895 4621 ἀγαπᾷν

2291 4641 2383 4694 τὸν
2411 4641 2640 4709 πλησίον
2668 4640 2742 4703 ῶς
2776 4639 2991 4693 ἑαυτόν.

2364 4735 2448 4789 ιε’.
2477 4736 2625 4789 Πίνε
2649 4734 2842 4789 ὕδατα
2871 4735 2989 4788 ἀπὸ
3019 4732 3149 4787 σῶν
3177 4735 3454 4804 ἀγγείων,
3489 4734 3588 4788 καὶ
3617 4736 3736 4790 ἀπὸ
3760 4735 3883 4789 σῶν

2289 4827 2564 4897 φρεάτων
2587 4825 2813 4896 πηγῶν.
2852 4825 3047 4896 Ἀρύου
3070 4825 3341 4895 δόγματα,
3372 4827 3446 4897 μὴ
3481 4829 3550 4881 τὰ
3575 4829 3670 4897 ἀφ’
3690 4823 3767 4883 ὧν
3792 4832 3897 4898 ἀγα

2289 4921 2454 4990 γείων
2481 4920 2577 4972 καὶ
2607 4921 2640 4989 ἡ
2673 4919 2868 4986 ἄλογος
2899 4918 3063 4987 φύσις
3084 4918 3182 4988 τὴν
3204 4913 3329 4971 καθ’
3352 4919 3548 4989 ἡδονὴν
3577 4921 3672 4974 καὶ
3697 4920 3898 4992 ὀδύνην

2288 5014 2400 5067 τῶν
2435 5013 2711 5083 αἰσθητῶν
2745 5011 2953 5080 γνῶσιν
2975 5011 3302 5080 κομίζεται·
3357 5010 3503 5080 άπερ
3531 5012 3754 5072 πάντως
3789 5015 3894 5082 άγ-

2288 5109 2412 5176 γεῖα
2443 5107 2475 5176 ὴ
2514 5104 2770 5175 αἴσθησις
2803 5105 2898 5156 καὶ
2939 5105 2971 5172 ἡ
3005 5103 3279 5171 φαντασία
3309 5104 3426 5155 ἐστί
3447 5119 3458 5132 ·
3497 5105 3622 5174 μήτ’
3649 5106 3760 5157 ἀπὸ
3783 5107 3898 5157 τῶν

2288 5202 2386 5270 τῆς
2414 5199 2746 5266 Ἐκκλησῐας
2764 5197 2930 5262 ξένων
2945 5188 3277 5265 Ἑλληνικῶν
3295 5195 3662 5265 μαθημάτων,
3675 5197 3786 5250 τῶν
3804 5194 3898 5253 οἷα

2289 5291 2544 5360 φρεάτων
2586 5287 3068 5357 ἐπιχορηγούντων
3107 5288 3220 5347 τοῖς
3253 5288 3382 5350 περὶ
3421 5286 3593 5338 ταῦτα
3627 5287 3896 5355 ἀσχολου-

2291 5384 2500 5454 μένοις,
2531 5381 2628 5444 τὰς
2663 5383 2791 5451 περὶ
2820 5381 2928 5433 τῶν
2957 5381 3130 5434 ὄντων
3167 5379 3384 5448 ψευδεῖς
3418 5380 3597 5445 δόξας,
3640 5381 3758 5434 ἀλλ’
3785 5383 3898 5436 ἀπὸ

2285 5474 2396 5526 τῶν
2432 5473 2742 5535 ἰδιαιτάτως
2778 5471 2909 5535 σῶν,
2941 5470 3037 5523 τοῦ
3060 5488 3120 5523 τε
3150 5469 3243 5524 νοῦ
3276 5472 3368 5522 καὶ
3400 5472 3499 5541 τῆς
3521 5471 3764 5535 διανοίας
3786 5487 3800 5502 ·
3836 5473 3897 5538 ἐξ

2287 5560 2384 5628 ῶν,
2417 5566 2494 5628 ὡς
2539 5565 2602 5618 ἐκ
2625 5583 2787 5618 τινων
2825 5564 3086 5632 ἀγγείων,
3120 5564 3175 5615 αἰ
3204 5562 3300 5615 τοῦ
3335 5564 3488 5627 ὄντος
3532 5563 3767 5633 ἀγαθοῦ,
3800 5568 3896 5620 καὶ

2288 5659 2380 5712 τοῦ
2409 5658 2484 5728 μὴ
2517 5656 2782 5722 τοιούτου,
2815 5657 3034 5724 λογικαὶ
3061 5654 3210 5720 δόξαι
3238 5656 3523 5727 ἀρύονται,
3551 5661 3646 5710 καὶ
3679 5657 3790 5710 τῶν
3816 5661 3892 5722 εἰς

2293 5753 2548 5824 βοήθειαν
2578 5750 2840 5804 δοθεισῶν
2881 5750 3098 5812 τούτοις
3125 5748 3509 5803 θεοπνεύστων
3528 5749 3804 5821 Γραφῶν·
3835 5751 3896 5810 EE

2290 5839 2366 5901 ὧν
2396 5845 2471 5910 ὡς
2502 5845 2759 5918 φρεάτων
2802 5842 2968 5899 τινῶν
3003 5841 3167 5914 βάθος
3204 5842 3450 5913 ἐχουσῶν
3499 5841 3900 5914 ἀνεξάντλητον
