4238 6458
657 394 787 453 12ϋῖ

1988 404 2337 464 ΡΗΟΟΟΡΙΙ
2378 405 2621 463 (ὶᾹΖΕΙ

3783 403 3918 464 1268

651 502 871 564 duntur,
900 507 957 553 ut
981 514 1168 555 earum
1196 506 1533 572 apparentiis
1563 507 1798 576 hmreas,
1819 516 2003 565 etnon
2033 526 2230 581 proce-

2351 527 2612 581 τυμπεριγ
2622 512 2817 581 ρὰφου,
2844 509 2984 563 κατὰ
3000 509 3426 578 τδὲναπομένειν
3441 508 3560 571 ταῖς
3575 508 3917 576 ἐπιφανείαις

652 593 751 648 das
778 594 830 648 in
849 594 1045 664 spiritu
1069 595 1135 648 ad
1170 594 1365 649 harum
1400 599 1663 656 rationes.

722 762 888 819 Vens.
929 765 1021 820 2!.
1076 770 1212 822 Ante
1265 770 1444 823 oculos
1488 769 1607 835 Dei,
1669 784 1795 826 sunt
1829 777 1924 829 via:
1972 776 2229 830 hominis.

652 854 848 914 Nullus
873 860 1113 916 hominis
1149 872 1393 917 motuum
1422 865 1820 934 spiritualium,
1869 870 2065 922 oculos
2111 868 2227 935 Dci,

651 952 835 1004 omnia
866 953 1136 1017 videntes,
1159 953 1315 1024 l'ugit.

726 1124 918 1181 Omnes
950 1129 1094 1182 illius
1114 1134 1337 1187 semitas
1368 1135 1695 1190 considerat.
1737 1135 1942 1193 Omnes
1973 1138 2119 1193 illius
2149 1152 2237 1192 se-

654 1218 817 1272 mitas
844 1229 898 1273 et
932 1224 1237 1277 secundum
1258 1227 1527 1281 theoriam
1559 1237 1614 1281 et
1671 1228 1973 1283 secundum
1997 1231 2234 1299 praxim,

2333 605 2441 655 τῶν
2466 605 2701 674 ὁρατῶν,
2732 605 2826 655 καὶ
2865 603 2941 672 μὴ
2970 601 3277 655 διαϐαίνειν
3312 599 3457 652 κατὰ
3486 600 3609 652 νοῦν
3636 601 3770 670 πρὸς
3790 603 3919 662 τοὺς

2335 693 2526 762 λόγους
2560 694 2765 749 αὐτῶν.

2406 789 2514 837 κα¹.
2555 782 2851 835 Ἐνώπιον
2895 783 3005 850 γάρ
3039 784 3157 836 εισι
3185 782 3302 835 τῶν
3346 782 3451 835 τοῦ
3501 783 3650 837 Θεοῦ
3701 784 3917 851 ὄρθαι-

2329 870 2482 940 μῶν,
2515 873 2640 925 ὁδοὶ
2669 873 2907 940 ἀνδρός.
2942 874 3110 926 Οὐδὲν
3157 874 3265 942 γὰρ
3327 873 3435 926 τῶν
3488 876 3629 927 κατὰ
3687 876 3915 943 γνώμην

2333 961 2431 1015 τοῦ
2475 962 2767 1033 ἀνθρώπου
2803 964 3159 1032 κινημάτων,
3191 966 3320 1028 τοῦς
3377 966 3751 1035 παντεφόρους
3815 964 3915 1017 τοῦ

2335 1051 2470 1106 Θεοῦ
2509 1053 2735 1123 λέληθεν
2756 1055 3091 1125 ὀφθαλμούς.

2397 1143 2505 1207 Εἰς
2532 1142 2602 1196 δὲ
2629 1143 2833 1211 πάσας
2876 1144 2985 1212 τὰς
3043 1147 3285 1215 τροχιὰς
3346 1147 3536 1202 αὑτοῦ
3602 1147 3915 1202 σκοπεύει.

2352 1233 2478 1287 Ἐπὶ
2503 1237 2708 1297 πάντας
2737 1236 2795 1289 δὲ
2830 1238 2960 1299 τοὺς
2990 1239 3133 1290 κατὰ
3187 1255 3247 1291 τε
3308 1238 3542 1310 Θεωρίαν
3581 1239 3676 1292 καὶ
3714 1240 3921 1307 πρᾶξιν

654 1307 773 1375 ipsc
793 1311 1138 1378 considerat,
1175 1316 1221 1370 si
1256 1317 1563 1371 secundum
1615 1318 1736 1386 ejus
1769 1321 2083 1374 voluntates
2114 1334 2235 1373 am-

2351 1324 2570 1393 ςρόμους
2589 1326 2756 1379 αὑτοῦ
2779 1328 2973 1397 ἐφορᾷ,
2992 1330 3042 1381 εί
3065 1328 3207 1382 κατὰ
3220 1330 3321 1401 τὴν
3339 1307 3531 1383 τοῦτου
3562 1330 3922 1400 προϐαίνουσι

656 1400 825 1451 ΙιιιΙιιῑ.

728 1488 892 1544 Vens.
921 1492 1011 1545 29..
1049 1492 1371 1564 Iniquitates
1399 1500 1615 1556 capiunt
1644 1499 1929 1553 hominem.
1966 1499 2237 1566 Volupta-

651 1580 801 1636 tibus
830 1584 1036 1653 iniquis
1066 1595 1333 1655 tanquam
1365 1591 1576 1645 retibus
1624 1592 1785 1645 homo
1812 1592 2235 1661 constringitur,

652 1689 775 1741 qua:
796 1691 905 1730 non
938 1679 1126 1733 sinunt
1157 1688 1216 1734 ut
1237 1684 1543 1737 secundum
1605 1681 1697 1737 Dei
1732 1683 1990 1738 mandata
2042 1685 2239 1738 ambu-

658 1770 749 1819 Iu‘t.

2374 1416 2616 1471 οὑλησιν.

2374 1416 2468 1469 οὑλ
2513 1433 2616 1471 σιν.

2340 1415 2371 1486 β
2409 1434 2516 1577 κβῖὶ.
2562 1512 2933 1578 Παρανομίαι
2953 1511 3141 1579 ἄνδρα
3171 1512 3521 1580 ἁγρεύουσι.
3569 1510 3788 1564 Ἦδοναὶ
3814 1526 3923 1562 πα-

2344 1599 2562 1669 ράλογοι
2624 1601 3009 1669 παγιδεύουσιν
3061 1603 3371 1672 ἄνθρωπον,
3457 1604 3531 1672 μὴ
3590 1600 3922 1669 ,συγχωροῦ-

2342 1708 2430 1745 σαι
2468 1691 2661 1745 τοῦτον
2693 1692 2794 1764 τὴν
2826 1695 2945 1748 όδδν
2976 1694 3084 1748 τῶν
3146 1694 3306 1748 θείων
3373 1694 3607 1749 ἐντολῶν
3645 1694 3926 1762 διεξέρχε-

2344 1784 2489 1838 σθαι.

726 1853 893 1910 Vens.
922 1857 1012 1911 25.
1046 1858 1287 1915 Funibus
1311 1877 1879 1930 peccatorumsnorum
1903 1867 2190 1936 stringitur
2218 1881 2237 1919 :

2412 1882 2519 1942 κγ’.
2555 1875 2787 1943 Σειραῖς
2817 1875 2887 1928 δὲ
2911 1875 3031 1929 τῶν
3063 1876 3282 1931 ἑαυτοῦ
3319 1877 3621 1946 ἁμαρτιῶν
3663 1877 3929 1942 ἕκαστος

656 1947 771 2015 ipse
792 1949 1026 2004 moritur
1057 1967 1182 2006 cum
1217 1954 1625 2024 ignorantibus.
1682 1956 1966 2027 Tanquam
2016 1957 2240 2011 lmdbus

653 2040 1093 2109 incvilabilibus,
1144 2060 1355 2115 magnae
1410 2050 1826 2104 consuetudinis
1860 2064 2110 2103 errorum
2144 2048 2240 2119 qui

654 2140 709 2194 in
746 2142 837 2196 illo
874 2150 1004 2196 sunt
1036 2144 1269 2207 retibus,
1298 2145 1372 2198 ita
1404 2151 1462 2197 nt
1494 2145 1562 2198 ab
1589 2144 1671 2199 eis
1696 2159 1803 2198 non
1840 2142 2017 2215 possit
2075 2142 2239 2205 solvi,

651 2229 855 2299 ligatur
891 2232 1074 2287 omnis
1109 2221 1373 2302 peccator
1408 2252 1421 2287 :
1453 2236 1545 2303 qni
1605 2236 1650 2289 si
1686 2232 2239 2302 remaneatimpmui-

653 2332 799 2389 Icns,
863 2340 973 2379 non
1008 2326 1233 2397 ell'ugict
1287 2328 1654 2396 perditionem
1712 2342 1837 2381 cum
1886 2328 1969 2382 his
2003 2326 2099 2397 qui
2146 2323 2239 2380 Dei

653 2417 860 2467 monita
893 2429 1000 2468 non
1034 2415 1405 2471 admiserunt.

729 2509 809 2559 Ι·..τ
871 2509 1238 2578 magnitudine
1299 2512 1420 2564 vita:
1472 2527 1584 2565 sua:
1621 2512 1990 2580 prmripitatns
2045 2522 2147 2575 cst,
2192 2492 2273 2566 et.

649 2601 807 2666 periit
834 2600 897 2655 ab
932 2601 1246 2656 stultitiam.
1285 2602 1328 2655 A
1391 2612 1657 2673 perpetua
1692 2612 1747 2659 et
1790 2605 1945 2658 boata
2014 2605 2242 2673 spiritus

653 2691 785 2749 vita.
817 2706 940 2759 quae
961 2691 1059 2754 illi,
1086 2699 1143 2745 ut
1171 2691 1239 2745 ad
1266 2692 1564 2762 imaginem
1616 2704 1669 2748 ct
1696 2694 2119 2749 similitudinem
2148 2691 2239 2745 Dei

656 2784 803 2839 facto
829 2787 1047 2855 prOpria
1084 2798 1190 2852 est,
1211 2796 1434 2858 propter
1460 2792 1740 2869 propriam
1777 2792 2004 2846 exuitur
2038 2791 2241 2844 volun-

653 2883 818 2930 tatem
844 2893 861 2943 ;
886 2886 939 2932 et
964 2893 1063 2933 sua
1095 2880 1342 2949 privatur
1367 2883 1547 2936 salute
1578 2886 1649 2936 ob
1674 2882 1839 2935 vitam
1874 2883 2237 2936 insensatam.

1317 3149 1472 3206 CAP.
1519 3149 1605 3204 VI.

723 3243 890 3300 Vens.
923 3245 971 3300 Ι.
1038 3242 1169 3309 Fili,
1202 3248 1247 3299 si
1313 3246 1659 3313 spoponderis
1703 3260 1798 3311 pro
1846 3245 2039 3309 amico,
2087 3244 2243 3297 dabis

654 3338 873 3391 inimico
892 3354 1131 3394 manum.
1158 3337 1263 3391 Fili
1297 3338 1630 3407 spiritualis,
1664 3342 1712 3392 si
1744 3339 1797 3391 in
1824 3337 2130 3392 crastinum
2152 3350 2243 3390 re-

658 3430 847 3486 mittas
877 3440 933 3484 ut
995 3430 1107 3487 Deo
1133 3446 1299 3500 opera
1351 3429 1714 3501 paenitentiae,
1746 3430 1802 3485 in
1828 3443 2061 3499 corpore
2096 3428 2244 3497 quod

656 3525 757 3579 tibi
789 3525 1016 3579 charum
1040 3534 1148 3590 est,
1178 3527 1465 3583 ostendas,
1486 3534 1538 3577 et
1569 3525 1613 3579 si
1642 3524 1724 3579 vis
1745 3524 1907 3579 hodie
1924 3524 2246 3577 carnalibus

656 3630 856 3671 vacare
925 3617 1322 3686 voluptatibus,
1354 3615 1462 3670 illis
1485 3623 1635 3669 tuam
1684 3615 1984 3685 patentiam
2012 3624 2068 3669 ct
2110 3627 2244 3669 cono

657 3710 1040 3781 cupiscibilom
1061 3720 1115 3763 et
1140 3710 1474 3763 irasribilmu
1506 3708 1906 3773 submittendo,
1942 3707 2243 3777 practicam

658 3814 809 3857 tuam
861 3804 1189 3873 potentiam,
1250 3804 1560 3856 animarum
1611 3813 1929 3857 nostrarum
1962 3802 2241 3856 communi

656 3898 798 3953 hosti
825 3897 1106 3967 subjiciet,
1142 3909 1198 3951 ut
1232 3896 1403 3951 iacias
1436 3909 1499 3950 ea
1553 3909 1676 3966 qua:
1710 3894 1811 3950 tibi
1849 3895 1913 3948 ad
1943 3892 2243 3964 perniciem

655 3992 939 4060 proponit.

726 4079 893 4135 Vens.
946 4079 999 4133 2.
1042 4078 1164 4134 Rcte
1188 4079 1563 4148 fortehomini,
1628 4080 1846 4147 propria
1899 4077 2067 4134 labia.
2116 4079 2247 4132 Itetc

658 4173 1039 4227 inextricabile
1079 4172 1286 4226 homini
1341 4171 1803 4241 concupiscibilis
1835 4178 1891 4225 et
1945 4169 2246 4225 irascibilis

657 4266 924 4336 potentia.
948 4279 1070 4333 mue
1108 4270 1298 4333 aperta
1319 4271 1377 4316 ut
1410 4263 1657 4332 qumdam
1715 4260 1857 4315 labia
1879 4259 1954 4315 ob
2014 4273 2249 4330 propen-

656 4360 869 4413 sionem
923 4358 990 4411 atl
1040 4356 1351 4420 sensibilia,
1387 4355 1831 4410 exhortationem
1867 4355 1970 4408 viae
2021 4354 2245 4408 virtutis

654 4457 961 4511 removent,
997 4455 1051 4503 et
1093 4449 1371 4503 hominem
1402 4449 1453 4502 in
1497 4448 1823 4503 servitutem
1856 4445 2135 4516 redigunt,
2190 4454 2251 4499 ut

2271 3202 2315 3262 C

2341 1966 2686 2035 σφίγγεται·
2754 1962 2930 2032 οὗτος
2981 1966 3231 2036 τελευτᾷ
3308 1970 3459 2037 μετὰ
3522 1968 3924 2022 ἀπαιδεύτων.

2343 2053 2443 2111 Οἷα
2467 2058 2525 2111 δέ
2553 2074 2664 2111 τισι
2689 2058 2917 2127 δεσμοῖς
2950 2060 3237 2129 ἀφύκτοις,
3267 2062 3386 2124 ταῖς
3427 2062 3491 2113 ὲκ
3531 2062 3748 2130 μακρᾶς
3790 2076 3924 2113 συν-

2341 2150 2532 2217 ηθείας
2570 2150 2678 2202 τῶν
2712 2151 2931 2203 οίκείων
2963 2153 3323 2221 πταισμάτων
3376 2155 3729 2215 πλεκτάναις,
3792 2170 3929 2205 συν-

2344 2241 2529 2309 έχεται
2562 2242 2669 2303 πᾶς
2703 2240 3174 2305 δυσαποσπάστως
3207 2243 3347 2313 ἔχων
3375 2246 3472 2314 τῆς
3516 2245 3795 2314 ἁμαρτίας
3822 2262 3833 2271 ·
3867 2244 3928 2307 ὃς

2342 2331 2438 2384 ἐὰν
2501 2330 2662 2403 μείνῃ
2710 2331 3102 2401 ἁμετανόητος,
3137 2335 3379 2404 καταντᾷ
3410 2336 3489 2397 εἰς
3527 2335 3803 2386 ἀπώλειαν
3833 2354 3933 2401 με-

2340 2423 2410 2476 τὰ
2446 2421 2552 2475 τῶν
2579 2423 2824 2493 μηδόλως
2843 2422 3155 2493 δεξαμένων
3187 2425 3474 2478 νουθεσίαν
3509 2425 3738 2497 Κυρίου.

2414 2514 2516 2568 Ἐκ
2539 2516 2608 2566 δὲ
2636 2516 2910 2581 πλήθους
2936 2516 3047 2584 τῆς
3112 2518 3299 2572 αὑτοῦ
3344 2517 3562 2584 ,βιοτῆς
3617 2517 3931 2584 ἐξερῤίρη,

2343 2608 2441 2662 καί
2490 2608 2763 2663 ἀπώλετο
2792 2609 2866 2662 δι’
2902 2611 3281 2677 ἀφροσύνην.
3338 2610 3470 2663 ’Λπδ
3502 2610 3558 2662 δὲ
3592 2610 3690 2677 τῆς
3722 2609 3933 2659 οἰκειο-

2342 2702 2515 2770 τάτης
2541 2700 2709 2770 αὐτῷ,
2765 2700 2840 2764 ὡς
2904 2703 3175 2771 γενομένῳ
3235 2702 3358 2754 κατ’
3418 2702 3606 2754 εἰκόνα
3649 2700 3784 2752 Θεοῦ
3836 2701 3939 2754 καὶ

2343 2792 2626 2862 ὁμοίωσιν,
2676 2792 3040 2862 ἀτελευτήτου
3083 2796 3178 2846 καὶ
3204 2795 3482 2863 μακαρίας
3529 2795 3588 2844 ὲν
3653 2792 3938 2859 πνεύματι

2346 2884 2511 2953 ζωῆς,
2555 2884 2676 2937 κατ’
2705 2885 2911 2937 οἰκείαν
2968 2884 3195 2954 γνώμην
3245 2886 3590 2955 ἀπέρριπται
3620 2899 3635 2913 ο
3690 2885 3785 2935 καὶ
3832 2881 3941 2950 τῆς

2347 2976 2541 3029 ἑαυτοῦ
2575 2978 2851 3047 σωτηρίας
2906 2976 3223 3047 ἐστέρηται,
3279 2975 3370 3029 διὰ
3429 2976 3754 3047 προαίρεσιν
3811 2973 3943 3028 ἁλό-

2346 3080 2555 3132 γιστον.

2949 3152 3205 3212 ΚΕΦΑΛ.
3232 3160 3325 3225 σν.

2416 3253 2485 3299 α’.
2522 3245 2639 3311 Υἱὲ,
2675 3245 2784 3299 ἐὰν
2836 3246 3108 3316 ἐγγυήσῃ
3163 3248 3281 3302 σὸν
3329 3249 3535 3316 φίλον,
3560 3244 3947 3314 παραδώσεις

2350 3338 2520 3407 χεῖρα
2538 3336 2750 3406 ἐχθρῷ.
2772 3337 2973 3391 Τέκνον
3000 3339 3395 3408 πνευματικὸν,
3427 3340 3478 3391 εἰ
3503 3340 3585 3401 είς
3606 3340 3705 3408 τὴν
3745 3337 3943 3408 αῦριον

2348 3429 2720 3494 ἐπιδείξασθαι
2753 3429 2813 3483 τὸ
2840 3430 3137 3499 προσφιλές
3169 3447 3251 3482 σοι
3280 3429 3442 3483 σῶαα
3474 3429 3762 3499 μετανοίας
3800 3430 3942 3493 ἕογα

2347 3521 2468 3590 9εῷ
2497 3520 2811 3593 ἐπαγγέλλῃ
2835 3562 2848 3586 ,
2883 3526 2976 3574 καὶ
3000 3526 3099 3591 τὴν
3135 3524 3376 3592 σήμερον
3420 3523 3521 3584 τὰς
3566 3523 3687 3573 κατ’
3750 3519 3945 3572 ἐπιθυ-

2351 3614 2481 3683 μίας
2513 3613 2608 3666 καὶ
2636 3612 2808 3683 θυμὸν
2838 3611 3110 3682 σαρκικὰς
3146 3611 3394 3683 πληροῦν
3425 3610 3638 3679 ὀρέξεις
3670 3608 3945 3679 βουλόμεο

2349 3722 2458 3768 νος,
2495 3702 2753 3775 παρέξεις
2779 3704 2879 3773 τὴν
2908 3704 3222 3773 πρακτικήν
3256 3720 3349 3756 σου
3390 3702 3629 3772 δύναμιν
3662 3701 3740 3771 τῷ
3770 3700 3948 3770 κοινῷ

2349 3799 2595 3870 πολεμίῳ
2624 3799 2731 3853 τῶν
2778 3800 3067 3869 ἡμετέρων
3095 3798 3315 3868 ψυχῶν,
3359 3801 3440 3862 είς
3488 3799 3552 3851 τὸ
3603 3796 3951 3868 ἐργάζεσθαι

2348 3893 2384 3948 ἆ
2409 3910 2491 3947 σοι
2538 3892 2676 3963 πρὸς
2712 3890 2989 3946 ἀπώλειαν
3014 3890 3360 3960 ὑποτίθησιν.

2422 4076 2485 4147 β’.
2518 4074 2705 4143 Παγῑς
2734 4072 2844 4143 γὰρ
2877 4070 3098 4141 ισχυρὰ
3135 4068 3309 4137 ἀνδρί
3338 4065 3412 4121 τὰ
3446 4065 3570 4121 ἴδια
3596 4065 3793 4135 χείλη.
3830 4063 3946 4133 Θή-

2355 4186 2554 4240 ρατρον
2586 4169 2695 4236 γὰρ
2719 4165 3042 4233 δυσέφικτον
3091 4160 3389 4233 ἀνθρώπῳ,
3445 4160 3482 4230 ἢ
3531 4173 3609 4212 τε·
3651 4155 3952 4227 ἐπιθυμία,

2354 4263 2449 4316 καὶ
2477 4263 2505 4315 ὁ
2548 4260 2738 4329 θυμὸς,
2765 4258 2800 4312 ὃ.
2825 4258 2981 4327 δίκην
3010 4256 3238 4327 χειλέων
3274 4253 3550 4321 κεχηνότα
3580 4250 3724 4303 κατά
3756 4250 3956 4318 σχέσιν

2356 4353 2492 4421 πρὸς
2540 4350 2607 4402 τὰ
2634 4347 2896 4418 αἰσθητὰ,
2927 4346 3022 4399 τοῦ
3055 4346 3175 4396 κατ’
3201 4343 3409 4414 ἀρετὴν
3458 4341 3664 4410 δρόμου
3724 4339 3820 4392 τὸν
3862 4339 3959 4391 λόε-

2355 4458 2454 4509 γον
2484 4438 2755 4494 κωλύουσι
2781 4454 2795 4470 ο
2854 4437 2949 4490 καὶ
2988 4435 3190 4489 πάθεσι
3232 4432 3331 4500 μὲν
3394 4429 3672 4485 δουλεύειν
3704 4430 3805 4500 τὴν
3855 4433 3960 4498 σή.-

657 4544 821 4599 Ιιοιιίε
893 4544 1098 4598 serviat
1149 4542 1574 4611 cupiditatibus,
1615 4549 1672 4596 et
1761 4538 2148 4609 pmnitentiam
2194 4537 2248 4591 in

2361 4550 2548 4604 μερον,
2592 4531 2691 4599 τὴν
2714 4530 2771 4584 δὲ
2798 4528 3070 4598 κάθαρσιν
3102 4530 3181 4589 είς
3206 4525 3305 4595 τὴν
3336 4522 3530 4596 αὔριον
3550 4521 3958 4594 ὑπερτίθεσθαι

654 4635 960 4692 crastinum
993 4636 1259 4689 remittat.

728 4728 797 4782 Et
834 4728 1044 4796 rapitur
1077 4725 1234 4779 labiis
1264 4726 1623 4793 propriioris.
1660 4722 1727 4778 Et
1756 4731 2054 4794 superatur
2088 4720 2254 4775 homo

657 4817 863 4888 iniquis
899 4819 1201 4873 voluntatis
1249 4833 1362 4872 suae
1398 4817 1891 4888 pr0pensionibus,
1924 4828 2023 4885 per
2082 4828 2249 4885 quam

657 4910 814 4978 quasi
841 4925 937 4978 per
970 4910 1250 4979 quoddam
1285 4924 1369 4974 os,
1403 4908 1627 4964 virtutis
1653 4909 1735 4962 vel
1796 4907 2020 4961 malitiae
2083 4904 2253 4976 parti-

655 5020 785 5074 (ops
819 5002 956 5057 litin
991 5004 1212 5071 spiritu.

734 5097 898 5150 \‘izns.
927 5096 980 5149 5.
1020 5095 1155 5156 Fac,
1186 5095 1267 5163 ﬁli
1298 5097 1390 5153 mi.
1421 5111 1483 5148 ea
1509 5109 1626 5164 qua:
1660 5092 1755 5145 tibi
1782 5108 2042 5162 propono,
2104 5101 2153 5144 et
2187 5090 2254 5143 li-

658 5190 781 5241 bera
810 5196 880 5241 te.
933 5186 1198 5256 Operare,
1225 5187 1298 5239 tili
1367 5186 1693 5257 spiritualis,
1751 5201 1814 5241 ca
1848 5199 1971 5255 qua:
1997 5184 2094 5238 tibi
2126 5197 2256 5253 pro-

654 5298 826 5352 pono,
860 5290 914 5337 et
937 5282 1008 5336 ab
1040 5280 1247 5350 iniquis
1277 5280 1496 5336 custodi
1529 5288 1582 5336 te
1606 5278 2029 5349 cupiditatibus.

740 5465 942 5520 Venisti
983 5466 1036 5519 in
1060 5479 1251 5518 manus
1283 5463 1550 5518 malorum
1584 5472 1799 5531 propter
1817 5462 2049 5515 amicum
2080 5470 2252 5515 tuum.

658 5559 897 5613 Coactus
933 5555 1111 5620 fuisti,
1155 5566 1214 5611 ut
1246 5556 1334 5611 his
1386 5556 1721 5627 perniciosis
1761 5555 2005 5626 capiaris
2032 5554 2251 5627 cupidi-

660 5649 891 5715 tatibus,
920 5658 1147 5720 propter
1173 5650 1269 5706 tibi
1293 5650 1685 5706 charissimum
1722 5663 1946 5717 corpus.

732 5740 864 5795 Esto
884 5741 1064 5811 (ortis.
1087 5740 1221 5798 Esto
1256 5741 1521 5798 robustus
1554 5740 1785 5811 spiritus
1811 5740 2090 5796 ﬁrmitate.

2358 4628 2517 4677 τοῦτο
2550 4620 3055 4692 ἀνδραποδίζουσιν.

2429 4716 2538 4771 Καὶ
2576 4716 2895 4770 ἁλίσκεται
2950 4713 3226 4782 χείλεσιν
3274 4709 3433 4764 ἰδίου
3460 4709 3784 4777 στόματος.
3838 4708 3959 4761 Καὶ

2358 4811 2649 4876 κρατεῖται
2674 4809 2702 4859 ὁ
2728 4804 3020 4877 ἄνθρωπος
3049 4807 3171 4867 ταῖς
3196 4803 3511 4872 ἀλογίστοις
3575 4802 3797 4871 σχέσεσι
3856 4800 3962 4853 τοῦ

2357 4899 2558 4952 οἰκείου
2616 4896 3009 4970 προαιρετικοῦ
3035 4912 3049 4927 ·
3087 4895 3156 4947 δι’
3178 4888 3241 4947 οῦ
3282 4895 3360 4957 ὼς
3382 4894 3471 4948 διά
3501 4910 3647 4955 τινος
3680 4893 3965 4963 στόματος

2356 4992 2560 5064 ἀρετῆς
2591 4991 2624 5063 ἦ
2658 4990 2854 5052 κακίας
2897 4989 3308 5060 μεταλαμϐάνει
3342 4989 3482 5041 κατὰ
3516 4987 3717 5057 ψυχήν.

2417 5092 2490 5152 γ’.
2526 5086 2709 5147 Ποιέι,
2739 5083 2851 5143 υἱὲ,
2877 5082 2912 5136 ἀ
2937 5083 3051 5151 ἐγώ
3080 5099 3176 5135 σοι
3198 5081 3579 5148 emeram“,
3602 5079 3698 5130 καὶ
3734 5077 3962 5133 σὼὣυ,

2370 5176 2663 5249 Ἐργὰζου,
2696 5176 2888 5229 τέκνον
2918 5174 3311 5245 πνευματικὸν,
3345 5174 3491 5242 ἅπερ
3519 5189 3600 5224 σοι
3636 5172 3802 5233 αὐτὸς
3821 5174 3965 5224 ὑπο-

2357 5271 2574 5343 τίθημι,
2609 5270 2704 5324 καὶ
2767 5269 2879 5324 ἀπὸ
2932 5268 3045 5323 τῶν
3106 5267 3439 5340 παραλόγων
3504 5264 3783 5335 φυλάττου
3844 5281 3961 5318 πα-

2360 5366 2493 5422 θῶν.

2436 5458 2643 5522 ’Ἥκεις
2674 5454 2787 5525 γὰρ
2811 5456 2900 5520 είς
2929 5452 3133 5523 χεῖρας
3167 5451 3373 5506 κακῶν
3404 5450 3505 5505 διὰ
3565 5448 3686 5504 σὸν
3744 5451 3960 5519 φίλον.

2362 5548 2669 5619 Συνελαύνῃ
2699 5547 2809 5618 γὰρ
2835 5550 2917 5610 είς
2944 5546 3006 5599 τὸ
3030 5549 3145 5610 τοῖς
3172 5544 3438 5607 τοιούτοις
3470 5541 3744 5613 ὀλεθρίοις
3810 5541 3963 5595 ἁλῶ.

2364 5658 2452 5694 ναι
2487 5640 2705 5704 πάθεσι,
2761 5639 2850 5693 διὰ
2878 5639 2941 5692 τὸ
2970 5638 3271 5712 προσφιλές
3302 5654 3384 5691 σοι
3410 5635 3593 5707 σῶμα.

2437 5736 2597 5789 Ἴσοι
2621 5733 2707 5802 μὴ
2731 5733 3121 5803 ἐκλυόμενος.
3157 5732 3291 5786 Ἔσο
3344 5730 3423 5804 μὴ
3471 5729 3565 5783 τὸν
3612 5727 3715 5801 τῆς
3778 5726 3965 5799 ψυχῆς

2370 5844 2460 5880 σου
2491 5828 2642 5880 τόνον
2668 5824 2865 5897 χαυνού
2874 5841 3057 5896 μενος.
