4238 6458
276 460 421 525 1269
1318 458 1851 518 COMMENTARII
1903 458 1950 515 II

1903 458 1981 515 IN
2026 457 2480 518 PROVERBIA.
3424 452 3554 510 1270

360 562 672 625 Παρόευνε
706 563 772 615 δὲ
802 564 901 615 καὶ
935 566 1042 616 τὸν
1074 566 1258 632 φίλον
1282 582 1399 620 σου
1436 568 1508 619 δν
1555 570 1854 636 ἐγγυήσω.
1893 574 1935 630 Α

1893 574 1935 630 Α
2036 568 2229 621 Excita
2249 571 2410 622 etiam
2446 569 2676 619 amicum
2713 581 2805 633 pro
2841 580 2941 632 quo
2974 560 3322 629 spopondisti.
3363 561 3551 615 Excita

291 651 586 723 Παράθηγε
615 653 672 707 δὲ
716 654 920 723 μᾶλλον
974 656 1068 709 καὶ
1122 656 1254 709 αὐτὸ
1307 658 1368 710 τὸ
1420 658 1741 728 φιλούμενόν
1786 678 1867 713 σοι

1972 660 2154 729 potius
2183 659 2281 712 tibi
2309 658 2699 713 charissimum
2732 655 3124 723 corpusculum
3155 670 3167 705 :
3204 668 3365 707 move
3425 653 3556 706 illud

293 743 519 810 σαρκίον
546 759 558 773 ·
594 743 885 817 διεγείρων
925 744 1087 798 τοῦτο
1114 746 1252 816 πρὸς
1278 747 1542 815 ἐργασίαν
1578 748 1672 800 τοῦ
1732 750 1871 816 ἀγαο

1973 750 2038 803 ad
2068 751 2208 804 bona
2246 764 2435 820 opera,
2467 758 2525 802 tu
2566 748 2659 817 qui
2714 746 2824 801 Deo
2867 745 3282 817 operajustitia:
3348 748 3556 813 promi-

291 834 470 897 θοῦ,δ
518 836 867 906 δικαιοσύνης
922 839 1063 910 ἔργα
1118 836 1462 905 ἐνδείξασθαι
1523 838 1869 909 καθυπέσχου
1971 844 2116 898 sisti.

290 927 431 981 Θεῶ.

362 982 425 1073 δ’.
458 1022 553 1088 Μὴ
584 1022 703 1088 δῷς
732 1024 931 1077 ὕπνον
962 1025 1098 1091 σοῖς
1130 1025 1416 1093 ὄμμασιν.
1472 1024 1565 1095 Μὴ
1626 1022 1874 1093 παράσχε

2047 1026 2212 1081 Vrsas.
2239 1024 2291 1079 4.
2329 1023 2410 1078 Ne
2428 1024 2518 1078 des
2559 1039 2800 1077 somnum
2833 1023 2998 1075 oculis
3027 1022 3154 1074 tuis.
3185 1020 3246 1072 Et
3280 1032 3336 1073 ιιι
3359 1020 3557 1073 vetita-

293 1112 437 1164 κατά
468 1113 696 1183 γνώμην
720 1113 887 1167 ὖπνον
918 1116 1193 1186 ῥᾳθυμίας
1230 1118 1350 1179 ταῖς
1379 1116 1751 1185 θεωρητικαῖς
1779 1130 1873 1167 σου

1977 1126 2082 1172 tem
2110 1118 2582 1188 comprehendere
2604 1118 2806 1185 possis,
2840 1132 2907 1170 ne
2937 1116 3035 1169 des
3075 1116 3127 1167 in
3163 1115 3359 1179 spiritu
3405 1129 3556 1168 som-

290 1202 578 1270 δυνάμεσι,
607 1204 747 1275 πρὸς
782 1205 880 1275 τὴν
916 1209 1017 1277 τῆς
1044 1206 1307 1276 ἀληθείας
1330 1206 1657 1276 κατάληψιν.

1644 1244 1657 1259 .
1977 1223 2109 1263 num
2137 1208 2860 1278 torporisintellectualibus
2890 1206 2999 1259 tuis
3034 1205 3315 1272 potentiis.

357 1293 526 1361 Μηδὲ
561 1295 978 1365 ἐπινυστάξης
1009 1298 1142 1363 σοῖς
1169 1298 1523 1367 βλεφάροις.
1586 1296 1729 1368 Μήτ’
1782 1293 1877 1347 ἐπὶ

2056 1301 2137 1356 Ne
2162 1302 2416 1357 dormites
2439 1302 2728 1370 palpebris.
2757 1300 2835 1367 Ne
2867 1300 3124 1354 sensibus
3147 1305 3199 1351 cl
3224 1296 3557 1365 apparcnliis

290 1385 416 1446 ταῖς
450 1385 571 1437 κατ’
602 1385 863 1457 αἴσθησιν
922 1388 1019 1441 καὶ
1068 1389 1374 1456 φαντασίαν
1424 1390 1644 1456 ἀλόγοις
1695 1386 1879 1450 δόξαις

1981 1395 2316 1457 abstractus,
2340 1394 2548 1463 iniquis
2583 1394 2867 1447 adlizereas
2930 1390 3223 1445 sententiis
3254 1404 3347 1457 per
3367 1396 3558 1456 poten-

293 1476 749 1547 συγκατανεύσῃς
779 1480 901 1542 ταῖς
962 1479 1296 1549 όρεκτικαῖς,
1348 1479 1422 1549 μὴ
1477 1477 1878 1549 γρηγορούσαις

1982 1486 2088 1538 tias
2123 1486 2316 1537 animae
2345 1491 2450 1538 tuae
2477 1483 2959 1551 concupiscibiles,
3002 1496 3124 1549 quae
3166 1495 3272 1533 non
3307 1478 3456 1547 Vigilt
3481 1486 3560 1539 ut,

292 1567 434 1635 πρὸς
462 1566 563 1636 τὴν
593 1569 881 1639 ἐπιτυχίαν
907 1570 1001 1623 τοῦ
1031 1570 1187 1632 δντος
1225 1569 1457 1638 ἀγαθοῦ,
1516 1569 1604 1622 διὰ
1664 1569 1725 1621 τὸ
1779 1568 1880 1637 τῆς

1982 1586 2041 1631 ιιι
2067 1590 2251 1631 verum
2276 1576 2502 1637 bonum,
2544 1576 2674 1628 illud
2711 1576 2897 1627 labore
2923 1572 3225 1641 Operamlo,
3261 1586 3561 1638 assequam-

290 1655 485 1708 τούτου
503 1658 766 1727 ἐργασίας
790 1661 1048 1712 ἐπίπονον
1075 1675 1087 1689 ·
1107 1662 1275 1732 αἴπερ
1296 1661 1760 1714 ἀναπετάννυνται
1783 1659 1880 1727 μὲν

1982 1675 2073 1720 ιιιι·
2107 1684 2117 1718 ;
2165 1682 2307 1735 quae.
2343 1668 2501 1736 quasi
2536 1667 2809 1735 palpebrae
2833 1665 2899 1718 ad
2953 1666 3156 1718 bonum
3213 1676 3523 1732 apertum.“
3549 1703 3561 1721 ,

294 1748 434 1816 πρὸς
459 1747 639 1813 τοῦτο.
671 1746 760 1803 οἷά
789 1768 910 1804 τινα
929 1752 1194 1823 βλέφαρα,
1225 1752 1618 1823 γρηγορουσῶν
1630 1751 1738 1804 τῶν
1756 1750 1883 1803 θεω-

1983 1773 2107 1813 cum
2151 1758 2408 1826 potentiae
2446 1758 2847 1812 intellectuales
2888 1756 2957 1809 ad
3008 1756 3259 1809 veritatis
3314 1769 3567 1822 compre-

297 1838 540 1906 ρητικῶν
582 1841 722 1911 πρὸς
760 1842 859 1913 τὴν
882 1843 981 1912 τῆς
1005 1844 1262 1915 ἀληθείας
1283 1835 1586 1914 κατάληψιν
1613 1860 1627 1874 ·
1686 1841 1881 1912 μύουσι
1914 1905 1955 1920 _

1914 1905 1955 1920 _
1984 1851 2307 1905 liensionem
2333 1852 2597 1920 vigilant:
2627 1851 2964 1905 clauduntur
3001 1867 3152 1913 vero,
3211 1866 3335 1904 cum
3366 1850 3429 1902 ad
3450 1866 3566 1901 eam

293 1905 350 1979 δὲ
387 1930 520 1999 πρὸς
554 1905 708 1996 αὐτὸ,
744 1905 1108 2003 ῥᾳθυμουσῶν
1137 1905 1273 2005 πρὸς
1309 1905 1527 2005 αὑτήνἰ
1584 1905 1883 1987 κάντεῦθεν
1914 1905 1957 1961 Β

1914 1905 2239 2011 Btorpent;
2298 1943 2525 2005 etinde,
2577 1942 2666 1996 lux
2702 1942 2834 1997 solis
2864 1942 3097 2012 justitia:
3131 1941 3200 1995 ab
3235 1940 3346 1995 illis
3409 1939 3569 2006 longe

294 2023 355 2073 τὸ
389 2022 507 2089 φῶς
543 2022 641 2077 τοῦ
670 2025 773 2095 τῆς
819 2025 1166 2098 δικαιοσύνης
1191 2029 1370 2098 ,ἡλίου
1408 2027 1637 2091 ταύταις
1686 2027 1887 2081 διατει-
1987 2033 2166 2088 abest.
2868 2018 2879 2027 .

296 2117 566 2187 χίιζουσιν.

368 2208 431 2265 ε’.
476 2211 610 2266 Ἵνα
656 2211 811 2281 σώζῃ
860 2197 1064 2282 ὥσπερ
1110 2214 1332 2284 δορκὰς
1372 2214 1439 2269 ἐκ
1481 2216 1746 2283 βρόχων,
1786 2211 1886 2266 καί

2059 2210 2224 2266 Vens.
2259 2213 2311 2267 5.
2340 2210 2405 2265 Ut
2429 2214 2636 2265 eruaris
2690 2213 2845 2281 quasi
2869 2211 3112 2279 damula,
3176 2213 3239 2263 de
3288 2227 3467 2274 manu,
3528 2221 3574 2263 ea

292 2298 503 2368 ὥσπερ
538 2302 750 2371 ὄρνεον
778 2304 846 2358 ἐκ
887 2303 1161 2373 παγίδος.
1211 2305 1367 2358 Οὕτω
1398 2305 1454 2358 δέ
1490 2322 1548 2357 σε
1582 2301 1887 2358 διακεῖσθαι

1988 2305 2145 2373 quasi
2188 2304 2298 2358 avis
2348 2304 2412 2359 de
2462 2305 2684 2360 retibus.
2722 2305 2814 2359 Sic
2846 2306 3103 2360 affectum
3140 2304 3203 2358 iri
3231 2306 3449 2369 hortor,
3517 2314 3574 2356 ut

296 2394 692 2465 διακελεύομαι
764 2397 913 2460 ὅπως
969 2398 1215 2468 φυλάττῃ
1279 2397 1390 2451 τῶν
1454 2395 1889 2466 ποικιλοτρόπων

1991 2395 2238 2450 omnium
2301 2397 2576 2450 malorum
2637 2396 2908 2466 principis
2947 2397 3123 2450 hostis
3154 2395 3572 2449 variisinsidiis

297 2488 682 2557 ἀγρευτηρίων
707 2487 801 2541 τοῦ
825 2490 1135 2559 ἀρχεκάκου
1163 2488 1358 2559 ἐχθροῦ
1379 2484 1493 2542 ὀἷα
1523 2490 1620 2558 μέν
1645 2504 1729 2550 τις
1762 2485 1885 2552 ὀξυ-

1993 2487 2227 2555 teipsum
2262 2486 2543 2543 custodias
2579 2504 2592 2539 :
2627 2495 2709 2550 ut,
2770 2496 3031 2555 tanquam
3058 2481 3280 2541 damula
3308 2487 3462 2540 velox
3522 2496 3577 2540 et

297 2578 502 2647 δρόμος
528 2578 624 2630 καὶ
656 2578 1003 2648 ἀλτικωτάτη
1041 2579 1263 2648 δορκάς,
1318 2575 1654 2648 ὑπερπηδῶν
1717 2574 1891 2628 ταῦτα

1993 2576 2129 2646 pede
2181 2577 2357 2644 agilis,
2400 2578 2521 2632 illas
2576 2579 2879 2632 secundum
2946 2581 3207 2633 virtutem
3262 2579 3568 2641 transilias;

298 2669 423 2724 κατ’
446 2671 670 2740 ἀρετήν’
691 2666 777 2723 οἷα
802 2671 860 2724 δέ
878 2688 929 2723 τι
949 2673 1009 2725 ἀε
1021 2670 1255 2741 ροπόρον
1280 2670 1375 2723 καὶ
1394 2668 1651 2739 ὑψιπετές
1668 2667 1888 2735 πτηνὸν,

1992 2675 2046 2720 et
2075 2674 2333 2736 tanquam
2371 2671 2508 2732 avis,
2540 2684 2635 2740 per
2667 2685 2794 2725 aera
2824 2671 3083 2735 volitans,
3116 2686 3282 2739 super
3310 2684 3402 2725 eas
3476 2684 3570 2739 per

302 2764 752 2834 ὑπεριπτάμενος
778 2762 918 2816 αύτά
956 2764 1095 2817 κατά
1120 2765 1341 2831 γνῶσιν.

869 2762 918 2816 τὰ
956 2764 1095 2817 κατὰ
1120 2765 1341 2831 γνῶσιν,
1994 2756 2299 2811 doctrinam
2330 2760 2543 2815 volitcs.

371 2862 448 2921 ς’.
476 2852 593 2908 ’1οι
623 2855 772 2923 πρὸς
804 2855 909 2908 τὸν
942 2856 1247 2926 μύρμηκα,
1298 2850 1345 2909 ὦ
1370 2855 1593 2923 ὀκνηρέ
1619 2870 1634 2885 ⁸
1671 2853 1766 2907 καὶ
1798 2852 1892 2919 ζή-

2066 2848 2233 2906 Vens.
2260 2850 2312 2906 6.
2351 2851 2490 2906 Vade
2508 2852 2574 2905 ad
2593 2852 2895 2922 formicam,
2915 2870 2945 2907 ο
2964 2854 3130 2924 piger,
3160 2865 3207 2907 et
3232 2855 3443 2907 imitare
3473 2854 3580 2905 uias

299 2950 515 3001 λωσον
561 2947 671 3012 τὰς
711 2946 892 3014 ὀδοὺς
979 2948 1190 3002 αὑτοῦ.
1265 2946 1572 3006 Ἀπόόλεπε
1653 2948 1789 3018 πρὸς
1835 2948 1895 3001 τὸ

1996 2944 2133 3014 ejus.
2190 2943 2428 3016 Respice
2496 2946 2889 3017 parvissimutn
2920 2947 3144 3011 animal,
3183 2946 3494 3010 formicam,
3549 2965 3584 3000 υ

302 3037 696 3091 εὐτελέστατον
748 3038 910 3106 ζῶον,
942 3040 1036 3092 τὸν
1068 3039 1357 3109 μύρμηκα,
1392 3033 1437 3092 ὦ
1482 3037 1694 3110 ρᾁυμε
1719 3054 1735 3070 ο
1803 3037 1897 3091 καὶ

1997 3039 2184 3108 piger;
2236 3046 2293 3103 et
2344 3038 2465 3107 ejus
2511 3052 2677 3109 Opera
2734 3040 3120 3101 considerans.
3174 3039 3391 3094 imitare
3431 3038 3580 3093 illam

302 3128 595 3199 γινώσκων
624 3129 722 3193 τὰς
747 3129 984 3199 φυσικὰς
1014 3129 1280 3202 ἐργασίας
1301 3128 1490 3198 αὐτοῦ,
1522 3127 1899 3200 μίμησαιταύ-

958 3147 984 3194 ς
1014 3129 1280 3202 ἐργασίας
1301 3128 1490 3198 αὐτοῦ,
1522 3127 1899 3200 μίμησαιταύ-
2000 3131 2305 3187 secundum
2338 3132 2629 3187 rationem.

304 3239 405 3286 τας
437 3224 581 3277 κατὰ
611 3223 959 3294 προαίρεσιν.
1924 3244 1967 3300 (ς

376 3315 490 3370 Καὶ
522 3315 703 3384 γενοῦ
728 3315 967 3370 ἐκείνου
998 3315 1359 3385 σοφώτερος.
1395 3316 1504 3369 Καὶ
1538 3311 1628 3369 οἷα
1656 3314 1895 3382 λογικὸς,

2078 3315 2207 3370 Fias
2246 3316 2344 3371 illa
2377 3316 2698 3385 sapientior.
2737 3315 2801 3369 Et
2835 3324 3100 3385 tanquam
3147 3317 3361 3371 ratione
3385 3318 3582 3386 pr;edi--

305 3408 537 3478 νίκησον
570 3409 670 3478 τὴν
700 3410 830 3479 περὶ
880 3409 950 3463 τά
1002 3410 1297 3478 σωματικά
1355 3408 1549 3477 σοφίαν
1607 3408 1796 3471 αὑτοῦ,
1845 3409 1901 3459 ἐν

2006 3417 2117 3473 tus,
2149 3409 2479 3464 vincoillius
2512 3411 2659 3462 circa
2678 3409 2991 3478 corporalia
3035 3409 3588 3479 sapientiam,ostcn-

306 3503 424 3565 τοῖς
468 3504 861 3571 πνευματικοῖς
892 3501 1340 3571 ἐπιδεικνύμενος
1373 3502 1434 3553 τὸ
1465 3502 1652 3569 σοφόν.

1389 3502 1434 3553 τὸ
1465 3502 1652 3569 σοφόν.
2006 3502 2143 3570 deus
2180 3502 2233 3555 in
2262 3501 2652 3571 spiritualibus
2695 3502 3063 3569 prudentiam.

380 3593 448 3659 ζ’.
492 3592 757 3660 Ἐκεῖνος
788 3595 898 3665 γὰρ
931 3594 1219 3664 τεωργίου
1266 3594 1352 3662 μὴ
1383 3593 1785 3661 ὑπάρχοντος.
1842 3592 1905 3645 '0

2084 3593 2249 3649 Vens.
2276 3594 2330 3647 7.
2383 3596 2509 3646 ch
2554 3595 2694 3647 enim
2722 3596 2833 3647 sine
2884 3604 3050 3649 terra.
3080 3593 3203 3648 Haec
3234 3594 3406 3659 enitn,
3464 3609 3589 3643 cum

306 3686 554 3749 τοιοῦτος
589 3686 698 3757 γὰρ
760 3686 836 3755 μὴ
871 3685 1122 3755 εὐπορῶν
1165 3702 1311 3747 τινος
1343 3688 1617 3754 γεωργίου
1660 3686 1724 3738 ἐκ
1771 3687 1904 3739 σπό-

2009 3699 2214 3743 terram
2285 3703 2395 3743 non
2453 3688 2756 3758 possideat,
2792 3703 2890 3741 nec
2914 3701 3099 3742 semen
3132 3688 3187 3741 in
3227 3694 3429 3741 terram
3462 3686 3591 3753 inji—

314 3794 411 3846 ρου
444 3774 1043 3846 προκαταὸεὸλημένου
1081 3778 1149 3846 τῇ
1172 3778 1241 3844 γῇ
1274 3775 1403 3846 παρ’
1431 3776 1620 3828 αὑτοῦ.
2009 3781 2139 3835 ciat.

388 3869 557 3937 Μηδὲ
598 3869 707 3923 τὸν
744 3867 1161 3939 ἀναγκάζοντα
1219 3868 1397 3937 ἔχων.
1453 3870 1597 3939 Μήτ’
1640 3869 1780 3941 ἔχων
1818 3870 1910 3923 τὸν

2086 3872 2152 3925 Ει
2189 3873 2531 3940 imperantem
2572 3889 2674 3924 non
2706 3873 2922 3924 habens.
2957 3869 3069 3925 Nec
3094 3870 3301 3925 habens
3336 3869 3594 3939 aliquem,

316 3964 458 4034 πρὶς
487 3960 753 4033 ἐργασίαν
780 3962 943 4014 αὑτὸν
971 3959 1399 4029 κατεπείγοντα.

1266 3977 1399 4014 ιντα.
2012 3966 2107 4036 qui
2139 3980 2259 4019 eam
2301 3965 2365 4018 ad
2393 3965 2634 4019 laborem
2670 3964 2940 4034 impellat.

388 4060 463 4125 η’.
491 4052 655 4121 Μηδέ
692 4053 811 4108 ὑπὸ
839 4052 1151 4119 δεσπότην
1179 4049 1284 4117 ὢν,
1304 4052 1666 4122 ἐτοιμὰζεται
1696 4054 1909 4122 θέρους

2088 4056 2253 4112 Vens.
2287 4057 2340 4110 8.
2387 4055 2493 4110 Nec
2524 4058 2617 4113 sub
2656 4058 2789 4110 duce
2822 4068 2996 4119 stans,
3062 4066 3333 4122 pra'parat
3408 4070 3598 4104 messe.

316 4150 434 4215 τὴν
468 4146 721 4216 τροφήν.
760 4146 915 4214 Μηδέ
948 4145 1192 4209 δουλείας
1227 4146 1376 4216 ζυγῷ
1407 4148 1796 4216 ὑποκείμενος,
1823 4149 1911 4199 εύ-

2017 4151 2070 4204 ὺι
2109 4150 2305 4204 cibum.
2332 4148 2441 4204 Nec
2481 4151 2767 4204 servitutis
2797 4150 2930 4219 jngo
2972 4150 3258 4211 astrictus,
3302 4158 3456 4217 parat
3511 4164 3592 4214 |)t'l

316 4239 573 4310 τρεπίζει
608 4238 752 4291 κατά
780 4254 901 4289 τινα
932 4237 1170 4308 φυσικὴν
1221 4239 1455 4310 κίνησιν,
1488 4240 1545 4291 ἐν
1577 4238 1652 4309 τῷ
1710 4238 1909 4310 θερινῷ

2018 4243 2303 4298 naturales
2342 4251 2599 4303 conatus,
2631 4241 2685 4295 in
2736 4251 2986 4310 tempore
3027 4240 3250 4305 messis,
3281 4240 3461 4292 cibum
3509 4254 3604 4307 pro

321 4332 522 4405 καιρῷ,
555 4332 654 4401 τὴν
680 4330 916 4401 χρειώδη
964 4331 1110 4383 κατά
1139 4331 1231 4384 τὸν
1265 4330 1513 4401 χειμῶνα
1539 4334 1773 4403 τροφήν.

964 4331 1110 4383 κατά
1139 4331 1231 4384 τὸν
1265 4330 1513 4401 χειμῶνα
1539 4334 1773 4403 τροφήν.
2022 4335 2201 4388 hieme
2217 4333 2617 4386 necessarium.

393 4422 646 4489 Πολλὴν
676 4439 741 4476 τε
770 4422 840 4476 ἐν
870 4421 951 4487 τῷ
980 4420 1186 4490 ἁμητῷ
1212 4421 1463 4476 ποιεῖται
1498 4424 1613 4489 τὴν
1655 4425 1918 4493 παράθε-

2095 4417 2324 4473 Multam
2353 4420 2407 4473 in
2432 4436 2598 4474 messe
2624 4420 2765 4489 facit
2797 4421 3010 4491 frugum
3041 4422 3413 4487 receptionem.
3456 4418 3607 4472 Suﬂi-

318 4529 451 4569 σιν.
478 4514 742 4584 Αὐτάρκη
774 4529 833 4565 τε
863 4514 922 4565 ἐν
953 4511 1032 4583 τῷ
1079 4512 1260 4581 καιρῷ
1314 4514 1415 4582 τῆς
1473 4513 1583 4566 τῶν
1628 4515 1920 4585 ἀσταχύων

2026 4515 2288 4575 cientem,
2321 4514 2377 4567 in
2413 4520 2661 4582 tempore
2689 4515 2886 4568 messis
2938 4515 3364 4576 h'mnt-ntorum,
3390 4528 3452 4565 ex
3502 4512 3612 4565 illis

322 4611 669 4680 συγκομιδῆς
696 4609 796 4679 τὴν
820 4608 1028 4679 ταύτης
1074 4612 1309 4661 ποιεῖται
1363 4608 1629 4662 ἀπόθεσιν
1661 4626 1674 4641 ·
1705 4611 1765 4664 ὃν
1826 4630 1917 4681 μι-
1952 4598 1996 4655 Ῐ)

1952 4598 1996 4655 D
2029 4605 2157 4660 facit
2186 4607 2594 4675 perceptionem
2622 4622 2635 4670 ;
2665 4606 2811 4659 illam
2866 4606 3110 4670 imitans,
3143 4614 3196 4660 et
3224 4607 3447 4660 verbum
3510 4608 3612 4659 ob-

326 4704 604 4773 μούμενος
642 4705 670 4756 ό
714 4703 811 4755 καὶ
841 4702 1002 4769 λόγον
1033 4701 1172 4771 ἔχων
1200 4701 1292 4753 τὸν
1336 4701 1798 4769 ἐπαναγκαζόντά
1854 4722 1913 4757 σε

2017 4715 2244 4756 servans
2274 4699 2419 4768 quod
2449 4710 2499 4754 te
2528 4700 2596 4751 ad
2634 4702 2835 4752 bonum
2871 4700 3224 4767 operandam
3261 4702 3514 4769 impellit,
3562 4710 3614 4753 (ιι

322 4793 714 4865 ἐπιμελεῖσθαι
742 4792 835 4847 τοῦ
859 4786 1092 4862 ἀγαθοῦ,
1124 4795 1218 4847 καὶ
1242 4794 1605 4865 ὑποκείμενος
1652 4796 1731 4864 τῷ
1773 4814 1915 4866 χρη-

2020 4790 2166 4845 dulci
2203 4787 2590 4842 mandatorum
2631 4790 2948 4842 divinorum
2976 4790 3111 4860 jugo
3177 4789 3515 4851 submissus,
3546 4791 3617 4843 for-

324 4887 444 4957 στῷ
476 4886 630 4959 ζυγῷ
670 4886 782 4939 τῶν
809 4886 1040 4939 ἐντολῶν
1079 4886 1175 4939 τοῦ
1197 4884 1358 4949 Θεοῦ,
1392 4889 1450 4940 ἐν
1482 4888 1645 4940 παντὶ
1698 4888 1775 4957 τῷ
1826 4892 1925 4960 τῆς

2021 4883 2168 4936 stina
2193 4882 2426 4936 virtutes
2472 4882 2757 4950 colligere,
2824 4893 2877 4935 et
2911 4882 3114 4935 animte
3173 4882 3563 4935 thesaurizaic
3604 4900 3614 4934 :

324 4979 473 5032 κατά
502 4977 605 5048 τὴν
644 4976 792 5047 ζωήν
816 4992 911 5029 σου
938 4976 1203 5051 ἐργασίας
1226 4974 1425 5046 χρόνῳ,
1459 4976 1737 5045 συλλέγειν
1767 4977 1927 5029 σπεύ-

2026 4984 2106 5038 ut,
2132 4990 2256 5030 cum
2282 4974 2399 5045 ipsa
2432 4987 2460 5027 a
2489 4988 2727 5044 corpore
2761 4985 3013 5043 separata
3079 4974 3484 5040 hibernarent,
3554 4991 3618 5028 ex

324 5072 383 5125 δε
418 5071 518 5132 τὰς
542 5069 767 5141 ἀρετὰς,
809 5069 904 5122 καὶ
933 5068 1400 5139 ἀποθησαυρίζειν
1422 5069 1593 5132 αύτάς
1630 5071 1694 5139 τῇ
1749 5068 1922 5140 ψυχῇ,

2029 5067 2160 5126 illis.
2185 5069 2239 5121 in
2282 5066 2644 5130 abundantia,
2675 5067 2954 5120 nutriatur
2983 5064 3034 5117 in
3058 5079 3154 5132 spe
3184 5063 3497 5118 futurorum
3525 5066 3620 5119 bo-

328 5163 419 5217 ἵνα
449 5160 583 5215 ὃταν
611 5158 751 5231 α’ύτη
785 5161 850 5229 τῇ
878 5158 986 5213 ἀπὸ
1029 5157 1123 5211 τοῦ
1155 5156 1409 5227 σώματος
1474 5158 1756 5212 διαστάσει
1806 5176 1924 5229 χει-

1474 5158 1756 5212 διαστὰσει
1806 5176 1924 5229 χει·
2036 5175 2230 5215 norum
2258 5178 2272 5226 ;
2305 5160 2347 5213 si
2378 5176 2505 5215 vero
2527 5159 2773 5229 negligas
2808 5158 3119 5212 formicam.

333 5251 601 5324 μᾶζηται,
647 5249 919 5322 τρέφηται
975 5247 1041 5302 δι’
1099 5248 1279 5302 αὐτῶν
1326 5250 1392 5318 τῇ
1441 5246 1622 5299 ἐλπίδι
1674 5246 1783 5300 τῶν
1829 5248 2131 5319 μελλόντων
2179 5250 2402 5318 ἀγαθῶν
2460 5250 2698 5315 ἱκανῶς·
2733 5252 2781 5303 εί
2819 5250 2875 5303 δὲ
2914 5252 3008 5303 καὶ
3049 5250 3286 5321 παρόψει
3341 5253 3431 5303 τὸν
3490 5254 3622 5321 μύρα

334 5365 512 5423 μηκα.

416 5439 752 5508 Πορεύθητι
786 5438 939 5506 πρὸς
971 5436 1087 5506 τὴν
1126 5437 1461 5507 μέλισσαν.
1507 5439 1670 5493 Ἀλλά
1693 5455 1755 5508 γε
1792 5439 1931 5510 πρὸς

2115 5437 2257 5492 Vade
2290 5430 2359 5490 ad
2391 5452 2561 5504 apem.
2588 5436 2669 5492 Ad
2706 5450 2863 5506 apem
2933 5436 3091 5499 vade,
3118 5434 3269 5489 illius
3294 5448 3460 5504 opera
3491 5450 3625 5489 Cott-

330 5538 435 5608 τὴν
476 5534 741 5605 μέλισσαν
769 5530 998 5594 ἄπελθε,
1030 5531 1098 5584 τά
1129 5531 1337 5603 ταύτης
1372 5531 1508 5603 ἔργα
1554 5531 1858 5586 κατανοῶν.

735 5548 741 5577 ι
769 5530 998 5594 ἄπελθε,
1030 5531 1098 5584 τά
1129 5531 1337 5603 ταύτης
1372 5531 1508 5603 ἔργα
1554 5531 1858 5586 κατανοῶν.
2037 5532 2409 5587 sideraturus.

405 5630 515 5688 Καὶ
540 5628 718 5699 μάθε,
752 5626 835 5693 ὡς
853 5624 1091 5695 ἐρπίτις
1144 5626 1300 5693 ἐστὶ,
1352 5626 1465 5693 τήν
1522 5643 1586 5680 τε
1643 5626 1934 5695 ἐργασίαν

2114 5624 2178 5679 Et
2211 5624 2379 5688 disce,
2416 5626 2540 5695 quia
2610 5624 2887 5678 laboriosa
2933 5631 3034 5686 est,
3077 5634 3125 5677 et
3197 5640 3328 5693 opus
3373 5633 3628 5693 tanquam

336 5726 415 5788 ὡς
446 5719 690 5791 σεμνὴν
720 5717 998 5772 ποιεῖται.
1039 5718 1151 5771 Καὶ
1173 5718 1341 5785 γνῶθι
1368 5720 1450 5772 ὅτι
1483 5718 1579 5771 καὶ
1610 5716 1935 5787 αὖτηέργάο

2040 5728 2285 5773 sanctum
2339 5718 2514 5787 efﬁcit.
2548 5715 2611 5770 Et
2667 5718 2843 5780 disce,
2875 5717 3021 5787 quod
3051 5727 3103 5769 et
3133 5716 3251 5786 ipsa
3281 5717 3513 5781 Iabora',
3578 5725 3627 5769 et

338 5821 520 5884 ζεται,
573 5815 667 5871 καὶ
734 5814 795 5868 τὸ
872 5813 1036 5885 ἔργον
1092 5813 1262 5883 αὐτῆς
1326 5814 1583 5869 ἀποτελεῖ
1636 5815 1939 5883 ἐντιμότα-

1489 5814 1583 5866 ιλεῖ
1636 5815 1939 5883 ὲντιμότα-
2040 5827 2181 5883 opus
2214 5812 2359 5867 illius
2388 5812 2876 5867 honoratissimum
2910 5810 3163 5867 edicitur.

341 5931 459 5966 τον.
