4238 6458
674 389 804 448 1267

2004 398 2353 458 PROCUPII
2394 399 2637 458 G.\Z.‘EI

3800 397 3938 458 1268

668 496 889 559 drmltll',
918 501 974 548 ut
998 509 1186 550 earum
1214 500 1550 567 apparentiis
1580 501 1815 570 haerens,
1836 510 2019 559 etnon
2050 520 2246 575 proce-

2368 506 2834 575 τυμπεριγράφου,
2861 503 3001 557 κατὰ
3016 502 3443 571 τὸὲναπομένειν
3458 502 3578 564 ταῖς
3593 501 3937 570 ἐπιφανείαις

669 588 768 642 das
795 588 847 642 in
866 589 1062 659 spiritu
1087 590 1152 643 ad
1188 588 1382 643 harum
1417 593 1680 650 rationes.

740 757 906 813 Vens.
946 760 1038 815 21.
1094 764 1229 816 Ante
1282 764 1461 817 oculos
1506 763 1624 829 Dei,
1686 777 1812 820 sunt
1846 771 1941 823 via:
1989 769 2246 824 Itominis.

670 849 865 909 Nullus
891 855 1131 911 hominis
1166 866 1411 911 motuum
1439 859 1837 929 spiritualium,
1886 864 2082 916 oculos
2128 861 2244 928 Dei,

668 946 853 998 omnia
884 947 1154 1011 videntes,
1176 947 1331 1019 fugit.

744 1119 935 1175 Omnes
968 1123 1112 1177 illius
1131 1129 1354 1181 semitas
1385 1130 1712 1184 considerat.
1754 1129 1958 1186 Omnes
1990 1132 2136 1187 illius
2165 1147 2253 1187 se-

672 1212 835 1266 mitas
862 1223 915 1267 et
950 1218 1254 1271 secundum
1276 1221 1544 1275 theoriam
1577 1231 1632 1275 et
1688 1222 1990 1277 secundum
2014 1226 2251 1292 praxim,

2350 599 2457 650 τῶν
2483 598 2718 668 όρατών,
2750 598 2843 649 καὶ
2882 596 2958 666 μὴ
2987 594 3294 649 διασαίνειν
3329 593 3473 645 κατὰ
3502 592 3626 645 νοῦν
3653 595 3787 663 πρὸς
3807 597 3937 654 τοὺς

2351 687 2543 755 λόγους
2576 689 2783 742 αὐτῶν.

2423 783 2531 831 κα’.
2572 777 2867 829 Ἐιοώπιον
2912 776 3023 844 γάρ
3056 778 3174 829 εισι
3203 775 3319 829 τῶν
3362 775 3468 828 τοῦ
3517 776 3666 829 θεοῦ
3718 778 3936 843 ὀφθαλ-

2346 864 2499 934 μῶν,
2531 867 2657 920 ὁδοί
2685 866 2923 934 ἀνδρός.
2958 867 3127 919 Οὐδὲν
3174 867 3282 935 γὰρ
3344 866 3451 919 τῶν
3505 869 3645 920 κατὰ
3704 868 3935 936 γνώμην

2350 955 2447 1009 τοῦ
2492 956 2783 1027 ἀνθρώπου
2820 958 3177 1026 κινημάτων,
3208 960 3337 1022 τοὺς
3394 960 3768 1029 παντεφόρους
3833 956 3935 1010 τοῦ

2351 1045 2487 1100 Θεοῦ
2526 1047 2751 1117 λέληθεν
2774 1049 3108 1119 ὀφθαλμούς.

2414 1136 2522 1201 Εἰς
2549 1136 2619 1189 δὲ
2645 1137 2850 1204 πάσας
2894 1138 3003 1205 τὰς
3060 1141 3303 1208 τροχιὰς
3363 1140 3553 1195 αὑτοῦ
3619 1140 3935 1195 σκοπεύει.

2368 1227 2495 1281 Ἐπὶ
2520 1230 2725 1291 πάντας
2754 1230 2811 1283 δὲ
2847 1231 2978 1293 τοὺς
3006 1232 3150 1284 κατά
3204 1248 3264 1284 τε
3326 1232 3559 1303 θεωρίαν
3598 1233 3692 1285 καὶ
3731 1233 3940 1300 πρᾶξιν

672 1301 790 1369 ipse
810 1306 1155 1372 considerat,
1193 1310 1239 1365 si
1273 1311 1580 1365 secundum
1632 1312 1753 1379 ejus
1788 1314 2099 1368 voluntates
2131 1328 2252 1367 am-

2368 1318 2586 1388 Ξρόμους
2606 1320 2773 1373 αὑτοῦ
2796 1322 2990 1391 ἐφορᾷ,
3010 1323 3059 1374 εί
3082 1323 3224 1376 κατὰ
3237 1324 3338 1393 τὴν
3356 1301 3548 1377 τοῦτου
3580 1323 3942 1394 προϐαίνουσι

675 1394 843 1446 Iittlt‘l.

745 1483 909 1538 Vens.
938 1486 1029 1541 22.
1067 1487 1387 1558 lniquitates
1415 1493 1632 1549 capiunt
1662 1493 1945 1547 hominem.
1983 1492 2253 1560 Volupta-

669 1574 819 1631 tibus
847 1579 1053 1647 iniquis
1084 1590 1350 1649 tanquam
1382 1585 1593 1639 retibus
1641 1585 1801 1638 homo
1829 1585 2252 1654 constringitur,

670 1683 793 1735 qua:
814 1684 922 1724 non
955 1674 1143 1726 sinunt
1174 1683 1232 1728 ut
1254 1677 1560 1730 secundum
1622 1675 1714 1731 Dei
1749 1677 2007 1731 mandata
2059 1679 2256 1731 ambu-

676 1764 746 1812 Ιι⁵ι

756 1800 767 1813 ⁸

2390 1410 2633 1465 ούλησιν.

2390 1410 2485 1463 ούλ
2530 1428 2633 1465 σιν.

2357 1409 2389 1479 β
2426 1428 2532 1571 κβῖὶ.
2579 1505 3157 1572 Παρανομίαιᾶνδρα
3188 1505 3539 1574 ἀγρεύουσι.
3586 1504 3806 1557 Ἦδοναὶ
3832 1520 3943 1556 πα-

2360 1593 2579 1663 ράλογοι
2640 1595 3026 1663 παγιδεύουσιν
3078 1597 3388 1665 ἄνθρωπον,
3474 1598 3549 1666 μὴ
3606 1594 3941 1662 ,συγχωροῦ-

2360 1702 2447 1738 σαι
2485 1685 2678 1739 τοῦτον
2710 1687 2811 1757 τὴν
2843 1690 2962 1741 όδὸν
2993 1689 3101 1742 τῶν
3163 1688 3324 1742 οείων
3390 1688 3624 1741 ἐντολῶν
3661 1687 3947 1756 διεξέρχε-

2361 1778 2506 1832 σθαι.

744 1848 911 1903 Vens.
939 1850 1030 1904 23.
1064 1850 1304 1909 Funibus
1329 1870 1896 1922 peccatorumsuorum
1921 1860 2207 1929 stringitur
2236 1874 2254 1913 .'

2429 1876 2537 1937 κγ’.
2572 1868 2804 1938 Σειραῖς
2834 1869 2904 1921 δὲ
2929 1868 3048 1923 τῶν
3080 1869 3300 1924 ἑαυτοῦ
3336 1870 3639 1940 αμαρτιῶν
3680 1870 3950 1935 ἕκαστος

674 1941 789 2009 ipsc
809 1942 1044 1997 moritur
1074 1960 1199 1999 cum
1234 1948 1642 2017 ignorantibus.
1700 1949 1984 2020 Tanquam
2034 1951 2258 2005 lunibus

671 2033 1111 2101 incvitabilibus,
1161 2054 1371 2108 magna:
1427 2043 1844 2097 consuetudinis
1878 2058 2128 2097 errorum
2162 2042 2257 2113 qui

672 2133 726 2187 in
763 2136 855 2190 illo
891 2144 1022 2190 sunt
1053 2137 1287 2200 retibus,
1316 2139 1390 2191 ita
1422 2144 1479 2191 ut
1511 2138 1581 2191 ab
1607 2138 1688 2192 eis
1714 2153 1822 2192 non
1858 2136 2035 2209 possit
2093 2136 2256 2199 solvi,

669 2223 871 2292 ligatur
908 2226 1092 2281 omnis
1126 2214 1390 2296 peccator
1426 2245 1439 2281 :
1471 2229 1563 2297 qui
1623 2229 1668 2283 si
1704 2226 2257 2296 remaneatimpmni-

670 2326 816 2383 lens,
880 2333 990 2372 non
1026 2320 1250 2390 emtgiet
1305 2322 1672 2390 perditionem
1731 2336 1856 2374 rum
1904 2322 1987 2375 bis
2020 2320 2116 2390 qui
2164 2316 2257 2374 Dei

671 2410 877 2460 monita
910 2424 1017 2461 non
1052 2409 1423 2465 admiserunt.

747 2503 827 2553 lux
889 2503 1256 2571 magnitudine
1316 2505 1439 2558 rita:
1490 2521 1602 2559 sua:
1639 2506 2008 2574 prtvcipitatus
2062 2516 2164 2569 cst,
2210 2485 2291 2561 et.

667 2595 823 2660 periit
851 2594 915 2648 ob
949 2595 1264 2650 stultitiam.
1302 2596 1346 2649 A
1410 2606 1675 2667 perpetua
1711 2606 1764 2653 et
1808 2598 1963 2652 beata
2032 2599 2260 2667 spiritus

670 2685 802 2742 vita.
835 2700 958 2753 quae
977 2685 1077 2747 illi,
1103 2693 1161 2739 ut
1189 2685 1256 2739 ad
1284 2686 1582 2756 imaginem
1634 2699 1687 2742 ct
1714 2688 2137 2743 similitudinem
2166 2685 2257 2739 Dei

674 2778 821 2833 facto
847 2781 1065 2850 propria
1101 2792 1207 2845 est,
1229 2790 1453 2852 propter
1478 2785 1758 2863 propriam
1795 2786 2022 2839 exuitur
2056 2785 2259 2837 volun-

671 2877 835 2925 tatem
862 2887 878 2937 ;
904 2879 957 2927 et
982 2887 1080 2927 sua
1113 2874 1360 2943 privatur
1385 2877 1565 2930 salute
1596 2880 1667 2930 ob
1692 2876 1857 2929 vitam
1892 2877 2255 2930 insensatam.

1336 3143 1491 3201 CAP.
1537 3143 1622 3199 Vl.

741 3238 909 3294 Vsus.
941 3240 989 3295 l.
1057 3237 1187 3303 Fili,
1221 3242 1265 3293 si
1331 3240 1677 3307 spoponderis
1721 3254 1816 3305 pro
1864 3239 2057 3302 amico,
2105 3238 2261 3291 (labis

672 3331 891 3385 inimico
910 3348 1149 3388 manum.
1175 3331 1281 3386 Fili
1315 3332 1649 3401 Spiritualis,
1682 3335 1730 3387 si
1761 3332 1815 3385 in
1842 3330 2148 3386 crastinum
2170 3344 2261 3384 re-

676 3425 866 3480 mittas
896 3434 952 3478 ut
1013 3423 1125 3481 Deo
1151 3440 1318 3494 opera
1368 3423 1732 3494 pmttitentite,
1764 3424 1821 3479 in
1845 3437 2079 3493 corpore
2115 3422 2263 3491 quod

675 3519 775 3574 tibi
807 3519 1034 3574 charum
1058 3528 1167 3584 est,
1196 3520 1483 3578 ostendas.
1504 3528 1556 3572 et
1587 3520 1631 3574 si
1660 3518 1743 3574 vis
1763 3518 1925 3573 hodie
1942 3518 2265 3571 carnalibus

675 3624 875 3665 vacare
943 3610 1341 3680 voluptatibus,
1371 3610 1481 3664 illis
1502 3617 1653 3662 tuam
1701 3610 2002 3679 potentiam
2030 3618 2086 3663 et
2128 3621 2263 3663 con-

675 3704 1059 3774 cupiscibilem
1080 3715 1133 3758 et
1158 3704 1492 3758 irasribilem
1524 3702 1925 3767 submittcudo,
1960 3701 2262 3770 practicam

677 3808 828 3851 tuam
880 3798 1207 3867 potentiam,
1268 3798 1577 3851 animarum
1628 3806 1947 3851 nostrarum
1981 3796 2259 3849 communi

675 3891 817 3947 hosti
844 3891 1125 3960 subjiciet,
1160 3903 1216 3945 ut
1250 3890 1421 3945 iacias
1454 3904 1517 3945 ea
1571 3904 1694 3961 qua:
1728 3888 1829 3944 tibi
1867 3889 1932 3941 ad
1962 3886 2261 3958 perniciem

674 3985 958 4054 proponit.

746 4072 911 4129 Vens.
965 4073 1019 4126 2.
1061 4072 1183 4128 Rcle
1207 4073 1580 4142 fortehomini,
1645 4073 1863 4141 propria
1917 4071 2085 4127 labia.
2134 4072 2265 4125 llete

676 4166 1058 4221 inextricabile
1098 4166 1304 4220 homini
1359 4165 1820 4235 concupiscibilis
1853 4171 1909 4219 et
1963 4163 2264 4218 irascibilis

676 4260 943 4329 potentia.
967 4272 1089 4327 qua:
1126 4264 1316 4327 aperta
1337 4265 1395 4310 ut
1427 4257 1675 4325 qumdam
1733 4255 1875 4309 labia
1898 4253 1972 4309 ob
2032 4266 2267 4323 propen-

676 4354 888 4407 sionem
942 4352 1008 4406 ad
1058 4350 1369 4414 seusibilia,
1404 4350 1849 4404 exhortationem
1885 4348 1988 4401 vite
2039 4347 2263 4401 virtutis

673 4451 979 4505 removent,
1016 4449 1069 4497 et
1111 4442 1389 4497 hominem
1420 4443 1471 4495 in
1514 4442 1840 4496 servitutem
1874 4438 2153 4509 redigunt,
2208 4447 2269 4492 ut

2358 1960 2704 2028 σφίγγε-ταν
2771 1956 2947 2026 οὗτος
2998 1960 3249 2030 τελευτᾷ
3325 1962 3477 2031 μετὰ
3540 1960 3945 2015 ἀπαιδεύτων.

2360 2047 2460 2105 Οἷα
2484 2052 2542 2105 δέ
2570 2068 2681 2104 τισι
2707 2051 2934 2121 δεσμοῖς
2967 2053 3254 2121 ἀφύκτοις,
3284 2055 3405 2117 ταῖς
3445 2055 3508 2107 ὲκ
3549 2056 3765 2124 μακρᾶς
3808 2070 3946 2106 συν-

2358 2144 2549 2212 ηθείας
2588 2144 2695 2196 τῶν
2730 2144 2948 2197 οίκείων
2980 2146 3341 2215 πταισμάτων
3394 2149 3746 2209 πλεκτάναις,
3811 2164 3951 2199 συν-

2362 2236 2546 2303 ἐχεται
2580 2236 2687 2297 πᾶς
2721 2234 3192 2299 δυσαποσπάστως
3225 2237 3364 2307 ἔχων
3392 2239 3491 2308 τῆς
3535 2238 3812 2307 ἁμαρτίας
3840 2255 3851 2265 ’
3883 2238 3949 2301 ὃς

2359 2325 2456 2378 ἐὰν
2519 2324 2680 2397 μείνῃ
2728 2325 3119 2395 ἀμετανόητος,
3154 2329 3397 2397 καταντᾷ
3428 2329 3507 2390 είς
3545 2328 3821 2380 ἀπώλειαν
3849 2347 3954 2395 με-

2358 2417 2428 2470 τὰ
2463 2415 2570 2468 τῶν
2596 2417 2841 2487 μηδὸλως
2860 2417 3173 2486 δεξαμένων
3205 2419 3492 2473 νουθεσίαν
3527 2418 3754 2490 Κυρίου.

2431 2507 2534 2561 Ἐκ
2558 2510 2625 2561 δὲ
2654 2510 2928 2574 πλήθους
2953 2509 3064 2578 τῆς
3129 2511 3317 2566 αὑτοῦ
3362 2511 3580 2578 βιοτῆς
3634 2510 3952 2578 ἐξερῤίρη,

2361 2602 2458 2657 καί
2508 2602 2781 2657 ἀπώλετο
2809 2603 2884 2656 δι’
2919 2604 3299 2672 ἀφροσύνην.
3355 2604 3488 2657 ’Λπδ
3520 2604 3576 2656 δὲ
3611 2603 3706 2670 τῆς
3739 2602 3955 2652 οἰκειο-

2360 2696 2533 2763 τάτης
2559 2694 2726 2764 αὐτῷ,
2782 2694 2858 2758 ὼς
2921 2697 3192 2765 γενομένῳ
3253 2696 3375 2748 κατ’
3436 2696 3623 2748 εἰκόνα
3665 2693 3802 2746 Θεοῦ
3853 2695 3961 2747 καὶ

2362 2787 2644 2855 ὁμοίωσιν,
2694 2786 3058 2857 ἀτελευτήτου
3101 2790 3196 2840 καὶ
3222 2788 3500 2857 μακαρίας
3547 2788 3606 2838 ὲν
3669 2786 3960 2852 πνεύματι

2364 2877 2529 2947 ζωῆς,
2574 2878 2694 2931 κατ’
2723 2878 2928 2931 οἰκείαν
2986 2878 3213 2948 γνώμην
3263 2880 3651 2948 ἀπέρριπται·
3706 2878 3803 2929 καὶ
3849 2874 3961 2944 τῆς

2365 2970 2560 3023 ἑαυτοῦ
2594 2971 2869 3041 σωτηρίας
2924 2970 3241 3041 ἐπέρηται,
3296 2969 3388 3023 διὰ
3446 2970 3769 3040 προαίρεσιν
3828 2966 3964 3021 ἀλό-

2364 3074 2574 3126 γιστον.

2967 3144 3223 3206 ΚΕΦΑΛ.
3250 3155 3343 3219 σε.

2435 3246 2504 3293 α’.
2541 3239 2658 3305 Υἱὲ,
2693 3239 2802 3293 ἐὰν
2854 3240 3125 3309 ἐγγυήσῃ
3181 3242 3299 3295 σὺν
3347 3242 3552 3310 φίλον,
3577 3237 3965 3308 παραδώσεις

2369 3332 2539 3401 χεῖρα
2557 3330 2769 3400 ἐχθρῷ.
2791 3330 2991 3384 Τέκνον
3019 3333 3413 3402 πνευματικὸν,
3446 3334 3495 3385 εί
3520 3334 3603 3394 είς
3623 3334 3721 3401 τὴν
3761 3330 3962 3401 αὔριον

2367 3422 2739 3487 ἐπιδείξασθαι
2772 3423 2831 3476 τὺ
2858 3423 3155 3493 προσφιλές
3187 3441 3269 3476 σοι
3298 3422 3460 3475 σῶμα
3491 3423 3778 3493 μετανοίας
3818 3424 3961 3487 ἔογει

2365 3515 2486 3585 Θεῷ
2516 3514 2829 3587 ἐπαγγέλλῃ
2853 3556 2867 3580 ,
2901 3520 2994 3568 καὶ
3019 3519 3117 3585 τὴν
3153 3516 3395 3584 σήμερον
3439 3516 3538 3577 τὰς
3584 3516 3705 3566 κατ’
3765 3513 3962 3565 ἐπιθυ-

2369 3608 2499 3677 μίας
2532 3608 2626 3660 καὶ
2654 3605 2826 3676 θυμὸν
2857 3605 3129 3676 σαρκικὰς
3165 3604 3412 3675 πληροῦν
3443 3603 3655 3673 ὀρέξεις
3688 3602 3963 3672 βουλόμεο

2367 3716 2476 3762 νος,
2513 3696 2771 3769 παρέξεις
2798 3699 2897 3766 τὴν
2927 3698 3240 3766 πρακτικήν
3274 3714 3367 3749 σου
3408 3696 3645 3765 δύναμιν
3678 3694 3756 3763 τῷ
3787 3693 3967 3763 κοινῷ

2368 3793 2613 3864 πολεμίῳ
2643 3793 2750 3847 τῶν
2797 3793 3085 3862 ἡμετέρων
3113 3791 3332 3861 ψυχῶν,
3377 3793 3459 3855 είς
3507 3792 3569 3845 τὸ
3620 3790 3967 3861 ἐργάζεσθαι

2367 3887 2403 3941 ἃ
2428 3904 2510 3941 σοι
2557 3886 2695 3957 πρὸς
2730 3884 3007 3939 ἀπώλειαν
3032 3884 3378 3954 ὑποτίθησιν.

2441 4069 2504 4139 β’.
2538 4067 2723 4136 Παγίς
2752 4065 2862 4136 γὰρ
2895 4064 3117 4133 ισχυρὰ
3153 4061 3326 4131 ἀνδρί
3356 4058 3430 4115 τὰ
3465 4058 3587 4114 ἴδια
3613 4059 3811 4128 χείλη.
3848 4055 3963 4127 Θή-

2374 4178 2572 4233 ρατρον
2606 4162 2714 4230 γὰρ
2737 4158 3061 4227 δυσέφικτον
3110 4154 3407 4226 ἀνθρώπῳ,
3464 4153 3500 4224 ἦ
3548 4167 3627 4205 τε·
3668 4148 3968 4220 ἐπιθυμία,

2372 4256 2467 4309 καὶ
2496 4256 2524 4307 ό
2566 4253 2757 4322 θυμὸς,
2784 4251 2819 4305 ἃ
2843 4251 2999 4319 δίκην
3028 4249 3257 4319 χειλέων
3293 4246 3568 4315 κεχηνότα
3597 4244 3741 4297 κατά
3773 4243 3971 4311 σχέσιν

2374 4346 2511 4414 πρὸς
2558 4343 2626 4395 τὰ
2653 4340 2914 4411 αἰσθητὰ,
2945 4340 3040 4392 τοῦ
3073 4339 3194 4389 κατ’
3220 4336 3427 4407 ἀρετὴν
3477 4334 3681 4403 δρόμου
3741 4332 3838 4385 τδν
3878 4332 3975 4384 λό-

2373 4451 2472 4503 γον
2502 4431 2815 4487 κωλύουσι·
2873 4430 2967 4484 καὶ
3006 4428 3208 4482 πάθεσι
3251 4425 3350 4493 μὲν
3412 4423 3689 4478 δουλεύειν
3721 4424 3824 4493 τὴν
3872 4426 3975 4492 σή·-

675 4538 839 4593 hodie
912 4538 1117 4592 serviat
1167 4536 1592 4605 cupiditatibus,
1633 4542 1689 4589 et
1779 4532 2166 4602 pmnitentiam
2212 4531 2266 4584 in

2379 4543 2567 4597 μερον,
2611 4524 2710 4592 τὴν
2733 4522 2790 4577 δὲ
2817 4521 3088 4590 κάθαρσιν
3120 4522 3199 4582 είς
3224 4518 3324 4589 τὴν
3355 4515 3548 4590 αὔριον
3567 4515 3972 4587 ὑπερτίθεσθαι

672 4629 979 4686 crastinum
1011 4630 1277 4683 remittat.

746 4722 816 4776 Et
852 4722 1062 4790 rapitur
1095 4719 1252 4773 labiis
1282 4718 1641 4787 prapriioris.
1678 4715 1745 4771 Et
1774 4725 2073 4787 superatur
2106 4713 2273 4768 homo

675 4811 881 4882 iniquis
918 4813 1219 4866 voluntatis
1266 4826 1380 4865 suae
1417 4810 1909 4881 propensionibus,
1942 4821 2041 4878 per
2100 4821 2267 4878 quam

676 4904 832 4972 quasi
859 4918 955 4971 per
989 4903 1268 4973 quoddam
1304 4917 1387 4968 os,
1422 4901 1645 4957 virtutis
1671 4902 1753 4955 vel
1814 4900 2038 4955 malitiae
2101 4898 2270 4969 parti-

673 5013 803 5067 rt-ps
838 4995 973 5051 litin
1009 4998 1230 5063 spiritu.

752 5090 916 5143 \‘t-zns.
945 5089 998 5143 5.
1038 5089 1173 5150 Fac,
1204 5088 1285 5157 ﬁli
1316 5090 1408 5145 mi.
1440 5104 1501 5141 ea
1528 5103 1643 5158 qua:
1679 5086 1774 5139 tibi
1800 5102 2060 5155 propono,
2123 5095 2170 5138 et
2205 5084 2272 5137 li-

676 5183 799 5234 bera
828 5190 897 5235 te.
950 5179 1216 5250 Operare,
1244 5180 1316 5232 Iili
1386 5180 1711 5251 spiritualis,
1770 5194 1833 5235 ea
1867 5193 1988 5248 quae
2016 5177 2113 5232 tibi
2144 5191 2274 5247 pro-

672 5290 845 5345 pono,
878 5284 932 5330 et
955 5276 1026 5329 ab
1058 5274 1266 5344 iniquis
1296 5274 1514 5329 custodi
1548 5282 1600 5329 te
1624 5272 2047 5343 cupiditatibus.

760 5458 961 5513 Venisti
1001 5460 1054 5512 in
1079 5473 1269 5512 manus
1302 5457 1568 5511 malorum
1603 5465 1817 5526 propter
1836 5457 2067 5509 amicum
2098 5464 2270 5509 tuum.

676 5552 916 5606 Coactus
951 5549 1129 5614 luisti,
1173 5560 1233 5604 ut
1265 5550 1352 5605 his
1404 5550 1739 5621 perniciosis
1780 5550 2023 5620 capiaris
2051 5548 2269 5620 cupidi-

679 5643 909 5708 tatibus,
939 5652 1166 5713 propter
1192 5643 1287 5699 tibi
1312 5645 1704 5699 cbarissimum
1741 5658 1965 5712 corpus.

751 5733 883 5789 Esto
902 5734 1083 5804 fortis.
1105 5733 1240 5792 Esto
1275 5736 1539 5792 robustus
1572 5734 1803 5805 spiritus
1829 5734 2109 5791 ﬁrmitate.

2376 4621 2535 4671 τοῦτο
2568 4613 3073 4685 άνδραποδίζουσιν.

2446 4709 2557 4764 Καὶ
2595 4709 2915 4762 ἁλίσκεται
2969 4706 3245 4775 χείλεσιν
3294 4703 3452 4757 ίδίου
3478 4702 3803 4771 στόματος.
3856 4702 3971 4755 Καὶ

2376 4804 2667 4869 κρατεῖται
2693 4802 2720 4852 ὁ
2747 4797 3040 4869 ἄνθρωπος
3068 4800 3190 4860 ταῖς
3215 4797 3530 4865 ἀλογίστοις
3593 4795 3817 4865 σχέσεσι
3874 4794 3973 4846 τοῦ

2375 4892 2577 4946 οἰκείου
2635 4889 3028 4963 προαιρετικοῦ
3054 4905 3068 4920 ·
3106 4889 3175 4940 δι’
3197 4882 3260 4940 οῦ
3300 4889 3378 4951 ώς
3401 4888 3491 4941 διά
3520 4903 3664 4949 τινος
3698 4887 3975 4956 στόματος

2374 4986 2578 5058 ἀρετῆς
2610 4985 2642 5057 ἢ
2677 4984 2873 5046 κακίας
2917 4982 3327 5054 μεταλαμϐάνει
3361 4982 3501 5034 κατὰ
3535 4981 3735 5050 ψυχήν.

2434 5087 2508 5145 γ’.
2544 5080 2728 5141 ηοίει,
2758 5076 2871 5137 υἱὲ,
2896 5075 2932 5129 ἅ
2956 5076 3070 5145 ἐγώ
3099 5092 3196 5129 σοι
3218 5075 3598 5141 ὲντέ..ῑ.ίι·μιιι,
3620 5072 3715 5124 καὶ
3752 5070 3973 5127 σώῷυ.

2388 5170 2682 5243 Ἐργάζου,
2714 5170 2907 5223 τέκνον
2936 5168 3330 5238 πνευματικὸν,
3364 5168 3511 5235 ἆπερ
3538 5182 3619 5217 σοι
3653 5165 3823 5227 αὐτὸς
3841 5168 3975 5218 ὑπο-

2375 5265 2593 5337 τίθημι,
2627 5265 2722 5318 καὶ
2786 5263 2898 5318 ἀπὸ
2951 5261 3064 5316 τῶν
3125 5261 3458 5333 παραλόγων
3523 5258 3802 5328 φυλάττου
3862 5274 3972 5310 πα-

2379 5360 2511 5416 θῶν.

2454 5452 2662 5516 ’Ἥκεις
2693 5448 2806 5519 γὰρ
2829 5450 2919 5514 είς
2948 5446 3151 5517 χεῖρας
3186 5444 3392 5500 κακῶν
3424 5443 3525 5498 διὰ
3584 5441 3705 5498 σὸν
3761 5443 3971 5511 φίλον.

2380 5542 2687 5612 Συνελαύνῃ
2717 5541 2828 5612 γάρ
2854 5543 2935 5603 είς
2962 5540 3024 5592 τὸ
3048 5542 3164 5603 τοῖς
3190 5537 3458 5600 τοιούτοις
3490 5534 3761 5607 ὀλεθρίοις
3829 5533 3973 5588 ἁλῶ.

2383 5652 2470 5688 ναι
2505 5634 2724 5697 πάθεσι,
2779 5633 2869 5686 διὰ
2896 5632 2960 5686 τὸ
2988 5631 3290 5705 προσφιλές
3321 5647 3403 5684 σοι
3430 5628 3612 5700 σῶμα.

2456 5730 2615 5782 Ἴσοι
2639 5726 2725 5795 μὴ
2749 5726 3140 5797 ἐκλυόμενος.
3176 5725 3310 5779 "Eoo
3363 5723 3442 5797 μὴ
3491 5722 3584 5776 τὸν
3632 5720 3733 5794 τῆς
3797 5718 3973 5792 ψυχῆς

2388 5838 2479 5873 σου
2510 5822 2660 5873 τόνον
2687 5818 2884 5889 χαυνού
2893 5835 3076 5889 μενος.
