4238 6458
307 452 453 517 1269
1349 450 1882 510 COMMENTARII
1934 450 2013 508 IN
2057 450 2511 511 PROVERBIA.
3454 445 3585 502 12Ῐο

391 554 703 617 Παρόξυνε
736 555 802 607 δὲ
833 556 931 607 καί
965 559 1073 608 τὸν
1105 558 1289 624 φίλον
1313 574 1431 612 σου
1467 560 1538 611 ὃν
1586 562 1885 629 ὲγγυήσω.
1924 567 1965 623 Λ

1924 567 1965 623 Α
2067 561 2259 614 Excila
2280 563 2440 614 etiam
2476 562 2706 612 amicum
2744 574 2836 626 pro
2870 573 2972 625 quo
3004 554 3353 622 spopondisti.
3393 555 3582 608 Excita

322 643 617 716 Παρὰθηγε
646 646 703 699 δὲ
746 646 950 714 μᾶλλον
1005 648 1099 702 καὶ
1154 648 1285 701 αὐτὸ
1338 651 1399 703 τὸ
1451 650 1772 720 φιλούμενόν
1816 671 1898 706 σοι

2003 653 2185 722 potius
2214 651 2311 705 tibi
2340 651 2729 706 charissimum
2763 648 3155 716 corpusculum
3184 663 3198 698 :
3235 660 3395 700 move
3456 646 3586 700 illud

324 735 551 802 σαρκίον
576 751 590 765 ο
625 735 916 809 διεγείρων
956 736 1117 790 τοῦτο
1145 738 1283 808 πρὸς
1309 739 1573 807 ἐργασίαν
1608 741 1703 793 τοῦ
1763 743 1902 808 ἀγα-

2003 743 2069 796 ad
2098 744 2239 797 bona
2276 758 2467 813 Opera,
2498 750 2557 795 tu
2596 741 2688 810 qui
2745 739 2855 794 Deo
2897 738 3312 809 operajustilia:
3378 742 3586 807 promi-

323 826 440 889 θοῦ,
472 827 501 880 δ
548 828 898 898 δικαιοσύνης
953 831 1094 902 ἔργα
1149 828 1493 896 ἐνδείξασθαι
1554 831 1899 902 καθυπέσχου
2002 837 2146 891 sisti.

322 919 461 973 Θεῶ.

393 1011 457 1065 δ’.
488 1014 584 1080 Μὴ
616 1013 734 1080 δῷς
763 1016 961 1069 ὕπνον
992 1017 1128 1082 σοῖς
1160 1017 1447 1086 ὄμμασιν.
1503 1016 1596 1087 Μὴ
1657 1015 1904 1085 παράσχε

2078 1018 2243 1073 Vens.
2269 1018 2322 1072 4.
2359 1016 2441 1071 Ne
2458 1016 2549 1070 des
2590 1032 2830 1070 somnum
2863 1016 3029 1068 oculis
3057 1014 3184 1068 tuis.
3216 1012 3276 1065 Et
3310 1026 3366 1067 ut
3389 1014 3587 1066 verita-

324 1104 467 1156 κατὰ
498 1104 726 1175 γνώμην
750 1105 918 1159 ῦπνον
948 1108 1224 1178 ῥᾳθυμίας
1262 1111 1381 1171 ταῖς
1410 1108 1782 1178 θεωρητικαῖς
1809 1122 1903 1159 σου

2008 1120 2112 1165 tem
2141 1111 2612 1181 comprehendere
2635 1110 2836 1178 possis,
2869 1125 2937 1163 ne
2968 1109 3065 1162 des
3106 1108 3157 1160 in
3193 1108 3390 1173 spiritu
3436 1122 3586 1160 som-

322 1194 609 1262 δυνάμεσι,
638 1196 778 1266 πρὸς
813 1197 911 1266 τὴν
946 1201 1047 1268 τῆς
1074 1198 1337 1268 ἀληθείας
1360 1199 1689 1269 κατάληψιν.

1675 1237 1689 1251 ο
2007 1216 2139 1255 num
2168 1202 2405 1271 torporis
2425 1200 2890 1255 intellectualibus
2921 1200 3030 1252 tuis
3065 1198 3345 1265 potenliis.

388 1285 557 1353 Μηδὲ
592 1287 1008 1357 ὲπινυστάξῃς
1040 1290 1173 1356 σοῖς
1200 1291 1553 1359 βλεφάροις.
1616 1288 1759 1361 Μήτ’
1813 1286 1907 1340 ἐειιύ⁸

2086 1294 2168 1349 Νε
2193 1294 2446 1350 dormites
2469 1295 2758 1362 palpebris.
2788 1293 2865 1347 Ne
2897 1292 3154 1347 sensibus
3177 1299 3228 1344 ct
3255 1290 3588 1359 apparentiis

322 1377 447 1437 ταῖς
481 1377 602 1428 κατ’
632 1377 894 1448 αἴσθησιν
952 1380 1049 1434 καὶ
1099 1382 1404 1448 φαντασίαν
1455 1382 1675 1448 ἀλόγοις
1726 1379 1909 1443 δόξαις

2012 1388 2345 1451 abstractus,
2370 1386 2579 1456 iniquis
2614 1387 2898 1440 adlizereas
2960 1383 3253 1438 sententiis
3285 1397 3378 1450 per
3398 1389 3587 1449 poten-

325 1468 779 1539 συγκατανεύσῃς
810 1473 931 1534 ταῖς
993 1472 1327 1541 ὀρεκτικαῖς,
1379 1472 1453 1541 μὴ
1508 1469 1909 1541 γρηγορούσαις

2012 1478 2118 1531 tias
2153 1479 2347 1530 animae
2375 1484 2481 1531 tuae
2508 1476 2989 1543 concupiscibiles.
3032 1488 3154 1541 qua:
3196 1488 3303 1525 non
3337 1472 3485 1540 vigili
3511 1480 3589 1533 ιιι,

324 1559 464 1627 πρὸς
493 1559 594 1628 τὴν
624 1561 912 1631 ἐπιτυχίαν
938 1562 1031 1615 τοῦ
1062 1562 1217 1624 ὄντος
1255 1561 1487 1630 ἀγαθοῦ,
1546 1562 1634 1615 διὰ
1694 1562 1755 1613 τὸ
1810 1561 1910 1629 τῆς

2012 1579 2071 1623 ιιι
2098 1584 2281 1624 verum
2306 1568 2532 1631 bonum,
2574 1568 2704 1621 illud
2741 1568 2927 1620 labore
2953 1565 3255 1633 operando,
3291 1578 3592 1630 assequam-

322 1646 516 1699 τούτου
533 1649 797 1719 ἐργασίας
821 1653 1079 1705 ἐπίπονον
1105 1668 1117 1682 ⁸
1138 1654 1305 1724 αἵπερ
1327 1653 1791 1706 ἀναπετάννυνται
1813 1652 1911 1720 μὲν

2012 1668 2103 1713 ιιιι·
2137 1677 2148 1711 :
2195 1675 2337 1728 quas.
2373 1661 2531 1729 quasi
2566 1660 2840 1728 palpebrae
2864 1657 2930 1711 ad
2983 1659 3186 1711 bonum
3243 1668 3554 1726 aperiuntur
3579 1696 3590 1714 ,

326 1740 465 1808 πρὸς
490 1740 670 1804 τοῦτο.
701 1738 791 1795 οἷά
819 1760 940 1796 τινα
959 1744 1224 1816 βλέφαρα,
1255 1744 1648 1816 γρηγορουσῶν
1661 1743 1769 1797 τῶν
1786 1743 1913 1796 θεω-

2014 1766 2138 1806 cum
2181 1750 2438 1819 potentiae
2476 1750 2877 1804 intellectuales
2919 1749 2987 1802 ad
3039 1749 3289 1802 veritatis
3344 1762 3596 1815 comprc~

329 1830 570 1898 ρητικῶν
613 1833 752 1903 πρὸς
791 1834 889 1904 τὴν
913 1835 1011 1905 τῆς
1036 1836 1292 1907 ἀληθείας
1313 1827 1616 1907 κατάληψιν
1644 1852 1658 1867 ·
1717 1834 1911 1905 μύουσι
1944 1898 1985 1913 _

1944 1898 1985 1913 _
2014 1844 2337 1897 bensionem
2364 1844 2627 1913 vigilant:
2657 1844 2995 1898 clauduntur
3030 1860 3182 1905 vero,
3241 1858 3364 1897 cum
3396 1843 3596 1895 adt-nm

323 1920 381 1972 δὲ
418 1922 551 1992 πρὸς
585 1898 738 1988 αὐτὸ,
774 1898 1139 1995 ῥᾳθυμουσῶν
1166 1929 1303 1997 πρδς
1340 1898 1558 1997 αὑτήν-ο
1614 1898 1913 1979 κάντεῦθεν
1944 1898 1986 1953 Β

1944 1898 1986 1953 Β
2016 1944 2269 2005 torpent;
2327 1946 2382 1990 et
2410 1898 2556 1998 inde,
2606 1935 2696 1989 lux
2732 1935 2865 1989 solis
2894 1934 3127 2005 justitia:
3161 1934 3230 1988 ab
3266 1934 3376 1987 illis
3439 1932 3599 1999 longe

326 2015 387 2065 τὸ
419 2013 538 2081 φῶς
574 2015 672 2070 τοῦ
700 2017 803 2087 τῆς
850 2017 1197 2090 δικαιοσύνης
1221 2021 1400 2091 ,ἡλίου
1439 2020 1668 2083 ταύταις
1716 2019 1917 2074 διατει-
2017 2026 2196 2081 abest.
2897 2011 2910 2020 ’

326 2110 597 2179 χίςουσιν.

398 2200 461 2258 ε’.
506 2203 641 2258 Ἵνα
687 2203 841 2273 σώζῃ
890 2205 1095 2274 ὥσπερ
1141 2207 1362 2276 δορκὰς
1402 2207 1470 2262 ἐκ
1512 2208 1776 2276 βρόχων,
1815 2204 1916 2259 καί

2089 2203 2254 2259 Vens.
2289 2206 2341 2260 5.
2370 2202 2435 2258 Ut
2459 2207 2666 2259 cruoris
2720 2207 2875 2274 quasi
2899 2203 3142 2273 damula,
3206 2206 3269 2257 de
3318 2220 3497 2267 manu,
3558 2215 3604 2256 et

324 2291 534 2360 ὥσπερ
569 2294 781 2363 ὄρνεον
809 2296 877 2350 ἐκ
918 2295 1191 2366 παγίδος.
1240 2297 1397 2351 Οὕτω
1428 2298 1485 2350 δέ
1521 2314 1579 2350 σε
1612 2294 1916 2350 διακεῖσθαι

2018 2298 2176 2366 quasi
2218 2297 2328 2351 avis
2378 2296 2442 2351 de
2491 2298 2714 2353 retibus.
2752 2297 2844 2352 Sic
2876 2298 3133 2353 allectum
3169 2298 3233 2351 iri
3261 2298 3479 2362 hortor,
3546 2306 3604 2348 ut

326 2386 722 2457 διακελεύομαι
794 2389 944 2452 ὅπως
999 2390 1244 2461 φυλάττῃ
1310 2390 1420 2444 τῶν
1484 2388 1919 2458 ποικιλοτρόπων

2021 2388 2268 2443 omnium
2331 2389 2605 2444 malorum
2666 2390 2938 2459 principis
2976 2390 3153 2443 hostis
3184 2388 3602 2442 variisinsidiis

327 2480 713 2549 ἀγρευτηρίων
737 2479 830 2533 τοῦ
856 2482 1165 2551 ἁρχεκάκου
1193 2480 1388 2551 ἐχθροῦ
1409 2476 1523 2535 ὀἷα
1554 2482 1650 2551 μέν
1675 2497 1759 2542 τις
1792 2478 1915 2545 ὀξυ-

2023 2480 2257 2548 teipsum
2292 2479 2573 2536 custodias
2608 2498 2622 2532 :
2657 2488 2738 2542 ut,
2799 2489 3060 2548 tanquam
3088 2474 3310 2533 damula
3338 2480 3492 2533 velox
3552 2488 3607 2533 et

327 2570 533 2640 δρόμος
559 2570 655 2622 καὶ
686 2570 1033 2639 ἀλτικωτάτη
1072 2571 1294 2641 δορκὰς,
1348 2568 1684 2641 ὑπερπηδῶν
1747 2566 1921 2620 ταῦτα

2023 2569 2160 2638 pede
2211 2569 2387 2637 agilis,
2429 2570 2550 2625 illas
2606 2572 2909 2625 secundum
2976 2573 3237 2625 virtutem
3292 2571 3597 2633 transilias;

329 2661 454 2716 κατ’
476 2663 700 2732 ἀρετήν·
722 2658 808 2715 οἷα
833 2663 891 2716 δέ
908 2680 959 2715 τι
978 2664 1040 2717 ἀε
1051 2662 1285 2733 ροπόρον
1310 2663 1405 2715 καὶ
1424 2660 1681 2732 ύψιπετές
1698 2660 1919 2728 πτηνὸν,

2022 2668 2076 2713 et
2105 2668 2363 2729 tauquam
2401 2664 2538 2724 avis,
2569 2677 2665 2733 per
2697 2678 2824 2718 acra
2854 2664 3113 2729 volitans,
3145 2678 3312 2732 super
3340 2677 3432 2717 eas
3506 2678 3600 2731 per

332 2756 782 2825 ὺπεριπτὰμενος
809 2755 948 2808 αὐτὰ
986 2756 1125 2810 κατὰ
1150 2757 1372 2822 γνῶσιν.

899 2755 948 2808 τὰ
986 2756 1125 2810 κατὰ
1150 2757 1372 2822 γνῶσιν.
2024 2748 2329 2803 doctrinam
2360 2753 2573 2807 volitcs.

402 2854 479 2913 ς’.
507 2844 624 2900 Ἰοι
653 2847 803 2915 πρὸς
833 2847 939 2900 τὸν
972 2848 1277 2918 μύρμηκα,
1328 2842 1375 2902 ὦ
1401 2848 1623 2916 ὀκνηρέ
1649 2863 1665 2878 ο
1701 2846 1796 2900 καί
1828 2844 1922 2912 ζή-

2096 2841 2263 2898 Vens.
2290 2843 2342 2898 6.
2381 2844 2519 2899 Vade
2537 2845 2604 2898 ad
2623 2845 2925 2915 formicam,
2945 2863 2975 2900 ο
2994 2848 3160 2917 piger,
3190 2858 3237 2901 et
3262 2849 3472 2900 imitare
3503 2848 3610 2899 vias

330 2942 545 2993 λωσον
592 2939 701 3004 τὰς
742 2938 923 3006 ὀδοὺς
1009 2940 1220 2995 αὑτοῦ.
1294 2938 1602 2999 Ἀπόδλεπε
1684 2940 1819 3011 πρὸς
1865 2940 1924 2993 τὸ

2025 2937 2163 3007 ejus.
2220 2936 2458 3009 Respice
2526 2939 2919 3010 parvissimum
2950 2939 3174 3004 animal,
3213 2940 3524 3003 formicam,
3579 2959 3613 2993 υ

333 3029 726 3083 εὐτελέστατον
778 3030 941 3098 ζῶον,
972 3032 1066 3084 τὸν
1098 3031 1387 3102 μύρμηκα,
1422 3025 1467 3084 ὧ
1512 3030 1725 3103 ρᾁυμε
1748 3046 1764 3063 ·
1832 3030 1927 3083 καὶ¹

2028 3032 2215 3101 piger;
2269 3040 2322 3085 et
2375 3032 2495 3101 ejus
2542 3046 2707 3102 opera
2764 3033 3150 3094 considerans.
3204 3032 3421 3087 imitare
3461 3030 3610 3086 illam

332 3120 625 3190 γινώσκων
655 3121 753 3184 τὰς
777 3121 1015 3191 φυσικὰς
1045 3122 1310 3194 ἐργασίας
1331 3121 1520 3191 αὐτοῦ,
1552 3120 1929 3193 μίμησαι-ταύ-

988 3139 1015 3187 ς
1045 3122 1310 3194 ἐργασίας
1331 3121 1520 3191 αὐτοῦ,
1552 3120 1929 3193 μίμησαιταύ-
2030 3124 2335 3180 secundum
2368 3125 2659 3180 rationem.

335 3231 436 3278 τας
468 3216 611 3269 κατὰ
642 3215 989 3287 προαίρεσιν.
1954 3236 1998 3293 C

408 3307 521 3362 Καὶ
553 3307 734 3377 γενοῦ
758 3308 997 3363 ἐκείνου
1028 3307 1389 3377 σοφώτερος.
1426 3309 1534 3361 Καὶ
1568 3304 1658 3361 οἷα
1686 3307 1925 3376 λογικὸς,

2108 3307 2237 3363 Fias
2275 3310 2374 3363 illa
2408 3310 2728 3378 sapientior.
2767 3308 2831 3362 Et
2866 3317 3131 3379 tanquam
3177 3310 3391 3364 ratione
3415 3311 3611 3379 pr:edi--

336 3400 568 3471 νίκησον
600 3401 700 3471 τὴν
730 3402 860 3471 περὶ
910 3402 980 3455 τὰ
1032 3402 1327 3471 σωματικὰ
1385 3401 1579 3469 σοφίαν
1638 3401 1826 3464 αὑτοῦ,
1875 3402 1931 3451 ἐν

2036 3410 2147 3467 tus,
2178 3402 2509 3457 vinccillius
2542 3404 2689 3455 circa
2708 3402 3021 3471 corporalia
3066 3402 3618 3472 sapientiam,osten-

337 3495 455 3557 τοῖς
500 3496 891 3563 πνευματικοῖς
922 3493 1370 3563 ἐπιδεικνύμενος
1402 3494 1463 3545 τὸ
1495 3494 1682 3562 σοφόν.

1419 3494 1463 3545 τὸ
1495 3494 1682 3562 σοφόν.
2036 3496 2173 3565 deus
2210 3495 2263 3548 in
2292 3494 2682 3563 spiritualibus
2725 3495 3093 3563 prudentiam.

411 3585 479 3651 ζ’.
523 3584 787 3653 Ἐκεῖνος
818 3587 928 3657 γὰρ
961 3586 1249 3656 γεωργία)
1296 3586 1382 3654 μὴ
1413 3585 1815 3654 ὑπάρχοντος.
1872 3585 1934 3638 '0

2115 3586 2360 3642 \‘ens.7.
2413 3589 2539 3640 ch
2584 3588 2724 3639 enim
2751 3588 2864 3640 sine
2914 3596 3080 3641 terra.
3109 3586 3233 3641 Haec
3263 3587 3435 3651 enim,
3493 3603 3618 3637 rum

338 3678 585 3741 τοιοῦτος
619 3679 729 3749 γὰρ
790 3678 867 3747 μὴ
901 3677 1152 3748 εὐπορῶν
1195 3694 1340 3740 τινος
1373 3680 1646 3747 γεωργίου
1690 3678 1754 3731 ἐκ
1801 3679 1934 3732 σπόο

2039 3692 2244 3736 terram
2316 3696 2426 3736 non
2482 3680 2786 3751 possideat,
2822 3696 2920 3734 nec
2944 3694 3129 3735 semen
3162 3681 3216 3734 in
3257 3687 3459 3734 terram
3493 3679 3621 3746 inji—

345 3786 442 3838 ρου
474 3766 1073 3838 προκαταὸεόλημένου
1111 3770 1178 3838 τῇ
1202 3771 1271 3837 γῇ
1304 3767 1433 3839 παρ’
1461 3768 1650 3821 αὐτοῦ.
2039 3774 2169 3829 ciat.

417 3861 587 3929 Μηδὲ
628 3861 737 3914 τὸν
775 3859 1191 3931 ἀναγκάζοντα
1249 3861 1427 3929 ἔχων.
1483 3862 1626 3931 Μήτ’
1670 3862 1810 3933 ἔχων
1848 3863 1940 3916 τὸν

2116 3864 2182 3918 Et
2220 3866 2561 3933 imperantem
2603 3882 2703 3917 non
2736 3866 2952 3917 habens.
2986 3862 3099 3917 Nec
3124 3863 3331 3917 habens
3366 3862 3624 3932 aliquem,

346 3955 489 4026 πρὶς
518 3952 783 4025 ἐργασίαν
810 3954 974 4007 αὑτὸν
1001 3951 1429 4021 κατεπείγοντα.

1296 3970 1429 4007 ιντα.
2043 3959 2137 4028 qui
2169 3972 2288 4011 eam
2331 3957 2395 4011 ad
2423 3958 2664 4012 laborem
2701 3957 2970 4026 impellat.

420 4053 493 4117 η’.
522 4045 685 4112 Μηδὲ
724 4046 841 4100 ὑπὸ
869 4044 1181 4111 δεσπότην
1209 4041 1314 4109 ὢν,
1333 4045 1695 4114 ἐτοιμὰζεται
1726 4046 1940 4115 θέρους

2118 4049 2283 4105 Vens.
2317 4049 2370 4103 8.
2417 4048 2523 4103 Nec
2554 4052 2647 4106 sub
2686 4051 2819 4102 duce
2853 4060 3025 4113 stans,
3092 4058 3362 4115 βιῶναι-αι
3438 4064 3628 4097 messe.

348 4142 466 4206 τὴν
499 4139 751 4208 τροφήν.
790 4138 945 4207 Μηδέ
978 4137 1222 4201 δουλείας
1257 4138 1405 4208 ζυγῷ
1437 4140 1826 4208 ὑποκείμενος,
1853 4141 1941 4191 εὖ-

2047 4144 2100 4197 in
2139 4143 2334 4197 cibum.
2362 4141 2471 4197 Nec
2510 4143 2797 4197 servitutis
2826 4143 2959 4213 jugo
3002 4143 3288 4205 astrictus,
3332 4151 3487 4209 parat
3541 4157 3622 4208 pm

348 4231 603 4302 τρεπίζει
638 4230 781 4283 κατά
810 4247 930 4282 τινα
962 4229 1201 4300 φυσικὴν
1251 4231 1485 4302 κίνησιν,
1518 4233 1575 4283 ἐν
1607 4230 1682 4302 τῷ
1740 4230 1939 4302 θερινῷ

2049 4236 2333 4291 naturales
2372 4244 2629 4296 conatus,
2660 4235 2715 4288 in
2766 4244 3015 4303 tempore
3057 4234 3280 4298 messis,
3310 4234 3490 4285 cibum
3538 4247 3634 4300 pro

352 4324 553 4397 καιρῷ,
585 4324 684 4394 τὴν
709 4322 946 4393 χρειώδη
994 4324 1140 4375 κατὰ
1169 4324 1261 4377 τὸν
1295 4323 1543 4393 χειμῶνα
1569 4326 1803 4395 τροφήν.

994 4324 1140 4375 κατὰ
1169 4324 1261 4377 τὸν
1295 4323 1543 4393 χειμῶνα
1569 4326 1803 4395 τροφήν.
2052 4328 2231 4381 hieme
2247 4326 2647 4379 necessarium.

424 4415 676 4482 Πολλὴν
706 4432 771 4468 τε
800 4415 871 4468 ἐν
900 4414 980 4479 τῷ
1010 4413 1215 4482 ἀμητῷ
1241 4414 1493 4469 ποιεῖται
1528 4416 1643 4482 τὴν
1685 4418 1948 4485 παράθε-

2125 4410 2353 4466 Multam
2383 4412 2437 4465 in
2462 4400 2795 4482 messe'facit
2826 4414 3041 4484 frugum
3071 4415 3444 4481 receptionem.
3486 4411 3636 4465 Sulli-

351 4520 482 4560 σιν.
508 4506 773 4576 Αύτάρκη
805 4522 864 4557 τε
893 4506 952 4557 ἐν
983 4504 1062 4575 τῷ
1109 4504 1290 4573 καιρῷ
1343 4506 1445 4574 τῆς
1503 4506 1613 4559 τῶν
1658 4508 1949 4578 ἀσταχύων

2056 4508 2318 4567 cientem,
2352 4507 2407 4560 in
2443 4513 2691 4574 tempore
2719 4508 2916 4561 messis
2967 4508 3393 4569 l'rmm-ntorum,
3420 4522 3482 4558 cx
3533 4506 3642 4558 illis

354 4602 700 4672 συγκομιδῆς
726 4602 825 4672 τὴν
850 4600 1058 4671 ταύτης
1104 4604 1339 4654 ποιεῖται
1393 4600 1658 4655 ἀπόθεσιν
1691 4619 1704 4634 ·
1735 4603 1795 4657 ὃν
1856 4623 1947 4674 μι-
1982 4590 2026 4647 Ῑ)

1982 4590 2026 4647 D
2058 4598 2187 4653 facit
2216 4599 2625 4668 perceptionem
2652 4615 2665 4663 ;
2695 4599 2841 4651 illam
2896 4599 3140 4662 imitans,
3172 4608 3226 4653 et
3254 4600 3477 4653 verbum
3540 4600 3642 4653 ub-

358 4696 634 4765 μούμενος
672 4698 700 4748 ὁ
744 4694 841 4747 καὶ
871 4694 1032 4761 λόγον
1064 4693 1202 4763 ἔχων
1230 4694 1321 4746 τὸν
1366 4694 1828 4762 ὲπαναγκάζοντά
1884 4715 1943 4749 σε

2047 4708 2274 4748 servans
2304 4691 2450 4761 quod
2478 4704 2529 4747 lc
2557 4693 2625 4744 ad
2663 4695 2865 4745 bonum
2901 4692 3254 4761 operandum
3291 4694 3544 4762 impellit,
3592 4702 3644 4745 ιιι

353 4785 744 4856 ἐπιμελεῖσθαι
772 4785 865 4839 τοῦ
889 4778 1122 4854 ἀγαθοῦ,
1154 4787 1247 4840 καὶ
1272 4786 1634 4857 ὑποκείμενος
1683 4788 1761 4857 τῷ
1803 4807 1945 4858 χρη-

2049 4783 2196 4837 dulci
2232 4780 2619 4835 mandatorum
2662 4782 2978 4835 divinorum
3005 4782 3141 4852 jugo
3208 4782 3544 4843 submissus.
3576 4784 3646 4834 [ιι-

356 4879 475 4949 στῷ
506 4879 660 4951 ζυγῷ
700 4878 812 4931 τῶν
839 4878 1071 4931 ἐντολῶν
1109 4879 1205 4931 τοῦ
1227 4877 1388 4942 Θεοῦ,
1422 4882 1479 4933 ἐν
1512 4880 1675 4933 παντὶ
1727 4880 1805 4950 τῷ
1856 4884 1955 4953 τῆς

2051 4876 2197 4929 stina
2222 4875 2455 4929 virtutes
2502 4875 2787 4943 colligere,
2854 4887 2907 4928 et
2941 4875 3143 4927 anilme
3202 4875 3593 4928 thesaurizaic
3633 4892 3644 4927 :

355 4970 504 5023 κατὰ
533 4969 636 5040 τὴν
674 4968 822 5040 ζωήν
846 4985 941 5021 σου
968 4968 1234 5043 ἐργασίας
1256 4968 1455 5038 χρόνῳ,
1489 4968 1767 5037 συλλέγειν
1797 4970 1957 5021 σπεῦ-

2056 4976 2136 5031 ut,
2162 4983 2286 5022 cum
2312 4967 2429 5038 ipsa
2462 4980 2490 5020 a
2519 4981 2757 5037 corpore
2790 4977 3043 5035 separata
3109 4966 3513 5033 llibCl‘llaVCl'll,
3583 4984 3647 5021 ex

354 5064 414 5116 δε
449 5062 549 5124 τὰς
572 5061 797 5133 ἀρετὰς,
838 5060 934 5114 καὶ
963 5060 1431 5131 ἁποθησαυρίζειν
1452 5062 1623 5125 αὑτὰς
1659 5064 1725 5132 τῇ
1779 5062 1952 5133 ψυχῇ,

2058 5059 2190 5119 illis.
2215 5061 2268 5115 in
2312 5060 2674 5123 abundantia,
2705 5059 2983 5113 nutriatur
3013 5058 3064 5110 in
3088 5072 3184 5125 spe
3214 5056 3526 5111 futurorum
3554 5060 3650 5112 bo-

360 5155 451 5209 ῖνα
480 5153 613 5207 ὃταν
641 5150 781 5223 αὕτη
815 5153 881 5221 τῇ
908 5151 1016 5205 ἀπὸ
1059 5149 1153 5204 τοῦ
1184 5149 1438 5219 σώματος
1504 5150 1786 5204 διαστάσει
1837 5169 1954 5221 χει-

1504 5150 1786 5204 διαστὰσει
1837 5169 1954 5221 χει·
2066 5168 2260 5207 norum
2288 5171 2302 5219 ;
2335 5153 2377 5206 si
2408 5168 2536 5208 vero
2557 5152 2803 5223 negligas
2838 5151 3149 5205 formicam.

364 5243 631 5315 μάζηται,
677 5241 949 5314 τρέφηται
1006 5239 1071 5294 δι’
1129 5241 1309 5294 αὐτῶν
1356 5243 1421 5311 τῇ
1478 5238 1651 5292 ἐλπίδι
1703 5239 1813 5293 τῶν
1859 5241 2161 5312 μελλόντων
2208 5243 2431 5312 ἀγαθῶν
2490 5244 2728 5308 ἱκανῶς·
2763 5245 2811 5296 εί
2849 5243 2905 5297 δὲ
2944 5245 3038 5296 καὶ
3079 5243 3315 5315 παρόψει
3371 5246 3460 5296 τὸν
3520 5247 3650 5315 μύρα

365 5356 543 5415 μηκα,

448 5431 782 5500 Πορεύθητι
816 5430 969 5499 πρὸς
1001 5429 1117 5498 τὴν
1157 5429 1491 5499 μέλισσαν.
1537 5432 1699 5485 Ἀλλὰ
1723 5448 1785 5500 γε
1821 5432 1961 5502 πρὸς

2144 5430 2288 5485 Vnde
2319 5423 2389 5483 ad
2421 5446 2592 5497 apem.
2618 5429 2699 5485 Ad
2736 5443 2893 5499 apem
2963 5429 3121 5492 vade,
3149 5427 3299 5482 illius
3324 5441 3490 5497 opera
3520 5444 3655 5481 cou-

360 5530 466 5600 τὴν
506 5525 771 5597 μέλισσαν
800 5523 1027 5586 ἄπελθε,
1060 5523 1128 5577 τὰ
1159 5524 1366 5595 ταύτης
1402 5524 1538 5597 ἔργα
1584 5523 1888 5578 κατανοῶν.

766 5541 771 5567 ι
800 5523 1027 5586 ἄπελθε,
1060 5523 1128 5577 τὰ
1159 5524 1366 5595 ταύτης
1402 5524 1538 5597 ἔργα
1584 5523 1888 5578 κατανοῶν.
2067 5524 2440 5579 sideraturus.

436 5622 546 5680 Καὶ
571 5620 748 5691 μάθε,
782 5617 1120 5688 ὠςὲρφάτις
1174 5619 1330 5685 ἐστὶ,
1382 5619 1495 5686 τήν
1552 5635 1616 5673 τε
1673 5619 1964 5688 ἐργασίαν

2144 5616 2208 5671 Et
2241 5617 2408 5681 disce,
2446 5619 2571 5688 quia
2641 5617 2917 5671 laboriosa
2964 5624 3064 5680 est,
3108 5627 3155 5670 et
3228 5633 3358 5687 opus
3402 5626 3658 5686 tanquam

366 5718 447 5780 ὡς
478 5712 720 5783 σεμνὴν
751 5710 1028 5765 ποιεῖται.
1070 5710 1181 5764 Καὶ
1202 5709 1371 5778 γνῶθι
1398 5712 1480 5764 ὅτι
1512 5711 1608 5764 καὶ
1639 5709 1964 5779 αὒτηέργά-

2070 5721 2315 5765 sanctum
2369 5711 2543 5779 efﬁcit.
2579 5709 2642 5764 Et
2697 5711 2874 5774 disce,
2905 5711 3051 5781 quod
3082 5721 3133 5763 et
3163 5709 3281 5780 ipsa
3311 5710 3543 5774 labora',
3607 5718 3656 5762 ct

368 5813 551 5875 ζεται,
603 5807 698 5863 καὶ
764 5806 825 5860 τὸ
902 5805 1065 5877 ἔργον
1122 5806 1292 5875 αὐτῆς
1356 5806 1612 5861 ἀποτελεῖ
1666 5806 1968 5876 ἐντιμότα-

1520 5806 1612 5859 ιλεῖ
1666 5806 1968 5876 ἐντιμότα-
2070 5820 2211 5875 opus
2244 5804 2389 5860 illius
2418 5805 2907 5861 lmnoratissimum
2940 5803 3194 5861 cﬂicitur.

372 5923 488 5959 τυν-
