4238 6458
678 393 806 457 1271

749 507 978 556 Labores
1017 504 1131 577 ejus
1157 507 1502 567 manducant,
1530 517 1579 558 et
1609 521 1774 576 reges,
1809 517 1857 560 et
1891 525 2149 576 pauperes
2191 508 2260 561 ad
2291 513 2332 567 A

675 597 1002 645 satietatem.
1032 591 1100 644 Et
1138 592 1422 645 laboribus
1448 591 1593 658 ejus,
1653 603 1846 646 natura
1871 594 2117 662 optimis,
2139 594 2260 648 illu-

675 695 819 738 stres
856 693 909 738 et
942 684 1216 753 ignobiles
1243 692 1476 737 utuntur
1519 684 1586 738 ad
1615 686 1962 740 diversorum
2011 687 2262 740 curatio-

674 790 799 828 nem
840 777 1184 827 morborum.

749 864 845 917 Est
882 864 1188 917 desiderata
1221 865 1288 917 ab
1348 882 1447 918 om.
1478 867 1617 931 ibus,
1663 877 1712 920 et
1756 868 2018 937 gloriosa.
2059 866 2264 925 Omnes

683 957 823 1009 illam
863 966 1049 1009 amant
1077 956 1368 1025 mqualiter
1391 967 1446 1011 et
1463 957 1833 1013 admirantur.

744 1133 1002 1200 Quamvis
1034 1136 1106 1188 sit
1139 1137 1337 1189 viribus
1371 1137 1605 1205 fragilis,
1658 1138 1977 1206 sapientiam
2003 1138 2265 1192 honorare

680 1224 901 1277 dicitur.
937 1223 1204 1290 Quamvis
1229 1227 1300 1278 sit
1352 1229 1593 1294 potentia
1626 1227 1943 1291 imbecillis,
1981 1227 2078 1282 sed
2129 1230 2261 1298 quia

672 1332 702 1370 a
729 1315 862 1383 Deo,
899 1317 1145 1370 omnium
1173 1327 1401 1372 auctore
1451 1319 1763 1372 naturalem
1798 1320 2000 1387 partita
2033 1327 2117 1374 est
2166 1334 2262 1373 sa-

674 1410 966 1478 pientiam,
1029 1410 1174 1463 facta
1235 1418 1322 1463 est
1352 1411 1616 1464 omnibus
1667 1411 2000 1466 animalibus
2049 1411 2262 1466 viribus

673 1501 1087 1567 pt'mslztnlilttls,
1120 1501 1517 1564 venerabilior,
1555 1502 1696 1556 hanc
1728 1502 1948 1556 imitare
1977 1516 2074 1572 per
2093 1503 2264 1555 ratio-

673 1607 818 1655 nem,
855 1595 1075 1646 virtutis
1103 1607 1271 1662 opera
1297 1594 1650 1648 honorabilia
1713 1609 1985 1662 operans;
2039 1603 2095 1650 et
2145 1595 2261 1650 sint

668 1696 838 1748 Opera
873 1691 962 1734 tua
985 1683 1038 1735 in
1072 1683 1418 1737 sanationem
1456 1683 1797 1753 spiritualem
1829 1691 1884 1737 et
1915 1684 2260 1753 corporalem

668 1772 995 1837 multorum,
1023 1774 1116 1842 qui
1151 1773 1502 1825 illamamant
1559 1773 1983 1842 miranturque;
2018 1781 2073 1828 et
2094 1775 2138 1828 si
2163 1774 2259 1828 tibi

667 1879 778 1917 non
820 1865 890 1918 sit
924 1867 1172 1935 potentia
1199 1881 1263 1920 ex
1293 1865 1637 1920 abundantia
1677 1866 2020 1930 divitiarum,
2059 1874 2113 1920 et
2144 1881 2253 1920 ma~

663 1931 955 2025 gnitudine
983 1958 1343 2026 dignitatum,
1374 1957 1471 2012 sed
1513 1960 1592 2013 sis
1622 1958 1675 2012 in
1725 1959 1901 2028 gratia
1928 1956 2020 2014 Dei
2077 1958 2254 2024 dives,
2291 1931 2333 1986 Β

663 2047 976 2102 etscieutia
1020 2057 1074 2102 et
1136 2049 1342 2102 virtute
1392 2063 1650 2118 magnus,
1717 2047 2098 2104 ltonorabilior
2145 2052 2258 2105 eris

664 2140 748 2195 his
781 2141 1062 2205 omnibus,
1083 2141 1176 2211 qui
1209 2143 1383 2196 multa
1436 2143 1747 2198 secundum
1779 2143 2037 2200 homines
2077 2143 2256 2215 gloria

659 2243 711 2287 et
744 2236 952 2292 divitiis
985 2235 1276 2291 fruuntur.
1341 2228 1343 2231 ’

731 2510 898 2564 Vtilis.
943 2511 995 2566 9.
1047 2510 1352 2580 Usquequo,
1403 2510 1850 2578 pigcr,dorntis?

658 2606 832 2675 piger,
859 2603 1180 2659 incendaris
1211 2604 1464 2675 corporis
1498 2605 1720 2661 amore?

728 2786 957 2851 Quando
995 2802 1024 2840 e
1087 2796 1388 2840 somnotuo
1451 2787 2067 2858 consurges?Quando,
2122 2795 2251 2842 tan-

653 2891 819 2946 quam
854 2892 918 2930 ex
950 2891 1172 2940 somno,
1206 2878 1427 2947 pigritia
1463 2882 1612 2933 circa
1663 2895 1856 2933 verum
1887 2879 2095 2935 bonum
2117 2894 2252 2934 con-

654 2969 894 3040 surges?
921 2969 1002 3032 Si,
1035 2985 1066 3024 a
1105 2970 1246 3023 mala
1283 2979 1482 3024 natura
1514 2986 1624 3024 non
1664 2971 1928 3038 didicisti,
1961 2973 2110 3042 quod
2161 2987 2253 3028 ve-

655 3078 774 3116 rum
810 3061 1150 3131 oporteatad
1183 3061 1392 3116 bonum
1443 3061 1679 3118 conduci
1724 3063 1914 3127 verbo,
1955 3063 2150 3118 saltem
2183 3079 2249 3118 ex

651 3155 994 3225 experientia
1029 3169 1215 3209 rerum
1241 3155 1417 3219 disce,
1461 3157 1588 3226 quia
1646 3170 1744 3211 eos
1789 3159 1884 3226 qui
1938 3157 2249 3226 corporalia

2013 397 2362 459 PROCOPII
2421 399 2665 460 GAZ.E[

1925 2508 2250 2581 Usquequo,
2275 2510 2285 2520 ’

3827 398 3969 462 1272

2433 504 2545 572 ⁷11(
2581 508 2721 572 τοὺς
2755 507 3017 576 πόνους,
3040 504 3321 568 ,ϐασιλεῖς
3339 521 3401 557 τε
3434 504 3531 556 καὶ
3564 504 3781 558 ἰδιῶται
3808 511 3967 572 πρ‹“ς

2369 599 2579 666 ὑγείαν
2612 597 3080 665 προσφέρονται.
3113 597 3238 658 Τοῖς
3283 595 3339 647 δὲ
3395 596 3536 648 κατὰ
3570 595 3730 662 φύσιν
3785 598 3967 666 ἐμμε-

2368 686 2652 748 λεστάτοις
2685 687 2868 756 ἔργοις
2895 686 3100 753 αὐτῆς,
3134 684 3336 749 ἔνδοξοί
3375 701 3433 736 τε
3463 686 3557 738 καὶ
3605 686 3781 749 ἄδοξοι
3825 687 3966 754 πρὸς

2369 779 2514 830 ῐασιν
2546 777 2788 846 χρῶνται
2814 777 3141 844 νοσημάτων
3184 776 3566 828 παντοδαπῶν.

2435 865 2691 932 Ποθεινὴ
2719 865 2782 917 τέ
2811 866 2941 917 ἐστι
2981 862 3132 919 πᾶσι
3164 864 3262 917 καὶ
3306 865 3608 930 ἐπίδοξος.
3653 865 3787 918 Ὑπὸ
3822 867 3966 918 πάν-

2364 973 2473 1009 των
2507 972 2567 1008 τε
2622 957 2906 1024 ἀγαπᾶται
2950 955 3111 1026 ὁμοῦ,
3175 956 3271 1008 καὶ
3333 956 3423 1008 διὰ
3489 956 3762 1026 θαύματος
3823 957 3964 1023 ἄγε-

2365 1065 2477 1101 ται.

2439 1138 2660 1204 Καίπερ
2707 1135 2864 1191 οὖσα
2898 1137 2972 1204 τῇ
3006 1137 3174 1206 ῥώμῃ
3225 1139 3514 1206 ἀσθενὴς,
3565 1139 3684 1205 τὴν
3731 1142 3967 1208 σοφίαν

2365 1225 2676 1294 τιμήσασα
2719 1226 3015 1295 προήχθη.
3039 1228 3147 1279 Καὶ
3170 1228 3220 1279 ει
3249 1231 3314 1298 τῇ
3338 1229 3568 1298 δυνάμει
3598 1231 3746 1281 ἐστὶν
3782 1231 3961 1300 ἁδρα-

2365 1317 2483 1384 νὴς,
2507 1317 2624 1370 ἀλλ’
2655 1319 2737 1370 ὅτι
2775 1318 2926 1387 παρὰ
2955 1317 3049 1370 τοῦ
3085 1320 3305 1373 πάντων
3331 1320 3606 1372 Δεσπότου
3631 1321 3766 1375 Θεοῦ
3793 1323 3964 1391 φύσει

2364 1409 2425 1461 τὸ
2467 1409 2630 1475 σοφὸν
2653 1408 3027 1479 ἐκληρώσατο,
3061 1411 3410 1481 πρπιμητὲα
3440 1411 3552 1463 τῶν
3597 1413 3799 1484 πολλὴν
3853 1415 3968 1485 ῥώ-

2368 1515 2477 1566 μην
2507 1499 2867 1568 κεκτημένων
2918 1497 3074 1564 ζώων
3129 1501 3381 1568 ἐγένετου
3422 1503 3487 1572 ἦν
3523 1504 3762 1572 μίμησαι
3825 1524 3965 1574 προ-

2364 1592 2679 1659 αρετικῶς,
2708 1592 2871 1661 ἔργον
2899 1593 3232 1661 τιμιώτατον
3262 1593 3323 1646 τὸ
3346 1595 3466 1646 κατ’
3487 1595 3688 1664 ἀρετὴν
3723 1598 3954 1665 ἐργαζό-

2367 1699 2529 1750 μενος
2553 1699 2567 1714 ⁸
2617 1685 2806 1738 καὶτὰ
2844 1685 2982 1755 ἔργα
3019 1703 3115 1738 σου
3139 1687 3221 1750 εις
3257 1686 3558 1754 θεραπείαν
3605 1689 3820 1742 πολλῶν
3852 1691 3963 1759 ψυ-

2363 1776 2527 1845 χικήν
2551 1791 2609 1828 τε
2639 1775 2757 1845 ἅμα
2786 1777 2881 1830 καὶ
2908 1778 3233 1849 σωματικὴν
3299 1779 3572 1845 εστωσαν,
3626 1783 3955 1852 ἀσπαζομέ-

2364 1881 2470 1917 νων
2504 1882 2562 1918 τε
2590 1866 2786 1932 ταῦτα,
2841 1866 2936 1919 καὶ
2959 1866 3048 1920 διὰ
3072 1867 3358 1937 θαύματος
3391 1870 3638 1937 ἀγόντων
3667 1888 3682 1902 ο
3729 1874 3824 1925 καὶ
3850 1873 3962 1926 κᾶν

2367 1956 2442 2026 μὴ
2471 1957 2641 2027 πολλή
2669 1975 2752 2011 σοι
2777 1959 2997 2029 ὑπάρχῃ
3037 1960 3194 2030 ἰσχὺς
3249 1961 3314 2012 ὲκ
3359 1963 3683 2031 περιουσίας
3737 1966 3963 2034 χρημά-

2361 2048 2532 2119 τωνῆ
2570 2049 2900 2121 ἀξιωμάτων
2931 2050 3124 2120 ὕψους,
3182 2053 3298 2105 ἀλλ’
3323 2055 3405 2107 ὅτι
3463 2057 3562 2126 τὴν
3612 2057 3762 2126 παρὰ
3812 2057 3958 2111 Θεοῦ

2361 2140 2524 2212 χάριν
2556 2143 2969 2212 πεπλούτηκας,
2998 2145 3093 2197 καὶ
3123 2144 3292 2209 πολὺς
3322 2146 3558 2214 γέγονας
3611 2150 3754 2202 κατὰ
3807 2151 3960 2218 γνῶ-

2362 2247 2447 2282 σιν
2495 2233 2590 2285 καὶ
2644 2233 2868 2304 ἀρετὴν,
2913 2236 3283 2304 προτιμητέος
3346 2237 3443 2308 ἔσῃ
3487 2237 3596 2290 τῶν
3665 2239 3833 2310 πολλῇ
3883 2246 3956 2312 τῇ

2359 2323 2499 2376 κατὰ
2553 2323 2762 2394 κόσμον
2831 2323 2958 2395 δόξῃ
3014 2325 3435 2398 εὐθηνουμένων
3491 2329 3588 2381 καὶ⁸
3637 2333 3752 2394 τοῖς
3807 2336 3958 2403 χρή-

2362 2431 2550 2483 μασιν.

2428 2504 2494 2561 θ’.
2526 2507 2680 2572 ’Ὲως
2707 2509 2896 2575 τίνος,
2917 2508 3158 2576 ὀκνηρὲ,
3188 2507 3576 2574 κατάκεισαι,;
3589 2511 3957 2582 Μέχριτίνος,

2355 2591 2401 2648 ὦ
2420 2595 2655 2666 ρᾴθυμε,
2696 2597 3149 2662 καταπεπτωκὼς
3176 2599 3444 2669 ὑπάρχεις
3468 2603 3534 2672 τῇ
3549 2600 3701 2672 φιλίᾳ
3729 2600 3824 2655 τοῦ
3851 2601 3959 2670 ad)-

2357 2703 2527 2756 ματος
2556 2706 2570 2754 ;

2425 2781 2580 2834 Πότε
2602 2780 2672 2834 δὲ
2700 2781 2769 2846 ἐξ
2797 2782 2992 2837 ὕπνου
3025 2783 3362 2852 ἐγερθήσῃ;
3394 2785 3505 2838 Καὶ
3535 2785 3666 2837 πότε
3719 2783 3796 2848 ὡς
3844 2788 3961 2840 άπὸ

2356 2869 2530 2924 ὕπνου
2566 2873 2668 2942 τῆς
2714 2874 2919 2943 πολλῆς
2950 2875 3077 2945 περὶ
3110 2875 3173 2927 τὸ
3199 2875 3371 2938 ὅντως
3397 2876 3608 2943 ἀγαθὸν
3667 2876 3959 2945 ῥᾳθυμίας

2353 2962 2698 3036 ὲξαναστῇς;
2749 2967 2811 3018 Εἰ
2839 2962 2935 3020 οὖν
2966 2966 3103 3036 μηδὲ
3133 2966 3286 3038 παρὰ
3326 2968 3425 3036 τῆς
3475 2968 3675 3035 ἀλόγου
3737 2969 3960 3035 φύσεως

2355 3055 2607 3128 παιδεύῃ,
2637 3059 2699 3110 ὃν
2723 3059 2831 3111 ἔδει
2860 3059 2938 3128 τῷ
2969 3059 3115 3129 λόγῳ
3134 3059 3427 3128 ὲνάγισθαι
3460 3060 3598 3129 πρὸς
3631 3059 3692 3112 τὸ
3721 3060 3956 3126 ἀγαθὸν,

2353 3147 2458 3202 κᾶν
2487 3148 2544 3214 ἐξ
2581 3149 2753 3218 αὐτῆς
2778 3151 2878 3219 τῆς
2904 3140 3120 3221 πείρας
3139 3151 3248 3203 τῶν
3276 3152 3622 3220 πραγμάτων
3685 3151 3956 3221 μάνθανε,

651 3260 816 3312 opera
872 3245 946 3300 ob
982 3245 1264 3316 pigritiam
1299 3246 1581 3316 linquunt,
1631 3256 1689 3302 et
1745 3263 1938 3302 eorum
1997 3248 2242 3304 laborem

2355 3243 2436 3296 ὅτι
2465 3246 2561 3298 καὶ
2589 3245 2716 3307 τοὺς
2751 3245 2888 3315 πρὸς
2920 3246 2989 3298 τὰ
3017 3245 3310 3314 σωματικὰ
3343 3243 3729 3316 ρᾳθυμοῦντας
3786 3246 3957 3315 ἔργα,

651 3354 951 3394 onerosum
996 3347 1215 3409 putant,
1280 3340 1588 3411 indigentia
1651 3349 1841 3396 manet
1911 3342 2243 3397 horrenda:

651 3431 777 3486 illos
819 3431 1044 3487 imitans
1077 3440 1171 3486 tua
1204 3432 1356 3488 circa
1375 3433 1805 3502 operajustitite
1833 3434 2076 3505 pigritia.

717 3708 889 3764 Vens.
924 3709 1012 3764 10.
1056 3709 1347 3763 Paululum
1377 3708 1586 3779 quidem
1619 3709 1845 3763 dormis.
1879 3707 2036 3763 Nunc
2060 3714 2247 3763 autem

645 3817 841 3854 somno
865 3801 1100 3870 pigritiw
1119 3801 1402 3870 indulges!

720 3892 1012 3946 Paululum
1037 3892 1210 3946 sedes.
1246 3890 1484 3948 Carnem
1516 3891 1702 3962 quiete
1733 3890 1978 3948 laetiﬁcas
2012 3892 2026 3947 ι

719 4073 1009 4127 Paululum
1092 4074 1380 4126 dormitas.
1436 4070 1500 4126 Et
1547 4085 1696 4126 nunc
1770 4085 1967 4127 somno
2006 4070 2246 4143 pigritia:

634 4168 826 4238 jacesl

710 4257 1002 4312 Paululum
1031 4257 1366 4327 amplecteris
1394 4257 1642 4312 manibus
1674 4267 1914 4328 pectora.
1966 4255 2126 4312 Tunc
2147 4256 2240 4312 deo

637 4370 748 4407 nuo
781 4353 918 4423 ligas
937 4354 1148 4424 pectori
1175 4367 1374 4408 manus
1424 4360 1573 4416 tuas.
1606 4367 1750 4423 quas
1800 4352 2046 4409 versaris
2087 4351 2243 4408 solus

637 4441 816 4500 nudas
862 4445 1232 4515 c0gitationes
1264 4446 1418 4516 praxi
1450 4461 1560 4500 non
1594 4445 1844 4500 ﬁrmans.

2356 3338 2450 3392 καὶ
2490 3338 2585 3390 τὸν
2635 3339 2764 3408 περὶ
2794 3338 2968 3392 ταῦτα
3029 3339 3195 3392 πόνον
3258 3339 3521 3408 φορτικὸν
3578 3339 3954 3410 ἡγουμένους,

2355 3429 2515 3482 πενία
2550 3431 2968 3508 καταλαμϐάνει
2995 3431 3144 3503 δεινή
3175 3448 3189 3461 ·
3227 3430 3322 3494 οὓς
3373 3432 3714 3501 μιμούμενος
3749 3433 3808 3484 ὲν
3875 3432 3960 3501 τῷ

2352 3521 2572 3574 πάντων
2632 3522 3045 3596 καταρᾳθυμεϊν
3104 3522 3214 3577 τῶν
3281 3524 3379 3594 τῆς
3436 3523 3792 3594 δικαιοσύνης
3857 3524 3959 3596 ερ-

2351 3629 2483 3680 γων,

2426 3710 2477 3759 ι’.
2525 3702 2757 3772 Ὀλίγον
2775 3703 2893 3770 μὲν
2929 3704 3166 3770 ὑπνοῖς.
3214 3704 3354 3758 Ποτὲ
3393 3705 3496 3776 μὲν
3547 3705 3701 3776 ὕπνῳ
3768 3709 3948 3778 ρᾳθυ-

2354 3797 2482 3868 μίας
2507 3793 2802 3857 δουλεύεις.

2433 3887 2674 3957 Ὀλίγον
2701 3885 2770 3939 δὲ
2797 3885 2972 3955 κάθῃ.
3013 3887 3153 3941 Ποτὲ
3183 3886 3241 3941 δὲ
3283 3890 3352 3959 τῇ
3386 3889 3554 3960 σαρκὶ
3585 3889 3790 3962 χαρίζῃ
3825 3890 3960 3944 άνάο

2351 3997 2572 4036 παυσιν.

2417 4073 2648 4142 Μικρὸν
2669 4072 2740 4126 δὲ
2777 4069 3113 4140 νυστάζεις.
3136 4071 3246 4126 Καὶ
3275 4071 3466 4128 ἄλλοτε
3486 4072 3790 4144 νυσταγμῷ
3815 4073 3958 4145 ἀκη-

2345 4169 2467 4230 δίας
2492 4167 2806 4220 ὑπόκεισαι.

2431 4258 2671 4327 Ὀλίγον
2707 4256 2776 4309 δὲ
2814 4254 3175 4327 ἐνατκαλίζῃ
3211 4256 3386 4325 χερσὶ
3433 4255 3652 4323 στήθη.
3713 4257 3856 4311 "ore
3910 4259 3960 4312 δ’

2346 4344 2503 4413 αὖθις
2535 4349 2761 4420 δεσμεϊς
2800 4349 2931 4420 περὶ
2961 4348 3024 4402 τὸ
3061 4348 3261 4418 στῆθος
3289 4347 3390 4411 τὰς
3422 4349 3613 4418 χεῖράς
3656 4365 3776 4415 σου,
3849 4352 3958 4421 μό-

2347 4459 2436 4506 νος
2469 4441 2660 4512 dulei);
2689 4440 3077 4511 διαλογισμοὺς
3104 4441 3356 4510 κατέχων
3383 4442 3478 4492 ἐπὶ
3534 4441 3763 4512 καρδίας
3829 4460 3959 4510 σου,

2346 4533 2441 4588 καὶ
2467 4531 2692 4596 τούτους
2724 4531 2800 4602 μὴ
2829 4530 3065 4601 βεϐαιῶν
3095 4530 3184 4584 διὰ
3218 4529 3499 4601 πράξεως.

709 4643 876 4698 Vens.
915 4643 1002 4696 Η.
1047 4641 1248 4696 Deinde
1282 4643 1616 4711 superveniet
1642 4642 1738 4695 tibi
1768 4650 2002 4711 egestas.
2027 4650 2084 4694 ιιι
2114 4657 2233 4693 ma-

2424 4622 2514 4678 ια’.
2544 4621 2687 4680 Εἶτα
2718 4624 3114 4694 παραγίνεταί
3152 4640 3253 4678 σοι
3278 4622 3486 4690 ὥσπερ
3546 4623 3734 4690 κακὸς
3797 4625 3960 4679 ὁδοι-

634 4737 716 4787 lus
737 4735 833 4788 ria:
851 4750 1044 4788 comes.
1077 4732 1209 4788 Post
1239 4734 1354 4788 hac
1396 4733 1580 4787 veniet
1605 4732 1726 4797 tibi,
1761 4740 1822 4787 ut
1845 4732 2024 4787 malus
2052 4746 2242 4787 comes

633 4827 757 4888 vim,
792 4827 1168 4897 spiritualium
1198 4825 1423 4881 virtutis
1483 4825 1803 4879 divitiarum
1844 4823 2087 4895 perlecta
2117 4839 2242 4891 ege-

633 4929 773 4976 stas.
810 4921 883 4974 ita
917 4929 978 4973 ut
1009 4927 1192 4974 tecum
1221 4921 1296 4974 sit
1321 4934 1565 4989 semper,
1595 4928 1650 4974 et
1691 4926 1862 4973 totam
1895 4928 2045 4973 tuam
2066 4919 2237 4979 vitam

633 5020 967 5083 praesentem
989 5021 1170 5066 tecum
1200 5022 1520 5082 percurrat.

700 5102 767 5156 Et
799 5103 1056 5172 penuria,
1082 5114 1350 5155 utcursor
1369 5101 1562 5156 bonus.
1616 5100 1685 5156 Et
1716 5113 1990 5172 tanquam
2039 5115 2239 5157 cursor

629 5196 788 5262 levis,
822 5193 1104 5266 doctrinae,
1151 5204 1370 5266 egestas
1424 5211 1548 5266 qua:
1591 5211 1703 5250 non
1765 5197 1836 5251 sit
1862 5198 1915 5250 in
1947 5192 2238 5265 perfectio-

629 5303 793 5354 nem;
854 5296 909 5344 et
960 5288 1030 5342 ab
1087 5288 1570 5357 increpationibus
1625 5289 1988 5343 conscientim
2017 5287 2084 5342 de
2126 5287 2237 5342 tuis

628 5384 789 5437 malis
841 5382 1085 5446 actibus,
1142 5381 1371 5451 inopia:
1442 5385 1574 5452 quia
1599 5382 1950 5437 dulcedinem
1981 5382 2120 5453 jugi,
2183 5391 2238 5437 et

627 5475 1019 5530 mandatorum
1050 5475 1372 5530 divinorum
1404 5476 1595 5533 oneris
1646 5476 1955 5543 levitatem,
1991 5492 2092 5532 nec
2131 5493 2234 5548 gu-

621 5571 784 5624 stasti
819 5570 872 5622 in
915 5570 1094 5637 praxi,
1120 5585 1219 5624 nec
1251 5571 1580 5641 cognovisti.

693 5660 754 5712 Si
784 5676 906 5714 vero
933 5663 1160 5732 impiger
1191 5663 1384 5732 fueris,
1419 5666 1586 5717 t'cnict
1638 5672 1696 5717 ut
1729 5663 1848 5732 fons
1885 5663 2072 5717 messis
2112 5672 2229 5716 tua.

623 5753 680 5806 Si
726 5771 858 5808 vero
916 5764 966 5810 te
1027 5771 1054 5808 a
1091 5757 1312 5826 pigritia
1348 5772 1581 5822 exuens,
1610 5755 2058 5828 expergefactus,
2081 5757 2230 5810 circa

622 5849 761 5903 luma
820 5864 987 5919 opera
1065 5850 1359 5914 laboraris,
1409 5850 1590 5906 veniet
1662 5850 1757 5905 tibi
1818 5849 2133 5919 abundans,
2174 5859 2230 5905 ut

2345 4718 2532 4787 πόρος
2564 4718 2601 4786 ἡ
2631 4718 2830 4772 πενία.
2879 4715 3206 4788 Ἐπέρχεται
3235 4715 3293 4768 δέ
3325 4733 3409 4769 σοι
3442 4717 3584 4787 μετὰ
3633 4715 3836 4782 ταῦτα,
3881 4718 3960 4778 ὡς

2343 4829 2428 4876 τις
2460 4811 2756 4882 βλαπτικὸς
2783 4809 3087 4880 συνοδξτης,
3115 4811 3149 4880 ἥ
3175 4827 3236 4862 τε
3261 4808 3359 4863 τοῦ
3393 4809 3517 4862 κατ’
3543 4810 3749 4879 ἀρετὴν
3782 4827 3958 4862 πνευο

2347 4903 2579 4974 ματικοῦ
2612 4903 2848 4957 πλούτου
2895 4903 3171 4972 παντελὴς
3203 4901 3411 4973 ἀπορία
3433 4917 3447 4929 ’
3478 4902 3572 4954 ἐπὶ
3604 4900 3683 4970 τῷ
3704 4903 3959 4954 συνεῖναί

2345 5013 2429 5050 σοι
2481 4997 2904 5060 διαπαντὸς,καὶ
2937 4995 3292 5061 συνδιεξιέναι
3323 4995 3424 5066 τὴν
3458 4994 3747 5066 παροῦσαν
3775 4997 3956 5065 ζωήν.

2419 5090 2530 5145 Καὶ
2581 5091 2618 5158 ἡ
2659 5089 2861 5143 ἔνδεια
2887 5088 3092 5157 ὥσπερ
3121 5089 3347 5160 ἀγαθὸς
3396 5089 3674 5159 δρομεὺς.
3711 5091 3826 5142 Καὶ
3857 5110 3961 5145 κα·

2343 5187 2521 5255 θάπερ
2547 5203 2632 5248 τις
2669 5187 2798 5256 περὶ
2833 5185 3036 5255 δρόμον
3069 5185 3220 5250 ὀξὺς,
3255 5186 3414 5256 ὴτῆς
3447 5185 3708 5251 γνώσεως
3741 5187 3847 5238 οὐκ
3877 5189 3956 5250 εἰς

2340 5282 2403 5334 τὸ
2434 5281 2704 5343 παντελὲς
2738 5281 2967 5349 ἀπορία,
2993 5281 3082 5334 διὰ
3111 5280 3202 5332 τὸν
3228 5279 3324 5332 τοῦ
3355 5279 3661 5341 συνειδότος
3697 5280 3794 5331 ἐπὶ
3840 5283 3958 5342 τοῖς

2341 5377 2538 5438 κακοῖς
2570 5374 2819 5444 ἔλεγχον.
2847 5374 3032 5428 ἔνδεια
3060 5390 3072 5403 ο
3108 5373 3200 5426 διὰ
3232 5373 3294 5426 τὸ
3327 5374 3404 5444 μὴ
3435 5372 3746 5441 γεύσασθαι
3806 5376 3957 5426 κατὰ

2341 5469 2543 5541 πρᾶξιν
2569 5468 2666 5522 καὶ
2696 5466 2905 5535 γνῶναι
2937 5467 2998 5520 τὸ
3048 5466 3291 5536 χρηστὸν
3341 5465 3438 5520 τοῦ
3484 5465 3679 5533 ζυγοῦ,
3745 5467 3846 5520 καὶ
3899 5467 3958 5520 τὺ

2339 5561 2577 5630 ἐλαφρὸν
2610 5559 2704 5614 τοῦ
2739 5560 2964 5631 φορτίου
2986 5559 3096 5612 τῶν
3127 5558 3221 5612 τοῦ
3249 5558 3385 5612 Θεοῦ
3410 5559 3667 5612 ἐντολῶν.
3713 5558 3724 5569 “

2435 5657 2579 5710 Ἕίιν
2612 5653 2681 5707 δὲ
2706 5655 2930 5719 ἄοκνος
2957 5647 3054 5724 ᾖς.
3093 5653 3230 5720 ἥξει
3269 5651 3476 5721 ὥσπερ
3506 5653 3671 5720 πηγὴ
3732 5654 3765 5705 ὀ
3804 5651 3956 5721 dyn-

2340 5753 2444 5816 τός
2482 5766 2621 5805 σοι’.
2658 5752 2720 5804 Εἰ
2751 5750 2809 5804 δέ
2840 5767 2969 5803 ποτε
3001 5749 3102 5821 τὴν
3137 5750 3422 5820 ρᾳθυμίαν
3451 5749 3953 5818 άποτιναξάμενος.

2338 5846 2772 5916 διεγηγερμένος
2791 5844 3061 5915 ὑπάρχεις
3097 5846 3226 5913 περὶ
3255 5845 3356 5914 τὴν
3394 5843 3664 5916 ἐργασίαν
3683 5843 3780 5898 τοῦ
3818 5847 3955 5911 ἀγα-
