4238 6458
288 424 420 486 1373

1271 427 1810 489 CUMMENTARII
1856 430 1935 487 IN
1974 430 2426 490 PBOVERBH.

3402 443 3534 500 1974

282 534 397 595 606,
430 531 706 584 ἐλεύσεται
732 530 981 599 δαψιλὴς,
1010 527 1096 583 οἷα
1122 535 1268 602 πηγὴ
1303 533 1510 602 ἄφθονα
1553 539 1858 605 προχέουσα

1976 538 2087 592 l'nns
2113 542 2251 594 «laus
2284 541 2540 609 copiosos
2568 538 2792 604 ﬂuctus,
2835 543 3030 594 messis
3055 544 3270 596 fluctus
3306 559 3528 612 Opt:l'tt;;i

282 625 520 690 νάματα,
564 623 597 691 ἡ
629 622 722 673 τοῦ
753 622 966 692 καρποῦ
995 623 1105 674 τῶν
1132 627 1229 692 τῆς
1275 625 1622 696 δικαιοσύνης
1675 627 1852 696 ἔργων

1980 628 2198 680 ustitiie.

283 713 608 782 συγκομιδὴ.

365 806 424 858 Ἠ
453 805 522 856 δὲ
546 804 746 856 ἔνδεια
767 820 883 857 σου
917 805 1117 871 ὥσπερ
1153 808 1336 870 κακὸς
1371 805 1631 874 δρομεὺς
1663 809 1856 861 ἀπαυ-

280 897 631 963 τομολήσει.
667 898 740 949 Τὸ
766 897 822 949 δὲ
865 896 953 949 διὰ
983 895 1044 949 τὸ
1077 899 1139 948 ὲκ
1191 898 1349 966 ψιλῆς
1391 899 1582 966 ἀκοῆς,
1635 900 1726 950 καὶ
1782 901 1856 969 μὴ

283 989 424 1041 κατὰ
458 991 652 1056 πεῖραν
680 990 989 1056 πρακτικὴν
1020 988 1216 1040 είδέναί
1243 1006 1301 1040 σε
1344 990 1404 1040 τὸ
1433 989 1599 1051 ὅντως
1632 990 1856 1056 ἀγαθὸν,

282 1080 486 1146 προσόν
525 1095 605 1129 σοι
635 1077 825 1146 πρώην
874 1078 1000 1148 περὶ
1033 1079 1131 1147 τὴν
1161 1078 1349 1130 τούτου
1400 1078 1604 1145 γνῶσιν
1654 1079 1854 1143 ἐνδεὲς,

282 1167 541 1235 φεύξεται
565 1167 675 1219 άπὸ
714 1167 808 1219 σοῦ
844 1184 858 1198 ·
899 1169 1000 1219 οὐκ
1058 1168 1224 1230 ὀξέως
1264 1168 1453 1236 ὥσπερ
1495 1170 1561 1238 τῇ
1619 1167 1862 1239 ἀπραξίᾳ

279 1259 376 1311 τοῦ
406 1257 571 1310 καλοῦ
621 1259 1022 1327 παραγέγονεν,
1055 1259 1188 1311 ἀλλὰ
1217 1259 1591 1328 σχολαιότερον
1621 1262 1740 1322 ταῖς
1765 1277 1862 1311 κα-

277 1348 346 1399 τὰ
389 1348 553 1416 μέρος
601 1347 887 1415 ἐργασίαις
916 1347 1024 1398 τῶν
1056 1347 1306 1410 ἐντολῶν,
1331 1347 1407 1409 ὡς
1432 1347 1620 1410 ἄτονός
1643 1365 1723 1410 τις
1744 1348 1865 1417 δρο-

283 1439 444 1508 μεὺς,
477 1437 568 1490 διά
596 1436 656 1489 τὺ
682 1440 780 1504 τῆς
823 1439 1068 1506 κτήσεως
1115 1436 1208 1489 τοῦ
1269 1438 1479 1502 άγαθοῢ
1538 1441 1862 1505 πρόσαντες.

353 1525 440 1594 ιβ’.
479 1527 660 1594 Ἀνὴρ
719 1526 924 1595 ἄφρων
990 1527 1086 1579 καί
1145 1527 1506 1596 παράνομος,
1555 1533 1868 1596 πορεύεται

280 1619 462 1684 ὁδοὺς
492 1620 605 1672 οὐκ
669 1618 916 1686 ἀγαθάς.
976 1619 1297 1688 Ἀνθρωπος
1339 1621 1549 1688 ἀγνοῶν
1584 1625 1643 1675 τὸ
1697 1624 1866 1684 δντως

279 1709 466 1772 καλὸν,
491 1709 586 1761 καὶ
614 1708 683 1760 τὰ
717 1709 1006 1778 παράλογα
1037 1711 1316 1778 πράττων,
1343 1713 1399 1762 ὲν
1423 1713 1602 1764 σκότει
1636 1712 1861 1778 ἀγνοίας

279 1802 376 1854 καὶ
405 1800 798 1871 προσκόμμασι
839 1802 1060 1864 κακίας,
1095 1803 1193 1871 τὴν
1222 1802 1603 1874 έαυτοῦ’ζωὴν
1658 1803 1868 1872 διεξέρ-

277 1910 455 1964 χεται.

351 1983 441 2052 ιγ’.
484 1983 547 2036 '0
588 1983 641 2036 δ’
711 1984 893 2048 αὐτὸς
955 1983 1186 2036 ἐννεύει
1240 1984 1543 2053 ὀφθαίμῷ,
1583 1986 1860 2054 σημαίνει

275 2077 347 2130 δὲ
374 2075 536 2139 ποδί,
575 2074 850 2128 διδάσκει
883 2074 952 2127 δὲ
989 2076 1253 2144 νεύμασι
1285 2076 1618 2130 δακτύλων.
1677 2076 1736 2129 '0
1758 2077 1856 2128 αὑ-

276 2171 368 2233 τὸς
384 2169 442 2222 δὲ
475 2169 572 2225 ἅτε
595 2169 664 2220 τά
689 2167 1039 2236 προσήκοντα
1057 2169 1169 2228 τοίς
1209 2167 1385 2234 λόγοις
1405 2168 1604 2234 ἀγαθὰ,
1619 2167 1712 2220 καὶ
1735 2168 1861 2232 ἀξια

276 2260 494 2330 γλώττῃ
520 2257 894 2330 προφέρεσθαι
935 2257 1029 2311 καὶ
1071 2258 1205 2310 ὠσὶν
1251 2257 1570 2320 ἀκούεσθαι,
1639 2257 1712 2327 μὴ
1751 2257 1862 2309 δια-

276 2345 648 2417 λογιζόμενος,
674 2346 880 2399 δέδοικε
907 2347 1115 2415 ῥήμασι
1155 2349 1454 2418 προφέρειν
1475 2348 1536 2400 τὸ
1564 2347 1672 2400 τῶν
1694 2347 1859 2401 αὑτοῦ

196 2489 199 2491 ,
277 2437 682 2510 ἐνθυμημάτων
727 2440 1278 2509 πεπανουργευμένον
1310 2440 1402 2492 καὶ
1427 2440 1647 2511 δολερόν
1675 2455 1688 2470 ο
1750 2441 1859 2493 πά-

277 2532 362 2586 λιν
392 2533 458 2602 δὴ
499 2532 790 2594 κοινωνούς
819 2548 976 2593 τινας
1022 2531 1169 2600 ἔχειν
1214 2531 1320 2583 τῶν
1381 2533 1637 2604 πονηρῶν
1692 2532 1859 2586 αὐτοῦ

275 2624 681 2694 διανοημάτων,
711 2622 922 2676 οἴκοθεν
951 2622 1292 2691 βιαζόμενος,
1355 2612 1636 2694 ὀφθαλμοῦ
1658 2641 1720 2676 τε
1766 2625 1861 2676 καὶ

279 2716 443 2777 ποδὸς
522 2714 619 2769 καὶ
667 2713 948 2766 δακτύλων
995 2713 1200 2783 χειρὸς,
1253 2714 1504 2784 πονηρῶς
1554 2717 1854 2785 ἐσχηματι-

280 2807 501 2877 σμένοις
526 2805 814 2874 κινήμασι,
841 2803 1035 2874 μηνύει
1063 2803 1124 2856 τὸ
1153 2802 1410 2874 βουλητὸν
1433 2805 1581 2876 αὐτῷ
1602 2809 1713 2870 τοῖς
1735 2809 1862 2876 δμο-

276 2900 504 2971 τρόποις
543 2895 734 2950 αὑτοῦ.

349 2994 434 3046 ιδ’.
461 2987 904 3057 Διεστραμμένῃ
943 2987 1010 3040 δὲ
1037 2987 1248 3055 καρδίᾳ
1278 2988 1646 3042 τεκταίνεται
1681 2987 1858 3042 κακά.

278 3078 777 3152 Παρεγκεκλιμένῃ
813 3078 870 3130 δὲ
894 3075 986 3129 106
1045 3076 1235 3135 εὐθέος
1293 3077 1525 3148 διανοίᾳ,
1563 3080 1632 3132 τὰ
1691 3079 1864 3149 παρά.

277 3175 414 3242 λογα
444 3174 869 3244 διαπράττεται.

350 3270 460 3321 Ἐν
484 3272 664 3322 παντί
685 3270 868 3338 καιρῷ
889 3275 920 3326 d
947 3273 1217 3337 τοιοῦτος
1241 3270 1505 3341 ταραχὰς
1527 3271 1865 3336 συνίστησι

277 3364 477 3417 πόλει.
521 3357 694 3427 Οὗτος
721 3368 866 3418 κατὰ
903 3366 1081 3420 πάντα
1115 3367 1308 3438 καιρὸν
1344 3365 1655 3436 εὐπραγίας
1685 3364 1864 3433 ἢδυσ-

278 3457 550 3527 πραγίας,
607 3459 847 3529 τάραχον
896 3459 1085 3512 παθῶν
1135 3459 1276 3513 κατὰ
1321 3460 1549 3528 γνώμην
1581 3459 1866 3528 ὑφιστᾷτῇ

279 3548 388 3617 ιδίςι
452 3548 634 3620 ψυχῇο
670 3550 728 3601 ὲν
847 3550 1141 3622 περιπολεῖ
1191 3550 1334 3603 κατὰ
1380 3547 1622 3602 διάθεσιν
1653 3548 1685 3618 η
1712 3546 1868 3618 τριάς

274 3643 387 3694 τῶν
416 3641 624 3713 ταύτης
650 3642 935 3712 δυνάμεων
958 3659 973 3673 ο
1002 3643 1222 3706 στάσεις
1274 3642 1509 3712 ἐγείρων
1538 3641 1633 3694 106
1669 3657 1730 3693 τε
1751 3641 1870 3693 ἑπι-

277 3734 591 3806 θυμητικοῦ
629 3733 853 3787 καὶτοῦ
905 3733 1140 3802 θυμικοῦ
1201 3733 1343 3788 κατὰ
1395 3733 1489 3786 106
1533 3731 1865 3802 λογιστικοῦ,

274 3832 339 3882 ὲν
401 3827 482 3898 τῷ
538 3829 681 3900 μήτε
739 3830 860 3883 κατ’
924 3829 1222 3899 ἐπιθυμίαν
1278 3827 1385 3881 τῶν
1430 3827 1603 3898 ἡδέων
1664 3829 1868 3896 ἐγκρα-

274 3922 578 3990 τεύεσθαι,
630 3923 769 3994 μήτε
828 3923 972 3977 κατὰ
1031 3922 1203 3992 θυμὸν
1262 3922 1563 3994 ὑπομένειν
1627 3920 1697 3974 τὰ
1751 3920 1868 3974 θλι-

275 4011 439 4083 δερά.

353 4109 436 4164 ιε’,
462 4110 558 4169 ις’.
591 4105 693 4158 Διὰ
740 4103 916 4158 τοῦτο
979 4103 1274 4174 ἐξαπίνης
1311 4106 1549 4175 ἔρχεται
1589 4104 1861 4160 ἀπώλεια

273 4195 490 4258 αὐτοῦ,
512 4195 769 4264 διακοπὴ
799 4196 899 4249 καὶ
927 4197 1220 4264 συντριόὴ
1245 4199 1511 4264 ἀνίατος,
1548 4197 1637 4251 ὅτι
1666 4199 1861 4266 χαίρει

273 4288 376 4342 ἐπὶ
401 4287 596 4343 πᾶσιν
623 4282 716 4353 οἷς
739 4287 960 4356 μισεῖό
982 4289 1218 4356 Κύριος.
1248 4289 1444 4343 Ἔνθεν
1470 4307 1554 4343 τοι
1572 4289 1866 4358 αἰφνιδίως

210 4385 213 4387 ’
278 4380 577 4451 ἐπέρχεται
621 4380 855 4452 τούτῳή
891 4381 1054 4436 αὑτοῦ
1087 4381 1486 4454 ὲξολόθρευσις,
1543 4383 1868 4453 ὑπάρχουσα

229 4472 241 4527 ί
261 4470 564 4544 χωρισμός
599 4490 657 4526 τε
693 4472 875 4542 ψυχῆς
896 4473 1004 4526 ἀπὸ
1031 4473 1307 4539 σώματος,
1330 4475 1422 4526 καὶ
1455 4474 1680 4537 κόλασις
1711 4475 1870 4537 τέλος

2034 802 2147 856 Tua
2180 812 2356 855 autem
2388 814 2611 869 egestas,
2657 814 2713 857 ut
2742 807 2914 858 malus
2939 825 3146 872 cursor,
3169 810 3318 877 longe
3348 812 3528 880 fugiet.

1962 891 2082 946 Eta
2132 904 2180 947 te
2237 894 2394 963 longe
2420 896 2587 964 fugiet
2645 897 2888 949 delectus
2966 900 3206 951 scientia:
3260 902 3422 964 boni,
3479 904 3531 952 iu

1961 998 2120 1052 quem
2185 982 2424 1036 incidisti
2463 1000 2571 1036 non
2622 993 2828 1038 attente
2871 985 3169 1048 audiendo,
3206 997 3258 1040 et
3319 992 3531 1056 praxim

1963 1079 2567 1145 vcrihouiignoraudo,
2604 1095 2710 1134 non
2765 1082 2986 1150 quidem
3057 1085 3336 1147 velociter,
3391 1085 3535 1138 sicut

1963 1168 2281 1238 supervenit
2311 1168 2364 1220 in
2393 1176 2444 1220 te
2477 1168 2605 1222 boni
2645 1172 2992 1241 negligentia,
3031 1173 3124 1227 sed
3149 1175 3351 1227 lentius
3405 1190 3533 1243 par-

1965 1261 2059 1314 tim
2090 1275 2252 1328 quam
2276 1262 2660 1314 mandatorum
2699 1263 2966 1331 implelio,
3022 1265 3221 1318 similis
3252 1267 3531 1334 languenti

1964 1351 2204 1414 cursori,
2236 1354 2306 1404 ob
2340 1351 2563 1404 virtutis
2603 1352 2990 1420 acquisitiouis
3016 1353 3427 1408 diﬂicultatem.

2039 1529 2206 1582 Vens.
2245 1528 2333 1580 12.
2364 1527 2455 1580 Vir
2485 1530 2790 1582 insensalus
2821 1539 2868 1581 et
2909 1532 3123 1598 iniquus
3148 1532 3389 1584 ambulat
3449 1549 3538 1599 per

1968 1621 2080 1673 vias
2107 1638 2207 1674 non
2235 1623 2417 1676 bonas.
2451 1621 2545 1674 Vir
2575 1624 2822 1676 nesciens
2889 1639 3076 1676 verum
3116 1625 3317 1678 bonum
3347 1637 3396 1680 et
3438 1629 3541 1680 iui-

1971 1728 2073 1781 qua
2100 1712 2332 1774 faciens,
2377 1713 2429 1765 in
2456 1713 2700 1766 tenebris
2734 1714 3075 1782 ignorantize,
3109 1723 3162 1768 et
3187 1717 3240 1768 in
3267 1716 3541 1770 scandulis

1972 1802 2213 1868 malitite,
2249 1803 2416 1856 vitam
2453 1819 2604 1858 suam
2632 1805 2802 1858 ducit.

2042 1978 2466 2047 VensJSJpse
2488 1989 2663 2032 autem
2729 1980 2915 2032 annuit
2965 1982 3154 2044 oculis,
3213 1983 3333 2033 terit
3392 1983 3540 2050 pede,

1967 2072 2132 2141 signis
2156 2071 2442 2141 digitorum
2477 2071 2650 2126 docet.
2685 2071 2779 2125 Ille
2809 2081 3014 2137 autem,
3085 2073 3226 2127 bona
3269 2081 3321 2128 et
3373 2083 3542 2139 recta,

1969 2165 2241 2218 mandatis
2263 2165 2527 2230 imperata
2549 2179 2647 2217 nec
2672 2178 2767 2217 ore
2799 2164 2947 2233 loqui
2976 2179 3077 2217 nec
3108 2166 3334 2219 auribus
3354 2166 3545 2219 audire

1968 2252 2179 2317 volens,
2228 2252 2413 2307 verbis
2439 2253 2785 2308 mendacium
2841 2263 2898 2308 et
2964 2255 3235 2309 fallaciam
3311 2272 3539 2310 suorum

1971 2344 2326 2398 consiliorum
2360 2359 2468 2398 non
2492 2345 2686 2410 audet;
2720 2346 2816 2399 sed
2851 2346 3057 2412 denuo,
3088 2348 3356 2399 malarum
3397 2349 3545 2416 cogi-

1969 2436 2236 2490 tatiomun
2277 2436 2456 2490 socios
2484 2437 2684 2492 habere
2716 2439 2947 2507 cupiens
3006 2440 3057 2492 in
3091 2441 3294 2506 seipse,
3328 2447 3380 2491 et
3404 2455 3539 2492 neu-

1969 2529 2170 2595 lorum,
2205 2541 2259 2585 et
2282 2530 2500 2600 pedum,
2527 2529 2889 2602 etdigitorum
2916 2533 3094 2585 medio
3124 2531 3400 2586 simulatis
3429 2546 3540 2582 ma-

1971 2623 2036 2678 lis
2072 2626 2352 2693 operibus,
2395 2626 2474 2679 eis
2498 2625 2591 2695 qui
2627 2629 2820 2681 eadem
2860 2641 2923 2682 ac
2954 2626 3071 2697 ipse
3094 2627 3361 2689 sentiant,
3385 2639 3543 2680 suam

1971 2715 2289 2770 manifestat
2318 2717 2683 2772 voluntatem.

2043 3001 2212 3077 Vsus.
2251 3002 2340 3057 Η.
2375 3000 2546 3058 Corde
2570 3018 2734 3072 pravo
2761 3002 3104 3054 machinatur
3144 3000 3313 3054 mala.
3350 2999 3548 3053 Anima

1972 3110 2001 3149 a
2037 3104 2187 3151 recto
2218 3102 2449 3157 remota,
2485 3094 2674 3164 iniqua
2699 3101 2987 3164 operatur.

2039 3273 2197 3331 Omni
2231 3286 2480 3345 tempore,
2508 3279 2606 3332 iste
2630 3277 2916 3332 seditiones
2956 3277 3158 3331 excitat
3219 3277 3274 3328 in
3321 3276 3551 3329 civitate.

1971 3374 2063 3428 llle
2087 3382 2266 3429 autem
2290 3375 2406 3429 sive
2439 3375 2828 3445 prosperitatis
2856 3375 2973 3428 sive
3011 3373 3344 3427 calamitatis
3408 3380 3551 3423 ιυιη-

1973 3479 2128 3534 pore,
2180 3465 2471 3519 tumultum
2534 3465 2897 3533 cupiditatum
2949 3463 3261 3517 voluntarie
3322 3461 3556 3516 suscitat

1971 3554 2171 3608 animae
2199 3570 2332 3619 suae,
2376 3555 2428 3607 in
2467 3541 2924 3624 qua'constitula
2983 3553 3084 3606 fuit
3113 3554 3336 3606 trinitas
3362 3561 3555 3622 poten-

1971 3649 2171 3701 tiarum
2206 3647 2505 3714 :aquiete,
2570 3645 3055 3716 concupiscibilem
3110 3656 3164 3700 et
3220 3645 3552 3700 irascibilem

1969 3740 2294 3810 excitatope
2333 3740 2746 3805 intellectualis,
2781 3748 2839 3793 ut
2889 3740 3015 3802 illre,
3062 3755 3160 3794 nec
3213 3739 3553 3806 voluptatum

1971 3831 2363 3900 cupiditatibus
2413 3831 2707 3901 imperent,
2750 3846 2854 3886 nec
2886 3832 3104 3886 fortiter
3163 3831 3555 3886 tribulationes

1972 3924 2306 3979 sustineant.

2039 4105 2207 4161 Vens.
2238 4105 2323 4168 15,
2357 4105 2440 4160 l6.
2480 4104 2691 4160 Idcirco
2719 4106 2896 4160 subito
2933 4108 3102 4160 veniet
3124 4106 3362 4175 perditio
3400 4108 3554 4175 ejus;

1972 4200 2212 4270 fractura
2259 4208 2309 4252 et
2349 4197 2628 4251 tribulatio
2653 4216 2755 4252 non
2811 4198 3101 4263 sanabiles,
3151 4202 3276 4267 quia
3339 4198 3557 4251 (artatur

1971 4291 2024 4344 in
2053 4291 2118 4345 iis
2145 4306 2263 4361 qua
2290 4289 2398 4344 odit
2423 4289 2700 4344 Dominus.
2741 4289 2871 4344 Inde
2925 4295 3105 4344 veniet
3141 4291 3237 4342 tibi
3280 4292 3554 4357 insperata
3583 4304 3588 4308 ‘

1971 4379 2300 4444 destructio,
2328 4379 2731 4448 separationem
2758 4381 2954 4434 animae
2983 4395 3219 4450 operans
3248 4396 3276 4432 a
3303 4395 3551 4449 corpm-e,

1970 4480 2026 4526 et
2085 4471 2410 4540 supplicium
2448 4472 2567 4525 sine
2620 4472 2726 4526 [ine
2761 4471 3030 4536 alTereus;
3081 4473 3212 4541 quia
3248 4476 3462 4525 laetatur
3503 4471 3554 4522 in

271 4564 380 4618 οὐκ
430 4561 666 4634 έχουσι·
701 4563 838 4618 διότι
899 4563 1327 4634 ὲπευφραίνεται
1373 4566 1537 4618 πᾶσιν
1567 4559 1647 4627 οἷς
1715 4566 1865 4636 μισεί

1976 4561 2040 4616 iis
2063 4575 2186 4630 quae
2214 4561 2331 4616 odit
2365 4560 2508 4617 Deus
2535 4562 2782 4616 omnium
2823 4563 3111 4626 Dominus,
3147 4571 3199 4616 et
3226 4564 3555 4615 versaturin

272 4661 301 4712 ό
333 4656 556 4708 πάντων
579 4655 860 4722 Δεσπότης
887 4654 1042 4718 Θεὸς,
1070 4655 1162 4707 καὶ
1192 4655 1624 4726 ἀποστρέφεται.

347 4748 819 4818 Συντριδήσεται
836 4747 905 4800 δὲ
937 4747 1012 4801 δι’
1032 4749 1412 4816 ἀκαθαρσίαν
1433 4747 1664 4818 ψυχῆς.
1688 4747 1867 4802 Κολα-

275 4839 542 4910 σθὴσεται
563 4840 630 4905 δ’,
651 4839 727 4903 ὡς
745 4840 986 4911 εἴρηται,
1023 4841 1113 4894 διὰ
1133 4842 1224 4894 τὸν
1249 4845 1313 4895 ὲκ
1332 4842 1426 4896 τοῦ
1462 4842 1724 4915 βορϐόρου
1758 4843 1867 4895 τῶν

274 4932 470 4987 παθῶν
505 4931 785 5001 μολυσμὸν
815 4932 916 5003 τῆς
945 4931 1124 5016 ψὶλχῆς
1150 4933 1367 4988 ἑαυτοῦ.

346 5024 438 5090 ιζ’.
497 5025 841 5096 Ὀφθαλμὸς
899 5027 1210 5096 ὑϐριστοῦ.
1274 5027 1508 5099 Βλέμμα
1565 5027 1870 5100 μεμψιμοί-

274 5135 398 5191 ρου.

344 5209 556 5277 Χεῷες
583 5210 908 5279 ἐκχέουσαι
933 5208 1082 5281 αἷμα
1113 5212 1370 5268 δίκαιον.
1423 5212 1661 5284 ῐῐράξεις
1716 5229 1869 5282 μιαι-

271 5303 429 5374 φόνοι
452 5304 592 5357 κατὰ
621 5305 837 5357 δικαίου
866 5305 1082 5373 ἀνδρός.

347 5401 441 5464 ιη’.
498 5395 726 5463 Καρδία
754 5397 1192 5466 τεκταινομένη
1225 5397 1558 5465 λογισμοὺς
1623 5397 1867 5462 κακούς.

270 5487 497 5540 Διάνοια
525 5489 940 5560 ἑπιτεχνωμένη
968 5488 1212 5559 πονηρὰς
1242 5484 1598 5558 ἐνθυμήσεις.

344 5582 458 5636 Kal
489 5581 675 5650 πόδες
708 5582 1187 5647 ἐπισπεύδοντες
1218 5580 1586 5634 κακοποιεῖν.
1642 5581 1749 5634 Καὶ
1777 5582 1870 5652 ὁρ-

270 5679 378 5748 μαὶ
419 5677 500 5739 είς
538 5676 747 5748 βλάϐην
784 5676 880 5730 106
918 5677 1088 5739 πέλας
1120 5676 1572 5746 ὲπιταχύνουσαι.

343 5768 1018 5836 Ἐξολοθρευθήσοντιιι.
1052 5769 1414 5839 Χωρήσουσιν
1465 5769 1542 5830 εἰς
1591 5765 1869 5822 ἀπώλειαν

274 5860 544 5931 παντελῆ,
583 5861 658 5926 ὡς
679 5861 800 5930 Θεῷ
831 5861 926 5916 καὶ
955 5860 1269 5933 ἀνθρώποις
1298 5860 1623 5932 μισούμενα.

1977 4653 2104 4707 illis.

2047 4745 2956 4815 Contereturignontinia'spiritus.
3023 4745 3087 4798 Et
3143 4748 3288 4801 sicut
3347 4746 3555 4801 dictum

1983 4840 2316 4910 supplicium
2374 4839 2550 4902 dabit,
2587 4849 2813 4909 pr0pter
2862 4840 3061 4894 anima:
3112 4855 3226 4893 sua:
3264 4842 3556 4904 maculam,

1978 4940 2158 4986 ortam
2181 4945 2248 4985 ex
2275 4938 2520 4985 stercore
2553 4933 2945 5001 cupiditatum.

2050 5020 2216 5077 Vnus.
2263 5023 2347 5076 17.
2388 5021 2586 5079 Oculus
2626 5026 2855 5091 superbi.
2892 5023 3100 5078 Oculus
3135 5024 3202 5078 de
3265 5024 3390 5077 aliis
3422 5040 3547 5093 que-

1978 5115 2179 5170 rentis.

2055 5206 2244 5263 Manus
2268 5209 2592 5277 eﬁuudentes
2641 5211 2952 5278 sanguinem
2995 5212 3227 5280 justum.
3293 5211 3561 5266 Actiones

1978 5297 2186 5353 liomini
2221 5299 2370 5369 justo
2405 5310 2633 5354 mortem
2678 5300 2988 5356 afferentes.

2051 5387 2212 5446 Vnus.
2238 5391 2332 5445 ⁸18.
2358 5389 2464 5446 Cor
2508 5393 2818 5447 machinans
2881 5394 3236 5463 cogitationes
3263 5395 3551 5461 pessimus.

1977 5484 2252 5552 Cogitatio
2276 5483 2414 5536 mala
2445 5485 2678 5538 consilia
2716 5485 3066 5540 maeliinans.

2050 5575 2117 5629 Et
2172 5574 2324 5644 pedes
2367 5575 2677 5645 festinantes
2715 5576 2783 5629 ad
2825 5578 3025 5631 malum
3084 5579 3422 5647 faciendum.
3497 5577 3561 5629 Et

1977 5671 2210 5726 consilia
2228 5671 2296 5725 ad
2322 5671 2622 5742 perniciem
2655 5671 2888 5741 proximi
2926 5672 3262 5726 festinantia.

2050 5762 2586 5818 Exterminabuutur.
2665 5762 3049 5833 Properabunt
3113 5764 3179 5818 ad
3263 5763 3561 5832 perfectam

1981 5859 2365 5929 perditionem,
2405 5871 2525 5910 cum
2558 5856 2666 5912 siut
2692 5864 2742 5910 et
2765 5857 3085 5912 licuiinibus
3117 5867 3170 5911 et
3213 5857 3321 5912 lico
3349 5858 3562 5911 odiosa.
3634 5923 3638 5927 η
