4238 6458
696 379 836 441 1275

771 488 934 539 Vens.
980 487 1062 541 19.
1092 486 1253 536 Ardet
1287 484 1428 551 falsa
1460 486 1692 551 injustas
1726 486 1894 539 testis.
1928 485 2124 541 Parum
2158 487 2270 542 ltae-
2304 492 2344 546 Α

2014 380 2363 440 PROCOPII
2398 380 2644 441 GAZsEI

3840 379 3979 443 1276

2448 489 2532 542 ιθ’.
2566 490 2826 543 Ἐκκαίει
2856 461 2929 542 δὲ
2963 486 3162 555 ψευδῆ
3214 485 3446 553 μάρτυς
3501 485 3731 550 ἄδικος.
3771 486 3980 538 ’Υπανσ

697 588 780 629 τρι
826 578 1056 644 judiciis
1123 591 1227 627 non
1279 577 1442 639 veris,
1494 575 1540 627 is
1597 575 1689 641 qui
1768 578 1893 631 aliis
1955 577 2164 644 judicia
2216 578 2260 630 dt

2386 577 2548 630 άπτει
2579 578 2634 630 δέ
2693 580 2949 640 ὑπονοίας
3006 578 3110 630 οὑκ
3160 576 3382 642 ἀληθεῖς
3426 579 3454 629 ὁ
3488 574 3978 644 ἐπιδεδαιούμενός

697 669 949 735 proximo
979 669 1285 721 secundum
1352 672 1562 719 rectam
1627 668 2088 733 existimationem
2136 667 2282 725 amr-

769 848 1007 902 Semina!
1067 849 1330 916 jurgiain
1372 852 1539 900 melius
1581 850 1838 916 fratrum.
1879 851 1943 906 Et
1999 853 2130 909 inde
2192 869 2281 909 se-

696 942 867 993 minat
896 940 1205 994 discordias
1233 941 1375 994 inter
1406 940 1607 995 fratres
1642 941 1788 996 inter
1822 958 1883 997 se
1914 943 1966 996 in
2006 959 2142 1014 pace
2192 945 2279 999 vi-

694 1042 902 1084 ventes.

764 1120 932 1175 Vens.
961 1120 1051 1173 9.0.
1086 1120 1376 1182 Couserra,
1411 1122 1494 1189 [ili
1538 1123 1630 1183 mi,
1671 1133 1932 1189 pra’cepta
1960 1128 2130 1192 patris
2171 1128 2271 1179 tui.

694 1211 999 1278 l"ili,quem
1057 1214 1260 1267 divinis
1331 1214 1604 1268 doctrinis
1664 1215 2026 1284 spiritualiter
2067 1221 2271 1277 nutrio.

692 1306 1192 1372 mstmtipvzecepta
1226 1305 1317 1358 Dei
1350 1306 1693 1377 scripta,qui
1750 1320 1847 1375 per
1912 1308 2027 1363 haec
2074 1317 2127 1363 te
2177 1326 2275 1380 pro

693 1395 802 1443 lilio
829 1394 1002 1453 armis
1030 1396 1330 1464 aIIOptavit.

766 1482 845 1535 λἰι
876 1490 1120 1537 ruminas
1154 1486 1291 1553 leges
1322 1490 1509 1541 multis
1552 1500 1676 1545 tum.
1704 1488 1768 1542 Et
1805 1505 1873 1543 ne
1905 1491 2178 1553 dimittas,
2207 1493 2274 1547 ab

688 1581 932 1629 omnium
965 1591 1212 1642 ain-tore,
1245 1582 1296 1631 iu
1331 1581 1612 1632 hominum
1671 1591 1868 1633 natura
1908 1584 2117 1651 positas
2180 1598 2272 1636 sa-

688 1666 907 1732 pientia:
953 1670 1119 1736 leges,
1163 1684 1285 1737 quie
1331 1678 1462 1722 sunt
1521 1673 1652 1739 ipsa:
1702 1671 1902 1726 divinae
1931 1674 2269 1736 voluntates,

688 1759 990 1811 secundum
1031 1775 1168 1826 quas
1212 1762 1396 1813 omnia
1433 1760 1579 1815 facta
1625 1770 1777 1823 sunt,
1809 1758 1863 1817 et
1894 1771 2048 1818 utere
2075 1773 2275 1834 poten-

688 1847 801 1909 tiis,
840 1849 938 1901 tibi
979 1850 1043 1903 ad
1078 1854 1420 1920 operandum
1464 1854 1669 1907 bonum
1702 1856 2007 1911 concessis.

752 2043 917 2100 Vrsas.
951 2046 1040 2100 2|.
1078 2047 1209 2118 Liga
1233 2066 1322 2102 eas
1355 2051 1406 2102 in
1464 2053 1623 2103 corde
1647 2061 1738 2105 tuo
1763 2051 1985 2121 iugiter.
2015 2052 2145 2124 Liga
2177 2069 2276 2122 per

682 2135 937 2190 allectum
965 2140 1117 2192 cordi
1148 2148 1263 2198 tuo,
1292 2140 1345 2192 in
1376 2141 1524 2193 onmi
1555 2144 1662 2194 vita
1698 2150 1817 2204 tua,
1854 2157 2155 2198 sermones
2175 2145 2270 2212 qui

683 2229 877 2280 intota
911 2228 1026 2298 lege
1054 2230 1262 2299 Scripta
1285 2242 1337 2283 et
1369 2232 1608 2285 naturali
1662 2233 2047 2295 inveniuntur,
2074 2249 2169 2290 eos
2202 2235 2271 2290 ad

681 2323 1027 2378 altitudinem
1052 2323 1359 2394 spiritualis
1399 2326 1889 2396 contemplationis
1939 2329 2190 2386 elevans.

748 2502 1041 2559 Circumda
1096 2522 1185 2561 eas
1243 2509 1454 2577 gutturi
1511 2521 1625 2564 tuo.
1668 2509 1803 2581 Liga
1862 2526 1959 2566 eos
2028 2514 2269 2579 fortiter,

678 2602 943 2665 tanquam
981 2600 1203 2663 nmnile,
1239 2603 1499 2669 potentiae
1553 2604 1788 2672 spiritus
1836 2605 1914 2657 tui
1988 2608 2267 2670 rationali,

677 2705 799 2757 quae
835 2692 1083 2745 scientiae
1118 2694 1381 2759 adhaeret,
1416 2696 1560 2748 sicut
1594 2712 1691 2765 per
1723 2698 1925 2750 collum
1970 2698 2141 2768 capiti
2177 2716 2269 2752 rc-

679 2780 891 2851 quunm
926 2782 1169 2837 adhaeret
1224 2796 1546 2854 corpus;et
1589 2787 1700 2841 illis
1757 2789 2028 2842 rationem
2088 2791 2266 2858 muni,

678 2884 736 2927 ut
754 2875 976 2927 virtutis
999 2873 1274 2930 defectum
1294 2885 1347 2932 et
1370 2892 1658 2933 excessum
1690 2879 1916 2933 devitet.

2382 684 2529 731 τινος
2570 670 2669 731 τὰς
2694 669 2846 737 παρὰ
2874 670 2974 736 τὴν
3013 666 3180 737 ὀρθὴν
3234 666 3419 736 κρίσιν
3473 667 3603 737 περὶ
3662 665 3757 719 τοῦ
3803 666 3979 730 πέλας

2385 759 2705 828 ὑπολήψεις.

2453 851 2561 903 Καὶ
2598 850 2918 917 ἐπιπέμπει
2976 851 3208 917 κρίσεις
3271 849 3388 903 ἀνὰ
3428 847 3627 915 μέσον
3664 845 3973 917 ἀδελφῶν.

2382 939 2491 991 Kal
2515 941 2814 1008 ἐπαφίησιν
2836 941 3089 994 ἐντεῦθεν
3121 940 3305 1011 ἐριδας
3339 938 3545 1009 μεταξὺ
3570 938 3679 991 τῶν
3716 939 3852 1009 πρὸς
3876 938 3977 991 ἀλ-

2380 1032 2575 1101 λήλους
2596 1035 2971 1102 ὁμονοούντων
2996 1034 3299 1103 ὁμογενῶν.

2450 1131 2519 1178 κ’.
2561 1125 2671 1185 ΥΙὲ,
2703 1126 2988 1192 φύλασσε
3020 1126 3248 1193 νόμους
3298 1125 3525 1191 πατρός
3551 1138 3694 1176 σου.
3739 1121 3973 1182 Τέκνον,

2377 1209 2406 1262 δ
2432 1213 2542 1273 τοῖς
2556 1211 2726 1274 θείοις
2756 1213 2897 1266 κατὰ
2926 1213 3107 1283 ψυχὴν
3148 1214 3403 1283 ἐκτρέφω
3443 1213 3765 1280 διδάγμασι,
3810 1211 3976 1279 τήρει

2379 1300 2476 1365 τὰς
2500 1303 2558 1354 ὲν
2587 1306 2651 1371 τῇ
2683 1304 2872 1375 Γραφῇ
2898 1303 3116 1368 ἐντολὰς
3139 1304 3235 1358 τοῦ
3261 1306 3350 1359 διὰ
3379 1304 3589 1358 τούτων
3612 1321 3672 1357 σε
3703 1302 3845 1356 κατὰ
3871 1302 3977 1371 χά-

2380 1409 2465 1461 ριν
2488 1392 2855 1455 υίοθετοῦντος
2887 1393 3026 1447 Θεοῦ
3039 1436 3051 1447 .

2446 1486 2553 1539 Καὶ
2580 1487 2666 1553 μὴ
2688 1485 2905 1553 ἀπὼσῃ
2960 1486 3224 1556 θεσμοὺς
3266 1490 3499 1555 μητρός
3544 1501 3686 1539 σου.
3748 1486 3858 1537 Καὶ
3894 1484 3975 1553 μὴ

2376 1576 2681 1646 ἀποπέμψῃ
2706 1578 2832 1639 τοὺς
2859 1578 3117 1639 τεθέντας
3147 1580 3205 1630 ἐν
3240 1582 3306 1647 τῇ
3343 1578 3505 1647 φύσει
3556 1578 3664 1628 τῶν
3691 1577 3828 1628 ὅλων
3860 1592 3972 1628 πα-

2380 1666 2446 1734 ρὰ
2470 1666 2570 1733 τῆς
2598 1667 2819 1720 πάντων
2846 1668 3025 1728 αίτίας
3052 1667 3250 1736 σοφίας
3302 1667 3517 1733 λόγους,
3550 1665 3604 1716 οἴ
3634 1666 3774 1717 είσιν
3825 1663 3978 1716 αὑτᾶ

2376 1758 2443 1810 τὰ
2468 1758 2587 1810 οεῖα
2623 1758 2925 1828 θελήματα,
2956 1759 3079 1813 καθ’
3116 1759 3153 1812 ἃ
3182 1760 3251 1812 τὰ
3280 1759 3458 1811 πάντα
3513 1756 3797 1823 γεγόνασι,
3848 1757 3979 1816 ταῖς

2377 1852 2513 1922 πρὸς
2542 1854 2806 1923 ἐργασίαν
2835 1853 2930 1905 τοῦ
2962 1852 3129 1906 καλοῦ
3154 1853 3423 1915 δοθείσαις
3456 1868 3540 1905 σοι
3564 1852 3832 1920 δυνάμεσι
3861 1865 3979 1903 παο

2380 1962 2481 2014 ραχ
2490 1945 2756 2014 ρώμενος.

2449 2042 2554 2089 κα’.
2590 2037 2862 2104 "Aspero-at
2892 2037 2962 2089 δὲ
2998 2036 3224 2103 αὐτοὺς
3271 2036 3371 2089 ἐπὶ
3395 2035 3482 2104 σῇ
3506 2034 3683 2104 ψυχῇ
3717 2034 3979 2087 (Statar-

2374 2129 2498 2193 τός.
2535 2127 2915 2198 Ἐκκρέμασον
2947 2130 3003 2183 δὲ
3033 2130 3258 2192 τούτους
3293 2131 3421 2192 τοὺς
3456 2130 3513 2181 ἐν
3548 2128 3646 2198 ὅλῃ
3681 2130 3747 2197 τῇ
3775 2127 3976 2198 Γραφῇ

2374 2220 2470 2271 καὶ
2501 2222 2568 2288 τῇ
2606 2219 2767 2288 φύσει
2796 2220 3013 2287 λόγους,
3036 2221 3157 2274 καθ’
3191 2219 3304 2285 ἕξιν
3340 2223 3399 2273 ἐν
3431 2225 3497 2291 τῇ
3527 2221 3674 2291 ψυχῇ
3713 2236 3809 2273 σου
3840 2219 3980 2289 παρ’

2372 2310 2503 2381 ὃλην
2527 2328 2625 2395 σου
2653 2312 2751 2382 τὴν
2782 2310 2929 2382 ζωὴν
2981 2312 3194 2382 ἀνέχων
3240 2312 3439 2376 αὑτοὺς
3471 2312 3551 2383 τῷ
3580 2311 3706 2381 ὕψει
3755 2310 3857 2381 τῆς
3914 2311 3979 2366 ἐν

2374 2405 2650 2474 πνεύματι
2682 2405 2942 2477 θεωρίας.

2444 2498 2555 2551 Kal
2576 2499 2935 2567 ἐγκλοίωσαι
2968 2496 3100 2565 περὶ
3145 2496 3236 2562 σῷ
3257 2497 3563 2565 τραχήλῳ.
3602 2496 3713 2549 Kal
3742 2496 3979 2567 περίθες

2372 2589 2571 2651 αὐτοὺς
2606 2587 2726 2641 κατ’
2751 2588 3035 2658 ἐνέργειαν
3059 2586 3134 2650 ὥς
3155 2604 3279 2640 τινα
3303 2588 3504 2651 κλοιὸν,
3528 2586 3605 2656 τῷ
3639 2587 3979 2642 συνάπτοντι

2372 2681 2471 2751 τὴν
2496 2679 2748 2749 αἴσθησιν
2768 2679 2845 2749 τῷ
2875 2678 2980 2743 νοτ,
3011 2678 3087 2742 ὡς
3121 2678 3394 2748 τράχηλος
3419 2680 3485 2749 τῇ
3518 2676 3730 2747 κεφαλῇ
3765 2678 3828 2729 τὸ
3856 2678 3979 2731 λοι-

2371 2774 2474 2825 πὸν
2505 2772 2666 2842 σῶμα
2690 2771 2983 2840 λογιστικῷ
3047 2786 3181 2823 σου’
3242 2769 3788 2839 κατασφαλιζόμενος
3846 2769 3980 2823 τού-

2371 2882 2484 2928 τοις
2536 2864 2692 2928 αὐτὸ,
2753 2864 2895 2918 ὥστε
2936 2864 3009 2934 μὴ
3043 2862 3365 2931 διαφεύγειν
3413 2861 3514 2933 τὴν
3576 2863 3779 2933 ἀρετὴν
3844 2867 3977 2917 κατ’

2371 2958 2609 3028 ἔλλειψιν
2639 2959 2671 3028 ἢ
2698 2960 2821 3013 καθ’
2846 2958 3175 3029 ὑπερϐολήν.

750 3052 913 3111 νειιε.
947 3054 1035 3109 22.
1070 3055 1205 3111 Cum
1267 3059 1646 3123 ambulaverit,
1705 3061 1843 3130 a/fer
1890 3063 2011 3126 illa,
2062 3071 2110 3117 et
2162 3065 2260 3118 sint

2444 3049 2550 3118 κβ’.
2599 3050 2801 3103 Ἡνίκα
2826 3048 2905 3102 ἂν
2930 3047 3285 3117 περιπατῇς,
3343 3050 3575 3118 ἐπάγον
3615 3050 3836 3117 αὐτὴν,
3867 3053 3977 3105 και

680 3157 874 3200 tecum.
899 3149 1131 3214 Quando
1159 3167 1257 3219 per
1284 3153 1558 3206 actionem
1594 3155 1858 3221 moveris,
1890 3154 2026 3209 alIer
2058 3164 2265 3223 tecum,

675 3237 822 3291 inani
856 3254 978 3306 qua:
1014 3240 1066 3293 in
1094 3247 1211 3295 tota
1241 3240 1528 3312 Scriptura
1561 3253 1613 3297 ct
1643 3253 1841 3298 natura
1886 3247 2097 3316 scripta
2158 3256 2266 3312 est,

676 3331 876 3400 legent,
908 3347 972 3387 ea
1001 3349 1123 3403 quae
1156 3334 1271 3388 hare
1306 3339 1569 3407 proponit
1620 3352 1824 3408 agens;
1859 3347 1912 3393 et
1953 3349 2134 3394 tecum
2196 3343 2269 3397 sit

674 3440 915 3493 semper,
945 3435 996 3480 te
1032 3441 1059 3479 a
1096 3428 1264 3482 rebus
1292 3428 1490 3481 animze
1568 3429 1870 3497 perniciem
1904 3430 2268 3490 all'erentihus

671 3526 953 3583 avertens,
995 3526 1050 3573 et
1088 3518 1153 3573 ad
1186 3520 1306 3589 ejus
1342 3520 2075 3578 salvationcmconducens.

743 3807 877 3862 Cum
910 3809 1218 3873 dormieris,
1247 3813 1553 3869 custodiant
1591 3825 1659 3880 te,
1686 3826 1731 3870 et
1764 3832 1882 3870 cum
1908 3819 2262 3889 evigilareris,

2368 3141 2519 3212 μετὰ
2542 3142 2659 3195 σοῦ
2679 3142 2855 3196 ἔστω.
2899 3141 3132 3195 Ὀπόταν
3184 3145 3307 3209 κινῇ
3341 3144 3463 3196 κατ’
3499 3142 3807 3212 ἐνέργειαν,
3848 3144 3977 3198 ἐπι-

2373 3235 2544 3305 φέρου
2578 3234 2784 3303 ταύτην
2813 3233 2914 3304 τὴν
2945 3234 3011 3286 ἐν’
3031 3234 3130 3306 ὅλῃ
3150 3236 3215 3304 τῇ
3256 3232 3382 3305 θείᾳ
3411 3234 3606 3303 Γραφῇ
3654 3234 3748 3286 καὶ
3770 3235 3841 3303 τῇ
3871 3234 3981 3303 φύ-

2375 3344 2457 3380 σει
2492 3328 2961 3399 κατεσπαρμένην
2986 3326 3338 3397 νομοθεσίαν,
3373 3330 3559 3381 ἐκεῖνα
3585 3326 3755 3379 ποιῶν
3812 3326 3971 3397 ἅπερ

2370 3419 2513 3487 αὕτη
2571 3437 2654 3473 σοι
2690 3419 2981 3490 ὑποτίθησι
3012 3435 3025 3449 °
3058 3420 3152 3472 καὶ
3199 3419 3446 3471 συνέστω
3482 3435 3565 3471 σοι
3609 3418 3699 3471 διὰ
3739 3417 3975 3481 παντὸς,

2370 3510 2760 3580 ἁποτρέπουσα
2815 3509 2917 3579 μέν
2949 3524 3007 3561 σε
3052 3508 3162 3561 ἀπὸ
3207 3508 3318 3560 τῶν
3380 3507 3803 3577 λυμαινομένων
3876 3524 3978 3560 σου

2368 3606 2435 3673 τῇ
2462 3603 2633 3674 ψυχῇ,
2698 3599 3089 3673 προτρέπουσα
3120 3601 3177 3654 δέ
3213 3600 3351 3671 πρὸς
3406 3601 3477 3653 τὰ
3528 3601 3738 3670 ταύτης
3790 3602 3978 3672 σωτήο

2374 3712 2486 3767 ρια.

2455 3808 2550 3875 Ὠς
2577 3808 2630 3861 δ’
2651 3809 2729 3863 ἂν
2758 3808 3079 3877 καθεύδῃς,
3145 3807 3524 3878 φυλασσέτω
3547 3822 3643 3871 σε,
3674 3808 3777 3859 ἵνα
3820 3808 3975 3876 ἐγειο

671 3913 841 3953 locum
875 3904 1148 3973 loquatur.
1182 3904 1417 3971 Quando
1450 3909 1583 3962 nihil
1617 3908 1777 3974 lacis,
1806 3912 1875 3965 ab
1901 3914 2053 3966 omni
2075 3913 2260 3969 fallaci

2369 3901 2596 3971 ρομένῳ
2626 3900 2917 3970 συλλαλῇ
2940 3917 3057 3956 σοι.
3094 3902 3239 3964 Ἕως
3270 3901 3315 3953 δ’
3347 3901 3414 3953 ἂν
3442 3901 3765 3969 ἀπρακτῇς,
3800 3903 3979 3972 τηρή.

670 3994 911 4055 theoria,
962 4005 1015 4047 et
1063 3996 1257 4064 iniqua
1318 4001 1774 4067 concupiscentia
1835 4010 1887 4055 te
1928 4005 2259 4061 custodiat:

668 4084 893 4150 quando
951 4085 1018 4138 ad
1064 4088 1340 4142 actionem
1406 4092 1744 4155 surrexeris,
1798 4093 1953 4147 utilia
1988 4108 2265 4167 proponat

668 4178 791 4241 tibi,
836 4188 892 4232 ut
924 4180 1314 4236 absconditum
1348 4185 1581 4253 spiritus
1616 4187 1847 4259 tuierga
1878 4204 1941 4243 ea
1980 4188 2259 4259 allectum,

668 4269 843 4337 signis
884 4272 1149 4338 practicis
1177 4275 1466 4329 ostendas.

742 4468 906 4526 Vens.
959 4471 1051 4527 25.
1117 4472 1185 4527 Ut
1249 4476 1481 4543 lampas,
1532 4491 1801 4548 pra'cepta
1844 4482 1999 4551 legis.
2043 4481 2258 4539 Idcirco

665 4572 1001 4633 pra-ceptum
1037 4567 1172 4638 legis
1194 4567 1396 4623 divinae
1432 4580 1541 4625 tam
1580 4572 1988 4643 scriptzequam
2028 4587 2261 4630 natura-

666 4656 753 4721 lis,
804 4668 860 4711 ut
907 4659 1141 4730 lampas,
1208 4672 1517 4720 nocturnas
1592 4667 1961 4736 cupiditatum
2000 4670 2260 4727 tenebras

659 4750 837 4815 pellit.

741 4861 805 4915 L't
832 4864 949 4924 lux,
982 4874 1031 4917 et
1089 4868 1173 4919 via
1213 4869 1354 4921 ritw.
1389 4867 1458 4923 Ut
1502 4871 1590 4924 lux
1623 4871 1761 4927 solis
1788 4874 2040 4943 justitize,
2069 4890 2256 4931 veram

663 4972 847 5011 rerum
885 4960 1137 5013 notitiam
1168 4961 1262 5015 dat
1297 4979 1309 5015 :
1368 4972 1422 5018 ct
1456 4975 1511 5018 ιιι
1538 4974 1683 5020 recta
1714 4968 1819 5028 via,
1862 4982 1959 5038 per
1992 4949 2254 5024 virtutem

659 5058 713 5104 ct
755 5053 1075 5115 scientiam,
1135 5053 1369 5124 impellit
1432 5057 1482 5110 in
1537 5056 1704 5112 vitam
1741 5060 2072 5131 spiritalem,
2136 5079 2259 5135 qua:

657 5151 747 5198 est
769 5143 1074 5200 secundum
1108 5146 1367 5217 spiritum
1398 5155 1453 5203 et
1475 5149 1728 5206 verbum.

732 5346 897 5404 Vens.
933 5348 1026 5405 24.
1068 5350 1371 5421 Increpatio
1400 5362 1449 5408 et
1468 5354 1777 5423 disciplina,
1823 5367 1881 5411 ut
1940 5358 2257 5413 custodiant

655 5452 703 5493 te
747 5457 781 5493 a
812 5443 1213 5499 calumniatrici
1255 5446 1438 5518 lingua
1485 5457 1768 5504 extranea.
1799 5449 1896 5505 Est
1933 5450 2255 5507 manifesta-

657 5534 735 5583 tio
770 5533 1043 5588 malorum
1079 5547 1405 5607 operum,et
1446 5540 1789 5597 laboriosum
1821 5542 1948 5597 vita:
1983 5557 2161 5613 genus
2186 5542 2255 5599 ad

658 5623 861 5679 bonum
933 5643 1027 5698 per
1088 5633 1509 5700 temperantiam
1550 5652 1561 5687 :
1638 5644 1698 5689 ut
1729 5650 1758 5689 a
1807 5637 1962 5707 gravi
2004 5636 2257 5691 Inachiae

655 5721 1012 5776 accusatione
1043 5730 1096 5777 te
1123 5725 1437 5790 custodias,
1462 5734 1516 5781 et
1551 5727 1621 5782 ab
1679 5727 2059 5799 increpatione
2087 5728 2254 5783 hete-

658 5813 847 5867 rml0\i
891 5812 1151 5883 hominis,
1181 5819 1275 5889 qui
1340 5821 1522 5875 omnia
1555 5829 1645 5875 tua
1708 5829 1921 5877 attente
1958 5821 2253 5889 observat,

2366 4014 2443 4049 τω
2471 4013 2530 4049 σε
2563 3995 2676 4049 ἀπὸ
2704 3997 2884 4067 πάσης
2912 3996 3201 4065 ἁπατηλῆς
3228 3994 3461 4065 θεωρίας
3499 3994 3594 4046 καὶ
3652 3997 3976 4064 παραλόγου

2366 4088 2601 4159 ὀρέξεως
2637 4104 2650 4117 ·
2708 4089 2859 4150 ὅπως
2914 4090 3009 4141 καὶ
3055 4088 3193 4158 πρὸς
3240 4086 3511 4156 ἐργασίαν
3566 4084 3977 4157 διανισταμένῳ

2367 4181 2598 4252 ὑποτιθῇ
2625 4198 2707 4234 σοι
2739 4182 2811 4235 τὰ
2838 4183 3109 4252 χρήσιμα,
3137 4180 3237 4248 τὴν
3272 4180 3406 4250 περὶ
3446 4179 3623 4232 ταῦτα
3662 4180 3766 4249 τῆς
3791 4181 3977 4253 ψυχῆς

2368 4292 2461 4327 σου
2490 4274 2883 4344 κεκρυμμένην
2896 4274 3160 4338 διάθεσιν,
3182 4271 3411 4343 τρόποις
3436 4275 3767 4343 πρακτικοῖς
3785 4276 3975 4342 ἀπαγ-

2367 4365 2634 4434 γέλλοντι.

2438 4479 2543 4548 κγ’.
2580 4480 2709 4534 ’Ότι
2772 4481 3008 4551 λύχνος
3062 4477 3285 4545 ἐντολὴ
3338 4478 3553 4547 νόμου.
3593 4479 3740 4531 Aio-ct
3770 4480 3835 4532 τὺ
3861 4480 3974 4533 διά.

2365 4585 2555 4639 ταγμα
2576 4570 2674 4639 τῆς
2707 4570 2765 4623 ὲν
2795 4569 2892 4639 ὅλῃ
2923 4571 2986 4639 τῇ
3022 4566 3214 4637 Γραφῇ
3266 4566 3361 4618 καὶ
3400 4570 3467 4637 τῇ
3504 4567 3667 4635 φύσει
3703 4566 3862 4632 θείας
3890 4588 3973 4622 νου

2368 4661 2650 4731 μοθεσίας,
2703 4656 2794 4714 οἷα
2846 4660 2946 4730 μέν
2987 4677 3072 4724 τις
3117 4657 3313 4729 λυχνία
3344 4656 3463 4711 λύει
3499 4662 3602 4731 τὴν
3634 4665 3976 4733 νυκτερινὴν

2363 4752 2536 4823 ἀχλὺν
2563 4752 2672 4805 τῶν
2696 4752 2912 4807 παοῶν.

2433 4865 2543 4919 Kal
2572 4864 2720 4935 φῶς,
2752 4866 2851 4919 καὶ
2887 4867 3027 4934 ὁδὸς
3081 4866 3248 4935 ζωῆς.
3311 4862 3415 4923 υἷα
3445 4867 3502 4920 δὲ
3536 4866 3651 4935 φῶς
3705 4868 3807 4921 τοῦ
3872 4870 3971 4939 τῆς

2361 4956 2713 5028 δικαιοσύνης
2781 4956 2988 5021 Ἠλίου,
3041 4960 3139 5031 τὴν
3189 4958 3363 5030 ἀληθῆ
3400 4958 3511 5013 τῶν
3550 4959 3723 5011 ὄντων
3764 4963 3973 5026 γνῶσιν

2363 5047 2681 5117 χαρίζεται,
2712 5051 2804 5102 καὶ
2830 5050 2904 5113 ὡς
2932 5050 3117 5104 εὐθεῖα
3142 5051 3281 5117 ὁδὸς,
3318 5052 3444 5120 ἄγει
3479 5053 3601 5104 κατ’
3636 5052 3851 5123 ἀρετὴν
3883 5054 3969 5106 καὶ

2361 5142 2565 5213 γνῶσιν
2618 5145 2699 5208 είς
2742 5143 2840 5215 τὴν
2899 5146 3042 5198 κατὰ
3097 5145 3227 5200 νοῦν
3287 5148 3385 5199 καὶ
3427 5145 3588 5214 λόγον
3608 5147 3668 5198 ἐν
3690 5146 3973 5219 πνεύματι

2362 5235 2512 5289 θείαν
2543 5237 2710 5308 ζωήν.

2433 5349 2534 5403 κδ’.
2574 5350 2871 5418 Ἔλεγχος
2918 5351 3019 5405 καί
3051 5350 3292 5406 παιδεία
3348 5351 3455 5407 τοῦ
3507 5352 3977 5421 διαφυλάσσειν

2359 5458 2433 5497 σε
2453 5444 2575 5497 ἀπὸ
2603 5440 2893 5510 διαϐολῆς
2925 5443 3213 5512 γλώσσης
3241 5445 3595 5513 ἀλλοτρίας.
3643 5446 3975 5519 Φανέρωσις

2358 5533 2468 5590 τῶν
2490 5533 2746 5605 πονηρῶν
2770 5534 2950 5605 ἔργων
2974 5537 3113 5600 ἐστὶ,
3140 5537 3234 5589 καὶ
3257 5537 3520 5600 ἐπίπονος
3533 5536 3602 5589 δι’
3626 5538 3974 5607 ἐγκρατείας

2359 5626 2499 5699 πρὸς
2526 5628 2587 5680 τὸ
2617 5626 2824 5696 ἀγαθὸν
2880 5628 3075 5700 ἀγωγή
3104 5645 3117 5659 ·
3167 5628 3312 5682 ὣστε
3358 5628 3642 5700 διατηρεῖν
3672 5646 3733 5681 σε
3768 5630 3885 5683 ἀπό
3913 5647 3972 5683 τε

2360 5722 2455 5776 τοῦ
2488 5721 2798 5794 βαρυτάτου
2838 5724 2936 5795 τῆς
2972 5723 3223 5793 μοιχείας
3275 5723 3654 5794 ἐγκλήματος,
3722 5727 3823 5777 καὶ
3861 5724 3972 5778 ἀπὸ

2367 5817 2568 5881 παντὸς
2599 5816 2771 5888 ψόγου
2802 5818 3118 5889 ἑτεροδόξου
3167 5817 3384 5887 septe,
3417 5816 3827 5887 ὲπιτηροῧντος
3868 5820 3971 5871 tiu
