  <div class='ocr_page' id='page_1' title='image "/cluster/home/n/w/nwhite01/storage/ocr_20150623/87 pt.1/nnc1.0046979824/660.png"; bbox 0 0 4238 6458; ppageno 0'>
   <div class='ocr_carea' id='block_1_1' title="bbox 196 452 344 542">
    <p class='ocr_par' dir='ltr' id='par_1_1' title="bbox 196 452 344 542">
     <span class='ocr_line' id='line_1_1' title="bbox 196 452 344 542; baseline -0.014 0"><span class='ocrx_word' id='word_1_1' title='bbox 196 452 344 542; x_wconf 72' lang='lat' dir='ltr'><strong>iam</strong></span> 
     </span>
    </p>
   </div>
   <div class='ocr_carea' id='block_1_2' title="bbox 1245 475 2403 539">
    <p class='ocr_par' dir='ltr' id='par_1_2' title="bbox 1245 475 2403 539">
     <span class='ocr_line' id='line_1_2' title="bbox 1245 475 2403 539; baseline 0.002 -3"><span class='ocrx_word' id='word_1_2' title='bbox 1245 476 1782 536; x_wconf 78' lang='lat' dir='ltr'><strong>COMMENTARII</strong></span> <span class='ocrx_word' id='word_1_3' title='bbox 1826 475 1906 535; x_wconf 78' lang='lat' dir='ltr'><strong>IN</strong></span> <span class='ocrx_word' id='word_1_4' title='bbox 1947 477 2403 539; x_wconf 82' lang='lat' dir='ltr'><strong>PROVERBIA.</strong></span> 
     </span>
    </p>
   </div>
   <div class='ocr_carea' id='block_1_3' title="bbox 3335 483 3469 545">
    <p class='ocr_par' dir='ltr' id='par_1_3' title="bbox 3335 483 3469 545">
     <span class='ocr_line' id='line_1_3' title="bbox 3335 483 3469 545; baseline 0.015 -2"><span class='ocrx_word' id='word_1_5' title='bbox 3335 483 3469 545; x_wconf 73' lang='grc'><strong>1⁵282</strong></span> 
     </span>
    </p>
   </div>
   <div class='ocr_carea' id='block_1_4' title="bbox 216 588 1811 664">
    <p class='ocr_par' dir='ltr' id='par_1_4' title="bbox 216 588 1793 660">
     <span class='ocr_line' id='line_1_4' title="bbox 216 588 1793 660; baseline -0.003 -15"><span class='ocrx_word' id='word_1_6' title='bbox 216 611 294 645; x_wconf 77' lang='grc' dir='ltr'><strong>σοι</strong></span> <span class='ocrx_word' id='word_1_7' title='bbox 336 590 578 659; x_wconf 74' lang='grc' dir='ltr'>ποίησον,</span> <span class='ocrx_word' id='word_1_8' title='bbox 620 588 710 642; x_wconf 77' lang='grc' dir='ltr'>διὰ</span> <span class='ocrx_word' id='word_1_9' title='bbox 750 588 847 658; x_wconf 81' lang='grc' dir='ltr'>τῆς</span> <span class='ocrx_word' id='word_1_10' title='bbox 881 588 1068 642; x_wconf 80' lang='grc' dir='ltr'>πασῶν</span> <span class='ocrx_word' id='word_1_11' title='bbox 1097 588 1206 642; x_wconf 87' lang='grc' dir='ltr'><strong>τῶν</strong></span> <span class='ocrx_word' id='word_1_12' title='bbox 1237 589 1555 658; x_wconf 81' lang='grc' dir='ltr'><strong>πρακτικῶν</strong></span> <span class='ocrx_word' id='word_1_13' title='bbox 1584 589 1793 660; x_wconf 82' lang='grc' dir='ltr'><strong>ἀρετῶν</strong></span> 
     </span>
    </p>
   </div>
   <div class='ocr_carea' id='block_1_5' title="bbox 1920 588 3463 664">
    <p class='ocr_par' dir='ltr' id='par_1_5' title="bbox 1920 592 3463 664">
     <span class='ocr_line' id='line_1_5' title="bbox 1920 592 3463 664; baseline 0.006 -19"><span class='ocrx_word' id='word_1_14' title='bbox 1920 592 2206 658; x_wconf 67' lang='grc' dir='ltr'>ξοηειειεηι</span> <span class='ocrx_word' id='word_1_15' title='bbox 2241 594 2491 646; x_wconf 90' lang='lat' dir='ltr'><strong>omnium</strong></span> <span class='ocrx_word' id='word_1_16' title='bbox 2526 595 2890 664; x_wconf 88' lang='lat' dir='ltr'><strong>practicarum</strong></span> <span class='ocrx_word' id='word_1_17' title='bbox 2927 597 3186 650; x_wconf 84' lang='lat' dir='ltr'><strong>virtutum</strong></span> <span class='ocrx_word' id='word_1_18' title='bbox 3219 595 3463 654; x_wconf 84' lang='lat' dir='ltr'><strong>dilectio—</strong></span> 
     </span>
    </p>
   </div>
   <div class='ocr_carea' id='block_1_6' title="bbox 212 673 1818 761">
    <p class='ocr_par' dir='ltr' id='par_1_6' title="bbox 212 673 1818 761">
     <span class='ocr_line' id='line_1_6' title="bbox 212 673 1818 761; baseline -0.001 -28"><span class='ocrx_word' id='word_1_19' title='bbox 212 680 586 748; x_wconf 87' lang='grc' dir='ltr'>γενικωτάτης</span> <span class='ocrx_word' id='word_1_20' title='bbox 640 680 860 748; x_wconf 87' lang='grc' dir='ltr'>ἀγάπης</span> <span class='ocrx_word' id='word_1_21' title='bbox 878 693 889 706; x_wconf 85' lang='lat'>&#39;</span> <span class='ocrx_word' id='word_1_22' title='bbox 927 673 1082 749; x_wconf 83' lang='grc' dir='ltr'>δι’ἦς</span> <span class='ocrx_word' id='word_1_23' title='bbox 1103 680 1136 748; x_wconf 80' lang='grc' dir='ltr'>ἡ</span> <span class='ocrx_word' id='word_1_24' title='bbox 1183 681 1320 750; x_wconf 82' lang='grc' dir='ltr'>πρὸς</span> <span class='ocrx_word' id='word_1_25' title='bbox 1349 681 1437 733; x_wconf 65' lang='grc' dir='ltr'><strong>τόν</strong></span> <span class='ocrx_word' id='word_1_26' title='bbox 1466 679 1599 733; x_wconf 82' lang='grc' dir='ltr'>Θεὸν</span> <span class='ocrx_word' id='word_1_27' title='bbox 1617 680 1818 761; x_wconf 42' lang='grc' dir='ltr'>Λόγον.</span> 
     </span>
    </p>
   </div>
   <div class='ocr_carea' id='block_1_7' title="bbox 211 773 785 842">
    <p class='ocr_par' dir='ltr' id='par_1_7' title="bbox 211 773 785 842">
     <span class='ocr_line' id='line_1_7' title="bbox 211 773 785 842; baseline 0 -18"><span class='ocrx_word' id='word_1_28' title='bbox 211 773 402 842; x_wconf 85' lang='grc' dir='ltr'>ἀγάπη</span> <span class='ocrx_word' id='word_1_29' title='bbox 434 773 785 842; x_wconf 71' lang='grc' dir='ltr'><strong>γνωρίζεται.</strong></span> 
     </span>
    </p>
   </div>
   <div class='ocr_carea' id='block_1_8' title="bbox 282 862 1793 933">
    <p class='ocr_par' dir='ltr' id='par_1_8' title="bbox 282 862 1793 933">
     <span class='ocr_line' id='line_1_8' title="bbox 282 862 1793 933; baseline 0.001 -18"><span class='ocrx_word' id='word_1_30' title='bbox 282 871 342 915; x_wconf 83' lang='grc' dir='ltr'>ε’.</span> <span class='ocrx_word' id='word_1_31' title='bbox 375 865 508 917; x_wconf 84' lang='grc' dir='ltr'>Ἵνα</span> <span class='ocrx_word' id='word_1_32' title='bbox 539 879 614 916; x_wconf 83' lang='grc' dir='ltr'><strong>σε</strong></span> <span class='ocrx_word' id='word_1_33' title='bbox 647 862 881 932; x_wconf 82' lang='grc' dir='ltr'><strong>τηρήσῃ</strong></span> <span class='ocrx_word' id='word_1_34' title='bbox 900 863 1018 918; x_wconf 84' lang='grc' dir='ltr'>ἀπὸ</span> <span class='ocrx_word' id='word_1_35' title='bbox 1033 864 1317 933; x_wconf 80' lang='grc' dir='ltr'>γυναικὸς</span> <span class='ocrx_word' id='word_1_36' title='bbox 1340 864 1664 932; x_wconf 76' lang='grc' dir='ltr'><strong>ἀλλοτρίας</strong></span> <span class='ocrx_word' id='word_1_37' title='bbox 1692 863 1793 917; x_wconf 71' lang='grc' dir='ltr'><strong>καί</strong></span> 
     </span>
    </p>
   </div>
   <div class='ocr_carea' id='block_1_9' title="bbox 211 953 1788 1027">
    <p class='ocr_par' dir='ltr' id='par_1_9' title="bbox 211 953 1788 1027">
     <span class='ocr_line' id='line_1_9' title="bbox 211 953 1788 1027; baseline 0.003 -23"><span class='ocrx_word' id='word_1_38' title='bbox 211 953 502 1020; x_wconf 80' lang='grc' dir='ltr'>πονηρᾶς.</span> <span class='ocrx_word' id='word_1_39' title='bbox 525 955 718 1017; x_wconf 85' lang='grc' dir='ltr'><strong>Ὅπως</strong></span> <span class='ocrx_word' id='word_1_40' title='bbox 741 971 798 1007; x_wconf 90' lang='grc' dir='ltr'><strong>σε</strong></span> <span class='ocrx_word' id='word_1_41' title='bbox 831 955 1043 1027; x_wconf 78' lang='grc' dir='ltr'><strong>φυλάξῃ</strong></span> <span class='ocrx_word' id='word_1_42' title='bbox 1070 955 1179 1008; x_wconf 79' lang='grc' dir='ltr'>ἀπὸ</span> <span class='ocrx_word' id='word_1_43' title='bbox 1197 954 1493 1024; x_wconf 76' lang='grc' dir='ltr'><strong>ἐπιθυμίας</strong></span> <span class='ocrx_word' id='word_1_44' title='bbox 1519 956 1642 1023; x_wconf 85' lang='grc' dir='ltr'>τῆς,</span> <span class='ocrx_word' id='word_1_45' title='bbox 1670 955 1788 1008; x_wconf 77' lang='grc' dir='ltr'>κατ’</span> 
     </span>
    </p>
   </div>
   <div class='ocr_carea' id='block_1_10' title="bbox 209 1044 1792 1114">
    <p class='ocr_par' dir='ltr' id='par_1_10' title="bbox 209 1044 1792 1114">
     <span class='ocr_line' id='line_1_10' title="bbox 209 1044 1792 1114; baseline 0 -18"><span class='ocrx_word' id='word_1_46' title='bbox 209 1044 442 1111; x_wconf 72' lang='grc' dir='ltr'>ἔλλειψιν</span> <span class='ocrx_word' id='word_1_47' title='bbox 467 1046 566 1108; x_wconf 78' lang='grc' dir='ltr'>μὲν</span> <span class='ocrx_word' id='word_1_48' title='bbox 596 1045 696 1112; x_wconf 80' lang='grc' dir='ltr'>τῆς</span> <span class='ocrx_word' id='word_1_49' title='bbox 724 1045 1105 1114; x_wconf 84' lang='grc' dir='ltr'><strong>σωφροσύνης,</strong></span> <span class='ocrx_word' id='word_1_50' title='bbox 1154 1044 1335 1114; x_wconf 86' lang='grc' dir='ltr'>ἐώσης</span> <span class='ocrx_word' id='word_1_51' title='bbox 1364 1044 1462 1114; x_wconf 80' lang='grc' dir='ltr'>τὴν</span> <span class='ocrx_word' id='word_1_52' title='bbox 1496 1046 1792 1098; x_wconf 83' lang='grc' dir='ltr'>ἀπόλαυσιν</span> 
     </span>
    </p>
   </div>
   <div class='ocr_carea' id='block_1_11' title="bbox 207 1134 1792 1206">
    <p class='ocr_par' dir='ltr' id='par_1_11' title="bbox 207 1134 1792 1206">
     <span class='ocr_line' id='line_1_11' title="bbox 207 1134 1792 1206; baseline 0.001 -19"><span class='ocrx_word' id='word_1_53' title='bbox 207 1134 298 1187; x_wconf 82' lang='grc' dir='ltr'><strong>τοῦ</strong></span> <span class='ocrx_word' id='word_1_54' title='bbox 325 1135 796 1203; x_wconf 77' lang='grc' dir='ltr'>συναρμοσθέντος</span> <span class='ocrx_word' id='word_1_55' title='bbox 845 1137 984 1205; x_wconf 81' lang='grc' dir='ltr'>αὐτῇ</span> <span class='ocrx_word' id='word_1_56' title='bbox 1010 1135 1170 1204; x_wconf 81' lang='grc' dir='ltr'>λόγου</span> <span class='ocrx_word' id='word_1_57' title='bbox 1210 1136 1352 1189; x_wconf 82' lang='grc' dir='ltr'>κατὰ</span> <span class='ocrx_word' id='word_1_58' title='bbox 1376 1135 1467 1188; x_wconf 81' lang='grc' dir='ltr'>τὸν</span> <span class='ocrx_word' id='word_1_59' title='bbox 1498 1138 1663 1206; x_wconf 83' lang='grc' dir='ltr'>νόμον</span> <span class='ocrx_word' id='word_1_60' title='bbox 1690 1137 1792 1204; x_wconf 80' lang='grc' dir='ltr'>τῆς</span> 
     </span>
    </p>
   </div>
   <div class='ocr_carea' id='block_1_12' title="bbox 206 1224 1796 1296">
    <p class='ocr_par' dir='ltr' id='par_1_12' title="bbox 206 1224 1796 1296">
     <span class='ocr_line' id='line_1_12' title="bbox 206 1224 1796 1296; baseline 0.004 -21"><span class='ocrx_word' id='word_1_61' title='bbox 206 1224 561 1293; x_wconf 75' lang='grc' dir='ltr'>ἀνθρωπίνης</span> <span class='ocrx_word' id='word_1_62' title='bbox 594 1225 831 1292; x_wconf 90' lang='grc' dir='ltr'>φύσεως,</span> <span class='ocrx_word' id='word_1_63' title='bbox 884 1227 977 1278; x_wconf 76' lang='grc' dir='ltr'>καὶ</span> <span class='ocrx_word' id='word_1_64' title='bbox 1007 1225 1222 1296; x_wconf 81' lang='grc' dir='ltr'>ἐρώσης</span> <span class='ocrx_word' id='word_1_65' title='bbox 1253 1227 1549 1279; x_wconf 83' lang='grc' dir='ltr'>ἀπολαύειν</span> <span class='ocrx_word' id='word_1_66' title='bbox 1596 1228 1796 1282; x_wconf 81' lang='grc' dir='ltr'>ἀκολά-</span> 
     </span>
    </p>
   </div>
   <div class='ocr_carea' id='block_1_13' title="bbox 209 1320 1793 1392">
    <p class='ocr_par' dir='ltr' id='par_1_13' title="bbox 209 1320 1793 1392">
     <span class='ocr_line' id='line_1_13' title="bbox 209 1320 1793 1392; baseline 0.003 -22"><span class='ocrx_word' id='word_1_67' title='bbox 209 1336 350 1381; x_wconf 83' lang='grc' dir='ltr'>στως</span> <span class='ocrx_word' id='word_1_68' title='bbox 385 1320 484 1386; x_wconf 76' lang='grc' dir='ltr'>τῆς</span> <span class='ocrx_word' id='word_1_69' title='bbox 515 1320 829 1383; x_wconf 83' lang='grc' dir='ltr'>πολυειδοῦς</span> <span class='ocrx_word' id='word_1_70' title='bbox 863 1320 981 1372; x_wconf 86' lang='grc' dir='ltr'>κατ’</span> <span class='ocrx_word' id='word_1_71' title='bbox 1015 1321 1268 1390; x_wconf 77' lang='grc' dir='ltr'>αἴσθησιν</span> <span class='ocrx_word' id='word_1_72' title='bbox 1299 1321 1636 1392; x_wconf 79' lang='grc' dir='ltr'>προσκαίρου</span> <span class='ocrx_word' id='word_1_73' title='bbox 1667 1322 1793 1391; x_wconf 83' lang='grc' dir='ltr'>ἠδο-</span> 
     </span>
    </p>
   </div>
   <div class='ocr_carea' id='block_1_14' title="bbox 207 1410 1793 1484">
    <p class='ocr_par' dir='ltr' id='par_1_14' title="bbox 207 1410 1793 1484">
     <span class='ocr_line' id='line_1_14' title="bbox 207 1410 1793 1484; baseline 0.001 -23"><span class='ocrx_word' id='word_1_74' title='bbox 207 1414 327 1477; x_wconf 76' lang='grc' dir='ltr'>νῆς,</span> <span class='ocrx_word' id='word_1_75' title='bbox 360 1411 484 1463; x_wconf 80' lang='grc' dir='ltr'>καθ’</span> <span class='ocrx_word' id='word_1_76' title='bbox 503 1410 879 1482; x_wconf 78' lang='grc' dir='ltr'>ὑπερϐολὴνδέ</span> <span class='ocrx_word' id='word_1_77' title='bbox 898 1412 1093 1475; x_wconf 84' lang='grc' dir='ltr'>πόνους</span> <span class='ocrx_word' id='word_1_78' title='bbox 1116 1410 1331 1482; x_wconf 89' lang='grc' dir='ltr'>ἐρώσης</span> <span class='ocrx_word' id='word_1_79' title='bbox 1348 1411 1472 1475; x_wconf 79' lang='grc' dir='ltr'>τοὺς</span> <span class='ocrx_word' id='word_1_80' title='bbox 1493 1413 1632 1466; x_wconf 83' lang='grc' dir='ltr'>κατὰ</span> <span class='ocrx_word' id='word_1_81' title='bbox 1648 1411 1793 1484; x_wconf 83' lang='grc' dir='ltr'>[τὴν]</span> 
     </span>
    </p>
   </div>
   <div class='ocr_carea' id='block_1_15' title="bbox 207 1502 1794 1573">
    <p class='ocr_par' dir='ltr' id='par_1_15' title="bbox 207 1502 1794 1573">
     <span class='ocr_line' id='line_1_15' title="bbox 207 1502 1794 1573; baseline 0.002 -20"><span class='ocrx_word' id='word_1_82' title='bbox 207 1502 317 1553; x_wconf 77' lang='grc' dir='ltr'>ἀπὸ</span> <span class='ocrx_word' id='word_1_83' title='bbox 349 1502 455 1554; x_wconf 89' lang='grc' dir='ltr'><strong>τῶν</strong></span> <span class='ocrx_word' id='word_1_84' title='bbox 486 1503 658 1571; x_wconf 77' lang='grc' dir='ltr'>ἡδέων</span> <span class='ocrx_word' id='word_1_85' title='bbox 699 1502 965 1571; x_wconf 74' lang='grc' dir='ltr'>ὴλιθιώδη</span> <span class='ocrx_word' id='word_1_86' title='bbox 995 1502 1348 1572; x_wconf 82' lang='grc' dir='ltr'>ἐγκράτειαν,</span> <span class='ocrx_word' id='word_1_87' title='bbox 1378 1503 1453 1565; x_wconf 91' lang='grc' dir='ltr'><strong>ώς</strong></span> <span class='ocrx_word' id='word_1_88' title='bbox 1488 1504 1794 1573; x_wconf 86' lang='grc' dir='ltr'>μωραίνου-</span> 
     </span>
    </p>
   </div>
   <div class='ocr_carea' id='block_1_16' title="bbox 208 1585 1800 1659">
    <p class='ocr_par' dir='ltr' id='par_1_16' title="bbox 208 1585 1800 1659">
     <span class='ocr_line' id='line_1_16' title="bbox 208 1585 1800 1659; baseline 0 -17"><span class='ocrx_word' id='word_1_89' title='bbox 208 1609 309 1642; x_wconf 91' lang='grc' dir='ltr'><strong>σαν</strong></span> <span class='ocrx_word' id='word_1_90' title='bbox 335 1592 394 1642; x_wconf 88' lang='grc' dir='ltr'><strong>ἐν</strong></span> <span class='ocrx_word' id='word_1_91' title='bbox 417 1590 494 1659; x_wconf 83' lang='grc' dir='ltr'>τῷ</span> <span class='ocrx_word' id='word_1_92' title='bbox 531 1590 605 1659; x_wconf 84' lang='grc' dir='ltr'>μὴ</span> <span class='ocrx_word' id='word_1_93' title='bbox 653 1585 793 1642; x_wconf 76' lang='grc' dir='ltr'>εἶναι</span> <span class='ocrx_word' id='word_1_94' title='bbox 826 1591 914 1642; x_wconf 87' lang='grc' dir='ltr'><strong>διά</strong></span> <span class='ocrx_word' id='word_1_95' title='bbox 946 1590 1102 1655; x_wconf 76' lang='grc' dir='ltr'>Θεὸν,</span> <span class='ocrx_word' id='word_1_96' title='bbox 1138 1588 1277 1640; x_wconf 91' lang='grc' dir='ltr'><strong>ἀλλά</strong></span> <span class='ocrx_word' id='word_1_97' title='bbox 1302 1589 1705 1644; x_wconf 80' lang='grc' dir='ltr'>ἐπιδείκνυσθαι</span> <span class='ocrx_word' id='word_1_98' title='bbox 1727 1590 1800 1642; x_wconf 74' lang='grc' dir='ltr'><strong>δι’</strong></span> 
     </span>
    </p>
   </div>
   <div class='ocr_carea' id='block_1_17' title="bbox 210 1678 878 1749">
    <p class='ocr_par' dir='ltr' id='par_1_17' title="bbox 210 1678 878 1749">
     <span class='ocr_line' id='line_1_17' title="bbox 210 1678 878 1749; baseline -0.001 -16"><span class='ocrx_word' id='word_1_99' title='bbox 210 1679 313 1733; x_wconf 84' lang='grc' dir='ltr'><strong>ἀνθ</strong></span> <span class='ocrx_word' id='word_1_100' title='bbox 324 1678 525 1749; x_wconf 81' lang='grc' dir='ltr'>ρώπων</span> <span class='ocrx_word' id='word_1_101' title='bbox 557 1679 878 1749; x_wconf 84' lang='grc' dir='ltr'>ἀρέσκειαν.</span> 
     </span>
    </p>
   </div>
   <div class='ocr_carea' id='block_1_18' title="bbox 290 1769 1796 1842">
    <p class='ocr_par' dir='ltr' id='par_1_18' title="bbox 290 1769 1796 1842">
     <span class='ocr_line' id='line_1_18' title="bbox 290 1769 1796 1842; baseline -0.001 -18"><span class='ocrx_word' id='word_1_102' title='bbox 290 1770 438 1824; x_wconf 80' lang='grc' dir='ltr'>Ἐάν</span> <span class='ocrx_word' id='word_1_103' title='bbox 458 1785 533 1823; x_wconf 85' lang='grc' dir='ltr'><strong>σε</strong></span> <span class='ocrx_word' id='word_1_104' title='bbox 543 1772 747 1838; x_wconf 78' lang='grc' dir='ltr'>λόγοις</span> <span class='ocrx_word' id='word_1_105' title='bbox 768 1769 888 1835; x_wconf 83' lang='grc' dir='ltr'>τοῖς</span> <span class='ocrx_word' id='word_1_106' title='bbox 905 1770 1053 1837; x_wconf 80' lang='grc' dir='ltr'>πρὸς</span> <span class='ocrx_word' id='word_1_107' title='bbox 1068 1769 1246 1837; x_wconf 86' lang='grc' dir='ltr'>χάριν</span> <span class='ocrx_word' id='word_1_108' title='bbox 1257 1769 1603 1839; x_wconf 77' lang='grc' dir='ltr'>ἐμϐάληται.</span> <span class='ocrx_word' id='word_1_109' title='bbox 1623 1771 1796 1842; x_wconf 75' lang='grc' dir='ltr'>Εἴπερ</span> 
     </span>
    </p>
   </div>
   <div class='ocr_carea' id='block_1_19' title="bbox 205 1860 1797 1933">
    <p class='ocr_par' dir='ltr' id='par_1_19' title="bbox 205 1860 1797 1933">
     <span class='ocr_line' id='line_1_19' title="bbox 205 1860 1797 1933; baseline 0.001 -20"><span class='ocrx_word' id='word_1_110' title='bbox 205 1878 269 1915; x_wconf 87' lang='grc' dir='ltr'><strong>σε</strong></span> <span class='ocrx_word' id='word_1_111' title='bbox 305 1863 338 1930; x_wconf 79' lang='grc' dir='ltr'>ἡ</span> <span class='ocrx_word' id='word_1_112' title='bbox 376 1862 600 1930; x_wconf 85' lang='grc' dir='ltr'>τοιαύτη</span> <span class='ocrx_word' id='word_1_113' title='bbox 618 1861 884 1930; x_wconf 76' lang='grc' dir='ltr'>ἐπιθυμία</span> <span class='ocrx_word' id='word_1_114' title='bbox 914 1860 1188 1931; x_wconf 84' lang='grc' dir='ltr'>λογισμοῖς</span> <span class='ocrx_word' id='word_1_115' title='bbox 1215 1864 1325 1925; x_wconf 83' lang='grc' dir='ltr'>τοῖς</span> <span class='ocrx_word' id='word_1_116' title='bbox 1357 1862 1493 1933; x_wconf 66' lang='grc' dir='ltr'>πρὸς</span> <span class='ocrx_word' id='word_1_117' title='bbox 1516 1861 1724 1932; x_wconf 62' lang='grc' dir='ltr'>τέρψιν,</span> <span class='ocrx_word' id='word_1_118' title='bbox 1762 1863 1797 1932; x_wconf 83' lang='grc' dir='ltr'>ἢ</span> 
     </span>
    </p>
   </div>
   <div class='ocr_carea' id='block_1_20' title="bbox 203 1950 1130 2020">
    <p class='ocr_par' dir='ltr' id='par_1_20' title="bbox 203 1950 1130 2020">
     <span class='ocr_line' id='line_1_20' title="bbox 203 1950 1130 2020; baseline -0.002 -16"><span class='ocrx_word' id='word_1_119' title='bbox 203 1955 321 2014; x_wconf 82' lang='grc' dir='ltr'>τοῖς</span> <span class='ocrx_word' id='word_1_120' title='bbox 352 1952 487 2020; x_wconf 82' lang='grc' dir='ltr'>πρὸς</span> <span class='ocrx_word' id='word_1_121' title='bbox 507 1951 728 2003; x_wconf 76' lang='grc' dir='ltr'>ἔπαινον</span> <span class='ocrx_word' id='word_1_122' title='bbox 757 1950 1130 2020; x_wconf 77' lang='grc' dir='ltr'>ἐμϐιϐάσειεν.</span> 
     </span>
    </p>
   </div>
   <div class='ocr_carea' id='block_1_21' title="bbox 284 2043 1800 2114">
    <p class='ocr_par' dir='ltr' id='par_1_21' title="bbox 284 2043 1800 2114">
     <span class='ocr_line' id='line_1_21' title="bbox 284 2043 1800 2114; baseline -0.001 -16"><span class='ocrx_word' id='word_1_123' title='bbox 284 2056 360 2110; x_wconf 80' lang='grc' dir='ltr'>ς’.</span> <span class='ocrx_word' id='word_1_124' title='bbox 410 2043 554 2098; x_wconf 83' lang='grc' dir='ltr'><strong>Ἀπὸ</strong></span> <span class='ocrx_word' id='word_1_125' title='bbox 578 2043 688 2114; x_wconf 64' lang='grc' dir='ltr'>γὰρ</span> <span class='ocrx_word' id='word_1_126' title='bbox 725 2043 967 2111; x_wconf 81' lang='grc' dir='ltr'>θυρίδος</span> <span class='ocrx_word' id='word_1_127' title='bbox 992 2045 1059 2098; x_wconf 82' lang='grc' dir='ltr'><strong>ἐκ</strong></span> <span class='ocrx_word' id='word_1_128' title='bbox 1085 2043 1191 2098; x_wconf 86' lang='grc' dir='ltr'>τοῦ</span> <span class='ocrx_word' id='word_1_129' title='bbox 1232 2043 1405 2098; x_wconf 74' lang='grc' dir='ltr'>οἴκου</span> <span class='ocrx_word' id='word_1_130' title='bbox 1441 2043 1654 2113; x_wconf 83' lang='grc' dir='ltr'>αὐτῆς,</span> <span class='ocrx_word' id='word_1_131' title='bbox 1713 2045 1800 2110; x_wconf 84' lang='grc' dir='ltr'><strong>είς</strong></span> 
     </span>
    </p>
   </div>
   <div class='ocr_carea' id='block_1_22' title="bbox 203 2137 1802 2207">
    <p class='ocr_par' dir='ltr' id='par_1_22' title="bbox 203 2137 1802 2207">
     <span class='ocr_line' id='line_1_22' title="bbox 203 2137 1802 2207; baseline -0.002 -16"><span class='ocrx_word' id='word_1_132' title='bbox 203 2137 317 2203; x_wconf 85' lang='grc' dir='ltr'>τὰς</span> <span class='ocrx_word' id='word_1_133' title='bbox 345 2137 637 2202; x_wconf 83' lang='grc' dir='ltr'>πλατείας</span> <span class='ocrx_word' id='word_1_134' title='bbox 672 2137 1176 2203; x_wconf 80' lang='grc' dir='ltr'>παρακύπτουσα.</span> <span class='ocrx_word' id='word_1_135' title='bbox 1253 2137 1386 2191; x_wconf 84' lang='grc' dir='ltr'><strong>Ἀπὸ</strong></span> <span class='ocrx_word' id='word_1_136' title='bbox 1415 2140 1525 2207; x_wconf 90' lang='grc' dir='ltr'><strong>γάρ</strong></span> <span class='ocrx_word' id='word_1_137' title='bbox 1545 2154 1688 2201; x_wconf 90' lang='grc' dir='ltr'>τινος</span> <span class='ocrx_word' id='word_1_138' title='bbox 1719 2138 1802 2189; x_wconf 76' lang='lat' dir='ltr'><strong>ai-</strong></span> 
     </span>
    </p>
   </div>
   <div class='ocr_carea' id='block_1_23' title="bbox 207 2221 1802 2300">
    <p class='ocr_par' dir='ltr' id='par_1_23' title="bbox 207 2221 1802 2300">
     <span class='ocr_line' id='line_1_23' title="bbox 207 2221 1802 2300; baseline -0.001 -19"><span class='ocrx_word' id='word_1_139' title='bbox 207 2228 479 2299; x_wconf 78' lang='grc' dir='ltr'>σθήσεως,</span> <span class='ocrx_word' id='word_1_140' title='bbox 571 2228 647 2290; x_wconf 88' lang='grc' dir='ltr'>ὼς</span> <span class='ocrx_word' id='word_1_141' title='bbox 674 2231 732 2280; x_wconf 88' lang='grc' dir='ltr'><strong>ἐν</strong></span> <span class='ocrx_word' id='word_1_142' title='bbox 753 2225 1043 2298; x_wconf 74' lang='grc' dir='ltr'>οίκίᾳ’τινὶ</span> <span class='ocrx_word' id='word_1_143' title='bbox 1067 2228 1410 2299; x_wconf 76' lang='grc' dir='ltr'>ἐνδιατρίϐει,</span> <span class='ocrx_word' id='word_1_144' title='bbox 1455 2229 1802 2299; x_wconf 87' lang='grc' dir='ltr'>προκύπτου-</span> 
     </span>
    </p>
   </div>
   <div class='ocr_carea' id='block_1_24' title="bbox 208 2317 1801 2392">
    <p class='ocr_par' dir='ltr' id='par_1_24' title="bbox 208 2317 1801 2392">
     <span class='ocr_line' id='line_1_24' title="bbox 208 2317 1801 2392; baseline 0 -20"><span class='ocrx_word' id='word_1_145' title='bbox 208 2337 282 2374; x_wconf 90' lang='grc' dir='ltr'><strong>σα</strong></span> <span class='ocrx_word' id='word_1_146' title='bbox 306 2321 385 2383; x_wconf 83' lang='grc' dir='ltr'><strong>είς</strong></span> <span class='ocrx_word' id='word_1_147' title='bbox 414 2319 513 2382; x_wconf 74' lang='grc' dir='ltr'>τὰς</span> <span class='ocrx_word' id='word_1_148' title='bbox 556 2321 634 2381; x_wconf 90' lang='grc' dir='ltr'><strong>εἰς</strong></span> <span class='ocrx_word' id='word_1_149' title='bbox 665 2317 942 2372; x_wconf 87' lang='grc' dir='ltr'>ἀπώλειαν</span> <span class='ocrx_word' id='word_1_150' title='bbox 989 2319 1232 2387; x_wconf 85' lang='grc' dir='ltr'>ἀγούσας</span> <span class='ocrx_word' id='word_1_151' title='bbox 1295 2320 1642 2392; x_wconf 85' lang='grc' dir='ltr'>εὐρυχώρους</span> <span class='ocrx_word' id='word_1_152' title='bbox 1699 2319 1801 2390; x_wconf 84' lang='grc' dir='ltr'>τῆς</span> 
     </span>
    </p>
   </div>
   <div class='ocr_carea' id='block_1_25' title="bbox 207 2413 716 2476">
    <p class='ocr_par' dir='ltr' id='par_1_25' title="bbox 207 2413 716 2476">
     <span class='ocr_line' id='line_1_25' title="bbox 207 2413 716 2476; baseline 0 -10"><span class='ocrx_word' id='word_1_153' title='bbox 207 2413 511 2476; x_wconf 81' lang='grc' dir='ltr'>ἀκολασίας</span> <span class='ocrx_word' id='word_1_154' title='bbox 544 2413 716 2476; x_wconf 77' lang='grc' dir='ltr'>ὁδούς.</span> 
     </span>
    </p>
   </div>
   <div class='ocr_carea' id='block_1_26' title="bbox 285 2502 1803 2574">
    <p class='ocr_par' dir='ltr' id='par_1_26' title="bbox 285 2502 1803 2574">
     <span class='ocr_line' id='line_1_26' title="bbox 285 2502 1803 2574; baseline 0.001 -16"><span class='ocrx_word' id='word_1_155' title='bbox 285 2504 352 2570; x_wconf 82' lang='grc' dir='ltr'><strong>ζ’.</strong></span> <span class='ocrx_word' id='word_1_156' title='bbox 388 2507 497 2558; x_wconf 72' lang='lat' dir='ltr'><strong>“Or</strong></span> <span class='ocrx_word' id='word_1_157' title='bbox 528 2502 605 2559; x_wconf 84' lang='grc' dir='ltr'>ἂν</span> <span class='ocrx_word' id='word_1_158' title='bbox 636 2502 735 2572; x_wconf 80' lang='grc' dir='ltr'><strong>ίδῃ</strong></span> <span class='ocrx_word' id='word_1_159' title='bbox 778 2502 898 2556; x_wconf 81' lang='grc' dir='ltr'><strong>τῶν</strong></span> <span class='ocrx_word' id='word_1_160' title='bbox 919 2503 1198 2574; x_wconf 73' lang='grc' dir='ltr'>ἀφρόνων</span> <span class='ocrx_word' id='word_1_161' title='bbox 1248 2504 1494 2570; x_wconf 84' lang='grc' dir='ltr'>τέκνων,</span> <span class='ocrx_word' id='word_1_162' title='bbox 1553 2506 1803 2560; x_wconf 83' lang='grc' dir='ltr'>νεανίαν</span> 
     </span>
    </p>
   </div>
   <div class='ocr_carea' id='block_1_27' title="bbox 207 2589 1802 2668">
    <p class='ocr_par' dir='ltr' id='par_1_27' title="bbox 207 2589 1802 2668">
     <span class='ocr_line' id='line_1_27' title="bbox 207 2589 1802 2668; baseline 0.001 -18"><span class='ocrx_word' id='word_1_163' title='bbox 207 2594 394 2664; x_wconf 81' lang='grc' dir='ltr'>ἐνδεῆ</span> <span class='ocrx_word' id='word_1_164' title='bbox 453 2592 711 2664; x_wconf 76' lang='grc' dir='ltr'>φρενῶν.</span> <span class='ocrx_word' id='word_1_165' title='bbox 765 2589 943 2666; x_wconf 69' lang='grc' dir='ltr'>Ὥτινι</span> <span class='ocrx_word' id='word_1_166' title='bbox 999 2594 1066 2649; x_wconf 80' lang='grc' dir='ltr'>ἂν</span> <span class='ocrx_word' id='word_1_167' title='bbox 1109 2595 1306 2668; x_wconf 78' lang='grc' dir='ltr'>ἐντύχῃ</span> <span class='ocrx_word' id='word_1_168' title='bbox 1355 2597 1464 2650; x_wconf 90' lang='grc' dir='ltr'><strong>τῶν</strong></span> <span class='ocrx_word' id='word_1_169' title='bbox 1504 2597 1802 2666; x_wconf 81' lang='grc' dir='ltr'>ἀλογίστως</span> 
     </span>
    </p>
   </div>
   <div class='ocr_carea' id='block_1_28' title="bbox 209 2685 1796 2760">
    <p class='ocr_par' dir='ltr' id='par_1_28' title="bbox 209 2685 1796 2760">
     <span class='ocr_line' id='line_1_28' title="bbox 209 2685 1796 2760; baseline 0.002 -20"><span class='ocrx_word' id='word_1_170' title='bbox 209 2687 479 2759; x_wconf 84' lang='grc' dir='ltr'>βιούντων</span> <span class='ocrx_word' id='word_1_171' title='bbox 505 2686 606 2758; x_wconf 80' lang='grc' dir='ltr'>τῆς</span> <span class='ocrx_word' id='word_1_172' title='bbox 633 2686 909 2751; x_wconf 84' lang='grc' dir='ltr'>ἀπωλείας</span> <span class='ocrx_word' id='word_1_173' title='bbox 934 2685 1090 2754; x_wconf 78' lang='grc' dir='ltr'>υἱῶν,</span> <span class='ocrx_word' id='word_1_174' title='bbox 1116 2689 1183 2758; x_wconf 77' lang='grc' dir='ltr'>τῇ</span> <span class='ocrx_word' id='word_1_175' title='bbox 1212 2687 1399 2760; x_wconf 81' lang='grc' dir='ltr'>ἡλικίᾳ</span> <span class='ocrx_word' id='word_1_176' title='bbox 1426 2687 1674 2753; x_wconf 78' lang='grc' dir='ltr'>νεάζοντι</span> <span class='ocrx_word' id='word_1_177' title='bbox 1699 2689 1796 2743; x_wconf 76' lang='grc' dir='ltr'>καὶ</span> 
     </span>
    </p>
   </div>
   <div class='ocr_carea' id='block_1_29' title="bbox 208 2779 810 2850">
    <p class='ocr_par' dir='ltr' id='par_1_29' title="bbox 208 2779 810 2850">
     <span class='ocr_line' id='line_1_29' title="bbox 208 2779 810 2850; baseline -0.003 -16"><span class='ocrx_word' id='word_1_178' title='bbox 208 2782 334 2842; x_wconf 82' lang='grc' dir='ltr'>ταῖς</span> <span class='ocrx_word' id='word_1_179' title='bbox 384 2779 578 2850; x_wconf 72' lang='grc' dir='ltr'>φρεσὶν</span> <span class='ocrx_word' id='word_1_180' title='bbox 608 2779 810 2832; x_wconf 72' lang='grc' dir='ltr'>ἀτελεῖ.</span> 
     </span>
    </p>
   </div>
   <div class='ocr_carea' id='block_1_30' title="bbox 281 2869 1807 2942">
    <p class='ocr_par' dir='ltr' id='par_1_30' title="bbox 281 2869 1807 2942">
     <span class='ocr_line' id='line_1_30' title="bbox 281 2869 1807 2942; baseline 0.003 -19"><span class='ocrx_word' id='word_1_181' title='bbox 281 2870 358 2940; x_wconf 85' lang='grc' dir='ltr'>η’.</span> <span class='ocrx_word' id='word_1_182' title='bbox 390 2869 1131 2942; x_wconf 76' lang='grc' dir='ltr'>Παραπορευόμενον[οοι1.</span> <span class='ocrx_word' id='word_1_183' title='bbox 1151 2870 1348 2942; x_wconf 81' lang='grc' dir='ltr'>-ἐνη]</span> <span class='ocrx_word' id='word_1_184' title='bbox 1376 2871 1536 2940; x_wconf 84' lang='grc' dir='ltr'>παρὰ</span> <span class='ocrx_word' id='word_1_185' title='bbox 1587 2873 1807 2941; x_wconf 78' lang='grc' dir='ltr'>γωνίαν</span> 
     </span>
    </p>
   </div>
   <div class='ocr_carea' id='block_1_31' title="bbox 207 2958 1834 3034">
    <p class='ocr_par' dir='ltr' id='par_1_31' title="bbox 207 2958 1834 3034">
     <span class='ocr_line' id='line_1_31' title="bbox 207 2958 1834 3034; baseline 0.001 -19"><span class='ocrx_word' id='word_1_186' title='bbox 207 2961 284 3015; x_wconf 80' lang='grc' dir='ltr'><strong>ἐν</strong></span> <span class='ocrx_word' id='word_1_187' title='bbox 315 2959 542 3025; x_wconf 80' lang='grc' dir='ltr'>διόδοις</span> <span class='ocrx_word' id='word_1_188' title='bbox 568 2960 738 3014; x_wconf 81' lang='grc' dir='ltr'>οἷκου</span> <span class='ocrx_word' id='word_1_189' title='bbox 768 2959 978 3028; x_wconf 80' lang='grc' dir='ltr'>αὐτῆς.</span> <span class='ocrx_word' id='word_1_190' title='bbox 1016 2960 1108 3032; x_wconf 81' lang='grc' dir='ltr'><strong>Μὴ</strong></span> <span class='ocrx_word' id='word_1_191' title='bbox 1165 2960 1440 3026; x_wconf 84' lang='grc' dir='ltr'>ίθυτενῶς,</span> <span class='ocrx_word' id='word_1_192' title='bbox 1502 2963 1656 3034; x_wconf 86' lang='grc' dir='ltr'>παρά</span> <span class='ocrx_word' id='word_1_193' title='bbox 1716 2958 1834 3016; x_wconf 78' lang='grc' dir='ltr'>τὸν</span> 
     </span>
    </p>
   </div>
   <div class='ocr_carea' id='block_1_32' title="bbox 209 3051 1807 3126">
    <p class='ocr_par' dir='ltr' id='par_1_32' title="bbox 209 3051 1807 3126">
     <span class='ocr_line' id='line_1_32' title="bbox 209 3051 1807 3126; baseline 0.004 -21"><span class='ocrx_word' id='word_1_194' title='bbox 209 3052 372 3120; x_wconf 83' lang='grc' dir='ltr'>λόγον</span> <span class='ocrx_word' id='word_1_195' title='bbox 403 3051 459 3104; x_wconf 82' lang='grc' dir='ltr'>δὲ</span> <span class='ocrx_word' id='word_1_196' title='bbox 493 3052 593 3121; x_wconf 83' lang='grc' dir='ltr'>τῆς</span> <span class='ocrx_word' id='word_1_197' title='bbox 631 3052 980 3123; x_wconf 82' lang='grc' dir='ltr'>ἀνθρωπίνης</span> <span class='ocrx_word' id='word_1_198' title='bbox 1010 3052 1227 3122; x_wconf 88' lang='grc' dir='ltr'>φύσεως</span> <span class='ocrx_word' id='word_1_199' title='bbox 1261 3053 1354 3107; x_wconf 80' lang='grc' dir='ltr'><strong>τὸν</strong></span> <span class='ocrx_word' id='word_1_200' title='bbox 1383 3053 1572 3126; x_wconf 84' lang='grc' dir='ltr'>ὥσπερ</span> <span class='ocrx_word' id='word_1_201' title='bbox 1604 3056 1807 3124; x_wconf 86' lang='grc' dir='ltr'>γωνίαν</span> 
     </span>
    </p>
   </div>
   <div class='ocr_carea' id='block_1_33' title="bbox 213 3144 1805 3220">
    <p class='ocr_par' dir='ltr' id='par_1_33' title="bbox 213 3144 1805 3220">
     <span class='ocr_line' id='line_1_33' title="bbox 213 3144 1805 3220; baseline 0.004 -21"><span class='ocrx_word' id='word_1_202' title='bbox 213 3145 554 3200; x_wconf 85' lang='grc' dir='ltr'>συναπτικδν</span> <span class='ocrx_word' id='word_1_203' title='bbox 583 3144 686 3214; x_wconf 82' lang='grc' dir='ltr'>τῆς</span> <span class='ocrx_word' id='word_1_204' title='bbox 711 3163 770 3198; x_wconf 81' lang='grc' dir='ltr'><strong>τε</strong></span> <span class='ocrx_word' id='word_1_205' title='bbox 798 3145 996 3216; x_wconf 83' lang='grc' dir='ltr'>νοητῆς</span> <span class='ocrx_word' id='word_1_206' title='bbox 1029 3147 1123 3200; x_wconf 73' lang='grc' dir='ltr'><strong>καὶ</strong></span> <span class='ocrx_word' id='word_1_207' title='bbox 1148 3147 1246 3218; x_wconf 80' lang='grc' dir='ltr'>τῆς</span> <span class='ocrx_word' id='word_1_208' title='bbox 1279 3149 1544 3220; x_wconf 71' lang='grc' dir='ltr'>αἰσθητῆς</span> <span class='ocrx_word' id='word_1_209' title='bbox 1570 3150 1805 3220; x_wconf 88' lang='grc' dir='ltr'>φύσεως,</span> 
     </span>
    </p>
   </div>
   <div class='ocr_carea' id='block_1_34' title="bbox 1893 687 3458 756">
    <p class='ocr_par' dir='ltr' id='par_1_34' title="bbox 1893 687 3458 756">
     <span class='ocr_line' id='line_1_34' title="bbox 1893 687 3458 756; baseline 0.005 -20"><span class='ocrx_word' id='word_1_210' title='bbox 1893 696 2039 749; x_wconf 88' lang='lat' dir='ltr'><strong>nem,</strong></span> <span class='ocrx_word' id='word_1_211' title='bbox 2076 698 2172 752; x_wconf 90' lang='lat' dir='ltr'><strong>per</strong></span> <span class='ocrx_word' id='word_1_212' title='bbox 2207 699 2372 755; x_wconf 86' lang='lat' dir='ltr'><strong>quam</strong></span> <span class='ocrx_word' id='word_1_213' title='bbox 2406 687 2761 756; x_wconf 74' lang='lat' dir='ltr'><strong>cognoscitur</strong></span> <span class='ocrx_word' id='word_1_214' title='bbox 2796 702 2949 740; x_wconf 90' lang='lat' dir='ltr'><strong>amor</strong></span> <span class='ocrx_word' id='word_1_215' title='bbox 3002 704 3315 744; x_wconf 83' lang='lat' dir='ltr'><strong>sermonum</strong></span> <span class='ocrx_word' id='word_1_216' title='bbox 3343 691 3458 747; x_wconf 91' lang='lat' dir='ltr'><strong>Dei.</strong></span> 
     </span>
    </p>
   </div>
   <div class='ocr_carea' id='block_1_35' title="bbox 1951 852 3468 915">
    <p class='ocr_par' dir='ltr' id='par_1_35' title="bbox 1951 852 3468 915">
     <span class='ocr_line' id='line_1_35' title="bbox 1951 852 3468 915; baseline 0.005 -8"><span class='ocrx_word' id='word_1_217' title='bbox 1951 852 2119 908; x_wconf 72' lang='lat' dir='ltr'><strong>Vens.</strong></span> <span class='ocrx_word' id='word_1_218' title='bbox 2179 855 2232 908; x_wconf 84' lang='lat'><strong>5.</strong></span> <span class='ocrx_word' id='word_1_219' title='bbox 2270 853 2336 907; x_wconf 89' lang='lat' dir='ltr'><strong>Ut</strong></span> <span class='ocrx_word' id='word_1_220' title='bbox 2392 864 2439 909; x_wconf 88' lang='lat' dir='ltr'><strong>te</strong></span> <span class='ocrx_word' id='word_1_221' title='bbox 2492 856 2762 909; x_wconf 82' lang='lat' dir='ltr'><strong>custodiat</strong></span> <span class='ocrx_word' id='word_1_222' title='bbox 2808 874 2839 909; x_wconf 92' lang='lat' dir='ltr'><strong>a</strong></span> <span class='ocrx_word' id='word_1_223' title='bbox 2877 859 3094 912; x_wconf 87' lang='lat' dir='ltr'><strong>muliere</strong></span> <span class='ocrx_word' id='word_1_224' title='bbox 3132 871 3385 914; x_wconf 76' lang='lat' dir='ltr'><strong>extranea</strong></span> <span class='ocrx_word' id='word_1_225' title='bbox 3419 872 3468 915; x_wconf 83' lang='lat' dir='ltr'><strong>et</strong></span> 
     </span>
    </p>
   </div>
   <div class='ocr_carea' id='block_1_36' title="bbox 1895 945 3465 1023">
    <p class='ocr_par' dir='ltr' id='par_1_36' title="bbox 1895 945 3465 1023">
     <span class='ocr_line' id='line_1_36' title="bbox 1895 945 3465 1023; baseline 0.006 -25"><span class='ocrx_word' id='word_1_226' title='bbox 1895 946 2062 1000; x_wconf 89' lang='lat' dir='ltr'><strong>mala.</strong></span> <span class='ocrx_word' id='word_1_227' title='bbox 2099 945 2165 1001; x_wconf 88' lang='lat' dir='ltr'><strong>Ut</strong></span> <span class='ocrx_word' id='word_1_228' title='bbox 2205 950 2440 1017; x_wconf 89' lang='lat' dir='ltr'><strong>teipsum</strong></span> <span class='ocrx_word' id='word_1_229' title='bbox 2490 950 2778 1004; x_wconf 79' lang='lat' dir='ltr'><strong>custodias</strong></span> <span class='ocrx_word' id='word_1_230' title='bbox 2811 965 2838 1003; x_wconf 89' lang='lat' dir='ltr'><strong>a</strong></span> <span class='ocrx_word' id='word_1_231' title='bbox 2875 953 3200 1020; x_wconf 72' lang='lat' dir='ltr'><strong>cupiditate,</strong></span> <span class='ocrx_word' id='word_1_232' title='bbox 3250 972 3372 1023; x_wconf 76' lang='lat' dir='ltr'><strong>qua:</strong></span> <span class='ocrx_word' id='word_1_233' title='bbox 3402 973 3465 1008; x_wconf 80' lang='lat' dir='ltr'><strong>ex</strong></span> 
     </span>
    </p>
   </div>
   <div class='ocr_carea' id='block_1_37' title="bbox 1893 1037 3467 1117">
    <p class='ocr_par' dir='ltr' id='par_1_37' title="bbox 1893 1037 3467 1117">
     <span class='ocr_line' id='line_1_37' title="bbox 1893 1037 3467 1117; baseline 0.008 -26"><span class='ocrx_word' id='word_1_234' title='bbox 1893 1037 2107 1092; x_wconf 81' lang='lat' dir='ltr'><strong>deiectu</strong></span> <span class='ocrx_word' id='word_1_235' title='bbox 2135 1039 2438 1109; x_wconf 68' lang='lat' dir='ltr'><strong>prudentia:</strong></span> <span class='ocrx_word' id='word_1_236' title='bbox 2468 1042 2667 1104; x_wconf 86' lang='lat' dir='ltr'><strong>oritur,</strong></span> <span class='ocrx_word' id='word_1_237' title='bbox 2705 1053 2757 1094; x_wconf 84' lang='lat' dir='ltr'><strong>et</strong></span> <span class='ocrx_word' id='word_1_238' title='bbox 2792 1043 3028 1112; x_wconf 76' lang='lat' dir='ltr'><strong>impellit</strong></span> <span class='ocrx_word' id='word_1_239' title='bbox 3054 1047 3123 1098; x_wconf 86' lang='lat' dir='ltr'><strong>ad</strong></span> <span class='ocrx_word' id='word_1_240' title='bbox 3158 1049 3467 1117; x_wconf 70' lang='lat' dir='ltr'><strong>voluptati-5</strong></span> 
     </span>
    </p>
   </div>
   <div class='ocr_carea' id='block_1_38' title="bbox 1894 1129 3470 1205">
    <p class='ocr_par' dir='ltr' id='par_1_38' title="bbox 1894 1129 3470 1205">
     <span class='ocr_line' id='line_1_38' title="bbox 1894 1129 3470 1205; baseline 0.005 -23"><span class='ocrx_word' id='word_1_241' title='bbox 1894 1129 1962 1182; x_wconf 81' lang='lat' dir='ltr'><strong>ad</strong></span> <span class='ocrx_word' id='word_1_242' title='bbox 1996 1144 2135 1198; x_wconf 85' lang='lat' dir='ltr'><strong>quas</strong></span> <span class='ocrx_word' id='word_1_243' title='bbox 2174 1145 2239 1184; x_wconf 85' lang='lat' dir='ltr'><strong>ex</strong></span> <span class='ocrx_word' id='word_1_244' title='bbox 2270 1145 2329 1184; x_wconf 90' lang='lat' dir='ltr'><strong>se</strong></span> <span class='ocrx_word' id='word_1_245' title='bbox 2358 1130 2532 1184; x_wconf 79' lang='lat' dir='ltr'><strong>fertur</strong></span> <span class='ocrx_word' id='word_1_246' title='bbox 2565 1132 2801 1185; x_wconf 89' lang='lat' dir='ltr'><strong>humana</strong></span> <span class='ocrx_word' id='word_1_247' title='bbox 2845 1142 3062 1194; x_wconf 88' lang='lat' dir='ltr'><strong>natura,</strong></span> <span class='ocrx_word' id='word_1_248' title='bbox 3095 1146 3146 1189; x_wconf 89' lang='lat' dir='ltr'><strong>et</strong></span> <span class='ocrx_word' id='word_1_249' title='bbox 3178 1153 3297 1205; x_wconf 71' lang='lat' dir='ltr'><strong>qua:</strong></span> <span class='ocrx_word' id='word_1_250' title='bbox 3326 1149 3470 1190; x_wconf 85' lang='lat' dir='ltr'><strong>amat</strong></span> 
     </span>
    </p>
   </div>
   <div class='ocr_carea' id='block_1_39' title="bbox 1895 1219 3466 1297">
    <p class='ocr_par' dir='ltr' id='par_1_39' title="bbox 1895 1219 3466 1297">
     <span class='ocr_line' id='line_1_39' title="bbox 1895 1219 3466 1297; baseline 0.009 -25"><span class='ocrx_word' id='word_1_251' title='bbox 1895 1219 2004 1273; x_wconf 86' lang='lat' dir='ltr'><strong>l&#39;rui</strong></span> <span class='ocrx_word' id='word_1_252' title='bbox 2058 1221 2415 1276; x_wconf 82' lang='lat' dir='ltr'><strong>immoderate</strong></span> <span class='ocrx_word' id='word_1_253' title='bbox 2459 1223 2626 1277; x_wconf 89' lang='lat' dir='ltr'><strong>variis</strong></span> <span class='ocrx_word' id='word_1_254' title='bbox 2674 1228 3067 1292; x_wconf 75' lang='lat' dir='ltr'><strong>temporalibus</strong></span> <span class='ocrx_word' id='word_1_255' title='bbox 3116 1230 3466 1297; x_wconf 75' lang='lat' dir='ltr'><strong>libidinibus;</strong></span> 
     </span>
    </p>
   </div>
   <div class='ocr_carea' id='block_1_40' title="bbox 1896 1298 3472 1382">
    <p class='ocr_par' dir='ltr' id='par_1_40' title="bbox 1896 1298 3472 1382">
     <span class='ocr_line' id='line_1_40' title="bbox 1896 1298 3472 1382; baseline 0.008 -20"><span class='ocrx_word' id='word_1_256' title='bbox 1896 1317 1956 1363; x_wconf 87' lang='lat' dir='ltr'><strong>ut</strong></span> <span class='ocrx_word' id='word_1_257' title='bbox 1990 1320 2039 1365; x_wconf 91' lang='lat' dir='ltr'><strong>te</strong></span> <span class='ocrx_word' id='word_1_258' title='bbox 2070 1325 2356 1366; x_wconf 81' lang='lat' dir='ltr'><strong>removeas</strong></span> <span class='ocrx_word' id='word_1_259' title='bbox 2385 1312 2453 1365; x_wconf 86' lang='lat' dir='ltr'><strong>ab</strong></span> <span class='ocrx_word' id='word_1_260' title='bbox 2482 1328 2543 1366; x_wconf 91' lang='lat' dir='ltr'><strong>ea</strong></span> <span class='ocrx_word' id='word_1_261' title='bbox 2582 1329 2704 1382; x_wconf 67' lang='lat' dir='ltr'><strong>quae</strong></span> <span class='ocrx_word' id='word_1_262' title='bbox 2732 1298 2813 1368; x_wconf 35' lang='lat' dir='ltr'><strong>ex.</strong></span> <span class='ocrx_word' id='word_1_263' title='bbox 2841 1316 3063 1370; x_wconf 87' lang='lat' dir='ltr'><strong>virtutis</strong></span> <span class='ocrx_word' id='word_1_264' title='bbox 3102 1334 3328 1374; x_wconf 81' lang='lat' dir='ltr'><strong>excessu</strong></span> <span class='ocrx_word' id='word_1_265' title='bbox 3362 1324 3472 1375; x_wconf 87' lang='lat' dir='ltr'><strong>ori-</strong></span> 
     </span>
    </p>
   </div>
   <div class='ocr_carea' id='block_1_41' title="bbox 1898 1401 3467 1481">
    <p class='ocr_par' dir='ltr' id='par_1_41' title="bbox 1898 1401 3467 1481">
     <span class='ocr_line' id='line_1_41' title="bbox 1898 1401 3467 1481; baseline 0.009 -30"><span class='ocrx_word' id='word_1_266' title='bbox 1898 1407 2008 1464; x_wconf 88' lang='lat' dir='ltr'><strong>tur,</strong></span> <span class='ocrx_word' id='word_1_267' title='bbox 2033 1401 2356 1470; x_wconf 83' lang='lat' dir='ltr'><strong>cupiditate,</strong></span> <span class='ocrx_word' id='word_1_268' title='bbox 2391 1417 2514 1472; x_wconf 73' lang='lat' dir='ltr'><strong>quze</strong></span> <span class='ocrx_word' id='word_1_269' title='bbox 2560 1402 2866 1458; x_wconf 70' lang='lat' dir='ltr'><strong>delectatur</strong></span> <span class='ocrx_word' id='word_1_270' title='bbox 2903 1408 3097 1461; x_wconf 88' lang='lat' dir='ltr'><strong>insane</strong></span> <span class='ocrx_word' id='word_1_271' title='bbox 3124 1410 3188 1462; x_wconf 91' lang='lat' dir='ltr'><strong>de</strong></span> <span class='ocrx_word' id='word_1_272' title='bbox 3219 1412 3467 1481; x_wconf 81' lang='lat' dir='ltr'><strong>volupta—</strong></span> 
     </span>
    </p>
   </div>
   <div class='ocr_carea' id='block_1_42' title="bbox 1900 1491 3470 1567">
    <p class='ocr_par' dir='ltr' id='par_1_42' title="bbox 1900 1491 3470 1567">
     <span class='ocr_line' id='line_1_42' title="bbox 1900 1491 3470 1567; baseline 0.008 -23"><span class='ocrx_word' id='word_1_273' title='bbox 1900 1491 2046 1546; x_wconf 90' lang='lat' dir='ltr'><strong>tibus</strong></span> <span class='ocrx_word' id='word_1_274' title='bbox 2101 1495 2397 1562; x_wconf 79' lang='lat' dir='ltr'><strong>superatis,</strong></span> <span class='ocrx_word' id='word_1_275' title='bbox 2455 1495 2719 1562; x_wconf 79' lang='lat' dir='ltr'><strong>glorians,</strong></span> <span class='ocrx_word' id='word_1_276' title='bbox 2763 1511 2870 1549; x_wconf 91' lang='lat' dir='ltr'><strong>non</strong></span> <span class='ocrx_word' id='word_1_277' title='bbox 2927 1501 3073 1567; x_wconf 91' lang='lat' dir='ltr'><strong>quod</strong></span> <span class='ocrx_word' id='word_1_278' title='bbox 3123 1501 3224 1554; x_wconf 90' lang='lat' dir='ltr'><strong>hoc</strong></span> <span class='ocrx_word' id='word_1_279' title='bbox 3260 1505 3328 1555; x_wconf 90' lang='lat' dir='ltr'><strong>sit</strong></span> <span class='ocrx_word' id='word_1_280' title='bbox 3361 1503 3470 1557; x_wconf 88' lang='lat' dir='ltr'><strong>Deo</strong></span> 
     </span>
    </p>
   </div>
   <div class='ocr_carea' id='block_1_43' title="bbox 1895 1581 3470 1662">
    <p class='ocr_par' dir='ltr' id='par_1_43' title="bbox 1895 1581 3470 1662">
     <span class='ocr_line' id='line_1_43' title="bbox 1895 1581 3470 1662; baseline 0.008 -27"><span class='ocrx_word' id='word_1_281' title='bbox 1895 1581 2223 1651; x_wconf 88' lang='lat' dir='ltr'><strong>jucundum,</strong></span> <span class='ocrx_word' id='word_1_282' title='bbox 2269 1584 2362 1638; x_wconf 89' lang='lat' dir='ltr'><strong>sed</strong></span> <span class='ocrx_word' id='word_1_283' title='bbox 2395 1586 2524 1654; x_wconf 86' lang='lat' dir='ltr'><strong>quia</strong></span> <span class='ocrx_word' id='word_1_284' title='bbox 2558 1586 2681 1638; x_wconf 88' lang='lat' dir='ltr'><strong>inde</strong></span> <span class='ocrx_word' id='word_1_285' title='bbox 2723 1595 2903 1656; x_wconf 80' lang='lat' dir='ltr'><strong>potest</strong></span> <span class='ocrx_word' id='word_1_286' title='bbox 2931 1591 3158 1645; x_wconf 76' lang='lat' dir='ltr'><strong>exaltari</strong></span> <span class='ocrx_word' id='word_1_287' title='bbox 3184 1595 3325 1662; x_wconf 88' lang='lat' dir='ltr'><strong>apud</strong></span> <span class='ocrx_word' id='word_1_288' title='bbox 3370 1596 3470 1648; x_wconf 91' lang='lat' dir='ltr'><strong>ho-</strong></span> 
     </span>
    </p>
   </div>
   <div class='ocr_carea' id='block_1_44' title="bbox 1898 1688 2095 1728">
    <p class='ocr_par' dir='ltr' id='par_1_44' title="bbox 1898 1688 2095 1728">
     <span class='ocr_line' id='line_1_44' title="bbox 1898 1688 2095 1728; baseline 0.01 -2"><span class='ocrx_word' id='word_1_289' title='bbox 1898 1688 2095 1728; x_wconf 82' lang='lat' dir='ltr'><strong>mines.</strong></span> 
     </span>
    </p>
   </div>
   <div class='ocr_carea' id='block_1_45' title="bbox 1971 1765 3474 1841">
    <p class='ocr_par' dir='ltr' id='par_1_45' title="bbox 1971 1765 3474 1841">
     <span class='ocr_line' id='line_1_45' title="bbox 1971 1765 3474 1841; baseline 0.009 -23"><span class='ocrx_word' id='word_1_290' title='bbox 1971 1765 2032 1818; x_wconf 86' lang='lat' dir='ltr'><strong>Si</strong></span> <span class='ocrx_word' id='word_1_291' title='bbox 2080 1775 2129 1820; x_wconf 82' lang='lat' dir='ltr'><strong>te</strong></span> <span class='ocrx_word' id='word_1_292' title='bbox 2180 1767 2510 1820; x_wconf 75' lang='lat' dir='ltr'><strong>sermonibus</strong></span> <span class='ocrx_word' id='word_1_293' title='bbox 2564 1768 2810 1822; x_wconf 82' lang='lat' dir='ltr'><strong>adoritur</strong></span> <span class='ocrx_word' id='word_1_294' title='bbox 2859 1773 3132 1841; x_wconf 79' lang='lat' dir='ltr'><strong>gratiosis.</strong></span> <span class='ocrx_word' id='word_1_295' title='bbox 3180 1775 3235 1828; x_wconf 90' lang='lat' dir='ltr'><strong>Si</strong></span> <span class='ocrx_word' id='word_1_296' title='bbox 3276 1785 3325 1830; x_wconf 86' lang='lat' dir='ltr'><strong>te</strong></span> <span class='ocrx_word' id='word_1_297' title='bbox 3359 1779 3474 1830; x_wconf 67' lang='lat' dir='ltr'><strong>hau:</strong></span> 
     </span>
    </p>
   </div>
   <div class='ocr_carea' id='block_1_46' title="bbox 1904 1856 3477 1935">
    <p class='ocr_par' dir='ltr' id='par_1_46' title="bbox 1904 1856 3477 1935">
     <span class='ocr_line' id='line_1_46' title="bbox 1904 1856 3477 1935; baseline 0.011 -27"><span class='ocrx_word' id='word_1_298' title='bbox 1904 1856 2181 1925; x_wconf 87' lang='lat' dir='ltr'><strong>cupiditas</strong></span> <span class='ocrx_word' id='word_1_299' title='bbox 2207 1857 2556 1913; x_wconf 87' lang='lat' dir='ltr'><strong>sermonibus</strong></span> <span class='ocrx_word' id='word_1_300' title='bbox 2598 1861 2894 1930; x_wconf 75' lang='lat' dir='ltr'><strong>voluptatis</strong></span> <span class='ocrx_word' id='word_1_301' title='bbox 2922 1865 3004 1918; x_wconf 87' lang='lat' dir='ltr'><strong>vel</strong></span> <span class='ocrx_word' id='word_1_302' title='bbox 3038 1868 3311 1935; x_wconf 71' lang='lat' dir='ltr'><strong>superbire</strong></span> <span class='ocrx_word' id='word_1_303' title='bbox 3345 1872 3477 1924; x_wconf 87' lang='lat' dir='ltr'><strong>ado-</strong></span> 
     </span>
    </p>
   </div>
   <div class='ocr_carea' id='block_1_47' title="bbox 1903 1947 2095 2001">
    <p class='ocr_par' dir='ltr' id='par_1_47' title="bbox 1903 1947 2095 2001">
     <span class='ocr_line' id='line_1_47' title="bbox 1903 1947 2095 2001; baseline 0 -1"><span class='ocrx_word' id='word_1_304' title='bbox 1903 1947 2095 2001; x_wconf 86' lang='lat' dir='ltr'><strong>riatur.</strong></span> 
     </span>
    </p>
   </div>
   <div class='ocr_carea' id='block_1_48' title="bbox 1964 2037 3479 2116">
    <p class='ocr_par' dir='ltr' id='par_1_48' title="bbox 1964 2037 3479 2116">
     <span class='ocr_line' id='line_1_48' title="bbox 1964 2037 3479 2116; baseline 0.008 -27"><span class='ocrx_word' id='word_1_305' title='bbox 1964 2037 2126 2092; x_wconf 71' lang='lat' dir='ltr'><strong>Vens.</strong></span> <span class='ocrx_word' id='word_1_306' title='bbox 2164 2039 2216 2093; x_wconf 84' lang='lat'><strong>6.</strong></span> <span class='ocrx_word' id='word_1_307' title='bbox 2273 2038 2350 2094; x_wconf 89' lang='lat' dir='ltr'><strong>De</strong></span> <span class='ocrx_word' id='word_1_308' title='bbox 2397 2041 2630 2108; x_wconf 80' lang='lat' dir='ltr'><strong>fenestra</strong></span> <span class='ocrx_word' id='word_1_309' title='bbox 2661 2043 2820 2105; x_wconf 85' lang='lat' dir='ltr'><strong>enim,</strong></span> <span class='ocrx_word' id='word_1_310' title='bbox 2849 2059 2874 2095; x_wconf 90' lang='lat' dir='ltr'><strong>e</strong></span> <span class='ocrx_word' id='word_1_311' title='bbox 2914 2042 3069 2097; x_wconf 86' lang='lat' dir='ltr'><strong>domo</strong></span> <span class='ocrx_word' id='word_1_312' title='bbox 3100 2062 3218 2108; x_wconf 89' lang='lat' dir='ltr'><strong>sua,</strong></span> <span class='ocrx_word' id='word_1_313' title='bbox 3258 2048 3309 2099; x_wconf 88' lang='lat' dir='ltr'><strong>in</strong></span> <span class='ocrx_word' id='word_1_314' title='bbox 3361 2049 3479 2116; x_wconf 84' lang='lat' dir='ltr'><strong>pla-</strong></span> 
     </span>
    </p>
   </div>
   <div class='ocr_carea' id='block_1_49' title="bbox 1904 2131 3472 2207">
    <p class='ocr_par' dir='ltr' id='par_1_49' title="bbox 1904 2131 3472 2207">
     <span class='ocr_line' id='line_1_49' title="bbox 1904 2131 3472 2207; baseline 0.004 -27"><span class='ocrx_word' id='word_1_315' title='bbox 1904 2137 2014 2182; x_wconf 87' lang='lat' dir='ltr'><strong>teas</strong></span> <span class='ocrx_word' id='word_1_316' title='bbox 2095 2131 2442 2197; x_wconf 83' lang='lat' dir='ltr'><strong>prospiciens.</strong></span> <span class='ocrx_word' id='word_1_317' title='bbox 2496 2131 2663 2195; x_wconf 81' lang='lat' dir='ltr'><strong>Quasi</strong></span> <span class='ocrx_word' id='word_1_318' title='bbox 2722 2133 2789 2186; x_wconf 92' lang='lat' dir='ltr'><strong>de</strong></span> <span class='ocrx_word' id='word_1_319' title='bbox 2847 2132 3111 2199; x_wconf 83' lang='lat' dir='ltr'><strong>fenestra,</strong></span> <span class='ocrx_word' id='word_1_320' title='bbox 3167 2136 3235 2190; x_wconf 89' lang='lat' dir='ltr'><strong>de</strong></span> <span class='ocrx_word' id='word_1_321' title='bbox 3290 2139 3472 2207; x_wconf 80' lang='lat' dir='ltr'><strong>aliquo</strong></span> 
     </span>
    </p>
   </div>
   <div class='ocr_carea' id='block_1_50' title="bbox 1902 2220 3479 2291">
    <p class='ocr_par' dir='ltr' id='par_1_50' title="bbox 1902 2220 3479 2291">
     <span class='ocr_line' id='line_1_50' title="bbox 1902 2220 3479 2291; baseline 0.004 -18"><span class='ocrx_word' id='word_1_322' title='bbox 1902 2234 2068 2274; x_wconf 86' lang='lat' dir='ltr'><strong>sensu</strong></span> <span class='ocrx_word' id='word_1_323' title='bbox 2110 2220 2285 2289; x_wconf 86' lang='lat' dir='ltr'><strong>partis</strong></span> <span class='ocrx_word' id='word_1_324' title='bbox 2323 2223 2626 2287; x_wconf 69' lang='lat' dir='ltr'><strong>sensitivaa,</strong></span> <span class='ocrx_word' id='word_1_325' title='bbox 2658 2222 2713 2275; x_wconf 89' lang='lat' dir='ltr'><strong>in</strong></span> <span class='ocrx_word' id='word_1_326' title='bbox 2747 2237 2854 2291; x_wconf 86' lang='lat' dir='ltr'><strong>qua</strong></span> <span class='ocrx_word' id='word_1_327' title='bbox 2893 2225 3062 2279; x_wconf 87' lang='lat' dir='ltr'><strong>veluti</strong></span> <span class='ocrx_word' id='word_1_328' title='bbox 3102 2229 3158 2280; x_wconf 91' lang='lat' dir='ltr'><strong>in</strong></span> <span class='ocrx_word' id='word_1_329' title='bbox 3180 2225 3343 2280; x_wconf 86' lang='lat' dir='ltr'><strong>domo</strong></span> <span class='ocrx_word' id='word_1_330' title='bbox 3381 2228 3479 2279; x_wconf 84' lang='lat' dir='ltr'><strong>lia-</strong></span> 
     </span>
    </p>
   </div>
   <div class='ocr_carea' id='block_1_51' title="bbox 1901 2311 3481 2384">
    <p class='ocr_par' dir='ltr' id='par_1_51' title="bbox 1901 2311 3481 2384">
     <span class='ocr_line' id='line_1_51' title="bbox 1901 2311 3481 2384; baseline 0.006 -19"><span class='ocrx_word' id='word_1_331' title='bbox 1901 2311 2064 2374; x_wconf 90' lang='lat' dir='ltr'><strong>bitat,</strong></span> <span class='ocrx_word' id='word_1_332' title='bbox 2093 2313 2460 2382; x_wconf 88' lang='lat' dir='ltr'><strong>prospiciens,</strong></span> <span class='ocrx_word' id='word_1_333' title='bbox 2493 2315 2546 2367; x_wconf 89' lang='lat' dir='ltr'><strong>in</strong></span> <span class='ocrx_word' id='word_1_334' title='bbox 2584 2314 2762 2384; x_wconf 76' lang='lat' dir='ltr'><strong>largas</strong></span> <span class='ocrx_word' id='word_1_335' title='bbox 2815 2316 3198 2373; x_wconf 90' lang='lat' dir='ltr'><strong>dissolutionis</strong></span> <span class='ocrx_word' id='word_1_336' title='bbox 3227 2321 3362 2381; x_wconf 78' lang='lat' dir='ltr'><strong>vias,</strong></span> <span class='ocrx_word' id='word_1_337' title='bbox 3402 2321 3481 2374; x_wconf 82' lang='lat' dir='ltr'><strong>le-</strong></span> 
     </span>
    </p>
   </div>
   <div class='ocr_carea' id='block_1_52' title="bbox 1902 2404 2478 2459">
    <p class='ocr_par' dir='ltr' id='par_1_52' title="bbox 1902 2404 2478 2459">
     <span class='ocr_line' id='line_1_52' title="bbox 1902 2404 2478 2459; baseline 0.003 -3"><span class='ocrx_word' id='word_1_338' title='bbox 1902 2411 2088 2459; x_wconf 87' lang='lat' dir='ltr'><strong>rentes</strong></span> <span class='ocrx_word' id='word_1_339' title='bbox 2119 2404 2184 2457; x_wconf 90' lang='lat' dir='ltr'><strong>ad</strong></span> <span class='ocrx_word' id='word_1_340' title='bbox 2225 2417 2478 2458; x_wconf 83' lang='lat' dir='ltr'><strong>mortem.</strong></span> 
     </span>
    </p>
   </div>
   <div class='ocr_carea' id='block_1_53' title="bbox 1965 2493 3480 2568">
    <p class='ocr_par' dir='ltr' id='par_1_53' title="bbox 1965 2493 3480 2568">
     <span class='ocr_line' id='line_1_53' title="bbox 1965 2493 3480 2568; baseline 0.003 -20"><span class='ocrx_word' id='word_1_341' title='bbox 1965 2493 2135 2550; x_wconf 73' lang='lat' dir='ltr'><strong>Vens.</strong></span> <span class='ocrx_word' id='word_1_342' title='bbox 2169 2495 2219 2549; x_wconf 87' lang='lat'><strong>7.</strong></span> <span class='ocrx_word' id='word_1_343' title='bbox 2255 2495 2317 2551; x_wconf 89' lang='lat' dir='ltr'><strong>Si</strong></span> <span class='ocrx_word' id='word_1_344' title='bbox 2371 2513 2525 2567; x_wconf 78' lang='lat' dir='ltr'><strong>quem</strong></span> <span class='ocrx_word' id='word_1_345' title='bbox 2576 2496 2716 2551; x_wconf 79' lang='lat' dir='ltr'><strong>ridet</strong></span> <span class='ocrx_word' id='word_1_346' title='bbox 2748 2497 3146 2553; x_wconf 79' lang='lat' dir='ltr'><strong>insensator‘um</strong></span> <span class='ocrx_word' id='word_1_347' title='bbox 3171 2518 3480 2568; x_wconf 84' lang='lat' dir='ltr'><strong>puerorum,</strong></span> 
     </span>
    </p>
   </div>
   <div class='ocr_carea' id='block_1_54' title="bbox 1900 2589 3478 2660">
    <p class='ocr_par' dir='ltr' id='par_1_54' title="bbox 1900 2589 3478 2660">
     <span class='ocr_line' id='line_1_54' title="bbox 1900 2589 3478 2660; baseline 0.004 -19"><span class='ocrx_word' id='word_1_348' title='bbox 1900 2589 2144 2659; x_wconf 76' lang='lat' dir='ltr'><strong>juvenem</strong></span> <span class='ocrx_word' id='word_1_349' title='bbox 2197 2589 2478 2658; x_wconf 76' lang='lat' dir='ltr'><strong>prudentia</strong></span> <span class='ocrx_word' id='word_1_350' title='bbox 2529 2592 2862 2645; x_wconf 85' lang='lat' dir='ltr'><strong>destitutum.</strong></span> <span class='ocrx_word' id='word_1_351' title='bbox 2908 2592 2965 2646; x_wconf 91' lang='lat' dir='ltr'><strong>Si</strong></span> <span class='ocrx_word' id='word_1_352' title='bbox 3014 2595 3100 2648; x_wconf 91' lang='lat' dir='ltr'><strong>cui</strong></span> <span class='ocrx_word' id='word_1_353' title='bbox 3151 2599 3478 2660; x_wconf 84' lang='lat' dir='ltr'><strong>occurrerit,</strong></span> 
     </span>
    </p>
   </div>
   <div class='ocr_carea' id='block_1_55' title="bbox 1905 2681 3482 2753">
    <p class='ocr_par' dir='ltr' id='par_1_55' title="bbox 1905 2681 3482 2753">
     <span class='ocr_line' id='line_1_55' title="bbox 1905 2681 3482 2753; baseline 0.006 -19"><span class='ocrx_word' id='word_1_354' title='bbox 1905 2681 2236 2751; x_wconf 84' lang='lat' dir='ltr'><strong>perditionis</strong></span> <span class='ocrx_word' id='word_1_355' title='bbox 2264 2681 2500 2738; x_wconf 84' lang='lat' dir='ltr'><strong>ﬁliorum</strong></span> <span class='ocrx_word' id='word_1_356' title='bbox 2537 2699 2645 2736; x_wconf 91' lang='lat' dir='ltr'><strong>non</strong></span> <span class='ocrx_word' id='word_1_357' title='bbox 2685 2694 2834 2740; x_wconf 88' lang='lat' dir='ltr'><strong>recte</strong></span> <span class='ocrx_word' id='word_1_358' title='bbox 2865 2687 3292 2753; x_wconf 86' lang='lat' dir='ltr'><strong>ambulantium,</strong></span> <span class='ocrx_word' id='word_1_359' title='bbox 3322 2700 3482 2744; x_wconf 67' lang='lat' dir='ltr'><strong>tetatc</strong></span> 
     </span>
    </p>
   </div>
   <div class='ocr_carea' id='block_1_56' title="bbox 1902 2772 2647 2846">
    <p class='ocr_par' dir='ltr' id='par_1_56' title="bbox 1902 2772 2647 2846">
     <span class='ocr_line' id='line_1_56' title="bbox 1902 2772 2647 2846; baseline 0.005 -21"><span class='ocrx_word' id='word_1_360' title='bbox 1902 2772 2111 2842; x_wconf 86' lang='lat' dir='ltr'><strong>juveni,</strong></span> <span class='ocrx_word' id='word_1_361' title='bbox 2143 2776 2431 2843; x_wconf 80' lang='lat' dir='ltr'><strong>prudentia</strong></span> <span class='ocrx_word' id='word_1_362' title='bbox 2461 2791 2647 2846; x_wconf 85' lang='lat' dir='ltr'><strong>parvo.</strong></span> 
     </span>
    </p>
   </div>
   <div class='ocr_carea' id='block_1_57' title="bbox 1969 2863 3484 2940">
    <p class='ocr_par' dir='ltr' id='par_1_57' title="bbox 1969 2863 3484 2940">
     <span class='ocr_line' id='line_1_57' title="bbox 1969 2863 3484 2940; baseline 0.006 -21"><span class='ocrx_word' id='word_1_363' title='bbox 1969 2863 2136 2921; x_wconf 71' lang='lat' dir='ltr'><strong>Vens.</strong></span> <span class='ocrx_word' id='word_1_364' title='bbox 2171 2867 2222 2923; x_wconf 92' lang='lat'><strong>8.</strong></span> <span class='ocrx_word' id='word_1_365' title='bbox 2293 2868 2673 2922; x_wconf 78' lang='lat' dir='ltr'><strong>Transeuntem</strong></span> <span class='ocrx_word' id='word_1_366' title='bbox 2728 2869 2888 2936; x_wconf 71' lang='lat' dir='ltr'><strong>juxta</strong></span> <span class='ocrx_word' id='word_1_367' title='bbox 2941 2871 3217 2940; x_wconf 84' lang='lat' dir='ltr'><strong>angulum,</strong></span> <span class='ocrx_word' id='word_1_368' title='bbox 3292 2875 3346 2926; x_wconf 87' lang='lat' dir='ltr'><strong>in</strong></span> <span class='ocrx_word' id='word_1_369' title='bbox 3389 2876 3484 2928; x_wconf 81' lang='lat' dir='ltr'><strong>riis</strong></span> 
     </span>
    </p>
   </div>
   <div class='ocr_carea' id='block_1_58' title="bbox 1908 2958 3487 3031">
    <p class='ocr_par' dir='ltr' id='par_1_58' title="bbox 1908 2958 3487 3031">
     <span class='ocr_line' id='line_1_58' title="bbox 1908 2958 3487 3031; baseline 0.008 -20"><span class='ocrx_word' id='word_1_370' title='bbox 1908 2958 2093 3013; x_wconf 85' lang='lat' dir='ltr'><strong>domus</strong></span> <span class='ocrx_word' id='word_1_371' title='bbox 2125 2960 2261 3028; x_wconf 83' lang='lat' dir='ltr'><strong>ejus.</strong></span> <span class='ocrx_word' id='word_1_372' title='bbox 2306 2959 2385 3030; x_wconf 91' lang='lat' dir='ltr'><strong>(Si</strong></span> <span class='ocrx_word' id='word_1_373' title='bbox 2439 2962 2708 3031; x_wconf 83' lang='lat' dir='ltr'><strong>occurrit)</strong></span> <span class='ocrx_word' id='word_1_374' title='bbox 2741 2963 2905 3016; x_wconf 88' lang='lat' dir='ltr'><strong>alicui</strong></span> <span class='ocrx_word' id='word_1_375' title='bbox 2942 2964 3176 3018; x_wconf 83' lang='lat' dir='ltr'><strong>ﬁliorum</strong></span> <span class='ocrx_word' id='word_1_376' title='bbox 3209 2982 3311 3020; x_wconf 81' lang='lat' dir='ltr'><strong>nun</strong></span> <span class='ocrx_word' id='word_1_377' title='bbox 3343 2979 3487 3023; x_wconf 86' lang='lat' dir='ltr'><strong>recte</strong></span> 
     </span>
    </p>
   </div>
   <div class='ocr_carea' id='block_1_59' title="bbox 1909 3053 3486 3122">
    <p class='ocr_par' dir='ltr' id='par_1_59' title="bbox 1909 3053 3486 3122">
     <span class='ocr_line' id='line_1_59' title="bbox 1909 3053 3486 3122; baseline 0.004 -16"><span class='ocrx_word' id='word_1_378' title='bbox 1909 3053 2306 3107; x_wconf 86' lang='lat' dir='ltr'><strong>ambulantium</strong></span> <span class='ocrx_word' id='word_1_379' title='bbox 2364 3053 2520 3122; x_wconf 82' lang='lat' dir='ltr'><strong>juxta</strong></span> <span class='ocrx_word' id='word_1_380' title='bbox 2584 3070 2895 3109; x_wconf 89' lang='lat' dir='ltr'><strong>sermonem</strong></span> <span class='ocrx_word' id='word_1_381' title='bbox 2958 3056 3208 3112; x_wconf 67' lang='lat' dir='ltr'><strong>humana:</strong></span> <span class='ocrx_word' id='word_1_382' title='bbox 3255 3070 3486 3122; x_wconf 81' lang='lat' dir='ltr'><strong>naturae,</strong></span> 
     </span>
    </p>
   </div>
   <div class='ocr_carea' id='block_1_60' title="bbox 1905 3128 3486 3218">
    <p class='ocr_par' dir='ltr' id='par_1_60' title="bbox 1905 3128 3486 3218">
     <span class='ocr_line' id='line_1_60' title="bbox 1905 3128 3486 3218; baseline 0.004 -23"><span class='ocrx_word' id='word_1_383' title='bbox 1905 3128 2224 3213; x_wconf 80' lang='lat' dir='ltr'><strong>jungentem</strong></span> <span class='ocrx_word' id='word_1_384' title='bbox 2261 3144 2405 3197; x_wconf 90' lang='lat' dir='ltr'><strong>inter</strong></span> <span class='ocrx_word' id='word_1_385' title='bbox 2458 3152 2802 3213; x_wconf 83' lang='lat' dir='ltr'><strong>setanquam</strong></span> <span class='ocrx_word' id='word_1_386' title='bbox 2853 3147 3137 3215; x_wconf 79' lang='lat' dir='ltr'><strong>angulum,</strong></span> <span class='ocrx_word' id='word_1_387' title='bbox 3192 3159 3245 3202; x_wconf 80' lang='lat' dir='ltr'><strong>et</strong></span> <span class='ocrx_word' id='word_1_388' title='bbox 3281 3159 3486 3218; x_wconf 78' lang='lat' dir='ltr'><strong>partem</strong></span> 
     </span>
    </p>
   </div>
   <div class='ocr_carea' id='block_1_61' title="bbox 210 3235 1811 3315">
    <p class='ocr_par' dir='ltr' id='par_1_61' title="bbox 210 3239 1806 3315">
     <span class='ocr_line' id='line_1_61' title="bbox 210 3239 1806 3315; baseline 0.006 -25"><span class='ocrx_word' id='word_1_389' title='bbox 210 3239 316 3310; x_wconf 82' lang='grc' dir='ltr'>τὴν</span> <span class='ocrx_word' id='word_1_390' title='bbox 369 3239 575 3307; x_wconf 87' lang='grc' dir='ltr'>γνῶσιν</span> <span class='ocrx_word' id='word_1_391' title='bbox 627 3239 736 3292; x_wconf 86' lang='grc' dir='ltr'><strong>τῶν</strong></span> <span class='ocrx_word' id='word_1_392' title='bbox 781 3240 1058 3310; x_wconf 86' lang='grc' dir='ltr'>αἰσθητῶν</span> <span class='ocrx_word' id='word_1_393' title='bbox 1103 3241 1236 3294; x_wconf 87' lang='grc' dir='ltr'>υίῶν</span> <span class='ocrx_word' id='word_1_394' title='bbox 1287 3241 1712 3315; x_wconf 80' lang='grc' dir='ltr'>διεξερχομένων</span> <span class='ocrx_word' id='word_1_395' title='bbox 1747 3247 1806 3299; x_wconf 92' lang='grc' dir='ltr'><strong>ἐν</strong></span> 
     </span>
    </p>
   </div>
   <div class='ocr_carea' id='block_1_62' title="bbox 1920 3235 3490 3315">
    <p class='ocr_par' dir='ltr' id='par_1_62' title="bbox 1920 3235 3490 3306">
     <span class='ocr_line' id='line_1_62' title="bbox 1920 3235 3490 3306; baseline 0.003 -17"><span class='ocrx_word' id='word_1_396' title='bbox 1920 3235 2220 3304; x_wconf 79' lang='lat' dir='ltr'><strong>spiritalem</strong></span> <span class='ocrx_word' id='word_1_397' title='bbox 2251 3241 2308 3288; x_wconf 89' lang='lat' dir='ltr'><strong>ct</strong></span> <span class='ocrx_word' id='word_1_398' title='bbox 2350 3246 2559 3304; x_wconf 80' lang='lat' dir='ltr'><strong>partem</strong></span> <span class='ocrx_word' id='word_1_399' title='bbox 2590 3238 2961 3306; x_wconf 78' lang='lat' dir='ltr'><strong>corporalem,</strong></span> <span class='ocrx_word' id='word_1_400' title='bbox 3004 3247 3058 3292; x_wconf 93' lang='lat' dir='ltr'><strong>et</strong></span> <span class='ocrx_word' id='word_1_401' title='bbox 3112 3241 3274 3294; x_wconf 86' lang='lat' dir='ltr'><strong>rebus</strong></span> <span class='ocrx_word' id='word_1_402' title='bbox 3315 3243 3490 3294; x_wconf 83' lang='lat' dir='ltr'><strong>sensi-</strong></span> 
     </span>
    </p>
   </div>
   <div class='ocr_carea' id='block_1_63' title="bbox 209 3330 1814 3406">
    <p class='ocr_par' dir='ltr' id='par_1_63' title="bbox 209 3330 1814 3406">
     <span class='ocr_line' id='line_1_63' title="bbox 209 3330 1814 3406; baseline 0.004 -22"><span class='ocrx_word' id='word_1_403' title='bbox 209 3333 335 3394; x_wconf 83' lang='grc' dir='ltr'>ταῖς</span> <span class='ocrx_word' id='word_1_404' title='bbox 384 3330 687 3401; x_wconf 77' lang='grc' dir='ltr'>ἐνεργείαις</span> <span class='ocrx_word' id='word_1_405' title='bbox 725 3335 844 3393; x_wconf 88' lang='grc' dir='ltr'>ταῖς</span> <span class='ocrx_word' id='word_1_406' title='bbox 914 3332 1057 3386; x_wconf 85' lang='grc' dir='ltr'><strong>κατά</strong></span> <span class='ocrx_word' id='word_1_407' title='bbox 1116 3334 1186 3387; x_wconf 85' lang='grc' dir='ltr'><strong>τά</strong></span> <span class='ocrx_word' id='word_1_408' title='bbox 1237 3333 1606 3406; x_wconf 76' lang='grc' dir='ltr'>αἰσθητήρια·</span> <span class='ocrx_word' id='word_1_409' title='bbox 1655 3337 1814 3392; x_wconf 83' lang='grc' dir='ltr'>ἀτινά</span> 
     </span>
    </p>
   </div>
   <div class='ocr_carea' id='block_1_64' title="bbox 213 3422 1813 3498">
    <p class='ocr_par' dir='ltr' id='par_1_64' title="bbox 213 3422 1813 3498">
     <span class='ocr_line' id='line_1_64' title="bbox 213 3422 1813 3498; baseline 0.006 -24"><span class='ocrx_word' id='word_1_410' title='bbox 213 3425 326 3475; x_wconf 79' lang='grc' dir='ltr'>εἰσι</span> <span class='ocrx_word' id='word_1_411' title='bbox 359 3423 498 3491; x_wconf 73' lang='grc' dir='ltr'>πρὸς</span> <span class='ocrx_word' id='word_1_412' title='bbox 533 3423 602 3475; x_wconf 85' lang='grc' dir='ltr'>τὰ</span> <span class='ocrx_word' id='word_1_413' title='bbox 633 3422 875 3493; x_wconf 83' lang='grc' dir='ltr'>αίσθητά</span> <span class='ocrx_word' id='word_1_414' title='bbox 903 3425 1013 3478; x_wconf 73' lang='grc' dir='ltr'>ὁδοὶ</span> <span class='ocrx_word' id='word_1_415' title='bbox 1038 3424 1150 3478; x_wconf 82' lang='grc' dir='ltr'><strong>τῶν</strong></span> <span class='ocrx_word' id='word_1_416' title='bbox 1186 3425 1493 3498; x_wconf 74' lang='grc' dir='ltr'>αἰσθήσεων</span> <span class='ocrx_word' id='word_1_417' title='bbox 1520 3446 1534 3462; x_wconf 78' lang='grc' dir='ltr'><strong><em>ο</em></strong></span> <span class='ocrx_word' id='word_1_418' title='bbox 1592 3425 1681 3494; x_wconf 74' lang='grc' dir='ltr'>αἶς</span> <span class='ocrx_word' id='word_1_419' title='bbox 1737 3431 1813 3496; x_wconf 91' lang='grc' dir='ltr'><strong>ώς</strong></span> 
     </span>
    </p>
   </div>
   <div class='ocr_carea' id='block_1_65' title="bbox 211 3514 1202 3588">
    <p class='ocr_par' dir='ltr' id='par_1_65' title="bbox 211 3514 1202 3588">
     <span class='ocr_line' id='line_1_65' title="bbox 211 3514 1202 3588; baseline 0.003 -19"><span class='ocrx_word' id='word_1_420' title='bbox 211 3514 276 3569; x_wconf 77' lang='grc' dir='ltr'><strong>ἐν</strong></span> <span class='ocrx_word' id='word_1_421' title='bbox 299 3531 444 3568; x_wconf 87' lang='grc' dir='ltr'>τισιν</span> <span class='ocrx_word' id='word_1_422' title='bbox 468 3516 642 3577; x_wconf 82' lang='grc' dir='ltr'>οἴκοις</span> <span class='ocrx_word' id='word_1_423' title='bbox 672 3514 813 3587; x_wconf 80' lang='grc' dir='ltr'>αὔτη</span> <span class='ocrx_word' id='word_1_424' title='bbox 850 3515 1202 3588; x_wconf 76' lang='grc' dir='ltr'>ἐνδιατρίϐει.</span> 
     </span>
    </p>
   </div>
   <div class='ocr_carea' id='block_1_66' title="bbox 285 3696 1816 3773">
    <p class='ocr_par' dir='ltr' id='par_1_66' title="bbox 285 3696 1816 3773">
     <span class='ocr_line' id='line_1_66' title="bbox 285 3696 1816 3773; baseline 0.005 -23"><span class='ocrx_word' id='word_1_425' title='bbox 285 3696 352 3751; x_wconf 88' lang='grc' dir='ltr'>θ’.</span> <span class='ocrx_word' id='word_1_426' title='bbox 390 3696 502 3750; x_wconf 82' lang='grc' dir='ltr'>Καί</span> <span class='ocrx_word' id='word_1_427' title='bbox 529 3697 844 3750; x_wconf 73' lang='grc' dir='ltr'>λαλοῦντα</span> <span class='ocrx_word' id='word_1_428' title='bbox 871 3698 941 3752; x_wconf 79' lang='grc' dir='ltr'><strong>ἐν</strong></span> <span class='ocrx_word' id='word_1_429' title='bbox 981 3701 1188 3755; x_wconf 83' lang='grc' dir='ltr'>σκότει</span> <span class='ocrx_word' id='word_1_430' title='bbox 1235 3702 1552 3772; x_wconf 81' lang='grc' dir='ltr'>ἐσπερινῷ.</span> <span class='ocrx_word' id='word_1_431' title='bbox 1615 3706 1722 3759; x_wconf 74' lang='grc' dir='ltr'><strong>Καὶ</strong></span> <span class='ocrx_word' id='word_1_432' title='bbox 1745 3698 1816 3773; x_wconf 80' lang='grc' dir='ltr'><strong>ᾧ-</strong></span> 
     </span>
    </p>
   </div>
   <div class='ocr_carea' id='block_1_67' title="bbox 211 3790 1814 3865">
    <p class='ocr_par' dir='ltr' id='par_1_67' title="bbox 211 3790 1814 3865">
     <span class='ocr_line' id='line_1_67' title="bbox 211 3790 1814 3865; baseline 0.004 -22"><span class='ocrx_word' id='word_1_433' title='bbox 211 3808 327 3844; x_wconf 84' lang='grc' dir='ltr'>τινι</span> <span class='ocrx_word' id='word_1_434' title='bbox 357 3790 790 3858; x_wconf 82' lang='grc' dir='ltr'>διαλογιζομένῳ</span> <span class='ocrx_word' id='word_1_435' title='bbox 829 3792 886 3843; x_wconf 91' lang='grc' dir='ltr'><strong>ἐν</strong></span> <span class='ocrx_word' id='word_1_436' title='bbox 905 3791 1090 3845; x_wconf 87' lang='grc' dir='ltr'>σκότει</span> <span class='ocrx_word' id='word_1_437' title='bbox 1135 3794 1383 3860; x_wconf 76' lang='grc' dir='ltr'>ἀγνοίας,</span> <span class='ocrx_word' id='word_1_438' title='bbox 1419 3795 1538 3865; x_wconf 87' lang='grc' dir='ltr'>μεθ’</span> <span class='ocrx_word' id='word_1_439' title='bbox 1558 3796 1586 3848; x_wconf 80' lang='grc' dir='ltr'>ὃ</span> <span class='ocrx_word' id='word_1_440' title='bbox 1612 3797 1676 3849; x_wconf 88' lang='grc' dir='ltr'>ἂν</span> <span class='ocrx_word' id='word_1_441' title='bbox 1711 3798 1814 3850; x_wconf 85' lang='grc' dir='ltr'><strong>ὑπὸ</strong></span> 
     </span>
    </p>
   </div>
   <div class='ocr_carea' id='block_1_68' title="bbox 213 3881 1816 3958">
    <p class='ocr_par' dir='ltr' id='par_1_68' title="bbox 213 3881 1816 3958">
     <span class='ocr_line' id='line_1_68' title="bbox 213 3881 1816 3958; baseline 0.007 -28"><span class='ocrx_word' id='word_1_442' title='bbox 213 3881 319 3953; x_wconf 78' lang='grc' dir='ltr'>τὴν</span> <span class='ocrx_word' id='word_1_443' title='bbox 371 3881 562 3949; x_wconf 82' lang='grc' dir='ltr'>γήϊνον</span> <span class='ocrx_word' id='word_1_444' title='bbox 624 3881 805 3950; x_wconf 82' lang='grc' dir='ltr'>σάρκα</span> <span class='ocrx_word' id='word_1_445' title='bbox 843 3881 1096 3953; x_wconf 78' lang='grc' dir='ltr'>κρυσῶσι</span> <span class='ocrx_word' id='word_1_446' title='bbox 1149 3887 1289 3937; x_wconf 87' lang='grc' dir='ltr'><strong>κατά</strong></span> <span class='ocrx_word' id='word_1_447' title='bbox 1321 3885 1422 3956; x_wconf 81' lang='grc' dir='ltr'>τὴν</span> <span class='ocrx_word' id='word_1_448' title='bbox 1457 3888 1585 3957; x_wconf 71' lang='grc' dir='ltr'>περὶ</span> <span class='ocrx_word' id='word_1_449' title='bbox 1613 3888 1816 3958; x_wconf 85' lang='grc' dir='ltr'>ταύτην</span> 
     </span>
    </p>
   </div>
   <div class='ocr_carea' id='block_1_69' title="bbox 214 3968 1816 4050">
    <p class='ocr_par' dir='ltr' id='par_1_69' title="bbox 214 3968 1816 4050">
     <span class='ocr_line' id='line_1_69' title="bbox 214 3968 1816 4050; baseline 0.006 -29"><span class='ocrx_word' id='word_1_450' title='bbox 214 3971 412 4039; x_wconf 81' lang='grc' dir='ltr'>σχέσιν</span> <span class='ocrx_word' id='word_1_451' title='bbox 446 3968 637 4034; x_wconf 78' lang='grc' dir='ltr'>αὐτοῦ,</span> <span class='ocrx_word' id='word_1_452' title='bbox 670 3971 727 4024; x_wconf 79' lang='grc' dir='ltr'>αἱ</span> <span class='ocrx_word' id='word_1_453' title='bbox 759 3969 1151 4039; x_wconf 76' lang='grc' dir='ltr'>διαυγάζουσαι</span> <span class='ocrx_word' id='word_1_454' title='bbox 1181 3973 1356 4046; x_wconf 87' lang='grc' dir='ltr'>τούτῳ</span> <span class='ocrx_word' id='word_1_455' title='bbox 1389 3975 1488 4047; x_wconf 81' lang='grc' dir='ltr'>τὴν</span> <span class='ocrx_word' id='word_1_456' title='bbox 1543 3976 1661 4030; x_wconf 84' lang='grc' dir='ltr'>ὁδὸν</span> <span class='ocrx_word' id='word_1_457' title='bbox 1718 3979 1816 4050; x_wconf 81' lang='grc' dir='ltr'>τῆς</span> 
     </span>
    </p>
   </div>
   <div class='ocr_carea' id='block_1_70' title="bbox 209 4061 1816 4139">
    <p class='ocr_par' dir='ltr' id='par_1_70' title="bbox 209 4061 1816 4139">
     <span class='ocr_line' id='line_1_70' title="bbox 209 4061 1816 4139; baseline 0.006 -25"><span class='ocrx_word' id='word_1_458' title='bbox 209 4061 572 4130; x_wconf 84' lang='grc' dir='ltr'>δικαιοσύνης</span> <span class='ocrx_word' id='word_1_459' title='bbox 612 4061 755 4115; x_wconf 87' lang='grc' dir='ltr'>θεῖαι</span> <span class='ocrx_word' id='word_1_460' title='bbox 782 4062 1030 4130; x_wconf 78' lang='grc' dir='ltr'>ἐντολαὶ,</span> <span class='ocrx_word' id='word_1_461' title='bbox 1074 4065 1266 4137; x_wconf 88' lang='grc' dir='ltr'>ῶσπερ</span> <span class='ocrx_word' id='word_1_462' title='bbox 1315 4067 1419 4121; x_wconf 72' lang='grc' dir='ltr'><strong>ὑπὸ</strong></span> <span class='ocrx_word' id='word_1_463' title='bbox 1451 4068 1556 4139; x_wconf 83' lang='grc' dir='ltr'><strong>γῆν</strong></span> <span class='ocrx_word' id='word_1_464' title='bbox 1601 4071 1816 4135; x_wconf 84' lang='grc' dir='ltr'>ἀκτῖνες</span> 
     </span>
    </p>
   </div>
   <div class='ocr_carea' id='block_1_71' title="bbox 211 4154 471 4226">
    <p class='ocr_par' dir='ltr' id='par_1_71' title="bbox 211 4154 471 4226">
     <span class='ocr_line' id='line_1_71' title="bbox 211 4154 471 4226; baseline 0.012 -20"><span class='ocrx_word' id='word_1_465' title='bbox 211 4154 471 4226; x_wconf 74' lang='grc' dir='ltr'>ἡλιακαί.</span> 
     </span>
    </p>
   </div>
   <div class='ocr_carea' id='block_1_72' title="bbox 307 4245 1812 4321">
    <p class='ocr_par' dir='ltr' id='par_1_72' title="bbox 307 4245 1812 4321">
     <span class='ocr_line' id='line_1_72' title="bbox 307 4245 1812 4321; baseline 0.005 -20"><span class='ocrx_word' id='word_1_466' title='bbox 307 4247 515 4301; x_wconf 79' lang='grc' dir='ltr'>Ἠνίκα</span> <span class='ocrx_word' id='word_1_467' title='bbox 571 4246 648 4300; x_wconf 86' lang='grc' dir='ltr'>ἂν</span> <span class='ocrx_word' id='word_1_468' title='bbox 689 4247 927 4317; x_wconf 77' lang='grc' dir='ltr'>ἡσυχία</span> <span class='ocrx_word' id='word_1_469' title='bbox 968 4247 1293 4318; x_wconf 80' lang='grc' dir='ltr'>νυκτερινὴ</span> <span class='ocrx_word' id='word_1_470' title='bbox 1321 4245 1364 4321; x_wconf 77' lang='grc' dir='ltr'><em>ᾖ</em></span> <span class='ocrx_word' id='word_1_471' title='bbox 1398 4251 1496 4304; x_wconf 79' lang='grc' dir='ltr'><strong>καί</strong></span> <span class='ocrx_word' id='word_1_472' title='bbox 1530 4250 1812 4321; x_wconf 77' lang='grc' dir='ltr'>ζοφώδης.</span> 
     </span>
    </p>
   </div>
   <div class='ocr_carea' id='block_1_73' title="bbox 226 4339 1817 4414">
    <p class='ocr_par' dir='ltr' id='par_1_73' title="bbox 226 4339 1817 4414">
     <span class='ocr_line' id='line_1_73' title="bbox 226 4339 1817 4414; baseline 0.004 -22"><span class='ocrx_word' id='word_1_473' title='bbox 226 4341 507 4410; x_wconf 76' lang='grc' dir='ltr'>Ὅπηνίκα</span> <span class='ocrx_word' id='word_1_474' title='bbox 530 4342 607 4411; x_wconf 79' lang='grc' dir='ltr'>μὴ</span> <span class='ocrx_word' id='word_1_475' title='bbox 635 4339 1003 4410; x_wconf 76' lang='grc' dir='ltr'>διαλογίζεται</span> <span class='ocrx_word' id='word_1_476' title='bbox 1040 4358 1095 4395; x_wconf 86' lang='grc' dir='ltr'><strong>τι</strong></span> <span class='ocrx_word' id='word_1_477' title='bbox 1134 4342 1390 4413; x_wconf 82' lang='grc' dir='ltr'>χρηστὸν,</span> <span class='ocrx_word' id='word_1_478' title='bbox 1420 4344 1489 4396; x_wconf 84' lang='grc' dir='ltr'><strong>δι’</strong></span> <span class='ocrx_word' id='word_1_479' title='bbox 1544 4345 1817 4414; x_wconf 85' lang='grc' dir='ltr'>ἀγνωσίαν</span> 
     </span>
    </p>
   </div>
   <div class='ocr_carea' id='block_1_74' title="bbox 213 4433 1174 4502">
    <p class='ocr_par' dir='ltr' id='par_1_74' title="bbox 213 4433 1174 4502">
     <span class='ocr_line' id='line_1_74' title="bbox 213 4433 1174 4502; baseline 0.001 -16"><span class='ocrx_word' id='word_1_480' title='bbox 213 4433 314 4486; x_wconf 78' lang='grc' dir='ltr'>καὶ</span> <span class='ocrx_word' id='word_1_481' title='bbox 342 4433 612 4502; x_wconf 86' lang='grc' dir='ltr'>ἀορασίαν</span> <span class='ocrx_word' id='word_1_482' title='bbox 642 4434 735 4485; x_wconf 83' lang='grc' dir='ltr'>τοῦ</span> <span class='ocrx_word' id='word_1_483' title='bbox 781 4433 951 4495; x_wconf 80' lang='grc' dir='ltr'>δντως</span> <span class='ocrx_word' id='word_1_484' title='bbox 980 4433 1174 4487; x_wconf 80' lang='grc' dir='ltr'>καλοῦ.</span> 
     </span>
    </p>
   </div>
   <div class='ocr_carea' id='block_1_75' title="bbox 296 4523 1815 4598">
    <p class='ocr_par' dir='ltr' id='par_1_75' title="bbox 296 4523 1815 4598">
     <span class='ocr_line' id='line_1_75' title="bbox 296 4523 1815 4598; baseline 0.004 -21"><span class='ocrx_word' id='word_1_485' title='bbox 296 4530 350 4577; x_wconf 88' lang='grc' dir='ltr'>ι’.</span> <span class='ocrx_word' id='word_1_486' title='bbox 389 4525 451 4579; x_wconf 82' lang='grc' dir='ltr'><em>Ἡ</em></span> <span class='ocrx_word' id='word_1_487' title='bbox 482 4524 553 4576; x_wconf 81' lang='grc' dir='ltr'>δὲ</span> <span class='ocrx_word' id='word_1_488' title='bbox 601 4523 759 4592; x_wconf 78' lang='grc' dir='ltr'>γυνὴ</span> <span class='ocrx_word' id='word_1_489' title='bbox 810 4523 1086 4592; x_wconf 87' lang='grc' dir='ltr'>συναντᾷ</span> <span class='ocrx_word' id='word_1_490' title='bbox 1139 4525 1319 4591; x_wconf 82' lang='grc' dir='ltr'>αὐτῷ,</span> <span class='ocrx_word' id='word_1_491' title='bbox 1368 4523 1529 4594; x_wconf 77' lang='grc' dir='ltr'>εἶδος</span> <span class='ocrx_word' id='word_1_492' title='bbox 1585 4529 1815 4598; x_wconf 84' lang='grc' dir='ltr'>ἔχουσα</span> 
     </span>
    </p>
   </div>
   <div class='ocr_carea' id='block_1_76' title="bbox 1915 3324 3488 3395">
    <p class='ocr_par' dir='ltr' id='par_1_76' title="bbox 1915 3324 3488 3395">
     <span class='ocr_line' id='line_1_76' title="bbox 1915 3324 3488 3395; baseline 0.003 -17"><span class='ocrx_word' id='word_1_493' title='bbox 1915 3324 2060 3378; x_wconf 83' lang='lat' dir='ltr'><strong>libus</strong></span> <span class='ocrx_word' id='word_1_494' title='bbox 2106 3325 2442 3389; x_wconf 73' lang='lat' dir='ltr'><strong>inhmrendo,</strong></span> <span class='ocrx_word' id='word_1_495' title='bbox 2506 3340 2766 3380; x_wconf 88' lang='lat' dir='ltr'><strong>sensuum</strong></span> <span class='ocrx_word' id='word_1_496' title='bbox 2825 3327 3110 3381; x_wconf 86' lang='lat' dir='ltr'><strong>scientiam</strong></span> <span class='ocrx_word' id='word_1_497' title='bbox 3158 3329 3488 3395; x_wconf 82' lang='lat' dir='ltr'><strong>colentium;</strong></span> 
     </span>
    </p>
   </div>
   <div class='ocr_carea' id='block_1_77' title="bbox 1914 3419 3491 3488">
    <p class='ocr_par' dir='ltr' id='par_1_77' title="bbox 1914 3419 3491 3488">
     <span class='ocr_line' id='line_1_77' title="bbox 1914 3419 3491 3488; baseline 0.003 -15"><span class='ocrx_word' id='word_1_498' title='bbox 1914 3433 2002 3473; x_wconf 90' lang='lat' dir='ltr'><strong>res</strong></span> <span class='ocrx_word' id='word_1_499' title='bbox 2028 3419 2173 3472; x_wconf 90' lang='lat' dir='ltr'><strong>enim</strong></span> <span class='ocrx_word' id='word_1_500' title='bbox 2231 3419 2468 3473; x_wconf 85' lang='lat' dir='ltr'><strong>sensiles</strong></span> <span class='ocrx_word' id='word_1_501' title='bbox 2523 3428 2650 3473; x_wconf 89' lang='lat' dir='ltr'><strong>sunt</strong></span> <span class='ocrx_word' id='word_1_502' title='bbox 2710 3420 2967 3473; x_wconf 86' lang='lat' dir='ltr'><strong>sensibus</strong></span> <span class='ocrx_word' id='word_1_503' title='bbox 3017 3421 3266 3488; x_wconf 66' lang='lat' dir='ltr'><strong>quaedam</strong></span> <span class='ocrx_word' id='word_1_504' title='bbox 3300 3424 3398 3476; x_wconf 73' lang='lat' dir='ltr'><strong>viae</strong></span> <span class='ocrx_word' id='word_1_505' title='bbox 3427 3425 3491 3476; x_wconf 87' lang='lat' dir='ltr'><strong>ad</strong></span> 
     </span>
    </p>
   </div>
   <div class='ocr_carea' id='block_1_78' title="bbox 1914 3510 3494 3580">
    <p class='ocr_par' dir='ltr' id='par_1_78' title="bbox 1914 3510 3494 3580">
     <span class='ocr_line' id='line_1_78' title="bbox 1914 3510 3494 3580; baseline 0.003 -17"><span class='ocrx_word' id='word_1_506' title='bbox 1914 3510 2248 3579; x_wconf 86' lang='lat' dir='ltr'><strong>voluptates,</strong></span> <span class='ocrx_word' id='word_1_507' title='bbox 2292 3511 2345 3564; x_wconf 92' lang='lat' dir='ltr'><strong>in</strong></span> <span class='ocrx_word' id='word_1_508' title='bbox 2404 3511 2605 3580; x_wconf 86' lang='lat' dir='ltr'><strong>quibus</strong></span> <span class='ocrx_word' id='word_1_509' title='bbox 2659 3511 2825 3565; x_wconf 84' lang='lat' dir='ltr'><strong>veluti</strong></span> <span class='ocrx_word' id='word_1_510' title='bbox 2886 3512 2940 3566; x_wconf 89' lang='lat' dir='ltr'><strong>in</strong></span> <span class='ocrx_word' id='word_1_511' title='bbox 2979 3512 3237 3568; x_wconf 87' lang='lat' dir='ltr'><strong>domibus</strong></span> <span class='ocrx_word' id='word_1_512' title='bbox 3285 3515 3494 3568; x_wconf 72' lang='lat' dir='ltr'><strong>habitat</strong></span> 
     </span>
    </p>
   </div>
   <div class='ocr_carea' id='block_1_79' title="bbox 1915 3599 2028 3653">
    <p class='ocr_par' dir='ltr' id='par_1_79' title="bbox 1915 3599 2028 3653">
     <span class='ocr_line' id='line_1_79' title="bbox 1915 3599 2028 3653; baseline -0.009 0"><span class='ocrx_word' id='word_1_513' title='bbox 1915 3599 2028 3653; x_wconf 91' lang='lat' dir='ltr'><strong>illa.</strong></span> 
     </span>
    </p>
   </div>
   <div class='ocr_carea' id='block_1_80' title="bbox 1981 3688 3498 3762">
    <p class='ocr_par' dir='ltr' id='par_1_80' title="bbox 1981 3688 3498 3762">
     <span class='ocr_line' id='line_1_80' title="bbox 1981 3688 3498 3762; baseline 0.004 -18"><span class='ocrx_word' id='word_1_514' title='bbox 1981 3689 2148 3746; x_wconf 69' lang='lat' dir='ltr'><strong>Vens.</strong></span> <span class='ocrx_word' id='word_1_515' title='bbox 2202 3691 2255 3745; x_wconf 90' lang='lat'><strong>9.</strong></span> <span class='ocrx_word' id='word_1_516' title='bbox 2311 3688 2379 3743; x_wconf 83' lang='lat' dir='ltr'><strong>Et</strong></span> <span class='ocrx_word' id='word_1_517' title='bbox 2413 3691 2708 3760; x_wconf 85' lang='lat' dir='ltr'><strong>loquentem</strong></span> <span class='ocrx_word' id='word_1_518' title='bbox 2757 3694 2811 3746; x_wconf 87' lang='lat' dir='ltr'><strong>in</strong></span> <span class='ocrx_word' id='word_1_519' title='bbox 2863 3693 3108 3758; x_wconf 84' lang='lat' dir='ltr'><strong>tenebris,</strong></span> <span class='ocrx_word' id='word_1_520' title='bbox 3166 3711 3392 3762; x_wconf 76' lang='lat' dir='ltr'><strong>vespere.</strong></span> <span class='ocrx_word' id='word_1_521' title='bbox 3433 3697 3498 3750; x_wconf 74' lang='lat' dir='ltr'><strong>Et</strong></span> 
     </span>
    </p>
   </div>
   <div class='ocr_carea' id='block_1_81' title="bbox 1916 3781 3497 3856">
    <p class='ocr_par' dir='ltr' id='par_1_81' title="bbox 1916 3781 3497 3856">
     <span class='ocr_line' id='line_1_81' title="bbox 1916 3781 3497 3856; baseline 0.003 -20"><span class='ocrx_word' id='word_1_522' title='bbox 1916 3781 2166 3853; x_wconf 88' lang='lat' dir='ltr'><strong>loquenti</strong></span> <span class='ocrx_word' id='word_1_523' title='bbox 2222 3785 2276 3837; x_wconf 94' lang='lat' dir='ltr'><strong>in</strong></span> <span class='ocrx_word' id='word_1_524' title='bbox 2305 3785 2633 3853; x_wconf 71' lang='lat' dir='ltr'><strong>ignorantia:</strong></span> <span class='ocrx_word' id='word_1_525' title='bbox 2677 3785 2943 3849; x_wconf 91' lang='lat' dir='ltr'><strong>tenebris,</strong></span> <span class='ocrx_word' id='word_1_526' title='bbox 2995 3788 3198 3856; x_wconf 90' lang='lat' dir='ltr'><strong>quibus</strong></span> <span class='ocrx_word' id='word_1_527' title='bbox 3241 3787 3497 3842; x_wconf 85' lang='lat' dir='ltr'><strong>duranti-</strong></span> 
     </span>
    </p>
   </div>
   <div class='ocr_carea' id='block_1_82' title="bbox 1916 3874 3497 3944">
    <p class='ocr_par' dir='ltr' id='par_1_82' title="bbox 1916 3874 3497 3944">
     <span class='ocr_line' id='line_1_82' title="bbox 1916 3874 3497 3944; baseline 0.002 -15"><span class='ocrx_word' id='word_1_528' title='bbox 1916 3874 2043 3937; x_wconf 86' lang='lat' dir='ltr'><strong>bus,</strong></span> <span class='ocrx_word' id='word_1_529' title='bbox 2075 3874 2233 3944; x_wconf 86' lang='lat' dir='ltr'><strong>quasi</strong></span> <span class='ocrx_word' id='word_1_530' title='bbox 2271 3876 2407 3928; x_wconf 90' lang='lat' dir='ltr'><strong>radii</strong></span> <span class='ocrx_word' id='word_1_531' title='bbox 2442 3875 2656 3929; x_wconf 88' lang='lat' dir='ltr'><strong>solares</strong></span> <span class='ocrx_word' id='word_1_532' title='bbox 2690 3877 2792 3930; x_wconf 89' lang='lat' dir='ltr'><strong>sub</strong></span> <span class='ocrx_word' id='word_1_533' title='bbox 2836 3886 3004 3940; x_wconf 87' lang='lat' dir='ltr'><strong>terra,</strong></span> <span class='ocrx_word' id='word_1_534' title='bbox 3041 3879 3113 3930; x_wconf 85' lang='lat' dir='ltr'><strong>ita</strong></span> <span class='ocrx_word' id='word_1_535' title='bbox 3148 3877 3249 3933; x_wconf 90' lang='lat' dir='ltr'><strong>sub</strong></span> <span class='ocrx_word' id='word_1_536' title='bbox 3281 3891 3497 3933; x_wconf 79' lang='lat' dir='ltr'><strong>terrena</strong></span> 
     </span>
    </p>
   </div>
   <div class='ocr_carea' id='block_1_83' title="bbox 1917 3967 3498 4037">
    <p class='ocr_par' dir='ltr' id='par_1_83' title="bbox 1917 3967 3498 4037">
     <span class='ocr_line' id='line_1_83' title="bbox 1917 3967 3498 4037; baseline 0.001 -15"><span class='ocrx_word' id='word_1_537' title='bbox 1917 3981 2107 4030; x_wconf 87' lang='lat' dir='ltr'><strong>carne,</strong></span> <span class='ocrx_word' id='word_1_538' title='bbox 2162 3978 2386 4037; x_wconf 89' lang='lat' dir='ltr'><strong>propter</strong></span> <span class='ocrx_word' id='word_1_539' title='bbox 2438 3967 2558 4035; x_wconf 85' lang='lat' dir='ltr'><strong>ejus</strong></span> <span class='ocrx_word' id='word_1_540' title='bbox 2607 3969 2659 4021; x_wconf 89' lang='lat' dir='ltr'><strong>in</strong></span> <span class='ocrx_word' id='word_1_541' title='bbox 2701 3983 2821 4021; x_wconf 88' lang='lat' dir='ltr'><strong>eam</strong></span> <span class='ocrx_word' id='word_1_542' title='bbox 2854 3967 3228 4035; x_wconf 81' lang='lat' dir='ltr'><strong>dilectionem,</strong></span> <span class='ocrx_word' id='word_1_543' title='bbox 3267 3970 3498 4024; x_wconf 88' lang='lat' dir='ltr'><strong>abscon-</strong></span> 
     </span>
    </p>
   </div>
   <div class='ocr_carea' id='block_1_84' title="bbox 1918 4057 3500 4131">
    <p class='ocr_par' dir='ltr' id='par_1_84' title="bbox 1918 4057 3500 4131">
     <span class='ocr_line' id='line_1_84' title="bbox 1918 4057 3500 4131; baseline 0.003 -19"><span class='ocrx_word' id='word_1_544' title='bbox 1918 4057 2125 4114; x_wconf 92' lang='lat' dir='ltr'><strong>duutur</strong></span> <span class='ocrx_word' id='word_1_545' title='bbox 2185 4059 2372 4114; x_wconf 88' lang='lat' dir='ltr'><strong>divina</strong></span> <span class='ocrx_word' id='word_1_546' title='bbox 2418 4070 2710 4130; x_wconf 63' lang='lat' dir='ltr'><strong>praecepta,</strong></span> <span class='ocrx_word' id='word_1_547' title='bbox 2769 4061 2846 4115; x_wconf 91' lang='lat' dir='ltr'><strong>illi</strong></span> <span class='ocrx_word' id='word_1_548' title='bbox 2903 4062 3045 4115; x_wconf 89' lang='lat' dir='ltr'><strong>viam</strong></span> <span class='ocrx_word' id='word_1_549' title='bbox 3095 4061 3326 4131; x_wconf 76' lang='lat' dir='ltr'><strong>justitiue</strong></span> <span class='ocrx_word' id='word_1_550' title='bbox 3371 4064 3500 4116; x_wconf 90' lang='lat' dir='ltr'><strong>illu-</strong></span> 
     </span>
    </p>
   </div>
   <div class='ocr_carea' id='block_1_85' title="bbox 1916 4153 2166 4207">
    <p class='ocr_par' dir='ltr' id='par_1_85' title="bbox 1916 4153 2166 4207">
     <span class='ocr_line' id='line_1_85' title="bbox 1916 4153 2166 4207; baseline 0 -1"><span class='ocrx_word' id='word_1_551' title='bbox 1916 4153 2166 4207; x_wconf 89' lang='lat' dir='ltr'><strong>strantia.</strong></span> 
     </span>
    </p>
   </div>
   <div class='ocr_carea' id='block_1_86' title="bbox 1988 4245 3499 4312">
    <p class='ocr_par' dir='ltr' id='par_1_86' title="bbox 1988 4245 3499 4312">
     <span class='ocr_line' id='line_1_86' title="bbox 1988 4245 3499 4312; baseline 0.001 -14"><span class='ocrx_word' id='word_1_552' title='bbox 1988 4245 2216 4312; x_wconf 84' lang='lat' dir='ltr'><strong>Quando</strong></span> <span class='ocrx_word' id='word_1_553' title='bbox 2246 4245 2518 4299; x_wconf 85' lang='lat' dir='ltr'><strong>silentium</strong></span> <span class='ocrx_word' id='word_1_554' title='bbox 2557 4246 2728 4299; x_wconf 87' lang='lat' dir='ltr'><strong>noctis</strong></span> <span class='ocrx_word' id='word_1_555' title='bbox 2763 4255 2811 4298; x_wconf 88' lang='lat' dir='ltr'><strong>et</strong></span> <span class='ocrx_word' id='word_1_556' title='bbox 2850 4245 3145 4299; x_wconf 85' lang='lat' dir='ltr'><strong>obscuritas</strong></span> <span class='ocrx_word' id='word_1_557' title='bbox 3179 4246 3336 4299; x_wconf 83' lang='lat' dir='ltr'><strong>venit.</strong></span> <span class='ocrx_word' id='word_1_558' title='bbox 3365 4245 3499 4300; x_wconf 89' lang='lat' dir='ltr'><strong>Cum</strong></span> 
     </span>
    </p>
   </div>
   <div class='ocr_carea' id='block_1_87' title="bbox 1920 4338 3530 4410">
    <p class='ocr_par' dir='ltr' id='par_1_87' title="bbox 1920 4338 3530 4410">
     <span class='ocr_line' id='line_1_87' title="bbox 1920 4338 3530 4410; baseline 0.001 -17"><span class='ocrx_word' id='word_1_559' title='bbox 1920 4338 2057 4393; x_wconf 90' lang='lat' dir='ltr'><strong>nihil</strong></span> <span class='ocrx_word' id='word_1_560' title='bbox 2126 4338 2254 4392; x_wconf 89' lang='lat' dir='ltr'><strong>boni</strong></span> <span class='ocrx_word' id='word_1_561' title='bbox 2304 4345 2450 4408; x_wconf 73' lang='lat' dir='ltr'><strong>agat,</strong></span> <span class='ocrx_word' id='word_1_562' title='bbox 2493 4339 2563 4392; x_wconf 87' lang='lat' dir='ltr'><strong>ob</strong></span> <span class='ocrx_word' id='word_1_563' title='bbox 2595 4339 2967 4408; x_wconf 81' lang='lat' dir='ltr'><strong>ignorantiam</strong></span> <span class='ocrx_word' id='word_1_564' title='bbox 3021 4339 3132 4394; x_wconf 91' lang='lat' dir='ltr'><strong>veri</strong></span> <span class='ocrx_word' id='word_1_565' title='bbox 3174 4339 3303 4393; x_wconf 90' lang='lat' dir='ltr'><strong>boni</strong></span> <span class='ocrx_word' id='word_1_566' title='bbox 3352 4341 3530 4410; x_wconf 88' lang='lat' dir='ltr'><strong>quod</strong></span> 
     </span>
    </p>
   </div>
   <div class='ocr_carea' id='block_1_88' title="bbox 1922 4430 2508 4485">
    <p class='ocr_par' dir='ltr' id='par_1_88' title="bbox 1922 4430 2508 4485">
     <span class='ocr_line' id='line_1_88' title="bbox 1922 4430 2508 4485; baseline 0.002 -1"><span class='ocrx_word' id='word_1_567' title='bbox 1922 4445 2029 4485; x_wconf 88' lang='lat' dir='ltr'><strong>non</strong></span> <span class='ocrx_word' id='word_1_568' title='bbox 2072 4430 2242 4484; x_wconf 86' lang='lat' dir='ltr'><strong>videt.</strong></span> <span class='ocrx_word' id='word_1_569' title='bbox 2502 4436 2508 4441; x_wconf 86' lang='grc'><em>’</em></span> 
     </span>
    </p>
   </div>
   <div class='ocr_carea' id='block_1_89' title="bbox 1986 4520 3502 4592">
    <p class='ocr_par' dir='ltr' id='par_1_89' title="bbox 1986 4520 3502 4592">
     <span class='ocr_line' id='line_1_89' title="bbox 1986 4520 3502 4592; baseline 0.001 -16"><span class='ocrx_word' id='word_1_570' title='bbox 1986 4521 2154 4578; x_wconf 74' lang='lat' dir='ltr'><strong>Vsus.</strong></span> <span class='ocrx_word' id='word_1_571' title='bbox 2189 4523 2275 4576; x_wconf 82' lang='grc'><strong>10.</strong></span> <span class='ocrx_word' id='word_1_572' title='bbox 2340 4520 2540 4576; x_wconf 83' lang='lat' dir='ltr'><strong>Mulier</strong></span> <span class='ocrx_word' id='word_1_573' title='bbox 2566 4532 2692 4575; x_wconf 86' lang='lat' dir='ltr'><strong>tunc</strong></span> <span class='ocrx_word' id='word_1_574' title='bbox 2729 4524 2964 4576; x_wconf 86' lang='lat' dir='ltr'><strong>occurrit</strong></span> <span class='ocrx_word' id='word_1_575' title='bbox 2999 4523 3102 4587; x_wconf 82' lang='lat' dir='ltr'><strong>illi,</strong></span> <span class='ocrx_word' id='word_1_576' title='bbox 3169 4525 3362 4592; x_wconf 76' lang='lat' dir='ltr'><strong>[aciem</strong></span> <span class='ocrx_word' id='word_1_577' title='bbox 3407 4526 3502 4577; x_wconf 78' lang='lat' dir='ltr'><strong>lm-</strong></span> 
     </span>
    </p>
   </div>
   <div class='ocr_carea' id='block_1_90' title="bbox 212 4598 1811 4692">
    <p class='ocr_par' dir='ltr' id='par_1_90' title="bbox 212 4616 1811 4692">
     <span class='ocr_line' id='line_1_90' title="bbox 212 4616 1811 4692; baseline 0.002 -22"><span class='ocrx_word' id='word_1_578' title='bbox 212 4619 542 4684; x_wconf 68' lang='grc' dir='ltr'>πορνικόν.</span> <span class='ocrx_word' id='word_1_579' title='bbox 592 4616 656 4668; x_wconf 84' lang='grc' dir='ltr'><strong>Ἦ</strong></span> <span class='ocrx_word' id='word_1_580' title='bbox 692 4616 919 4686; x_wconf 82' lang='grc' dir='ltr'>τοιαύτη</span> <span class='ocrx_word' id='word_1_581' title='bbox 951 4617 1217 4686; x_wconf 81' lang='grc' dir='ltr'>ἐπιθυμία</span> <span class='ocrx_word' id='word_1_582' title='bbox 1247 4618 1460 4690; x_wconf 82' lang='grc' dir='ltr'>ὑπαντᾷ</span> <span class='ocrx_word' id='word_1_583' title='bbox 1496 4620 1674 4688; x_wconf 83' lang='grc' dir='ltr'>αὐτῷ,</span> <span class='ocrx_word' id='word_1_584' title='bbox 1724 4623 1811 4692; x_wconf 89' lang='grc' dir='ltr'>όρ-</span> 
     </span>
    </p>
   </div>
   <div class='ocr_carea' id='block_1_91' title="bbox 1920 4598 3503 4692">
    <p class='ocr_par' dir='ltr' id='par_1_91' title="bbox 1922 4614 3503 4687">
     <span class='ocr_line' id='line_1_91' title="bbox 1922 4614 3503 4687; baseline 0.003 -19"><span class='ocrx_word' id='word_1_585' title='bbox 1922 4615 2045 4669; x_wconf 87' lang='lat' dir='ltr'><strong>bens</strong></span> <span class='ocrx_word' id='word_1_586' title='bbox 2094 4617 2410 4669; x_wconf 76' lang='lat' dir='ltr'><strong>meretricis.</strong></span> <span class='ocrx_word' id='word_1_587' title='bbox 2454 4614 2610 4669; x_wconf 90' lang='lat' dir='ltr'><strong>Tunc</strong></span> <span class='ocrx_word' id='word_1_588' title='bbox 2679 4616 2768 4669; x_wconf 90' lang='lat' dir='ltr'><strong>illa</strong></span> <span class='ocrx_word' id='word_1_589' title='bbox 2821 4615 3092 4684; x_wconf 89' lang='lat' dir='ltr'><strong>cupiditas</strong></span> <span class='ocrx_word' id='word_1_590' title='bbox 3135 4621 3380 4672; x_wconf 81' lang='lat' dir='ltr'><strong>occurrit</strong></span> <span class='ocrx_word' id='word_1_591' title='bbox 3418 4619 3503 4687; x_wconf 83' lang='lat' dir='ltr'><strong>ju-</strong></span> 
     </span>
    </p>
   </div>
   <div class='ocr_carea' id='block_1_92' title="bbox 217 4708 1819 4786">
    <p class='ocr_par' dir='ltr' id='par_1_92' title="bbox 217 4708 1819 4786">
     <span class='ocr_line' id='line_1_92' title="bbox 217 4708 1819 4786; baseline 0.004 -26"><span class='ocrx_word' id='word_1_592' title='bbox 217 4711 401 4780; x_wconf 74' lang='grc' dir='ltr'>μῶντι</span> <span class='ocrx_word' id='word_1_593' title='bbox 435 4708 574 4779; x_wconf 82' lang='grc' dir='ltr'>πρὸς</span> <span class='ocrx_word' id='word_1_594' title='bbox 604 4708 774 4778; x_wconf 78' lang='grc' dir='ltr'>αὐτὴν</span> <span class='ocrx_word' id='word_1_595' title='bbox 800 4709 944 4761; x_wconf 86' lang='grc' dir='ltr'>κατὰ</span> <span class='ocrx_word' id='word_1_596' title='bbox 976 4709 1226 4781; x_wconf 86' lang='grc' dir='ltr'>γνώμην,</span> <span class='ocrx_word' id='word_1_597' title='bbox 1257 4711 1476 4766; x_wconf 80' lang='grc' dir='ltr'>εἴδωλον</span> <span class='ocrx_word' id='word_1_598' title='bbox 1489 4715 1819 4786; x_wconf 83' lang='grc' dir='ltr'>περιφέρου-</span> 
     </span>
    </p>
   </div>
   <div class='ocr_carea' id='block_1_93' title="bbox 216 4801 1820 4879">
    <p class='ocr_par' dir='ltr' id='par_1_93' title="bbox 216 4801 1820 4879">
     <span class='ocr_line' id='line_1_93' title="bbox 216 4801 1820 4879; baseline 0.005 -25"><span class='ocrx_word' id='word_1_599' title='bbox 216 4819 292 4854; x_wconf 89' lang='grc' dir='ltr'><strong>σα</strong></span> <span class='ocrx_word' id='word_1_600' title='bbox 329 4801 638 4870; x_wconf 88' lang='grc' dir='ltr'>ἀμαρτίας,</span> <span class='ocrx_word' id='word_1_601' title='bbox 680 4803 743 4854; x_wconf 86' lang='grc' dir='ltr'><strong>ἐκ</strong></span> <span class='ocrx_word' id='word_1_602' title='bbox 796 4802 892 4855; x_wconf 79' lang='grc' dir='ltr'>τοῦ</span> <span class='ocrx_word' id='word_1_603' title='bbox 929 4803 1122 4875; x_wconf 72' lang='grc' dir='ltr'>πόρρω</span> <span class='ocrx_word' id='word_1_604' title='bbox 1171 4803 1360 4858; x_wconf 82' lang='grc' dir='ltr'>νεῦσαι</span> <span class='ocrx_word' id='word_1_605' title='bbox 1404 4805 1498 4859; x_wconf 85' lang='grc' dir='ltr'>τοῦ</span> <span class='ocrx_word' id='word_1_606' title='bbox 1545 4806 1820 4879; x_wconf 88' lang='grc' dir='ltr'>σώφρονος</span> 
     </span>
    </p>
   </div>
   <div class='ocr_carea' id='block_1_94' title="bbox 209 4894 511 4964">
    <p class='ocr_par' dir='ltr' id='par_1_94' title="bbox 209 4894 511 4964">
     <span class='ocr_line' id='line_1_94' title="bbox 209 4894 511 4964; baseline 0 -16"><span class='ocrx_word' id='word_1_607' title='bbox 209 4894 511 4964; x_wconf 70' lang='grc' dir='ltr'>λογισμοῦ.</span> 
     </span>
    </p>
   </div>
   <div class='ocr_carea' id='block_1_95' title="bbox 298 4988 1821 5057">
    <p class='ocr_par' dir='ltr' id='par_1_95' title="bbox 298 4988 1821 5057">
     <span class='ocr_line' id='line_1_95' title="bbox 298 4988 1821 5057; baseline 0.001 -14"><span class='ocrx_word' id='word_1_608' title='bbox 298 4991 376 5043; x_wconf 85' lang='grc' dir='ltr'><strong>Ἦ</strong></span> <span class='ocrx_word' id='word_1_609' title='bbox 426 4990 593 5042; x_wconf 82' lang='grc' dir='ltr'>ποιεῖ</span> <span class='ocrx_word' id='word_1_610' title='bbox 623 4988 778 5042; x_wconf 87' lang='grc' dir='ltr'>νέων</span> <span class='ocrx_word' id='word_1_611' title='bbox 814 4989 1172 5053; x_wconf 76' lang='grc' dir='ltr'>ἐξίπτασθαι</span> <span class='ocrx_word' id='word_1_612' title='bbox 1213 4989 1482 5057; x_wconf 83' lang='grc' dir='ltr'>καρδίας.</span> <span class='ocrx_word' id='word_1_613' title='bbox 1517 4991 1676 5053; x_wconf 83' lang='grc' dir='ltr'>’Ἣτις</span> <span class='ocrx_word' id='word_1_614' title='bbox 1699 4993 1821 5045; x_wconf 82' lang='grc' dir='ltr'>ἐπι-</span> 
     </span>
    </p>
   </div>
   <div class='ocr_carea' id='block_1_96' title="bbox 211 5079 1819 5154">
    <p class='ocr_par' dir='ltr' id='par_1_96' title="bbox 211 5079 1819 5154">
     <span class='ocr_line' id='line_1_96' title="bbox 211 5079 1819 5154; baseline 0.002 -20"><span class='ocrx_word' id='word_1_615' title='bbox 211 5082 394 5150; x_wconf 88' lang='grc' dir='ltr'>θυμία</span> <span class='ocrx_word' id='word_1_616' title='bbox 434 5079 850 5150; x_wconf 69' lang='grc' dir='ltr'>παρασκευάζει</span> <span class='ocrx_word' id='word_1_617' title='bbox 886 5082 985 5151; x_wconf 84' lang='grc' dir='ltr'>μὲν</span> <span class='ocrx_word' id='word_1_618' title='bbox 1011 5083 1112 5145; x_wconf 76' lang='grc' dir='ltr'>τὰς</span> <span class='ocrx_word' id='word_1_619' title='bbox 1156 5081 1394 5145; x_wconf 87' lang='grc' dir='ltr'>διανοίας</span> <span class='ocrx_word' id='word_1_620' title='bbox 1448 5090 1557 5135; x_wconf 86' lang='grc' dir='ltr'><strong>τῶν</strong></span> <span class='ocrx_word' id='word_1_621' title='bbox 1595 5086 1668 5154; x_wconf 86' lang='grc' dir='ltr'>μὴ</span> <span class='ocrx_word' id='word_1_622' title='bbox 1728 5088 1819 5154; x_wconf 83' lang='grc' dir='ltr'><strong>βε-</strong></span> 
     </span>
    </p>
   </div>
   <div class='ocr_carea' id='block_1_97' title="bbox 210 5173 1818 5248">
    <p class='ocr_par' dir='ltr' id='par_1_97' title="bbox 210 5173 1818 5248">
     <span class='ocr_line' id='line_1_97' title="bbox 210 5173 1818 5248; baseline 0 -19"><span class='ocrx_word' id='word_1_623' title='bbox 210 5175 474 5244; x_wconf 78' lang='grc' dir='ltr'>ϐηκότων</span> <span class='ocrx_word' id='word_1_624' title='bbox 525 5174 624 5236; x_wconf 73' lang='grc' dir='ltr'>τὰς</span> <span class='ocrx_word' id='word_1_625' title='bbox 685 5173 912 5243; x_wconf 77' lang='grc' dir='ltr'>φρένας,</span> <span class='ocrx_word' id='word_1_626' title='bbox 969 5175 1136 5239; x_wconf 81' lang='grc' dir='ltr'>ὀξέως</span> <span class='ocrx_word' id='word_1_627' title='bbox 1177 5174 1600 5246; x_wconf 82' lang='grc' dir='ltr'>φέρεσθαιπρὸς</span> <span class='ocrx_word' id='word_1_628' title='bbox 1636 5177 1818 5248; x_wconf 89' lang='grc' dir='ltr'>ἀμαρ-</span> 
     </span>
    </p>
   </div>
   <div class='ocr_carea' id='block_1_98' title="bbox 203 5269 360 5331">
    <p class='ocr_par' dir='ltr' id='par_1_98' title="bbox 203 5269 360 5331">
     <span class='ocr_line' id='line_1_98' title="bbox 203 5269 360 5331; baseline -0.013 -7"><span class='ocrx_word' id='word_1_629' title='bbox 203 5269 360 5331; x_wconf 87' lang='grc' dir='ltr'>τίας.</span> 
     </span>
    </p>
   </div>
   <div class='ocr_carea' id='block_1_99' title="bbox 291 5356 1819 5430">
    <p class='ocr_par' dir='ltr' id='par_1_99' title="bbox 291 5356 1819 5430">
     <span class='ocr_line' id='line_1_99' title="bbox 291 5356 1819 5430; baseline 0.001 -18"><span class='ocrx_word' id='word_1_630' title='bbox 291 5366 385 5413; x_wconf 84' lang='grc' dir='ltr'>ια’.</span> <span class='ocrx_word' id='word_1_631' title='bbox 440 5360 544 5412; x_wconf 77' lang='grc' dir='ltr'>Ἀν</span> <span class='ocrx_word' id='word_1_632' title='bbox 558 5357 934 5428; x_wconf 80' lang='grc' dir='ltr'>επτερωμένη</span> <span class='ocrx_word' id='word_1_633' title='bbox 961 5356 1027 5411; x_wconf 82' lang='grc' dir='ltr'>δέ</span> <span class='ocrx_word' id='word_1_634' title='bbox 1058 5358 1187 5410; x_wconf 82' lang='grc' dir='ltr'>ἐστι</span> <span class='ocrx_word' id='word_1_635' title='bbox 1215 5359 1310 5412; x_wconf 75' lang='grc' dir='ltr'>καὶ</span> <span class='ocrx_word' id='word_1_636' title='bbox 1341 5359 1593 5425; x_wconf 77' lang='grc' dir='ltr'>ἄσωτος.</span> <span class='ocrx_word' id='word_1_637' title='bbox 1614 5360 1819 5430; x_wconf 80' lang='grc' dir='ltr'>’Υπάρ-</span> 
     </span>
    </p>
   </div>
   <div class='ocr_carea' id='block_1_100' title="bbox 207 5450 1819 5526">
    <p class='ocr_par' dir='ltr' id='par_1_100' title="bbox 207 5450 1819 5526">
     <span class='ocr_line' id='line_1_100' title="bbox 207 5450 1819 5526; baseline -0.001 -20"><span class='ocrx_word' id='word_1_638' title='bbox 207 5470 301 5526; x_wconf 82' lang='grc' dir='ltr'><strong>χει</strong></span> <span class='ocrx_word' id='word_1_639' title='bbox 329 5452 386 5505; x_wconf 79' lang='grc' dir='ltr'>δὲ</span> <span class='ocrx_word' id='word_1_640' title='bbox 420 5451 558 5522; x_wconf 84' lang='grc' dir='ltr'>πρὸς</span> <span class='ocrx_word' id='word_1_641' title='bbox 590 5452 690 5521; x_wconf 81' lang='grc' dir='ltr'>μὲν</span> <span class='ocrx_word' id='word_1_642' title='bbox 725 5450 932 5520; x_wconf 89' lang='grc' dir='ltr'>ταύτην</span> <span class='ocrx_word' id='word_1_643' title='bbox 962 5450 1204 5520; x_wconf 85' lang='grc' dir='ltr'>ὀργῶσα,</span> <span class='ocrx_word' id='word_1_644' title='bbox 1238 5450 1336 5504; x_wconf 83' lang='grc' dir='ltr'>τοῦ</span> <span class='ocrx_word' id='word_1_645' title='bbox 1379 5451 1436 5504; x_wconf 89' lang='grc' dir='ltr'><strong>δέ</strong></span> <span class='ocrx_word' id='word_1_646' title='bbox 1477 5452 1619 5505; x_wconf 89' lang='grc' dir='ltr'><strong>κατά</strong></span> <span class='ocrx_word' id='word_1_647' title='bbox 1640 5451 1819 5523; x_wconf 72' lang='grc' dir='ltr'>ψυχὴν</span> 
     </span>
    </p>
   </div>
   <div class='ocr_carea' id='block_1_101' title="bbox 210 5544 1301 5615">
    <p class='ocr_par' dir='ltr' id='par_1_101' title="bbox 210 5544 1301 5615">
     <span class='ocr_line' id='line_1_101' title="bbox 210 5544 1301 5615; baseline -0.005 -15"><span class='ocrx_word' id='word_1_648' title='bbox 210 5544 454 5602; x_wconf 82' lang='grc' dir='ltr'>πλούτου</span> <span class='ocrx_word' id='word_1_649' title='bbox 488 5545 860 5615; x_wconf 77' lang='grc' dir='ltr'>δαπανητική.</span> <span class='ocrx_word' id='word_1_650' title='bbox 1299 5545 1301 5548; x_wconf 46' lang='grc'><em>⁴</em></span> 
     </span>
    </p>
   </div>
   <div class='ocr_carea' id='block_1_102' title="bbox 299 5633 1815 5704">
    <p class='ocr_par' dir='ltr' id='par_1_102' title="bbox 299 5633 1815 5704">
     <span class='ocr_line' id='line_1_102' title="bbox 299 5633 1815 5704; baseline 0.003 -17"><span class='ocrx_word' id='word_1_651' title='bbox 299 5637 400 5687; x_wconf 83' lang='grc' dir='ltr'>Ἐν</span> <span class='ocrx_word' id='word_1_652' title='bbox 432 5636 579 5700; x_wconf 81' lang='grc' dir='ltr'>οῖκφ</span> <span class='ocrx_word' id='word_1_653' title='bbox 610 5635 678 5688; x_wconf 82' lang='grc' dir='ltr'>δὲ</span> <span class='ocrx_word' id='word_1_654' title='bbox 709 5639 824 5704; x_wconf 80' lang='grc' dir='ltr'><strong>οὐχ</strong></span> <span class='ocrx_word' id='word_1_655' title='bbox 847 5633 1265 5704; x_wconf 71' lang='grc' dir='ltr'>ἡσυχάζουσιν</span> <span class='ocrx_word' id='word_1_656' title='bbox 1302 5637 1356 5688; x_wconf 87' lang='lat' dir='ltr'><strong>ol</strong></span> <span class='ocrx_word' id='word_1_657' title='bbox 1396 5634 1576 5701; x_wconf 81' lang='grc' dir='ltr'>πόδες</span> <span class='ocrx_word' id='word_1_658' title='bbox 1605 5636 1815 5704; x_wconf 81' lang='grc' dir='ltr'>αὐτῆς.</span> 
     </span>
    </p>
   </div>
   <div class='ocr_carea' id='block_1_103' title="bbox 221 5724 1818 5803">
    <p class='ocr_par' dir='ltr' id='par_1_103' title="bbox 221 5724 1818 5803">
     <span class='ocr_line' id='line_1_103' title="bbox 221 5724 1818 5803; baseline -0.001 -20"><span class='ocrx_word' id='word_1_659' title='bbox 221 5731 317 5784; x_wconf 83' lang='grc' dir='ltr'>Ἐν</span> <span class='ocrx_word' id='word_1_660' title='bbox 356 5724 470 5803; x_wconf 82' lang='grc' dir='ltr'>ᾗδέ</span> <span class='ocrx_word' id='word_1_661' title='bbox 494 5730 568 5791; x_wconf 84' lang='grc' dir='ltr'><strong>ώς</strong></span> <span class='ocrx_word' id='word_1_662' title='bbox 601 5730 658 5781; x_wconf 85' lang='grc' dir='ltr'><strong>ἐν</strong></span> <span class='ocrx_word' id='word_1_663' title='bbox 695 5730 833 5798; x_wconf 75' lang='grc' dir='ltr'>οἴκῳ</span> <span class='ocrx_word' id='word_1_664' title='bbox 891 5730 994 5780; x_wconf 87' lang='grc' dir='ltr'><strong>τινί</strong></span> <span class='ocrx_word' id='word_1_665' title='bbox 1025 5728 1288 5798; x_wconf 76' lang='grc' dir='ltr'>διατρίϐει</span> <span class='ocrx_word' id='word_1_666' title='bbox 1333 5727 1601 5798; x_wconf 78' lang='grc' dir='ltr'>αἰσθήσει,</span> <span class='ocrx_word' id='word_1_667' title='bbox 1633 5730 1692 5781; x_wconf 77' lang='grc' dir='ltr'>οὐ</span> <span class='ocrx_word' id='word_1_668' title='bbox 1725 5730 1818 5798; x_wconf 80' lang='grc' dir='ltr'><strong>μέ-</strong></span> 
     </span>
    </p>
   </div>
   <div class='ocr_carea' id='block_1_104' title="bbox 206 5820 1340 5890">
    <p class='ocr_par' dir='ltr' id='par_1_104' title="bbox 206 5820 1340 5890">
     <span class='ocr_line' id='line_1_104' title="bbox 206 5820 1340 5890; baseline -0.001 -15"><span class='ocrx_word' id='word_1_669' title='bbox 206 5840 400 5876; x_wconf 56' lang='grc' dir='ltr'>νουσιν</span> <span class='ocrx_word' id='word_1_670' title='bbox 425 5822 479 5873; x_wconf 81' lang='grc' dir='ltr'>αἱ</span> <span class='ocrx_word' id='word_1_671' title='bbox 520 5822 764 5890; x_wconf 73' lang='grc' dir='ltr'>κινήσεις</span> <span class='ocrx_word' id='word_1_672' title='bbox 794 5820 962 5888; x_wconf 72' lang='grc' dir='ltr'>αὐτῆς</span> <span class='ocrx_word' id='word_1_673' title='bbox 989 5820 1340 5890; x_wconf 78' lang='grc' dir='ltr'>ἀμετάϐατοι.</span> 
     </span>
    </p>
   </div>
   <div class='ocr_carea' id='block_1_105' title="bbox 287 5911 1817 5985">
    <p class='ocr_par' dir='ltr' id='par_1_105' title="bbox 287 5911 1817 5985">
     <span class='ocr_line' id='line_1_105' title="bbox 287 5911 1817 5985; baseline 0 -19"><span class='ocrx_word' id='word_1_674' title='bbox 287 5911 374 5982; x_wconf 71' lang='grc' dir='ltr'>ιβ’.</span> <span class='ocrx_word' id='word_1_675' title='bbox 413 5913 648 5982; x_wconf 81' lang='grc' dir='ltr'>Χρόνον</span> <span class='ocrx_word' id='word_1_676' title='bbox 681 5912 788 5982; x_wconf 61' lang='grc' dir='ltr'>γάρ</span> <span class='ocrx_word' id='word_1_677' title='bbox 820 5930 951 5966; x_wconf 75' lang='grc' dir='ltr'>τινα</span> <span class='ocrx_word' id='word_1_678' title='bbox 1004 5913 1120 5976; x_wconf 73' lang='grc' dir='ltr'><strong>ἔξω</strong></span> <span class='ocrx_word' id='word_1_679' title='bbox 1170 5911 1470 5981; x_wconf 70' lang='grc' dir='ltr'>ρέμῖετιιι.</span> <span class='ocrx_word' id='word_1_680' title='bbox 1521 5915 1659 5968; x_wconf 84' lang='grc' dir='ltr'><strong>Ποτέ</strong></span> <span class='ocrx_word' id='word_1_681' title='bbox 1719 5914 1817 5985; x_wconf 86' lang='grc' dir='ltr'><strong>μέν</strong></span> 
     </span>
    </p>
   </div>
   <div class='ocr_carea' id='block_1_106' title="bbox 1920 4705 3500 4778">
    <p class='ocr_par' dir='ltr' id='par_1_106' title="bbox 1920 4705 3500 4778">
     <span class='ocr_line' id='line_1_106' title="bbox 1920 4705 3500 4778; baseline 0.002 -17"><span class='ocrx_word' id='word_1_682' title='bbox 1920 4707 2069 4771; x_wconf 83' lang='lat' dir='ltr'><strong>veni,</strong></span> <span class='ocrx_word' id='word_1_683' title='bbox 2123 4721 2187 4760; x_wconf 85' lang='lat' dir='ltr'><strong>ex</strong></span> <span class='ocrx_word' id='word_1_684' title='bbox 2233 4708 2401 4761; x_wconf 90' lang='lat' dir='ltr'><strong>corde</strong></span> <span class='ocrx_word' id='word_1_685' title='bbox 2439 4707 2774 4771; x_wconf 86' lang='lat' dir='ltr'><strong>accurrenti,</strong></span> <span class='ocrx_word' id='word_1_686' title='bbox 2815 4705 3000 4762; x_wconf 83' lang='lat' dir='ltr'><strong>ferens</strong></span> <span class='ocrx_word' id='word_1_687' title='bbox 3035 4706 3229 4762; x_wconf 78' lang='lat' dir='ltr'><strong>faciem</strong></span> <span class='ocrx_word' id='word_1_688' title='bbox 3269 4714 3500 4778; x_wconf 85' lang='lat' dir='ltr'><strong>peccati,</strong></span> 
     </span>
    </p>
   </div>
   <div class='ocr_carea' id='block_1_107' title="bbox 1922 4795 3155 4870">
    <p class='ocr_par' dir='ltr' id='par_1_107' title="bbox 1922 4795 3155 4870">
     <span class='ocr_line' id='line_1_107' title="bbox 1922 4795 3155 4870; baseline 0.004 -20"><span class='ocrx_word' id='word_1_689' title='bbox 1922 4811 1986 4851; x_wconf 89' lang='lat' dir='ltr'><strong>ex</strong></span> <span class='ocrx_word' id='word_1_690' title='bbox 2020 4811 2088 4851; x_wconf 89' lang='lat' dir='ltr'><strong>eo</strong></span> <span class='ocrx_word' id='word_1_691' title='bbox 2115 4795 2262 4867; x_wconf 90' lang='lat' dir='ltr'><strong>quod</strong></span> <span class='ocrx_word' id='word_1_692' title='bbox 2296 4797 2458 4868; x_wconf 77' lang='lat' dir='ltr'><strong>longe</strong></span> <span class='ocrx_word' id='word_1_693' title='bbox 2479 4799 2609 4870; x_wconf 79' lang='lat' dir='ltr'><strong>ierit</strong></span> <span class='ocrx_word' id='word_1_694' title='bbox 2640 4813 2669 4851; x_wconf 90' lang='lat' dir='ltr'><strong>a</strong></span> <span class='ocrx_word' id='word_1_695' title='bbox 2697 4806 2847 4852; x_wconf 84' lang='lat' dir='ltr'><strong>recto</strong></span> <span class='ocrx_word' id='word_1_696' title='bbox 2883 4813 3155 4855; x_wconf 85' lang='lat' dir='ltr'><strong>sermone.</strong></span> 
     </span>
    </p>
   </div>
   <div class='ocr_carea' id='block_1_108' title="bbox 1995 4985 3503 5063">
    <p class='ocr_par' dir='ltr' id='par_1_108' title="bbox 1995 4985 3503 5063">
     <span class='ocr_line' id='line_1_108' title="bbox 1995 4985 3503 5063; baseline 0.006 -24"><span class='ocrx_word' id='word_1_697' title='bbox 1995 4985 2125 5041; x_wconf 62' lang='lat' dir='ltr'><strong>Haec</strong></span> <span class='ocrx_word' id='word_1_698' title='bbox 2169 4987 2299 5053; x_wconf 80' lang='lat' dir='ltr'><strong>facit</strong></span> <span class='ocrx_word' id='word_1_699' title='bbox 2341 4987 2559 5056; x_wconf 77' lang='lat' dir='ltr'><strong>juvenes</strong></span> <span class='ocrx_word' id='word_1_700' title='bbox 2592 4988 2808 5042; x_wconf 85' lang='lat' dir='ltr'><strong>avolare</strong></span> <span class='ocrx_word' id='word_1_701' title='bbox 2853 5007 2884 5042; x_wconf 91' lang='lat' dir='ltr'><strong>a</strong></span> <span class='ocrx_word' id='word_1_702' title='bbox 2916 4993 3092 5045; x_wconf 76' lang='lat' dir='ltr'><strong>corde.</strong></span> <span class='ocrx_word' id='word_1_703' title='bbox 3141 4991 3263 5047; x_wconf 66' lang='lat' dir='ltr'><strong>[an</strong></span> <span class='ocrx_word' id='word_1_704' title='bbox 3289 4995 3503 5063; x_wconf 84' lang='lat' dir='ltr'><strong>cupidi-</strong></span> 
     </span>
    </p>
   </div>
   <div class='ocr_carea' id='block_1_109' title="bbox 1923 5083 3507 5151">
    <p class='ocr_par' dir='ltr' id='par_1_109' title="bbox 1923 5083 3507 5151">
     <span class='ocr_line' id='line_1_109' title="bbox 1923 5083 3507 5151; baseline 0.004 -17"><span class='ocrx_word' id='word_1_705' title='bbox 1923 5090 2006 5135; x_wconf 85' lang='lat' dir='ltr'><strong>tas</strong></span> <span class='ocrx_word' id='word_1_706' title='bbox 2063 5087 2275 5135; x_wconf 88' lang='lat' dir='ltr'><strong>mentes</strong></span> <span class='ocrx_word' id='word_1_707' title='bbox 2326 5096 2516 5135; x_wconf 91' lang='lat' dir='ltr'><strong>eorum</strong></span> <span class='ocrx_word' id='word_1_708' title='bbox 2575 5083 2668 5151; x_wconf 90' lang='lat' dir='ltr'><strong>qui</strong></span> <span class='ocrx_word' id='word_1_709' title='bbox 2721 5083 3008 5151; x_wconf 90' lang='lat' dir='ltr'><strong>prudentia</strong></span> <span class='ocrx_word' id='word_1_710' title='bbox 3049 5100 3157 5138; x_wconf 90' lang='lat' dir='ltr'><strong>non</strong></span> <span class='ocrx_word' id='word_1_711' title='bbox 3219 5085 3507 5141; x_wconf 76' lang='lat' dir='ltr'><strong>ﬁrmantur</strong></span> 
     </span>
    </p>
   </div>
   <div class='ocr_carea' id='block_1_110' title="bbox 1924 5169 3360 5244">
    <p class='ocr_par' dir='ltr' id='par_1_110' title="bbox 1924 5169 3360 5244">
     <span class='ocr_line' id='line_1_110' title="bbox 1924 5169 3360 5244; baseline 0.004 -22"><span class='ocrx_word' id='word_1_712' title='bbox 1924 5169 2196 5239; x_wconf 89' lang='lat' dir='ltr'><strong>disponit,</strong></span> <span class='ocrx_word' id='word_1_713' title='bbox 2233 5179 2291 5224; x_wconf 91' lang='lat' dir='ltr'><strong>ut</strong></span> <span class='ocrx_word' id='word_1_714' title='bbox 2326 5180 2577 5242; x_wconf 87' lang='lat' dir='ltr'><strong>prompte</strong></span> <span class='ocrx_word' id='word_1_715' title='bbox 2625 5172 2689 5226; x_wconf 88' lang='lat' dir='ltr'><strong>ad</strong></span> <span class='ocrx_word' id='word_1_716' title='bbox 2723 5184 2948 5242; x_wconf 84' lang='lat' dir='ltr'><strong>peccata</strong></span> <span class='ocrx_word' id='word_1_717' title='bbox 2982 5183 3360 5244; x_wconf 75' lang='lat' dir='ltr'><strong>prorumpunt.</strong></span> 
     </span>
    </p>
   </div>
   <div class='ocr_carea' id='block_1_111' title="bbox 1992 5368 3509 5437">
    <p class='ocr_par' dir='ltr' id='par_1_111' title="bbox 1992 5368 3509 5437">
     <span class='ocr_line' id='line_1_111' title="bbox 1992 5368 3509 5437; baseline 0.004 -12"><span class='ocrx_word' id='word_1_718' title='bbox 1992 5368 2163 5425; x_wconf 71' lang='lat' dir='ltr'><strong>Vens.</strong></span> <span class='ocrx_word' id='word_1_719' title='bbox 2200 5371 2287 5424; x_wconf 77' lang='grc'><strong>11.</strong></span> <span class='ocrx_word' id='word_1_720' title='bbox 2329 5371 2588 5424; x_wconf 84' lang='lat' dir='ltr'><strong>Animata</strong></span> <span class='ocrx_word' id='word_1_721' title='bbox 2624 5381 2673 5426; x_wconf 91' lang='lat' dir='ltr'><strong>et</strong></span> <span class='ocrx_word' id='word_1_722' title='bbox 2706 5372 2976 5437; x_wconf 81' lang='lat' dir='ltr'><strong>dissipata</strong></span> <span class='ocrx_word' id='word_1_723' title='bbox 3015 5384 3114 5428; x_wconf 87' lang='lat' dir='ltr'><strong>est.</strong></span> <span class='ocrx_word' id='word_1_724' title='bbox 3151 5373 3313 5429; x_wconf 84' lang='lat' dir='ltr'><strong>Venit</strong></span> <span class='ocrx_word' id='word_1_725' title='bbox 3351 5377 3415 5432; x_wconf 87' lang='lat' dir='ltr'><strong>ad</strong></span> <span class='ocrx_word' id='word_1_726' title='bbox 3446 5378 3509 5431; x_wconf 82' lang='lat' dir='ltr'><strong>il-</strong></span> 
     </span>
    </p>
   </div>
   <div class='ocr_carea' id='block_1_112' title="bbox 1924 5459 3481 5540">
    <p class='ocr_par' dir='ltr' id='par_1_112' title="bbox 1924 5459 3481 5540">
     <span class='ocr_line' id='line_1_112' title="bbox 1924 5459 3481 5540; baseline 0.004 -21"><span class='ocrx_word' id='word_1_727' title='bbox 1924 5465 2035 5520; x_wconf 90' lang='lat' dir='ltr'><strong>lum</strong></span> <span class='ocrx_word' id='word_1_728' title='bbox 2077 5459 2717 5536; x_wconf 75' lang='lat' dir='ltr'><strong>pruriens,5pirita|ium</strong></span> <span class='ocrx_word' id='word_1_729' title='bbox 2752 5467 3071 5522; x_wconf 76' lang='lat' dir='ltr'><strong>divitiarum</strong></span> <span class='ocrx_word' id='word_1_730' title='bbox 3111 5469 3431 5540; x_wconf 85' lang='lat' dir='ltr'><strong>dissipator.</strong></span> <span class='ocrx_word' id='word_1_731' title='bbox 3474 5529 3481 5532; x_wconf 60' lang='grc'><strong>,</strong></span> 
     </span>
    </p>
   </div>
   <div class='ocr_carea' id='block_1_113' title="bbox 1997 5641 3503 5719">
    <p class='ocr_par' dir='ltr' id='par_1_113' title="bbox 1997 5641 3503 5719">
     <span class='ocr_line' id='line_1_113' title="bbox 1997 5641 3503 5719; baseline 0.005 -25"><span class='ocrx_word' id='word_1_732' title='bbox 1997 5641 2062 5695; x_wconf 88' lang='lat' dir='ltr'><strong>In</strong></span> <span class='ocrx_word' id='word_1_733' title='bbox 2092 5642 2250 5697; x_wconf 83' lang='lat' dir='ltr'><strong>domo</strong></span> <span class='ocrx_word' id='word_1_734' title='bbox 2283 5661 2386 5698; x_wconf 90' lang='lat' dir='ltr'><strong>non</strong></span> <span class='ocrx_word' id='word_1_735' title='bbox 2423 5656 2569 5700; x_wconf 76' lang='lat' dir='ltr'><strong>stant</strong></span> <span class='ocrx_word' id='word_1_736' title='bbox 2593 5647 2746 5715; x_wconf 84' lang='lat' dir='ltr'><strong>pedes</strong></span> <span class='ocrx_word' id='word_1_737' title='bbox 2781 5647 2916 5717; x_wconf 72' lang='lat' dir='ltr'><strong>ejus.</strong></span> <span class='ocrx_word' id='word_1_738' title='bbox 2944 5646 3001 5702; x_wconf 88' lang='lat' dir='ltr'><strong>In</strong></span> <span class='ocrx_word' id='word_1_739' title='bbox 3037 5660 3187 5719; x_wconf 78' lang='lat' dir='ltr'><strong>parte</strong></span> <span class='ocrx_word' id='word_1_740' title='bbox 3218 5652 3503 5714; x_wconf 78' lang='lat' dir='ltr'><strong>sensitiva,</strong></span> 
     </span>
    </p>
   </div>
   <div class='ocr_carea' id='block_1_114' title="bbox 1925 5733 3507 5807">
    <p class='ocr_par' dir='ltr' id='par_1_114' title="bbox 1925 5733 3507 5807">
     <span class='ocr_line' id='line_1_114' title="bbox 1925 5733 3507 5807; baseline 0.008 -21"><span class='ocrx_word' id='word_1_741' title='bbox 1925 5733 1976 5786; x_wconf 92' lang='lat' dir='ltr'><strong>in</strong></span> <span class='ocrx_word' id='word_1_742' title='bbox 2008 5749 2114 5803; x_wconf 86' lang='lat' dir='ltr'><strong>qua</strong></span> <span class='ocrx_word' id='word_1_743' title='bbox 2154 5737 2322 5791; x_wconf 83' lang='lat' dir='ltr'><strong>veluti</strong></span> <span class='ocrx_word' id='word_1_744' title='bbox 2353 5737 2517 5793; x_wconf 87' lang='lat' dir='ltr'><strong>domo</strong></span> <span class='ocrx_word' id='word_1_745' title='bbox 2545 5739 2776 5807; x_wconf 83' lang='lat' dir='ltr'><strong>habitat,</strong></span> <span class='ocrx_word' id='word_1_746' title='bbox 2822 5741 3117 5798; x_wconf 88' lang='lat' dir='ltr'><strong>immobilis</strong></span> <span class='ocrx_word' id='word_1_747' title='bbox 3145 5760 3248 5798; x_wconf 86' lang='lat' dir='ltr'><strong>non</strong></span> <span class='ocrx_word' id='word_1_748' title='bbox 3286 5755 3507 5799; x_wconf 80' lang='lat' dir='ltr'><strong>manent</strong></span> 
     </span>
    </p>
   </div>
   <div class='ocr_carea' id='block_1_115' title="bbox 1927 5825 2266 5896">
    <p class='ocr_par' dir='ltr' id='par_1_115' title="bbox 1927 5825 2266 5896">
     <span class='ocr_line' id='line_1_115' title="bbox 1927 5825 2266 5896; baseline 0.018 -18"><span class='ocrx_word' id='word_1_749' title='bbox 1927 5825 2092 5895; x_wconf 72' lang='lat' dir='ltr'><strong>pedes</strong></span> <span class='ocrx_word' id='word_1_750' title='bbox 2123 5828 2266 5896; x_wconf 82' lang='lat' dir='ltr'><strong>ejus.</strong></span> 
     </span>
    </p>
   </div>
   <div class='ocr_carea' id='block_1_116' title="bbox 2004 5917 3592 6000">
    <p class='ocr_par' dir='ltr' id='par_1_116' title="bbox 2004 5917 3592 6000">
     <span class='ocr_line' id='line_1_116' title="bbox 2004 5917 3592 6000; baseline 0.008 -29"><span class='ocrx_word' id='word_1_751' title='bbox 2004 5917 2168 5976; x_wconf 73' lang='lat' dir='ltr'><strong>Vitas.</strong></span> <span class='ocrx_word' id='word_1_752' title='bbox 2234 5922 2320 5977; x_wconf 71' lang='lat'><strong>1&#39;2.</strong></span> <span class='ocrx_word' id='word_1_753' title='bbox 2381 5923 2483 5978; x_wconf 81' lang='lat' dir='ltr'><strong>Per</strong></span> <span class='ocrx_word' id='word_1_754' title='bbox 2516 5927 2733 5997; x_wconf 82' lang='lat' dir='ltr'><strong>aliquod</strong></span> <span class='ocrx_word' id='word_1_755' title='bbox 2782 5937 2982 5998; x_wconf 82' lang='lat' dir='ltr'><strong>tempus</strong></span> <span class='ocrx_word' id='word_1_756' title='bbox 3013 5928 3160 6000; x_wconf 78' lang='lat' dir='ltr'><strong>[oras</strong></span> <span class='ocrx_word' id='word_1_757' title='bbox 3189 5930 3505 5985; x_wconf 65' lang='lat' dir='ltr'><strong>errabunda.</strong></span> <span class='ocrx_word' id='word_1_758' title='bbox 3587 5973 3592 5977; x_wconf 94' lang='lat'><strong>.</strong></span> 
     </span>
    </p>
   </div>
  </div>
