4238 6458
722 392 740 453 l
753 392 854 454 283

2053 384 2368 446 PROCOPI
2385 385 2408 444 Ι
2450 385 2693 447 GAZA’J

3861 385 4008 450 128k

722 499 873 551 Tunc
897 496 1044 551 enim
1080 507 1176 563 per
1202 490 1461 560 spiritum
1498 496 1652 543 errat
1691 488 1748 543 in
1781 488 1851 544 iis
1875 502 1998 560 qua:
2030 488 2167 543 loris
2210 504 2306 559 ap-

2414 491 2519 561 γάρ
2564 493 2623 544 ὲν
2673 494 2787 552 τοῖς
2842 493 3191 561 φαινομένοις
3242 490 3644 560 περιπλανᾶται
3693 489 3836 543 κατά
3883 490 4003 543 διά-

756 597 933 642 arent.

756 605 933 642 arent.

717 605 750 659 Ρ
789 678 893 731 Per
924 685 1132 740 tempus
1190 673 1243 725 in
1273 672 1465 739 plateis
1504 669 1667 739 juxta
1700 687 1906 723 omnem
1935 672 2192 740 angulum
2226 669 2307 721 in-

716 769 885 822 sidias
928 775 1108 834 parat.
1144 762 1299 817 Tune
1338 764 1391 815 in
1420 763 1550 817 latis
1584 771 1940 831 peccaturum
1975 763 2103 827 viis,
2140 762 2298 817 dere-

718 860 973 928 linquens
1029 871 1248 912 omnem
1300 868 1616 910 sermcnem
1682 854 1774 922 qui
1828 854 2029 909 similis
2078 854 2304 924 angulo,

717 950 1022 1003 secundum
1078 946 1519 1014 uniuscujusque
1574 945 1649 997 rei
1689 944 2075 998 rationabilem
2120 958 2305 1008 usum,

714 1057 837 1109 qua:
869 1040 1127 1092 videnlur
1152 1038 1335 1106 jungit
1368 1037 1433 1089 ad
1466 1050 1530 1089 ea
1567 1050 1690 1103 quae
1720 1035 1922 1102 spiritu
1950 1034 2308 1103 conspiciun-

716 1144 828 1193 tur,
863 1134 1004 1183 clam
1065 1131 1414 1197 voluptatum
1465 1126 1748 1182 illecebris
1782 1124 2079 1179 insidiatur
2108 1126 2306 1179 adver—

716 1238 811 1275 sus
849 1222 1261 1272 insensatorum
1302 1209 1539 1272 animas.

790 1314 953 1368 Vens.
996 1315 1075 1366 l5.
1114 1310 1316 1365 Deinde
1362 1314 1573 1379 capiens
1622 1311 1775 1363 illum
1805 1318 1976 1364 amat.
2014 1307 2145 1364 Post
2167 1309 2305 1375 hazc,

716 1407 866 1460 illum
901 1404 1159 1474 ddigens,
1193 1404 1432 1455 amicum
1463 1402 1568 1456 sibi
1607 1409 1850 1471 separat.

784 1582 1087 1650 Impudenti
1134 1580 1291 1648 facie,
1377 1581 1514 1632 dixit
1580 1580 1682 1632 illi.
1744 1578 2099 1650 lmpttdcnler
2143 1596 2312 1649 agens

712 1691 836 1729 eum
874 1676 989 1736 illo,
1024 1674 1153 1726 talia
1184 1672 1560 1741 colloquitur:

786 1859 951 1914 Vens.
1006 1860 1090 1913 Η.
1163 1856 1394 1910 Vicrima
1426 1855 1656 1923 paci/ica
1696 1866 1775 1909 est
1822 1855 1972 1907 mihi.
2004 1853 2209 1908 Blande
2241 1860 2306 1908 ad
2342 1846 2387 1907 Β

711 1952 1041 2021 temporalia
1083 1950 1459 2005 reconcilians
1492 1963 1589 2002 eos
1620 1950 1716 2016 qui
1754 1964 1856 2017 pro
1892 1949 2091 2001 mortis
2121 1948 2311 2002 dolore

713 2048 779 2100 ad
815 2049 902 2099 illa
964 2048 1150 2099 odium
1209 2045 1438 2107 habent,
1491 2044 1645 2095 venit
1688 2042 1918 2095 omnino
1966 2041 2037 2096 ad
2069 2056 2177 2106 me,
2218 2042 2311 2095 illa

709 2158 832 2209 qua:
863 2158 890 2192 ει
925 2140 1203 2210 principio
1230 2136 1479 2201 exsistit,
1516 2136 1797 2205 voluptas.

781 2314 960 2370 Hodie
990 2314 1204 2385 cﬂ'undo
1243 2330 1421 2381 preces
1452 2330 1617 2366 meas.
1654 2311 1841 2369 Firmo
1885 2315 2032 2368 bono
2069 2314 2125 2367 in
2163 2312 2313 2367 futu-

712 2426 830 2463 rum
879 2408 985 2463 lrui
1048 2408 1401 2471 desiderans,
1448 2406 1597 2476 quod
1649 2406 1783 2459 mihi
1832 2406 2139 2461 secundum
2174 2414 2312 2460 lem-

710 2520 812 2572 pns
843 2516 1086 2573 praisens
1119 2502 1334 2555 videtur
1370 2501 1502 2553 mihi
1546 2500 1771 2564 bonum,
1811 2501 2146 2555 naturaliter
2183 2499 2329 2571 per-'

710 2597 837 2649 licio
874 2596 1240 2650 sententiose.

784 2687 945 2741 Vens.
1004 2688 1090 2741 l5.
1149 2686 1378 2754 Propter
1424 2686 1563 2755 quod
1600 2686 1713 2738 veni
1747 2686 1799 2737 in
1850 2701 2133 2739 occursum
2192 2683 2311 2737 (ibi.

710 2779 885 2849 llnjus
940 2781 1161 2848 gratia,
1222 2778 1625 2832 intellectualia
1686 2777 2125 2846 derelinquens,
2185 2778 2310 2831 veni

709 2875 774 2926 ad
824 2873 1076 2938 sensilia,
1128 2872 1227 2926 tibi
1260 2887 1569 2926 occurrens
1598 2871 1695 2941 qui
1729 2873 1799 2925 ob
1834 2872 2163 2941 prtcsentia,
2209 2886 2308 2925 ne-

707 2968 870 3037 gligns
906 2968 1113 3018 l‘utnra.

785 3062 1107 3114 Desiderans
1175 3058 1367 3126 faciem
1420 3068 1594 3119 tuam,
1649 3067 1698 3109 te
1746 3055 1940 3109 inveni.
1982 3055 2311 3111 Desiderans

711 3167 762 3210 te
793 3158 885 3225 qui
920 3155 973 3207 in
1006 3155 1190 3207 anima
1226 3152 1435 3206 futuris
1484 3151 1779 3221 praesentia
1811 3149 2061 3219 praeters,
2094 3151 2219 3205 veni
2254 3152 2309 3205 in

707 3266 1007 3305 occursum
1047 3249 1170 3303 tibi.

783 3343 951 3399 Vens.
1020 3343 1106 3396 16.
1168 3339 1515 3395 Ornamentis
1572 3339 1739 3391 stravi
1801 3338 2061 3392 lectulum
2114 3353 2312 3392 meum.

713 3440 978 3492 Dulcibus
1008 3438 1232 3489 ltiuibus
1279 3449 1505 3486 carnem
1553 3432 1796 3500 alligavi,
1844 3440 1903 3485 ut
1932 3433 2026 3485 illa
2059 3433 2221 3501 quasi
2258 3432 2314 3485 in

708 3531 873 3592 lecto,
916 3528 1086 3581 variis
1118 3527 1467 3594 voluptatum
1506 3522 1725 3593 gaudiis
1758 3521 2037 3593 perfruar.

782 3715 1070 3783 Tapetilms
1122 3729 1190 3768 ea:
1225 3712 1467 3783 /Egypto
1514 3711 1702 3765 stravi.
1758 3709 2042 3765 lllecebris
2084 3724 2150 3764 ex
2189 3724 2313 3778 pec-

704 3821 831 3861 catu
877 3808 1180 3878 voluptatis
1233 3820 1456 3860 carnem
1519 3805 1735 3873 paravi,
1798 3802 2074 3872 repellens
2130 3817 2161 3856 a
2226 3817 2314 3856 me

706 3902 1054 3969 gravitatem,
1117 3898 1269 3951 illius
1328 3911 1451 3966 qua:
1497 3896 1807 3951 secundum
1845 3894 2014 3949 Deum
2046 3901 2131 3949 est
2163 3895 2308 3947 vitat.

784 4076 947 4133 Vtilis.
978 4078 1062 4130 Π.
1095 4078 1315 4145 Aspersi
1368 4078 1561 4130 lectum
1594 4094 1774 4143 croco,
1810 4087 1858 4131 et
1892 4078 2111 4131 domum
2140 4094 2309 4130 meam

704 4174 1066 4225 cimtamomo.
1098 4170 1337 4224 Carnem
1377 4172 1430 4224 in
1470 4187 1577 4242 qua
1644 4182 1704 4225 ut
1742 4172 1793 4225 in
1851 4174 2085 4242 grabato
2112 4187 2209 4242 per
2240 4173 2309 4225 li-

709 4267 950 4319 bidinem
1013 4265 1224 4329 habito,
1287 4267 1505 4334 aspersi
1560 4265 1843 4334 voluptate
1893 4265 2133 4330 carnali,
2190 4274 2308 4319 tan-

706 4374 871 4427 qUatll
905 4371 1095 4421 croco,
1135 4372 1259 4423 qua:
1292 4358 1535 4409 animam
1583 4358 1705 4411 sine
1739 4358 1901 4412 modo
1933 4358 2152 4425 titillet;
2181 4374 2309 4428 par-

706 4434 815 4505 tem
863 4459 1047 4503 autem
1100 4450 1448 4515 sensitivam,
1504 4450 1694 4520 inqua
1746 4459 2009 4521 tanquam
2039 4453 2093 4505 in
2141 4452 2309 4507 domo

2414 600 2588 635 νοιαν.

2482 676 2717 741 Χρόνον
2745 673 2813 727 δὲ
2852 671 2926 725 ἐν
2965 676 3275 738 πλατείαις
3307 675 3467 741 παρὰ
3521 672 3730 739 πάσας
3782 674 4010 742 γωνίας

2412 765 2729 832 ἐνεδρεύει.
2787 767 2923 819 Ποτὲ
2978 766 3036 819 δὲ
3094 768 3151 818 ἐν
3204 769 3321 829 ταῖς
3371 765 3708 835 εύρυχῶροις
3738 767 3875 823 ὁδοῖς
3906 766 4009 832 τῆς

2413 852 2713 922 ἁμαρτίας,
2746 854 2897 923 παρά
2926 855 3104 906 πάντα
3132 853 3313 921 λόγον,
3375 854 3467 905 τὸν
3516 853 3660 905 κατά
3714 852 3815 922 τὴν
3869 854 4009 906 ὲκάο

2417 961 2544 995 στου
2578 944 2906 1014 πράγματος
2937 944 3156 1013 εὔλογον
3185 946 3405 1015 χρῆσιν,
3445 945 3605 1014 δίκην
3638 945 3844 1012 γωνίας
3874 962 4006 997 συν·

2413 1035 2661 1089 δεκτικὸν
2715 1037 2808 1089 τοῦ
2863 1038 3189 1106 φαινομένου
3237 1038 3375 1107 πρὸς
3430 1037 3490 1089 τὸ
3538 1036 3850 1106 νοούμενον,
3910 1037 4011 1089 λα-

2416 1128 2618 1198 Θραίως
2657 1129 2734 1199 τῷ
2779 1128 2909 1200 λείῳ
2930 1130 3027 1199 τῆς
3073 1130 3269 1199 ἡδονῆς
3318 1128 3662 1182 ἐπιϐουλεύει
3717 1131 3841 1192 ταῖς
3895 1129 4010 1180 τῶν

2415 1220 2665 1290 ἀφρόνων
2688 1221 2906 1289 ψυχαῖς.

2490 1320 2577 1379 ιγ’.
2616 1309 2760 1367 Εἶτα
2814 1313 3219 1381 ἐπιλαϐομένη
3254 1313 3555 1381 ἐφίλησεν
3595 1314 3804 1366 αὐτόν.
3852 1312 4014 1365 Μετὰ

2415 1406 2589 1458 ταῦτα
2641 1406 2698 1458 δὲ
2746 1404 3096 1474 κατασχοῦσα
3144 1405 3338 1457 τοῦτον
3377 1405 3497 1457 καθ’
3535 1404 3670 1468 ἕξιν,
3728 1403 4011 1474 προσφιλῆ

2418 1499 2584 1566 ἑαυτῇ
2610 1498 3006 1563 ἀπειργάσατο.

2490 1588 2746 1641 Ἀναιδεῐ
2794 1588 2861 1639 δὲ
2909 1586 3207 1654 προσώπῳ
3258 1586 3588 1652 προσεῖπεν
3632 1583 3815 1648 αὐτῷ.
3890 1586 4013 1639 Ἀν-

2420 1680 2728 1742 υποστό).ως
2756 1680 2813 1732 δὲ
2845 1679 3235 1750 προσωμίλησε
3266 1679 3440 1748 τούτῳ
3465 1694 3479 1707 ⁸
3502 1678 3626 1730 τάδε
3648 1679 3813 1729 οἱονεὶ
3833 1694 4012 1745 προσ-

2418 1770 2775 1841 διαλεξαμένη
2802 1771 2972 1840 αὐτῷ·

2489 1863 2568 1915 ιδ’.
2598 1864 2791 1916 Θυσία
2819 1860 3089 1930 εἰρηνική
3122 1878 3219 1928 μοι
3247 1860 3399 1913 ἐστι.
3428 1860 3773 1931 Προταγωγὴ
3818 1859 4018 1912 καταλο

2415 1955 2687 2008 λάττουσα
2719 1956 2858 2024 πρὸς
2888 1958 2954 2007 τὰ
2983 1956 3229 2024 ταρὸντα
3286 1953 3411 2014 τοὺς
3444 1952 3529 2004 διὰ
3582 1952 3682 2022 τὴν
3718 1951 3861 2004 κατά
3914 1951 4016 2018 τὴν

2416 2050 2620 2120 φθορὰν
2664 2049 2857 2117 ὀδύνην
2905 2046 3159 2117 ἀπεχθῶς
3210 2046 3345 2116 πρὸς
3382 2043 3554 2097 ταῦτα
3598 2044 4014 2112 διακειμένους,

2415 2142 2651 2211 ὑπάρχει
2708 2144 2841 2211 παρ’
2880 2141 3004 2211 ἐμοὶ
3059 2140 3282 2201 πάντως
3347 2140 3381 2209 ἠ
3432 2138 3577 2190 κατά
3629 2136 3730 2207 τὴν
3787 2136 4017 2205 γένεσιν

2417 2234 2601 2305 ἡδονή.

2485 2324 2758 2393 Σήμερον
2799 2320 3129 2392 ἀποδίδωμι
3186 2319 3293 2385 τὰς
3346 2316 3532 2384 εὐχάς
3562 2335 3703 2387 μου.
3727 2315 3895 2369 Φύσει
3921 2314 4022 2370 τοῦ

2414 2418 2620 2488 κυρίως
2648 2416 2855 2484 ἀγαυοῦ
2890 2417 3031 2469 κατά
3059 2415 3118 2467 τὸ
3150 2412 3342 2483 μέλὶον
3385 2410 3686 2465 ἀπολαύειν
3716 2408 4020 2478 ιφιεμὲνη,

2415 2511 2556 2564 κατὰ
2583 2511 2642 2562 τὸ
2698 2510 2872 2580 παρὸν
2915 2510 2975 2561 τὸ
3001 2508 3220 2578 δοκήσει
3274 2522 3364 2575 μοι
3398 2504 3627 2573 ἀγαθὸν,
3669 2502 3827 2572 παρά
3852 2502 4022 2571 φύσιν

2415 2602 2708 2671 γνωμικῶς
2731 2601 2957 2654 ὲκτελῶ.

2487 2701 2566 2746 ιε’.
2603 2694 2829 2747 ’Ἕνεκα
2878 2692 3115 2753 τούτου,
3172 2688 3439 2756 ἐξῆλθον
3493 2690 3577 2751 είς
3622 2685 4025 2753 curtis-rnam-

2414 2802 2552 2841 σου.
2590 2785 2795 2839 Τούτου
2837 2786 2999 2853 χάριν
3052 2781 3432 2850 καταλείψασα
3474 2781 3541 2833 τὰ
3584 2779 3882 2849 νοούμενα,
3932 2780 4022 2844 ἑξ-

2414 2880 2578 2948 ῆλοον
2610 2880 2744 2947 πρὸς
2771 2879 2836 2931 τὰ
2856 2879 3175 2945 φαινόμενα,
3205 2874 3516 2946 ὑπαντῆσαι
3543 2891 3622 2926 σοι
3652 2872 3730 2943 τῷ
3763 2873 4025 2941 κατολιγ-

2415 2971 2645 3043 ωροῦντι
2682 2971 2788 3022 τῶν
2825 2969 3127 3038 μελλόντων
3160 2967 3247 3019 διά
3278 2966 3348 3019 τὰ
3378 2964 3673 3019 ἐνεστῶτα.

2487 3061 2768 3116 Ποθοῐθσα
2795 3062 2858 3113 τὸ
2882 3062 3000 3114 σὸν
3014 3061 3361 3128 πρόσωπον,
3386 3057 3613 3126 εὑρηκά
3639 3074 3735 3111 σε.
3766 3056 4026 3126 Ζητοῦσά

2418 3171 2476 3206 σε
2508 3154 2598 3206 τὸν
2631 3154 2773 3206 κατά
2843 3153 3071 3222 γνώμην
3129 3152 3199 3203 τὰ
3252 3152 3498 3221 παρόντα
3551 3150 3660 3201 τῶν
3712 3150 4025 3219 μελλόντων

2419 3245 2874 3317 προαιρούμενον,
2908 3242 3159 3313 ἐνέτυχόν
3199 3258 3300 3294 σοι.

2495 3339 2589 3404 ις’.
2627 3339 2889 3405 Κειριάις
2922 3337 3141 3390 τέτακα
3173 3334 3287 3403 τὴν
3334 3336 3553 3401 κλίνην
3580 3351 3720 3403 μου.
3754 3334 3892 3396 Ταῖς
3924 3333 4023 3403 ψυ-

2418 3436 2600 3505 χικαῖς
2654 3434 2875 3503 σχέσεσι
2925 3432 3024 3501 τὴν
3080 3431 3259 3499 σάρκα
3303 3429 3715 3497 κατεδέσμησα,
3755 3428 3901 3479 ὥστε
3956 3444 4024 3496 με

2417 3526 2589 3599 ταύτῃ
2623 3528 2746 3587 ταῖς
2782 3523 3223 3593 ποικιλοτρόποις
3245 3523 3357 3575 τῶν
3391 3521 3600 3592 ἡδονῶν
3622 3519 4022 3586 ἀπολαύσεσιν,

2415 3615 2505 3673 οἶά
2526 3635 2633 3670 τινι
2662 3617 2819 3689 κλίνῃ
2842 3615 3320 3669 ἐπαναπαύεσθαι.

2500 3704 2890 3775 Ἀμριτιίποις
2950 3704 3017 3757 δὲ
3069 3705 3350 3773 ἕστρωσα
3395 3702 3519 3770 τοῖς
3556 3702 3657 3757 ἀπ’
3689 3703 4026 3773 Αἰγύπτου.

2416 3800 2553 3861 Ταῖς
2584 3799 2642 3850 δὲ
2692 3800 2757 3849 ὲκ
2787 3800 2887 3866 τῆς
2911 3797 3192 3866 ἁμαρτίας
3221 3796 3473 3866 λειότησι
3520 3798 3619 3866 τῆς
3647 3796 3873 3866 ἡδονῆς,
3903 3797 4020 3850 ταύν

2415 3910 2515 3963 την
2558 3892 2868 3963 ὴτοίμασα,
2901 3890 2961 3943 τὸ
2998 3890 3174 3961 τραχὺ
3222 3889 3315 3943 τοῦ
3358 3893 3504 3945 κατά
3538 3890 3675 3944 Θεὸν
3716 3891 3838 3959 βίου
3882 3908 4027 3961 παρ·

2414 3986 2698 4055 ωσαμένη.

2487 4081 2573 4144 ιζ’.
2607 4080 2942 4148 Διέῤῥαγκα
3012 4079 3127 4145 τὴν
3161 4081 3373 4145 κοίτην
3405 4095 3526 4147 μου
3569 4080 3787 4147 κρόκῳ,
3826 4079 3938 4133 τὸν
3960 4080 4027 4132 δὲ

2412 4168 2588 4226 οἶκόν
2610 4189 2731 4241 μου
2765 4169 3103 4240 κιναμώμῳ.
3141 4172 3500 4241 Κατέρῤανον
3536 4170 3636 4241 τὴν
3671 4170 3772 4241 μὲν
3818 4173 4024 4242 σάρκα,

2412 4259 2532 4340 ὲνῇ
2578 4266 2654 4328 ὠς
2702 4265 2760 4316 ὲν
2793 4263 3058 4334 κραϐἀτῳ
3116 4262 3542 4324 ἀπολαυστικῶς
3594 4264 4023 4333 ἀναπέπαυμαι,

2413 4360 2478 4428 τῇ
2506 4357 2710 4427 κρόκου
2750 4355 2911 4424 δίκην
2940 4355 3197 4425 ἀμέτρως
3233 4355 3525 4425 διαχεούσῃ
3558 4353 3655 4425 τὴν
3683 4354 3868 4424 ψυχὴν
3891 4359 4027 4411 ἀπο-

2413 4450 2603 4503 λαύσει
2649 4448 2758 4501 τῶν
2815 4448 3052 4501 ύλικῶν·
3109 4449 3209 4517 τὴν
3252 4447 3308 4499 δὲ
3359 4447 3639 4518 αἴσθησιν,
3675 4450 3734 4501 ἐν
3852 4448 3934 4511 ὡς
3970 4452 4025 4501 ἑν

705 4560 987 4607 remaneo,
1029 4545 1187 4613 quasi
1223 4544 1579 4598 cinnamomo
1622 4546 1837 4614 aspersi
1870 4538 2143 4603 electione
2174 4563 2299 4602 sen-

2414 4561 2519 4596 τινι
2558 4541 2864 4613 παραμένω
2910 4541 3257 4611 οἱκητηρίιμ,
3316 4543 3381 4610 τῇ
3431 4535 3632 4611 οἷάπερ
3692 4543 4024 4614 κινάμωμον

696 4637 913 4697 silium,
985 4652 1109 4705 quae
1170 4637 1445 4704 voluptate
1520 4638 1887 4705 permulcent,
1958 4646 2008 4693 el
2117 4640 2305 4694 dolore

704 4736 957 4797 ptinguut
989 4745 1001 4782 :
1050 4730 1243 4781 ambas
1290 4730 1530 4797 aspersi,
1563 4740 1617 4783 et
1648 4730 1911 4785 sordibus
1947 4738 2302 4800 peccatorum

700 4837 717 4869 λ
733 4820 908 4888 ιτριυνί
924 4859 935 4870 .

774 4997 941 5053 Vens.
1000 4999 1083 5053 lS.
1156 4998 1282 5051 l'cni
1356 5010 1404 5052 ct
1461 4999 1708 5067 fruemur
1777 5001 2053 5053 amoribus
2138 5018 2300 5070 usque

700 5108 875 5143 mane.
932 5091 1060 5143 chi
1120 5106 1360 5149 lllt'Clllll,
1410 5102 1465 5144 et
1518 5090 1825 5144 sententias
1890 5092 2303 5146 irrationabiles

696 5184 982 5253 sequendo
1045 5184 1209 5255 simul
1274 5182 1531 5235 fruamur
1567 5184 2089 5247 amoribus,doneu
2147 5185 2301 5236 luce-

698 5289 817 5333 ενοι
850 5285 900 5330 in
943 5278 1102 5330 nobis
1138 5278 1227 5328 lux
1266 5276 1494 5345 iustitia:
1527 5277 1687 5338 solis,
1724 5288 1778 5329 et
1811 5278 2069 5331 ostendat
2100 5320 2116 5343 ,
2151 5276 2299 5348 quod

697 5371 1024 5443 ignorantiae
1058 5370 1316 5423 tenebras
1349 5368 1521 5438 lugat,
1560 5386 1748 5423 verum
1784 5370 2009 5424 bonum.

777 5547 926 5614 Veni,
958 5548 1287 5602 exsultemur
1314 5547 1786 5617 antoribus.Veni,
1824 5558 1877 5603 et.
1910 5551 2297 5620 temporalium

695 5659 876 5699 rerum
928 5643 1326 5713 cupiditatibus
1387 5643 1720 5706 serviamus,
1777 5642 1831 5695 in
1868 5644 2135 5712 operibus
2196 5659 2297 5697 no-

694 5738 827 5790 stris
854 5752 1045 5789 earum
1087 5736 1469 5804 voluptatibus
1503 5751 1605 5790 nos
1639 5736 2009 5790 tnaculantes.

771 5830 931 5885 Vicus.
998 5830 1080 5885 19.
1114 5831 1272 5885 Abest
1326 5831 1405 5883 rir
1443 5847 1586 5885 meus
1634 5847 1660 5883 e
1704 5829 1883 5884 doma.
1942 5831 2111 5887 Abest
2144 5834 2291 5887 enim

2415 4636 2689 4707 ἡδυνούσῃ
2730 4634 2853 4687 καθ’
2890 4633 3121 4704 ἡδονὴν,
3180 4634 3273 4685 καὶ
3320 4633 3596 4706 δακνούσῃ
3657 4636 3781 4688 κατ’
3829 4638 4024 4707 ὀδύνην

2415 4728 2685 4798 διακρίσει
2709 4730 2817 4780 τῶν
2843 4726 3117 4795 αἰσθητῶν
3148 4745 3161 4759 θ
3204 4726 3549 4797 κατὲρῤανον
3584 4727 3640 4779 δὲ
3662 4730 3898 4793 ταύτας,
3932 4732 4024 4783 τοῦ

2415 4824 2479 4875 ὲκ
2500 4823 2594 4891 τῆς
2619 4823 2893 4891 ἁμαρτίας
2936 4818 3239 4889 μολυσμοῦο
3298 4818 3395 4873 καὶ
3437 4820 3769 4890 ἀμφοτέρας
3800 4824 4027 4892 “in?”

2418 4932 2579 4969 σασα.

2487 5007 2575 5078 ιη’.
2611 5008 2784 5063 Ἑλθέ
2815 5008 2911 5060 καὶ
2934 5008 3383 5074 ἀπολαύσωμεν
3403 5009 3612 5075 φιλίας
3640 5008 3755 5075 ἕως
3784 5012 4025 5080 ὄρθρον.

2415 5101 2738 5171 Παραγενοῦ
2807 5101 3023 5164 λοιπὸν,
3064 5102 3159 5153 καὶ
3210 5100 3321 5152 τῶν
3357 5100 3448 5153 διὰ
3486 5102 3648 5167 δόξαν
3688 5103 3893 5172 ἄλογον
3936 5126 4029 5160 πο-

2413 5190 2693 5257 Οουμὲνων
2717 5191 2850 5259 ἡμῖν
2876 5189 3403 5259 συναπολαύσωμεν,
3430 5191 3539 5255 ἕως
3581 5192 3648 5244 ἂν
3678 5194 3740 5245 τὸ
3777 5197 3901 5263 φῶς
3932 5199 4025 5252 τοῦ

2410 5285 2511 5353 τῆς
2560 5282 2914 5350 δικαιοσύνης
2957 5283 3140 5335 Ἠλίου
3174 5286 3229 5335 ἐν
3269 5286 3403 5353 ἡμῖν
3431 5284 3782 5356 διαυγάσειε,
3836 5294 3935 5344 καὶ
3972 5295 4030 5345 τὸ

2410 5375 2513 5443 τῆς
2545 5375 2772 5441 ἀγνοίας
2831 5376 3022 5439 σκότος
3067 5376 3456 5441 διασκεδάσαι),
3517 5380 3577 5431 τὸ
3632 5381 3811 5446 ὅντως
3861 5388 4030 5439 καλὴν

2412 5468 2767 5534 ὑποδείξειεν.

2482 5560 2667 5627 Δεῦρο
2690 5561 2786 5614 καὶ
2847 5560 3306 5631 ἐγκυλισθῶμεν
3337 5567 3528 5632 ἔρωτι.
3577 5565 3755 5629 Ἐλθὲ,
3815 5570 3914 5623 καὶ
3956 5570 4031 5639 τῷ

2410 5653 2519 5705 τῶν
2568 5654 2926 5723 προσκαίρων
2984 5655 3136 5725 πόθῳ
3191 5657 3699 5728 καταχρανθῶμεν,
3748 5664 3821 5732 τῇ
3888 5667 4027 5718 κατά

2411 5745 2613 5813 πρᾶξιν
2644 5741 2941 5799 ἀπολαύσει
2970 5747 3153 5799 αὐτῶν
3194 5748 3576 5818 μολυνόμενοι.

2485 5838 2569 5890 ιο’.
2624 5841 2707 5892 Οὐ
2761 5840 2869 5909 γὰρ
2920 5842 3215 5909 πάρεστιν
3262 5846 3294 5896 ὀ
3336 5845 3491 5911 ἀνήρ
3537 5863 3661 5913 μου
3730 5848 3807 5902 ἐν
3859 5850 4019 5913 οἴκῳ.
