4238 6458
237 468 254 530 ι
265 468 376 531 285

1319 457 1849 519 COMMENTARII
1883 458 1957 516 lN
1999 454 2298 518 ΡιιονΕιι
2311 455 2431 514 ΒῐΛ
2444 501 2456 514 .

3383 450 3519 512 19.56

235 558 466 613 Ἀπιστι
518 553 629 624 γάρ
677 553 706 605 ὁ
758 550 900 604 κατά
954 549 1051 619 τῆς
1094 547 1444 618 ἀνθρωπίνης
1483 546 1701 614 φύσεως
1741 544 1826 596 νό-

1954 544 2025 611 lui
2085 542 2220 595 mihi
2270 541 2574 596 secundum
2631 538 2882 591 humanm
2923 547 3136 592 natura!
3172 537 3345 608 legem
3383 554 3518 592 eon-

233 664 334 717 μον
364 643 768 718 συναρμοσθιίς
821 657 913 712 μοι
959 640 1115 708 λόγος
1146 638 1243 692 τοῦ
1285 635 1477 707 νοεροῦ
1506 634 1826 707 οίκητηρίου

231 737 419 791 αὐτοῦ.

302 824 670 892 Πεπόρευται
731 823 878 877 ὁδὸν
903 819 1166 892 μακράν.
1231 818 1471 888 ’Δπῆλθε
1504 819 1698 871 τούτου
1729 835 1833 886 μα-

233 918 392 986 κράν,
421 919 486 987 τῇ
521 915 642 968 κατ’
692 913 950 982 αἴσθησιν
1004 912 1189 982 ἀπάτῃ
1247 908 1682 980 ἐμφιλοχωρῶν,
1740 909 1831 962 καὶ

231 1009 356 1069 τοὺς
390 1007 492 1075 τῆς
531 1006 735 1068 κακίας
767 1005 1048 1067 ποικίλους
1080 1003 1321 1073 τρόπους
1351 1001 1605 1054 ἐπινοῶν.

305 1104 375 1150 κ’.
412 1097 762 1166 Ἐνὸεσμον
818 1084 1109 1164 ἀργινρίου
1144 1093 1348 1147 λαϐὼν
1380 1095 1448 1146 ἐν
1478 1093 1692 1162 χερσὶν
1724 1094 1832 1146 αὺ-

235 1191 361 1245 τοῦ.
401 1191 512 1258 Τὴν
543 1191 652 1260 γὰρ
691 1189 849 1258 δίκην
873 1189 1144 1258 ἀργυρίου
1194 1185 1704 1256 λελαμπρυσμένην
1755 1184 1834 1253 τῷ

233 1281 332 1349 τῆς
361 1281 512 1344 Οείας
542 1281 880 1351 ὡραιότητος
935 1279 1142 1343 κάλλει,
1190 1278 1370 1348 ψυχὴν
1403 1277 1584 1331 λαϐὼν
1614 1277 1755 1330 κατά
1774 1277 1835 1329 τδ

235 1371 610 1437 αὐτεξούσιον,
668 1373 745 1435 ὼς
810 1371 867 1424 ἐν
923 1388 1034 1423 τισι
1085 1372 1262 1440 χερσὶ,
1307 1372 1426 1433 ταῖς
1477 1372 1833 1440 προαιρεταῖς

235 1465 542 1535 ἐνεργείαις
567 1463 758 1524 αὑτοῦ,
789 1464 927 1534 πρὸς
955 1463 1214 1534 πρόνοιαν
1238 1463 1337 1531 τῆς
1364 1462 1603 1530 ζωτικῆς
1629 1462 1834 1531 ταύτης

233 1553 543 1622 δυνάμεως,
600 1552 744 1622 μετά
803 1551 897 1604 τοῦ
945 1551 1148 1621 δεσμοῦ
1187 1551 1287 1619 τῆς
1320 1551 1519 1621 σαρκὸς
1549 1568 1834 1622 κατησφα-

236 1643 506 1711 λισμένην
536 1659 549 1673 ο
581 1642 648 1694 ἵν’
688 1643 819 1694 ὅταν
877 1641 1018 1708 αῦτη
1063 1643 1150 1694 διὰ
1190 1642 1289 1710 τὴν
1315 1641 1474 1706 ἀξίαν
1515 1641 1832 1711 ὲπαίρηται,

235 1733 327 1786 διὰ
358 1736 451 1786 τὸν
482 1733 612 1802 χοῦν
640 1732 1004 1803 συστέλληται
1025 1749 1038 1763 ⁸
1069 1734 1165 1786 καὶ
1204 1733 1278 1802 μὴ
1307 1732 1532 1785 συλᾶται
1562 1733 1712 1802 παρὰ
1740 1730 1833 1784 τοῦ

1928 636 2156 704 junctus
2187 643 2292 695 est,
2334 631 2600 702 spiritalis
2631 630 2828 684 domus
2873 630 3022 684 illius
3054 644 3257 683 sermo.

2008 809 2152 862 Abiit
2183 809 2320 862 viam
2347 808 2711 878 longinquam.
2742 807 2888 859 Abiit
2921 808 3080 878 longe
3111 807 3180 862 ab
3208 802 3518 868 illa'domo,

1932 901 2170 971 diligens
2201 900 2471 969 spiritalis
2537 898 2956 963 habitationem,
3010 910 3064 954 et
3106 899 3300 956 modos
3333 901 3520 954 varios

1933 993 2161 1046 malitia
2191 992 2465 1062 cogitans.

2001 1083 2167 1138 Vens.
2227 1083 2318 1138 9'0.
2357 1083 2640 1138 Summam
2690 1083 2892 1151 argenti
2938 1083 3150 1150 capiens
3184 1082 3237 1134 in
3278 1084 3520 1135 manibus

1932 1177 2065 1230 suis.
2125 1176 2447 1246 Fulgentetu
2500 1183 2557 1229 ttt
2605 1187 2914 1244 argentum,
2970 1176 3170 1228 divina:
3218 1176 3524 1227 venustatis

1935 1267 2366 1337 pulchritudine,
2423 1283 2519 1337 per
2550 1266 2888 1319 voluntatem
2942 1280 3097 1319 suam
3150 1267 3377 1334 capiens
3406 1272 3526 1315 anl-

1935 1374 2078 1412 tnam
2126 1359 2340 1411 viribus
2381 1357 2500 1412 suis
2536 1357 2751 1419 liberis,
2781 1364 3048 1424 tanquam
3077 1355 3433 1415 inmanibus,
3471 1364 3526 1406 et

1935 1452 2202 1506 munitam
2249 1451 2476 1505 vinculo
2533 1451 2806 1518 corporis,
2868 1450 2931 1502 ad
2983 1448 3382 1517 providendum
3443 1449 3524 1498 vi-

1933 1543 2078 1596 venti
2111 1559 2224 1598 sute
2253 1545 2622 1612 potentiamut
2652 1542 2694 1594 si
2726 1547 2948 1609 propter
2987 1539 3310 1609 dignitatem
3333 1553 3529 1607 super-

1936 1633 2046 1691 bia.
2086 1643 2308 1703 propter
2338 1634 2616 1704 pulverem
2649 1633 3010 1695 humilietur;
3039 1641 3091 1683 et
3122 1648 3231 1684 non
3261 1633 3530 1699 Spolietitr

1936 1736 1966 1776 a
1997 1723 2247 1778 daamone
2285 1725 2377 1794 qui
2419 1723 2560 1778 clam
2601 1723 2676 1776 illi
2706 1739 2799 1792 per
2828 1724 3161 1792 cupiditates
3194 1740 3258 1776 ex
3296 1738 3528 1776 excessu

235 1826 520 1892 λαθραίως
554 1824 729 1896 ταύτῃ
757 1825 848 1878 διά
876 1826 985 1878 τῶν
1017 1826 1139 1878 καθ’
1177 1824 1487 1896 ὑπερὸοὶρὴν
1508 1825 1607 1894 τῆς
1633 1825 1835 1895 ἀρετῆς

1954 1813 2160 1869 virtutis
2206 1815 2471 1870 oriundas
2535 1814 2866 1868 insidiatur:
2937 1815 3192 1867 habitans
3252 1815 3305 1866 in
3364 1816 3529 1883 spiri-

238 1916 432 1970 παοῶν
457 1894 905 1981 ἐπιϐουλεῦοντος
932 1917 1190 1987 δαίμονος
1210 1932 1226 1950 ο
1271 1894 1628 1986 ἐναπομένων
1671 1916 1728 1969 δέ
1768 1894 1835 1989 τῇ

1954 1907 2077 1962 Luali
2109 1907 2418 1961 carnalium
2451 1921 2635 1960 rerum
2688 1905 3015 1968 fallacia,ob
3049 1905 3302 1959 ali‘ectum
3334 1908 3531 1959 anima.

237 2008 363 2063 κατ’
393 2008 648 2080 αἴσθησιν
679 2009 866 2081 ἀπάτῃ
898 2009 1008 2062 τῶν
1033 2008 1255 2073 ὑλικῶν,
1286 2007 1377 2061 διὰ
1410 2008 1511 2078 τὴν
1556 2008 1694 2078 πρὸς
1738 2007 1839 2079 τὴν

240 2099 426 2170 σάρκα
453 2100 552 2170 τῆς
577 2099 763 2170 ψυχῆς
791 2099 1000 2170 σχέσιν,
1039 2101 1134 2154 καὶ
1163 2099 1291 2163 τοὺς
1335 2099 1575 2171 τρόπους
1606 2099 1840 2154 ἐπινοῶν

236 2193 350 2246 τῶν
391 2194 514 2244 κατ’
547 2191 784 2260 ἔλλειψιν
810 2193 908 2261 τῆς
942 2193 1149 2263 ἀρετῆς
1177 2191 1388 2246 παθῶν.

313 2283 394 2337 Δι’
423 2283 662 2353 ἡμερῶν
692 2282 942 2337 πολλῶν
970 2282 1261 2348 ἐπανήξει
1288 2285 1375 2349 εἰς
1403 2283 1510 2338 τὸν
1531 2283 1700 2337 οἷκον
1731 2286 1840 2339 αὺ-

237 2375 368 2430 τοῦ.
412 2378 488 2429 Οὐ
528 2377 616 2430 διὰ
676 2376 906 2446 βραχέος
959 2375 1154 2448 καιροῦ
1198 2376 1620 2430 ἐπανελεύσεται
1665 2380 1743 2441 εἰς
1779 2379 1842 2430 τὺ

240 2468 388 2522 κατά
413 2469 538 2522 νοῦν
561 2468 729 2522 αὑτοῦ
755 2470 1095 2538 οἰκητήριον,
1118 2471 1238 2532 ταῖς
1264 2469 1353 2522 διά
1375 2469 1470 2538 τῆς
1490 2472 1547 2523 ἐν
1571 2469 1843 2541 πνεύματι

241 2561 486 2630 φυσικῆς
527 2558 788 2631 Θεωρίας,
844 2559 988 2612 κατὰ
1026 2559 1190 2631 μέρος
1244 2560 1346 2630 τῆς
1392 2560 1569 2631 ψυχῆς
1601 2561 1707 2615 ἀπὸ
1734 2561 1843 2614 τῶν

240 2655 372 2707 κατ’
411 2651 669 2724 αἴσθησιν
726 2653 916 2705 τύπων
974 2651 1111 2724 πρὸς
1177 2652 1275 2724 τὴν
1335 2652 1596 2725 ἀλήθειαν
1641 2653 1845 2707 ἀναϐά-

243 2763 421 2801 σεσιν.

318 2840 429 2893 κα’.
470 2837 904 2905 Ἀπεπλιίνησε
967 2837 1035 2891 δὲ
1098 2837 1287 2892 αὑτὸν
1362 2837 1567 2906 πολλῇ
1620 2839 1844 2906 ὁμιλίᾳ.

258 2930 612 3002 Ἐξηπάτησε
644 2928 822 2982 τοίνυν
863 2931 928 2999 τῇ
973 2930 1165 3000 μακρᾷ
1217 2929 1460 2998 ἐντυχία,
1515 2929 1848 2997 συγκαταθέ-

245 3020 377 3073 οθαι
403 3021 542 3090 αὐτῇ
573 3017 769 3072 τοῦτον
809 3020 1310 3089 παρασκευάσασα.

321 3113 577 3179 Βρόχοις
641 3127 706 3164 τε
747 3111 875 3177 τοῖς
925 3111 1044 3165 ἀπὸ
1089 3109 1208 3164 τῶν
1240 3109 1491 3180 χειλέων
1529 3111 1851 3177 ἐξώκειλεν

1940 2000 2008 2056 ad
2045 2015 2291 2064 carnem,
2328 2007 2386 2053 et
2412 1998 2661 2067 c0gitans
2692 1997 2884 2053 modos
2941 1996 3303 2066 cupiditatum
3337 2014 3400 2050 ex
3436 1998 3532 2052 de-

1941 2089 2089 2148 fectu
2125 2091 2346 2147 virtutis
2375 2090 2761 2145 oriundarum.

2010 2268 2140 2324 Post
2171 2269 2365 2324 multos
2393 2268 2504 2322 dies
2557 2277 2847 2322 revertetur
2877 2268 2929 2320 in
2961 2266 3176 2321 domum
3209 2282 3383 2341 suain.
3416 2264 3534 2319 Non

1944 2362 2099 2417 brevi
2144 2361 2346 2416 redibit
2379 2370 2626 2431 tempore
2658 2360 2881 2414 domum
2918 2359 3290 2428 spiritualem,
3313 2347 3538 2412 "intelli-

1947 2455 2130 2527 gentia
2171 2454 2479 2509 ascendens
2523 2468 2551 2506 a
2587 2453 2754 2506 rebus
2794 2451 3100 2506 sensilibus
3148 2450 3218 2504 ad
3249 2450 3538 2504 veritatem

1947 2564 2045 2621 per
2077 2547 2386 2603 naturalem
2422 2545 2837 2602 meditationem
2871 2544 2925 2598 in
2965 2544 3191 2614 spiritu.
3273 2596 3275 2598 .

2026 2850 2192 2906 Vlns.
2249 2852 2340 2906 2|.
2380 2850 2620 2905 lrrctivit
2666 2867 2784 2904 eum
2825 2850 3009 2903 multis
3060 2847 3412 2903 sernwnibus.
3443 2844 3546 2900 De-

1950 2944 2098 3013 cepit
2166 2943 2319 2996 illum
2379 2944 2541 3014 longo
2572 2957 2852 3006 sermone,
2907 2942 3212 3010 disponens
3277 2940 3431 2994 illum
3488 2949 3545 2993 ut

1952 3033 2060 3088 sibi
2088 3032 2390 3088 adhaereat.

2009 3113 2228 3180 Retibtts
2263 3126 2531 3180 Iabiorum
2572 3141 2792 3180 suorum
2824 3126 3050 3178 attraxit
3085 3126 3260 3177 illum.
3292 3123 3427 3176 (ium
3466 3125 3548 3178 lu-

244 3205 463 3257 αὐτόν.
512 3205 746 3274 Δεσμοῖς
795 3220 856 3256 τε
895 3206 1008 3266 τοῖς
1053 3204 1117 3255 ἐκ
1186 3203 1296 3255 τῶν
1327 3205 1467 3274 πρὸς
1514 3205 1581 3257 τὰ
1613 3205 1850 3275 αίσθητά

1955 3217 2121 3272 nibus
2172 3217 2378 3271 amoris
2449 3232 2714 3272 sensuum
2797 3218 2863 3269 ad
2924 3217 3198 3279 carnalia,
3258 3231 3354 3286 per
3407 3231 3548 3285 (ιιιοε

247 3299 497 3366 σχέσεων
544 3295 654 3349 τῶν
696 3295 1028 3366 αἰσθήσεων,
1089 3295 1157 3348 δι’
1203 3288 1278 3348 ὧν
1313 3297 1388 3359 ὦς
1436 3313 1549 3350 τινα
1586 3298 1850 3368 ’χειλέων

245 3387 431 3442 ταῦτα
487 3387 813 3453 ἀσπάζεται,
869 3388 1165 3457 ἐξέστησεν
1209 3387 1374 3440 αὐτὸν
1410 3385 1505 3440 τοῦ
1557 3387 1852 3459 βεϐηκότος

250 3483 480 3547 πάντως
510 3499 546 3551 φ
556 3483 682 3552 ρονή
693 3499 797 3551 ματ
805 3497 884 3542 ος.

327 3573 434 3643 κβ’.
482 3573 544 3626 '0
573 3572 643 3627 δὲ
679 3572 1184 3639 ἐπηκολούθησεν
1216 3569 1373 3640 αὐτῇ
1407 3571 1758 3641 κεπφωθείς.
1794 3571 1854 3626 '0

246 3662 498 3725 τοιοῦτος
533 3663 579 3716 δ’
609 3662 859 3731 ὑπετάγη
895 3662 1034 3734 αὐτῇ
1071 3661 1149 3733 τῷ
1181 3661 1330 3732 πόθῳ
1359 3661 1468 3714 τῶν
1508 3664 1630 3716 κατ’
1659 3662 1854 3733 αἴσθη-

253 3769 344 3806 σιν
371 3751 545 3822 ἡδέων
573 3751 906 3814 δελεασθεὶς.

329 3842 563 3913 Ὥσπερ
580 3842 648 3896 δὲ
678 3843 835 3911 βοῦς
856 3845 955 3898 ἐπὶ
992 3844 1243 3913 σφαγὴν
1269 3843 1493 3915 ἄγεται.
1511 3846 1778 3916 Καθάπερ
1798 3845 1856 3900 δέ

251 3933 387 4005 βοῦς
424 3933 734 4004 ἀποκαμὼν
788 3936 923 4008 περὶ
985 3937 1170 4004 τὸτῆς
1214 3936 1481 4007 ἐργασίας
1533 3937 1855 4008 φερέπονον,

250 4028 489 4101 φέρεται
524 4026 663 4098 πρὸς
690 4028 928 4100 σφαγὴν,
955 4027 1100 4082 οὕτω
1132 4027 1198 4100 δὴ
1221 4029 1316 4082 καὶ
1341 4028 1526 4093 αὐτὸς,
1551 4028 1858 4099 ἀποκαμὼν

247 4120 335 4188 τῷ
357 4118 615 4191 ἐπιπόνῳ
646 4121 747 4184 τῆς
782 4121 1010 4192 ἀρετῆς,
1041 4121 1179 4192 πρὸς
1204 4122 1304 4192 τὴν
1327 4121 1648 4194 νεκροποιδν
1664 4120 1858 4193 ἄγεται

248 4213 562 4284 ἁμαρτίαν.

327 4307 445 4360 Καὶ
481 4303 688 4375 ὥσπερ
731 4307 895 4361 κύων
935 4304 1034 4360 ἐπὶ
1069 4307 1354 4376 δεσμούς.
1402 4308 1514 4363 Καὶ
1559 4307 1862 4382 καθώσπερ

251 4399 408 4454 κύων
431 4399 728 4470 ἑλκόμενος
755 4400 890 4472 πρὸς
913 4400 1146 4471 δεσμοὺς
1173 4401 1424 4471 σχολάζει
1445 4402 1539 4456 τοῦ
1566 4403 1860 4472 φυλάττειν

251 4495 370 4548 ἀπὸ
393 4493 508 4547 τῶν
543 4494 1031 4558 ἐπιϐουλευόντων,
1057 4494 1202 4548 οὓτω
1230 4497 1325 4548 καὶ
1353 4489 1528 4560 οὗτος,
1561 4499 1860 4568 ἐπειγόμε-

1955 3307 2111 3378 quasi
2153 3322 2248 3377 per
2279 3307 2420 3361 labia
2457 3309 2744 3361 osculatur
2781 3307 2894 3373 illa,
2928 3309 3158 3361 removit
3199 3307 3354 3361 illum
3398 3322 3428 3360 a
3459 3323 3549 3362 re-

1954 3398 2061 3454 ctis
2089 3397 2318 3453 omnino
2360 3398 2814 3470 cogitationibus.

2027 3578 2196 3636 Vens.
2226 3579 2316 3634 ἓξ.
2377 3580 2480 3634 Hic
2519 3590 2733 3633 secutus
2787 3590 2865 3633 est
2893 3579 3042 3632 illam
3087 3595 3281 3634 cmcus.
3338 3579 3436 3634 llic
3474 3580 3549 3634 illi

1955 3672 2220 3738 obedivit,
2272 3671 2639 3743 cupiditatum
2693 3673 3003 3726 carnalium
3054 3673 3338 3740 voluptate
3383 3684 3553 3726 attra-

1955 3773 2103 3820 ctus.

2034 3855 2101 3912 Ut
2151 3854 2242 3910 bos
2287 3855 2355 3910 ad
2402 3868 2627 3911 mortem
2679 3857 2931 3910 trahitur.
2989 3856 3162 3912 Sicuti
3217 3857 3318 3912 hos
3353 3857 3555 3912 cadens

1959 3950 2065 4005 sub
2109 3948 2317 4004 laboris
2369 3949 2632 4018 pondere,
2691 3947 2758 4001 ad
2809 3964 3000 4001 necem
3038 3949 3299 4012 trahitur,
3339 3949 3420 4004 sic
3464 3950 3556 4002 ille

1960 4040 2165 4098 cadens
2195 4042 2300 4099 sub
2354 4041 2544 4097 labore
2584 4041 2830 4106 virtutis,
2865 4043 3109 4096 trahitur
3161 4043 3229 4098 ad
3270 4043 3554 4098 mortifera

1959 4140 2211 4206 peccata.

2034 4303 2103 4356 Et
2136 4305 2271 4360 sicut
2316 4304 2467 4358 canis
2517 4302 2586 4357 ad
2625 4305 2784 4360 retia.
2837 4302 2902 4357 Et
2938 4305 3082 4360 sicut
3110 4303 3288 4369 canis,
3327 4303 3588 4362 funibus--

1963 4398 2164 4470 ligatus
2185 4439 2200 4464 ,
2254 4397 2323 4453 ab
2353 4397 2750 4457 insidiantibus
2786 4397 3070 4451 custodire
3099 4397 3328 4463 desinit,
3365 4400 3436 4451 ita
3468 4397 3561 4451 ille

1965 4491 2234 4548 festinans
2289 4491 2490 4546 vinciri
2555 4500 2910 4562 peccatorum
2969 4491 3260 4559 operibus,
3313 4492 3560 4560 seipsqu

254 4604 349 4650 vo;
372 4585 718 4657 δεσμηθῆναι
749 4591 816 4658 τῇ
855 4588 980 4640 κατ’
1010 4589 1298 4658 ἐνέργειαν
1336 4590 1604 4661 ἁμαρτίᾳ,
1628 4590 1851 4645 παύεται

1967 4582 2264 4640 defendere
2292 4593 2472 4638 cessat
2503 4583 2774 4638 adversus
2806 4582 3086 4637 daanuones
3122 4581 3226 4650 ipsi
3257 4583 3564 4636 secundum

253 4679 356 4732 τοῦ
388 4679 682 4747 φυλάττειν
728 4681 921 4732 ἑαυτὸν
966 4681 1077 4734 ἀπὸ
1103 4681 1212 4734 τῶν
1243 4681 1708 4736 ἐπιϐουλευόντων
1747 4683 1866 4739 δαι-

261 4771 448 4842 μόνων
471 4772 614 4824 κατά
641 4773 844 4842 ψυχήν.

336 4870 442 4933 κγ’.
477 4865 549 4946 Ἢ
591 4865 672 4930 ὡς
694 4864 923 4935 ἔλαφος
966 4868 1285 4938 τοξεύματι
1325 4869 1651 4939 πεπληγὼς
1681 4872 1768 4937 εἰς
1801 4872 1867 4925 τὸ

264 4949 452 5026 ἧπαρ.
483 4956 555 5009 Ἦ
587 4954 778 5029 ὥσπερ
814 4976 896 5022 τις
928 4959 1124 5029 ἔλαφος
1155 4963 1266 5021 τοῖς
1297 4962 1656 5032 ὑψηλοτάτοις
1686 4963 1870 5034 ὄρεσιν

260 5048 694 5121 ἐμφιλοχωρῶν,
745 5050 805 5103 τὸ
838 5047 994 5124 ἧπαρ
1036 5054 1180 5123 βέλει
1224 5053 1475 5123 πληγεὶς,
1518 5055 1710 5126 νεκρὸς
1766 5058 1870 5112 ὑπὸ

261 5142 377 5196 τῶν
413 5143 705 5213 ἀγρευτῶν
751 5143 967 5211 ἄγεται,
1003 5145 1098 5199 τὸν
1143 5146 1306 5200 αὐτὸν
1346 5148 1548 5218 τρόπον
1592 5151 1687 5204 καὶ
1715 5144 1870 5215 οὗτος

263 5236 503 5306 τρωθεὶς
545 5239 667 5291 κατ’
700 5237 1001 5309 ἐπιθυμίαν
1049 5239 1157 5293 τῶν
1207 5243 1565 5314 προσκαίρων
1615 5244 1692 5314 τῷ
1725 5244 1871 5316 βέλει

263 5326 362 5381 τοῦ
385 5327 497 5379 τῶν
525 5329 816 5400 ἡμετέρων
840 5330 1032 5400 ψυχῶν
1059 5330 1348 5402 θηρευτοῦ,
1378 5334 1744 5405 ἐστερημένος
1775 5338 1872 5406 τῆς

265 5424 662 5491 πνευματικῆς
703 5421 872 5492 ζωῆς,
918 5423 1058 5494 πρὸς
1088 5427 1274 5478 πᾶσαν
1305 5427 1508 5480 κακίαν
1539 5428 1733 5496 ἄγεται
1779 5430 1871 5483 ὑπ’

267 5511 460 5576 αὐτοῦ,
496 5513 594 5584 τῆς
617 5515 877 5586 οὐρανίου
904 5518 1175 5588 σχολάσας
1199 5511 1497 5590 διαγωγῆς.

343 5602 603 5657 Σπεύδει
631 5603 701 5657 δὲ
731 5603 937 5676 ὥσπερ
964 5605 1178 5675 ὄρνεον
1206 5611 1292 5674 εἰς
1328 5610 1567 5680 παγίδα.
1605 5612 1876 5689 Καθάπερ

267 5697 326 5752 δέ
369 5715 423 5752 τι
451 5697 658 5768 πτηνὸν
690 5699 860 5765 ὀξέως
889 5701 1114 5773 φέρεται
1149 5704 1285 5773 πρὸς
1320 5705 1419 5774 τὴν
1468 5705 1647 5777 ἄγραν
1689 5709 1876 5764 δελεα.

274 5791 422 5856 σθὲν,
455 5791 601 5846 οὕτω
649 5793 745 5846 καὶ
789 5787 965 5858 οὗτος,
1013 5795 1210 5864 ἀθρόον
1245 5800 1311 5868 τῇ
1354 5799 1598 5872 ἁμαρτία
1653 5801 1742 5855 διά
1780 5804 1878 5874 τῆς

272 5887 590 5954 φαντασίας
613 5886 754 5940 κατὰ
775 5887 1018 5941 διάθεσιν
1044 5889 1430 5960 ἐφιστάμενος,
1456 5893 1747 5959 σπουδάζει
1775 5897 1879 5952 ὑπὸ

270 5978 370 6035 τοῦ
402 5981 703 6054 εἰρημένου
734 5980 1001 6053 θηρευτοῦ
1033 5983 1396 6056 ἁγρευθῆναι.

1970 4678 2209 4733 animam
2245 4676 2596 4732 insidiantes.

2048 4903 2214 4959 Vens.
2249 4902 2339 4960 23.
2402 4903 2495 4958 γει
2525 4913 2581 4958 ut
2635 4920 2820 4959 cervus
2860 4902 3051 4972 jaculo
3091 4905 3142 4957 in
3163 4904 3318 4973 jecur
3345 4920 3568 4974 percus-

1973 5015 2087 5054 sus.
2128 4997 2218 5053 Vel
2251 5005 2312 5053 ut
2343 5012 2567 5061 cervus,
2600 4999 2895 5053 altissimis
2934 4999 3216 5053 montibus
3253 4999 3572 5053 inhabitare

1974 5104 2188 5155 amans,
2227 5089 2415 5155 jaculo
2441 5089 2598 5159 jecur
2631 5091 2980 5153 vulneratus,
3016 5091 3259 5144 trahitur
3284 5092 3506 5148 occisus
3537 5108 3569 5146 a

1974 5183 2362 5246 venatoribus,
2394 5183 2584 5237 eodem
2634 5182 2797 5237 modo
2841 5184 2954 5244 ille,
2991 5185 3376 5254 temporalium
3411 5186 3569 5255 cupi-

1976 5274 2171 5340 ditate,
2210 5275 2400 5344 jaculo
2432 5276 2744 5330 animarum
2779 5285 3096 5330 nostrarum
3142 5277 3318 5333 hostis
3347 5295 3574 5348 pereus-

1976 5381 2072 5420 sus
2160 5368 2270 5445 vita
2323 5367 2600 5437 spirituali
2657 5364 2928 5439 privatus,
2986 5370 3055 5422 ab
3108 5371 3202 5423 illo
3235 5373 3300 5422 ad
3350 5388 3572 5426 omnem

1979 5459 2244 5514 malitiam
2282 5459 2479 5525 l'crtur,
2519 5477 2548 5516 a
2585 5464 2800 5518 caelesti
2849 5464 3114 5533 regimine
3155 5465 3389 5520 alienus.

2056 5631 2298 5688 Festinat
2331 5646 2389 5690 ut
2420 5641 2532 5692 at'is
2564 5637 2632 5691 ad
2661 5651 2787 5694 rete.
2829 5639 2986 5695 Sit-ut
3024 5642 3142 5697 avis
3174 5643 3431 5697 celeriter
3466 5644 3574 5699 lcr—

1981 5735 2072 5780 tur
2107 5727 2174 5781 ad
2211 5728 2441 5783 illicium
2495 5739 2754 5797 attracta,
2803 5733 2876 5786 ita
2912 5734 3026 5796 ille.
3058 5737 3272 5801 statim,
3306 5753 3402 5808 per
3442 5737 3575 5793 alic-

1983 5827 2155 5883 ctum,
2230 5821 2616 5877 illecebrarum
2683 5826 2887 5896 specie,
2958 5826 3268 5883 obstrictus
3323 5839 3572 5899 peccato,

1987 5914 2210 5969 l’cstiuat
2239 5915 2305 5971 ad
2333 5917 2470 5971 retia
2502 5918 2807 5988 supradicti
2844 5919 3045 5976 hostis.
