4238 6458
354 423 493 487 1289

1366 424 1895 487 (ῙΟΜΜΕΧΤΑΠΗ
1950 425 2023 484 IN
2072 425 2444 485 I’liOVEIiBI
2460 429 2525 484 Α.

3468 428 3484 489 1
3498 432 3602 493 2θῦ

341 540 529 593 πυλῶν
586 538 729 592 κατὰ
765 540 995 610 θεωρῖαν
1032 540 1351 607 εἰσαγωγαῖς
1394 540 1543 608 lecti.
1592 539 1922 608 εἰσαγωγῆς]
1953 540 1962 599 ζ

2062 540 2428 608 ereiptuntur,
2461 542 2554 596 sed
2602 542 2765 595 etiam
2800 556 2893 610 per
2930 557 3092 611 quos,
3124 547 3282 611 quasi
3311 562 3404 613 per
3434 562 3604 615 quas.

344 630 479 699 πρὸς
503 629 562 681 τὸ
583 630 985 699 ἐπιγνωσθῆναι
1013 631 1173 681 αὐτὸν
1208 630 1346 683 κατὰ
1369 630 1495 683 νοῦν
1522 634 1588 701 τῇ
1611 631 1777 698 ψυχῇ,
1806 629 1922 681 δια-

342 720 519 789 τρίϐει
572 722 824 791 αἰσθήσει
872 722 980 772 τῶν
1037 721 1111 791 μὴ
1155 721 1473 791 ἡττημένιιιν
1506 724 1573 791 τῇ
1606 722 1789 788 ἀπάτῃ
1823 720 1921 787 τῆς

343 812 668 879 ἐπιφανείας
696 813 804 864 τῶν
832 813 1062 881 ὁρατῶν.

425 901 528 954 Ἐν
565 900 633 952 δὲ
668 900 929 965 είσόδοις
961 901 1249 969 ὑμνεῖται.
1297 902 1382 955 Ἐν
1413 903 1467 955 δὲ
1502 907 1618 963 ταῖς
1649 901 1923 962 τοιαύταις

343 995 510 1049 αὐτοῦ
553 994 688 1066 πρὸς
737 994 863 1047 νοῦν
903 996 1256 1058 είσελεύσεσι,
1292 995 1657 1065 μεγαλύνεται
1698 995 1785 1047 διὰ
1819 992 1924 1046 τῶν

342 1087 486 1139 κατὰ
522 1085 754 1156 μίμησιν
786 1086 950 1138 αὑτοῦ
979 1086 1197 1153 ἀγαθῶν
1229 1087 1406 1156 ἔργων
1436 1085 1510 1149 ὡς
1534 1085 1645 1138 τῶν
1675 1085 1926 1156 ὁρώντων

342 1178 486 1231 αὐτὰ
510 1176 843 1240 δοξαξόντων
882 1178 1070 1229 τοῦτον
1098 1178 1190 1231 τὸν
1218 1177 1312 1231 τοῦ
1344 1178 1543 1240 παντὸς
1574 1178 1746 1231 αἴτιον
1783 1179 1921 1244 ἁγα-

344 1266 440 1321 θοῦ
462 1283 475 1295 ·
514 1269 608 1321 καὶ
638 1268 809 1320 ταῦτα
842 1268 940 1337 μὲν
962 1268 1029 1321 τὰ
1059 1268 1160 1337 τῆς
1190 1269 1403 1337 σοφίας.

416 1356 478 1409 δ’.
528 1355 703 1423 Ὑμᾶς
733 1356 822 1416 δὲ,
846 1351 894 1411 ὦ
924 1358 1243 1424 ἂνθρωποι,
1285 1360 1630 1426 παρακαλῶ.
1676 1361 1849 1429 ’Υμᾶς
1872 1358 1927 1412 δὲ

343 1448 471 1511 τοὺς
494 1448 586 1500 τὸν
611 1449 711 1516 τῆς
736 1448 1083 1518 ἀνθρωπίνης
1112 1448 1327 1516 φύσεως
1356 1449 1513 1516 λόγον
1546 1450 1684 1501 σῶον
1728 1449 1928 1517 φυλάτο

345 1557 559 1604 τοντας,
589 1540 685 1593 καὶ
718 1543 827 1603 τοῖς
859 1541 957 1608 μὲν
997 1540 1149 1608 παρὰ
1177 1541 1340 1609 φύσιν
1372 1540 1569 1595 πάθεσι
1615 1541 1689 1611 μὴ
1735 1541 1930 1594 ὑποπί-

349 1648 605 1696 πτοντας,
639 1631 855 1696 φύσεως
899 1632 944 1684 δ’
975 1632 1145 1701 αὐτῆς
1178 1636 1540 1704 καταφρονεῖν
1574 1636 1741 1703 μήπω
1781 1633 1929 1687 δεδυ-

350 1739 413 1790 νη
424 1721 642 1790 μένους,
673 1722 733 1773 οὗ
766 1721 889 1773 κατ’
914 1722 1134 1791 ἐντολὴν
1161 1722 1258 1792 τὴν
1286 1723 1491 1795 ταύτης
1525 1724 1932 1794 καταφρόνησιν

348 1811 588 1874 ἀπαιτῶ,
620 1811 785 1878 φόϐον
820 1812 941 1864 τινὰ
969 1813 1226 1865 ἐπισείων
1262 1814 1410 1880 ὑμῖν,
1444 1794 1560 1865 ἄλλ’
1601 1817 1657 1866 ἐν
1699 1814 1777 1883 τῷ
1804 1816 1933 1868 ἀνα·

2025 627 2148 680 dam
2182 638 2390 698 portas,
2438 631 2794 685 meditatione
2843 634 3218 688 introducitur
3276 635 3509 691 Vertum
3545 650 3603 691 ut

2027 712 2221 771 horum
2288 728 2480 775 auctor
2542 724 2859 791 cngnitum,
2922 735 2979 779 ut
3036 726 3103 778 ab
3168 727 3604 783 anima-secun-

2027 811 2155 862 dum
2194 812 2455 880 placitum
2484 827 2933 884 recognoscatur.

2092 901 2157 956 In
2190 906 2346 958 atriis
2394 908 2787 976 magniﬁcatur.
2822 906 2886 962 Et
2931 910 2984 963 in
3026 910 3367 977 ingressibus
3394 913 3511 981 ejus
3542 912 3607 965 ad

2029 994 2293 1059 animam,
2318 997 2545 1060 exaltat,
2571 1013 2691 1065 quae
2725 1013 2789 1051 ex
2824 998 2944 1066 ejus
2970 1000 3273 1053 imitatione
3306 1000 3449 1053 facta
3483 1012 3612 1055 sunt

2028 1098 2197 1151 opera
2238 1084 2405 1147 bona,
2462 1092 2521 1137 ut
2550 1100 2612 1139 ea
2646 1087 2917 1149 videntes,
2959 1088 3109 1141 illum
3155 1091 3333 1143 omnis
3359 1090 3485 1144 boni
3513 1107 3613 1145 au-

2029 1182 2240 1228 ctorem
2274 1176 2557 1230 celebrent
2589 1196 2600 1229 :
2633 1186 2685 1231 ct
2716 1179 2828 1233 luee
2852 1180 3017 1232 verba
3049 1182 3351 1249 sapientia).

2102 1347 2267 1403 Vens.
2300 1351 2355 1403 4.
2392 1349 2437 1404 0
2470 1352 2591 1415 viri,
2635 1353 2705 1405 ad
2745 1370 2832 1407 vos
2871 1355 3106 1413 rlamito.
3143 1357 3250 1413 Vos
3284 1369 3465 1417 autem
3498 1368 3614 1433 qui,

2044 1436 2302 1493 humana:
2338 1448 2554 1496 naturae
2586 1443 2756 1513 legem
2807 1460 2997 1499 sanam
3029 1450 3427 1516 custodientes,
3466 1469 3494 1506 a
3520 1472 3617 1509 cn-

2034 1527 2362 1595 piditatihus
2415 1546 2538 1601 qua:
2584 1542 2714 1587 sunt
2765 1543 2954 1589 contra
2997 1546 3251 1592 naturam
3303 1555 3410 1594 non
3444 1544 3620 1598 vinci-

2037 1616 2194 1681 mini,
2258 1620 2351 1673 sed
2406 1624 2500 1690 qui
2551 1622 2795 1676 nondum
2858 1626 2999 1679 hanc
3042 1627 3217 1694 ipsam
3272 1642 3622 1687 contemnere

2035 1708 2259 1771 valetis,
2299 1723 2408 1763 non
2433 1724 2528 1765 vos
2555 1725 2650 1779 per
2678 1713 2968 1782 imperium
2998 1715 3065 1769 ad
3088 1717 3209 1786 ejus
3241 1728 3620 1790 contemptum

2037 1814 2194 1862 voco,
2257 1801 2497 1870 quodam
2559 1804 2717 1859 vobis
2773 1805 2979 1874 injecto
3052 1810 3269 1875 timore,
3313 1813 3409 1866 sed
3468 1816 3624 1868 vobis

349 1902 623 1956 διδάσκειν
664 1903 761 1965 τὰς
792 1902 887 1955 τοῦ
930 1903 1071 1974 ὑπὲρ
1112 1904 1274 1973 φύσιν
1304 1904 1465 1971 λόγου
1508 1882 1759 1975 χάριτας,
1806 1908 1940 1978 πρὸς

2062 1895 2192 1949 rerbi
2260 1898 2703 1965 supernaturalis
2776 1908 3096 1958 venustates
3158 1915 3496 1969 monstrans,
3555 1910 3623 1961 ad

352 1992 517 2046 πόθον
543 1994 848 2063 ἐφέλκομαι
892 1996 986 2065 τῆς
1009 1995 1350 2065 τελειοτέρας
1379 1995 1674 2067 διαγωγῆς.

422 2083 535 2137 Καὶ
562 2085 832 2153 προΐεμαι
852 2084 1237 2161 ὲμὴνηφωνὴν
1258 2084 1411 2151 υίοῖς
1439 2085 1784 2153 ἀνθρώπων.
1810 2087 1943 2157 [lpo-

351 2173 505 2244 φέρω
536 2174 594 2228 δὲ
624 2176 723 2245 τὴν
749 2176 887 2245 ἐμὴν
919 2175 1291 2242 διδασκαλίαν,
1327 2176 1424 2230 καὶ
1450 2178 1561 2240 τοῖς
1591 2177 1679 2231 διὰ
1712 2179 1771 2231 τὸ
1806 2179 1943 2248 μόνα

352 2270 572 2337 φρονεῖν
616 2268 686 2319 τὰ.
731 2268 833 2337 τῆς
864 2269 1015 2324 κάτω
1047 2270 1300 2338 γνώσεως
1321 2310 1335 2335 ,
1369 2269 1670 2340 ἀνθρώπων
1702 2312 1719 2338 ,
1750 2273 1844 2326 καὶ
1882 2273 1941 2327 οὒ

352 2357 490 2411 Θεοῦ
521 2359 949 2429 χρηματίζουσι.

427 2458 491 2503 ε’.
506 2450 805 2518 Νοήσατε,
824 2452 1060 2519 ἄκακοι,
1076 2458 1466 2526 πανουργίαν.
1486 2456 1687 2523 Γνῶτε,
1700 2458 1749 2511 οἱ
1764 2460 1943 2528 πάσης

354 2543 557 2607 κακίας
591 2545 1013 2615 καθαρεύοντες,
1051 2548 1150 2618 τὴν
1175 2550 1376 2612 παντὸς
1406 2549 1611 2617 ἀγαθοῦ
1644 2551 1944 2621 ἐμμέθοδον

355 2634 643 2706 ἐνέργειαν
668 2654 680 2667 ·
709 2637 1023 2705 ἐπιγνόντες
1055 2639 1197 2693 κατὰ
1230 2641 1431 2710 πρᾶξιν
1453 2641 1552 2705 τὰς
1572 2641 1665 2694 τοῦ
1694 2643 1830 2696 Θεοῦ
1859 2646 1943 2698 ἐν·

354 2725 519 2790 τολάς
538 2743 554 2757 ο
593 2728 688 2782 καὶ
718 2729 798 2793 είς
827 2729 1110 2799 φωτισμὸν
1146 2730 1397 2785 ἐντεῦθεν
1426 2732 1535 2786 ἀπὸ
1567 2733 1666 2803 τῆς
1707 2737 1942 2803 εἰσαγω-

356 2819 527 2889 γικῆς
556 2819 878 2891 καθάρσεως
905 2821 1301 2892 προκόψαντες.

435 2913 503 2965 οι
529 2910 599 2965 δὲ
628 2911 1000 2977 ἀπαίδευτοι,
1023 2913 1275 2969 ἕνθεσθε
1301 2916 1571 2984 καρδίαν.
1604 2918 1667 2970 Οἱ
1699 2918 1755 2970 δέ
1784 2920 1947 2989 μήπω

357 3003 617 3072 τυχόντες
649 3003 926 3074 πατρικῆς
957 3003 1207 3067 παιδείας
1254 3005 1391 3075 πρὸς
1422 3006 1712 3077 κάθαρσιν,
1738 3008 1946 3078 ἐμϐάλ-

359 3094 483 3148 λετε
508 3095 589 3159 είς
622 3094 721 3159 τὰς
746 3096 882 3163 ίδίας
904 3097 1084 3166 ψυχὰς
1113 3097 1213 3167 τὴν
1251 3098 1513 3166 ζωογόνον
1540 3100 1666 3170 περὶ
1691 3100 1825 3154 Θεοῦ
1861 3100 1949 3155 ἔν-

359 3204 513 3242 νοιαν
534 3202 554 3219 ο
581 3188 705 3258 ητις
755 3187 845 3241 διὰ
876 3188 967 3241 τὸν
1005 3189 1399 3260 ἐρῤυπωμένον
1430 3190 1542 3260 βίον
1574 3191 1724 3261 φόὸῳ
1759 3194 1946 3260 αὑτοῦ,

364 3280 551 3350 πάσης
577 3280 903 3350 ἐκκαθαίρει
930 3281 1169 3351 κηλξδος.

438 3373 513 3437 ς’.
534 3372 959 3426 Είσακούσατέ
981 3389 1124 3442 μου·
1150 3376 1345 3442 σεμνὰ
1374 3375 1485 3444 γὰρ
1511 3376 1642 3444 ἐρῶ·
1676 3378 1775 3432 καί
1800 3379 1953 3433 ἐνοί-

307 3532 321 3537 _
361 3481 455 3519 σω
489 3465 611 3519 ἀπὸ
650 3465 901 3533 χειλέων
938 3465 1103 3533 ὀρθά.
1160 3466 1428 3536 Πείσθητέ
1480 3485 1588 3537 μοι’
1633 3469 1792 3539 τίμια
1846 3472 1953 3541 γάρ

365 3556 713 3627 φθέγξομαι’
750 3558 843 3611 καὶ⁵
873 3556 1097 3627 προάξω
1147 3559 1211 3610 ἐκ
1238 3557 1506 3628 στόματός
1548 3576 1650 3627 μου
1691 3559 1825 3628 εὑθῆ
1868 3560 1953 3613 λό-

364 3668 484 3719 για.

438 3744 505 3811 ζ’.
538 3743 667 3798 Ὀτι
725 3744 1020 3812 ἀλήθειαν
1063 3744 1390 3814 μελετήσει
1446 3749 1478 3800 ὀ
1524 3746 1760 3816 φάρυγξ
1808 3763 1951 3815 μου.

366 3840 516 3891 Διότι
549 3854 640 3908 μοι
689 3838 719 3890 ὁ
749 3837 906 3907 δίκην
944 3838 1226 3908 φάρυγγος
1270 3838 1519 3901 δεκτικὸς
1553 3839 1698 3904 νοῦς,
1728 3828 1823 3892 τοῦ
1852 3839 1955 3908 ψυ-

366 3932 472 4001 χὰς
509 3930 856 4000 στηρίζοντος
890 3931 1143 4001 οὐρανίου
1175 3930 1365 4000 ἄρτου,
1407 3930 1687 4000 φροντίσει
1738 3932 1956 3994 πάντως

364 4022 578 4086 διδάξαι
609 4022 752 4090 ὑμᾶς
782 4020 879 4092 τὴν
911 4022 969 4074 ἐν
998 4021 1141 4084 ὅλοις
1182 4021 1442 4091 ἀλήθειαν
1462 4038 1474 4050 '
1522 4021 1713 4075 τοῦτον
1753 4021 1955 4094 δηλαδὴ

363 4114 458 4167 τὸν
488 4114 595 4165 ὑπὸ
627 4113 809 4183 πάσης
836 4113 937 4182 τῆς
960 4112 1190 4175 κτίσεως
1213 4113 1618 4182 κηρυττόμενον
1656 4114 1954 4168 ἐνυπόστα-

363 4226 458 4263 τον
491 4209 588 4263 τοῦ
614 4206 754 4261 Θεοῦ
777 4208 960 4274 λόγον.

450 4300 892 4370 Ἐϐδελυγμέιίιι
916 4300 985 4352 δὲ
1019 4299 1300 4351 ἐναντίον
1338 4299 1484 4378 ἐμοῦ
1523 4300 1695 4368 χείλη
1733 4297 1952 4368 ψευδῆ.

351 4391 658 4447 ιΒδελυκτοὶ
694 4393 751 4444 δὲ
784 4391 1027 4445 ἐναντίον
1053 4390 1211 4461 ἐμοῦ,
1245 4391 1294 4443 οἱ
1324 4391 1385 4442 τὸ
1414 4391 1613 4463 ἀληθὲς
1656 4393 1731 4462 μὴ
1772 4394 1955 4460 ἀπαγ-

366 4485 654 4553 γέλλοντες
681 4484 851 4552 λόγοι.
959 4478 967 4486 ’

435 4584 506 4645 η’.
538 4576 701 4629 Μετὰ
718 4573 1112 4640 δικαιοσύνης
1129 4572 1329 4625 πάντα
1348 4571 1419 4624 τὰ
1437 4569 1680 4641 ῥήματα
1703 4570 1806 4624 τοῦ
1823 4570 1957 4623 στόο
1992 4588 2035 4643 ι)

360 4669 549 4738 ματός
588 4684 728 4736 μου.
762 4665 918 4719 Μετὰ
956 4665 1193 4735 κρίσεως
1217 4663 1493 4735 opimo-3;
1530 4663 1707 4715 πάντα
1741 4661 1809 4714 τά
1852 4663 1959 4731 ἐμὰ

368 4760 840 4833 παραγγέλματα.

444 4852 638 4908 Οὐδὲν
681 4852 751 4904 ἐι·
804 4850 1012 4917 αὐτοῖς
1058 4851 1334 4914 σκολιὸν,
1367 4847 1511 4903 οὐδὲ
1557 4846 1961 4918 στραγγαλιῶ-

366 4944 493 5011 δες.
530 4942 776 4997 Οὑδὲνὲν
805 4943 989 5004 αὐτοῖς
1024 4939 1217 5011 ψεῦδος
1250 4940 1683 5011 ὑποκρινόμενον
1704 4942 1803 5011 τὴν
1834 4940 1963 5010 ἁλή-

369 5037 550 5103 θειον,
575 5036 699 5088 οὔτε
736 5034 843 5105 μὴν
879 5034 970 5086 τοῦ
1009 5033 1196 5097 εὐθέος
1221 5031 1688 5103 ἐκτετραμμένον.

442 5131 507 5184 θ’.
544 5128 748 5183 Πάντα
778 5126 1001 5181 ἐνώπια
1030 5126 1155 5191 τοῖς
1183 5126 1491 5180 συνιοῦσι.
1522 5126 1771 5179 Ἀπαντα
1804 5142 1965 5195 φανε-

374 5230 445 5299 ρὰ
496 5229 611 5289 τοῖς
664 5223 982 5277 συννεύουσι
1042 5223 1177 5292 πρὸς
1238 5222 1298 5273 τὸ
1346 5219 1575 5289 ἀγαθὸν,
1608 5219 1701 5270 καὶ
1742 5218 1828 5269 διὰ
1866 5218 1965 5287 τῆς

370 5318 516 5374 κατά
566 5315 768 5386 πρᾶξιν
817 5314 1034 5385 πείρας,
1077 5312 1184 5365 τῶν
1229 5311 1459 5363 ἐντολῶν
1509 5310 1607 5380 τὴν
1654 5310 1966 5380 ἐπιστήμην

371 5410 770 5483 κτησαμένοις.

439 5504 549 5559 Καὶ
583 5503 725 5571 {par}
747 5500 872 5566 τοῖς
903 5500 1257 5569 εὑρίσκουσι
1287 5496 1531 5566 γνῶσιν.
1560 5497 1669 5551 Καὶ
1700 5495 1969 5550 εὖθύτατα

371 5601 484 5661 τοῖς
533 5593 850 5661 ἐξετάζουσι
905 5595 999 5646 καὶ
1038 5591 1517 5661 καταλαμϐάνουσι
1562 5590 1877 5659 γνωστικῶς
1910 5589 1970 5641 τὸ

372 5692 477 5758 ἀλη
486 5691 540 5741 θέ
584 5730 596 5741 .

446 5781 497 5836 ι’.
534 5779 758 5836 Λάεετε
787 5779 1067 5831 παιδείαι-
1099 5778 1194 5830 xui
1216 5778 1301 5845 [ιὴ
1329 5778 1632 5846 ἀρςιῗιριοικ
1679 5775 1971 5846 Κτήσατοε

372 5878 518 5947 ὑπὲρ
555 5877 654 5944 μὲν
682 5872 948 5942 ἀργύριον
980 5872 1239 5941 καθαρὸν,
1284 5869 1381 5938 τὴν
1415 5870 1690 5931 ἐπιπόνως
1730 5868 1836 5921 τῶν
1864 5867 1972 5919 ἀπὸ

620 5972 890 6029 Parnm.
927 5973 1042 6028 (En.
1091 5960 1445 6028 LXXXVII.

2046 1985 2394 2055 perfectioris
2424 1987 2550 2042 vitae
2577 1988 2917 2045 desiderium
2955 1995 3197 2049 attraho.

2116 2076 2183 2128 Et
2206 2093 2375 2131 vocem
2399 2095 2570 2133 meam
2604 2082 2818 2149 effunde
2850 2084 2917 2136 ad
2945 2085 3087 2152 ﬁlios
3118 2086 3410 2141 hominum.
3452 2088 3626 2143 Meam

2044 2165 2352 2223 doctrinam
2379 2176 2433 2224 et
2462 2170 2531 2225 iis
2564 2186 2837 2242 propono,
2872 2176 2962 2244 qui
2996 2189 3193 2231 vacant
3223 2178 3289 2232 ad
3320 2179 3627 2251 intelligen-

2044 2260 2173 2314 tiam
2203 2276 2391 2316 eorum
2432 2278 2554 2333 qua:
2600 2266 2904 2321 secundum
2956 2268 3240 2325 hominum
3287 2282 3341 2327 et
3373 2288 3479 2328 non
3534 2275 3627 2329 Dei

2045 2349 2353 2407 scientiam.

2120 2439 2284 2497 Vens.
2312 2443 2365 2498 5.
2392 2444 2700 2517 lntelligite,
2730 2450 2986 2515 insontes,
3009 2444 3288 2510 astutiam.
3312 2454 3628 2528 Intelligite,

2046 2545 2145 2588 vos
2177 2534 2270 2603 qui
2315 2535 2385 2591 ab
2425 2540 2573 2592 omni
2622 2541 2832 2595 malitia
2868 2543 3032 2598 alieni
3066 2547 3222 2612 estis,
3258 2548 3632 2605 methodicam

2048 2627 2228 2680 omnis
2262 2626 2389 2681 boni
2418 2632 2794 2699 operationem
2830 2653 2843 2689 :
2884 2648 3346 2707 recognoscentes
3392 2644 3447 2698 in
3481 2646 3637 2714 pravi

2049 2715 2144 2772 Dei
2179 2728 2468 2790 prrecepta;
2496 2731 2552 2777 et
2577 2725 2645 2778 ab
2667 2726 2983 2796 expiatione
3018 2745 3138 2800 qua:
3167 2745 3254 2791 est
3283 2751 3381 2805 per
3412 2738 3635 2794 modum

2050 2807 2473 2867 introductionis
2507 2816 2865 2881 procedentes
2900 2820 2967 2875 ad
3002 2821 3205 2881 lucem.

2122 2897 2469 2969 Insipientes,
2536 2906 2941 2966 animadvertite
3020 2916 3196 2970 corde.
3256 2916 3301 2973 Ο
3359 2934 3494 2988 vos,
3545 2928 3640 2992 qui

2048 2991 2289 3065 nondum
2341 2994 2409 3047 ad
2462 3004 2745 3065 paternam
2778 3001 3085 3057 doetrinam
3130 3007 3358 3065 venistis
3418 3011 3487 3067 ad
3542 2991 3642 3070 ex-

2050 3082 2367 3152 piationem,
2408 3086 2571 3153 jaeite
2622 3091 2675 3144 in
2732 3094 2947 3152 animas
3007 3105 3219 3156 vestras
3271 3103 3640 3163 viviﬁcantem

2054 3173 2148 3229 Dei
2179 3177 2586 3248 cognitionem;
2623 3199 2745 3254 que
2778 3186 2974 3244 timore
3007 3191 3151 3260 ejus,
3178 3193 3347 3251 vitam
3396 3204 3646 3257 macula-

2058 3269 2272 3343 tamab
2297 3271 2446 3325 omni
2480 3272 2599 3328 labe
2633 3276 2906 3345 puriﬁcat.

2130 3359 2294 3416 Vens.
2325 3362 2378 3417 6.
2410 3364 2603 3420 Audite
2657 3384 2757 3435 me,
2801 3375 2984 3441 gravia
3030 3376 3168 3429 enim
3214 3378 3457 3436 locutura
3490 3403 3645 3452 sum;

2059 3453 2324 3521 proferam
2377 3457 2533 3512 labiis
2568 3463 2695 3515 meis
2725 3474 2891 3520 recta.
2926 3467 3124 3524 Audite
3157 3456 3263 3538 me,
3302 3473 3646 3538 honorabilia

2061 3546 2329 3609 clamabo,
2352 3558 2405 3601 et
2433 3550 2706 3619 proferam
2736 3570 2801 3609 ex
2825 3571 2920 3612 ore
2949 3573 3070 3615 meo
3097 3570 3246 3617 recta
3278 3573 3331 3621 et
3358 3567 3530 3637 justa.

2134 3720 2300 3778 Vens.
2391 3726 2441 3778 7.
2536 3726 2675 3793 Quia
2741 3732 3014 3787 veritatem
3076 3737 3425 3793 meditabitur
3463 3754 3652 3811 guttur

2064 3826 2255 3866 meum.
2286 3813 2422 3879 Quia
2480 3818 2610 3871 mihi
2665 3821 2819 3888 quasi
2870 3836 2995 3877 vere
3046 3833 3254 3892 guttur,
3293 3830 3517 3898 Spit'illls
3554 3850 3649 3887 ca-

2064 3918 2165 3977 pax
2196 3909 2364 3978 panis
2388 3913 2632 3967 caelestis
2668 3915 2883 3971 animas
2914 3917 3292 3975 confirmantis
3315 3962 3329 3987 ,
3362 3926 3652 3980 meditabi-

2063 4007 2153 4054 tur
2183 4002 2409 4056 omnino
2446 4018 2750 4063 monstrare
2785 4009 2941 4065 vobis
2962 4012 3243 4068 veritatem
3280 4015 3333 4069 in
3369 4021 3649 4088 omnibus,

2064 4093 2273 4149 scilicet
2298 4096 2670 4153 manifestabit
2689 4115 2784 4171 per
2804 4117 2864 4157 se
2886 4103 3273 4161 subsistentem
3303 4106 3396 4162 Dei
3426 4113 3650 4167 verbum
3722 4181 3730 4189 .

2064 4200 2095 4241 a
2132 4195 2243 4242 tota
2285 4190 2561 4245 creatione
2596 4193 2931 4249 nuntiatum.

2140 4276 2346 4333 Odiosa
2399 4290 2520 4335 ante
2560 4298 2640 4335 me
2692 4283 2836 4337 labia
2869 4285 3076 4341 dolosa.
3118 4287 3317 4343 Odiosa
3360 4302 3485 4346 sunt
3530 4288 3652 4350 ante

2066 4385 2310 4441 me,qn:e
2345 4387 2533 4426 verum
2573 4367 2679 4428 non
2713 4377 3065 4443 annuntiant,
3095 4380 3283 4437 verba.

2138 4554 2302 4609 Vens.
2337 4554 2389 4608 8.
2434 4556 2567 4610 Cum
2595 4556 2817 4625 justitia
2842 4559 3021 4611 omnia
3052 4560 3204 4612 verba
3229 4563 3335 4614 oris
3370 4565 3488 4617 mei.
3519 4565 3653 4619 Cum

2060 4646 2273 4714 judicio
2309 4648 2467 4703 ﬁrmo
2500 4664 2693 4704 omnes
2726 4650 3141 4707 exhortationes
3180 4668 3334 4708 meae.

2141 4824 2261 4880 Non
2309 4837 2385 4880 est
2435 4827 2488 4881 in
2539 4828 2618 4881 eis
2661 4844 2882 4896 pravum
2927 4827 3075 4898 quid,
3128 4846 3287 4900 neque
3333 4848 3652 4897 perversum.

2063 4922 2283 4976 Nullum
2342 4923 2393 4976 in
2470 4925 2551 4977 eis
2606 4923 2949 4978 mendacium
3007 4925 3295 4979 veritatem
3366 4926 3653 4990 simulans,

2066 5034 2166 5073 nec
2191 5034 2218 5070 ιι
2252 5019 2579 5073 rectitudine
2612 5035 2920 5074 removens.

2137 5108 2301 5166 Vens.
2342 5109 2395 5165 9.
2445 5110 2639 5166 Omnia
2688 5122 2811 5167 ante
2856 5112 3035 5167 oculos
3071 5114 3154 5167 Itis
3185 5118 3274 5182 qui
3328 5115 3658 5185 intelligunt.

2068 5200 2263 5258 Omnia
2306 5204 2599 5260 manifesta
2652 5206 2739 5260 his
2778 5207 2871 5275 qni
2910 5206 2976 5259 ad
3019 5208 3224 5261 bonum
3263 5206 3529 5263 festinant
3559 5226 3571 5270 ;
3607 5220 3661 5263 et

2069 5299 2159 5369 qui
2201 5313 2294 5367 per
2329 5307 2564 5353 conatus
2606 5299 2907 5367 praclicos,
2943 5300 3327 5353 mandatorum
3374 5300 3659 5354 scientiam

2070 5389 2382 5458 acquirunt.

2146 5481 2210 5535 Et
2253 5493 2399 5536 recta
2460 5484 2842 5538 invenientibus
2900 5485 3197 5538 scientiam.
3235 5482 3299 5535 Et
3354 5484 3664 5541 rectissima

2071 5574 2444 5643 qumrentibus
2494 5583 2547 5629 et
2596 5576 3003 5632 itu'enientilms
3063 5579 3346 5633 scientiam
3393 5580 3661 5635 veritatis.

2143 5771 2309 5826 Vens.
2346 5772 2432 5825 10.
2469 5771 2852 5840 Αρρνρίιριιιίίις
2881 5772 3221 5839 disciplinam
3266 5782 3315 5827 et
3349 5790 3458 5826 non.
3482 5790 3667 5842 argen-

2077 5877 2206 5919 tum.
2262 5866 2544 5935 Acqnirite
2589 5882 2742 5937 Super
2806 5877 3092 5939 argentum
3128 5884 3350 5939 purum,
3402 5868 3689 5920 virtutum-

3229 5964 3299 6025 '41
