4238 6458
642 399 769 462 1291

1933 400 2277 459 ΡὶιΟΕῡΙἨ
2338 403 2577 461 ΟΛΖρΕῐ

3774 405 3910 468 im

643 513 987 584 disciplinam
1035 528 1134 582 pro
1167 514 1318 583 praxi
1352 516 1537 570 utilem
1589 525 1643 571 ct
1697 518 1934 570 animam
1973 531 2099 570 cum
2138 518 2211 568 la-

2323 518 2521 580 κακίας
2554 516 2787 586 κηλίδων
2818 517 2915 585 τὴν
2940 517 3118 588 ψυχὴν
3148 519 3587 588 ἐκκαθαίρουσαν
3622 519 3905 590 ὠφέλιμον

637 606 770 659 bore
801 619 830 657 a
855 604 1145 674 pravitatis
1176 606 1409 660 maculis
1453 606 1860 676 puriﬁcantem.

710 693 777 747 Et
811 695 1087 748 scientiam
1133 710 1244 763 pra:
1277 712 1414 750 auro
1444 697 1691 764 probato.
1726 697 1905 767 Super
1940 712 2133 751 aurum
2167 698 2221 751 in

635 781 760 851 igne
813 782 1129 851 probatum,
1184 784 1365 840 lumen
1423 786 1686 850 scientiae,
1742 787 2056 842 nullomodo
2102 788 2226 858 igne

636 870 1127 925 involuntariarum
1162 875 1525 930 tcntationum
1557 874 1836 931 deﬁciens.

700 1044 965 1116 Conﬁdite
994 1048 1358 1119 intelligentia:
1382 1059 1438 1104 ut
1462 1067 1595 1106 auro
1622 1066 1777 1119 puro.
1814 1052 2085 1107 Conlidite
2113 1067 2221 1107 non

640 1139 882 1205 spepttri
932 1137 1054 1191 auri
1112 1154 1142 1192 a
1193 1139 1355 1194 vobis
1416 1141 1793 1206 tltesaurisati,
1856 1142 1951 1197 sed
2024 1143 2223 1196 discre-

631 1229 767 1280 tione
810 1245 991 1281 eorum
1020 1245 1137 1299 qua:
1159 1240 1279 1284 ante
1295 1233 1474 1286 oculos
1491 1242 1634 1294 sunt,
1664 1244 1784 1286 arta
1809 1251 1840 1287 ο
1864 1234 2019 1287 bona.
2056 1232 2124 1287 Ut
2150 1234 2221 1289 ob

629 1312 991 1386 ignorantiam
1027 1337 1135 1376 non
1173 1322 1430 1379 incidatis
1465 1325 1520 1376 in
1556 1325 1857 1395 praacipitia
1880 1334 1933 1380 et
1959 1325 2217 1396 abyssum

629 1414 872 1466 malitia).

700 1503 864 1557 \‘Eas.
893 1505 979 1557 Η.
1013 1503 1204 1559 Melior
1240 1513 1317 1559 est
1349 1506 1491 1559 enim
1532 1506 1802 1574 sapientia
1844 1508 2065 1576 gemmis
2097 1523 2219 1575 pre-

627 1595 793 1648 tiosis.
832 1594 1021 1649 Melior
1049 1604 1135 1650 est
1165 1596 1311 1650 enim
1368 1611 1575 1659 sermo,
1628 1597 1720 1666 qui
1754 1596 1958 1650 malum
1997 1612 2026 1650 a
2076 1598 2220 1652 bono

625 1687 906 1745 discernit.
936 1686 1208 1756 lapidibus
1240 1687 1325 1741 vel
1356 1688 1793 1766 pretiosissimis.

696 1778 863 1831 Omne
894 1778 1220 1843 honorabile,
1255 1796 1357 1833 non
1396 1790 1474 1834 est
1506 1780 1653 1834 illius
1684 1782 1925 1849 dignum.
1957 1780 2096 1847 Quia
2134 1782 2216 1835 ni-

2327 604 2467 656 κατά
2499 604 2696 674 πρᾶξιν
2723 606 2831 658 τῶν
2861 606 3074 675 ἀρετῶν
3101 608 3347 676 ἀγωγήν.

2396 694 2506 748 Καὶ
2568 692 2797 763 γνῶσιν
2853 696 3006 764 ὑπὲρ
3062 699 3321 765 χρυσίον
3366 697 3905 767 δεδοκιμασμένον.

2340 784 2513 853 ’Υπὲρ
2534 784 2591 837 δὲ
2612 786 2833 853 χρυσίον
2866 787 3194 856 δοκιμασῦὲν
3225 790 3284 841 ὲν
3310 790 3465 858 πυρὶ,
3491 789 3607 853 φῶς
3627 790 3907 854 γνώσεως,

2324 876 2389 945 τῇ
2418 874 2634 944 καμίνῳ
2662 875 2773 929 τῶν
2801 877 3073 931 ἀκουσίων
3106 879 3432 948 πειρασμῶν
3460 878 3725 949 μηδαμῶς
3749 879 3911 931 ἐλατ-

2324 964 2417 1018 τού
2425 982 2610 1034 μενον.

2406 1056 2847 1125 Ἀντερείδεσοε
2902 1058 2970 1111 δὲ
3001 1061 3304 1127 αἰσθήσει,
3328 1061 3588 1129 χρυσίου
3622 1062 3911 1129 καθαροῦ.

2336 1147 2482 1200 ’Λντὶ
2520 1146 2615 1201 τοῦ
2663 1148 2991 1217 Στηρίζεσοε
3030 1151 3208 1203 ἐλπίδι
3253 1151 3347 1203 τοῦ
3402 1151 3913 1222 τεθησαυρισμένου

2325 1239 2454 1308 ὑμῖν
2483 1240 2771 1309 ἁκιϐδήλου
2799 1242 3025 1310 χρυσίου
3052 1258 3064 1269 ·
3103 1245 3168 1311 τῇ
3199 1244 3262 1296 ὲκ
3292 1242 3386 1296 τοῦ
3412 1244 3618 1309 ἀγαθοῦ
3642 1244 3735 1297 τοῦ
3762 1248 3918 1297 ἐναν-

2322 1326 2441 1378 τίου
2463 1327 2732 1395 διακρίσει
2754 1344 2768 1359 '
2806 1328 3149 1397 στηρίζεσθε,
3180 1329 3320 1382 ὥστε
3348 1331 3421 1400 μὴ
3450 1335 3817 1385 καταπίπτειν
3852 1334 3915 1398 ἐξ

2323 1412 2565 1480 ἀγνοίας,
2601 1415 2681 1476 είς
2708 1416 2991 1485 κρημνοὺς
3019 1417 3216 1481 κακίας
3249 1420 3344 1471 καὶ
3378 1420 3653 1490 βάραθρα.

2400 1500 2486 1556 ια’.
2544 1504 2857 1572 (ipsietde
2912 1507 3026 1574 γὰρ
3066 1511 3254 1577 σοφία
3293 1511 3481 1564 λίθων
3529 1514 3909 1568 πολυτελῶν.

2324 1594 2573 1648 Καλλίων
2608 1596 2717 1665 γὰρ
2746 1598 2775 1648 ὁ
2802 1596 2862 1649 τὸ
2890 1600 3072 1666 χεῖρον
3106 1600 3439 1671 ἀποδιαιρῶν
3466 1602 3561 1655 τοῦ
3601 1606 3913 1674 κρείττονος

2321 1684 2497 1753 λόγος,
2537 1686 2631 1739 καὶ
2665 1686 2772 1738 τῶν
2803 1688 3117 1758 πολυτίμων
3149 1690 3315 1743 λίθων
3347 1693 3549 1744 αὐτῶν.

2389 1776 2521 1834 Πᾶν
2561 1777 2630 1831 δὲ
2683 1780 2897 1849 τίμιον,
2936 1783 3048 1834 οὐκ
3109 1782 3284 1843 ἄξιον
3322 1786 3514 1851 αὐτῆς
3552 1786 3743 1840 ἐστιν.
3784 1788 3905 1837 Ὄτυ

624 1872 696 1923 hil
753 1871 1059 1939 comparari
1106 1881 1286 1940 potest
1333 1886 1398 1926 ex
1445 1872 1513 1928 iis
1548 1887 1671 1943 qua:
1704 1873 1860 1928 vobis
1892 1873 2211 1927 aestimanda

2318 1874 2509 1928 τούτου
2556 1876 2709 1929 οὐδὲν
2762 1876 2871 1930 τῶν
2926 1880 3057 1949 παρ’
3103 1881 3234 1949 ὑμῖν
3274 1882 3471 1949 τιμίων
3518 1878 3795 1944 ἀντάξιον,
3847 1878 3910 1941 ὃς

622 1964 896 2026 videntur,
930 1966 1169 2019 sermoni
1205 1966 1283 2020 illi
1313 1968 1406 2035 qui
1448 1967 1565 2022 hac
1609 1968 1804 2024 edocet
1839 1983 1935 2038 per
1965 1967 2215 2039 Scriptu-

622 2072 737 2111 ram
767 2065 817 2110 et
852 2066 1124 2111 naturam.

690 2148 854 2202 Vens.
896 2147 981 2201 12.
1044 2145 1156 2217 Ego
1188 2148 1453 2215 sapientia
1482 2147 1665 2201 habito
1698 2148 1753 2202 in
1782 2150 2029 2205 consilio.
2095 2149 2207 2219 Ego

617 2237 710 2291 Dei
732 2238 966 2293 \‘erbum
987 2238 1040 2291 in
1067 2239 1356 2293 animabus
1388 2239 1441 2293 in
1473 2253 1559 2294 me
1591 2240 1945 2295 credentibus
1972 2240 2214 2295 aediﬁca-

617 2332 665 2383 vi
699 2339 758 2383 nt
786 2329 1196 2383 tabernaculum
1231 2328 1354 2383 illas
1403 2329 1724 2384 custodiens
1779 2344 1809 2383 a
1869 2328 2098 2384 maculis
2143 2328 2213 2383 ab

615 2425 741 2494 igne
771 2421 1133 2492 cupiditatum
1168 2422 1542 2487 venientibus,
1575 2424 1798 2479 virtutis
1838 2430 1894 2478 et
1923 2423 2212 2494 pravitatis

614 2516 1030 2572 discretionem.

683 2608 752 2663 Et
781 2607 1057 2661 scientiam
1078 2615 1128 2661 et
1162 2605 1567 2677 intelligentiam
1594 2620 1686 2676 ego
1713 2606 1914 2659 vocavi.
1942 2604 2008 2659 Et
2027 2620 2209 2659 rerum

614 2698 931 2764 scientiam,
962 2712 1072 2769 qua
1109 2696 1293 2753 omnia
1330 2705 1483 2761 sunt,
1513 2706 1571 2752 et
1612 2697 2038 2766 intelligentiam
2086 2714 2211 2767 qua:

613 2804 678 2843 ex
712 2788 818 2844 illis
847 2788 994 2843 circa
1032 2800 1117 2843 me
1170 2785 1366 2852 Deum,
1425 2789 1670 2842 omnium
1708 2796 1993 2842 auctorem
2027 2790 2207 2851 venit,

611 2883 876 2937 constitui
934 2883 989 2937 in
1041 2883 1330 2937 animabus
1408 2898 1531 2952 qua:
1585 2883 1638 2936 in
1700 2896 1786 2937 me
1844 2882 2101 2948 credunt,
2154 2893 2209 2938 et

610 2992 706 3030 eas
752 2977 805 3030 in
859 2976 1143 3039 moralem,
1179 2977 1486 3031 naturalem
1529 2984 1584 3031 et
1632 2976 1995 3046 theologicam
2035 2977 2220 3046 philo-

609 3071 858 3141 sophiam
894 3071 1195 3127 introduxi.

685 3186 845 3242 Vens.
884 3186 970 3241 15.
1028 3184 1209 3240 Timor
1240 3184 1455 3239 Domini
1512 3184 1623 3238 odit
1672 3184 2018 3254 injttstitiam,
2051 3201 2202 3238 arro—
2229 3189 2276 3252 ο

608 3279 847 3348 gantiam
877 3288 924 3329 et
956 3276 1259 3345 superbiant
1287 3286 1336 3330 et
1366 3277 1479 3329 vias
1507 3275 1772 3329 malorum
1804 3284 1853 3329 et
1875 3292 1932 3329 os
1956 3275 2205 3346 bilingue.

609 3368 798 3422 Timor
862 3367 953 3421 Dei
1047 3367 1294 3421 omnium
1364 3367 1607 3429 Domini,
1710 3381 1876 3422 omne
1958 3367 2206 3436 iniquum

606 3462 756 3525 odit;
784 3460 979 3526 loquor
1008 3459 1075 3512 de
1138 3458 1525 3521 inltonorante,
1562 3457 1887 3511 rationalem
1928 3466 2204 3523 naturam,

607 3568 671 3607 ex
695 3552 907 3606 defectu
937 3552 1177 3616 virtutis,
1199 3550 1736 3621 malitia.—Loquor
1759 3550 1826 3605 de
1857 3552 2134 3620 superbia,
2156 3560 2209 3605 et

608 3662 717 3701 non
748 3645 1061 3699 rationabili
1098 3645 1293 3716 gloria,
1331 3644 1398 3698 de
1431 3645 1596 3697 rebus
1633 3644 1979 3697 venientibus
2018 3646 2085 3697 al:
2114 3660 2205 3696 ex-

610 3756 769 3796 ccssn
803 3740 1019 3795 virtutis
1046 3755 1143 3810 per
1173 3754 1313 3809 quas
1345 3738 1471 3792 mali
1504 3738 1740 3809 spiritus
1787 3738 1838 3791 in
1887 3739 2068 3791 anima
2103 3740 2205 3791 ho-

607 3834 819 3887 minum
881 3832 1275 3902 ingredientes,
1306 3829 1522 3886 defectu
1590 3830 1843 3891 virtutis,
1874 3828 2204 3897 cupiditates

606 3926 905 3995 ingerunt;
943 3924 1109 3979 simul
1162 3924 1288 3978 dico
1341 3923 1677 3993 impietatem
1709 3936 1896 3975 eorum
1922 3934 2075 3974 suam
2108 3919 2205 3973 do-

605 4018 839 4070 ctrinam
889 4015 1193 4070 secundum
1238 4029 1405 4082 quam
1443 4013 1519 4068 illi
1557 4011 1895 4076 hominibus,
1931 4026 2038 4065 non
2073 4012 2201 4077 lico,

604 4111 699 4173 qui
732 4124 898 4180 opera
926 4108 1189 4163 bonitatis
1234 4106 1527 4162 tribuenda
1573 4147 1589 4171 ,
1652 4105 1961 4175 inspirant;
1996 4104 2203 4160 idcirco

611 4194 848 4251 \‘erbum
880 4194 996 4264 Dei,
1027 4194 1144 4251 haec
1172 4195 1374 4250 timore
1406 4193 1523 4257 Dei,
1559 4193 1883 4264 prohibens,
1914 4193 2176 4264 loquitur.

675 4491 833 4547 0divi
869 4506 1143 4561 perversas
1177 4491 1445 4545 malorum
1487 4492 1622 4545 vias.
1656 4490 1817 4547 Odivi
1847 4503 2053 4560 autem,
2098 4511 2197 4566 ego

2316 1967 2441 2020 τάδε
2504 1967 2744 2021 διδάσκει
2796 1968 2865 2021 δι’
2912 1970 3041 2039 ὅλης
3092 1973 3188 2041 τῆς
3240 1972 3463 2042 Γραφῆς
3506 1976 3601 2025 καὶ
3648 1973 3746 2043 τῆς
3800 1973 3911 2043 φύ-

2318 2072 2478 2119 σεως.

2386 2148 2473 2218 ιβ’.
2520 2148 2668 2217 Ἐγὼ
2697 2151 2736 2218 ἠ
2762 2150 2954 2219 σοφία
2984 2151 3426 2219 κατεσκήνωσα
3448 2153 3715 2218 βουλήν.
3762 2151 3912 2218 Ἐγὼ

2312 2240 2341 2293 ό
2365 2239 2459 2293 τοῦ
2492 2237 2629 2293 Θεοῦ
2661 2239 2837 2308 Λόγος
2879 2242 2937 2293 ὲν
2970 2244 3093 2305 ταῖς
3122 2242 3232 2295 τῶν
3258 2245 3627 2297 πιστευόντων
3669 2261 3758 2313 μοι
3797 2243 3908 2312 ψυ-

2311 2332 2435 2402 χαῖς
2459 2330 2751 2401 ὲπηξάμην
2778 2331 2878 2402 τὴν
2907 2331 2983 2395 ὥς
3010 2349 3134 2387 τινα
3164 2333 3370 2404 σκηνὴν
3402 2334 3783 2404 φυλάττουσαν
3810 2336 3915 2388 αύ-

2270 2482 2280 2491 _
2310 2420 2411 2484 τάς
2440 2421 2721 2491 ἀνω-τέρας
2749 2420 2850 2492 τῆς
2879 2423 2945 2475 ἑκ
2977 2419 3072 2475 τοῦ
3099 2422 3346 2493 φλογμοῦ
3370 2426 3481 2479 τῶν
3507 2426 3699 2480 παθῶν
3735 2428 3914 2496 μελαο

2311 2510 2553 2576 νώσεως,
2588 2510 2792 2581 ἀρετῆς
2817 2512 2914 2566 καὶ
2948 2513 3152 2577 κακίας
3190 2514 3487 2585 διάκρισιν.

2384 2603 2493 2658 Καὶ
2543 2602 2774 2673 γνῶσιν
2822 2606 2921 2658 καί
2970 2605 3220 2659 ἔννοιαν
3263 2606 3378 2675 ἐγὼ
3414 2607 3907 2676 ἐπεκαλεσάμην.

2312 2694 2425 2748 Καὶ
2460 2693 2560 2765 τὴν
2604 2694 2714 2747 τῶν
2747 2695 2918 2749 ὄντων
2952 2696 3176 2765 γνῶσιν,
3211 2692 3398 2768 ᾖδντα
3437 2699 3563 2763 εἰσὶ,
3598 2701 3692 2752 καὶ
3717 2699 3816 2770 τὴν
3847 2700 3914 2764 ἐξ

2309 2785 2490 2840 αὐτῶν
2520 2788 2652 2856 περὶ
2700 2787 2835 2856 ἐμοῦ
2876 2786 2971 2840 τοῦ
3024 2788 3245 2842 πάντων
3280 2789 3455 2842 αἰτίου
3499 2790 3658 2855 Θεοῦ,
3696 2791 3913 2844 ἔννοιαν

2312 2879 2730 2950 ὲιρειλκυσάμην
2759 2880 2951 2942 αὑταῖς
2989 2880 3304 2945 πιστευθεὶς
3336 2883 3428 2934 ὑπ’
3467 2884 3667 2945 αὐτῶν,
3702 2885 3797 2936 καὶ
3828 2886 3915 2947 εἰς

2308 2970 2510 3041 ἠθικὴν
2542 2970 2636 3025 καὶ
2663 2972 2902 3043 φυσικὴν
2930 2975 3025 3025 καὶ
3051 2972 3373 3046 θεολογικὴν
3419 2975 3741 3046 φιλοσοςρίαν
3768 2976 3909 3030 ταύ-

2309 3075 2408 3123 τας
2442 3060 2750 3127 ἐναγαγὼν.

2381 3179 2469 3240 ιγ’.
2498 3174 2686 3239 Φόϐος
2721 3174 2943 3241 Κυρίου
2978 3174 3150 3243 μισεῖ
3183 3174 3446 3237 ἀδικίαν,
3488 3176 3661 3243 ὕϐριν
3701 3192 3767 3230 τε
3807 3179 3916 3230 καὶ

2318 3266 2758 3334 ὑπερηφανίαν,
2778 3267 2877 3320 καὶ
2902 3267 3084 3334 ὀδοὺς
3108 3270 3407 3336 πονηρῶν,
3430 3271 3527 3324 καὶ
3558 3273 3751 3338 στόμα
3778 3271 3916 3324 ἄπι-

2316 3373 2487 3411 στον.
2506 3357 2563 3410 ὐ
2580 3356 2740 3423 φόῦος
2755 3357 2810 3410 δὲ
2825 3359 3038 3422 τούτου,
3052 3360 3147 3413 τού
3169 3360 3277 3412 τῶν
3291 3361 3428 3413 ὅλων
3445 3362 3740 3424 Δεσπὸτου,
3759 3362 3915 3416 ἅπαν

2316 3449 2629 3519 παράλογον
2643 3451 3067 3520 ἀποστρέφεται·
3092 3453 3236 3521 φημὶ
3249 3454 3313 3523 δὴ
3330 3455 3429 3521 τήν
3453 3470 3508 3506 τε
3529 3456 3649 3508 κατ’
3667 3454 3915 3523 ἔλλειψιν

2314 3543 2413 3612 τῆς
2443 3544 2646 3613 ἀρετῆς
2690 3544 3011 3612 ἀτιμοποιδν
3044 3545 3143 3615 τῆς
3179 3546 3403 3615 λογικῆς
3435 3547 3653 3614 φύσεως
3683 3550 3913 3615 κακίαν,

2314 3634 2408 3685 καὶ
2453 3632 2552 3703 τὴν
2597 3631 2716 3685 καθ’
2746 3633 3055 3705 ὑπερϐολὴν
3082 3635 3286 3705 ταύτης
3328 3637 3594 3703 φυσίωσιν
3618 3676 3633 3700 ,
3669 3642 3764 3691 καὶ
3807 3640 3916 3699 τὰς

2314 3726 2443 3796 περὶ
2469 3725 2578 3778 τῶν
2611 3724 2780 3779 ὄντων
2816 3726 3136 3795 ἀλογίστους
3161 3728 3341 3794 δόξας·
3373 3729 3441 3782 δι’
3473 3724 3549 3783 ὧν
3578 3732 3645 3785 τὰ
3674 3732 3773 3799 τῆς
3808 3750 3915 3785 πο-

2313 3818 2507 3889 νηρίας
2562 3817 2851 3889 πνεύματα
2905 3820 2963 3872 ὲν
3009 3822 3131 3883 ταῖς
3179 3820 3288 3874 τῶν
3343 3822 3650 3894 ἀνθρώπων
3705 3824 3918 3894 ψυχαῖς

2312 3910 2615 3981 ποιούμενα
2641 3912 2741 3983 τὴν
2767 3910 3027 3982 πάροδον,
3058 3911 3129 3965 τὰ
3159 3914 3283 3966 κατ’
3309 3913 3548 3982 ἔλλειψιν
3575 3915 3674 3983 τῆς
3706 3916 3916 3987 ἀρετῆς

2311 4003 2459 4072 πάθη
2485 4004 2715 4066 ταύταις
2739 4003 3062 4057 ὑποτιθέασι
3085 4019 3099 4033 ·
3131 4005 3225 4057 καὶ
3256 4006 3355 4073 τὴν
3391 4007 3522 4075 περὶ
3544 4005 3734 4069 άθεῒας
3764 4006 3917 4059 διδα-

2312 4093 2542 4148 σκαλίαν
2582 4093 2765 4147 αὐτῶν
2816 4094 2885 4164 ἢν
2935 4095 3108 4147 ταῦτα
3162 4094 3444 4148 ποιοῦνται
3490 4098 3628 4165 πρὶς
3660 4098 3789 4159 τοὺς
3833 4097 3917 4167 μὴ

2309 4186 2451 4257 Θεῷ,
2497 4185 2611 4242 ἀλλ’
2648 4187 2865 4249 ἑαυτοῖς
2899 4184 2970 4237 τά
3007 4185 3409 4257 κατορθώματα
3458 4186 3915 4257 ὲπιγράφοντας·

2308 4278 2499 4348 διόπερ
2533 4277 2705 4330 ταῦτα
2740 4276 2902 4349 asta;
2944 4277 2972 4330 ό
3009 4275 3105 4329 τοῦ
3148 4276 3286 4329 Θεοῦ
3312 4277 3495 4346 λόγος,
3522 4276 3610 4331 διὰ
3632 4276 3729 4330 τοῦ
3773 4278 3919 4349 πρὸς

2308 4347 2475 4427 αὐτὸν
2498 4370 2665 4440 φόϐου
2694 4347 3085 4440 ἀπαγορεύων,
3117 4370 3282 4425 οἱονεὶ
3305 4370 3484 4439 λέγει.

2377 4486 2701 4557 Μεμὶσηκα
2733 4484 2801 4538 δὲ
2827 4484 2942 4554 ἐγὼ
2965 4485 3446 4557 διεστραμμένας
3478 4487 3658 4555 ὀδοὺς
3683 4487 3916 4545 κακῶν.

601 4584 822 4639 virtutis
882 4584 1000 4654 ipsa
1060 4583 1282 4655 regula,
1342 4583 1788 4640 machinationes
1850 4585 2200 4654 daemonum,

2321 4556 2730 4651 Ἐδδέλυξάμην
2786 4578 2861 4644 δὲ,
2905 4579 3073 4642 αὐτὸς
3128 4556 3336 4651 ἀρετῆς
3379 4581 3644 4654 ὑπάρχων
3699 4585 3915 4650 καμὼν,

600 4678 844 4732 malitias
886 4677 1238 4731 inventorum
1283 4674 1340 4729 in
1375 4673 1661 4728 hominum
1719 4675 2047 4743 animabus,
2084 4694 2205 4749 qua:

600 4772 699 4826 llas
729 4786 758 4825 a
790 4769 1123 4826 rectitudine
1147 4766 1625 4835 virtutis,defectu
1658 4784 1998 4841 excessuque
2018 4773 2201 4843 hujus,

598 4872 872 4919 avertunt.
2010 4926 2027 4952 '

670 5065 839 5123 Vens.
878 5066 965 5123 14.
1025 5066 1207 5123 Meum
1263 5078 1343 5125 est
1397 5072 1680 5127 consilium
1735 5081 1785 5127 et
1817 5074 2099 5127 securitas.
2162 5071 2204 5127 Α

598 5177 713 5225 ιιιο,
773 5162 1004 5232 jnstitia:
1060 5162 1197 5236 sole,
1234 5172 1498 5235 tanquam
1568 5166 1768 5220 animae
1839 5166 2061 5220 oculum
2118 5166 2203 5220 in-

596 5255 961 5310 tellectualem
994 5256 1327 5323 illustrante,
1375 5258 1527 5313 venit
1560 5258 1897 5324 hominibus,
1961 5274 2205 5330 prasen-

595 5352 731 5403 tinm
794 5352 1199 5422 circumspecta
1263 5352 1528 5410 discretio
1582 5369 1752 5409 :—a
1796 5368 1904 5421 me,
1972 5366 2030 5409 nt
2094 5354 2207 5425 spi-

595 5444 735 5498 ritus
769 5442 984 5499 fervore
1014 5445 1377 5517 cupiditatum
1417 5448 1720 5520 procellam
1759 5448 2082 5519 repellente,
2114 5464 2209 5504 ve-

594 5538 675 5594 nit
710 5537 816 5591 illis
846 5538 914 5591 ab
948 5537 1033 5594 his
1071 5539 1347 5596 liberatio.

676 5653 789 5706 Mea
817 5664 893 5706 est
924 5654 1231 5722 prudentia,
1267 5673 1385 5711 mea
1415 5666 1492 5711 est
1519 5656 1805 5726 fortitudo.
1840 5658 1881 5709 Α
1917 5671 2001 5710 me
2044 5655 2209 5712 datur

596 5747 724 5810 illis,
749 5754 1011 5815 tanquam
1047 5763 1074 5801 a
1114 5764 1376 5818 supremo
1415 5749 1863 5819 concupiscibili,
1890 5763 2014 5820 quae
2051 5750 2206 5803 anxi-

596 5840 727 5895 limn
768 5841 884 5906 dat,
941 5842 1067 5897 boni
1100 5844 1597 5913 concupiscentia;
1636 5843 1797 5914 cujus
1837 5843 1903 5898 ad
1934 5842 2207 5913 opctatio-

2308 4673 2410 4737 τὰς
2461 4673 2561 4744 τῆς
2626 4672 2770 4726 κατὰ
2817 4671 3024 4744 ταύτην
3066 4672 3363 4743 εύούτητος
3421 4675 3913 4746 ἐκτετραμμένας,

2310 4769 2431 4822 κατ’
2458 4766 2694 4837 ἔλλειψιν
2729 4766 2899 4835 αὐτῆς
2942 4766 3037 4819 καὶ
3063 4765 3393 4837 ὑπερῦολὴν,
3428 4770 3488 4820 ὲν
3519 4771 3639 4831 ταῖς
3669 4769 3781 4821 τῶν
3814 4772 3918 4822 άν-

2311 4862 2547 4935 Θρώπιον
2569 4862 2771 4933 ψυχαῖς
2803 4860 3088 4933 διατριϐὰς
3115 4861 3223 4914 τῶν
3243 4862 3555 4932 ἑφευρετῶν
3584 4863 3685 4933 τῆς
3708 4866 3920 4930 κακίας

2308 4956 2605 5027 δαιμόνων.

2386 5071 2467 5126 ιδ’.
2503 5070 2651 5141 Ἔμὴ
2671 5071 2879 5143 ,ϐουλὴ
2903 5072 3001 5127 καὶ
3030 5071 3360 5143 ἀσφάλεια.
3379 5073 3518 5144 Παρ⁹
3536 5072 3675 5144 ἐμοῦ
3698 5074 3798 5129 τοῦ
3818 5076 3923 5147 τῆς

2310 5165 2659 5236 δικαιοσύνης
2700 5166 2905 5231 Ἠλίου,
2935 5165 3246 5238 ἀνθρώποις
3273 5166 3690 5237 παρέχεται,ὡς
3726 5172 3830 5237 μὲν
3859 5173 3922 5223 τὸ

2311 5256 2497 5328 νοερὸν
2528 5257 2626 5328 τῆς
2648 5256 2828 5327 ψυχῆς
2852 5257 3010 5328 ὄμμα
3036 5257 3385 5326 φωτίζοντος,
3412 5259 3446 5329 ἡ
3480 5257 3621 5327 μετὰ
3652 5263 3891 5331 περισκὲ
3908 5291 3923 5300 -

2310 5353 2455 5424 ψεως
2484 5352 2593 5407 τῶν
2616 5353 2877 5407 ἐναντίων
2899 5353 3194 5425 διάκρισις·
3226 5352 3301 5416 ὡς
3325 5353 3382 5406 δὲ
3407 5352 3500 5405 τὸν
3523 5354 3779 5425 χειμῶνα
3812 5357 3925 5409 τῶν

2314 5447 2504 5501 παθῶν
2538 5447 2988 5518 άποκρουομένου
3023 5450 3089 5519 τῇ
3129 5447 3309 5519 Θέρμῃ
3355 5446 3451 5501 τοῦ
3496 5449 3838 5519 πνεύματος,
3889 5455 3926 5522 ἡ

2315 5542 2379 5595 ὲκ
2404 5539 2612 5595 τούτων
2640 5540 2884 5612 φυλακή.

2398 5654 2541 5724 Ἐμὴ
2572 5654 2893 5723 φρόνησις,
2921 5652 3036 5721 ἐμὴ
3072 5651 3141 5705 δὲ
3184 5652 3387 5718 ἰσχύς.
3438 5652 3583 5721 Παρ’
3623 5652 3766 5723 ἐμοῦ
3804 5654 3925 5709 ἔστι

2315 5746 2548 5809 τούτοις,
2578 5746 2652 5808 ὡς
2684 5744 2915 5816 ἐσχάτου
2951 5741 3260 5817 όρεκτοῦ.η
3295 5748 3539 5817 φέρουσα
3569 5742 3765 5812 ὄνησιν
3794 5745 3926 5816 δρε-

2320 5841 2400 5904 ξις
2427 5838 2522 5894 τού
2552 5837 2782 5906 ἀγαθοῦ
2816 5840 2946 5908 παρ’
2977 5835 3111 5908 ἐμοῦ
3143 5853 3202 5890 τε
3232 5836 3369 5905 πρὸς
3394 5836 3494 5907 τὴν
3527 5837 3722 5890 τούτου
3758 5841 3925 5911 ἔργα·
