4238 6458
324 397 462 461 1993

1403 395 1812 458 ΕΟΜΜΕΝΤΛ
1828 394 1936 452 [ιιι
1991 394 2064 451 l.\'
2108 393 2554 451 l‘ilt‘lVERNA.

3461 387 3591 449 1294

321 514 443 566 σίαν
489 512 700 575 τούτοις
739 511 938 564 δίδοται
965 509 1212 581 δύναμις,
1247 510 1321 568 ὼς
1349 511 1714 564 ἐνυποστάτου
1743 510 1902 562 δυνα-

2021 523 2128 560 1etn
2188 509 2296 560 illis
2331 505 2654 560 conceditur
2687 504 2949 571 potentia,
2987 517 3013 554 τι
3057 517 3141 555 me
3186 511 3292 554 uta
3327 512 3593 571 potestate

321 621 468 674 μεως
493 602 586 656 τοῦ
611 603 746 654 Θεοῦ
784 603 877 656 καὶ
899 604 1130 673 Πατρός.

391 701 471 745 ιε’.
503 695 581 746 Δι’
605 693 748 761 ἐμοῦ
768 693 1051 760 βασιλεῖς
1074 696 1502 758 βασιλεύουσι.
1535 697 1610 747 Δι’
1643 692 1797 763 ἐμοῦ,
1827 694 1900 755 ῶς

317 786 457 839 Θεοῦ
501 787 699 852 Λόγου,
733 787 783 837 οἱ
824 786 933 838 τῶν
975 788 1164 841 παθῶν
1215 790 1614 858 αὐτοκράτορες
1661 787 1900 854 ἐννόμων

319 877 673 931 ὲπιστατοῦσι
709 880 775 947 τῇ
806 878 1070 950 ἐπιθυμίᾳ
1100 880 1194 932 καὶ
1224 879 1301 945 τῷ
1333 878 1511 948 θυμῷ.

392 969 501 1024 Kal
525 972 578 1022 οι
613 968 908 1022 δυνάσται
938 969 1235 1037 γράφουσι
1268 969 1685 1036 δικαιοσύνην.
1718 969 1825 1021 Καὶ
1853 969 1901 1020 οί

321 1061 828 1120 καθυποτάτσοντες
861 1061 959 1130 τὴν
992 1063 1173 1130 σάρκα
1216 1061 1292 1130 τῷ
1326 1060 1620 1130 πνεύματι,
1655 1059 1746 1112 τὸν
1775 1057 1902 1128 χοῦν

319 1155 460 1206 κατὰ
491 1153 692 1223 πρᾶξιν
723 1153 936 1221 ἠθικῶς
977 1153 1418 1216 διαπλάττοντες,
1449 1152 1538 1205 διὰ
1581 1151 1772 1205 τούτου
1808 1167 1904 1220 σηο

323 1247 626 1318 μειοῦνται,
651 1248 727 1311 ὡς
765 1247 853 1300 διὰ
905 1247 1155 1318 μέλανος,
1189 1248 1286 1318 τὴν
1319 1247 1420 1316 τῆς
1461 1248 1639 1318 ψυχῆς
1687 1247 1905 1317 ἀρρεπῆ

320 1337 505 1408 κρίσιν
541 1337 678 1406 πρὸς
719 1337 788 1390 τὰ
833 1339 954 1390 κατ’
979 1336 1215 1398 ἔλλειψιν
1239 1336 1340 1404 τῆς
1369 1337 1571 1406 ἀρετῆς
1619 1337 1714 1389 καὶ
1739 1337 1908 1405 ὑπερ-

320 1427 484 1496 ϐολὴν
529 1427 675 1495 πάθη
703 1427 839 1496 ἐμοῦ
872 1428 965 1481 τὸν
1003 1428 1160 1495 λόγον
1206 1427 1306 1496 τῆς
1333 1428 1534 1498 ἀρετῆς
1563 1427 1772 1491 τούτοις
1800 1429 1906 1480 ὑπ-

319 1519 700 1589 αγορεύοντος.

396 1617 492 1674 ις’.
530 1611 609 1662 Δι’
638 1609 784 1678 ἐμοῦ
809 1609 1168 1679 μεγιστᾶνες
1178 1612 1730 1683 ιιιιγαλύνονιάιΔι⁹
1749 1610 1902 1678 ἐμοῦ,

319 1701 397 1764 ὡς
427 1700 704 1770 ἀλαθήτου
733 1699 1001 1768 γνώστου,
1027 1701 1121 1754 καὶ
1146 1702 1377 1770 ἐσχάτου
1412 1699 1660 1771 ὁρεκτοῦ,
1687 1701 1736 1752 ol
1768 1701 1907 1754 κατὰ

320 1793 527 1861 γνῶσιν
557 1793 649 1845 καὶ
676 1793 880 1860 ἀρετὴν
905 1793 1253 1862 προῦχοντες,
1285 1792 1425 1844 κατὰ
1449 1792 1650 1852 ταύτας
1677 1809 1905 1861 περιφα-

319 1889 428 1948 νεῖς
453 1886 548 1938 καὶ
573 1884 807 1950 ἐπίδοξοι
833 1888 1091 1955 γίνονται.

391 1978 500 2032 Καὶ
553 1979 832 2047 τύραννοι
889 1979 965 2033 δι’
987 1979 1136 2049 ἐμοῦ
1185 1981 1474 2047 κρατοῦσι
1524 1980 1656 2050 γῆς.
1705 1979 1814 2033 Καὶ
1853 1980 1902 2032 οἱ

317 2068 418 2140 τὴν
451 2071 643 2139 γήϊνον
701 2072 878 2141 σάρκα
933 2071 1417 2142 παραϐιαζόμενοι.
1448 2071 1584 2141 προς
1615 2071 1675 2123 τὸ
1701 2071 1904 2136 ταύτης

319 2160 708 2231 ἁπονεκρῶσαι
749 2161 1026 2230 φρόνημα,
1060 2160 1127 2212 δι’
1151 2159 1283 2230 ἐμοῦ
1315 2160 1488 2228 αὐτῆς
1513 2160 1860 2230 κυριεύουσιν
1887 2176 1899 2187 ·

317 2249 396 2316 ὡς
423 2251 518 2304 τὸν
558 2250 724 2304 πόθον
781 2251 920 2322 πρὸς
953 2251 1020 2305 τὰ
1050 2251 1319 2322 νοούμενα
1353 2251 1462 2304 ἀπὸ
1500 2251 1609 2303 τῶν
1640 2251 1903 2321 φαινομέ-

319 2361 428 2399 νων
463 2345 814 2415 μετάγοντος.

395 2438 484 2502 ιζ’.
530 2439 672 2509 Ἐγὼ
711 2438 853 2506 τοὺς
898 2438 1004 2508 ἐμὲ
1046 2439 1378 2508 φιλοῦντας
1417 2439 1649 2508 ἀγαπῶ.
1708 2439 1906 2504 Αὐτὸς,

319 2527 412 2582 διὰ
467 2529 579 2583 τῶν
624 2530 777 2600 ἱμῶν
810 2529 1062 2592 ἐντολῶν,
1107 2531 1234 2592 τοὺς
1271 2531 1601 2598 ἀγαπῶντάς
1637 2547 1703 2600 με
1737 2531 1910 2583 ἀπαλ-

321 2619 534 2674 λάττων
570 2619 681 2672 τῶν
735 2621 1062 2691 παραλόγων
1109 2621 1321 2684 παθῶν,
1365 2621 1642 2692 γνώριμον
1697 2621 1907 2687 τούτοις

320 2712 423 2782 τὴν
458 2714 595 2781 πρὸς
625 2713 823 2776 αὐτοὺς
857 2714 1080 2784 ἀγάπην
1115 2731 1216 2784 μου
1252 2713 1498 2767 καθιστῶ
1521 2732 1536 2745 ·
1571 2715 1674 2769 κᾶν
1696 2716 1911 2778 πάντας

322 2804 654 2875 ἀνθρώπους
687 2804 763 2868 ὡς
818 2804 1047 2876 πλάσμα
1103 2805 1234 2858 ἴδιον
1263 2807 1485 2875 ἀγαπῶ,
1520 2807 1716 2877 ἐπίσης
1742 2808 1911 2862 θέλων

321 2897 551 2951 πάντων
575 2895 673 2967 τὴν
708 2897 1007 2968 σωτηρίαν.
1745 2949 1748 2955 ,

390 2991 458 3042 Ol
480 2989 548 3042 δὲ
593 2989 700 3058 ἐμὲ
738 2987 1076 3056 ζητοῦντες,
1131 2987 1472 3056 εὑρήσουσι
1533 2992 1729 3061 χάριν.
1767 2995 1828 3046 Οί
1857 2993 1912 3045 δὲ

324 3083 466 3154 πρός
497 3099 564 3153 με
600 3082 661 3135 τὸ
682 3083 834 3146 τέλος
863 3083 968 3135 τῶν
993 3081 1275 3150 γνωστῶν,
1307 3082 1406 3152 τὴν
1446 3083 1709 3154 ἀλήθειαν
1730 3126 1744 3148 ,
1771 3084 1912 3137 κατὰ

2008 598 2095 650 Dt-i
2130 613 2190 650 ac
2220 598 2399 650 l‘atris
2429 595 2882 663 persulisistcnte.

2078 687 2239 742 Vens.
2281 688 2366 741 15.
2406 687 2505 740 Per
2535 703 2612 739 me
2649 702 2788 753 reg-:5
2826 693 3066 752 regnant.
3100 683 3199 734 i‘er
3233 698 3334 740 tne,
3376 691 3430 733 ιιι
3463 684 3597 734 dixi-

2006 796 2134 832 n"m
2171 779 2431 841 Verbum,
2459 779 2493 830 ii
2521 778 2613 846 qtti
2641 776 2949 844 cupiditatis
2984 775 3267 842 conformis
3304 776 3403 843 legi
3436 776 3595 840 impc-

2006 885 2145 935 rant,
2183 873 2452 940 imperant
2482 867 2948 937 concupiscentiis
2993 876 3045 919 et
3083 867 3411 919 tumoribus.

2082 964 2147 1017 Et
2178 973 2410 1032 palentes
2439 962 2672 1015 scribunt
2702 960 2993 1029 justitiam.
3029 958 3089 1009 Et
3119 959 3218 1022 illi,
3251 959 3341 1027 qui
3378 960 3593 1026 spiritui

2007 1071 2224 1110 carnem
2278 1054 2602 1119 subjiciunt,
2664 1053 2717 1104 in
2781 1051 2933 1119 praxi
2982 1049 3265 1102 emienter
3293 1051 3593 1102 secundum

2007 1144 2263 1197 moralem
2293 1150 2496 1196 terram
2528 1145 2869 1209 contingunt,
2901 1155 2995 1208 per
3030 1143 3129 1192 IIOC
3191 1148 3449 1207 tanquam
3503 1157 3598 1208 ῃςυι·

2006 1242 2414 1296 atramentum,
2468 1247 2550 1285 me
2597 1232 2705 1285 illis
2761 1231 2978 1283 Virtutis
3043 1232 3269 1282 verbum
3320 1239 3600 1283 tttttlttztttlt‘.

2009 1327 2222 1379 ﬁrmum
2262 1325 2456 1376 anitum
2486 1323 2750 1390 judicium
2786 1322 2930 1374 circa
2979 1322 3308 1390 cupiditates
3336 1364 3348 1385 ,
3383 1338 3444 1373 ex
3483 1323 3594 1374 dcl'.

2006 1429 2059 1473 et
2106 1436 2223 1474 exc.
2263 1401 2480 1470 t'irtutis
2512 1421 2837 1470 connotant.

2081 1593 2370 1650 \'t;ns.16.
2438 1593 2540 1647 Per
2574 1611 2653 1648 me
2711 1593 2971 1661 principes
3037 1593 3315 1655 imperant.
3370 1587 3473 1640 Per
3521 1603 3605 1639 me

2009 1699 2264 1755 tanquam
2298 1685 2365 1738 ab
2394 1685 2485 1738 illo
2516 1700 2676 1752 quem
2707 1684 2839 1736 nihil
2879 1683 3095 1743 latet,cl
3129 1695 3382 1748 supremo
3405 1694 3604 1730 cunei:-

2011 1779 2268 1848 piseibili,
2332 1786 2386 1830 et
2443 1777 2537 1846 qui
2600 1777 2651 1830 in
2712 1776 2942 1830 scientia
2978 1782 3032 1828 et
3081 1775 3283 1827 virtute
3346 1780 3602 1841 potentes

1941 1846 1982 1902 Β
2013 1846 2107 1939 per
2138 1870 2234 1923 has
2272 1868 2460 1938 inclyti
2501 1875 2555 1922 et
2586 1868 2832 1921 celebres
2867 1866 3022 1918 ﬁunt.

2080 1960 2150 2014 Et
2179 1975 2267 2028 per
2307 1976 2386 2012 me
2425 1961 2638 2029 tyranni
2671 1968 2826 2012 terra:
2861 1958 3143 2024 imperant.
3187 1955 3252 2008 Et
3286 1955 3320 2006 ii
3355 1954 3448 2023 qui
3500 1963 3609 2008 ter-

2008 2070 2193 2108 renum
2226 2067 2445 2108 carnem
2479 2051 2808 2120 reprimunt,
2839 2048 2903 2101 ad
2944 2049 3064 2118 ejus
3101 2046 3417 2117 superbiam
3455 2062 3602 2099 mor-

2007 2145 2341 2209 tilicandam,
2376 2144 2451 2197 illi
2489 2159 2584 2214 per
2614 2156 2699 2195 me
2731 2143 2998 2209 imperant
3030 2159 3042 2193 :
3093 2149 3350 2207 tanquam
3388 2137 3607 2192 deside-

2008 2239 2146 2293 rium
2178 2237 2394 2291 illorum
2455 2251 2482 2288 a
2541 2234 2854 2288 visibilibus
2887 2233 2951 2286 ad
2992 2230 3379 2284 intellectualia
3416 2238 3604 2284 trans-

2009 2332 2295 2388 ferentem.

2081 2423 2250 2478 Vens.
2287 2422 2370 2476 17.
2428 2421 2535 2491 Ego
2569 2420 2846 2489 diligentes
2880 2433 2957 2469 me
2993 2415 3178 2485 diligo;
3224 2412 3331 2483 Ipsi
3367 2426 3463 2481 per
3493 2425 3611 2466 mea

2011 2524 2278 2589 praecepta
2301 2556 2314 2580 ,
2349 2530 2432 2569 me
2463 2515 2751 2582 diligentes
2779 2513 2843 2564 ab
2876 2510 3081 2579 iniquis
3103 2507 3501 2576 cupiditatibus
3546 2505 3612 2560 li—

2012 2611 2293 2676 berantur;
2328 2608 2439 2662 illis
2471 2622 2648 2660 meum
2680 2620 2777 2674 pro
2832 2603 2967 2673 ipsis
3027 2616 3266 2654 amorem
3328 2600 3609 2670 cognitum

2012 2701 2242 2757 ostendo
2317 2714 2444 2751 cum
2513 2711 2703 2750 omnes
2791 2695 3042 2747 homines
3137 2701 3401 2758 tanquam
3484 2704 3610 2757 prn-

2012 2795 2192 2862 prium
2260 2805 2399 2860 opus
2452 2789 2674 2858 diligam
2730 2786 2921 2840 volens
2953 2785 3118 2839 etiam
3166 2783 3410 2837 onmium
3468 2783 3614 2835 salu-

2022 2895 2154 2941 letn.

2088 3002 2190 3067 Qui
2223 3017 2304 3054 me
2329 3008 2597 3070 quierunt,
2644 2997 2908 3049 invenient
2938 2995 3194 3064 gratiam.
3232 2992 3334 3058 Qui
3380 3008 3510 3046 vero
3547 2993 3611 3046 ad

2018 3111 2122 3160 me,
2181 3095 2473 3146 terminum
2531 3091 2922 3154 scientiarum,
2973 3087 3282 3149 veritatem,
3342 3085 3614 3139 dCSi(l“,|'i‘)

322 3174 450 3227 νοῦν
485 3173 798 3243 κινούμενοι
821 3171 939 3241 μετ’
961 3173 1225 3240 ὲερέσεως,
1257 3172 1357 3240 τῆς
1388 3172 1480 3225 τοῦ
1507 3174 1782 3242 ὁμοφυοῦς
1825 3193 1914 3244 μοι

2022 3187 2291 3260 spiritttali
2341 3192 2626 3239 moventur
2653 3226 2666 3247 ,
2705 3183 2934 3252 gratiam
2969 3181 3201 3250 spiritus
3235 3179 3328 3247 qui
3363 3177 3612 3244 ejusdem

324 3263 642 3332 πνεύματος
678 3262 1053 3326 ὲπιτεύξονται
1085 3263 1308 3332 χάριτος
1331 3277 1342 3288 ·
1373 3265 1738 3334 χαριζομένου
1789 3266 1918 3318 τού-

321 3371 462 3418 τοις,
496 3357 555 3406 ἐν
583 3354 662 3424 τῷ
685 3357 763 3418 εἰς
801 3357 984 3408 πᾶσαν
1018 3355 1116 3425 τὴν
1147 3354 1407 3424 ἀλήθειαν
1452 3355 1649 3420 αὐτοὺς
1681 3357 1916 3428 ὁδηγεῖν,

325 3447 466 3519 ἐμοῦ
501 3447 599 3516 τῆς
630 3447 827 3516 σοφίας
857 3447 956 3516 τὴν
991 3447 1232 3514 μέθεξιν.

403 3569 492 3632 ιη’.
539 3561 810 3628 Πλοῦτος
847 3562 946 3614 καὶ
982 3560 1133 3624 δόξα
1163 3562 1291 3630 ἐμοὶ
1313 3562 1568 3632 ὑπάρχει
1594 3605 1607 3630 ,
1643 3566 1743 3619 καὶ
1775 3566 1920 3634 κτῆ-

325 3668 431 3718 σις
453 3651 725 3716 πολλῶν,
759 3650 857 3704 καὶ
895 3651 1278 3718 δικαιοσύνη.
1316 3653 1374 3704 ’0
1403 3655 1514 3724 γὰρ
1541 3654 1650 3706 τῶν
1668 3655 1724 3706 ὲν
1747 3655 1918 3723 ἐπαγ-

325 3743 539 3814 γελίαις
576 3744 963 3814 ἀποκειμένων
986 3744 1258 3806 ἀκένωτος
1285 3744 1584 3817 θησαυρὸς,
1605 3748 1703 3800 καὶ
1725 3749 1763 3816 ἡ
1781 3749 1921 3819 ἀχὴ-

330 3854 497 3910 ρατος
523 3835 778 3899 εὔκλεια,
806 3837 874 3890 τὰ
920 3837 1060 3908 ὑπὲρ
1096 3837 1260 3907 φύσιν
1292 3837 1496 3904 ἀγαθὰ,
1530 3840 1668 3908 πρὸς
1719 3838 1776 3892 δὲ
1825 3839 1921 3892 καὶ

329 3930 475 3983 κατὰ
533 3929 696 3999 φύσιν
717 3948 730 3959 ο
752 3930 786 4000 ἦ
819 3947 879 3982 τε
913 3929 1039 3983 καθ’
1069 3929 1182 3994 ἕξιν
1229 3929 1432 3996 γνῶσις
1485 3931 1596 3985 τῶν
1645 3931 1922 4003 διαφόρων

325 4020 506 4089 λόγων
529 4021 653 4075 καθ’
685 4019 780 4082 οὒς
828 4021 1086 4089 γεγόνασί
1117 4039 1176 4074 τε
1220 4021 1288 4074 τὰ
1331 4023 1509 4076 πάντα
1561 4025 1656 4077 καὶ
1684 4025 1920 4094 ἀκίνητα

330 4115 578 4184 μένουσι,
613 4114 708 4166 καὶ
734 4115 765 4184 ἡ
791 4113 932 4167 κατὰ
967 4113 1193 4176 τούτους
1241 4115 1376 4184 πρὸς
1403 4115 1473 4168 τὰ
1525 4118 1648 4169 κατ’
1680 4115 1920 4185 ἔλλειψιν

327 4209 430 4276 τῆς
471 4207 676 4276 ἀρετῆς
719 4207 814 4260 καὶ
864 4205 1170 4277 ὑπερΰολὴν
1195 4207 1343 4275 πάθη
1369 4249 1382 4269 ,
1417 4207 1670 4278 appeal};
1716 4207 1918 4278 κρίσις,

328 4299 387 4350 ἐν
424 4297 548 4369 ἐμοί
578 4300 748 4359 ἐστιν,
785 4297 859 4359 ῶς
891 4297 1076 4367 δοτῆρι
1122 4297 1221 4366 μὲν
1265 4296 1373 4350 τῶν
1422 4298 1561 4368 ὑπὲρ
1591 4298 1754 4366 φύσιν
1780 4299 1921 4367 ἁγα-

327 4390 464 4454 θῶν,
493 4389 652 4461 αἰτίῳ
679 4389 734 4442 δὲ
763 4388 872 4442 τῶν
897 4389 1039 4446 κατὰ
1061 4388 1246 4455 φύσιν.

404 4503 492 4559 ιο’.
525 4503 781 4557 Βέλτιον
803 4502 910 4572 ἐμὲ
935 4502 1344 4572 καρπίζεσθαι,
1372 4503 1523 4569 ὑπὲρ
1546 4503 1805 4570 χρυσίον
1822 4502 1918 4556 καὶ

327 4599 510 4652 λίθον
539 4597 737 4664 τίμιον
785 4597 1006 4649 πολύν.
1040 4597 1304 4665 Κρείττον
1326 4594 1518 4646 λοιπὸν
1547 4593 1689 4663 ὑπὲρ
1718 4594 1918 4664 χρυσόν

326 4706 390 4743 τε
423 4689 521 4742 καὶ
548 4689 730 4748 λίθους
770 4687 845 4757 μὴ
882 4686 1284 4757 εὐαριθμήτους
1312 4685 1736 4755 πολυτιμήτους,
1772 4685 1838 4737 τὰ
1864 4687 1921 4738 ἐν

329 4783 527 4851 κόσμῳ
562 4780 794 4850 τερπνὰ,
828 4778 930 4847 ἐμὲ
960 4779 1050 4831 τὸν
1097 4779 1192 4848 τῆς
1237 4777 1538 4840 ἀθανασίας
1575 4777 1814 4848 καρπὸν,
1848 4778 1924 4840 ὡς

330 4873 390 4925 ὲν
421 4871 741 4942 παραδείσῳ
777 4869 856 4941 τῷ
896 4869 1002 4940 ὅλῳ
1051 4869 1240 4940 κόσμῳ
1274 4869 1556 4938 συλλέγειν
1578 4886 1590 4899 ’
1620 4871 1676 4922 ἐν
1709 4869 1786 4939 τῷ
1834 4870 1922 4922 al-

333 4981 452 5038 ρειν
486 4983 555 5033 με
585 4965 649 5017 ὲκ
685 4963 933 5025 πάντων,
974 4963 1117 5015 κατὰ
1151 4964 1250 5032 τὴν
1276 4964 1335 5015 ὲν
1380 4962 1653 5033 πνεύματι
1686 4963 1926 5033 φυσικὴν

331 5056 573 5128 θεωρίαν
613 5055 814 5118 αὐτῶν,
842 5057 916 5117 ὡς
969 5056 1108 5128 ὑπὲρ
1146 5054 1323 5108 πάντα
1368 5056 1490 5110 κατ’
1520 5055 1711 5108 οὐσίαν
1748 5053 1926 5125 ὑπάρ-

332 5170 520 5222 χοντα.

410 5264 490 5318 Τὰ
516 5262 584 5316 δὲ
603 5264 714 5332 ἐμὰ
744 5259 1089 5333 γεννήματα
1113 5263 1408 5332 κρεῖσσον
1444 5262 1735 5332 ἀργυρίου
1756 5263 1930 5316 ἐκλε-

333 5360 503 5415 κτοῦ.
561 5361 645 5413 Τὰ
690 5360 748 5413 δὲ
807 5360 916 5429 ὲμὰ
979 5360 1298 5430 θελήματα,
1350 5356 1432 5424 οἷς
1490 5359 1579 5413 διὰ
1627 5361 1694 5414 τὰ
1753 5360 1932 5413 πάντα

335 5457 478 5508 πᾶσι
511 5455 691 5508 πάντα
745 5453 970 5525 γίνομαι
1014 5456 1134 5509 κατ’
1177 5437 1463 5525 ἐνέργειαν
1485 5495 1500 5519 ,
1533 5452 1756 5507 κάλλιόν
1792 5455 1932 5506 εἰσιν

335 5549 482 5618 ὑπὲρ
506 5548 795 5603 ὲπίλεκτον
853 5549 1118 5620 ἄργυρον.
1163 5549 1238 5610 ὡς
1273 5547 1466 5601 τούτου
1507 5547 1932 5617 καθαρωτέρους

336 5642 434 5696 καὶ
483 5639 907 5710 λαμπροτέρους
971 5637 1400 5693 ἁποδεικνύοντα
1451 5637 1580 5700 τοὺς
1641 5635 1934 5700 ποιοῦντας

336 5733 505 5788 αὑτά.

412 5845 482 5902 κ’.
530 5847 632 5899 Ἐν
666 5844 828 5912 ὁδοῖς
853 5843 1248 5910 δικαιοσύνης
1274 5843 1593 5913 περιπατῶ.
1622 5839 1805 5894 Ταῦτα
1829 5841 1936 5912 γὰρ

2026 3297 2090 3336 ac
2117 3295 2218 3350 ego
2250 3289 2459 3333 natura:
2484 3318 2498 3340 ,
2528 3275 2854 3330 obtinebunt
2901 3271 3182 3341 sapientia:
3233 3269 3615 3339 participatio-

2027 3389 2168 3436 nem,
2219 3379 2276 3424 ut
2331 3374 2382 3423 in
2429 3382 2643 3421 onmem
2687 3366 2976 3420 veritatem
3041 3363 3336 3426 ducantur,
3383 3375 3468 3414 me
3508 3360 3616 3412 illis

2027 3463 2386 3519 concedente.

2096 3575 2262 3630 VEns.
2292 3574 2375 3627 18.
2413 3571 2624 3624 Divitiae
2651 3576 2701 3622 et
2723 3567 2896 3638 gloria
2921 3583 3118 3619 mecum
3155 3574 3298 3624 sunt.
3329 3580 3447 3630 opes
3480 3563 3617 3616 mnf--

2031 3677 2094 3720 ta:
2131 3675 2178 3719 et
2221 3664 2462 3734 justitia.
2499 3662 2558 3714 ln
2593 3658 3056 3730 promissionibus
3095 3668 3494 3710 reservatnrum
3525 3671 3621 3706 ve-

2032 3771 2124 3810 rus
2173 3755 2485 3812 thesaurus.
2537 3759 2590 3803 et
2652 3747 3080 3814 incorruptibilis
3158 3746 3350 3814 gloria,
3411 3745 3462 3797 id
3514 3755 3618 3806 est,
3689 3768 3699 3778 ι

2030 3849 2172 3902 bona
2227 3842 2689 3915 supernaturalia,
2731 3849 2784 3890 et
2855 3839 2998 3893 bona
3035 3854 3154 3906 qua:
3185 3838 3486 3892 secundum
3522 3853 3619 3890 na-

2031 3947 2208 3992 turam
2245 3944 2298 3990 et
2331 3951 2430 4006 pro
2477 3943 2720 3988 natura:
2753 3939 2806 3987 et
2857 3947 2884 3984 a
2947 3947 3075 3985 vera
3133 3933 3480 4000 superiorum
3545 3933 3623 3981 lv-

2030 4041 2156 4098 gum
2200 4025 2453 4087 scientia,
2501 4035 2597 4093 per
2631 4037 2767 4092 quas
2800 4022 2982 4074 omnia
3016 4021 3159 4075 facta
3193 4030 3342 4083 sunt,
3380 4031 3431 4074 et
3471 4021 3626 4075 ﬁrﬂ'a

2033 4125 2353 4182 remanent;
2407 4125 2460 4170 et
2508 4125 2719 4170 rectum
2773 4113 3038 4184 judicium
3075 4113 3222 4182 quod
3281 4128 3344 4166 ex
3399 4113 3506 4165 illis
3557 4113 3624 4164 de
3711 4153 3720 4162 .

2031 4211 2420 4281 cupiditatibus
2456 4226 2518 4264 ex
2561 4207 2670 4263 del‘.
2707 4215 2762 4262 et
2798 4221 2918 4262 exc.
2968 4207 3208 4267 virtutis.
3265 4207 3506 4269 eruitur,
3570 4209 3622 4264 in

2033 4319 2118 4357 me
2169 4311 2316 4366 sunt,
2375 4311 2634 4376 tanquam
2673 4299 2727 4353 in
2763 4300 2954 4354 datore
2987 4299 3255 4353 bonorum
3290 4310 3626 4367 supernatu-

2035 4395 2250 4447 ralium.

2107 4504 2267 4561 Vens.
2296 4507 2378 4560 19.
2401 4503 2591 4558 Melius
2625 4521 2704 4558 me
2727 4506 2956 4574 fructum
2978 4503 3223 4571 colligere
3248 4519 3402 4572 quam
3437 4517 3625 4553 aurum

2025 4609 2072 4653 et
2103 4599 2326 4666 lapidem
2369 4598 2658 4663 pretiosum
2703 4595 2947 4648 multum.
2975 4593 3167 4648 Melius
3193 4603 3275 4647 est
3327 4609 3488 4662 quam
3526 4609 3625 4644 au-

2028 4707 2169 4753 rum,
2234 4700 2287 4745 et
2338 4689 2545 4759 lapides
2576 4688 3013 4758 pretiosissimas
3066 4693 3120 4740 et
3170 4685 3624 4744 innumerabiles,

2027 4772 2080 4835 in
2119 4780 2324 4834 mundo
2368 4759 2634 4848 jucunda,
2674 4793 2786 4845 nte
2858 4776 3288 4828 immortalitatis
3341 4775 3610 4833 lrutttttn,

2029 4882 2085 4926 ut
2106 4873 2158 4925 in
2189 4871 2440 4941 paradiso
2462 4885 2524 4923 ex
2553 4877 2667 4923 toto
2697 4865 2901 4922 mundo
2929 4867 3222 4934 colligere;
3256 4881 3319 4918 ex
3363 4865 3622 4917 niiinibut

2029 4963 2316 5034 capiendo,
2355 4979 2449 5033 pro
2487 4964 2704 5016 illorum
2767 4962 2818 5014 in
2874 4961 3072 5029 spiritu
3109 4959 3345 5011 naturali
3399 4959 3627 5009 meditt-

2030 5058 2198 5122 tione,
2231 5057 2388 5126 quasi
2416 5071 2580 5125 super
2619 5054 2804 5109 omnia
2837 5068 2934 5123 per
2960 5053 3253 5106 essentiam
3305 5051 3626 5104 subsistant.

2104 5263 2171 5317 Et
2202 5262 2469 5332 genimina
2501 5278 2615 5315 mea
2654 5277 2810 5330 super
2855 5269 3124 5328 argentum
3159 5257 3400 5310 electum.
3436 5257 3498 5310 Et
3541 5274 3631 5306 νο».

2034 5356 2275 5410 luntates’
2325 5370 2477 5419 mete,
2509 5355 2712 5423 quibus
2744 5368 2839 5422 per
2876 5355 3082 5414 munia,
3134 5353 3390 5405 omnibus
3446 5367 3629 5404 Ottlmtl

2035 5451 2211 5503 factus
2240 5464 2359 5503 sum
2395 5448 2616 5512 virtute,
2650 5447 2906 5500 meliores
2942 5453 3072 5500 sunt
3110 5457 3340 5512 argento
3383 5433 3629 5513 proli-ain,

2037 5557 2161 5596 cum
2207 5541 2326 5594 illas
2363 5548 2681 5608 sequentes,
2711 5544 2940 5608 argento
2975 5535 3225 5604 put-iures
3250 5541 3312 5590 et.
3338 5534 3630 5601 fulgentiu-

2038 5650 2126 5690 res
2161 5633 2410 5687 reddant.

2116 5838 2272 5894 VI'RS.
2317 5839 2405 5893 ‘lll.
2441 5837 2500 5891 In
2536 5840 2626 5892 viis
2663 5839 2896 5908 justitfa'
2925 5837 3155 5890 αηιίνιιίο.
3197 5833 3320 5891 "Luc
3348 5835 3472 5898 iliis,
3511 5844 3630 5887 lan-
3665 5877 3671 5883 .
