4220 6462
294 425 436 490 1353

1362 425 1899 487 COMMENTARII
1944 427 2021 487 ΙΝ
2064 428 2517 491 PROVERBIA.

3434 448 3564 507 1354

373 539 427 590 '0
456 537 524 591 δὲ
555 539 741 605 ἄνους
773 538 889 594 ὑπὸ
946 538 1192 607 παγίδος
1221 540 1508 593 θανεῖται.
1545 542 1604 592 'U
1625 542 1680 594 δὲ
1710 542 1871 611 άνόηο

2053 542 2262 597 Stultus
2315 555 2491 597 autem
2536 547 2632 599 sub
2675 548 2860 616 laqueo
2928 552 3203 606 morietur.
3251 551 3563 612 lnscnsatns

284 644 377 688 τος
413 627 696 695 συσχεθεὶς
748 629 824 690 ὡς
876 628 983 679 ὑπὸ
1032 627 1257 694 παγίδος
1298 629 1465 696 τινὸς,
1505 631 1605 698 τῆς
1644 632 1771 699 περὶ
1812 632 1880 684 τὰ

286 716 449 769 unus
470 717 590 769 κατ’
616 716 872 786 αἴσθησιν
899 716 1132 787 πλάνης,
1169 717 1247 788 τῷ
1281 718 1403 772 καθ’
1434 720 1712 789 ἁμαρτίαν
1737 722 1875 772 ὀλεῖ-

284 824 377 860 ται
417 808 657 877 Θανάτῳ.

358 926 439 973 ιε’.
477 922 735 986 Σύνεσις
774 921 965 990 ἀγαθὴ
1031 920 1243 975 δίδωσι
1293 922 1491 990 χάριν.
1538 920 1600 975 Ἥ
1646 923 1756 976 τῶν
1802 925 1879 978 δι·

283 1010 595 1064 δασκὸντων
628 1011 938 1082 τελειοτέρα
989 1013 1121 1082 περὶ
1163 1012 1231 1065 τὰ
1262 1013 1380 1065 θεῖα
1426 1013 1706 1084 ἐπιστήμη
1768 1016 1881 1077 τοῖς

283 1102 692 1164 διδασκομένοις
716 1102 868 1167 θείας
902 1102 1161 1171 γνώσεως
1194 1104 1538 1174 μεταδίδωσι.

361 1214 434 1263 To
479 1211 547 1263 δὲ
582 1209 805 1274 γνῶναι
831 1213 1023 1280 νόμον
1082 1212 1350 1277 διανοίας
1399 1211 1572 1265 ἐστίν
1627 1212 1875 1280 ἀγαθῆς.

286 1302 361 1354 Τὸ
392 1301 439 1354 δ’
468 1283 669 1364 αὑτϐυς
699 1299 827 1364 τοὺς
885 1301 1369 1371 μαθητευομένους
1399 1302 1726 1355 καταλαϐεῖν
1772 1302 1880 1355 τῶν

285 1393 697 1463 διδασκομένων
731 1393 917 1457 αὐτοῖς
957 1392 1117 1445 θείων
1148 1392 1380 1445 ἐντολῶν
1412 1394 1511 1456 τὰς
1538 1392 1734 1458 αἰτίας,
1770 1392 1883 1448 δια-

286 1483 436 1547 νοίας
461 1484 614 1537 ἐστὶν
645 1482 1096 1555 εὐθυδρομούσης
1129 1484 1266 1554 πρὸς
1290 1485 1391 1553 τὴν
1420 1483 1698 1553 ἀλήθειαν.

368 1593 527 1647 Ὀδοί
560 1593 630 1646 δὲ
658 1594 1222 1663 καταφρονούντων,
1255 1594 1325 1647 ἐν
1339 1594 1626 1659 ἀπωλείᾳ.
1654 1593 1717 1646 Δί
1748 1593 1885 1662 πρά·

287 1682 399 1748 ξεις
431 1684 490 1737 δὲ
533 1683 643 1736 τῶν
683 1686 817 1756 περὶ
855 1686 956 1748 τὰς
1004 1684 1157 1748 θείας
1196 1685 1416 1747 ὲντολάς
1460 1684 1676 1754 ἀμελῶς
1714 1684 1884 1737 διατι-

287 1776 558 1844 θεμένων,
599 1776 729 1845 περὶ
764 1775 827 1828 τὸ
862 1776 1032 1846 μηδὲν
1076 1776 1494 1845 καταγίνονται·
1545 1777 1604 1829 ἐν
1631 1777 1740 1847 γὰρ
1770 1779 1883 1840 τοῖς

286 1861 408 1919 οὖσι
438 1866 501 1918 τὸ
533 1866 707 1919 κακὸν
737 1867 838 1919 οὐκ
863 1866 1033 1920 ἔστιν.

361 1980 459 2038 ις’.
501 1974 626 2041 Πᾶς
667 1976 1008 2046 πανοῦργος
1059 1975 1322 2044 πράσσει
1361 1977 1512 2045 μετὰ
1577 1977 1870 2047 γνώσεως.

288 2065 470 2128 Ἅπας
504 2068 533 2118 ὁ
556 2066 655 2135 τὴν
695 2068 1057 2139 ὲνεργητικὴν
1080 2068 1272 2122 πασῶν
1297 2068 1405 2122 τῶν
1432 2070 1643 2140 ἀρετῶν
1673 2088 1874 2140 κεκτη-

289 2159 450 2227 μένος
490 2157 780 2228 φρόνησιν,
845 2159 1077 2229 πράττει
1127 2160 1227 2224 τάς
1270 2161 1471 2233 ἀρετὰς
1526 2163 1663 2233 μετὰ
1692 2163 1872 2231 λόγου,

283 2254 583 2321 διακρίνων
607 2254 716 2307 ἀπὸ
750 2254 843 2307 τοῦ
877 2255 1086 2325 ἀγαθοῦ
1117 2257 1179 2311 τὸ
1208 2259 1400 2324 κακὸν,
1431 2260 1523 2313 καὶ
1552 2258 1696 2315 οὕτω
1719 2260 1877 2314 τοῦτο

284 2362 482 2402 ποιων.

369 2455 432 2508 '0
474 2454 543 2508 ee
575 2454 783 2525 ἄφρων
845 2457 1171 2522 ἐξεπέτασε
1220 2460 1334 2529 τὴν
1384 2462 1603 2517 ἑαυτοῦ
1636 2464 1873 2518 κακίαν.

297 2546 357 2601 ’0
395 2548 452 2601 δὲ
486 2549 717 2618 ἀνόητος
743 2548 976 2605 τὸκατά
1006 2552 1245 2606 διάθεσιν
1286 2555 1614 2626 ὲνδομυχοῦν
1647 2560 1705 2610 ἐν
1728 2557 1878 2628 αὑτῷ

283 2638 458 2691 κακὸν
513 2636 827 2707 ὲξήπλωσε,
862 2639 952 2692 διὰ
982 2641 1236 2711 πράξεως
1284 2645 1362 2706 εἰς
1390 2645 1452 2697 τὸ
1481 2646 1712 2717 φανερὸν
1742 2647 1877 2714 ἀγα-

282 2731 421 2801 γῶν.

361 2842 447 2906 ιζ’.
502 2841 803 2909 Βασιλεὺς
850 2844 1081 2913 θρασὺς
1147 2847 1424 2916 ἐμπίπτει
1466 2852 1553 2918 εὶς
1598 2850 1770 2905 κακά.
1820 2850 1877 2905 Ὀ

282 2935 379 2989 τοῦ
434 2937 559 2990 ὅλου
619 2936 913 3007 ἀνθρώπου
968 2940 1320 3008 ἡγεμονεύων
1369 2942 1514 3007 νοῦς,
1563 2945 1610 2997 εί
1662 2944 1737 3015 μὴ
1777 2944 1876 3014 τὴν

285 3029 611 3099 σωματικὴν
654 3029 1041 3097 ἐπιγινώσκων
1086 3033 1369 3089 ἀσθένειαν
1394 3076 1408 3100 ,
1450 3037 1874 3105 συγκαταϐαίνει

282 3122 448 3192 αὐτῇ,
478 3121 897 3192 διεξερχόμενος
923 3125 1024 3193 τὴν
1062 3128 1183 3179 κατ’
1230 3128 1431 3199 ἀρετὴν
1459 3132 1750 3202 μεσότητα,
1799 3130 1874 3195 ὠς

1990 642 2171 687 autem
2228 634 2523 703 impeditus
2570 637 2714 690 velut
2762 638 2814 690 in
2851 641 3181 707 quibusdam
3224 645 3456 708 retibus,
3507 662 3561 698 tn

1986 739 2088 777 suo
2123 724 2269 778 circa
2312 728 2558 780 carnalia
2581 729 2886 783 secundum
2921 748 3147 787 sensum
3181 750 3392 802 errore,
3424 752 3563 790 mor-

1985 823 2037 867 te
2079 816 2381 869 secundum
2415 830 2696 887 peccatum
2722 821 2973 890 disperit.

2058 922 2219 980 Vens.
2267 925 2353 980 15.
2395 925 2650 982 Doctrina
2675 929 2809 983 bona
2844 932 2937 983 dat
2967 937 3219 1001 gratiam.
3266 933 3569 993 l'erl'ectior

1984 1014 2297 1069 docentium
2318 1018 2467 1070 circa
2504 1033 2592 1072 res
2617 1020 2834 1075 divinas
2873 1020 3148 1086 doctrina,
3186 1025 3285 1079 llOS
3314 1028 3409 1095 qui
3458 1029 3571 1083 edi.

1987 1112 2147 1156 scunt
2174 1103 2372 1158 divina!
2401 1106 2642 1161 scicntia:
2674 1108 2970 1179 participes
3004 1110 3151 1164 facit.

2060 1208 2391 1279 Cognoscere
2430 1223 2608 1267 autem
2661 1215 2843 1285 legem,
2880 1219 3243 1288 intelligentia:
3283 1233 3359 1275 est
3396 1226 3562 1279 bome.

1984 1299 2221 1364 Quando
2269 1311 2452 1357 autem
2506 1304 2609 1372 ipsi
2653 1306 2915 1375 discipuli
2952 1312 3431 1378 comprehendunt
3477 1317 3566 1372 Dei

1985 1390 2372 1445 mandatorum
2420 1394 2683 1461 quasillis
2722 1396 2997 1451 docentur
3038 1414 3258 1462 causas,
3303 1403 3565 1457 indicium

1987 1491 2074 1537 est
2106 1482 2485 1553 intelligentia:
2507 1502 2629 1556 qua:
2662 1498 2809 1543 recta
2839 1491 3015 1544 tendit
3045 1493 3111 1545 ad
3150 1496 3459 1551 \eritatem.

2069 1590 2179 1646 Via:
2203 1602 2378 1647 autem
2409 1603 2832 1662 contemptorunt
2870 1598 2923 1651 in
2960 1600 3276 1667 perditione.
3306 1603 3567 1660 Actiones

1988 1685 2207 1739 illorum
2240 1688 2334 1756 qui
2387 1689 2537 1742 circa
2596 1689 2779 1743 divina
2831 1690 3091 1745 mandata
3135 1696 3473 1764 negligenter
3509 1714 3569 1753 se

1990 1777 2214 1841 habent,
2259 1780 2408 1833 circa
2451 1779 2682 1833 nihilum
2735 1790 3055 1848 morantur;
3090 1783 3145 1837 in
3183 1786 3385 1841 talibus
3420 1790 3562 1842 enim

1908 1884 1951 1940 Β
1982 1872 2184 1925 malum
2219 1888 2327 1927 non
2358 1881 2463 1927 est.

2057 1980 2226 2036 Vens.
2285 1980 2372 2034 16.
2432 1981 2620 2036 Omnis
2663 1992 2873 2038 astutus
2916 1985 3027 2055 agit
3068 2002 3189 2040 cum
3235 1989 3565 2060 cognitione.

1980 2074 2174 2129 Omnis
2203 2075 2298 2145 qui
2348 2075 2563 2145 plenam
2607 2078 2857 2132 omnium
2909 2078 3170 2132 virtutum
3224 2080 3456 2152 adeptus
3486 2092 3569 2136 est

1981 2168 2425 2237 intelligentiam,
2478 2168 2711 2225 virtutes
2752 2179 2974 2226 exercet
3009 2187 3135 2226 cum
3210 2176 3445 2241 ratione,
3483 2179 3568 2231 di-

1981 2258 2217 2313 scrimen
2267 2273 2433 2329 agens
2458 2258 2584 2313 boni
2618 2268 2672 2314 et
2712 2261 2861 2327 mali,
2914 2262 3104 2331 sicque
3142 2264 3274 2321 illud
3339 2266 3563 2323 faciens.

2052 2463 2159 2531 Qui
2190 2473 2369 2517 autem
2411 2465 2611 2517 stultus
2644 2474 2747 2529 est,
2781 2467 3029 2535 patefecit
3062 2476 3217 2524 suam
3256 2475 3565 2543 nequitiam.

1979 2554 2297 2613 lnsensatus
2362 2565 2545 2612 autem
2605 2560 2947 2614 reconditnrn
3013 2562 3064 2616 in
3124 2566 3321 2618 animo
3367 2572 3566 2621 malum

1984 2650 2271 2720 patefacit,
2313 2666 2408 2720 per
2437 2652 2709 2707 actionem
2754 2653 2885 2707 illud
2922 2656 3100 2724 palam
3152 2660 3467 2715 ostendens.

2052 2848 2221 2904 Vsus.
2276 2851 2360 2905 17.
2398 2849 2510 2905 Rex
2542 2852 2727 2904 audax
2773 2854 2915 2906 cadit
2951 2855 3003 2907 in
3046 2857 3211 2909 mala.
3253 2856 3404 2915 Mens
3451 2878 3570 2931 qua:

1980 2946 2155 2994 totum
2214 2941 2486 2997 hominem
2506 2945 2662 3013 regit,
2684 2943 2789 2997 nisi
2824 2948 3377 3016 corpurisdebilitati,
3405 2968 3567 3022 quam

1984 3032 2290 3103 cognoscit,
2322 3035 2597 3099 consulat,
2617 3036 2854 3091 mediam
2883 3038 2937 3092 in
2972 3040 3179 3096 virtute
3206 3044 3348 3098 viam
3380 3060 3566 3101 recur-

1980 3139 2131 3190 rens,
2181 3142 2243 3180 ex
2295 3125 2469 3180 nimia
2514 3127 2743 3181 audacia
2794 3130 2945 3185 cadit
2988 3132 3040 3186 in
3091 3133 3439 3193 tlillii-ultates
3497 3142 3568 3196 ob

286 3214 603 3285 παράϐολος
632 3214 959 3285 περιπίπτει
984 3218 1099 3280 τοῖς
1129 3218 1253 3271 καθ’
1282 3220 1593 3292 ὑπερϐολὴν
1618 3223 1714 3293 τῆς
1740 3224 1871 3295 ἀρε-

1981 3218 2453 3290 exaggerationcm
2476 3222 2693 3278 virtutis
2721 3236 2771 3274 Ol
2789 3231 2891 3279 tas.

283 3303 388 3373 τῆς
426 3304 681 3358 πάθεσιν.

360 3416 648 3484 Ἀγγελος
678 3415 747 3470 δὲ
772 3418 966 3487 σοφὸς
1021 3421 1232 3487 ῥύεται
1267 3422 1472 3474 αὐτόν.
1519 3421 1880 3477 Ἀπαλλάττει

284 3508 345 3561 δὲ
374 3509 538 3561 αὐτὸν
565 3508 662 3563 τοῦ
696 3512 946 3564 τοιούτου
984 3513 1260 3577 κινδύνου,
1293 3516 1320 3566 ὁ
1349 3514 1447 3584 τῆς
1472 3514 1715 3584 μεγάλης
1759 3516 1882 3585 βου-

284 3599 385 3667 λῆς
412 3599 509 3652 τοῦ
545 3600 761 3672 Πατρὸς
796 3602 1066 3670 Ἀγγελος
1100 3619 1114 3634 ·
1145 3606 1173 3656 ὁ
1196 3603 1355 3672 σοφὸς
1389 3604 1574 3676 ἰατρὸς
1597 3606 1707 3658 τῶν
1739 3607 1879 3677 ἡμε-

283 3691 464 3764 τέρων
491 3692 683 3763 ψυχῶν
733 3693 869 3757 Θεὸς
908 3695 1102 3763 Λόγος,
1158 3696 1459 3768 συγχωρῶν
1494 3698 1658 3753 αὑτὸν
1696 3701 1877 3753 ποικί-

285 3784 400 3849 λοις
426 3789 752 3856 περιπεσεῖν
791 3788 1062 3841 πάθεσιν·
1106 3788 1193 3843 ἴνα
1226 3790 1372 3862 μάθῃ
1408 3796 1874 3864 ταπεινοφρονεῖν,

290 3877 383 3931 καὶ
424 3878 501 3946 μὴ
527 3880 594 3948 τῇ
636 3878 879 3950 διακένῳ
914 3878 1041 3951 δόξῃ
1070 3881 1491 3950 ὲμματαιάζειν.

359 3993 454 4057 ιη’.
512 3988 737 4041 Πενίαν
793 3987 893 4041 καί
950 3990 1191 4060 ἀτιμίαν
1235 3990 1565 4059 ἀφαιρεῖται
1618 3992 1874 4050 παιδεία.

296 4077 359 4130 Ἦ
415 4076 527 4130 τῶν
572 4076 845 4131 ἀκουσίων
898 4079 1076 4132 πόνων
1141 4081 1406 4152 ἐπαγωγὴ
1437 4122 1452 4145 ,
1493 4082 1589 4153 τὴν
1653 4084 1879 4157 σύντρο-

286 4192 385 4242 φον
426 4177 491 4244 τῇ
542 4173 668 4227 καθ’
716 4173 911 4245 ἡδονὴν
958 4158 1218 4228 στενώσει
1262 4176 1519 4253 στέρησιν
1559 4178 1653 4231 τοῦ
1711 4196 1877 4232 πνευ-

284 4261 522 4332 ματικοῦ
596 4262 870 4326 πλούτου,
948 4264 1044 4316 καὶ
1102 4265 1169 4319 τὰ
1229 4266 1525 4336 ἀτιμοποιά
1578 4268 1725 4339 πάθη
1780 4287 1876 4322 πε-

288 4355 495 4423 ριαιρεῖ
522 4368 535 4381 ·
596 4353 657 4407 τὸ
703 4354 948 4418 συνειδὸς
980 4355 1345 4427 ,διεγείρουσα
1396 4358 1474 4420 είς
1516 4357 1736 4429 ἔλεγχον
1783 4353 1875 4411 τοῦ

224 4462 231 4470 “
282 4462 483 4499 κακον.

2059 3421 2296 3478 Nuntius
2332 3434 2511 3479 autem
2539 3429 2749 3494 sapiens
2786 3429 2971 3484 liberat
2995 3448 3134 3489 eum.
3165 3436 3419 3494 Custodit
3450 3458 3508 3498 se
3536 3461 3563 3496 a

1982 3512 2146 3566 simili
2186 3514 2431 3582 periculo
2468 3516 2650 3585 magni
2684 3519 2902 3573 consilii
2938 3524 3114 3590 patris
3149 3525 3428 3597 Angelus;
3479 3548 3566 3589 sa-

1982 3606 2138 3675 piens
2168 3615 2485 3662 nostrarum
2523 3610 3126 3680 animarummedicus,
3152 3617 3296 3675 Deus
3316 3625 3562 3690 verbum,

1987 3696 2312 3762 permittens
2344 3714 2402 3753 se
2434 3700 2605 3755 variis
2650 3702 2887 3758 motibus
2915 3707 3135 3776 agitari,
3166 3721 3221 3764 ut
3243 3711 3438 3769 doceat
3466 3733 3566 3773 nos

1986 3787 2273 3843 humiliter
2315 3789 2546 3855 sentire,
2579 3806 2756 3861 neque
2789 3795 2936 3849 inani
2977 3798 3147 3865 gloria
3182 3801 3380 3858 inﬂari.

2053 3991 2226 4049 Vens.
2264 3994 2350 4049 18.
2393 3993 2781 4065 Paupertatem
2809 4009 2857 4052 et
2890 4001 3236 4071 ignominiam
3279 4008 3454 4076 aufert
3481 4010 3567 4064 di-

1983 4086 2230 4153 sciplina.
2270 4085 2558 4143 IErumnze
2584 4105 2706 4159 quae
2750 4091 3013 4149 invadunt
3058 4096 3277 4164 invitos.
3325 4103 3565 4159 animum

1985 4176 2189 4245 gaudio
2226 4178 2391 4232 simul
2424 4181 2810 4248 spiritualibus
2854 4183 3061 4242 divitiis
3101 4190 3374 4257 privatam
3427 4196 3570 4252 ditc-

1982 4278 2167 4333 scunt,
2222 4269 2537 4339 vilibusque
2586 4284 2823 4342 purgant
2869 4281 3246 4349 passionibus,
3279 4289 3567 4343 conscien—
3610 4323 3614 4328 -

1982 4358 2114 4412 tiam
2149 4360 2443 4417 excitando
2488 4363 2542 4416 in
2577 4366 3065 4441 reprehensionem
3096 4375 3246 4429 mali.

364 4553 430 4626 ξΟ
480 4552 548 4621 δὲ
610 4552 955 4623 φυλάσσων
1014 4554 1341 4625 ἐλέγχους,
1406 4557 1869 4625 δοξασθήσεται.

2055 4557 2161 4623 Qui
2186 4568 2362 4615 autem
2394 4562 2823 4630 reprehensiones
2859 4569 3121 4634 observat,
3153 4574 3566 4643 glorificubilur.

297 4643 358 4696 '0
391 4643 449 4696 δὲ
499 4645 629 4707 τοὺς
681 4644 790 4697 τῶν
828 4644 1006 4698 πόνων
1053 4646 1331 4715 ἐλέγχους,
1382 4648 1457 4719 μὴ
1491 4650 1559 4702 δι’
1583 4650 1874 4721 ὀλιγωρίαν

282 4734 560 4797 ἀπόλλων,
610 4734 747 4788 ἀλλὰ
809 4737 1092 4809 συντηρῶν
1137 4738 1358 4799 τούτους
1417 4741 1547 4813 παρ’
1580 4741 1758 4811 ἑαυτῷ
1807 4743 1875 4795 δι’

278 4826 612 4897 εὐχαρίστου
660 4827 963 4899 ὑπομονῆς,
1015 4827 1115 4899 τῆς
1166 4829 1319 4902 παρά
1361 4830 1482 4903 Θεῷ
1512 4832 1758 4898 τεύξεται
1792 4834 1872 4887 δύο

277 4918 404 4987 En:-

352 5025 441 5080 ιθ’.
511 5026 855 5095 Ἐπιθυμίαι
928 5028 1215 5097 εὐσεϐῶν,
1275 5031 1571 5098 ἡδύνουσι
1640 5035 1872 5103 ψυχήν.

274 5119 346 5173 Δί
382 5116 513 5189 περὶ
562 5118 625 5170 τὸ
680 5118 888 5187 ἀγαθὸν
934 5120 1153 5189 ἐφέσεις
1203 5121 1312 5175 τῶν
1358 5123 1752 5195 άγαθοεργίαις
1792 5144 1873 5179 τι-

282 5209 516 5283 μώντων
545 5209 704 5277 Θεὸν,
735 5213 801 5282 τῇ
854 5211 1049 5266 τούτου
1080 5214 1337 5286 ἐπιτυχίᾳ
1372 5216 1729 5287 εὐφραίνουσι
1767 5218 1874 5288 ψυ-

276 5304 402 5376 χήν.

354 5394 547 5466 Ἔργα
612 5396 682 5451 δὲ
754 5397 1031 5465 ἀσεϐῶν,
1110 5406 1343 5470 μακρὰν
1399 5402 1519 5456 ἀπὸ
1577 5403 1871 5473 γνώσεως.

273 5492 344 5545 Al.
396 5491 453 5543 δὲ
509 5490 738 5561 πράξεις
814 5492 926 5545 τῶν
987 5493 1062 5565 μὴ
1128 5494 1270 5547 οὕτω
1323 5496 1611 5567 τιμώντων
1678 5499 1869 5563 αὑτὸν,

273 5586 472 5658 nepam
534 5584 635 5654 τῆς
672 5584 769 5638 τοῦ
819 5586 1029 5653 ἀγαθοῦ
1072 5591 1179 5642 εισι
1232 5588 1509 5658 γνώσεως,
1568 5592 1643 5655 ὡς
1690 5594 1874 5661 ἄλογοι

273 5678 373 5731 καὶ
441 5677 661 5747 ἀπάτης
721 5678 960 5748 μεσταί*
1018 5680 1312 5734 κάντεῦθεν
1369 5685 1585 5748 πάντως
1643 5685 1729 5739 διὰ
1777 5687 1874 5759 τὴν

271 5766 372 5823 τοῦ
418 5765 596 5821 κακοῦ
646 5770 889 5838 πεῖρανλ
918 5767 1193 5823 θλίϐουσιν
1252 5770 1318 5823 ἐκ
1372 5772 1734 5843 μεταμελείας
1769 5773 1872 5843 ψυ-

270 5861 399 5933 χήν’
615 5952 895 6015 Ριτῐιοι.
944 5954 1061 6016 Gn.
1110 5954 1470 6018 Lxxxvu.

1982 4649 2085 4716 Qui
2132 4655 2397 4709 a‘runrnis
2430 4657 2705 4713 excitatos
2742 4663 3109 4720 conscientia:
3149 4670 3404 4726 stimulos
3455 4689 3566 4729 non

1982 4746 2391 4816 parvipendens
2429 4751 2713 4833 opprimit,
2751 4753 2845 4815 sed
2885 4757 3029 4825 apud
3063 4773 3123 4814 se
3158 4758 3305 4817 fovet
3338 4775 3493 4832 grato
3514 4778 3567 4823 et

1981 4839 2261 4892 constanti
2315 4841 2539 4907 animo,
2599 4843 2704 4908 sibi
2757 4846 2899 4914 apud
2972 4847 3141 4904 Deum
3220 4860 3567 4925 comparabit

1979 4929 2214 4986 Iaudem.
2279 4969 2287 4975 -

2049 5040 2218 5095 Vens.
2262 5041 2348 5096 l9.
2404 5042 2678 5100 Desideria
2726 5049 2935 5115 piorum
2980 5051 3259 5122 lwtiﬁcant
3303 5062 3563 5118 animam.

1978 5129 2159 5184 Animi
2206 5132 2260 5185 in
2300 5132 2503 5188 bonum
2550 5138 2791 5209 impetus
2836 5141 2890 5195 in
2934 5142 3022 5197 his
3055 5147 3148 5214 qui
3187 5148 3348 5205 bonis
3384 5156 3566 5222 aperio

1980 5223 2084 5278 ltus
2138 5217 2429 5281 honorant
2469 5228 2672 5297 Deum,
2728 5232 2873 5288 felici
2927 5237 3077 5291 exitu
3124 5217 3567 5301 delectant-ani-

1979 5330 2143 5369 mum.

2052 5408 2225 5477 Opera
2262 5421 2450 5467 'autem
2478 5413 2761 5484 impiorum
2802 5418 2953 5492 longe
2974 5440 3006 5476 a
3036 5425 3275 5481 scientia.
3307 5430 3567 5502 Actiones

1978 5513 2107 5553 vero
2156 5501 2373 5557 illorum
2420 5507 2512 5575 qui
2588 5524 2698 5562 non
2737 5510 2810 5563 ita
2852 5513 3125 5567 honorant
3174 5516 3369 5585 Detun,
3406 5521 3567 5590 longe

1978 5599 2112 5643 sunt
2141 5605 2171 5643 a
2204 5594 2516 5662 cognitione
2554 5598 2704 5663 boni,
2756 5608 3018 5673 tanquam
3056 5607 3267 5664 ratione
3314 5625 3569 5670 carentes

1978 5691 2025 5734 et
2059 5696 2247 5738 errore
2278 5685 2492 5755 plenas;
2527 5700 2581 5742 et
2613 5690 2735 5746 ideo
2765 5694 2837 5748 ob
2868 5698 3225 5755 tentationem
3249 5703 3398 5771 ntali,
3424 5722 3571 5763 scm-

1981 5789 2081 5844 per
2113 5787 2408 5835 conterunt
2439 5784 2682 5840 animam
2722 5789 3061 5857 pcenitentia.

3161 5986 3236 6051 43
