4220 6462
708 405 848 468 1355

699 607 800 657 erit
828 605 948 674 ,‘qui
976 614 1152 657 autem
1178 604 1417 654 ambulat
1452 619 1569 653 cum
1595 603 1906 667 iusensatis,
1932 615 2293 672 cognoscetur.

700 696 804 759 Qui
836 696 900 749 ad
942 693 1341 763 perfectionem
1372 701 1688 763 praeeuntes
1710 692 2290 763 magistrosimitatur,

699 786 992 857 pet-femus
1023 787 1189 840 etiam
1222 786 1351 849 erit,
1386 786 1751 840 assimilando
1781 800 1841 841 se
1868 800 1993 840 cmn
2026 787 2159 841 illis.
2189 784 2294 852 Qui

694 892 833 932 vero
864 893 991 932 cum
1046 878 1348 931 insensatis
1377 891 1549 942 errat,
1602 879 1702 931 etsi
1745 876 2018 931 occultari
2059 879 2291 941 nitatur,

706 985 876 1039 opera
917 969 1267 1023 tenebrarum
1306 966 1538 1034 iaciens,
1597 981 1882 1037 nunquam
1936 968 2166 1021 omnino
2201 982 2293 1021 0c-

708 1061 893 1113 rultus
921 1075 1045 1114 eSse
1072 1059 1277 1128 poterit
1303 1076 1316 1122 ;
1344 1058 1938 1128 divulgabunturenim
1967 1057 2089 1128 ejus
2116 1058 2291 1112 actio-

704 1167 800 1206 nes
840 1153 894 1204 in
933 1150 1227 1206 metuendo
1264 1150 1552 1205 tribunali.

763 1354 933 1411 Vens.
968 1335 1059 1409 2i.
1087 1354 1403 1409 Peccatores
1432 1355 1767 1425 persequitur
1786 1353 2012 1407 malum.
2041 1351 2154 1408 llos
2190 1352 2287 1423 qui

685 1447 873 1500 divina
922 1445 1180 1499 mandata
1226 1446 1796 1515 prsetergrediuntur,
1838 1452 2044 1500 azterua
2091 1458 2285 1515 perse-

683 1546 931 1608 quentur
968 1538 1262 1608 supplicia.

750 1646 927 1699 Iustis
954 1656 1132 1699 autent
1163 1645 1527 1699 retribuentur
1555 1645 1715 1698 bona.
1748 1643 1861 1700 Hos
1894 1659 2030 1700 vero
2053 1646 2149 1716 qui
2186 1644 2282 1699 illa

681 1747 952 1802 servant,
997 1748 1206 1792 aterna
1256 1737 1403 1791 bona
1444 1737 1761 1807 excipient;
1803 1738 2042 1806 .quaudo
2092 1739 2281 1807 justus

677 1828 853 1884 ludes
899 1831 1204 1885 secundum
1230 1830 1428 1885 merita
1463 1830 1666 1900 cuique
1703 1830 2053 1885 retribuerit.

750 2038 923 2095 Vnus.
964 2040 1054 2094 9.2.
1099 2039 1287 2095 Bonus
1311 2040 1392 2094 uir
1420 2040 1741 2095 lnereditare
1770 2040 1930 2109 faciet
1962 2041 2105 2111 ﬁlios
2134 2042 2283 2110 ﬁlio-

679 2150 820 2189 rum.
855 2134 961 2201 Qui
1004 2145 1200 2217 natura
1260 2146 1345 2190 est
1380 2136 1579 2202 bonus,
1611 2144 1875 2206 tanquam
1901 2133 2283 2207 Deus,unige—

677 2230 824 2281 uitus
859 2227 1034 2284 Filius
1065 2238 1118 2283 et
1144 2228 1383 2285 Verbum
1423 2230 1515 2284 Dei
1555 2238 1608 2284 et
1647 2227 1827 2284 Patris
1858 2238 2078 2295 natura,
2102 2228 2281 2285 lactus

678 2323 863 2379 homo.
900 2322 1211 2391 possidebit
1237 2322 1381 2376 ﬁlios
1413 2321 1738 2391 spirituales
1766 2321 1968 2376 divina:
1999 2335 2114 2377 sua:
2137 2335 2280 2390 prae-

676 2412 998 2476 dicationis,
1041 2423 1269 2468 sanctos
1306 2412 1519 2466 scilicet
1550 2412 1858 2482 discipulos
1881 2424 2016 2467 suos
2050 2421 2107 2466 et
2142 2425 2277 2481 apo-

679 2504 881 2569 stolos,
924 2513 977 2559 et
1022 2505 1244 2559 illorum
1279 2504 1446 2568 ﬁlios.
1488 2520 1631 2573 quos
1663 2505 1751 2559 isti
1790 2519 1887 2575 per
1918 2502 2276 2575 Evangelium
2308 2515 2319 2525 '

674 2610 1026 2667 gentiernnt;
1062 2613 1187 2653 cum
1224 2600 1297 2651 ita
1326 2599 1717 2652 transmissum
1744 2598 1817 2652 sit
1841 2597 2132 2651 bonuinex
2154 2595 2276 2665 ipso

673 2707 771 2760 per
800 2692 1217 2746 successionem
1254 2691 1307 2743 in
1341 2705 1535 2745 omnes
1565 2690 1863 2745 credentes
1893 2690 1946 2744 in
1980 2689 2185 2759 ipsum,
2223 2696 2277 2742 et

671 2784 1038 2839 observantes
1062 2791 1257 2838 sancta
1296 2782 1471 2853 ipsius
1501 2780 1778 2836 mandata.

742 2965 1207 3018 Tltesanrizanlur
1252 2974 1432 3017 autem
1478 2964 1649 3033 justis
1700 2965 1904 3020 divitia:
1961 2969 2269 3039 impiorum.

666 3059 817 3124 Quos
879 3070 937 3113 ut
999 3059 1265 3129 quasdam
1322 3059 1549 3113 divitias
1609 3061 1978 3129 possederunt
2029 3064 2270 3133 pessima

669 3153 837 3207 [leum
877 3170 986 3207 non
1037 3152 1281 3207 calentia
1324 3153 1621 3219 dxmonia,
1646 3168 1905 3222 quosque
1946 3171 2041 3226 per
2075 3158 2262 3211 dolum

664 3247 768 3301 sibi
805 3248 1201 3308 coneiliarnnt,
1235 3256 1287 3299 et
1310 3246 1513 3315 quibus
1550 3255 1781 3300 utuntur
1817 3248 1883 3301 ad
1918 3264 2136 3303 omnem
2168 3267 2256 3305 νο·
2290 3244 2332 3300 C

662 3341 899 3394 luntatis
935 3356 1050 3395 sum
1087 3340 1332 3402 libitum,
1359 3340 1410 3393 lii
1451 3339 1661 3394 sanetis
1696 3338 1952 3396 Patribus
1983 3352 2036 3397 et
2069 3344 2266 3398 docto-

661 3436 818 3489 ribus
864 3432 1382 3501 atljudicabuntur,
1419 3431 1494 3484 ita
1537 3439 1597 3484 ut
1646 3432 2048 3488 dremoniorum
2086 3439 2264 3490 servi-

662 3537 776 3579 tute
822 3525 870 3579 vi
925 3525 1241 3577 eximantur
1282 3523 1515 3590 abillis,
1547 3525 1620 3577 ita
1664 3526 1898 3581 ditiores
1932 3526 2264 3584 facientibus

660 3635 797 3675 suos
830 3617 1164 3687 discipulos,
1192 3625 1247 3671 et
1289 3616 1356 3671 ad
1394 3617 1566 3671 Deum
1602 3617 2040 3674 addueentibus.

733 3730 898 3785 Vens.
945 3728 1035 3784 25.
1070 3727 1220 3781 Justi
1252 3728 1454 3796 facient
1498 3730 1552 3782 in
1602 3728 1805 3783 divitiis
1842 3748 2009 3786 annos
2042 3734 2259 3789 multos.

663 3826 726 3882 lli
761 3824 1200 3905 quiseeuudum
1251 3822 1477 3879 divinas
1531 3823 1679 3895 leges
1723 3825 1951 3896 degunt,
2005 3830 2261 3883 incorru-

666 3918 891 3988 ptibiles
936 3912 1242 3969 secundum
1291 3913 1552 3967 virtutem
1583 3922 1639 3967 et
1697 3915 1986 3969 scientiam
2033 3915 2259 3974 divitias

656 4011 867 4082 adepti,
905 4011 959 4064 in
987 4008 1204 4063 inlinita
1234 4007 1437 4062 smcula
1466 4007 1591 4062 illas
1616 4018 1968 4063 conservant.

732 4238 934 4308 lnjusti
986 4246 1165 4291 autem
1202 4235 1422 4304 perdent
1455 4235 1713 4288 celeriter.
1747 4232 1852 4301 Qui
1889 4245 2094 4304 autem,
2125 4238 2254 4294 dum

654 4334 757 4387 bos
781 4332 1132 4394 insimulant,
1161 4330 1214 4382 in
1247 4330 1365 4383 sola
1385 4328 1773 4397 corruptibilis
1800 4336 1977 4383 totum
2000 4333 2254 4389 ardorem

650 4432 947 4482 exercent,
988 4421 1144 4475 brevi
1183 4435 1282 4489 per
1311 4427 1541 4472 mortem
1594 4417 1827 4473 caducis
1864 4422 2253 4491 privabuntur,

658 4516 874 4570 divitiis
901 4522 953 4567 et
985 4514 1090 4583 ipsi
1124 4510 1657 4567 condemnabuntur
1682 4508 1751 4563 ad
1781 4512 2177 4580 perditionem.

720 4736 892 4791 Vens.
925 4733 1018 4788 94.
1055 4732 1164 4800 Qui
1188 4732 1363 4801 parcit
1392 4746 1507 4785 sure
1529 4730 1713 4801 virgte,
1739 4729 1852 4785 odit
1881 4731 2054 4800 ﬁlium
2072 4748 2247 4787 suum.

645 4832 750 4899 Qui
786 4831 958 4884 lilium
1006 4843 1168 4883 suum
1198 4840 1326 4881 cum
1376 4825 1597 4878 ratione
1640 4839 1751 4879 non
1802 4823 2057 4895 castigat,
2098 4826 2250 4896 virga

646 4924 992 4981 conﬁrmans
1027 4934 1155 4975 cum
1201 4920 1254 4973 in
1277 4906 1447 4984 bono,
1484 4917 1626 4972 male
1651 4932 1713 4974 se
1740 4916 1910 4973 habet
1944 4933 2072 4989 erga
2096 4934 2247 4987 eum,

644 5018 774 5089 quia
811 5013 1054 5086 negliget
1087 5010 1238 5083 quod
1278 5008 1326 5064 ei
1352 5008 1599 5080 prodest.

714 5222 819 5289 Qui
840 5232 1020 5275 autem
1047 5226 1215 5282 amat,
1246 5213 1534 5284 diligenter
1554 5214 1753 5270 erudit.
1779 5213 1882 5282 Qui
1915 5225 2097 5272 autem
2117 5229 2245 5286 erga

644 5318 818 5372 lilium
855 5316 998 5369 bene
1040 5328 1099 5367 se
1128 5310 1321 5377 habet,
1350 5307 1591 5364 sollicite
1618 5308 1767 5379 angit
1792 5326 1917 5363 eum
1954 5318 2009 5363 ut
2034 5316 2247 5365 avertat

644 5430 675 5467 ιι
717 5411 901 5475 malis,
935 5417 990 5463 ct
1030 5407 1216 5478 arguit
1258 5413 1318 5460 ut
1347 5402 1590 5460 adducat
1618 5404 1685 5458 ad
1715 5404 1882 5459 bona.

728 5609 893 5665 Vens.
931 5609 1023 5665 ‘25.
1061 5608 1253 5665 Justus
1284 5609 1563 5663 comedens
1595 5607 1777 5675 implet
1802 5607 2041 5661 animant
2064 5624 2241 5664 suam.

644 5705 750 5774 Qui
805 5705 1112 5761 secundum
1160 5703 1308 5773 leges
1359 5702 1579 5757 divinas
1625 5700 1796 5772 degit,
1846 5716 1985 5770 pane
2030 5703 2243 5757 ccclesti

641 5799 909 5867 nutritus,
957 5797 1258 5855 satiabitur
1283 5786 1410 5853 eum
1448 5795 1773 5867 apparuerit
1803 5794 1884 5853 illi
1914 5794 2088 5868 gloria
2122 5794 2240 5853 Dei.

2054 406 2402 465 PllOCUPll
2437 409 2681 473 GAZ/EI

778 514 944 569 Vens.
976 515 1067 568 20.
1114 512 1224 578 Qui
1265 511 1514 566 ambulat
1554 528 1672 565 cum
1706 512 2053 579 sapientibus,
2090 516 2298 582 sapiens
2331 520 2371 571 A

2302 1874 2352 1935 B

2473 520 2539 576 κ’.
2588 524 2639 575 '0
2669 528 3203 597 συμπορευόμενος
3238 533 3452 599 σοφοῖς
3474 571 3487 596 ,
3537 535 3730 603 σοςεές
3776 536 3951 589 ἔσται
3985 558 3998 570 ·

2399 616 2432 666 ό
2460 614 2529 666 δὲ
2576 620 3108 687 συμπορευόμενος
3150 623 3395 693 ἄφροσι,
3445 630 3884 693 γνωσθήσεται.
3937 631 4002 683 Ὀ

2397 706 2528 770 τοὺς
2562 710 2644 771 εἰς
2679 710 3000 781 τελειότητα
3043 714 3361 783 φθάσαντας
3390 718 3745 783 διδασκάλους
3788 724 3999 793 μιμοῦ-

2398 817 2582 868 μενος,
2612 802 2820 866 τέλειος
2850 805 2943 856 καὶ
2969 805 3131 868 αὐτὸς
3169 806 3341 868 ἔσται,
3375 810 3717 880 ἀφομοιὼσει
3759 817 3823 883 τῇ
3854 816 4000 887 πρὸς

2395 891 2628 957 αὐτούς’
2661 896 2689 947 ὁ
2731 894 2789 947 δὲ
2843 898 2957 960 τοῖς
3007 898 3292 962 ἁσυνέτοις
3344 902 3829 973 συναπατώμενος,
3887 907 3997 959 κᾶν

2393 981 2686 1037 λανθάνειν
2732 986 3013 1057 ἐπιχειρῇ,
3062 989 3129 1041 τὰ
3174 989 3315 1058 ἔργα
3364 991 3461 1044 τοῦ
3517 993 3744 1057 σκότους
3788 996 3993 1062 ποιῶν,

2392 1075 2508 1128 ἀλλ’
2535 1076 2638 1129 οὐκ
2687 1078 2768 1139 είς
2820 1078 2971 1131 ἅπαν
3013 1078 3199 1131 λαθεῖν
3254 1081 3494 1151 δυνηθῇ·
3529 1084 3993 1157 δημοσιευθήσον-

2390 1184 2481 1220 ται
2514 1168 2623 1239 γὰρ
2670 1169 2725 1221 αί
2757 1169 2954 1224 τούτου
3004 1172 3233 1244 πράξεις
3280 1174 3375 1227 ἐπὶ
3406 1174 3503 1227 τοῦ
3541 1177 3779 1249 φοϐεροῦ
3809 1179 3996 1251 βήμα-

2388 1276 2502 1323 τος.

2458 1368 2566 1424 κα’.
2627 1369 3102 1440 Ἀμαρτάνοντας
3151 1372 3582 1439 καταδιώξεται
3628 1379 3806 1433 κακά.
3861 1381 3993 1445 Τοῖς

2385 1458 2485 1520 τὰς
2511 1459 2665 1522 θείας
2706 1462 2930 1526 ἐντολὰς
2977 1462 3416 1533 παραϐαίνουσιν
3446 1468 3503 1519 al
3536 1467 3749 1522 αὶώνιοι
3778 1473 3994 1525 ἐπακο-

2384 1551 2712 1623 λουθήσουσι
2738 1553 3014 1618 κολάσεις.

2459 1661 2607 1728 Τοὺς
2629 1661 2698 1715 δὲ
2725 1662 3001 1729 δικαίους
3038 1663 3455 1732 καταλήψεται
3503 1664 3719 1736 ἀγαθά.
3758 1669 3899 1734 Τοὺς
3927 1672 3991 1725 δὲ

2385 1751 2687 1822 τηροῦντας
2718 1754 3001 1819 αὐτὰς,τὰ
3043 1755 3241 1810 αίώνια
3278 1756 3466 1824 ἁγαθὰ
3503 1759 3815 1830 καταλάὸῃ,
3847 1763 3991 1815 ὅταν

2383 1844 2603 1907 πάντως
2634 1847 2663 1898 ό
2713 1844 2927 1909 δίκαιος
2971 1848 3168 1917 κριτὴς
3210 1848 3334 1900 κατ’
3365 1847 3525 1913 ἁξίαν
3554 1850 3806 1921 ὑπονέμῃ
3851 1853 3992 1905 ἑκά-

2386 1955 2516 2012 στῳ.

2454 2053 2559 2125 κβ’.
2600 2055 2839 2124 Ἀγαθός
2897 2056 3055 2127 ἀνὴρ
3100 2058 3551 2128 κληρονομήσει
3592 2058 3766 2125 υίοὺς
3814 2057 3988 2115 υιῶν.

2396 2144 2457 2200 '0
2484 2146 2643 2217 φύσει
2667 2148 2896 2217 ἀγαθὸς,
2924 2149 2999 2214 ὡς
3022 2150 3177 2216 Θεὸς,
3204 2152 3502 2222 μονογενὴς
3534 2151 3665 2215 Υίὸς
3693 2153 3788 2205 καὶ
3808 2153 3992 2221 Λόγος

2380 2240 2476 2295 τοῦ
2519 2242 2658 2295 Θεοῦ
2694 2244 2788 2297 καὶ
2836 2244 3055 2316 Πατρδς
3097 2245 3282 2316 φύσει,
3333 2247 3629 2316 γενόμενος
3668 2246 3990 2318 ἄνθρωπος.

2382 2336 2648 2406 κτήσεται
2700 2335 2869 2390 τέκνα
2914 2354 2973 2391 τε
3008 2339 3359 2409 πνευματικὰ
3391 2339 3494 2409 τῆς
3547 2337 3835 2407 θειοτάτης
3881 2340 3993 2392 αὐ-

2380 2426 2474 2480 τοῦ
2525 2428 2904 2495 διδασκαλίας,
2957 2432 3084 2493 τοὺς
3131 2431 3321 2499 ἁγίους
3369 2429 3540 2484 αὑτοῦ
3592 2431 3850 2501 μαθητὰς
3885 2432 3992 2485 καὶ

2378 2523 2736 2587 ἀποστόλους,
2784 2524 2879 2577 καὶ
2930 2524 3139 2577 τούτων
3185 2527 3375 2587 τέκνα,
3418 2523 3512 2588 οὓς
3561 2524 3785 2589 πάντως
3832 2519 3990 2579 οῦτοι

2378 2612 2465 2666 διὰ
2491 2614 2585 2666 τοῦ
2611 2615 2946 2683 Εὐαγγελίου
2973 2616 3273 2686 ἐγέννησαν
3300 2632 3311 2643 ·
3330 2614 3702 2686 διαδιδομένου
3726 2615 3820 2667 τοῦ
3845 2615 3989 2682 ἁγαο

2378 2703 2472 2757 θοῦ
2510 2705 2568 2769 ἐξ
2602 2705 2789 2769 αὑτοῦ,
2843 2707 2984 2759 κατὰ
3036 2706 3290 2776 διαδοχὰς
3330 2706 3413 2769 είς
3460 2707 3674 2768 πάντας
3724 2705 3853 2768 τοὺς
3888 2724 3986 2758 πι-

2379 2798 2671 2861 στεύοντας
2708 2816 2764 2851 τε
2797 2800 2877 2862 εἰς
2902 2800 3083 2864 αὑτὸν,
3118 2802 3209 2852 καὶ
3240 2798 3545 2870 τηροῦντας
3569 2799 3669 2863 τὰς
3698 2798 3862 2866 ἁγίας
3890 2799 3989 2851 αῦ-

2376 2892 2469 2945 τοῦ
2498 2893 2738 2956 ἐντολάς.

2449 3001 2877 3071 Θησαιορίζεται
2928 3002 2997 3055 δὲ
3059 3002 3317 3068 δικαίοις
3369 3002 3643 3069 πλοῦτος
3706 3001 3979 3056 ἀσεϐῶν.

2374 3094 2480 3159 Οὓς
2509 3095 2553 3148 δ’
2582 3095 2656 3158 ὣς
2680 3114 2799 3148 τινα
2830 3094 3061 3148 πλοῦτον
3089 3095 3395 3165 ἐκτήσαντο
3418 3096 3466 3147 οἱ
3495 3094 3630 3147 Θεὸν
3668 3095 3743 3166 μὴ
3767 3095 3982 3165 τιμῶν-

2373 3204 2464 3251 τες
2498 3188 2863 3257 πονηρότατοι
2893 3187 3172 3257 δαίμονες,
3193 3186 3614 3258 οἰκειωσάμενοί
3654 3203 3715 3239 τε
3744 3186 3811 3239 δι’
3837 3187 3985 3239 ἁπά-

2371 3298 2488 3350 της,
2519 3282 2611 3333 καὶ
2642 3282 2919 3352 χρώμενοι
2958 3279 3173 3342 τούτοις
3213 3280 3349 3351 πρὸς
3381 3281 3488 3333 πᾶν
3522 3280 3583 3332 τὸ
3621 3281 3809 3343 αὐτοῖς
3851 3280 3985 3349 βου-

2370 3374 2553 3444 λητὸν,
2592 3376 2640 3428 οἱ
2669 3375 2901 3428 τοιοῦτοι
2936 3378 3052 3437 τοῖς
3091 3372 3270 3442 ἁγίοις
3304 3373 3554 3443 Πατρὰσι
3593 3372 3689 3426 καὶ
3715 3373 3985 3426 διδασκὰ-

2368 3469 2480 3530 λοις
2515 3470 2987 3538 ἀποταμιεύονται
3009 3486 3022 3499 ο
3079 3468 3221 3521 ὥστε
3272 3469 3371 3538 τῆς
3413 3467 3523 3520 τῶν
3553 3466 3833 3536 δαιμόνων
3862 3466 3985 3517 δου-

2368 3562 2518 3625 λείας
2560 3563 2997 3633 ἀφαρπασθῆναι
3038 3563 3105 3615 δι’
3150 3562 3332 3615 αὐτῶν
3357 3579 3369 3591 ·
3418 3561 3851 3632 πλουτησάντων
3878 3561 3983 3613 αὺ-

2366 3655 2493 3718 τοὺς
2530 3654 2804 3725 μαθητὰς,
2841 3656 2938 3707 καῖ⁵
2973 3655 3447 3725 προσαγαγόντων
3476 3652 3617 3721 Θεῷ.

2436 3775 2543 3837 κγ’.
2574 3768 2800 3822 Δίκαιοι
2830 3768 3206 3835 ποιήσουσιν
3231 3767 3302 3820 ἐν
3327 3768 3574 3829 πλούτῳ
3596 3765 3703 3833 ἐτη
3741 3767 3975 3821 πολλά.

2364 3862 2429 3915 Οἱ
2475 3862 2618 3914 κατὰ
2676 3863 2803 3923 τοὺς
2857 3860 3038 3924 θείους
3112 3860 3315 3930 νόμους
3375 3853 3824 3929 πολιτευόμενοι,
3880 3860 3977 3913 τὸν

2363 3951 2489 4008 κατ’
2560 3954 2767 4027 ἀρετὴν
2832 3956 2929 4009 καὶ
2994 3954 3199 4022 γνῶσιν
3272 3952 3552 4024 ἄφθαρτον
3624 3948 3977 4029 κτησάμενοι

2362 4049 2618 4110 πλοῦτον,
2652 4050 2734 4111 είς
2766 4048 3108 4119 ἀπεράντους
3155 4046 3359 4110 αἰῶνας
3409 4044 3543 4116 παρ’
3574 4044 3728 4115 αὐτῷ
3756 4044 3978 4115 διαμεί-

2363 4159 2550 4195 νωσιν.

2437 4249 2663 4305 Ἀδικοι
2707 4248 2778 4302 δὲ
2823 4245 3199 4302 ἀπολοῦνται
3247 4245 3586 4315 συντόμως.
3626 4247 3687 4300 Oi
3738 4246 3795 4299 δὲ
3846 4247 3977 4300 τοῦ·

2359 4360 2486 4407 τους
2522 4341 2874 4406 ἀθετοῦντες,
2915 4341 2991 4404 ῶς
3031 4340 3160 4411 περὶ
3194 4341 3262 4393 τὰ
3293 4340 3513 4409 φθαρτὰ
3544 4338 3684 4409 μόνα
3716 4338 3822 4409 τὴν
3861 4342 3974 4391 πᾶ.-

2362 4453 2461 4490 σαν
2498 4435 2741 4505 σπουδὴν
2774 4434 3117 4504 ποιούμενοι,
3152 4432 3362 4502 ταχέως
3393 4432 3469 4502 τῷ
3495 4432 3741 4502 θανάτῳ,
3781 4432 3880 4485 τοῦ
3910 4452 3976 4488 τε

2360 4530 2631 4600 ὲπικήρου
2667 4527 3097 4600 στερηθήσονται
3143 4523 3404 4591 πλούτου,
3440 4523 3536 4577 καὶ
3577 4524 3737 4577 αὐτοὶ
3778 4541 3971 4599 παρα-

2276 4597 2334 4661 D
2361 4597 2783 4692 ττεμιρθήσονται⁸
2818 4620 2897 4682 είς
2917 4616 3215 4671 ἀπώλειαν.

2429 4732 2527 4785 κδ’.
2576 4733 2682 4798 ’ος
2709 4729 2976 4800 φείδεται
3016 4727 3377 4796 τῆςιὲαυτοῦ
3410 4726 3774 4795 βακτηρίας,
3795 4728 3979 4797 μισεῖ

2354 4824 2465 4879 τὸν
2488 4821 2710 4877 ἑαυτοῦ
2734 4822 2889 4877 υίόν.
2934 4822 3034 4883 ’ος
3065 4818 3139 4891 μὴ
3174 4816 3467 4887 ὲπιστύφει
3492 4818 3585 4873 τὸν
3620 4819 3822 4872 ἑαυτοῦ
3851 4820 3973 4873 υἱὸν

2353 4917 2441 4971 διὰ
2475 4917 2660 4985 λόγου,
2700 4915 2858 4987 δίκην
2891 4914 3197 4986 βακτηρίας
3223 4913 3501 4982 στηρίζων
3542 4913 3742 4967 τοῦτον
3788 4916 3876 4979 είς
3907 4916 3971 4969 τδ

2356 5012 2587 5079 ἀγαθὸν,
2626 5010 2815 5072 κακῶς
2848 5010 3119 5063 διάκειται
3173 5007 3309 5077 πρὸς
3351 5007 3536 5075 αὑτὸν,
3570 5006 3649 5071 ὡς
3677 5006 3773 5060 τοῦ
3825 5024 3971 5079 συμ-

2355 5106 2617 5179 φέροντος
2646 5103 2823 5174 τούτῳ
2858 5100 3292 5173 καταρᾳθυμῶν.
3388 5120 3393 5125 ’

2438 5218 2500 5271 '0
2527 5216 2598 5270 δὲ
2649 5214 2923 5286 ἀγαπῶν,
2965 5211 3267 5284 ἐπιμελῶς
3301 5211 3595 5265 παιδεύει.
3634 5211 3694 5264 Ὀ
3723 5210 3782 5265 δὲ
3818 5213 3964 5285 πρὸς

2348 5311 2541 5365 τοῦτον
2589 5309 2769 5372 καλῶς
2818 5305 3187 5377 διακείμενος,
3243 5303 3752 5375 μειεριμνημένως
3783 5319 3964 5375 προσ-

2349 5402 2541 5455 κόπτει
2594 5417 2654 5453 τε
2705 5398 2872 5452 αὐτὸν
2918 5397 3251 5468 ἀποτρέπων
3298 5410 3411 5450 των
3445 5394 3521 5464 μὴ
3567 5393 3831 5462 δεόντων,
3864 5398 3964 5450 καὶ

2346 5495 2593 5550 νουθετεῖ
2623 5492 3072 5565 προτρεπόμενος
3106 5488 3246 5561 πρὸς
3273 5488 3342 5542 τὰ
3377 5487 3589 5545 δέοντα.

2418 5614 2517 5663 κε’.
2554 5607 2795 5670 Δίκαιος
2832 5602 3056 5658 ἐσθίων
3118 5599 3424 5671 ἐμπλήσει
3471 5598 3693 5670 ψυχὴν
3740 5599 3960 5658 αὐτοῦ.

2361 5703 2418 5755 σο
2451 5698 2597 5753 κατὰ
2626 5697 2825 5768 νόμους
2875 5693 3056 5756 θείους
3086 5691 3532 5762 πολιτευόμενος,
3560 5689 3779 5763 τροφὴν
3815 5690 3961 5766 (xm,

2344 5794 2439 5848 τὸν
2469 5792 2725 5864 οὐράνιον
2770 5788 2958 5860 ἄρτον,
3010 5783 3454 5857 χορτασθήσεται
3498 5783 3559 5839 ὲν
3590 5779 3671 5854 τῷ
3714 5780 3958 5855 ὀφθῆναι

2344 5885 2493 5957 αὐτῷ
2519 5884 2619 5956 τὴν
2647 5880 2807 5947 δόξαν
2838 5877 2933 5934 τοῦ
2960 5875 3123 5934 Θεοῦ.
