4220 6462
299 410 433 471 1357

1292 402 1821 464 (ῙΟῗιΙΜΕΧΤΛΙΗΙ
1861 400 1939 457 ΙΝ
1984 400 2439 457 PROVERBIA.

3405 400 3543 459 13.38

370 516 565 583 Ψυχαὶ
598 516 665 569 δὲ
688 516 945 579 ἀσεϐῶν,
978 515 1224 580 ἐνδεεῖς.
1262 516 1325 566 At
1357 512 1529 581 ψυχαὶ
1552 512 1608 564 δὲ
1656 509 1764 561 τῶν
1797 508 1870 577 μὴ

2046 507 2252 558 Anima:
2280 517 2452 558 autem
2489 506 2769 572 impiorum
2804 505 3115 574 indigentes.
3139 506 3347 560 Anima:
3370 518 3549 562 autem

287 607 356 659 δι’
408 608 776 677 ἀγαθοεργίας
824 611 1110 677 τιμώντων
1163 608 1253 659 τὸν
1301 606 1458 666 θεὸν,
1516 602 1607 656 τοῦ
1660 599 1868 667 ἀγαθοῦ

288 699 651 767 ἐστερημέναι
685 699 989 768 ὑπάρχουσι
1017 716 1030 729 ο
1055 699 1147 750 καὶ
1169 698 1273 749 ὑπὸ
1298 697 1395 764 τῆς
1423 695 1613 748 τούτου
1641 691 1867 753 ἐνδείας,

287 787 364 849 ὡς
395 788 501 840 ὑπό
527 806 669 851 τινος
692 788 863 842 δεινοῦ
894 789 1085 858 λοιμοῦ
1120 790 1432 858 τρύχονται.

883 951 1132 1002 ΚΕΦΑΛ.
1179 951 1275 1001 IA'.

361 1081 429 1129 α’.
462 1076 648 1144 Σοφοὶ
676 1074 957 1144 γυναῖκες
985 1073 1385 1145 ᾠκοδόμησαν
1445 1074 1669 1138 οικους.
1696 1073 1762 1127 Αἱ
1787 1073 1873 1127 διὰ

290 1166 350 1217 τὸ
396 1169 583 1236 τηρεῖν
614 1166 704 1218 τὸν
755 1166 881 1219 καθ’
922 1165 988 1218 ’ὃν
1035 1166 1195 1232 λόγον
1226 1166 1509 1233 γεγόνασι.
1552 1164 1743 1232 σοφίας
1797 1163 1875 1233 μὴ

292 1256 620 1327 ἀμοιροῦσαι
652 1256 848 1325 ψυχαὶ,
883 1256 1215 1326 εὐτρέπισαν
1256 1257 1502 1320 ἑαυταῖς,
1550 1255 1692 1310 κατά
1741 1258 1877 1328 πρᾶ-

291 1348 396 1413 ξιν,
422 1350 521 1411 τὰς
549 1349 707 1420 δίκην
735 1348 903 1401 οἴκων
933 1348 1041 1402 ἀπὸ
1070 1347 1164 1402 τοῦ
1192 1348 1463 1419 χειμῶνος
1495 1350 1588 1402 καὶ
1622 1348 1717 1402 τοῦ
1744 1349 1877 1403 καύ-

294 1456 463 1503 σωνος
490 1443 599 1494 τῶν
629 1440 820 1493 παθῶν
853 1439 1193 1509 φυλακτικάς
1234 1441 1454 1510 ἀρετάς.

379 1568 448 1623 ἸΙ
472 1567 540 1620 δὲ
565 1568 771 1637 ἄφρων
800 1569 1115 1638 γενομένη,
1150 1570 1499 1639 κατέσκαψε
1529 1572 1742 1639 χερσὶν
1773 1573 1879 1624 αὑ-

293 1659 423 1726 τῆς.
470 1661 534 1711 Ἦ
559 1659 615 1712 δὲ
640 1660 779 1729 πρὸς
809 1660 1037 1728 ἀλογίαν
1064 1662 1335 1732 τραφεῖσα
1362 1659 1531 1731 ψυχὴ,
1562 1661 1658 1725 τὰς
1690 1661 1877 1714 τοιαύ-

290 1768 394 1813 τας
459 1750 769 1821 διέφθειρεν
817 1751 1053 1822 ἀρετάς’
1109 1751 1455 1822 χρησαμένη·
1488 1752 1627 1823 πρὸς
1683 1752 1881 1806 κακίαν

1973 609 2159 648 eorum
2208 595 2299 662 qui
2336 610 2430 662 per
2460 594 2633 646 bonos
2676 603 2831 646 actus
2878 610 2983 646 non
3029 594 3309 647 honorant
3358 595 3548 657 Deum,

1979 683 2122 737 bono
2154 683 2458 751 indigentes
2492 683 2628 736 liunt
2650 700 2663 745 ;
2688 691 2741 736 et
2774 682 2877 735 hac
2903 684 3028 735 boui
3080 684 3399 751 indigentia,
3432 692 3552 737 tan-

1976 789 2137 842 quam
2177 773 2427 827 horribili
2460 772 2696 841 quadam
2736 772 2879 827 fame
2918 781 3266 842 torquentur.

2604 938 2754 992 CAP.
2799 937 2933 992 XIV.

2062 1064 2228 1118 Vens.
2263 1065 2313 1118 ί.
2350 1062 2625 1133 Sapientes
2663 1064 2911 1118 mulieres
2930 1064 3325 1133 wdiﬁcnrerunt
3350 1068 3552 1120 domos.

1987 1152 2119 1219 Qua:
2172 1152 2474 1208 observant
2524 1154 2817 1218 rationem,
2859 1169 2965 1223 qua
3002 1154 3131 1223 ipsa:
3164 1163 3443 1217 constant,
3474 1171 3557 1209 5::-

1980 1243 2184 1315 pientia
2246 1258 2356 1297 non
2388 1252 2644 1313 expertes
2703 1243 2923 1308 animm,
2979 1243 3081 1298 sibi
3117 1253 3449 1313 paraverunt
3494 1248 3559 1297 ad

1981 1334 2253 1406 agendum
2296 1334 2532 1393 virtutes
2568 1334 2770 1404 quibus
2813 1335 3102 1387 domorum
3154 1335 3326 1389 instar
3374 1344 3558 1404 ιιι-οξυ-

1988 1434 2187 1497 gautur
2222 1433 2418 1481 contra
2460 1424 2668 1495 frigora
2696 1436 2749 1479 ct
2781 1425 3009 1480 ardores
3040 1426 3382 1495 passionum.

2060 1552 2328 1623 [nsipiens
2374 1561 2552 1606 autem
2613 1553 2761 1621 facta
2828 1554 3091 1607 destruxit
3140 1554 3252 1607 suis
3297 1556 3558 1605 manibus.

1987 1644 2264 1701 Conversa
2294 1655 2477 1700 autem
2513 1646 2581 1699 ad
2625 1645 2917 1699 stultitiam
2954 1646 3137 1698 anima
3165 1646 3301 1699 tales
3336 1646 3563 1698 virtutes

1985 1740 2255 1809 corrupit,
2308 1753 2375 1793 eo
2427 1736 2575 1807 quod
2621 1751 2721 1791 usa
2760 1744 2845 1791 est
2893 1736 2959 1789 ad
3009 1736 3269 1790 malitiam
3314 1736 3457 1804 aptis
3498 1735 3563 1787 ad

290 1844 416 1906 ταῖς
451 1842 593 1913 πρὸς
623 1843 888 1912 ἐργασίαν
916 1843 1009 1896 τοῦ
1048 1844 1256 1912 ἀγαθοῦ
1290 1842 1521 1907 οἰκείαις
1548 1844 1842 1914 δυνάμεσιν
1869 1859 1882 1874 °

2015 1843 2193 1882 tonum
2238 1828 2667 1898 perpetrandum
2718 1826 3097 1887 facultatibus,
3126 1826 3269 1879 unde
3296 1841 3353 1879 se
3387 1826 3566 1878 omni-

292 1934 420 1986 ὅθεν
485 1934 707 1995 πάντως
766 1934 964 1988 πάθεσι
1052 1935 1409 2006 χειμάζεσθαι
1472 1933 1884 2006 παρεσκεύασεν

292 2024 516 2093 ἑαυτήν.

367 2152 432 2222 β’.
488 2154 550 2205 Ὀ
601 2154 1005 2222 πορευόμενος
1055 2154 1260 2222 ὀρθῶς,
1311 2154 1573 2223 φοϐεῖται
1620 2154 1724 2206 τόν
1776 2158 1885 2207 Κυ·

284 2262 445 2313 ριον.
496 2244 555 2299 '0
620 2245 696 2315 μὴ
745 2246 1145 2316 ἐκτρεπόμενος
1213 2246 1322 2300 ἀπὸ
1362 2246 1461 2315 τῆς
1515 2244 1636 2298 κατ’
1686 2245 1886 2315 ἀρετὴν

294 2337 514 2400 εὐθείας
567 2336 714 2401 ὀδοῦ,
755 2337 848 2391 τὸν
891 2336 1087 2390 ἑαυτοῦ
1128 2338 1407 2409 Δεσπότην
1438 2337 1683 2407 φοϐεῖται
1711 2336 1844 2389 Θεόν
1869 2352 1882 2366 ’

293 2430 375 2501 τῷ
404 2429 513 2501 γὰρ
548 2428 702 2501 φόϐῳ
730 2429 939 2502 Κυρίου
974 2431 1218 2484 ἐκκλίνει
1251 2432 1359 2495 πᾶς
1389 2430 1499 2483 ἀπὸ
1527 2428 1722 2484 κακοῦ.

382 2555 447 2609 '0
480 2554 549 2608 δὲ
578 2554 915 2616 σκοπιάζων
944 2555 1074 2621 ταῖς
1105 2556 1269 2623 ὁδοῖς
1318 2556 1525 2620 αὑτοῦ,
1560 2555 1889 2626 ἀτιμασθή-

295 2662 490 2701 σεται.
545 2646 603 2699 Ὀ
647 2647 692 2699 δ’
746 2649 827 2711 είς
874 2649 942 2701 τά
976 2648 1098 2701 κατ’
1143 2648 1379 2716 ἔλλειψιν
1421 2649 1521 2717 τῆς
1550 2649 1753 2719 ἀρετῆς
1798 2649 1891 2702 καὶ

296 2738 608 2810 ὑπερδολὴν
668 2739 816 2810 πάθη
861 2742 1366 2814 περιτρεπόμενος,
1421 2743 1520 2811 τῆς
1570 2741 1721 2812 παρά
1770 2742 1891 2813 Θεῷ

296 2831 466 2901 τιμῆς
520 2830 956 2903 στερηθήσεταιο
1009 2832 1107 2900 τῆς
1159 2832 1310 2896 θείας
1356 2831 1633 2903 βασιλείας
1688 2834 1887 2885 ἀποτυ-

298 2925 434 2994 χὼν,
470 2925 563 2979 καὶ
586 2925 944 2997 κατακριθεὶς
973 2926 1052 2988 είς
1076 2925 1322 2993 γέενναν.

369 3055 440 3124 γ’.
479 3054 581 3109 Ἐκ
604 3055 902 3123 στόματος
923 3053 1202 3122 ἀφρόνων
1240 3053 1541 3121 ,βακτηριά
1564 3053 1802 3121 ὕϐρεως.
1837 3053 1893 3106 '0

297 3149 409 3201 τῶν
441 3148 696 3219 ἀφρόνων
726 3147 909 3215 λόγος,
943 3146 1042 3215 οὐχ
1077 3140 1171 3197 οἷα
1219 3145 1414 3214 ῥάϐδος
1438 3144 1538 3217 τὴν
1563 3144 1672 3198 τῶν
1703 3143 1894 3197 παθῶν

1990 1932 2060 1973 uo
2091 1918 2444 1988 passionibus
2481 1915 2792 1988 agitandam
2831 1917 3100 1986 permisit.

2062 2134 2225 2189 Vens.
2264 2133 2319 2187 2.
2357 2133 2461 2197 Qui
2502 2133 2740 2186 ambulat
2778 2143 2913 2187 recte
2946 2134 3091 2185 timet
3125 2132 3429 2186 hominum.
3464 2134 3567 2198 Qui

1991 2240 2098 2278 non
2124 2224 2393 2278 avertitur
2424 2238 2452 2277 a
2484 2233 2632 2277 recta
2658 2223 2960 2279 secundum
2996 2225 3253 2279 virtutem
3278 2226 3385 2288 via,
3410 2240 3567 2278 suum

1991 2316 2281 2370 Dominum
2326 2318 2481 2371 timet
2510 2315 2717 2381 Deum;
2751 2318 2945 2371 timore
2968 2320 3116 2371 enim
3151 2317 3366 2372 Domini
3403 2320 3569 2372 decli-

1994 2420 2088 2463 nat
2120 2409 2302 2463 omuis
2344 2408 2509 2463 homo
2543 2409 2755 2462 amalo.

2064 2537 2169 2604 Qui
2218 2549 2387 2592 autem
2426 2538 2596 2593 deviat
2644 2541 2696 2591 in
2742 2540 2853 2592 suis
2888 2540 3006 2602 riis,
3060 2556 3156 2594 non
3203 2539 3570 2594 honorabitur.

1992 2633 2096 2697 Qui
2142 2642 2322 2685 autem
2358 2632 2701 2685 convertitur
2741 2633 2806 2685 ad
2841 2635 3127 2702 passiones
3158 2633 3359 2702 quibus
3405 2635 3573 2703 negli—

1995 2725 2144 2795 gitur
2181 2724 2357 2777 virtus
2381 2733 2433 2777 et
2457 2724 2731 2789 tardatur,
2758 2724 2965 2778 honore
2994 2726 3137 2794 apud
3180 2724 3347 2779 Deum
3395 2726 3574 2793 priva-

2007 2816 2177 2879 bitur,
2211 2831 2240 2870 e
2276 2815 2463 2869 divino
2495 2830 2662 2883 regno
2712 2817 2902 2886 pulsus
2938 2825 2991 2871 et
3029 2817 3322 2871 damnatus
3368 2819 3433 2870 at!
3482 2834 3575 2887 ge-

1998 2909 2255 2964 hcnuatn.

2070 3035 2238 3091 Vens.
2279 3036 2334 3090 5.
2382 3034 2463 3087 Ex
2500 3051 2589 3088 ore
2617 3035 2904 3088 stultorum
2948 3034 3170 3089 baculus
3220 3035 3571 3089 contttntelia’.

2005 3128 2307 3183 Stultorum
2335 3142 2540 3190 sermo,
2566 3141 2673 3181 non
2711 3127 2888 3196 qualis
2916 3126 3069 3196 virga
3104 3128 3418 3195 passionum
3445 3143 3576 3182 cou-

300 3238 463 3309 ὖϐριν
488 3196 778 3308 ῐιιιῗασιιίζει,
802 3196 922 3289 ,ἀλλ’
954 3196 1135 3299 ὦζτις
1169 3196 1440 3306 βάκτηρία
1481 3196 1726 3307 στηρίξει
1760 3236 1891 3305 μᾶλ-

2015 3223 2279 3278 umeliam
2343 3220 2614 3291 ﬂagellat,
2670 3220 2763 3274 sed
2824 3221 2983 3289 quasi
3057 3220 3285 3275 baculus
3353 3219 3574 3290 quidam

300 3333 392 3387 λον
424 3332 597 3401 αὑτήν
630 3347 642 3360 ·
691 3331 767 3395 ὡς
812 3332 940 3393 τοὺς
995 3329 1297 3393 ἀκούοντας
1353 3328 1428 3401 μὴ
1476 3328 1889 3400 διορθοᾶμενος,

300 3423 418 3476 ἀλλ’
451 3422 698 3493 έδράζων
732 3423 791 3473 ὲν
823 3424 935 3484 τοῖς
972 3422 1183 3484 κακιῖς.

374 3549 558 3615 Χείλη
591 3548 659 3601 δὲ
691 3546 902 3616 σοφῶν
940 3547 1249 3616 φυλάσσει
1300 3548 1543 3614 αὐτούς.
1577 3546 1695 3599 Τῶν
1727 3547 1784 3599 δὲ
1811 3563 1897 3599 σο-

303 3641 426 3711 φῶν
472 3640 523 3692 oi
571 3638 721 3706 λόγοι
780 3639 841 3691 οὐ
910 3639 1071 3707 μόνον
1129 3638 1469 3711 διορθοῦνται
1515 3640 1642 3703 τοὺς
1689 3638 1895 3694 τούτων

301 3716 715 3802 ἀκροωμένους,
772 3729 910 3783 ἀλλά
948 3730 1043 3784 καί¹
1091 3731 1292 3795 αὐτοὺς
1335 3730 1598 3803 τηροῦσιν
1648 3731 1788 3785 ὥστε
1821 3731 1897 3802 μὴ

304 3824 632 3893 περιπεσεῖν
677 3815 760 3883 οἷς
803 3820 959 3875 αὐτοὶ
988 3822 1395 3891 ἀποτρέπονται
1422 3842 1435 3856 ο
1487 3824 1545 3876 ἐν
1582 3815 1663 3886 οἷς
1693 3818 1799 3893 γάρ
1848 3824 1896 3875 οἱ

304 3915 521 3970 συνετοὶ
552 3912 804 3985 διορθοῦν
848 3913 1072 3985 ἑτέρους
1113 3915 1505 3986 ἐπιχειροῦσιν,
1566 3913 1900 3983 κατασφαλί-

302 4007 489 4070 ζονται
524 4006 774 4071 ἑαυτοὺς,
820 4006 896 4077 μὴ
934 4005 1003 4058 τὰ
1031 4008 1194 4075 ὃμοια
1224 4007 1454 4068 ἐκείνοις
1490 4006 1701 4062 παθεῖν.

377 4142 428 4189 ι’.
471 4128 555 4189 Οὗ
589 4134 671 4203 μή
706 4137 827 4188 εισι
860 4136 1031 4199 βόες,
1062 4135 1279 4204 φάτναι
1306 4136 1577 4203 καθαραί.
1612 4133 1782 4189 Ἔνθα
1803 4134 1900 4203 οὐχ

303 4227 646 4297 ὑπάρχουσιν
676 4226 862 4294 ἄλογοι
893 4225 1184 4297 ἐπιθυμίαι
1214 4227 1324 4279 τῶν
1344 4227 1589 4297 ὁρατῶν,
1620 4228 1735 4279 ἐκεῖ
1763 4227 1902 4280 είσιν

301 4317 730 4386 ἀπηλλαγμέναι
762 4317 951 4373 παθῶν
991 4318 1286 4388 φαντασίαι
1319 4332 1331 4344 ⁸
1361 4320 1419 4371 ὲν
1460 4313 1548 4381 αἷς
1581 4319 1902 4373 ἀποτίθεται

309 4412 343 4480 ἡ
384 4410 492 4462 τῶν
522 4410 738 4478 ὁρατῶν
769 4410 1084 4480 ἐπιφάνεια,
1121 4410 1195 4473 ὡς
1227 4410 1319 4464 τοῦ
1356 4409 1552 4479 ἀλόγου
1591 4411 1688 4480 τῆς
1722 4412 1903 4482 ψυχῆς

305 4502 511 4572 μέρους
544 4502 742 4572 τροφή.

369 4624 454 4682 Οὗ
493 4626 563 4680 δὲ
595 4627 801 4681 πολλὰ
831 4627 1192 4697 γεννήματα,
1237 4629 1463 4698 φανερὰ
1485 4629 1637 4696 βοὸς
1692 4631 1891 4697 ίσχύς.

304 4716 484 4773 ’⁷οπου
541 4717 598 4770 δὲ
629 4719 677 4771 οἱ
710 4717 958 4788 διάφοροι
1013 4718 1163 4787 λόγοι
1193 4719 1304 4771 τῶν
1345 4719 1581 4791 ὁρατῶν,
1628 4720 1770 4774 κατά
1800 4720 1896 4790 τὴν

301 4813 363 4865 ὲν
386 4809 663 4880 πνεύματι
687 4809 923 4879 φυσικὴν
954 4809 1214 4880 θεωρίαν,
1238 4811 1555 4879 γνωστικῶς
1589 4812 1898 4881 γεωργοῦν-

301 4919 418 4965 ται,
443 4902 563 4953 ἐκεῖ
598 4901 735 4972 δήλη
768 4902 889 4954 ἐστὶ
907 4899 1007 4971 τῆς
1031 4900 1329 4971 ἐπιθυμίας
1358 4903 1390 4973 ή
1424 4904 1565 4957 κατά
1608 4902 1770 4971 λόγον
1810 4902 1899 4956 δύ-

302 5009 470 5060 ναμις
488 5008 502 5021 ⁸
539 4991 662 5045 καθ’
686 4991 747 5045 δν
779 4990 1023 5063 ἠδυνήθη
1046 4991 1138 5045 τὸν
1165 4994 1286 5046 κατ’
1308 4992 1561 5063 αἴσθησιν
1594 4994 1898 5063 σκεδασμὸν

300 5084 582 5156 διαϐῆναι,
608 5084 701 5139 καὶ
736 5082 941 5153 φθάσαι
966 5085 1106 5155 πρὸς
1132 5084 1231 5156 τὴν
1259 5088 1399 5140 κατά
1422 5085 1547 5139 νοῦν
1580 5088 1675 5154 τῆς
1706 5088 1761 5140 ἐν
1786 5090 1899 5150 τοῖς

301 5176 450 5243 ὅλοις
475 5176 743 5249 ἀληθείας
779 5177 1031 5249 ἑνότητα.

377 5421 441 5469 ε’.
482 5413 727 5482 Μάρτυς
756 5415 971 5479 πιστὸς
996 5417 1069 5471 οὺ
1098 5417 1408 5485 ψεύσεται.
1464 5416 1522 5471 Ὀ
1546 5417 1682 5481 Θεὸς
1704 5418 1896 5487 Λόγος,

302 5510 338 5581 ἡ
372 5507 763 5579 αὑτοαλήθεια,
789 5508 891 5581 τὴν
926 5510 1060 5581 περὶ
1089 5509 1157 5562 τά
1191 5510 1496 5581 φαινόμενα
1526 5511 1712 5581 σχέσιν
1741 5511 1900 5581 ἡμῶν

302 5602 526 5675 ἀπάτης
571 5602 799 5674 μεστὴν,
832 5605 897 5673 τῇ
928 5602 1135 5657 τούτων
1176 5603 1354 5674 φθορᾷ
1387 5603 1701 5674 διελέγχων,
1733 5604 1900 5674 ἀψευ-

301 5697 399 5766 δής
423 5695 592 5750 ἐστιν.

391 5839 644 5895 Ἐκκαίει
674 5840 743 5895 δὲ
775 5840 996 5910 ψευδῆ,
1026 5840 1257 5910 μάρτυς
1291 5841 1517 5908 ἄδικος.
1558 5843 1899 5899 ’Υπανάπτει

2002 3316 2144 3368 hane
2182 3313 2356 3385 magis
2387 3314 2667 3377 obtirutat,
2702 3311 2848 3383 quod
2880 3312 3160 3368 auditbres
3186 3329 3295 3367 non
3331 3314 3577 3376 instruit,

2000 3404 2095 3461 sed
2122 3404 2312 3459 statuit
2347 3404 2400 3457 in
2441 3404 2603 3456 malo.

2077 3531 2248 3586 Labia
2280 3531 2599 3601 sapientium
2631 3530 2937 3583 custodiunt
2967 3546 3077 3587 eos.
3112 3528 3457 3599 Sapientiqu
3485 3546 3581 3583 au-

2005 3636 2111 3681 tem
2151 3641 2462 3691 sermones,
2496 3640 2604 3679 non
2635 3626 2812 3679 solum
2847 3626 3130 3678 instruunt
3167 3638 3263 3679 eos
3304 3625 3399 3693 qui
3435 3625 3581 3694 ipsos

2003 3720 2257 3785 audiunt,
2300 3719 2393 3775 sed
2419 3718 2584 3775 etiam
2620 3727 2845 3772 servant
2872 3732 2966 3771 eos
3002 3733 3071 3772 ne
3110 3716 3309 3771 cadant
3352 3718 3405 3770 in
3442 3718 3582 3770 mala

2004 3829 2032 3868 a
2072 3815 2271 3883 quibus
2302 3812 2407 3881 ipsi
2439 3818 2786 3865 avertuntur.
2818 3809 2875 3863 ln
2904 3810 2989 3863 his
3018 3810 3168 3863 enim
3205 3810 3411 3878 quibus
3453 3824 3585 3879 pru-

2003 3907 2196 3961 dentes
2242 3906 2519 3959 instruere
2554 3911 2786 3958 caeteros
2834 3902 3112 3969 nituntur,
3156 3902 3369 3973 seipsos
3400 3903 3586 3957 delen-

2003 3999 2140 4053 dunt
2170 4013 2236 4051 ne
2266 3995 2455 4051 eadem
2496 4011 2560 4049 ae
2594 3996 2684 4051 isti
2716 3994 3014 4064 patiantur.

2075 4126 2243 4181 Vens.
2274 4126 2329 4179 4.
2372 4122 2470 4177 Ubi
2510 4140 2613 4177 non
2659 4133 2780 4176 sunt
2838 4124 3009 4187 boves,
3065 4126 3325 4192 pra'sepia
3359 4124 3580 4177 munda.

2008 4218 2108 4274 Ubi
2147 4234 2254 4273 non
2283 4225 2411 4273 sunt
2447 4217 2852 4271 irrationabiles
2884 4217 3213 4287 cupiditates
3245 4231 3434 4271 eorum
3469 4234 3609 4286 qme,

2005 4311 2284 4375 videntur,
2318 4312 2391 4365 ibi
2431 4311 2683 4365 exsulant
2716 4311 3037 4379 passionqu
3068 4309 3360 4379 imagines,
3390 4310 3440 4363 in
3473 4311 3590 4380 qui-

2008 4405 2112 4460 bus
2143 4403 2422 4458 invenitur
2449 4380 2640 4457 eoruin
2686 4417 2806 4471 qua:
2850 4401 3109 4455 vitientur
3148 4402 3382 4470 species,
3425 4402 3588 4471 hujus

2014 4498 2258 4567 expertis
2284 4496 2501 4550 ratione
2532 4496 2704 4566 partis
2733 4495 2931 4548 animae
2960 4494 3304 4548 alimentum.

2083 4622 2182 4677 Ubi
2214 4632 2392 4676 autem
2452 4621 2622 4674 multa
2666 4621 2955 4691 genimina,
2992 4620 3279 4688 ntanifesta
3327 4630 3404 4674 est
3446 4621 3591 4674 boris

2010 4718 2206 4770 virtus.
2240 4713 2470 4781 Quando
2496 4723 2677 4789 autem
2723 4714 2960 4766 diversa:
2992 4712 3237 4766 rationes
3262 4726 3445 4766 rerum
3470 4729 3594 4781 quae

2012 4809 2288 4872 videntur,
2313 4805 2619 4862 secundum
2646 4806 2951 4863 naturalem
2985 4805 3187 4859 mentis
3215 4806 3393 4860 visum
3422 4806 3595 4877 perite

2010 4907 2347 4962 tractantur,
2384 4908 2516 4953 tunc
2570 4895 2861 4953 manifesta
2890 4906 2973 4952 est
3001 4898 3323 4967 cupiditatis
3360 4898 3440 4952 vis
3473 4914 3594 4968 qua!

2007 5005 2089 5049 est
2125 4991 2433 5048 secundum
2467 4990 2763 5055 rationem,
2795 4989 2957 5059 cujus
2990 5003 3093 5060 ope
3126 4989 3215 5043 illa
3245 4990 3423 5059 potuit
3450 4989 3593 5044 divi-

2014 5087 2226 5142 sionem
2261 5085 2571 5141 secundum
2622 5097 2846 5139 sensum
2899 5084 3235 5153 transgredi,
3287 5091 3341 5136 et
3374 5082 3596 5137 tendere

2008 5179 2073 5233 ad
2112 5178 2429 5250 generalem
2456 5177 2707 5233 veritatis
2741 5192 2863 5247 qua:
2898 5177 3203 5233 secundum
3234 5177 3491 5249 spiritum
3510 5190 3596 5232 est

2010 5282 2295 5326 llllllalClll.

2086 5419 2252 5475 Vens.
2300 5420 2350 5475 5.
2392 5417 2561 5472 Testis
2607 5416 2783 5487 fidelis
2821 5432 2922 5470 non
2960 5416 3260 5470 mentietur.
3302 5414 3446 5469 Deus
3474 5413 3598 5468 Ver.

2012 5515 2162 5578 bum,
2196 5514 2401 5567 veritas
2436 5512 2577 5581 ipsa,
2622 5509 2846 5581 quando
2881 5519 3134 5564 nostrum
3167 5510 3313 5563 circa
3337 5523 3609 5578 apparen-

2013 5607 2084 5660 tia
2133 5606 2382 5659 habitutn
2433 5619 2623 5658 errore
2680 5606 2899 5674 plenum
2958 5600 3176 5657 illorum
3222 5600 3599 5658 destructione

2012 5698 2310 5762 convincit,
2352 5711 2519 5752 verax
2557 5704 2661 5751 est.

2083 5844 2333 5898 Accendit
2362 5853 2537 5899 autem
2575 5842 2855 5897 mendacia
2902 5840 3049 5897 testis
3086 5841 3343 5910 injustas.
3386 5840 3596 5895 Excitat
3659 5891 3667 5897 .
