4220 6462
705 413 837 473 1359

2007 409 2356 470 PROCOPII
2395 410 2639 472 GALEI

3820 413 3960 473 1360

699 543 822 578 vero
865 531 914 577 in
946 526 1102 578 nobis
1136 524 1450 578 mendacem
1489 523 1554 578 de
1607 525 1824 577 illorum
1860 523 2260 590 pulchritudine

2374 527 2420 577 δ’
2448 529 2508 578 ἐν
2534 529 2667 596 ἡμῖν
2689 527 2786 596 τὴν
2817 544 2882 579 πε
2894 529 2945 597 pi.
2967 529 3136 582 ταῦτα
3155 529 3324 599 ψευδῆ
3357 529 3447 582 τοῦ
3476 527 3640 580 καλοῦ
3663 526 3955 596 ὑπόληψιν,

694 618 1050 683 «ψίιιὶιιιιριη,
1094 617 1179 668 hic
1231 618 1320 683 qui
1377 631 1470 682 per
1510 631 1628 669 eam
1676 615 1931 684 decipere
1977 630 2078 669 nos
2128 632 2255 670 omn

2377 619 2404 669 ό
2435 617 2522 669 διὰ
2545 619 2753 688 ταύτης
2783 621 2998 690 ἀπατᾷν
3055 623 3204 691 ἡμᾶς
3249 621 3404 691 παρά
3451 621 3630 674 πάντα
3677 620 3834 689 λόγον
3865 622 3960 674 ἀεὶ

695 710 907 760 ratione
941 723 1155 776 semper
1188 708 1552 760 machinatur.

774 834 936 885 Vens.
971 835 1022 886 6.
1065 834 1279 898 Qua'res
1313 837 1475 903 sapiet
1501 835 1633 888 tiam
1679 835 1821 902 apud
1868 835 2058 898 malos,
2091 844 2268 887 etnon

691 926 939 977 invenies.
981 924 1329 980 Scrutaberis
1369 928 1657 990 rationem,
1689 935 1913 996 propter
1951 941 2118 995 quam
2155 940 2273 979 ma-

2379 709 2789 780 μηχανώμενος.

2449 841 2524 898 ς’.
2561 837 2853 906 Ζητήσεις
2876 842 3102 909 σοφίαν
3135 843 3293 910 παρὰ
3327 843 3552 909 κακοῖς,
3585 843 3683 898 καὶ
3711 846 3824 914 οὐχ
3854 849 3960 900 εὑ-

2366 925 2602 993 ρήσεις.
2637 929 3000 1002 Ψηλαφήσεις
3049 935 3227 1002 λόγον,
3278 937 3399 989 καθ’
3427 937 3485 990 ὃν
3513 937 3562 989 οἱ
3599 938 3959 1007 ἐργαζόμενοι

692 1015 798 1066 Ιιιηι
857 1027 1026 1084 agunt
1057 1016 1150 1083 qui
1189 1016 1329 1070 male
1391 1025 1582 1087 agunt,
1624 1033 1804 1087 neque
1846 1017 2122 1082 invenies,
2150 1033 2260 1072 cun

2373 1017 2433 1068 τὸ
2478 1019 2650 1071 κακόν
2680 1022 2925 1075 ποιοῦσιν
2953 1025 3103 1092 αὐτὸ,
3141 1028 3235 1080 καὶ
3282 1029 3378 1096 ούχ
3429 1029 3684 1098 εὑρήσεις
3712 1045 3726 1058 '
3766 1029 3958 1097 ἐπειδὴ

687 1107 832 1158 nulla
887 1109 1144 1160 exsistat.
1179 1107 1308 1172 Quae
1353 1109 1499 1162 enim
1531 1108 1622 1164 isti
1671 1117 1859 1179 agunt,
1909 1110 2028 1164 sine
2067 1112 2260 1164 rationt

2375 1110 2498 1178 μηδ’
2525 1111 2802 1183 ὑπάρχει·
2831 1113 2866 1166 ἀ
2896 1115 3004 1184 γὰρ
3031 1113 3174 1171 οὗτοι
3208 1119 3475 1184 ποιοῦσιν,
3514 1120 3723 1188 ἀλόγως
3770 1121 3960 1173 ποιοῦ-

684 1209 869 1266 agunt.

755 1324 952 1379 Sensus
979 1335 1155 1380 autem
1182 1328 1620 1399 intelligentibus,
1649 1331 1852 1399 facilis.
1879 1331 2090 1398 Quibus
2115 1348 2270 1388 mens

679 1416 844 1473 inest.
885 1419 1170 1474 distinctio
1208 1421 1334 1474 boui
1372 1431 1424 1474 et
1464 1422 1590 1474 mali
1630 1422 1776 1476 haud
1815 1425 2013 1485 ardua.
2046 1439 2170 1478 cum
2203 1441 2266 1478 ex

682 1519 878 1559 natura
911 1510 1026 1577 ipsa
1066 1511 1229 1564 talem
1266 1511 1562 1579 impulsum
1600 1513 1859 1566 habeant.
1897 1512 2095 1566 Malum
2121 1514 2266 1568 enim

680 1600 883 1660 ›(·ἱιιιιι,
931 1609 988 1651 ut
1035 1601 1253 1654 etetcris
1297 1616 1406 1653 non
1459 1599 1665 1653 faciant
1707 1601 1856 1669 quod
1899 1601 1968 1657 ab
2011 1602 2118 1657 illis
2156 1603 2268 1672 pati

678 1691 877 1743 nolunt
920 1707 930 1741 :
982 1691 1184 1744 bonum
1221 1699 1426 1756 autem,
1458 1700 1517 1746 ut
1550 1691 1676 1746 aliis
1716 1691 1920 1746 faciant
1970 1693 2115 1763 quod
2162 1695 2267 1750 sibi

674 1784 740 1834 ab
778 1783 969 1836 iisdem
1010 1785 1199 1837 volunt
1234 1785 1486 1840 retribui.
1800 1786 1808 1792 ’

745 1997 913 2055 Vitis.
959 1999 1010 2054 7.
1057 2000 1252 2054 Omnia
1304 2002 1533 2055 adversa
1571 2000 1769 2054 homini
1803 2000 2018 2056 stolido.
2067 1997 2264 2055 Omnia

669 2092 815 2146 enim
864 2102 919 2146 et
964 2093 1209 2162 jucunda
1262 2103 1316 2148 et
1371 2107 1557 2147 amara
1603 2094 1657 2148 in
1700 2093 2094 2148 detrimentum
2136 2107 2264 2148 eve-

670 2187 829 2238 niunt
884 2185 1092 2238 hotnini
1148 2186 1358 2254 absque
1411 2187 1668 2256 ingenio,
1718 2187 1812 2255 qui
1854 2187 1906 2239 in
1949 2186 2154 2239 talibus
2206 2199 2265 2240 se

670 2277 810 2330 male
845 2277 1030 2330 habet.
1065 2274 1339 2331 Jucundis
1393 2277 1678 2344 sapienter
1714 2289 1822 2328 non
1863 2275 2058 2340 utitur,
2091 2273 2260 2343 quod,

2373 1218 2476 1257 σιν.

2442 1332 2745 1402 Αῑσθησις
2784 1335 2850 1389 δὲ
2881 1337 3040 1405 παρὰ
3070 1339 3401 1408 φρονίμοις,
3437 1336 3714 1408 εὐχερής.
3754 1340 3882 1403 Τοῖς
3909 1342 3958 1395 δ’

2370 1427 2659 1497 ἐχέφροσιν
2687 1432 2719 1498 ἡ
2747 1429 2842 1482 τοῦ
2879 1431 3047 1483 καλοῦ
3078 1431 3290 1485 καὶτοῦ
3321 1434 3492 1486 κακοῦ
3537 1433 3812 1504 διάκρισις
3847 1437 3954 1504 ῥᾳ-

2368 1519 2453 1571 δία
2478 1522 2647 1584 ἐστὶν,
2673 1522 2731 1587 ἐξ
2761 1523 2932 1592 αὐτῆς
2962 1523 3062 1594 τῆς
3091 1523 3306 1593 φύσεως
3334 1525 3434 1588 τάς
3463 1528 3715 1595 ἀφορμὰς
3739 1527 3955 1594 ἔχουσι,

2370 1613 2464 1664 καὶ
2488 1613 2653 1666 είδόσι
2676 1614 2841 1666 κακὸν
2877 1615 2975 1684 μέν
3003 1616 3064 1668 τὸ
3093 1619 3267 1669 ποιεῖν
3298 1619 3377 1679 είς
3406 1618 3625 1688 ἐτέρους
3674 1617 3703 1670 δ
3739 1619 3813 1688 μὴ
3849 1620 3955 1672 πά-

2371 1721 2521 1774 σχειν
2550 1706 2704 1759 «om
2727 1707 2858 1777 παρ’
2880 1711 2947 1760 αὖ
2959 1708 3063 1760 τῶν
3092 1707 3368 1778 βούλονται
3390 1724 3406 1739 °
3431 1710 3594 1762 καλὸν
3615 1710 3671 1762 δέ
3693 1711 3753 1762 τὸ
3777 1713 3960 1763 ποιεῖν

2370 1799 2450 1859 είς
2477 1797 2718 1862 ἐκείνους
2776 1799 2803 1852 ὃ
2840 1799 2935 1852 καὶ
2967 1801 3123 1854 αὐτοὶ
3154 1803 3382 1872 πάσχειν
3413 1803 3563 1871 παρά
3596 1802 3801 1854 τούτων
3835 1801 3959 1854 ἐθέο

2285 1857 2328 1915 Β
2367 1888 2573 1943 λουσιν.

2438 1998 2503 2064 ζ’.
2534 1999 2736 2053 Πάντα
2763 2000 3008 2054 ἐναντία
3031 2001 3202 2068 ἀνδρὶ
3234 2001 3470 2070 ἄφρονι.
3502 2000 3569 2056 Ἀ
3581 2003 3865 2057 πανταμτά
3892 2021 3954 2056 τε

2366 2090 2493 2162 ἡδέα
2529 2092 2624 2144 καὶ
2651 2091 2717 2144 τά
2745 2091 2968 2159 ἀλγεινά
3021 2094 3098 2155 είς
3128 2093 3332 2164 βλὰόην
3362 2095 3648 2149 ἀποόαίνει
3679 2096 3757 2165 τῷ
3788 2098 3957 2167 ἀνοή-

2363 2197 2461 2250 τῳ,
2496 2181 2685 2245 κακῶς
2731 2183 2790 2234 ἐν
2819 2181 3031 2246 τούτοις
3077 2185 3270 2237 ἐαυτὸν
3319 2185 3618 2252 διεξάγοντι
3646 2202 3660 2216 ·
3702 2186 3778 2249 ὡς
3812 2190 3955 2256 μήτε

2365 2273 2474 2335 τοῖς
2496 2272 2648 2342 ἡδέσι
2677 2273 2970 2344 σωφρόνως
2994 2275 3284 2345 χρωμένῳ,
3312 2275 3399 2327 διὰ
3425 2275 3486 2327 τὸ
3517 2276 3592 2345 μὴ
3623 2276 3700 2329 ὅτ’
3731 2276 3960 2330 εὐπλοεῖ

667 2370 808 2424 bello
862 2371 1150 2438 navigans.
1194 2367 1541 2437 tempestatis
1582 2367 1965 2430 obliviscitur;
2003 2364 2260 2420 dolorosa

2365 2361 2534 2431 ζάλης
2568 2365 2920 2435 μεμνῆσθαι,
2970 2366 3098 2436 μήθ’
3123 2365 3452 2436 ὐποφέροντι
3483 2367 3550 2419 τά
3583 2367 3832 2434 ἀλγεινὰ,
3865 2369 3958 2422 διὰ

668 2480 775 2517 non
819 2462 1032 2525 sull‘ert,
1070 2464 1198 2532 quia
1246 2478 1311 2516 ex
1363 2462 1449 2516 his
1501 2461 1888 2514 liberationem
1931 2475 2040 2513 non
2076 2467 2262 2526 sperat
2304 2512 2313 2522 ,

669 2571 847 2623 neque
883 2555 1216 2621 mercedem,
1257 2568 1445 2623 quam,
1486 2552 1790 2608 tolerandis
1826 2552 2026 2607 exinde
2056 2550 2259 2622 pannis,

669 2648 922 2716 rec=pict.

737 2776 775 2826 Α
790 2792 903 2827 rma
937 2791 1146 2837 sensus,
1183 2774 1329 2826 labia
1362 2774 1652 2841 sapientia.
1683 2770 1754 2826 Ut
1781 2771 2074 2827 stultitiam
2104 2783 2259 2825 suam

665 2866 918 2936 abjiciat,
950 2881 1101 2918 arma
1146 2865 1394 2918 scientiae
1431 2874 1560 2918 Sunt
1601 2863 1789 2927 verba,
1822 2878 1943 2933 qua
1972 2863 2260 2917 veritatem

666 2959 950 3028 perlucide
984 2958 1323 3011 annuntiant
1350 2964 1404 3010 et
1439 2956 1802 3010 domesticam
1835 2956 2001 3008 vitam
2033 2953 2100 3008 ad
2131 2967 2260 3006 nor-

675 3068 817 3105 mum
857 3050 1089 3103 rationis
1127 3049 1402 3118 redigunt.

2362 2459 2422 2511 τὸ
2461 2459 2535 2529 μὴ
2571 2460 2813 2524 ἐλπίζειν
2861 2462 3016 2515 λύσιν
3058 2463 3285 2525 τούτων,
3332 2463 3425 2516 καὶ
3466 2463 3818 2524 ἀντιμισθίαν
3854 2465 3959 2534 τῆς

2362 2546 2470 2604 τῶν
2499 2550 2585 2602 ἐπ’
2617 2552 2801 2615 αὐτοῖς
2829 2553 3006 2606 πόνων
3043 2553 3345 2624 ὑπομονῆς.

2434 2772 2630 2826 Ὅπλα
2677 2772 2746 2826 δὲ
2793 2774 3139 2840 αἰσθήσεως
3189 2777 3363 2843 χείλη
3405 2777 3586 2846 σοφά.
3629 2779 3773 2848 Πρδς
3811 2779 3868 2832 δὲ
3897 2779 3963 2833 rb

2363 2862 2693 2917 καταϐαλεῖν
2734 2864 2834 2933 τὴν
2860 2864 3051 2917 τούτου
3087 2866 3294 2929 ἄνοιαν,
3325 2865 3579 2932 γνώσεως
3617 2866 3779 2928 ὅπλα,
3805 2866 3961 2934 λόγοι

2361 2954 2422 3006 τὸ
2450 2955 2648 3024 ἀληθὲς
2666 2956 2880 3026 τρανῶς
2910 2955 3369 3024 ἀπαγγέλλοντες,
3401 2957 3542 3010 κατὰ
3576 2957 3734 3025 λόγον
3760 2958 3861 3029 τὴν
3881 2961 3965 3011 ot-

2359 3047 2515 3102 κείαν
2547 3048 2727 3119 βιοτὴν
2759 3049 3121 3116 διεξάγοντες.

739 3177 906 3230 Vens.
945 3176 997 3229 8.
1039 3174 1317 3242 Sapientia
1351 3173 1668 3227 callidorum
1726 3179 1998 3242 cognoscet
2027 3170 2138 3224 vias
2169 3183 2258 3222 eo-

2433 3177 2502 3247 η’,
2546 3181 2735 3247 Σοφία
2783 3168 3153 3248 πανούργων
3186 3179 3582 3250 ἐπιγνώσεται
3634 3181 3744 3246 τὰς
3775 3181 3964 3247 ὀδοὺς

670 3287 810 3325 rum.
839 3269 941 3333 Qui
978 3268 1119 3321 bona
1149 3268 1333 3321 indole
1369 3282 1464 3336 per
1494 3267 1677 3320 omnia
1720 3263 2031 3319 evenientia
2077 3271 2260 3315 trans-

665 3362 1012 3432 grediuntur,
1049 3369 1102 3415 et
1137 3361 1246 3416 iilis
1283 3362 1349 3414 ad
1397 3360 1746 3413 commodum
1792 3366 2042 3423 utuntur,
2077 3357 2262 3410 sciunt

666 3456 946 3524 quomodo
986 3455 1269 3508 ambulent
1304 3472 1316 3509 :
1354 3456 1552 3508 exinde
1596 3464 1648 3507 et
1693 3453 1994 3521 pendentes
2040 3450 2261 3504 malitia:

665 3549 931 3618 scopulos
963 3557 1016 3600 ct
1051 3547 1311 3601 barathra
1355 3546 1645 3616 effugiunt,
1681 3544 1990 3614 inllcxoque
2023 3543 2157 3612 pede
2192 3541 2258 3596 ad

663 3645 926 3697 ultimum
962 3641 1241 3696 tramitem
1274 3640 1561 3695 festinant.

741 3772 992 3826 Stultitia
1029 3771 1395 3838 insipientium
1428 3770 1482 3823 in
1513 3784 1712 3823 errore.
1754 3767 1857 3833 Qui
1893 3767 2014 3822 sine
2045 3766 2259 3820 ratione

664 3863 882 3925 vivunt,
921 3872 1112 3916 errant
1143 3876 1172 3914 a
1214 3862 1444 3914 veritate
1478 3867 1532 3914 et
1569 3861 1636 3912 ad
1669 3857 1872 3913 bonum
1906 3873 2014 3912 non
2047 3857 2258 3928 pertin-

661 3965 818 4024 gnnt.

741 4080 906 4132 Vens.
943 4079 996 4133 9.
1039 4076 1244 4132 Domus
1297 4079 1600 4148 iniquorum
1639 4078 2011 4147 puriﬁcatione
2055 4077 2257 4146 indige-

662 4176 813 4224 bunt.
887 4172 1080 4224 Divina
1142 4171 1402 4224 mandata
1462 4171 1920 4240 perfringentium
1985 4182 2253 4237 corpora,

662 4266 777 4327 ubi,
805 4281 904 4317 ceu
939 4266 991 4317 in
1023 4263 1353 4333 quibusdam
1386 4262 1664 4325 domibus,
1691 4262 1756 4314 ad
1793 4269 2024 4315 mortem
2057 4276 2252 4330 usque,

659 4364 1012 4426 permanent,
1042 4357 1168 4424 quia
1205 4370 1440 4423 corpora
1475 4355 1565 4406 illa
1593 4354 1750 4421 juxta
1781 4354 1929 4407 viros
1969 4367 2100 4407 suos
2133 4369 2256 4420 pas-

661 4446 917 4503 sionibus
956 4450 1345 4517 inquinantur,
1391 4449 1652 4516 operibus
1693 4447 1775 4500 vel
1826 4456 2018 4516 sponte
2060 4461 2254 4500 susce-

659 4545 769 4613 ptis
806 4544 890 4597 vel
922 4542 1203 4611 impositis
1235 4540 1515 4610 puriﬁcari
1552 4539 1774 4593 debent.
1868 4545 1875 4552 °

729 4694 931 4747 Domus
988 4704 1164 4747 autem
1230 4694 1506 4762 justorum
1572 4691 1942 4760 acceptabiles.
2007 4690 2251 4759 Corpora

653 4804 872 4853 eorum,
909 4787 1004 4857 qui
1035 4789 1155 4842 sine
1187 4785 1494 4841 otIeusione
1523 4788 1944 4848 conversantur,
1989 4800 2086 4856 per
2117 4799 2250 4854 ope-

656 4884 928 4936 rationem
969 4882 1324 4936 deducuntur
1354 4880 1421 4932 ad
1476 4878 1644 4931 Deum
1699 4888 1752 4933 et
1797 4878 1872 4931 illi
1916 4889 2044 4932 sunt
2081 4878 2254 4932 sacri-

654 4977 844 5029 licium
879 4976 1116 5029 multum
1150 4973 1512 5041 acceptabile.
1849 5025 1853 5030 ,
2160 4974 2165 4980 ’

732 5105 898 5159 Vens.
929 5105 1017 5158 10.
1053 5104 1156 5158 Cor
1183 5103 1409 5156 hominis
1449 5100 1700 5155 sensibile
1724 5100 2029 5153 dolorosum
2060 5099 2253 5150 anima:

649 5200 839 5264 ipsius.
878 5198 985 5253 Cor
1020 5198 1287 5260 hominis,
1323 5225 1394 5237 —
1423 5195 1568 5263 quod
1602 5196 1727 5248 hinc
1760 5193 2026 5247 sensitive
2051 5193 2254 5262 jucun-

649 5294 757 5354 dis,
790 5294 894 5348 sibi
934 5307 962 5344 a
1007 5292 1207 5360 spiritu
1241 5289 1601 5343 circumfusis
1635 5300 1906 5351 versatur,
1939 5297 1991 5340 et
2026 5287 2253 5340 irratio-

657 5388 896 5442 nubilem
931 5386 1138 5440 excitat
1173 5383 1524 5454 cupidinem;
1561 5383 1711 5436 illinc
1749 5391 1952 5441 autem,
1987 5379 2253 5450 sanguine

652 5482 708 5533 in
757 5479 1079 5549 pectoribus
1117 5476 1388 5540 fervente,
1440 5477 1623 5531 denuo
1675 5475 1954 5528 dolorosis
1988 5490 2086 5544 per
2121 5489 2251 5528 sen-

650 5590 775 5627 sum
810 5571 1053 5626 adhaeret
1088 5581 1139 5625 et
1177 5586 1365 5642 parem
1402 5579 1613 5624 tnottnn
1651 5569 1877 5629 excitat,
1912 5593 1980 5606 --
2010 5567 2251 5620 animum

649 5665 968 5720 istiusmodi
1001 5665 1247 5719 hominis
1283 5673 1338 5719 et
1369 5662 1732 5719 conscientiae
1799 5659 2020 5732 probris
2051 5675 2254 5729 augere

642 5759 964 5820 consuevit,
1005 5757 1234 5828 insuper
1269 5765 1324 5813 et
1356 5755 1528 5814 variis
1566 5756 1694 5811 inde
1729 5754 2083 5827 surgentibus
2115 5755 2252 5808 irre-

631 5855 707 5908 'tit
739 5851 1166 5924 cupiditatibus.

2362 3269 2581 3324 αὐτῶν.
2615 3273 2674 3324 Ol
2707 3271 2885 3324 πάντα
2913 3271 3125 3340 εὐφυῶς
3153 3271 3220 3323 τὰ
3255 3271 3668 3341 προσπίπτοντα
3697 3274 3966 3342 μετερχό-

2365 3379 2541 3434 μενοι,
2573 3364 2668 3416 καὶ
2717 3365 2925 3428 τούτοις
2968 3363 3104 3434 πρὸς
3139 3364 3408 3433 ὠφέλειαν
3450 3364 3746 3436 χρώμενοι,
3783 3366 3965 3419 οἴδασι

2363 3452 2481 3515 πῶς
2524 3453 2923 3524 περιπατοῦσι’
2948 3454 3248 3516 ,κάντεῐθεν
3285 3455 3384 3524 τῆς
3416 3456 3611 3515 κακίας
3653 3457 3782 3520 τοὺς
3823 3475 3965 3528 κρη-

2365 3544 2530 3615 μνοὺς
2560 3547 2654 3598 καὶ
2683 3546 2751 3598 τά
2792 3545 3041 3617 βάραθρα
3075 3547 3480 3615 διαφεύγοντες,
3514 3549 3964 3620 ἀμετάστρεπτοι

2361 3636 2501 3706 πρὸς
2529 3637 2591 3688 τὸ
2618 3636 2846 3707 ἔσχατον
2875 3637 3187 3706 ἐπείγονται
3209 3640 3452 3704 ὀρεκτόν.

2436 3762 2633 3816 Ἄνοια
2657 3761 2724 3816 δὲ
2745 3763 3027 3832 ἀφρόνων
3044 3763 3115 3817 ἐν
3135 3763 3360 3832 πλάνῃ.
3386 3764 3448 3817 Oi
3479 3765 3524 3817 δ’
3545 3739 3759 3833 ἀλόγως
3785 3767 3965 3837 βιοῦν-

2360 3865 2472 3913 τες,
2504 3851 2926 3906 ἀποπλανῶνται
2957 3852 3055 3923 τῆς
3082 3851 3362 3924 ἀληθείας,
3389 3855 3484 3909 καὶ
3513 3856 3962 3928 ἀποτυγχάνουσι

2357 3942 2452 3995 τοῦ
2476 3943 2706 4012 ἀγαθοῦ.

2430 4066 2495 4120 θ’.
2529 4068 2718 4120 Οίκίαι
2744 4070 3106 4138 παρανόμων
3129 4069 3532 4139 ὀφειλήσουσι
3556 4075 3956 4140 καθαρισμόν.

2361 4157 2441 4210 Τὰ
2475 4157 2586 4210 τῶν
2621 4159 2720 4222 τὰς
2751 4159 2903 4223 θείας
2931 4162 3152 4225 ἐντολὰς
3201 4163 3656 4231 παραϐαινόντων
3701 4164 3958 4238 σώματα,

2360 4253 2418 4303 ἐν
2453 4247 2536 4313 οἷς
2567 4253 2624 4305 αἱ
2649 4253 2856 4306 τούτων
2889 4254 3077 4323 ψυχαὶ,
3105 4256 3210 4318 ἕως
3237 4255 3490 4317 θανάτου,
3517 4257 3594 4319 ὥς
3622 4274 3767 4310 τισιν
3800 4261 3964 4329 abdi-

2362 4361 2496 4414 μασι
2529 4348 2962 4416 παραμένουσιν,
3000 4347 3189 4418 ἐπειδὴ
3233 4352 3347 4412 τοῖς
3381 4348 3503 4402 κατ’
3531 4349 3819 4418 ἐνέργειαν
3860 4370 3956 4421 μοι

2358 4436 2606 4491 λύνονται
2664 4439 2883 4504 πάθεσι,
2939 4440 3298 4509 δεηθήσονται
3349 4441 3449 4511 τῆς
3499 4441 3567 4494 δι’
3596 4443 3870 4496 ἑκουσίων
3923 4445 3960 4516 ἢ

2282 4550 2330 4606 Ι)
2359 4531 2632 4585 ἀκουσίων
2666 4533 2846 4585 πόνων
2876 4533 3221 4604 καθάρσεως.

2423 4684 2614 4735 ΟἱκΙαι
2649 4683 2716 4736 δὲ
2746 4684 2992 4738 δικαίων
3031 4685 3254 4737 δεκταί.
3285 4685 3365 4737 Τά
3408 4685 3464 4736 δὲ
3498 4683 3607 4737 τῶν
3643 4685 3961 4754 ἀμέμπτως

2356 4779 2794 4849 πολιτευομένων
2827 4779 3078 4849 σώματα,
3110 4780 3250 4833 κατά
3291 4781 3492 4849 πρᾶξιν
3517 4779 3637 4850 Θεῷ
3674 4783 3966 4851 προααγό-
4035 4789 4038 4791 λ

2359 4890 2520 4941 μενα,
2559 4871 2720 4925 θυσία
2754 4872 3154 4943 εὐπρόσδεκτος
3181 4871 3356 4941 τούτῳ
3382 4871 3750 4942 ὑπάρχουσιν.

2427 5112 2480 5159 ι’.
2509 5105 2731 5173 Καρδία
2751 5105 2974 5173 ἀνδρὸς
3002 5105 3346 5172 αίσθητικὴ,
3375 5105 3617 5173 λυπηρά
3643 5107 3826 5176 ψυχῇ
3855 5112 3962 5163 at)-

2354 5198 2482 5255 τοῦ.
2534 5198 2846 5269 Ἀνθρώπου
2885 5199 3103 5269 καρδία,
3137 5199 3230 5251 ἐπὶ
3269 5199 3369 5268 μὲν
3394 5201 3508 5262 τοῖς
3540 5199 3664 5252 κατ’
3700 5203 3961 5270 αἴσθησιν

2355 5290 2506 5360 ἡδέσι
2532 5290 2780 5360 διάχυσιν
2803 5291 2893 5343 τοῦ
2921 5292 3050 5361 περὶ
3074 5289 3246 5358 αὐτὴν
3277 5290 3594 5361 πνεύματος
3624 5297 3959 5364 ποιουμένη,

2356 5384 2449 5435 καὶ
2478 5382 2576 5452 τὴν
2603 5383 2799 5450 ἄλογον
2829 5381 3127 5452 ἐπιθυμίαν
3157 5381 3464 5452 ὑφιστῶσα,
3492 5382 3585 5435 ἐπὶ
3613 5382 3671 5436 δὲ
3695 5388 3810 5446 τοῖς
3839 5387 3960 5438 κατ’

2355 5475 2610 5544 αἴσθησιν
2653 5476 2944 5543 ἀλγεινοῖς,
2998 5475 3148 5540 ζέσιν
3186 5473 3279 5528 τοῦ
3331 5475 3457 5544 περὶ
3497 5473 3668 5545 αὐτὴν
3724 5478 3962 5545 αἵματος

2354 5567 2510 5630 αὖθις
2567 5569 2890 5638 ποιουμένη,
2937 5571 3032 5620 καὶ
3080 5567 3171 5620 τὸν
3215 5569 3402 5637 ὅμοιον
3438 5567 3611 5636 θυμὸν
3646 5567 3957 5635 ὑφιστῶσα,

2355 5661 2548 5712 λυπεῖν
2583 5661 2742 5712 εἴωθε
2775 5661 2868 5712 τοῦ
2901 5659 3143 5713 τοιούτου
3178 5659 3371 5730 ἀνδρὸς
3392 5659 3492 5731 τὴν
3522 5660 3729 5730 ψυχὴν,
3762 5659 3841 5729 τῷ
3867 5662 3958 5714 τοῦ

2357 5753 2661 5813 συνειδότος
2698 5753 2926 5824 ἐλέγχῳ,
2980 5753 3063 5822 ἐφ’
3102 5746 3185 5815 οἷς
3227 5751 3478 5806 ἐντεῦθεν
3521 5753 3806 5818 παντοίοις
3843 5754 3957 5808 ἀλί-

2358 5861 2547 5898 σκεται
2584 5843 2832 5899 πάθεσιν.
