  <div class='ocr_page' id='page_1' title='image "/cluster/home/n/w/nwhite01/storage/ocr_20150623/87 pt.1/nnc1.0046979824/700.png"; bbox 0 0 4220 6462; ppageno 0'>
   <div class='ocr_carea' id='block_1_1' title="bbox 329 366 464 438">
    <p class='ocr_par' dir='ltr' id='par_1_1' title="bbox 329 366 464 438">
     <span class='ocr_line' id='line_1_1' title="bbox 329 366 464 438; baseline -0.03 0"><span class='ocrx_word' id='word_1_1' title='bbox 329 366 464 438; x_wconf 75' lang='grc'><strong>1361</strong></span> 
     </span>
    </p>
   </div>
   <div class='ocr_carea' id='block_1_2' title="bbox 1333 382 2475 443">
    <p class='ocr_par' dir='ltr' id='par_1_2' title="bbox 1333 382 2475 443">
     <span class='ocr_line' id='line_1_2' title="bbox 1333 382 2475 443; baseline 0.002 -3"><span class='ocrx_word' id='word_1_2' title='bbox 1333 382 1868 440; x_wconf 68' lang='grc' dir='ltr'><strong>(ΣΟΜΜΕΝΤΑΗΙΙ</strong></span> <span class='ocrx_word' id='word_1_3' title='bbox 1912 383 1991 442; x_wconf 80' lang='lat' dir='ltr'><strong>1N</strong></span> <span class='ocrx_word' id='word_1_4' title='bbox 2016 383 2475 443; x_wconf 76' lang='lat' dir='ltr'><strong>PROVERBIA.</strong></span> 
     </span>
    </p>
   </div>
   <div class='ocr_carea' id='block_1_3' title="bbox 3470 373 3604 436">
    <p class='ocr_par' dir='ltr' id='par_1_3' title="bbox 3470 373 3604 436">
     <span class='ocr_line' id='line_1_3' title="bbox 3470 373 3604 436; baseline -0.022 0"><span class='ocrx_word' id='word_1_5' title='bbox 3470 373 3604 436; x_wconf 73' lang='lat'><strong>1362</strong></span> 
     </span>
    </p>
   </div>
   <div class='ocr_carea' id='block_1_4' title="bbox 407 483 1921 560">
    <p class='ocr_par' dir='ltr' id='par_1_4' title="bbox 407 486 1911 557">
     <span class='ocr_line' id='line_1_4' title="bbox 407 486 1911 557; baseline 0.004 -20"><span class='ocrx_word' id='word_1_6' title='bbox 407 487 593 538; x_wconf 81' lang='grc' dir='ltr'><strong>Ὅταν</strong></span> <span class='ocrx_word' id='word_1_7' title='bbox 637 486 688 538; x_wconf 77' lang='grc' dir='ltr'><strong>δ’</strong></span> <span class='ocrx_word' id='word_1_8' title='bbox 729 489 1144 557; x_wconf 72' lang='grc' dir='ltr'><strong>εὐφραίνηται,</strong></span> <span class='ocrx_word' id='word_1_9' title='bbox 1179 491 1288 542; x_wconf 81' lang='grc' dir='ltr'><strong>οὐκ</strong></span> <span class='ocrx_word' id='word_1_10' title='bbox 1320 491 1697 557; x_wconf 75' lang='grc' dir='ltr'><strong>ἐπιμίγνυται</strong></span> <span class='ocrx_word' id='word_1_11' title='bbox 1737 492 1911 557; x_wconf 75' lang='grc' dir='ltr'><strong>ὕϐρε-</strong></span> 
     </span>
    </p>
   </div>
   <div class='ocr_carea' id='block_1_5' title="bbox 2028 483 3604 560">
    <p class='ocr_par' dir='ltr' id='par_1_5' title="bbox 2093 483 3604 560">
     <span class='ocr_line' id='line_1_5' title="bbox 2093 483 3604 560; baseline -0.008 -16"><span class='ocrx_word' id='word_1_12' title='bbox 2093 492 2228 544; x_wconf 85' lang='lat' dir='ltr'><strong>Dum</strong></span> <span class='ocrx_word' id='word_1_13' title='bbox 2286 493 2516 560; x_wconf 82' lang='lat' dir='ltr'><strong>gaudent</strong></span> <span class='ocrx_word' id='word_1_14' title='bbox 2577 504 2632 542; x_wconf 82' lang='lat' dir='ltr'><strong>se</strong></span> <span class='ocrx_word' id='word_1_15' title='bbox 2678 504 2779 540; x_wconf 90' lang='lat' dir='ltr'><strong>non</strong></span> <span class='ocrx_word' id='word_1_16' title='bbox 2821 487 3124 538; x_wconf 83' lang='lat' dir='ltr'><strong>immiscuut</strong></span> <span class='ocrx_word' id='word_1_17' title='bbox 3181 483 3418 551; x_wconf 73' lang='lat' dir='ltr'><strong>injuriis.</strong></span> <span class='ocrx_word' id='word_1_18' title='bbox 3468 484 3604 532; x_wconf 65' lang='lat' dir='ltr'><strong>(tum</strong></span> 
     </span>
    </p>
   </div>
   <div class='ocr_carea' id='block_1_6' title="bbox 333 579 1913 652">
    <p class='ocr_par' dir='ltr' id='par_1_6' title="bbox 333 579 1913 652">
     <span class='ocr_line' id='line_1_6' title="bbox 333 579 1913 652; baseline 0.002 -22"><span class='ocrx_word' id='word_1_19' title='bbox 333 595 456 631; x_wconf 88' lang='grc' dir='ltr'><strong>σιν.</strong></span> <span class='ocrx_word' id='word_1_20' title='bbox 493 580 619 630; x_wconf 82' lang='grc' dir='ltr'><strong>Ὅτε</strong></span> <span class='ocrx_word' id='word_1_21' title='bbox 650 579 705 630; x_wconf 78' lang='grc' dir='ltr'><strong>δὲ</strong></span> <span class='ocrx_word' id='word_1_22' title='bbox 749 581 782 648; x_wconf 82' lang='grc' dir='ltr'><strong>η</strong></span> <span class='ocrx_word' id='word_1_23' title='bbox 817 581 965 649; x_wconf 69' lang='grc' dir='ltr'><strong>ψυχὴ</strong></span> <span class='ocrx_word' id='word_1_24' title='bbox 994 581 1374 650; x_wconf 83' lang='grc' dir='ltr'><strong>πνευματικὴν</strong></span> <span class='ocrx_word' id='word_1_25' title='bbox 1410 581 1674 649; x_wconf 88' lang='grc' dir='ltr'><strong>κέκτηται</strong></span> <span class='ocrx_word' id='word_1_26' title='bbox 1715 584 1913 652; x_wconf 77' lang='grc' dir='ltr'><strong>εὐφρο-</strong></span> 
     </span>
    </p>
   </div>
   <div class='ocr_carea' id='block_1_7' title="bbox 333 669 1914 742">
    <p class='ocr_par' dir='ltr' id='par_1_7' title="bbox 333 669 1914 742">
     <span class='ocr_line' id='line_1_7' title="bbox 333 669 1914 742; baseline 0.004 -22"><span class='ocrx_word' id='word_1_27' title='bbox 333 670 520 738; x_wconf 76' lang='grc' dir='ltr'><strong>σύνην,</strong></span> <span class='ocrx_word' id='word_1_28' title='bbox 553 669 952 742; x_wconf 83' lang='grc' dir='ltr'><strong>ἀπηλλαγμένη</strong></span> <span class='ocrx_word' id='word_1_29' title='bbox 993 672 1088 740; x_wconf 57' lang='grc' dir='ltr'><strong>τῆς</strong></span> <span class='ocrx_word' id='word_1_30' title='bbox 1122 673 1231 725; x_wconf 82' lang='grc' dir='ltr'><strong>τῶν</strong></span> <span class='ocrx_word' id='word_1_31' title='bbox 1263 672 1451 725; x_wconf 83' lang='grc' dir='ltr'><strong>παθῶν</strong></span> <span class='ocrx_word' id='word_1_32' title='bbox 1489 673 1712 742; x_wconf 76' lang='grc' dir='ltr'><strong>ἀτιμίας</strong></span> <span class='ocrx_word' id='word_1_33' title='bbox 1748 675 1914 726; x_wconf 79' lang='grc' dir='ltr'><strong>ἐστίν.</strong></span> 
     </span>
    </p>
   </div>
   <div class='ocr_carea' id='block_1_8' title="bbox 408 796 1919 869">
    <p class='ocr_par' dir='ltr' id='par_1_8' title="bbox 408 796 1919 869">
     <span class='ocr_line' id='line_1_8' title="bbox 408 796 1919 869; baseline 0.005 -23"><span class='ocrx_word' id='word_1_34' title='bbox 408 803 496 848; x_wconf 84' lang='grc' dir='ltr'><strong>ια’.</strong></span> <span class='ocrx_word' id='word_1_35' title='bbox 532 799 722 849; x_wconf 77' lang='grc' dir='ltr'><strong>Οικιάι</strong></span> <span class='ocrx_word' id='word_1_36' title='bbox 751 796 989 850; x_wconf 75' lang='grc' dir='ltr'><strong>ἀσεϐῶν</strong></span> <span class='ocrx_word' id='word_1_37' title='bbox 1012 798 1551 866; x_wconf 64' lang='grc' dir='ltr'><strong>ἀφανισθήσονται.</strong></span> <span class='ocrx_word' id='word_1_38' title='bbox 1581 801 1665 855; x_wconf 89' lang='grc' dir='ltr'><strong>Τά</strong></span> <span class='ocrx_word' id='word_1_39' title='bbox 1692 801 1919 869; x_wconf 85' lang='grc' dir='ltr'><strong>σώματα</strong></span> 
     </span>
    </p>
   </div>
   <div class='ocr_carea' id='block_1_9' title="bbox 331 887 1921 959">
    <p class='ocr_par' dir='ltr' id='par_1_9' title="bbox 331 887 1921 959">
     <span class='ocr_line' id='line_1_9' title="bbox 331 887 1921 959; baseline 0.004 -22"><span class='ocrx_word' id='word_1_40' title='bbox 331 887 441 938; x_wconf 81' lang='grc' dir='ltr'><strong>τῶν</strong></span> <span class='ocrx_word' id='word_1_41' title='bbox 484 889 557 957; x_wconf 80' lang='grc' dir='ltr'><strong>μὴ</strong></span> <span class='ocrx_word' id='word_1_42' title='bbox 594 889 660 939; x_wconf 83' lang='grc' dir='ltr'><strong>δι’</strong></span> <span class='ocrx_word' id='word_1_43' title='bbox 693 889 1060 959; x_wconf 84' lang='grc' dir='ltr'><strong>ἀγαθοεργίας</strong></span> <span class='ocrx_word' id='word_1_44' title='bbox 1097 888 1380 958; x_wconf 83' lang='grc' dir='ltr'><strong>τιμώντων</strong></span> <span class='ocrx_word' id='word_1_45' title='bbox 1413 891 1567 954; x_wconf 78' lang='grc' dir='ltr'><strong>Θεὸν,</strong></span> <span class='ocrx_word' id='word_1_46' title='bbox 1623 893 1715 946; x_wconf 69' lang='grc' dir='ltr'><strong>καὶ</strong></span> <span class='ocrx_word' id='word_1_47' title='bbox 1748 896 1775 945; x_wconf 99' lang='lat'><strong>6</strong></span> <span class='ocrx_word' id='word_1_48' title='bbox 1826 893 1921 944; x_wconf 81' lang='lat' dir='ltr'><strong>x6-</strong></span> 
     </span>
    </p>
   </div>
   <div class='ocr_carea' id='block_1_10' title="bbox 335 972 1916 1053">
    <p class='ocr_par' dir='ltr' id='par_1_10' title="bbox 335 972 1916 1053">
     <span class='ocr_line' id='line_1_10' title="bbox 335 972 1916 1053; baseline 0.006 -25"><span class='ocrx_word' id='word_1_49' title='bbox 335 995 472 1044; x_wconf 81' lang='grc' dir='ltr'><strong>σμος</strong></span> <span class='ocrx_word' id='word_1_50' title='bbox 522 974 674 1041; x_wconf 70' lang='grc' dir='ltr'><strong>οὗτος</strong></span> <span class='ocrx_word' id='word_1_51' title='bbox 723 981 781 1031; x_wconf 84' lang='grc' dir='ltr'><strong>ὲν</strong></span> <span class='ocrx_word' id='word_1_52' title='bbox 823 972 867 1046; x_wconf 82' lang='grc' dir='ltr'>ᾧ</span> <span class='ocrx_word' id='word_1_53' title='bbox 914 981 982 1033; x_wconf 78' lang='grc' dir='ltr'><strong>δι’</strong></span> <span class='ocrx_word' id='word_1_54' title='bbox 1021 981 1199 1032; x_wconf 78' lang='grc' dir='ltr'><strong>αὐτῶν</strong></span> <span class='ocrx_word' id='word_1_55' title='bbox 1242 981 1302 1032; x_wconf 86' lang='grc' dir='ltr'><strong>τὸ</strong></span> <span class='ocrx_word' id='word_1_56' title='bbox 1351 983 1654 1053; x_wconf 85' lang='grc' dir='ltr'><strong>πολίτευμα</strong></span> <span class='ocrx_word' id='word_1_57' title='bbox 1697 984 1916 1053; x_wconf 79' lang='grc' dir='ltr'><strong>ἔχουσι·</strong></span> 
     </span>
    </p>
   </div>
   <div class='ocr_carea' id='block_1_11' title="bbox 334 1068 1920 1145">
    <p class='ocr_par' dir='ltr' id='par_1_11' title="bbox 334 1068 1920 1145">
     <span class='ocr_line' id='line_1_11' title="bbox 334 1068 1920 1145; baseline 0.006 -28"><span class='ocrx_word' id='word_1_58' title='bbox 334 1068 463 1137; x_wconf 67' lang='grc' dir='ltr'><strong>περὶ</strong></span> <span class='ocrx_word' id='word_1_59' title='bbox 497 1070 531 1120; x_wconf 71' lang='grc' dir='ltr'>ἃ</span> <span class='ocrx_word' id='word_1_60' title='bbox 558 1070 654 1137; x_wconf 82' lang='grc' dir='ltr'><strong>οὐχ</strong></span> <span class='ocrx_word' id='word_1_61' title='bbox 686 1070 760 1131; x_wconf 81' lang='grc' dir='ltr'><strong>ὡς</strong></span> <span class='ocrx_word' id='word_1_62' title='bbox 790 1071 1078 1140; x_wconf 82' lang='grc' dir='ltr'><strong>παροδικά,</strong></span> <span class='ocrx_word' id='word_1_63' title='bbox 1111 1071 1224 1122; x_wconf 81' lang='grc' dir='ltr'><strong>ἀλλ’</strong></span> <span class='ocrx_word' id='word_1_64' title='bbox 1255 1071 1332 1133; x_wconf 82' lang='grc' dir='ltr'><strong>ὡς</strong></span> <span class='ocrx_word' id='word_1_65' title='bbox 1359 1072 1554 1126; x_wconf 86' lang='grc' dir='ltr'><strong>αίώνια</strong></span> <span class='ocrx_word' id='word_1_66' title='bbox 1587 1077 1920 1145; x_wconf 84' lang='grc' dir='ltr'><strong>κατοικητή-</strong></span> 
     </span>
    </p>
   </div>
   <div class='ocr_carea' id='block_1_12' title="bbox 337 1152 1923 1233">
    <p class='ocr_par' dir='ltr' id='par_1_12' title="bbox 337 1152 1923 1233">
     <span class='ocr_line' id='line_1_12' title="bbox 337 1152 1923 1233; baseline 0.006 -24"><span class='ocrx_word' id='word_1_67' title='bbox 337 1175 430 1226; x_wconf 88' lang='grc' dir='ltr'><strong>ρια</strong></span> <span class='ocrx_word' id='word_1_68' title='bbox 463 1152 608 1211; x_wconf 76' lang='grc' dir='ltr'><strong>οὗτοι</strong></span> <span class='ocrx_word' id='word_1_69' title='bbox 640 1161 965 1224; x_wconf 75' lang='grc' dir='ltr'><strong>διάκεινται,</strong></span> <span class='ocrx_word' id='word_1_70' title='bbox 986 1165 1049 1230; x_wconf 84' lang='grc' dir='ltr'><strong>τῇ</strong></span> <span class='ocrx_word' id='word_1_71' title='bbox 1084 1162 1260 1232; x_wconf 83' lang='grc' dir='ltr'><strong>φθορᾷ</strong></span> <span class='ocrx_word' id='word_1_72' title='bbox 1288 1164 1788 1233; x_wconf 76' lang='grc' dir='ltr'><strong>παραδοθήσονται·</strong></span> <span class='ocrx_word' id='word_1_73' title='bbox 1826 1168 1923 1219; x_wconf 73' lang='grc' dir='ltr'><strong>σὺν</strong></span> 
     </span>
    </p>
   </div>
   <div class='ocr_carea' id='block_1_13' title="bbox 333 1251 1922 1330">
    <p class='ocr_par' dir='ltr' id='par_1_13' title="bbox 333 1251 1922 1330">
     <span class='ocr_line' id='line_1_13' title="bbox 333 1251 1922 1330; baseline 0.007 -28"><span class='ocrx_word' id='word_1_74' title='bbox 333 1251 547 1314; x_wconf 88' lang='grc' dir='ltr'><strong>τούτοις</strong></span> <span class='ocrx_word' id='word_1_75' title='bbox 570 1253 614 1304; x_wconf 81' lang='grc' dir='ltr'><strong>δ’</strong></span> <span class='ocrx_word' id='word_1_76' title='bbox 643 1255 691 1305; x_wconf 84' lang='grc' dir='ltr'><strong>οἱ</strong></span> <span class='ocrx_word' id='word_1_77' title='bbox 726 1253 958 1307; x_wconf 85' lang='grc' dir='ltr'><strong>τοιοῦτοι</strong></span> <span class='ocrx_word' id='word_1_78' title='bbox 985 1254 1201 1318; x_wconf 85' lang='grc' dir='ltr'><strong>πάντως</strong></span> <span class='ocrx_word' id='word_1_79' title='bbox 1229 1257 1318 1309; x_wconf 76' lang='grc' dir='ltr'><strong>καὶ</strong></span> <span class='ocrx_word' id='word_1_80' title='bbox 1345 1258 1444 1319; x_wconf 88' lang='grc' dir='ltr'><strong>τάς</strong></span> <span class='ocrx_word' id='word_1_81' title='bbox 1479 1259 1728 1323; x_wconf 77' lang='grc' dir='ltr'><strong>αἰωνίους</strong></span> <span class='ocrx_word' id='word_1_82' title='bbox 1758 1260 1922 1330; x_wconf 81' lang='grc' dir='ltr'><strong>μονὰς</strong></span> 
     </span>
    </p>
   </div>
   <div class='ocr_carea' id='block_1_14' title="bbox 332 1341 718 1396">
    <p class='ocr_par' dir='ltr' id='par_1_14' title="bbox 332 1341 718 1396">
     <span class='ocr_line' id='line_1_14' title="bbox 332 1341 718 1396; baseline 0.008 -4"><span class='ocrx_word' id='word_1_83' title='bbox 332 1341 718 1396; x_wconf 80' lang='grc' dir='ltr'><strong>ἀπολέσουσιν.</strong></span> 
     </span>
    </p>
   </div>
   <div class='ocr_carea' id='block_1_15' title="bbox 404 1467 1920 1541">
    <p class='ocr_par' dir='ltr' id='par_1_15' title="bbox 404 1467 1920 1541">
     <span class='ocr_line' id='line_1_15' title="bbox 404 1467 1920 1541; baseline 0.004 -21"><span class='ocrx_word' id='word_1_84' title='bbox 404 1469 626 1534; x_wconf 80' lang='grc' dir='ltr'><strong>Σκηναὶ</strong></span> <span class='ocrx_word' id='word_1_85' title='bbox 659 1467 727 1521; x_wconf 83' lang='grc' dir='ltr'><strong>δὲ</strong></span> <span class='ocrx_word' id='word_1_86' title='bbox 753 1471 1203 1536; x_wconf 77' lang='grc' dir='ltr'><strong>κατορθούντων</strong></span> <span class='ocrx_word' id='word_1_87' title='bbox 1237 1471 1591 1538; x_wconf 77' lang='grc' dir='ltr'><strong>στήσονται.</strong></span> <span class='ocrx_word' id='word_1_88' title='bbox 1619 1475 1920 1541; x_wconf 85' lang='grc' dir='ltr'><strong>Στήσονται</strong></span> 
     </span>
    </p>
   </div>
   <div class='ocr_carea' id='block_1_16' title="bbox 329 1559 1924 1635">
    <p class='ocr_par' dir='ltr' id='par_1_16' title="bbox 329 1559 1924 1635">
     <span class='ocr_line' id='line_1_16' title="bbox 329 1559 1924 1635; baseline 0.004 -25"><span class='ocrx_word' id='word_1_89' title='bbox 329 1559 384 1610; x_wconf 75' lang='grc' dir='ltr'><strong>δὲ</strong></span> <span class='ocrx_word' id='word_1_90' title='bbox 411 1559 470 1610; x_wconf 79' lang='grc' dir='ltr'><strong>τὸ</strong></span> <span class='ocrx_word' id='word_1_91' title='bbox 498 1561 721 1630; x_wconf 79' lang='grc' dir='ltr'><strong>σαρκίον</strong></span> <span class='ocrx_word' id='word_1_92' title='bbox 743 1578 801 1613; x_wconf 90' lang='grc' dir='ltr'><strong>τε</strong></span> <span class='ocrx_word' id='word_1_93' title='bbox 821 1563 912 1614; x_wconf 73' lang='grc' dir='ltr'><strong>καὶ</strong></span> <span class='ocrx_word' id='word_1_94' title='bbox 934 1565 960 1613; x_wconf 92' lang='lat'><strong>6</strong></span> <span class='ocrx_word' id='word_1_95' title='bbox 985 1563 1187 1631; x_wconf 81' lang='grc' dir='ltr'><strong>κόσμος</strong></span> <span class='ocrx_word' id='word_1_96' title='bbox 1229 1567 1340 1625; x_wconf 83' lang='grc' dir='ltr'><strong>τοῖς</strong></span> <span class='ocrx_word' id='word_1_97' title='bbox 1362 1565 1436 1626; x_wconf 85' lang='grc' dir='ltr'><strong>ὦς</strong></span> <span class='ocrx_word' id='word_1_98' title='bbox 1454 1582 1603 1626; x_wconf 88' lang='grc' dir='ltr'><strong>τινας</strong></span> <span class='ocrx_word' id='word_1_99' title='bbox 1624 1565 1924 1635; x_wconf 74' lang='grc' dir='ltr'><strong>παροδικὰς</strong></span> 
     </span>
    </p>
   </div>
   <div class='ocr_carea' id='block_1_17' title="bbox 333 1650 1928 1724">
    <p class='ocr_par' dir='ltr' id='par_1_17' title="bbox 333 1650 1928 1724">
     <span class='ocr_line' id='line_1_17' title="bbox 333 1650 1928 1724; baseline 0.004 -23"><span class='ocrx_word' id='word_1_100' title='bbox 333 1650 537 1718; x_wconf 78' lang='grc' dir='ltr'><strong>σκηνὰς</strong></span> <span class='ocrx_word' id='word_1_101' title='bbox 564 1650 736 1704; x_wconf 84' lang='grc' dir='ltr'><strong>ταῦτα</strong></span> <span class='ocrx_word' id='word_1_102' title='bbox 770 1651 1140 1721; x_wconf 80' lang='grc' dir='ltr'><strong>λογιζομένοις</strong></span> <span class='ocrx_word' id='word_1_103' title='bbox 1161 1694 1174 1716; x_wconf 96' lang='grc'><strong>,</strong></span> <span class='ocrx_word' id='word_1_104' title='bbox 1205 1654 1401 1707; x_wconf 77' lang='grc' dir='ltr'><strong>εἰδόσιν</strong></span> <span class='ocrx_word' id='word_1_105' title='bbox 1426 1655 1507 1706; x_wconf 82' lang='grc' dir='ltr'><strong>ὅτι</strong></span> <span class='ocrx_word' id='word_1_106' title='bbox 1529 1654 1594 1706; x_wconf 81' lang='grc' dir='ltr'><strong>τά</strong></span> <span class='ocrx_word' id='word_1_107' title='bbox 1628 1654 1928 1724; x_wconf 83' lang='grc' dir='ltr'><strong>φαινόμενα</strong></span> 
     </span>
    </p>
   </div>
   <div class='ocr_carea' id='block_1_18' title="bbox 332 1738 1927 1814">
    <p class='ocr_par' dir='ltr' id='par_1_18' title="bbox 332 1738 1927 1814">
     <span class='ocr_line' id='line_1_18' title="bbox 332 1738 1927 1814; baseline 0.003 -22"><span class='ocrx_word' id='word_1_108' title='bbox 332 1742 511 1795; x_wconf 87' lang='grc' dir='ltr'><strong>πάντα</strong></span> <span class='ocrx_word' id='word_1_109' title='bbox 576 1743 764 1795; x_wconf 80' lang='grc' dir='ltr'><strong>στάσιν</strong></span> <span class='ocrx_word' id='word_1_110' title='bbox 793 1743 894 1812; x_wconf 83' lang='grc' dir='ltr'><strong>τὴν</strong></span> <span class='ocrx_word' id='word_1_111' title='bbox 923 1744 978 1795; x_wconf 84' lang='grc' dir='ltr'><strong>ὲν</strong></span> <span class='ocrx_word' id='word_1_112' title='bbox 1006 1742 1218 1809; x_wconf 81' lang='grc' dir='ltr'><strong>γενέσει</strong></span> <span class='ocrx_word' id='word_1_113' title='bbox 1265 1744 1360 1796; x_wconf 76' lang='grc' dir='ltr'><strong>καὶ</strong></span> <span class='ocrx_word' id='word_1_114' title='bbox 1405 1738 1581 1814; x_wconf 80' lang='grc' dir='ltr'><strong>φθορᾷ</strong></span> <span class='ocrx_word' id='word_1_115' title='bbox 1622 1745 1804 1814; x_wconf 76' lang='grc' dir='ltr'><strong>ἔχουσι</strong></span> <span class='ocrx_word' id='word_1_116' title='bbox 1839 1745 1927 1796; x_wconf 86' lang='grc' dir='ltr'><strong>κί-</strong></span> 
     </span>
    </p>
   </div>
   <div class='ocr_carea' id='block_1_19' title="bbox 2023 573 3607 650">
    <p class='ocr_par' dir='ltr' id='par_1_19' title="bbox 2023 573 3607 650">
     <span class='ocr_line' id='line_1_19' title="bbox 2023 573 3607 650; baseline -0.007 -17"><span class='ocrx_word' id='word_1_117' title='bbox 2023 583 2202 634; x_wconf 89' lang='lat' dir='ltr'><strong>anima</strong></span> <span class='ocrx_word' id='word_1_118' title='bbox 2243 581 2532 650; x_wconf 83' lang='lat' dir='ltr'><strong>spirituale</strong></span> <span class='ocrx_word' id='word_1_119' title='bbox 2579 578 2826 650; x_wconf 89' lang='lat' dir='ltr'><strong>possidet</strong></span> <span class='ocrx_word' id='word_1_120' title='bbox 2874 577 3158 646; x_wconf 81' lang='lat' dir='ltr'><strong>gaudium,</strong></span> <span class='ocrx_word' id='word_1_121' title='bbox 3207 589 3234 626; x_wconf 88' lang='lat' dir='ltr'><strong>a</strong></span> <span class='ocrx_word' id='word_1_122' title='bbox 3285 573 3607 642; x_wconf 83' lang='lat' dir='ltr'><strong>passionum</strong></span> 
     </span>
    </p>
   </div>
   <div class='ocr_carea' id='block_1_20' title="bbox 2022 672 2663 740">
    <p class='ocr_par' dir='ltr' id='par_1_20' title="bbox 2022 672 2663 740">
     <span class='ocr_line' id='line_1_20' title="bbox 2022 672 2663 740; baseline -0.006 -16"><span class='ocrx_word' id='word_1_123' title='bbox 2022 672 2320 740; x_wconf 76' lang='lat' dir='ltr'><strong>ignominia</strong></span> <span class='ocrx_word' id='word_1_124' title='bbox 2354 672 2526 725; x_wconf 88' lang='lat' dir='ltr'><strong>libera</strong></span> <span class='ocrx_word' id='word_1_125' title='bbox 2557 679 2663 725; x_wconf 88' lang='lat' dir='ltr'><strong>est.</strong></span> 
     </span>
    </p>
   </div>
   <div class='ocr_carea' id='block_1_21' title="bbox 2098 785 3609 863">
    <p class='ocr_par' dir='ltr' id='par_1_21' title="bbox 2098 785 3609 863">
     <span class='ocr_line' id='line_1_21' title="bbox 2098 785 3609 863; baseline -0.009 -16"><span class='ocrx_word' id='word_1_126' title='bbox 2098 797 2261 851; x_wconf 68' lang='lat' dir='ltr'><strong>Vnus.</strong></span> <span class='ocrx_word' id='word_1_127' title='bbox 2301 798 2386 850; x_wconf 91' lang='grc'><strong>11.</strong></span> <span class='ocrx_word' id='word_1_128' title='bbox 2425 796 2627 850; x_wconf 86' lang='lat' dir='ltr'><strong>Domus</strong></span> <span class='ocrx_word' id='word_1_129' title='bbox 2665 795 2951 863; x_wconf 81' lang='lat' dir='ltr'><strong>impiorum</strong></span> <span class='ocrx_word' id='word_1_130' title='bbox 2993 798 3329 845; x_wconf 72' lang='lat' dir='ltr'><strong>ei-aucsc&#39;mt.</strong></span> <span class='ocrx_word' id='word_1_131' title='bbox 3365 785 3609 849; x_wconf 78' lang='lat' dir='ltr'><strong>Cnrpoia</strong></span> 
     </span>
    </p>
   </div>
   <div class='ocr_carea' id='block_1_22' title="bbox 2023 880 3607 956">
    <p class='ocr_par' dir='ltr' id='par_1_22' title="bbox 2023 880 3607 956">
     <span class='ocr_line' id='line_1_22' title="bbox 2023 880 3607 956; baseline -0.011 -15"><span class='ocrx_word' id='word_1_132' title='bbox 2023 903 2238 949; x_wconf 89' lang='lat' dir='ltr'><strong>eorum,</strong></span> <span class='ocrx_word' id='word_1_133' title='bbox 2271 889 2360 956; x_wconf 91' lang='lat' dir='ltr'><strong>qui</strong></span> <span class='ocrx_word' id='word_1_134' title='bbox 2414 885 2580 940; x_wconf 89' lang='lat' dir='ltr'><strong>Deum</strong></span> <span class='ocrx_word' id='word_1_135' title='bbox 2632 901 2727 953; x_wconf 90' lang='lat' dir='ltr'><strong>per</strong></span> <span class='ocrx_word' id='word_1_136' title='bbox 2771 885 2914 937; x_wconf 92' lang='lat' dir='ltr'><strong>bona</strong></span> <span class='ocrx_word' id='word_1_137' title='bbox 2959 897 3124 951; x_wconf 82' lang='lat' dir='ltr'><strong>Opera</strong></span> <span class='ocrx_word' id='word_1_138' title='bbox 3161 895 3271 933; x_wconf 92' lang='lat' dir='ltr'><strong>nou</strong></span> <span class='ocrx_word' id='word_1_139' title='bbox 3314 880 3607 931; x_wconf 72' lang='lat' dir='ltr'><strong>Itutitil&#39;util.</strong></span> 
     </span>
    </p>
   </div>
   <div class='ocr_carea' id='block_1_23' title="bbox 2025 975 3612 1050">
    <p class='ocr_par' dir='ltr' id='par_1_23' title="bbox 2025 975 3612 1050">
     <span class='ocr_line' id='line_1_23' title="bbox 2025 975 3612 1050; baseline -0.013 -12"><span class='ocrx_word' id='word_1_140' title='bbox 2025 995 2079 1038; x_wconf 90' lang='lat' dir='ltr'><strong>ct</strong></span> <span class='ocrx_word' id='word_1_141' title='bbox 2111 984 2346 1037; x_wconf 88' lang='lat' dir='ltr'><strong>mundus</strong></span> <span class='ocrx_word' id='word_1_142' title='bbox 2397 983 2506 1046; x_wconf 80' lang='lat' dir='ltr'><strong>hic,</strong></span> <span class='ocrx_word' id='word_1_143' title='bbox 2552 984 2602 1035; x_wconf 91' lang='lat' dir='ltr'><strong>in</strong></span> <span class='ocrx_word' id='word_1_144' title='bbox 2639 995 2750 1050; x_wconf 87' lang='lat' dir='ltr'><strong>quo</strong></span> <span class='ocrx_word' id='word_1_145' title='bbox 2793 993 2984 1033; x_wconf 90' lang='lat' dir='ltr'><strong>eorum</strong></span> <span class='ocrx_word' id='word_1_146' title='bbox 3017 975 3321 1044; x_wconf 77' lang='lat' dir='ltr'><strong>corporalis</strong></span> <span class='ocrx_word' id='word_1_147' title='bbox 3359 980 3442 1023; x_wconf 82' lang='lat' dir='ltr'><strong>est</strong></span> <span class='ocrx_word' id='word_1_148' title='bbox 3481 984 3612 1020; x_wconf 84' lang='lat' dir='ltr'><strong>cou-</strong></span> 
     </span>
    </p>
   </div>
   <div class='ocr_carea' id='block_1_24' title="bbox 2025 1057 3608 1142">
    <p class='ocr_par' dir='ltr' id='par_1_24' title="bbox 2025 1057 3608 1142">
     <span class='ocr_line' id='line_1_24' title="bbox 2025 1057 3608 1142; baseline -0.01 -18"><span class='ocrx_word' id='word_1_149' title='bbox 2025 1076 2286 1132; x_wconf 74' lang='lat' dir='ltr'><strong>versatio.</strong></span> <span class='ocrx_word' id='word_1_150' title='bbox 2311 1103 2377 1112; x_wconf 89' lang='lat'><strong><em>—</em></strong></span> <span class='ocrx_word' id='word_1_151' title='bbox 2395 1073 2524 1142; x_wconf 85' lang='lat' dir='ltr'><strong>quia</strong></span> <span class='ocrx_word' id='word_1_152' title='bbox 2549 1073 2759 1140; x_wconf 86' lang='lat' dir='ltr'><strong>seipsos</strong></span> <span class='ocrx_word' id='word_1_153' title='bbox 2785 1070 2953 1122; x_wconf 90' lang='lat' dir='ltr'><strong>relate</strong></span> <span class='ocrx_word' id='word_1_154' title='bbox 2980 1066 3044 1119; x_wconf 89' lang='lat' dir='ltr'><strong>ad</strong></span> <span class='ocrx_word' id='word_1_155' title='bbox 3070 1067 3206 1128; x_wconf 60' lang='lat' dir='ltr'><strong>haec,</strong></span> <span class='ocrx_word' id='word_1_156' title='bbox 3234 1078 3342 1116; x_wconf 90' lang='lat' dir='ltr'><strong>non</strong></span> <span class='ocrx_word' id='word_1_157' title='bbox 3370 1063 3510 1112; x_wconf 91' lang='lat' dir='ltr'><strong>sicut</strong></span> <span class='ocrx_word' id='word_1_158' title='bbox 3545 1057 3608 1110; x_wconf 84' lang='lat' dir='ltr'><strong>ad</strong></span> 
     </span>
    </p>
   </div>
   <div class='ocr_carea' id='block_1_25' title="bbox 2025 1155 3611 1230">
    <p class='ocr_par' dir='ltr' id='par_1_25' title="bbox 2025 1155 3611 1230">
     <span class='ocr_line' id='line_1_25' title="bbox 2025 1155 3611 1230; baseline -0.011 -12"><span class='ocrx_word' id='word_1_159' title='bbox 2025 1166 2228 1218; x_wconf 83' lang='lat' dir='ltr'><strong>viatica</strong></span> <span class='ocrx_word' id='word_1_160' title='bbox 2264 1164 2487 1227; x_wconf 85' lang='lat' dir='ltr'><strong>habent,</strong></span> <span class='ocrx_word' id='word_1_161' title='bbox 2521 1165 2615 1217; x_wconf 86' lang='lat' dir='ltr'><strong>sed</strong></span> <span class='ocrx_word' id='word_1_162' title='bbox 2652 1171 2910 1230; x_wconf 82' lang='lat' dir='ltr'><strong>tanquam</strong></span> <span class='ocrx_word' id='word_1_163' title='bbox 2953 1161 3018 1213; x_wconf 88' lang='lat' dir='ltr'><strong>ad</strong></span> <span class='ocrx_word' id='word_1_164' title='bbox 3063 1155 3414 1211; x_wconf 86' lang='lat' dir='ltr'><strong>tabernacula</strong></span> <span class='ocrx_word' id='word_1_165' title='bbox 3457 1159 3611 1205; x_wconf 67' lang='lat' dir='ltr'><strong>mtur-</strong></span> 
     </span>
    </p>
   </div>
   <div class='ocr_carea' id='block_1_26' title="bbox 2028 1243 3610 1326">
    <p class='ocr_par' dir='ltr' id='par_1_26' title="bbox 2028 1243 3610 1326">
     <span class='ocr_line' id='line_1_26' title="bbox 2028 1243 3610 1326; baseline -0.011 -14"><span class='ocrx_word' id='word_1_166' title='bbox 2028 1273 2117 1321; x_wconf 85' lang='lat' dir='ltr'><strong>na,</strong></span> <span class='ocrx_word' id='word_1_167' title='bbox 2153 1286 2221 1298; x_wconf 93' lang='lat'>—</span> <span class='ocrx_word' id='word_1_168' title='bbox 2257 1258 2601 1326; x_wconf 90' lang='lat' dir='ltr'><strong>corruptioni</strong></span> <span class='ocrx_word' id='word_1_169' title='bbox 2636 1255 2956 1317; x_wconf 83' lang='lat' dir='ltr'><strong>tradentur;</strong></span> <span class='ocrx_word' id='word_1_170' title='bbox 2997 1267 3120 1306; x_wconf 93' lang='lat' dir='ltr'><strong>cum</strong></span> <span class='ocrx_word' id='word_1_171' title='bbox 3166 1249 3252 1302; x_wconf 87' lang='lat' dir='ltr'><strong>his</strong></span> <span class='ocrx_word' id='word_1_172' title='bbox 3295 1243 3610 1314; x_wconf 69' lang='lat' dir='ltr'><strong>temporali—</strong></span> 
     </span>
    </p>
   </div>
   <div class='ocr_carea' id='block_1_27' title="bbox 2027 1343 3107 1414">
    <p class='ocr_par' dir='ltr' id='par_1_27' title="bbox 2027 1343 3107 1414">
     <span class='ocr_line' id='line_1_27' title="bbox 2027 1343 3107 1414; baseline -0.009 -11"><span class='ocrx_word' id='word_1_173' title='bbox 2027 1349 2128 1403; x_wconf 88' lang='lat' dir='ltr'><strong>bus</strong></span> <span class='ocrx_word' id='word_1_174' title='bbox 2157 1359 2210 1402; x_wconf 90' lang='lat' dir='ltr'><strong>et</strong></span> <span class='ocrx_word' id='word_1_175' title='bbox 2239 1357 2472 1402; x_wconf 70' lang='lat' dir='ltr'><strong>aeternas</strong></span> <span class='ocrx_word' id='word_1_176' title='bbox 2503 1347 2822 1400; x_wconf 61' lang='lat' dir='ltr'><strong>mansiones</strong></span> <span class='ocrx_word' id='word_1_177' title='bbox 2856 1343 3107 1414; x_wconf 79' lang='lat' dir='ltr'><strong>perdent.</strong></span> 
     </span>
    </p>
   </div>
   <div class='ocr_carea' id='block_1_28' title="bbox 2101 1462 3610 1539">
    <p class='ocr_par' dir='ltr' id='par_1_28' title="bbox 2101 1462 3610 1539">
     <span class='ocr_line' id='line_1_28' title="bbox 2101 1462 3610 1539; baseline -0.012 -8"><span class='ocrx_word' id='word_1_178' title='bbox 2101 1477 2470 1531; x_wconf 84' lang='lat' dir='ltr'><strong>Tabernaculd</strong></span> <span class='ocrx_word' id='word_1_179' title='bbox 2513 1487 2688 1528; x_wconf 85' lang='lat' dir='ltr'><strong>autem</strong></span> <span class='ocrx_word' id='word_1_180' title='bbox 2730 1483 2871 1525; x_wconf 87' lang='lat' dir='ltr'><strong>recta</strong></span> <span class='ocrx_word' id='word_1_181' title='bbox 2913 1471 3179 1539; x_wconf 76' lang='lat' dir='ltr'><strong>agentium</strong></span> <span class='ocrx_word' id='word_1_182' title='bbox 3211 1465 3442 1518; x_wconf 86' lang='lat' dir='ltr'><strong>stabunt.</strong></span> <span class='ocrx_word' id='word_1_183' title='bbox 3485 1462 3610 1516; x_wconf 86' lang='lat' dir='ltr'><strong>Sta-</strong></span> 
     </span>
    </p>
   </div>
   <div class='ocr_carea' id='block_1_29' title="bbox 2028 1555 3610 1628">
    <p class='ocr_par' dir='ltr' id='par_1_29' title="bbox 2028 1555 3610 1628">
     <span class='ocr_line' id='line_1_29' title="bbox 2028 1555 3610 1628; baseline -0.011 -7"><span class='ocrx_word' id='word_1_184' title='bbox 2028 1567 2165 1621; x_wconf 86' lang='lat' dir='ltr'><strong>bunt</strong></span> <span class='ocrx_word' id='word_1_185' title='bbox 2198 1576 2252 1620; x_wconf 89' lang='lat' dir='ltr'><strong>et</strong></span> <span class='ocrx_word' id='word_1_186' title='bbox 2283 1580 2412 1619; x_wconf 83' lang='lat' dir='ltr'><strong>caro</strong></span> <span class='ocrx_word' id='word_1_187' title='bbox 2443 1573 2496 1620; x_wconf 92' lang='lat' dir='ltr'><strong>et</strong></span> <span class='ocrx_word' id='word_1_188' title='bbox 2531 1566 2769 1618; x_wconf 89' lang='lat' dir='ltr'><strong>mundus</strong></span> <span class='ocrx_word' id='word_1_189' title='bbox 2798 1563 2926 1624; x_wconf 83' lang='lat' dir='ltr'><strong>illis,</strong></span> <span class='ocrx_word' id='word_1_190' title='bbox 2959 1561 3051 1628; x_wconf 87' lang='lat' dir='ltr'><strong>qui</strong></span> <span class='ocrx_word' id='word_1_191' title='bbox 3091 1561 3203 1611; x_wconf 72' lang='lat' dir='ltr'><strong>liatc</strong></span> <span class='ocrx_word' id='word_1_192' title='bbox 3231 1572 3329 1609; x_wconf 86' lang='lat' dir='ltr'><strong>ceu</strong></span> <span class='ocrx_word' id='word_1_193' title='bbox 3361 1555 3610 1623; x_wconf 71' lang='lat' dir='ltr'><strong>quaedam</strong></span> 
     </span>
    </p>
   </div>
   <div class='ocr_carea' id='block_1_30' title="bbox 2031 1648 3614 1713">
    <p class='ocr_par' dir='ltr' id='par_1_30' title="bbox 2031 1648 3614 1713">
     <span class='ocr_line' id='line_1_30' title="bbox 2031 1648 3614 1713; baseline -0.011 -3"><span class='ocrx_word' id='word_1_194' title='bbox 2031 1657 2231 1710; x_wconf 76' lang='lat' dir='ltr'><strong>viatica</strong></span> <span class='ocrx_word' id='word_1_195' title='bbox 2277 1657 2633 1710; x_wconf 86' lang='lat' dir='ltr'><strong>tabernacula</strong></span> <span class='ocrx_word' id='word_1_196' title='bbox 2676 1651 3051 1706; x_wconf 83' lang='lat' dir='ltr'><strong>considerant.</strong></span> <span class='ocrx_word' id='word_1_197' title='bbox 3101 1648 3295 1700; x_wconf 78' lang='lat' dir='ltr'><strong>Sciunt</strong></span> <span class='ocrx_word' id='word_1_198' title='bbox 3344 1660 3614 1713; x_wconf 65' lang='lat' dir='ltr'><strong>apparen-</strong></span> 
     </span>
    </p>
   </div>
   <div class='ocr_carea' id='block_1_31' title="bbox 2031 1737 3612 1812">
    <p class='ocr_par' dir='ltr' id='par_1_31' title="bbox 2031 1737 3612 1812">
     <span class='ocr_line' id='line_1_31' title="bbox 2031 1737 3612 1812; baseline -0.008 -13"><span class='ocrx_word' id='word_1_199' title='bbox 2031 1747 2103 1800; x_wconf 91' lang='lat' dir='ltr'><strong>tia</strong></span> <span class='ocrx_word' id='word_1_200' title='bbox 2129 1745 2312 1799; x_wconf 86' lang='lat' dir='ltr'><strong>omnia</strong></span> <span class='ocrx_word' id='word_1_201' title='bbox 2341 1761 2500 1798; x_wconf 84' lang='lat' dir='ltr'><strong>suum</strong></span> <span class='ocrx_word' id='word_1_202' title='bbox 2535 1746 2589 1798; x_wconf 92' lang='lat' dir='ltr'><strong>in</strong></span> <span class='ocrx_word' id='word_1_203' title='bbox 2619 1745 2836 1812; x_wconf 80' lang='lat' dir='ltr'><strong>origine</strong></span> <span class='ocrx_word' id='word_1_204' title='bbox 2864 1749 3066 1794; x_wconf 85' lang='lat' dir='ltr'><strong>statum</strong></span> <span class='ocrx_word' id='word_1_205' title='bbox 3100 1747 3152 1792; x_wconf 87' lang='lat' dir='ltr'><strong>et</strong></span> <span class='ocrx_word' id='word_1_206' title='bbox 3182 1739 3232 1790; x_wconf 91' lang='lat' dir='ltr'><strong>iu</strong></span> <span class='ocrx_word' id='word_1_207' title='bbox 3261 1737 3612 1804; x_wconf 71' lang='lat' dir='ltr'><strong>corruptione</strong></span> 
     </span>
    </p>
   </div>
   <div class='ocr_carea' id='block_1_32' title="bbox 329 1831 1921 1905">
    <p class='ocr_par' dir='ltr' id='par_1_32' title="bbox 329 1834 1921 1905">
     <span class='ocr_line' id='line_1_32' title="bbox 329 1834 1921 1905; baseline 0.003 -22"><span class='ocrx_word' id='word_1_208' title='bbox 329 1849 482 1902; x_wconf 65' lang='grc' dir='ltr'><strong>ιησιν</strong></span> <span class='ocrx_word' id='word_1_209' title='bbox 509 1873 523 1896; x_wconf 89' lang='grc'><strong>,</strong></span> <span class='ocrx_word' id='word_1_210' title='bbox 563 1834 660 1887; x_wconf 79' lang='grc' dir='ltr'><strong>καὶ</strong></span> <span class='ocrx_word' id='word_1_211' title='bbox 699 1835 825 1904; x_wconf 75' lang='grc' dir='ltr'><strong>μήτ’</strong></span> <span class='ocrx_word' id='word_1_212' title='bbox 858 1836 950 1887; x_wconf 78' lang='grc' dir='ltr'><strong>ἐπὶ</strong></span> <span class='ocrx_word' id='word_1_213' title='bbox 975 1837 1040 1905; x_wconf 79' lang='grc' dir='ltr'><strong>τῇ</strong></span> <span class='ocrx_word' id='word_1_214' title='bbox 1074 1835 1286 1902; x_wconf 86' lang='grc' dir='ltr'><strong>γενέσει</strong></span> <span class='ocrx_word' id='word_1_215' title='bbox 1319 1835 1524 1889; x_wconf 83' lang='grc' dir='ltr'><strong>τούτων</strong></span> <span class='ocrx_word' id='word_1_216' title='bbox 1558 1836 1921 1905; x_wconf 79' lang='grc' dir='ltr'><strong>εὐφραινομέ-</strong></span> 
     </span>
    </p>
   </div>
   <div class='ocr_carea' id='block_1_33' title="bbox 2028 1831 3610 1905">
    <p class='ocr_par' dir='ltr' id='par_1_33' title="bbox 2028 1831 3610 1902">
     <span class='ocr_line' id='line_1_33' title="bbox 2028 1831 3610 1902; baseline -0.009 -10"><span class='ocrx_word' id='word_1_217' title='bbox 2028 1848 2234 1892; x_wconf 88' lang='lat' dir='ltr'><strong>motum</strong></span> <span class='ocrx_word' id='word_1_218' title='bbox 2279 1839 2511 1902; x_wconf 85' lang='lat' dir='ltr'><strong>habere;</strong></span> <span class='ocrx_word' id='word_1_219' title='bbox 2554 1839 2678 1892; x_wconf 90' lang='lat' dir='ltr'><strong>ideo</strong></span> <span class='ocrx_word' id='word_1_220' title='bbox 2723 1851 2822 1888; x_wconf 91' lang='lat' dir='ltr'><strong>nec</strong></span> <span class='ocrx_word' id='word_1_221' title='bbox 2876 1835 2929 1886; x_wconf 92' lang='lat' dir='ltr'><strong>in</strong></span> <span class='ocrx_word' id='word_1_222' title='bbox 2981 1833 3194 1901; x_wconf 82' lang='lat' dir='ltr'><strong>origine</strong></span> <span class='ocrx_word' id='word_1_223' title='bbox 3237 1831 3610 1898; x_wconf 82' lang='lat' dir='ltr'><strong>jucuu-torum</strong></span> 
     </span>
    </p>
   </div>
   <div class='ocr_carea' id='block_1_34' title="bbox 326 1925 1918 1997">
    <p class='ocr_par' dir='ltr' id='par_1_34' title="bbox 326 1925 1918 1997">
     <span class='ocr_line' id='line_1_34' title="bbox 326 1925 1918 1997; baseline 0.003 -22"><span class='ocrx_word' id='word_1_224' title='bbox 326 1942 436 1987; x_wconf 84' lang='grc' dir='ltr'><strong>νοις</strong></span> <span class='ocrx_word' id='word_1_225' title='bbox 488 1928 638 1994; x_wconf 84' lang='grc' dir='ltr'><strong>(μήτ’</strong></span> <span class='ocrx_word' id='word_1_226' title='bbox 686 1927 778 1979; x_wconf 77' lang='grc' dir='ltr'><strong>ἐπὶ</strong></span> <span class='ocrx_word' id='word_1_227' title='bbox 823 1928 888 1997; x_wconf 76' lang='grc' dir='ltr'><strong>τῇ</strong></span> <span class='ocrx_word' id='word_1_228' title='bbox 937 1925 1114 1997; x_wconf 80' lang='grc' dir='ltr'>φθορᾷ</span> <span class='ocrx_word' id='word_1_229' title='bbox 1153 1929 1565 1997; x_wconf 85' lang='grc' dir='ltr'><strong>λυπουμένων)·</strong></span> <span class='ocrx_word' id='word_1_230' title='bbox 1624 1927 1918 1981; x_wconf 81' lang='grc' dir='ltr'><strong>κάντεῦθεν</strong></span> 
     </span>
    </p>
   </div>
   <div class='ocr_carea' id='block_1_35' title="bbox 329 2018 1735 2088">
    <p class='ocr_par' dir='ltr' id='par_1_35' title="bbox 329 2018 1735 2088">
     <span class='ocr_line' id='line_1_35' title="bbox 329 2018 1735 2088; baseline 0.004 -20"><span class='ocrx_word' id='word_1_231' title='bbox 329 2018 571 2088; x_wconf 82' lang='grc' dir='ltr'><strong>στάσιμα</strong></span> <span class='ocrx_word' id='word_1_232' title='bbox 599 2019 664 2072; x_wconf 87' lang='grc' dir='ltr'><strong>τά</strong></span> <span class='ocrx_word' id='word_1_233' title='bbox 687 2019 897 2074; x_wconf 81' lang='grc' dir='ltr'><strong>ἀστατα</strong></span> <span class='ocrx_word' id='word_1_234' title='bbox 929 2019 986 2072; x_wconf 75' lang='grc' dir='ltr'><strong>ἐν</strong></span> <span class='ocrx_word' id='word_1_235' title='bbox 1017 2022 1231 2083; x_wconf 80' lang='grc' dir='ltr'><strong>ἑαυτοῖς</strong></span> <span class='ocrx_word' id='word_1_236' title='bbox 1265 2021 1735 2074; x_wconf 81' lang='grc' dir='ltr'><strong>ἀποδεικνύουσιν.</strong></span> 
     </span>
    </p>
   </div>
   <div class='ocr_carea' id='block_1_36' title="bbox 401 2143 1920 2217">
    <p class='ocr_par' dir='ltr' id='par_1_36' title="bbox 401 2143 1920 2217">
     <span class='ocr_line' id='line_1_36' title="bbox 401 2143 1920 2217; baseline 0.003 -21"><span class='ocrx_word' id='word_1_237' title='bbox 401 2144 488 2214; x_wconf 82' lang='grc' dir='ltr'><strong>ιβ’.</strong></span> <span class='ocrx_word' id='word_1_238' title='bbox 526 2146 734 2198; x_wconf 82' lang='grc' dir='ltr'><strong>Ἔστιν</strong></span> <span class='ocrx_word' id='word_1_239' title='bbox 758 2147 919 2212; x_wconf 75' lang='grc' dir='ltr'><strong>ὁδὸς,</strong></span> <span class='ocrx_word' id='word_1_240' title='bbox 943 2145 980 2213; x_wconf 76' lang='grc' dir='ltr'><strong>ἢ</strong></span> <span class='ocrx_word' id='word_1_241' title='bbox 1004 2147 1176 2201; x_wconf 81' lang='grc' dir='ltr'><strong>δοκεῖ</strong></span> <span class='ocrx_word' id='word_1_242' title='bbox 1194 2147 1338 2214; x_wconf 80' lang='grc' dir='ltr'><strong>ὀρθὴ</strong></span> <span class='ocrx_word' id='word_1_243' title='bbox 1361 2143 1511 2200; x_wconf 74' lang='grc' dir='ltr'><strong>εἶναι</strong></span> <span class='ocrx_word' id='word_1_244' title='bbox 1536 2148 1672 2214; x_wconf 79' lang='grc' dir='ltr'><strong>παρ’</strong></span> <span class='ocrx_word' id='word_1_245' title='bbox 1696 2149 1920 2217; x_wconf 81' lang='grc' dir='ltr'><strong>ἀνθρώ-</strong></span> 
     </span>
    </p>
   </div>
   <div class='ocr_carea' id='block_1_37' title="bbox 325 2238 1916 2310">
    <p class='ocr_par' dir='ltr' id='par_1_37' title="bbox 325 2238 1916 2310">
     <span class='ocr_line' id='line_1_37' title="bbox 325 2238 1916 2310; baseline 0.003 -21"><span class='ocrx_word' id='word_1_246' title='bbox 325 2251 483 2301; x_wconf 84' lang='grc' dir='ltr'><strong>ποις.</strong></span> <span class='ocrx_word' id='word_1_247' title='bbox 533 2238 590 2291; x_wconf 89' lang='lat' dir='ltr'>&#39;O</span> <span class='ocrx_word' id='word_1_248' title='bbox 630 2241 890 2309; x_wconf 58' lang='grc' dir='ltr'><strong>σαρκικὲς</strong></span> <span class='ocrx_word' id='word_1_249' title='bbox 931 2242 1026 2292; x_wconf 76' lang='grc' dir='ltr'><strong>καὶ</strong></span> <span class='ocrx_word' id='word_1_250' title='bbox 1073 2242 1358 2309; x_wconf 84' lang='grc' dir='ltr'><strong>ἀνειμένος</strong></span> <span class='ocrx_word' id='word_1_251' title='bbox 1397 2239 1531 2310; x_wconf 84' lang='grc' dir='ltr'><strong>βίος,</strong></span> <span class='ocrx_word' id='word_1_252' title='bbox 1563 2241 1649 2293; x_wconf 75' lang='grc' dir='ltr'><strong>διὰ</strong></span> <span class='ocrx_word' id='word_1_253' title='bbox 1697 2241 1758 2293; x_wconf 74' lang='grc' dir='ltr'><strong>τὸ</strong></span> <span class='ocrx_word' id='word_1_254' title='bbox 1789 2242 1916 2310; x_wconf 71' lang='grc' dir='ltr'><strong>ήῗυ-</strong></span> 
     </span>
    </p>
   </div>
   <div class='ocr_carea' id='block_1_38' title="bbox 323 2329 1920 2404">
    <p class='ocr_par' dir='ltr' id='par_1_38' title="bbox 323 2329 1920 2404">
     <span class='ocr_line' id='line_1_38' title="bbox 323 2329 1920 2404; baseline 0.003 -23"><span class='ocrx_word' id='word_1_255' title='bbox 323 2329 498 2390; x_wconf 79' lang='grc' dir='ltr'><strong>παθὲς</strong></span> <span class='ocrx_word' id='word_1_256' title='bbox 529 2330 715 2395; x_wconf 79' lang='grc' dir='ltr'><strong>αὐτοῦ,</strong></span> <span class='ocrx_word' id='word_1_257' title='bbox 747 2329 908 2393; x_wconf 83' lang='grc' dir='ltr'><strong>καλὸς</strong></span> <span class='ocrx_word' id='word_1_258' title='bbox 940 2332 1066 2401; x_wconf 80' lang='grc' dir='ltr'><strong>παρ’</strong></span> <span class='ocrx_word' id='word_1_259' title='bbox 1093 2331 1404 2403; x_wconf 83' lang='grc' dir='ltr'><strong>ἀνθρώποις</strong></span> <span class='ocrx_word' id='word_1_260' title='bbox 1433 2332 1734 2403; x_wconf 79' lang='grc' dir='ltr'><strong>νομίζεται,</strong></span> <span class='ocrx_word' id='word_1_261' title='bbox 1760 2333 1920 2404; x_wconf 80' lang='grc' dir='ltr'><strong>ἄχρις</strong></span> 
     </span>
    </p>
   </div>
   <div class='ocr_carea' id='block_1_39' title="bbox 322 2419 1168 2494">
    <p class='ocr_par' dir='ltr' id='par_1_39' title="bbox 322 2419 1168 2494">
     <span class='ocr_line' id='line_1_39' title="bbox 322 2419 1168 2494; baseline 0.005 -21"><span class='ocrx_word' id='word_1_262' title='bbox 322 2419 390 2474; x_wconf 80' lang='grc' dir='ltr'><strong>ἂν</strong></span> <span class='ocrx_word' id='word_1_263' title='bbox 414 2421 627 2484; x_wconf 79' lang='grc' dir='ltr'><strong>τούτοις</strong></span> <span class='ocrx_word' id='word_1_264' title='bbox 655 2425 806 2493; x_wconf 86' lang='grc' dir='ltr'><strong>χωρῇ</strong></span> <span class='ocrx_word' id='word_1_265' title='bbox 838 2423 985 2476; x_wconf 85' lang='grc' dir='ltr'><strong>κατὰ</strong></span> <span class='ocrx_word' id='word_1_266' title='bbox 1017 2423 1168 2494; x_wconf 76' lang='grc' dir='ltr'><strong>ῥοῦν.</strong></span> 
     </span>
    </p>
   </div>
   <div class='ocr_carea' id='block_1_40' title="bbox 401 2545 1920 2620">
    <p class='ocr_par' dir='ltr' id='par_1_40' title="bbox 401 2545 1920 2620">
     <span class='ocr_line' id='line_1_40' title="bbox 401 2545 1920 2620; baseline 0.003 -20"><span class='ocrx_word' id='word_1_267' title='bbox 401 2545 482 2601; x_wconf 85' lang='grc' dir='ltr'><strong>Τὰ</strong></span> <span class='ocrx_word' id='word_1_268' title='bbox 525 2548 594 2600; x_wconf 79' lang='grc' dir='ltr'><strong>δὲ</strong></span> <span class='ocrx_word' id='word_1_269' title='bbox 635 2549 949 2603; x_wconf 81' lang='grc' dir='ltr'><strong>τελευταῖα</strong></span> <span class='ocrx_word' id='word_1_270' title='bbox 995 2549 1188 2618; x_wconf 84' lang='grc' dir='ltr'><strong>αὐτῆς</strong></span> <span class='ocrx_word' id='word_1_271' title='bbox 1240 2551 1478 2620; x_wconf 82' lang='grc' dir='ltr'><strong>ἔρχεται</strong></span> <span class='ocrx_word' id='word_1_272' title='bbox 1523 2554 1610 2618; x_wconf 80' lang='grc' dir='ltr'><strong>εὶς</strong></span> <span class='ocrx_word' id='word_1_273' title='bbox 1646 2551 1920 2620; x_wconf 80' lang='grc' dir='ltr'><strong>πυθμένα</strong></span> 
     </span>
    </p>
   </div>
   <div class='ocr_carea' id='block_1_41' title="bbox 322 2637 1917 2711">
    <p class='ocr_par' dir='ltr' id='par_1_41' title="bbox 322 2637 1917 2711">
     <span class='ocr_line' id='line_1_41' title="bbox 322 2637 1917 2711; baseline 0.003 -23"><span class='ocrx_word' id='word_1_274' title='bbox 322 2637 491 2703; x_wconf 74' lang='grc' dir='ltr'><strong>ᾅδου.</strong></span> <span class='ocrx_word' id='word_1_275' title='bbox 542 2639 616 2691; x_wconf 86' lang='grc' dir='ltr'>Τὸ</span> <span class='ocrx_word' id='word_1_276' title='bbox 672 2639 729 2692; x_wconf 85' lang='grc' dir='ltr'><strong>δὲ</strong></span> <span class='ocrx_word' id='word_1_277' title='bbox 780 2640 934 2702; x_wconf 88' lang='grc' dir='ltr'><strong>τέλος</strong></span> <span class='ocrx_word' id='word_1_278' title='bbox 988 2640 1153 2692; x_wconf 75' lang='grc' dir='ltr'><strong>αὐτοῦ</strong></span> <span class='ocrx_word' id='word_1_279' title='bbox 1200 2643 1441 2711; x_wconf 81' lang='grc' dir='ltr'><strong>καταντᾷ</strong></span> <span class='ocrx_word' id='word_1_280' title='bbox 1489 2644 1566 2704; x_wconf 80' lang='grc' dir='ltr'><strong>είς</strong></span> <span class='ocrx_word' id='word_1_281' title='bbox 1618 2639 1917 2706; x_wconf 83' lang='grc' dir='ltr'><strong>ἀπώλειαν,</strong></span> 
     </span>
    </p>
   </div>
   <div class='ocr_carea' id='block_1_42' title="bbox 324 2729 1508 2799">
    <p class='ocr_par' dir='ltr' id='par_1_42' title="bbox 324 2729 1508 2799">
     <span class='ocr_line' id='line_1_42' title="bbox 324 2729 1508 2799; baseline 0.004 -19"><span class='ocrx_word' id='word_1_282' title='bbox 324 2729 516 2799; x_wconf 74' lang='grc' dir='ltr'><strong>ὶπειδὴ</strong></span> <span class='ocrx_word' id='word_1_283' title='bbox 545 2731 749 2799; x_wconf 78' lang='grc' dir='ltr'><strong>ἀπάγει</strong></span> <span class='ocrx_word' id='word_1_284' title='bbox 780 2732 970 2784; x_wconf 85' lang='grc' dir='ltr'><strong>τούτου</strong></span> <span class='ocrx_word' id='word_1_285' title='bbox 1005 2731 1099 2784; x_wconf 81' lang='grc' dir='ltr'><strong>τοῦ</strong></span> <span class='ocrx_word' id='word_1_286' title='bbox 1128 2732 1295 2795; x_wconf 75' lang='grc' dir='ltr'><strong>ὅντως</strong></span> <span class='ocrx_word' id='word_1_287' title='bbox 1321 2731 1508 2786; x_wconf 81' lang='grc' dir='ltr'><strong>καλοῦ.</strong></span> 
     </span>
    </p>
   </div>
   <div class='ocr_carea' id='block_1_43' title="bbox 395 2855 1915 2928">
    <p class='ocr_par' dir='ltr' id='par_1_43' title="bbox 395 2855 1915 2928">
     <span class='ocr_line' id='line_1_43' title="bbox 395 2855 1915 2928; baseline 0.004 -20"><span class='ocrx_word' id='word_1_288' title='bbox 395 2862 487 2922; x_wconf 86' lang='grc' dir='ltr'><strong>ιγ’.</strong></span> <span class='ocrx_word' id='word_1_289' title='bbox 537 2855 639 2909; x_wconf 82' lang='grc' dir='ltr'><strong>Ἑν</strong></span> <span class='ocrx_word' id='word_1_290' title='bbox 671 2858 1082 2925; x_wconf 61' lang='grc' dir='ltr'><strong>εὐφροσύναις</strong></span> <span class='ocrx_word' id='word_1_291' title='bbox 1126 2860 1198 2914; x_wconf 83' lang='grc' dir='ltr'><strong>οὐ</strong></span> <span class='ocrx_word' id='word_1_292' title='bbox 1239 2859 1681 2928; x_wconf 80' lang='grc' dir='ltr'><strong>προσμίγνυται</strong></span> <span class='ocrx_word' id='word_1_293' title='bbox 1727 2860 1915 2928; x_wconf 73' lang='grc' dir='ltr'><strong>λύπη.</strong></span> 
     </span>
    </p>
   </div>
   <div class='ocr_carea' id='block_1_44' title="bbox 324 2948 1919 3022">
    <p class='ocr_par' dir='ltr' id='par_1_44' title="bbox 324 2948 1919 3022">
     <span class='ocr_line' id='line_1_44' title="bbox 324 2948 1919 3022; baseline 0.005 -23"><span class='ocrx_word' id='word_1_294' title='bbox 324 2948 389 2999; x_wconf 78' lang='lat' dir='ltr'><strong>Ui</strong></span> <span class='ocrx_word' id='word_1_295' title='bbox 424 2950 536 3010; x_wconf 81' lang='grc' dir='ltr'><strong>τοῖς</strong></span> <span class='ocrx_word' id='word_1_296' title='bbox 567 2950 930 3020; x_wconf 87' lang='grc' dir='ltr'><strong>προσκαίροις</strong></span> <span class='ocrx_word' id='word_1_297' title='bbox 958 2952 1368 3021; x_wconf 81' lang='grc' dir='ltr'><strong>προσκείμενοι,</strong></span> <span class='ocrx_word' id='word_1_298' title='bbox 1393 2952 1498 3015; x_wconf 77' lang='grc' dir='ltr'><strong>ἕως</strong></span> <span class='ocrx_word' id='word_1_299' title='bbox 1523 2952 1588 3006; x_wconf 82' lang='grc' dir='ltr'><strong>ἂν</strong></span> <span class='ocrx_word' id='word_1_300' title='bbox 1614 2954 1919 3022; x_wconf 80' lang='grc' dir='ltr'><strong>ὲπευφραί-</strong></span> 
     </span>
    </p>
   </div>
   <div class='ocr_carea' id='block_1_45' title="bbox 325 3041 1918 3116">
    <p class='ocr_par' dir='ltr' id='par_1_45' title="bbox 325 3041 1918 3116">
     <span class='ocr_line' id='line_1_45' title="bbox 325 3041 1918 3116; baseline 0.006 -26"><span class='ocrx_word' id='word_1_301' title='bbox 325 3056 507 3092; x_wconf 90' lang='grc' dir='ltr'><strong>νονται</strong></span> <span class='ocrx_word' id='word_1_302' title='bbox 556 3041 790 3110; x_wconf 82' lang='grc' dir='ltr'><strong>τούτοις,</strong></span> <span class='ocrx_word' id='word_1_303' title='bbox 839 3043 938 3096; x_wconf 82' lang='grc' dir='ltr'><strong>οὐκ</strong></span> <span class='ocrx_word' id='word_1_304' title='bbox 979 3043 1327 3098; x_wconf 88' lang='grc' dir='ltr'><strong>αίσθάνονται</strong></span> <span class='ocrx_word' id='word_1_305' title='bbox 1375 3041 1574 3116; x_wconf 82' lang='grc' dir='ltr'><strong>λύπης,</strong></span> <span class='ocrx_word' id='word_1_306' title='bbox 1625 3045 1691 3098; x_wconf 82' lang='grc' dir='ltr'><strong>δι’</strong></span> <span class='ocrx_word' id='word_1_307' title='bbox 1725 3045 1918 3116; x_wconf 78' lang='grc' dir='ltr'><strong>ἡδονῆς</strong></span> 
     </span>
    </p>
   </div>
   <div class='ocr_carea' id='block_1_46' title="bbox 323 3134 708 3204">
    <p class='ocr_par' dir='ltr' id='par_1_46' title="bbox 323 3134 708 3204">
     <span class='ocr_line' id='line_1_46' title="bbox 323 3134 708 3204; baseline 0.01 -20"><span class='ocrx_word' id='word_1_308' title='bbox 323 3134 708 3204; x_wconf 64' lang='grc' dir='ltr'><strong>ἐπικράτειαν.</strong></span> 
     </span>
    </p>
   </div>
   <div class='ocr_carea' id='block_1_47' title="bbox 340 3241 1925 3336">
    <p class='ocr_par' dir='ltr' id='par_1_47' title="bbox 340 3241 1925 3336">
     <span class='ocr_line' id='line_1_47' title="bbox 340 3241 1925 3336; baseline 0.006 -24"><span class='ocrx_word' id='word_1_309' title='bbox 340 3241 354 3256; x_wconf 76' lang='grc'><em>’</em></span> <span class='ocrx_word' id='word_1_310' title='bbox 399 3257 726 3317; x_wconf 79' lang='grc' dir='ltr'><strong>Τελευταία</strong></span> <span class='ocrx_word' id='word_1_311' title='bbox 769 3265 837 3318; x_wconf 80' lang='grc' dir='ltr'><strong>δὲ</strong></span> <span class='ocrx_word' id='word_1_312' title='bbox 883 3267 1037 3335; x_wconf 83' lang='grc' dir='ltr'><strong>χαρὰ</strong></span> <span class='ocrx_word' id='word_1_313' title='bbox 1099 3268 1187 3333; x_wconf 75' lang='grc' dir='ltr'><strong>εἷς</strong></span> <span class='ocrx_word' id='word_1_314' title='bbox 1223 3267 1440 3334; x_wconf 82' lang='grc' dir='ltr'><strong>πένθος</strong></span> <span class='ocrx_word' id='word_1_315' title='bbox 1471 3269 1726 3336; x_wconf 76' lang='grc' dir='ltr'><strong>ἔρχεται.</strong></span> <span class='ocrx_word' id='word_1_316' title='bbox 1773 3267 1836 3321; x_wconf 86' lang='lat' dir='ltr'><strong>&#39;H</strong></span> <span class='ocrx_word' id='word_1_317' title='bbox 1867 3268 1925 3321; x_wconf 80' lang='grc' dir='ltr'><strong>δὲ</strong></span> 
     </span>
    </p>
   </div>
   <div class='ocr_carea' id='block_1_48' title="bbox 323 3352 1927 3430">
    <p class='ocr_par' dir='ltr' id='par_1_48' title="bbox 323 3352 1927 3430">
     <span class='ocr_line' id='line_1_48' title="bbox 323 3352 1927 3430; baseline 0.012 -27"><span class='ocrx_word' id='word_1_318' title='bbox 323 3352 554 3424; x_wconf 86' lang='grc' dir='ltr'><strong>τοιαύτη</strong></span> <span class='ocrx_word' id='word_1_319' title='bbox 587 3356 732 3426; x_wconf 85' lang='grc' dir='ltr'><strong>χαρά</strong></span> <span class='ocrx_word' id='word_1_320' title='bbox 767 3357 916 3410; x_wconf 88' lang='grc' dir='ltr'><strong>τέλει</strong></span> <span class='ocrx_word' id='word_1_321' title='bbox 948 3359 1446 3430; x_wconf 85' lang='grc' dir='ltr'><strong>περιγεγραμμένη</strong></span> <span class='ocrx_word' id='word_1_322' title='bbox 1479 3359 1821 3429; x_wconf 78' lang='grc' dir='ltr'><strong>ὑπάρχουσα,</strong></span> <span class='ocrx_word' id='word_1_323' title='bbox 1847 3361 1927 3424; x_wconf 81' lang='grc' dir='ltr'><strong>εῐς</strong></span> 
     </span>
    </p>
   </div>
   <div class='ocr_carea' id='block_1_49' title="bbox 326 3443 1927 3524">
    <p class='ocr_par' dir='ltr' id='par_1_49' title="bbox 326 3443 1927 3524">
     <span class='ocr_line' id='line_1_49' title="bbox 326 3443 1927 3524; baseline 0.007 -28"><span class='ocrx_word' id='word_1_324' title='bbox 326 3443 525 3514; x_wconf 82' lang='grc' dir='ltr'><strong>θρῆνον</strong></span> <span class='ocrx_word' id='word_1_325' title='bbox 575 3451 821 3520; x_wconf 81' lang='grc' dir='ltr'><strong>καταντᾷ</strong></span> <span class='ocrx_word' id='word_1_326' title='bbox 866 3450 954 3503; x_wconf 72' lang='grc' dir='ltr'><strong>διὰ</strong></span> <span class='ocrx_word' id='word_1_327' title='bbox 1006 3450 1105 3522; x_wconf 84' lang='grc' dir='ltr'><strong>τὴν</strong></span> <span class='ocrx_word' id='word_1_328' title='bbox 1150 3451 1403 3505; x_wconf 79' lang='grc' dir='ltr'><strong>ἐντεῦθεν</strong></span> <span class='ocrx_word' id='word_1_329' title='bbox 1451 3451 1701 3521; x_wconf 81' lang='grc' dir='ltr'><strong>ἀπάτην·</strong></span> <span class='ocrx_word' id='word_1_330' title='bbox 1750 3454 1927 3524; x_wconf 81' lang='grc' dir='ltr'><strong>χαρᾶς</strong></span> 
     </span>
    </p>
   </div>
   <div class='ocr_carea' id='block_1_50' title="bbox 324 3539 1141 3615">
    <p class='ocr_par' dir='ltr' id='par_1_50' title="bbox 324 3539 1141 3615">
     <span class='ocr_line' id='line_1_50' title="bbox 324 3539 1141 3615; baseline 0.011 -24"><span class='ocrx_word' id='word_1_331' title='bbox 324 3539 436 3609; x_wconf 82' lang='grc' dir='ltr'><strong>γὰρ</strong></span> <span class='ocrx_word' id='word_1_332' title='bbox 469 3541 737 3613; x_wconf 81' lang='grc' dir='ltr'><strong>ὲπικήρου</strong></span> <span class='ocrx_word' id='word_1_333' title='bbox 765 3543 938 3608; x_wconf 88' lang='grc' dir='ltr'><strong>τέλος,</strong></span> <span class='ocrx_word' id='word_1_334' title='bbox 971 3544 1141 3615; x_wconf 84' lang='grc' dir='ltr'><strong>λύπη.</strong></span> 
     </span>
    </p>
   </div>
   <div class='ocr_carea' id='block_1_51' title="bbox 399 3667 1926 3744">
    <p class='ocr_par' dir='ltr' id='par_1_51' title="bbox 399 3667 1926 3744">
     <span class='ocr_line' id='line_1_51' title="bbox 399 3667 1926 3744; baseline 0.005 -25"><span class='ocrx_word' id='word_1_335' title='bbox 399 3667 482 3721; x_wconf 84' lang='grc' dir='ltr'><strong>ιδ’.</strong></span> <span class='ocrx_word' id='word_1_336' title='bbox 527 3667 651 3722; x_wconf 82' lang='grc' dir='ltr'><strong>Τῶν</strong></span> <span class='ocrx_word' id='word_1_337' title='bbox 685 3669 904 3724; x_wconf 81' lang='grc' dir='ltr'><strong>ἑαυτοῦ</strong></span> <span class='ocrx_word' id='word_1_338' title='bbox 938 3668 1094 3724; x_wconf 77' lang='grc' dir='ltr'><strong>ὁδῶν</strong></span> <span class='ocrx_word' id='word_1_339' title='bbox 1129 3670 1552 3739; x_wconf 74' lang='grc' dir='ltr'><strong>πλησθήσεται</strong></span> <span class='ocrx_word' id='word_1_340' title='bbox 1585 3674 1926 3744; x_wconf 84' lang='grc' dir='ltr'><strong>θρασυκάρ-</strong></span> 
     </span>
    </p>
   </div>
   <div class='ocr_carea' id='block_1_52' title="bbox 324 3758 1926 3836">
    <p class='ocr_par' dir='ltr' id='par_1_52' title="bbox 324 3758 1926 3836">
     <span class='ocr_line' id='line_1_52' title="bbox 324 3758 1926 3836; baseline 0.005 -24"><span class='ocrx_word' id='word_1_341' title='bbox 324 3758 472 3824; x_wconf 78' lang='grc' dir='ltr'><strong>διος.</strong></span> <span class='ocrx_word' id='word_1_342' title='bbox 510 3761 632 3813; x_wconf 82' lang='grc' dir='ltr'><strong>Τῶν</strong></span> <span class='ocrx_word' id='word_1_343' title='bbox 656 3763 740 3824; x_wconf 89' lang='grc' dir='ltr'><strong>είς</strong></span> <span class='ocrx_word' id='word_1_344' title='bbox 765 3762 1047 3816; x_wconf 79' lang='grc' dir='ltr'><strong>ἀπώλειαν</strong></span> <span class='ocrx_word' id='word_1_345' title='bbox 1075 3764 1354 3833; x_wconf 82' lang='grc' dir='ltr'><strong>φερόντων</strong></span> <span class='ocrx_word' id='word_1_346' title='bbox 1387 3764 1691 3832; x_wconf 86' lang='grc' dir='ltr'><strong>ἀλογίστων</strong></span> <span class='ocrx_word' id='word_1_347' title='bbox 1717 3767 1926 3836; x_wconf 78' lang='grc' dir='ltr'><strong>ἐπιχει-</strong></span> 
     </span>
    </p>
   </div>
   <div class='ocr_carea' id='block_1_53' title="bbox 328 3853 1926 3927">
    <p class='ocr_par' dir='ltr' id='par_1_53' title="bbox 328 3853 1926 3927">
     <span class='ocr_line' id='line_1_53' title="bbox 328 3853 1926 3927; baseline 0.003 -22"><span class='ocrx_word' id='word_1_348' title='bbox 328 3853 594 3922; x_wconf 77' lang='grc' dir='ltr'><strong>ρημάτων</strong></span> <span class='ocrx_word' id='word_1_349' title='bbox 640 3854 810 3907; x_wconf 79' lang='grc' dir='ltr'><strong>αὐτοῦ</strong></span> <span class='ocrx_word' id='word_1_350' title='bbox 867 3854 1293 3925; x_wconf 84' lang='grc' dir='ltr'><strong>πληρωθήσεται</strong></span> <span class='ocrx_word' id='word_1_351' title='bbox 1326 3857 1354 3908; x_wconf 91' lang='lat'><strong>6</strong></span> <span class='ocrx_word' id='word_1_352' title='bbox 1391 3855 1458 3908; x_wconf 83' lang='grc' dir='ltr'><strong>δι’</strong></span> <span class='ocrx_word' id='word_1_353' title='bbox 1494 3854 1675 3927; x_wconf 76' lang='grc' dir='ltr'><strong>ὄρεξιν</strong></span> <span class='ocrx_word' id='word_1_354' title='bbox 1705 3857 1926 3910; x_wconf 88' lang='grc' dir='ltr'><strong>ἀντιλυ-</strong></span> 
     </span>
    </p>
   </div>
   <div class='ocr_carea' id='block_1_54' title="bbox 325 3946 1927 4019">
    <p class='ocr_par' dir='ltr' id='par_1_54' title="bbox 325 3946 1927 4019">
     <span class='ocr_line' id='line_1_54' title="bbox 325 3946 1927 4019; baseline 0.006 -24"><span class='ocrx_word' id='word_1_355' title='bbox 325 3947 550 4013; x_wconf 80' lang='grc' dir='ltr'><strong>πήσεως</strong></span> <span class='ocrx_word' id='word_1_356' title='bbox 575 3946 654 4016; x_wconf 86' lang='grc' dir='ltr'><strong>τῷ</strong></span> <span class='ocrx_word' id='word_1_357' title='bbox 679 3947 808 4019; x_wconf 68' lang='grc' dir='ltr'><strong>περὶ</strong></span> <span class='ocrx_word' id='word_1_358' title='bbox 828 3948 1059 4017; x_wconf 87' lang='grc' dir='ltr'><strong>καρδίαν</strong></span> <span class='ocrx_word' id='word_1_359' title='bbox 1083 3947 1371 4015; x_wconf 78' lang='grc' dir='ltr'><strong>ὑπερζέων</strong></span> <span class='ocrx_word' id='word_1_360' title='bbox 1395 3947 1608 4018; x_wconf 82' lang='grc' dir='ltr'><strong>αἵματι,</strong></span> <span class='ocrx_word' id='word_1_361' title='bbox 1633 3948 1927 4004; x_wconf 81' lang='grc' dir='ltr'><strong>κάντεῦθεν</strong></span> 
     </span>
    </p>
   </div>
   <div class='ocr_carea' id='block_1_55' title="bbox 324 4037 855 4108">
    <p class='ocr_par' dir='ltr' id='par_1_55' title="bbox 324 4037 855 4108">
     <span class='ocr_line' id='line_1_55' title="bbox 324 4037 855 4108; baseline 0.006 -19"><span class='ocrx_word' id='word_1_362' title='bbox 324 4037 400 4089; x_wconf 86' lang='grc' dir='ltr'>ὣν</span> <span class='ocrx_word' id='word_1_363' title='bbox 433 4037 855 4108; x_wconf 81' lang='grc' dir='ltr'><strong>θρασυκάρδιος.</strong></span> 
     </span>
    </p>
   </div>
   <div class='ocr_carea' id='block_1_56' title="bbox 409 4153 1924 4240">
    <p class='ocr_par' dir='ltr' id='par_1_56' title="bbox 409 4153 1924 4240">
     <span class='ocr_line' id='line_1_56' title="bbox 409 4153 1924 4240; baseline 0.007 -26"><span class='ocrx_word' id='word_1_364' title='bbox 409 4161 553 4214; x_wconf 81' lang='grc' dir='ltr'><strong>Ἀπὸ</strong></span> <span class='ocrx_word' id='word_1_365' title='bbox 581 4163 649 4216; x_wconf 82' lang='grc' dir='ltr'><strong>δὲ</strong></span> <span class='ocrx_word' id='word_1_366' title='bbox 672 4163 792 4217; x_wconf 82' lang='grc' dir='ltr'><strong>τῶν</strong></span> <span class='ocrx_word' id='word_1_367' title='bbox 817 4153 1239 4234; x_wconf 73' lang='grc' dir='ltr'><strong>διανοημάτων</strong></span> <span class='ocrx_word' id='word_1_368' title='bbox 1259 4168 1470 4231; x_wconf 86' lang='grc' dir='ltr'><strong>αὑτοῦ,</strong></span> <span class='ocrx_word' id='word_1_369' title='bbox 1494 4168 1649 4238; x_wconf 82' lang='grc' dir='ltr'><strong>ἀνὴρ</strong></span> <span class='ocrx_word' id='word_1_370' title='bbox 1680 4170 1924 4240; x_wconf 78' lang='grc' dir='ltr'><strong>ἀγαθός.</strong></span> 
     </span>
    </p>
   </div>
   <div class='ocr_carea' id='block_1_57' title="bbox 343 4254 1928 4333">
    <p class='ocr_par' dir='ltr' id='par_1_57' title="bbox 343 4254 1928 4333">
     <span class='ocr_line' id='line_1_57' title="bbox 343 4254 1928 4333; baseline 0.007 -28"><span class='ocrx_word' id='word_1_371' title='bbox 343 4254 477 4306; x_wconf 79' lang='grc' dir='ltr'><strong>Ἀπὸ</strong></span> <span class='ocrx_word' id='word_1_372' title='bbox 511 4255 567 4307; x_wconf 85' lang='grc' dir='ltr'><strong>δὲ</strong></span> <span class='ocrx_word' id='word_1_373' title='bbox 597 4256 705 4308; x_wconf 85' lang='grc' dir='ltr'><strong>τῶν</strong></span> <span class='ocrx_word' id='word_1_374' title='bbox 744 4258 886 4310; x_wconf 87' lang='grc' dir='ltr'><strong>κατά</strong></span> <span class='ocrx_word' id='word_1_375' title='bbox 920 4257 1078 4326; x_wconf 79' lang='grc' dir='ltr'><strong>λόγον</strong></span> <span class='ocrx_word' id='word_1_376' title='bbox 1109 4261 1492 4330; x_wconf 75' lang='grc' dir='ltr'><strong>περισκέψεων</strong></span> <span class='ocrx_word' id='word_1_377' title='bbox 1527 4261 1694 4314; x_wconf 74' lang='grc' dir='ltr'><strong>αὑτοῦ</strong></span> <span class='ocrx_word' id='word_1_378' title='bbox 1755 4265 1928 4333; x_wconf 80' lang='grc' dir='ltr'><strong>ἐμφο-</strong></span> 
     </span>
    </p>
   </div>
   <div class='ocr_carea' id='block_1_58' title="bbox 325 4345 1930 4429">
    <p class='ocr_par' dir='ltr' id='par_1_58' title="bbox 325 4345 1930 4429">
     <span class='ocr_line' id='line_1_58' title="bbox 325 4345 1930 4429; baseline 0.007 -33"><span class='ocrx_word' id='word_1_379' title='bbox 325 4345 650 4416; x_wconf 79' lang='grc' dir='ltr'><strong>ρηθήσεται,</strong></span> <span class='ocrx_word' id='word_1_380' title='bbox 677 4348 1058 4429; x_wconf 82' lang='grc' dir='ltr'><strong>ἀγαθοεργιῶν</strong></span> <span class='ocrx_word' id='word_1_381' title='bbox 1084 4351 1324 4416; x_wconf 84' lang='grc' dir='ltr'><strong>πάντως,</strong></span> <span class='ocrx_word' id='word_1_382' title='bbox 1356 4352 1384 4403; x_wconf 92' lang='lat'><strong>6</strong></span> <span class='ocrx_word' id='word_1_383' title='bbox 1411 4352 1673 4420; x_wconf 84' lang='grc' dir='ltr'><strong>γενναίως</strong></span> <span class='ocrx_word' id='word_1_384' title='bbox 1705 4354 1930 4424; x_wconf 87' lang='grc' dir='ltr'><strong>ίστάμε-</strong></span> 
     </span>
    </p>
   </div>
   <div class='ocr_carea' id='block_1_59' title="bbox 323 4441 971 4502">
    <p class='ocr_par' dir='ltr' id='par_1_59' title="bbox 323 4441 971 4502">
     <span class='ocr_line' id='line_1_59' title="bbox 323 4441 971 4502; baseline 0.014 -14"><span class='ocrx_word' id='word_1_385' title='bbox 323 4457 413 4502; x_wconf 87' lang='grc' dir='ltr'><strong>νος</strong></span> <span class='ocrx_word' id='word_1_386' title='bbox 447 4441 590 4494; x_wconf 90' lang='grc' dir='ltr'><strong>κατά</strong></span> <span class='ocrx_word' id='word_1_387' title='bbox 616 4442 727 4495; x_wconf 82' lang='grc' dir='ltr'><strong>τῶν</strong></span> <span class='ocrx_word' id='word_1_388' title='bbox 759 4443 971 4498; x_wconf 82' lang='grc' dir='ltr'><strong>παθῶν.</strong></span> 
     </span>
    </p>
   </div>
   <div class='ocr_carea' id='block_1_60' title="bbox 2021 1923 3613 2002">
    <p class='ocr_par' dir='ltr' id='par_1_60' title="bbox 2021 1923 3613 2002">
     <span class='ocr_line' id='line_1_60' title="bbox 2021 1923 3613 2002; baseline -0.007 -17"><span class='ocrx_word' id='word_1_389' title='bbox 2021 1933 2259 2002; x_wconf 78' lang='lat' dir='ltr'><strong>gaudent</strong></span> <span class='ocrx_word' id='word_1_390' title='bbox 2313 1934 2450 2002; x_wconf 90' lang='lat' dir='ltr'><strong>(nec</strong></span> <span class='ocrx_word' id='word_1_391' title='bbox 2501 1934 2554 1986; x_wconf 91' lang='lat' dir='ltr'><strong>in</strong></span> <span class='ocrx_word' id='word_1_392' title='bbox 2608 1933 2965 2000; x_wconf 81' lang='lat' dir='ltr'><strong>corruptione</strong></span> <span class='ocrx_word' id='word_1_393' title='bbox 3018 1925 3400 1990; x_wconf 82' lang='lat' dir='ltr'><strong>molestorum)</strong></span> <span class='ocrx_word' id='word_1_394' title='bbox 3441 1945 3448 1976; x_wconf 89' lang='lat'>:</span> <span class='ocrx_word' id='word_1_395' title='bbox 3490 1923 3613 1974; x_wconf 84' lang='lat' dir='ltr'><strong>iu:|c</strong></span> 
     </span>
    </p>
   </div>
   <div class='ocr_carea' id='block_1_61' title="bbox 2021 2019 3507 2098">
    <p class='ocr_par' dir='ltr' id='par_1_61' title="bbox 2021 2019 3507 2098">
     <span class='ocr_line' id='line_1_61' title="bbox 2021 2019 3507 2098; baseline -0.009 -18"><span class='ocrx_word' id='word_1_396' title='bbox 2021 2043 2140 2098; x_wconf 70' lang='lat' dir='ltr'><strong>quae</strong></span> <span class='ocrx_word' id='word_1_397' title='bbox 2174 2028 2452 2081; x_wconf 87' lang='lat' dir='ltr'><strong>iustabilia</strong></span> <span class='ocrx_word' id='word_1_398' title='bbox 2487 2034 2617 2080; x_wconf 90' lang='lat' dir='ltr'><strong>sunt</strong></span> <span class='ocrx_word' id='word_1_399' title='bbox 2651 2026 2704 2078; x_wconf 92' lang='lat' dir='ltr'><strong>in</strong></span> <span class='ocrx_word' id='word_1_400' title='bbox 2746 2039 2803 2078; x_wconf 89' lang='lat' dir='ltr'><strong>se</strong></span> <span class='ocrx_word' id='word_1_401' title='bbox 2841 2020 3060 2076; x_wconf 80' lang='lat' dir='ltr'><strong>stabilia</strong></span> <span class='ocrx_word' id='word_1_402' title='bbox 3097 2019 3507 2071; x_wconf 74' lang='lat' dir='ltr'><strong>demonstrant.</strong></span> 
     </span>
    </p>
   </div>
   <div class='ocr_carea' id='block_1_62' title="bbox 2098 2141 3614 2218">
    <p class='ocr_par' dir='ltr' id='par_1_62' title="bbox 2098 2141 3614 2218">
     <span class='ocr_line' id='line_1_62' title="bbox 2098 2141 3614 2218; baseline -0.011 -12"><span class='ocrx_word' id='word_1_403' title='bbox 2098 2153 2259 2209; x_wconf 68' lang='lat' dir='ltr'><strong>Vens.</strong></span> <span class='ocrx_word' id='word_1_404' title='bbox 2317 2151 2403 2205; x_wconf 68' lang='lat'><strong>12.</strong></span> <span class='ocrx_word' id='word_1_405' title='bbox 2446 2152 2539 2204; x_wconf 79' lang='lat' dir='ltr'><strong>Est</strong></span> <span class='ocrx_word' id='word_1_406' title='bbox 2591 2152 2672 2204; x_wconf 71' lang='lat' dir='ltr'><strong>via</strong></span> <span class='ocrx_word' id='word_1_407' title='bbox 2719 2166 2836 2218; x_wconf 66' lang='lat' dir='ltr'><strong>quia</strong></span> <span class='ocrx_word' id='word_1_408' title='bbox 2884 2146 3086 2200; x_wconf 76' lang='lat' dir='ltr'><strong>videtur</strong></span> <span class='ocrx_word' id='word_1_409' title='bbox 3143 2141 3443 2194; x_wconf 77' lang='lat' dir='ltr'><strong>hominibus</strong></span> <span class='ocrx_word' id='word_1_410' title='bbox 3503 2155 3614 2192; x_wconf 73' lang='lat' dir='ltr'><strong>esse</strong></span> 
     </span>
    </p>
   </div>
   <div class='ocr_carea' id='block_1_63' title="bbox 2022 2231 3610 2307">
    <p class='ocr_par' dir='ltr' id='par_1_63' title="bbox 2022 2231 3610 2307">
     <span class='ocr_line' id='line_1_63' title="bbox 2022 2231 3610 2307; baseline -0.011 -8"><span class='ocrx_word' id='word_1_411' title='bbox 2022 2255 2181 2299; x_wconf 86' lang='lat' dir='ltr'><strong>recta.</strong></span> <span class='ocrx_word' id='word_1_412' title='bbox 2223 2242 2343 2297; x_wconf 83' lang='lat' dir='ltr'><strong>Vita</strong></span> <span class='ocrx_word' id='word_1_413' title='bbox 2379 2243 2616 2297; x_wconf 80' lang='lat' dir='ltr'><strong>carnalis</strong></span> <span class='ocrx_word' id='word_1_414' title='bbox 2642 2252 2695 2296; x_wconf 87' lang='lat' dir='ltr'><strong>et</strong></span> <span class='ocrx_word' id='word_1_415' title='bbox 2729 2242 2983 2302; x_wconf 85' lang='lat' dir='ltr'><strong>remissa,</strong></span> <span class='ocrx_word' id='word_1_416' title='bbox 3015 2247 3238 2307; x_wconf 75' lang='lat' dir='ltr'><strong>propter</strong></span> <span class='ocrx_word' id='word_1_417' title='bbox 3266 2231 3554 2286; x_wconf 74' lang='lat' dir='ltr'><strong>dulcedine.</strong></span> <span class='ocrx_word' id='word_1_418' title='bbox 3581 2249 3610 2282; x_wconf 76' lang='lat' dir='ltr'><strong>El</strong></span> 
     </span>
    </p>
   </div>
   <div class='ocr_carea' id='block_1_64' title="bbox 2022 2327 3616 2411">
    <p class='ocr_par' dir='ltr' id='par_1_64' title="bbox 2022 2327 3616 2411">
     <span class='ocr_line' id='line_1_64' title="bbox 2022 2327 3616 2411; baseline -0.011 -15"><span class='ocrx_word' id='word_1_419' title='bbox 2022 2341 2249 2411; x_wconf 87' lang='lat' dir='ltr'><strong>pulchra</strong></span> <span class='ocrx_word' id='word_1_420' title='bbox 2305 2351 2568 2410; x_wconf 85' lang='lat' dir='ltr'><strong>pensatur</strong></span> <span class='ocrx_word' id='word_1_421' title='bbox 2620 2339 2687 2392; x_wconf 92' lang='lat' dir='ltr'><strong>ab</strong></span> <span class='ocrx_word' id='word_1_422' title='bbox 2735 2335 3075 2397; x_wconf 89' lang='lat' dir='ltr'><strong>hominibus,</strong></span> <span class='ocrx_word' id='word_1_423' title='bbox 3113 2331 3286 2385; x_wconf 90' lang='lat' dir='ltr'><strong>donec</strong></span> <span class='ocrx_word' id='word_1_424' title='bbox 3341 2327 3473 2397; x_wconf 83' lang='lat' dir='ltr'><strong>ipsis</strong></span> <span class='ocrx_word' id='word_1_425' title='bbox 3522 2343 3616 2396; x_wconf 70' lang='lat' dir='ltr'><strong>per</strong></span> 
     </span>
    </p>
   </div>
   <div class='ocr_carea' id='block_1_65' title="bbox 2021 2421 3157 2488">
    <p class='ocr_par' dir='ltr' id='par_1_65' title="bbox 2021 2421 3157 2488">
     <span class='ocr_line' id='line_1_65' title="bbox 2021 2421 3157 2488; baseline -0.007 0"><span class='ocrx_word' id='word_1_426' title='bbox 2021 2434 2228 2488; x_wconf 82' lang='lat' dir='ltr'><strong>ﬂuxum</strong></span> <span class='ocrx_word' id='word_1_427' title='bbox 2265 2432 2483 2486; x_wconf 88' lang='lat' dir='ltr'><strong>habeat.</strong></span> <span class='ocrx_word' id='word_1_428' title='bbox 3150 2421 3157 2430; x_wconf 85' lang='grc'><em>’</em></span> 
     </span>
    </p>
   </div>
   <div class='ocr_carea' id='block_1_66' title="bbox 2097 2543 3620 2624">
    <p class='ocr_par' dir='ltr' id='par_1_66' title="bbox 2097 2543 3620 2624">
     <span class='ocr_line' id='line_1_66' title="bbox 2097 2543 3620 2624; baseline -0.01 -16"><span class='ocrx_word' id='word_1_429' title='bbox 2097 2555 2353 2611; x_wconf 74' lang='lat' dir='ltr'><strong>Extrema</strong></span> <span class='ocrx_word' id='word_1_430' title='bbox 2389 2556 2501 2624; x_wconf 81' lang='lat' dir='ltr'><strong>ejus</strong></span> <span class='ocrx_word' id='word_1_431' title='bbox 2538 2555 2734 2609; x_wconf 81' lang='lat' dir='ltr'><strong>vadunt</strong></span> <span class='ocrx_word' id='word_1_432' title='bbox 2764 2554 2830 2606; x_wconf 85' lang='lat' dir='ltr'><strong>ad</strong></span> <span class='ocrx_word' id='word_1_433' title='bbox 2867 2560 3049 2620; x_wconf 87' lang='lat' dir='ltr'><strong>portas</strong></span> <span class='ocrx_word' id='word_1_434' title='bbox 3087 2549 3265 2616; x_wconf 65' lang='lat' dir='ltr'><strong>inferi.</strong></span> <span class='ocrx_word' id='word_1_435' title='bbox 3310 2543 3463 2597; x_wconf 79' lang='lat' dir='ltr'><strong>Finis</strong></span> <span class='ocrx_word' id='word_1_436' title='bbox 3500 2545 3620 2608; x_wconf 80' lang='lat' dir='ltr'><strong>ejus</strong></span> 
     </span>
    </p>
   </div>
   <div class='ocr_carea' id='block_1_67' title="bbox 2022 2640 3613 2720">
    <p class='ocr_par' dir='ltr' id='par_1_67' title="bbox 2022 2640 3613 2720">
     <span class='ocr_line' id='line_1_67' title="bbox 2022 2640 3613 2720; baseline -0.012 -17"><span class='ocrx_word' id='word_1_437' title='bbox 2022 2649 2379 2720; x_wconf 82' lang='lat' dir='ltr'><strong>perditionem</strong></span> <span class='ocrx_word' id='word_1_438' title='bbox 2415 2647 2565 2712; x_wconf 91' lang='lat' dir='ltr'><strong>adit,</strong></span> <span class='ocrx_word' id='word_1_439' title='bbox 2592 2662 2714 2701; x_wconf 90' lang='lat' dir='ltr'><strong>cum</strong></span> <span class='ocrx_word' id='word_1_440' title='bbox 2762 2642 3071 2700; x_wconf 88' lang='lat' dir='ltr'><strong>istiusmodi</strong></span> <span class='ocrx_word' id='word_1_441' title='bbox 3119 2640 3369 2695; x_wconf 81' lang='lat' dir='ltr'><strong>homines</strong></span> <span class='ocrx_word' id='word_1_442' title='bbox 3411 2653 3436 2688; x_wconf 86' lang='lat' dir='ltr'><strong>a</strong></span> <span class='ocrx_word' id='word_1_443' title='bbox 3486 2653 3613 2689; x_wconf 78' lang='lat' dir='ltr'><strong>vero</strong></span> 
     </span>
    </p>
   </div>
   <div class='ocr_carea' id='block_1_68' title="bbox 2023 2738 2447 2796">
    <p class='ocr_par' dir='ltr' id='par_1_68' title="bbox 2023 2738 2447 2796">
     <span class='ocr_line' id='line_1_68' title="bbox 2023 2738 2447 2796; baseline -0.009 -1"><span class='ocrx_word' id='word_1_444' title='bbox 2023 2741 2166 2796; x_wconf 89' lang='lat' dir='ltr'><strong>bono</strong></span> <span class='ocrx_word' id='word_1_445' title='bbox 2195 2738 2447 2793; x_wconf 85' lang='lat' dir='ltr'><strong>abducat.</strong></span> 
     </span>
    </p>
   </div>
   <div class='ocr_carea' id='block_1_69' title="bbox 2096 2855 3620 2921">
    <p class='ocr_par' dir='ltr' id='par_1_69' title="bbox 2096 2855 3620 2921">
     <span class='ocr_line' id='line_1_69' title="bbox 2096 2855 3620 2921; baseline -0.007 -2"><span class='ocrx_word' id='word_1_446' title='bbox 2096 2864 2264 2921; x_wconf 74' lang='lat' dir='ltr'><strong>Vens.</strong></span> <span class='ocrx_word' id='word_1_447' title='bbox 2302 2866 2384 2919; x_wconf 76' lang='grc'><strong>13.</strong></span> <span class='ocrx_word' id='word_1_448' title='bbox 2429 2862 2491 2917; x_wconf 82' lang='grc' dir='ltr'><strong>1η</strong></span> <span class='ocrx_word' id='word_1_449' title='bbox 2528 2862 2729 2917; x_wconf 76' lang='lat' dir='ltr'><strong>lwtitiis</strong></span> <span class='ocrx_word' id='word_1_450' title='bbox 2787 2875 2889 2912; x_wconf 87' lang='lat' dir='ltr'><strong>non</strong></span> <span class='ocrx_word' id='word_1_451' title='bbox 2937 2859 3258 2913; x_wconf 82' lang='lat' dir='ltr'><strong>admiscetur</strong></span> <span class='ocrx_word' id='word_1_452' title='bbox 3295 2859 3469 2910; x_wconf 83' lang='lat' dir='ltr'><strong>dolor.</strong></span> <span class='ocrx_word' id='word_1_453' title='bbox 3517 2855 3620 2920; x_wconf 77' lang='lat' dir='ltr'><strong>Qui</strong></span> 
     </span>
    </p>
   </div>
   <div class='ocr_carea' id='block_1_70' title="bbox 2023 2949 3616 3018">
    <p class='ocr_par' dir='ltr' id='par_1_70' title="bbox 2023 2949 3616 3018">
     <span class='ocr_line' id='line_1_70' title="bbox 2023 2949 3616 3018; baseline -0.008 -9"><span class='ocrx_word' id='word_1_454' title='bbox 2023 2957 2369 3012; x_wconf 74' lang='lat' dir='ltr'><strong>afﬂuentibus</strong></span> <span class='ocrx_word' id='word_1_455' title='bbox 2410 2955 2572 3010; x_wconf 85' lang='lat' dir='ltr'><strong>rebus</strong></span> <span class='ocrx_word' id='word_1_456' title='bbox 2613 2952 2922 3014; x_wconf 63' lang='lat' dir='ltr'><strong>adimerent,</strong></span> <span class='ocrx_word' id='word_1_457' title='bbox 2964 2951 3092 3004; x_wconf 89' lang='lat' dir='ltr'><strong>dum</strong></span> <span class='ocrx_word' id='word_1_458' title='bbox 3130 2954 3195 3004; x_wconf 89' lang='lat' dir='ltr'><strong>de</strong></span> <span class='ocrx_word' id='word_1_459' title='bbox 3231 2952 3315 3003; x_wconf 80' lang='lat' dir='ltr'><strong>liis</strong></span> <span class='ocrx_word' id='word_1_460' title='bbox 3357 2949 3616 3018; x_wconf 73' lang='lat' dir='ltr'><strong>gaudent,</strong></span> 
     </span>
    </p>
   </div>
   <div class='ocr_carea' id='block_1_71' title="bbox 2023 3043 3612 3116">
    <p class='ocr_par' dir='ltr' id='par_1_71' title="bbox 2023 3043 3612 3116">
     <span class='ocr_line' id='line_1_71' title="bbox 2023 3043 3612 3116; baseline -0.01 -11"><span class='ocrx_word' id='word_1_461' title='bbox 2023 3051 2268 3106; x_wconf 88' lang='lat' dir='ltr'><strong>dolorem</strong></span> <span class='ocrx_word' id='word_1_462' title='bbox 2327 3063 2437 3104; x_wconf 93' lang='lat' dir='ltr'><strong>nou</strong></span> <span class='ocrx_word' id='word_1_463' title='bbox 2499 3047 2747 3104; x_wconf 88' lang='lat' dir='ltr'><strong>sentiunt</strong></span> <span class='ocrx_word' id='word_1_464' title='bbox 2807 3050 3031 3116; x_wconf 76' lang='lat' dir='ltr'><strong>propter</strong></span> <span class='ocrx_word' id='word_1_465' title='bbox 3085 3043 3378 3114; x_wconf 79' lang='lat' dir='ltr'><strong>voluptatis</strong></span> <span class='ocrx_word' id='word_1_466' title='bbox 3444 3043 3612 3094; x_wconf 79' lang='lat' dir='ltr'><strong>vieto-</strong></span> 
     </span>
    </p>
   </div>
   <div class='ocr_carea' id='block_1_72' title="bbox 2028 3159 2190 3200">
    <p class='ocr_par' dir='ltr' id='par_1_72' title="bbox 2028 3159 2190 3200">
     <span class='ocr_line' id='line_1_72' title="bbox 2028 3159 2190 3200; baseline 0.006 -1"><span class='ocrx_word' id='word_1_467' title='bbox 2028 3159 2190 3200; x_wconf 85' lang='lat' dir='ltr'><strong>nam.</strong></span> 
     </span>
    </p>
   </div>
   <div class='ocr_carea' id='block_1_73' title="bbox 2104 3264 3624 3340">
    <p class='ocr_par' dir='ltr' id='par_1_73' title="bbox 2104 3264 3624 3340">
     <span class='ocr_line' id='line_1_73' title="bbox 2104 3264 3624 3340; baseline -0.007 -16"><span class='ocrx_word' id='word_1_468' title='bbox 2104 3268 2417 3325; x_wconf 78' lang='lat' dir='ltr'><strong>Extremum</strong></span> <span class='ocrx_word' id='word_1_469' title='bbox 2463 3269 2721 3340; x_wconf 81' lang='lat' dir='ltr'><strong>gaudium</strong></span> <span class='ocrx_word' id='word_1_470' title='bbox 2750 3270 2804 3322; x_wconf 88' lang='lat' dir='ltr'><strong>in</strong></span> <span class='ocrx_word' id='word_1_471' title='bbox 2834 3269 3031 3322; x_wconf 82' lang='lat' dir='ltr'><strong>luctum</strong></span> <span class='ocrx_word' id='word_1_472' title='bbox 3064 3268 3220 3321; x_wconf 85' lang='lat' dir='ltr'><strong>venit.</strong></span> <span class='ocrx_word' id='word_1_473' title='bbox 3262 3264 3412 3319; x_wconf 80' lang='lat' dir='ltr'><strong>Talis</strong></span> <span class='ocrx_word' id='word_1_474' title='bbox 3444 3274 3624 3318; x_wconf 83' lang='lat' dir='ltr'><strong>autem</strong></span> 
     </span>
    </p>
   </div>
   <div class='ocr_carea' id='block_1_74' title="bbox 2030 3357 3626 3431">
    <p class='ocr_par' dir='ltr' id='par_1_74' title="bbox 2030 3357 3626 3431">
     <span class='ocr_line' id='line_1_74' title="bbox 2030 3357 3626 3431; baseline -0.008 -13"><span class='ocrx_word' id='word_1_475' title='bbox 2030 3364 2246 3431; x_wconf 62' lang='lat' dir='ltr'><strong>latitia,</strong></span> <span class='ocrx_word' id='word_1_476' title='bbox 2296 3379 2400 3419; x_wconf 85' lang='lat' dir='ltr'><strong>suo</strong></span> <span class='ocrx_word' id='word_1_477' title='bbox 2457 3364 2550 3417; x_wconf 81' lang='lat' dir='ltr'><strong>lini</strong></span> <span class='ocrx_word' id='word_1_478' title='bbox 2607 3361 3060 3431; x_wconf 90' lang='lat' dir='ltr'><strong>circumscripta,</strong></span> <span class='ocrx_word' id='word_1_479' title='bbox 3118 3360 3170 3412; x_wconf 91' lang='lat' dir='ltr'><strong>iu</strong></span> <span class='ocrx_word' id='word_1_480' title='bbox 3228 3361 3432 3412; x_wconf 74' lang='lat' dir='ltr'><strong>luctum</strong></span> <span class='ocrx_word' id='word_1_481' title='bbox 3493 3357 3626 3409; x_wconf 83' lang='lat' dir='ltr'><strong>abiit</strong></span> 
     </span>
    </p>
   </div>
   <div class='ocr_carea' id='block_1_75' title="bbox 2029 3451 3623 3529">
    <p class='ocr_par' dir='ltr' id='par_1_75' title="bbox 2029 3451 3623 3529">
     <span class='ocr_line' id='line_1_75' title="bbox 2029 3451 3623 3529; baseline -0.006 -19"><span class='ocrx_word' id='word_1_482' title='bbox 2029 3468 2257 3529; x_wconf 89' lang='lat' dir='ltr'><strong>propter</strong></span> <span class='ocrx_word' id='word_1_483' title='bbox 2321 3465 2699 3526; x_wconf 79' lang='lat' dir='ltr'><strong>emergentem</strong></span> <span class='ocrx_word' id='word_1_484' title='bbox 2768 3455 3088 3518; x_wconf 79' lang='lat' dir='ltr'><strong>fallaciam;</strong></span> <span class='ocrx_word' id='word_1_485' title='bbox 3157 3453 3418 3523; x_wconf 63' lang='lat' dir='ltr'><strong>peritura:</strong></span> <span class='ocrx_word' id='word_1_486' title='bbox 3480 3451 3623 3504; x_wconf 74' lang='lat' dir='ltr'><strong>enim</strong></span> 
     </span>
    </p>
   </div>
   <div class='ocr_carea' id='block_1_76' title="bbox 2027 3547 2622 3614">
    <p class='ocr_par' dir='ltr' id='par_1_76' title="bbox 2027 3547 2622 3614">
     <span class='ocr_line' id='line_1_76' title="bbox 2027 3547 2622 3614; baseline 0 -11"><span class='ocrx_word' id='word_1_487' title='bbox 2027 3550 2235 3605; x_wconf 65' lang='lat' dir='ltr'><strong>lactitize</strong></span> <span class='ocrx_word' id='word_1_488' title='bbox 2265 3547 2409 3614; x_wconf 85' lang='lat' dir='ltr'><strong>linis,</strong></span> <span class='ocrx_word' id='word_1_489' title='bbox 2441 3548 2622 3604; x_wconf 91' lang='lat' dir='ltr'><strong>dolor.</strong></span> 
     </span>
    </p>
   </div>
   <div class='ocr_carea' id='block_1_77' title="bbox 2103 3669 3626 3745">
    <p class='ocr_par' dir='ltr' id='par_1_77' title="bbox 2103 3669 3626 3745">
     <span class='ocr_line' id='line_1_77' title="bbox 2103 3669 3626 3745; baseline -0.005 -14"><span class='ocrx_word' id='word_1_490' title='bbox 2103 3677 2267 3733; x_wconf 73' lang='lat' dir='ltr'><strong>Vens.</strong></span> <span class='ocrx_word' id='word_1_491' title='bbox 2320 3678 2405 3732; x_wconf 75' lang='lat' dir='ltr'><strong>M.</strong></span> <span class='ocrx_word' id='word_1_492' title='bbox 2451 3676 2559 3732; x_wconf 82' lang='lat' dir='ltr'><strong>Viis</strong></span> <span class='ocrx_word' id='word_1_493' title='bbox 2610 3679 2724 3731; x_wconf 88' lang='lat' dir='ltr'><strong>suis</strong></span> <span class='ocrx_word' id='word_1_494' title='bbox 2776 3676 3069 3745; x_wconf 85' lang='lat' dir='ltr'><strong>replebitur</strong></span> <span class='ocrx_word' id='word_1_495' title='bbox 3118 3689 3208 3728; x_wconf 90' lang='lat' dir='ltr'><strong>cor</strong></span> <span class='ocrx_word' id='word_1_496' title='bbox 3249 3673 3450 3725; x_wconf 67' lang='lat' dir='ltr'><strong>audax.</strong></span> <span class='ocrx_word' id='word_1_497' title='bbox 3501 3669 3626 3723; x_wconf 84' lang='lat' dir='ltr'><strong>Suis</strong></span> 
     </span>
    </p>
   </div>
   <div class='ocr_carea' id='block_1_78' title="bbox 2031 3761 3628 3835">
    <p class='ocr_par' dir='ltr' id='par_1_78' title="bbox 2031 3761 3628 3835">
     <span class='ocr_line' id='line_1_78' title="bbox 2031 3761 3628 3835; baseline -0.008 -14"><span class='ocrx_word' id='word_1_498' title='bbox 2031 3767 2086 3821; x_wconf 91' lang='lat' dir='ltr'><strong>in</strong></span> <span class='ocrx_word' id='word_1_499' title='bbox 2130 3766 2495 3835; x_wconf 88' lang='lat' dir='ltr'><strong>perditionem</strong></span> <span class='ocrx_word' id='word_1_500' title='bbox 2547 3764 2892 3828; x_wconf 83' lang='lat' dir='ltr'><strong>ferentibus,</strong></span> <span class='ocrx_word' id='word_1_501' title='bbox 2942 3761 3422 3817; x_wconf 88' lang='lat' dir='ltr'><strong>irrationabilibus</strong></span> <span class='ocrx_word' id='word_1_502' title='bbox 3461 3774 3628 3811; x_wconf 80' lang='lat' dir='ltr'><strong>cona-</strong></span> 
     </span>
    </p>
   </div>
   <div class='ocr_carea' id='block_1_79' title="bbox 2031 3853 3628 3930">
    <p class='ocr_par' dir='ltr' id='par_1_79' title="bbox 2031 3853 3628 3930">
     <span class='ocr_line' id='line_1_79' title="bbox 2031 3853 3628 3930; baseline -0.006 -17"><span class='ocrx_word' id='word_1_503' title='bbox 2031 3860 2181 3914; x_wconf 90' lang='lat' dir='ltr'><strong>tibus</strong></span> <span class='ocrx_word' id='word_1_504' title='bbox 2217 3859 2543 3929; x_wconf 84' lang='lat' dir='ltr'><strong>replebitur.</strong></span> <span class='ocrx_word' id='word_1_505' title='bbox 2579 3860 2674 3930; x_wconf 84' lang='lat' dir='ltr'><strong>qui</strong></span> <span class='ocrx_word' id='word_1_506' title='bbox 2725 3858 2792 3912; x_wconf 87' lang='lat' dir='ltr'><strong>ad</strong></span> <span class='ocrx_word' id='word_1_507' title='bbox 2838 3856 3140 3927; x_wconf 76' lang='lat' dir='ltr'><strong>fugandum</strong></span> <span class='ocrx_word' id='word_1_508' title='bbox 3177 3855 3445 3916; x_wconf 81' lang='lat' dir='ltr'><strong>dolorem,</strong></span> <span class='ocrx_word' id='word_1_509' title='bbox 3482 3853 3628 3904; x_wconf 71' lang='lat' dir='ltr'><strong>circa</strong></span> 
     </span>
    </p>
   </div>
   <div class='ocr_carea' id='block_1_80' title="bbox 2030 3943 3630 4021">
    <p class='ocr_par' dir='ltr' id='par_1_80' title="bbox 2030 3943 3630 4021">
     <span class='ocr_line' id='line_1_80' title="bbox 2030 3943 3630 4021; baseline -0.005 -16"><span class='ocrx_word' id='word_1_510' title='bbox 2030 3958 2277 4020; x_wconf 87' lang='lat' dir='ltr'><strong>pectora,</strong></span> <span class='ocrx_word' id='word_1_511' title='bbox 2316 3950 2586 4021; x_wconf 77' lang='lat' dir='ltr'><strong>sanguine</strong></span> <span class='ocrx_word' id='word_1_512' title='bbox 2625 3949 2835 4015; x_wconf 80' lang='lat' dir='ltr'><strong>fervet;</strong></span> <span class='ocrx_word' id='word_1_513' title='bbox 2870 3947 3090 4003; x_wconf 87' lang='lat' dir='ltr'><strong>etiamsi</strong></span> <span class='ocrx_word' id='word_1_514' title='bbox 3122 3946 3323 4000; x_wconf 77' lang='lat' dir='ltr'><strong>exinde</strong></span> <span class='ocrx_word' id='word_1_515' title='bbox 3353 3945 3425 4000; x_wconf 92' lang='lat' dir='ltr'><strong>sit</strong></span> <span class='ocrx_word' id='word_1_516' title='bbox 3462 3943 3630 3997; x_wconf 84' lang='lat' dir='ltr'><strong>corde</strong></span> 
     </span>
    </p>
   </div>
   <div class='ocr_carea' id='block_1_81' title="bbox 2033 4044 2252 4098">
    <p class='ocr_par' dir='ltr' id='par_1_81' title="bbox 2033 4044 2252 4098">
     <span class='ocr_line' id='line_1_81' title="bbox 2033 4044 2252 4098; baseline 0.009 -3"><span class='ocrx_word' id='word_1_517' title='bbox 2033 4044 2252 4098; x_wconf 53' lang='lat' dir='ltr'><strong>audaci</strong></span> 
     </span>
    </p>
   </div>
   <div class='ocr_carea' id='block_1_82' title="bbox 2103 4167 3630 4243">
    <p class='ocr_par' dir='ltr' id='par_1_82' title="bbox 2103 4167 3630 4243">
     <span class='ocr_line' id='line_1_82' title="bbox 2103 4167 3630 4243; baseline -0.005 -17"><span class='ocrx_word' id='word_1_518' title='bbox 2103 4173 2146 4226; x_wconf 82' lang='grc' dir='ltr'><em>Α</em></span> <span class='ocrx_word' id='word_1_519' title='bbox 2184 4173 2596 4243; x_wconf 85' lang='lat' dir='ltr'><strong>cogitationibus</strong></span> <span class='ocrx_word' id='word_1_520' title='bbox 2640 4173 2769 4235; x_wconf 84' lang='lat' dir='ltr'><strong>suis,</strong></span> <span class='ocrx_word' id='word_1_521' title='bbox 2819 4172 2896 4225; x_wconf 82' lang='lat' dir='ltr'><strong>vir</strong></span> <span class='ocrx_word' id='word_1_522' title='bbox 2942 4172 3127 4224; x_wconf 82' lang='lat' dir='ltr'><strong>bonus.</strong></span> <span class='ocrx_word' id='word_1_523' title='bbox 3166 4167 3296 4223; x_wconf 84' lang='lat' dir='ltr'><strong>Suis</strong></span> <span class='ocrx_word' id='word_1_524' title='bbox 3332 4169 3487 4237; x_wconf 70' lang='lat' dir='ltr'><strong>juxta</strong></span> <span class='ocrx_word' id='word_1_525' title='bbox 3540 4183 3630 4233; x_wconf 40' lang='lat' dir='ltr'><strong>ra:</strong></span> 
     </span>
    </p>
   </div>
   <div class='ocr_carea' id='block_1_83' title="bbox 2032 4261 3628 4333">
    <p class='ocr_par' dir='ltr' id='par_1_83' title="bbox 2032 4261 3628 4333">
     <span class='ocr_line' id='line_1_83' title="bbox 2032 4261 3628 4333; baseline -0.004 -13"><span class='ocrx_word' id='word_1_526' title='bbox 2032 4265 2236 4321; x_wconf 91' lang='lat' dir='ltr'><strong>tionem</strong></span> <span class='ocrx_word' id='word_1_527' title='bbox 2266 4266 2558 4330; x_wconf 87' lang='lat' dir='ltr'><strong>ordinatis,</strong></span> <span class='ocrx_word' id='word_1_528' title='bbox 2591 4264 3094 4333; x_wconf 89' lang='lat' dir='ltr'><strong>eireumspectibus</strong></span> <span class='ocrx_word' id='word_1_529' title='bbox 3130 4262 3495 4322; x_wconf 73' lang='lat' dir='ltr'><strong>eustoilietur,</strong></span> <span class='ocrx_word' id='word_1_530' title='bbox 3534 4261 3628 4327; x_wconf 81' lang='lat' dir='ltr'><strong>qui</strong></span> 
     </span>
    </p>
   </div>
   <div class='ocr_carea' id='block_1_84' title="bbox 2033 4336 3631 4428">
    <p class='ocr_par' dir='ltr' id='par_1_84' title="bbox 2033 4336 3631 4428">
     <span class='ocr_line' id='line_1_84' title="bbox 2033 4336 3631 4428; baseline -0.004 -13"><span class='ocrx_word' id='word_1_531' title='bbox 2033 4360 2264 4415; x_wconf 87' lang='lat' dir='ltr'><strong>omnino</strong></span> <span class='ocrx_word' id='word_1_532' title='bbox 2298 4360 2436 4413; x_wconf 82' lang='lat' dir='ltr'><strong>bene</strong></span> <span class='ocrx_word' id='word_1_533' title='bbox 2472 4336 2738 4428; x_wconf 72' lang='lat' dir='ltr'><strong>operatur</strong></span> <span class='ocrx_word' id='word_1_534' title='bbox 2782 4365 2836 4412; x_wconf 88' lang='lat' dir='ltr'><strong>et</strong></span> <span class='ocrx_word' id='word_1_535' title='bbox 2884 4370 3150 4426; x_wconf 82' lang='lat' dir='ltr'><strong>generoso</strong></span> <span class='ocrx_word' id='word_1_536' title='bbox 3201 4363 3312 4409; x_wconf 87' lang='lat' dir='ltr'><strong>stat</strong></span> <span class='ocrx_word' id='word_1_537' title='bbox 3361 4355 3631 4409; x_wconf 86' lang='lat' dir='ltr'><strong>adversus</strong></span> 
     </span>
    </p>
   </div>
   <div class='ocr_carea' id='block_1_85' title="bbox 2033 4465 2347 4521">
    <p class='ocr_par' dir='ltr' id='par_1_85' title="bbox 2033 4465 2347 4521">
     <span class='ocr_line' id='line_1_85' title="bbox 2033 4465 2347 4521; baseline 0.003 -18"><span class='ocrx_word' id='word_1_538' title='bbox 2033 4465 2347 4521; x_wconf 77' lang='lat' dir='ltr'><strong>passrones.</strong></span> 
     </span>
    </p>
   </div>
   <div class='ocr_carea' id='block_1_86' title="bbox 398 4567 1921 4648">
    <p class='ocr_par' dir='ltr' id='par_1_86' title="bbox 398 4568 1921 4648">
     <span class='ocr_line' id='line_1_86' title="bbox 398 4568 1921 4648; baseline 0.008 -28"><span class='ocrx_word' id='word_1_539' title='bbox 398 4568 479 4622; x_wconf 89' lang='grc' dir='ltr'><strong>ιε’.</strong></span> <span class='ocrx_word' id='word_1_540' title='bbox 508 4572 768 4635; x_wconf 79' lang='grc' dir='ltr'><strong>Ἀκακος</strong></span> <span class='ocrx_word' id='word_1_541' title='bbox 803 4573 1075 4626; x_wconf 84' lang='grc' dir='ltr'><strong>πιστεύει</strong></span> <span class='ocrx_word' id='word_1_542' title='bbox 1104 4576 1283 4627; x_wconf 77' lang='grc' dir='ltr'><strong>παντὶ</strong></span> <span class='ocrx_word' id='word_1_543' title='bbox 1309 4576 1489 4645; x_wconf 71' lang='grc' dir='ltr'><strong>λόγῳ.</strong></span> <span class='ocrx_word' id='word_1_544' title='bbox 1531 4576 1588 4629; x_wconf 89' lang='grc' dir='ltr'><strong>Ὀ</strong></span> <span class='ocrx_word' id='word_1_545' title='bbox 1615 4577 1684 4630; x_wconf 75' lang='grc' dir='ltr'><strong>τὰ</strong></span> <span class='ocrx_word' id='word_1_546' title='bbox 1709 4577 1921 4648; x_wconf 86' lang='grc' dir='ltr'><strong>ὁρῶντα</strong></span> 
     </span>
    </p>
   </div>
   <div class='ocr_carea' id='block_1_87' title="bbox 2028 4567 3631 4648">
    <p class='ocr_par' dir='ltr' id='par_1_87' title="bbox 2101 4573 3631 4639">
     <span class='ocr_line' id='line_1_87' title="bbox 2101 4573 3631 4639; baseline -0.003 -10"><span class='ocrx_word' id='word_1_547' title='bbox 2101 4575 2270 4631; x_wconf 71' lang='lat' dir='ltr'><strong>Vens.</strong></span> <span class='ocrx_word' id='word_1_548' title='bbox 2308 4577 2395 4632; x_wconf 81' lang='grc'><strong>15.</strong></span> <span class='ocrx_word' id='word_1_549' title='bbox 2435 4575 2685 4632; x_wconf 78' lang='lat' dir='ltr'><strong>Sincerits</strong></span> <span class='ocrx_word' id='word_1_550' title='bbox 2718 4575 2885 4630; x_wconf 83' lang='lat' dir='ltr'><strong>credit</strong></span> <span class='ocrx_word' id='word_1_551' title='bbox 2917 4577 3061 4628; x_wconf 83' lang='lat' dir='ltr'><strong>omni</strong></span> <span class='ocrx_word' id='word_1_552' title='bbox 3101 4576 3274 4628; x_wconf 86' lang='lat' dir='ltr'><strong>verba.</strong></span> <span class='ocrx_word' id='word_1_553' title='bbox 3314 4573 3416 4639; x_wconf 91' lang='lat' dir='ltr'><strong>Qui</strong></span> <span class='ocrx_word' id='word_1_554' title='bbox 3450 4589 3631 4627; x_wconf 87' lang='lat' dir='ltr'><strong>emer-</strong></span> 
     </span>
    </p>
   </div>
   <div class='ocr_carea' id='block_1_88' title="bbox 320 4661 1918 4740">
    <p class='ocr_par' dir='ltr' id='par_1_88' title="bbox 320 4661 1918 4740">
     <span class='ocr_line' id='line_1_88' title="bbox 320 4661 1918 4740; baseline 0.008 -28"><span class='ocrx_word' id='word_1_555' title='bbox 320 4662 401 4722; x_wconf 73' lang='lat' dir='ltr'><strong>et;</strong></span> <span class='ocrx_word' id='word_1_556' title='bbox 439 4661 647 4730; x_wconf 76' lang='grc' dir='ltr'><strong>βλάϐην</strong></span> <span class='ocrx_word' id='word_1_557' title='bbox 675 4663 864 4724; x_wconf 81' lang='grc' dir='ltr'><strong>αὑτοῦ,</strong></span> <span class='ocrx_word' id='word_1_558' title='bbox 891 4664 966 4727; x_wconf 85' lang='grc' dir='ltr'><strong>ὡς</strong></span> <span class='ocrx_word' id='word_1_559' title='bbox 1005 4665 1253 4733; x_wconf 83' lang='grc' dir='ltr'><strong>ἀνόητος,</strong></span> <span class='ocrx_word' id='word_1_560' title='bbox 1290 4667 1364 4737; x_wconf 83' lang='grc' dir='ltr'><strong>μὴ</strong></span> <span class='ocrx_word' id='word_1_561' title='bbox 1397 4667 1552 4732; x_wconf 77' lang='grc' dir='ltr'><strong>εἰδὼς</strong></span> <span class='ocrx_word' id='word_1_562' title='bbox 1595 4669 1918 4740; x_wconf 84' lang='grc' dir='ltr'><strong>διακρίνειν,</strong></span> 
     </span>
    </p>
   </div>
   <div class='ocr_carea' id='block_1_89' title="bbox 320 4752 1919 4838">
    <p class='ocr_par' dir='ltr' id='par_1_89' title="bbox 320 4752 1919 4838">
     <span class='ocr_line' id='line_1_89' title="bbox 320 4752 1919 4838; baseline 0.011 -35"><span class='ocrx_word' id='word_1_563' title='bbox 320 4755 492 4804; x_wconf 67' lang='grc' dir='ltr'><strong>πᾶσιν</strong></span> <span class='ocrx_word' id='word_1_564' title='bbox 524 4754 707 4817; x_wconf 68' lang='grc' dir='ltr'><strong>ἁπλῶς</strong></span> <span class='ocrx_word' id='word_1_565' title='bbox 747 4755 993 4808; x_wconf 82' lang='grc' dir='ltr'><strong>πείθεται</strong></span> <span class='ocrx_word' id='word_1_566' title='bbox 1046 4752 1277 4811; x_wconf 75' lang='grc' dir='ltr'><strong>οἷστισιν</strong></span> <span class='ocrx_word' id='word_1_567' title='bbox 1321 4762 1611 4830; x_wconf 76' lang='grc' dir='ltr'><strong>ἐπιτρέπει</strong></span> <span class='ocrx_word' id='word_1_568' title='bbox 1665 4765 1849 4828; x_wconf 76' lang='grc' dir='ltr'><strong>αὑτὸν,</strong></span> 
     </span>
    </p>
   </div>
   <div class='ocr_carea' id='block_1_90' title="bbox 319 4841 1558 4922">
    <p class='ocr_par' dir='ltr' id='par_1_90' title="bbox 319 4841 1558 4922">
     <span class='ocr_line' id='line_1_90' title="bbox 319 4841 1558 4922; baseline 0.01 -29"><span class='ocrx_word' id='word_1_569' title='bbox 319 4841 387 4894; x_wconf 84' lang='grc' dir='ltr'><strong>ἂν</strong></span> <span class='ocrx_word' id='word_1_570' title='bbox 418 4842 513 4894; x_wconf 74' lang='grc' dir='ltr'><strong>ὑπ’</strong></span> <span class='ocrx_word' id='word_1_571' title='bbox 540 4843 722 4897; x_wconf 69' lang='grc' dir='ltr'><strong>αὐτῶν</strong></span> <span class='ocrx_word' id='word_1_572' title='bbox 754 4845 834 4908; x_wconf 83' lang='grc' dir='ltr'><strong>εἰς</strong></span> <span class='ocrx_word' id='word_1_573' title='bbox 859 4845 1104 4899; x_wconf 71' lang='grc' dir='ltr'><strong>κίνδυνον</strong></span> <span class='ocrx_word' id='word_1_574' title='bbox 1140 4849 1558 4922; x_wconf 79' lang='grc' dir='ltr'><strong>συνελαύνηται.</strong></span> 
     </span>
    </p>
   </div>
   <div class='ocr_carea' id='block_1_91' title="bbox 390 5065 1919 5148">
    <p class='ocr_par' dir='ltr' id='par_1_91' title="bbox 390 5065 1919 5148">
     <span class='ocr_line' id='line_1_91' title="bbox 390 5065 1919 5148; baseline 0.007 -29"><span class='ocrx_word' id='word_1_575' title='bbox 390 5065 741 5136; x_wconf 76' lang='grc' dir='ltr'><strong>Πανοῦργος</strong></span> <span class='ocrx_word' id='word_1_576' title='bbox 766 5066 833 5119; x_wconf 78' lang='grc' dir='ltr'><strong>δὲ</strong></span> <span class='ocrx_word' id='word_1_577' title='bbox 853 5069 1086 5136; x_wconf 83' lang='grc' dir='ltr'><strong>ἔρχεται</strong></span> <span class='ocrx_word' id='word_1_578' title='bbox 1115 5073 1202 5137; x_wconf 83' lang='grc' dir='ltr'><strong>εις</strong></span> <span class='ocrx_word' id='word_1_579' title='bbox 1231 5072 1577 5139; x_wconf 85' lang='grc' dir='ltr'><strong>μετάνοιαν.</strong></span> <span class='ocrx_word' id='word_1_580' title='bbox 1618 5075 1675 5129; x_wconf 86' lang='grc' dir='ltr'><strong>Ὀ</strong></span> <span class='ocrx_word' id='word_1_581' title='bbox 1701 5075 1757 5128; x_wconf 84' lang='grc' dir='ltr'><strong>δὲ</strong></span> <span class='ocrx_word' id='word_1_582' title='bbox 1787 5077 1919 5148; x_wconf 77' lang='grc' dir='ltr'><strong>φρό-</strong></span> 
     </span>
    </p>
   </div>
   <div class='ocr_carea' id='block_1_92' title="bbox 315 5161 1916 5239">
    <p class='ocr_par' dir='ltr' id='par_1_92' title="bbox 315 5161 1916 5239">
     <span class='ocr_line' id='line_1_92' title="bbox 315 5161 1916 5239; baseline 0.007 -27"><span class='ocrx_word' id='word_1_583' title='bbox 315 5176 497 5229; x_wconf 82' lang='grc' dir='ltr'><strong>νιμος,</strong></span> <span class='ocrx_word' id='word_1_584' title='bbox 528 5161 628 5214; x_wconf 83' lang='grc' dir='ltr'><strong>κάν</strong></span> <span class='ocrx_word' id='word_1_585' title='bbox 655 5178 706 5213; x_wconf 90' lang='grc' dir='ltr'><strong>τι</strong></span> <span class='ocrx_word' id='word_1_586' title='bbox 737 5161 982 5214; x_wconf 79' lang='grc' dir='ltr'><strong>τοιοῦτον</strong></span> <span class='ocrx_word' id='word_1_587' title='bbox 1012 5164 1073 5216; x_wconf 76' lang='grc' dir='ltr'><strong>ἐκ</strong></span> <span class='ocrx_word' id='word_1_588' title='bbox 1117 5167 1476 5234; x_wconf 79' lang='grc' dir='ltr'><strong>συναρπαγῆς</strong></span> <span class='ocrx_word' id='word_1_589' title='bbox 1517 5168 1916 5239; x_wconf 75' lang='grc' dir='ltr'><strong>παραδέξηται,</strong></span> 
     </span>
    </p>
   </div>
   <div class='ocr_carea' id='block_1_93' title="bbox 314 5253 1917 5329">
    <p class='ocr_par' dir='ltr' id='par_1_93' title="bbox 314 5253 1917 5329">
     <span class='ocr_line' id='line_1_93' title="bbox 314 5253 1917 5329; baseline 0.006 -25"><span class='ocrx_word' id='word_1_590' title='bbox 314 5253 712 5323; x_wconf 79' lang='grc' dir='ltr'><strong>ἀποπέμπεται</strong></span> <span class='ocrx_word' id='word_1_591' title='bbox 747 5256 881 5308; x_wconf 83' lang='grc' dir='ltr'><strong>αὑτό</strong></span> <span class='ocrx_word' id='word_1_592' title='bbox 904 5273 919 5288; x_wconf 86' lang='grc'><strong>·</strong></span> <span class='ocrx_word' id='word_1_593' title='bbox 956 5258 1322 5326; x_wconf 63' lang='grc' dir='ltr'><strong>ἐπιστάμενος</strong></span> <span class='ocrx_word' id='word_1_594' title='bbox 1362 5260 1571 5329; x_wconf 83' lang='grc' dir='ltr'><strong>κρίνειν</strong></span> <span class='ocrx_word' id='word_1_595' title='bbox 1609 5263 1678 5316; x_wconf 79' lang='grc' dir='ltr'><strong>τὰ</strong></span> <span class='ocrx_word' id='word_1_596' title='bbox 1709 5264 1807 5316; x_wconf 78' lang='grc' dir='ltr'><strong>εἶτ’</strong></span> <span class='ocrx_word' id='word_1_597' title='bbox 1837 5266 1917 5327; x_wconf 76' lang='grc' dir='ltr'><strong>είς</strong></span> 
     </span>
    </p>
   </div>
   <div class='ocr_carea' id='block_1_94' title="bbox 315 5345 1449 5420">
    <p class='ocr_par' dir='ltr' id='par_1_94' title="bbox 315 5345 1449 5420">
     <span class='ocr_line' id='line_1_94' title="bbox 315 5345 1449 5420; baseline 0.012 -27"><span class='ocrx_word' id='word_1_598' title='bbox 315 5345 523 5415; x_wconf 77' lang='grc' dir='ltr'><strong>βλάϐην</strong></span> <span class='ocrx_word' id='word_1_599' title='bbox 548 5346 715 5400; x_wconf 76' lang='grc' dir='ltr'><strong>αὑτοῦ</strong></span> <span class='ocrx_word' id='word_1_600' title='bbox 747 5347 897 5414; x_wconf 78' lang='grc' dir='ltr'><strong>ὅντα,</strong></span> <span class='ocrx_word' id='word_1_601' title='bbox 925 5350 1025 5402; x_wconf 78' lang='grc' dir='ltr'><strong>εἴτ’</strong></span> <span class='ocrx_word' id='word_1_602' title='bbox 1050 5352 1131 5414; x_wconf 86' lang='grc' dir='ltr'><strong>είς</strong></span> <span class='ocrx_word' id='word_1_603' title='bbox 1156 5350 1449 5420; x_wconf 78' lang='grc' dir='ltr'><strong>ὠφέλειαν.</strong></span> 
     </span>
    </p>
   </div>
   <div class='ocr_carea' id='block_1_95' title="bbox 387 5472 1916 5544">
    <p class='ocr_par' dir='ltr' id='par_1_95' title="bbox 387 5472 1916 5544">
     <span class='ocr_line' id='line_1_95' title="bbox 387 5472 1916 5544; baseline 0.007 -19"><span class='ocrx_word' id='word_1_604' title='bbox 387 5472 484 5538; x_wconf 83' lang='grc' dir='ltr'><strong>ις’.</strong></span> <span class='ocrx_word' id='word_1_605' title='bbox 523 5475 719 5543; x_wconf 57' lang='lat' dir='ltr'><strong>roget;</strong></span> <span class='ocrx_word' id='word_1_606' title='bbox 754 5477 1036 5544; x_wconf 74' lang='grc' dir='ltr'><strong>φοϐηθεὶς</strong></span> <span class='ocrx_word' id='word_1_607' title='bbox 1090 5478 1406 5542; x_wconf 74' lang='grc' dir='ltr'><strong>ἐξέκλινεν</strong></span> <span class='ocrx_word' id='word_1_608' title='bbox 1444 5479 1564 5534; x_wconf 79' lang='grc' dir='ltr'><strong>ἀπὸ</strong></span> <span class='ocrx_word' id='word_1_609' title='bbox 1599 5482 1811 5537; x_wconf 81' lang='grc' dir='ltr'><strong>κακοῦ.</strong></span> <span class='ocrx_word' id='word_1_610' title='bbox 1857 5483 1916 5536; x_wconf 83' lang='grc'><strong>’0</strong></span> 
     </span>
    </p>
   </div>
   <div class='ocr_carea' id='block_1_96' title="bbox 309 5566 1915 5642">
    <p class='ocr_par' dir='ltr' id='par_1_96' title="bbox 309 5566 1915 5642">
     <span class='ocr_line' id='line_1_96' title="bbox 309 5566 1915 5642; baseline 0.005 -22"><span class='ocrx_word' id='word_1_611' title='bbox 309 5566 412 5638; x_wconf 69' lang='grc' dir='ltr'><strong>τὴν</strong></span> <span class='ocrx_word' id='word_1_612' title='bbox 459 5569 667 5620; x_wconf 78' lang='grc' dir='ltr'><strong>οἰκείαν</strong></span> <span class='ocrx_word' id='word_1_613' title='bbox 708 5568 1092 5637; x_wconf 74' lang='grc' dir='ltr'><strong>ἐπιγινώσκων</strong></span> <span class='ocrx_word' id='word_1_614' title='bbox 1134 5571 1443 5634; x_wconf 80' lang='grc' dir='ltr'><strong>ἀσθένειαν,</strong></span> <span class='ocrx_word' id='word_1_615' title='bbox 1480 5572 1765 5642; x_wconf 79' lang='grc' dir='ltr'><strong>πτοηθεὶς,</strong></span> <span class='ocrx_word' id='word_1_616' title='bbox 1807 5575 1915 5628; x_wconf 73' lang='grc' dir='ltr'><strong>ἀπὸ</strong></span> 
     </span>
    </p>
   </div>
   <div class='ocr_carea' id='block_1_97' title="bbox 310 5661 1916 5738">
    <p class='ocr_par' dir='ltr' id='par_1_97' title="bbox 310 5661 1916 5738">
     <span class='ocr_line' id='line_1_97' title="bbox 310 5661 1916 5738; baseline 0.006 -25"><span class='ocrx_word' id='word_1_617' title='bbox 310 5661 606 5732; x_wconf 80' lang='grc' dir='ltr'><strong>ἀνθρώπου</strong></span> <span class='ocrx_word' id='word_1_618' title='bbox 637 5663 949 5727; x_wconf 80' lang='grc' dir='ltr'><strong>διέζευκται</strong></span> <span class='ocrx_word' id='word_1_619' title='bbox 998 5666 1343 5737; x_wconf 81' lang='grc' dir='ltr'><strong>παρανόμου,</strong></span> <span class='ocrx_word' id='word_1_620' title='bbox 1377 5667 1476 5738; x_wconf 77' lang='grc' dir='ltr'><strong>τὴν</strong></span> <span class='ocrx_word' id='word_1_621' title='bbox 1514 5668 1573 5733; x_wconf 76' lang='grc' dir='ltr'><strong>ἐξ</strong></span> <span class='ocrx_word' id='word_1_622' title='bbox 1603 5670 1771 5722; x_wconf 71' lang='grc' dir='ltr'><strong>αὑτοῦ</strong></span> <span class='ocrx_word' id='word_1_623' title='bbox 1814 5688 1916 5736; x_wconf 72' lang='grc' dir='ltr'><strong>φυ-</strong></span> 
     </span>
    </p>
   </div>
   <div class='ocr_carea' id='block_1_98' title="bbox 311 5753 910 5828">
    <p class='ocr_par' dir='ltr' id='par_1_98' title="bbox 311 5753 910 5828">
     <span class='ocr_line' id='line_1_98' title="bbox 311 5753 910 5828; baseline 0.012 -23"><span class='ocrx_word' id='word_1_624' title='bbox 311 5753 645 5822; x_wconf 65' lang='grc' dir='ltr'><strong>λαττόμενος</strong></span> <span class='ocrx_word' id='word_1_625' title='bbox 683 5756 910 5828; x_wconf 77' lang='grc' dir='ltr'><strong>βλάϐην.</strong></span> 
     </span>
    </p>
   </div>
   <div class='ocr_carea' id='block_1_99' title="bbox 395 5843 1909 5922">
    <p class='ocr_par' dir='ltr' id='par_1_99' title="bbox 395 5843 1909 5922">
     <span class='ocr_line' id='line_1_99' title="bbox 395 5843 1909 5922; baseline 0.005 -22"><span class='ocrx_word' id='word_1_626' title='bbox 395 5843 459 5900; x_wconf 82' lang='grc' dir='ltr'><strong>Ὀ</strong></span> <span class='ocrx_word' id='word_1_627' title='bbox 487 5846 554 5900; x_wconf 78' lang='grc' dir='ltr'><em>δὲ</em></span> <span class='ocrx_word' id='word_1_628' title='bbox 585 5847 792 5917; x_wconf 57' lang='grc' dir='ltr'><strong>ἄφρων</strong></span> <span class='ocrx_word' id='word_1_629' title='bbox 819 5847 1011 5915; x_wconf 78' lang='grc' dir='ltr'><strong>ἐαυτῷ</strong></span> <span class='ocrx_word' id='word_1_630' title='bbox 1036 5852 1353 5919; x_wconf 73' lang='grc' dir='ltr'><strong>πεποιθὼς,</strong></span> <span class='ocrx_word' id='word_1_631' title='bbox 1377 5853 1659 5922; x_wconf 58' lang='grc' dir='ltr'><strong>μίγνυται</strong></span> <span class='ocrx_word' id='word_1_632' title='bbox 1689 5854 1909 5921; x_wconf 66' lang='grc' dir='ltr'><strong>ἀνόμῳ.</strong></span> 
     </span>
    </p>
   </div>
   <div class='ocr_carea' id='block_1_100' title="bbox 2025 4664 3631 4744">
    <p class='ocr_par' dir='ltr' id='par_1_100' title="bbox 2025 4664 3631 4744">
     <span class='ocr_line' id='line_1_100' title="bbox 2025 4664 3631 4744; baseline -0.004 -21"><span class='ocrx_word' id='word_1_633' title='bbox 2025 4669 2206 4738; x_wconf 79' lang='lat' dir='ltr'><strong>gentia</strong></span> <span class='ocrx_word' id='word_1_634' title='bbox 2247 4668 2349 4722; x_wconf 89' lang='lat' dir='ltr'><strong>sibi</strong></span> <span class='ocrx_word' id='word_1_635' title='bbox 2391 4668 2444 4722; x_wconf 92' lang='lat' dir='ltr'><strong>in</strong></span> <span class='ocrx_word' id='word_1_636' title='bbox 2485 4668 2737 4744; x_wconf 81' lang='lat' dir='ltr'><strong>domum,</strong></span> <span class='ocrx_word' id='word_1_637' title='bbox 2787 4666 2952 4719; x_wconf 81' lang='lat' dir='ltr'><strong>veluti</strong></span> <span class='ocrx_word' id='word_1_638' title='bbox 3002 4665 3270 4724; x_wconf 77' lang='lat' dir='ltr'><strong>stolidus.</strong></span> <span class='ocrx_word' id='word_1_639' title='bbox 3313 4664 3631 4717; x_wconf 76' lang='lat' dir='ltr'><strong>discernere</strong></span> 
     </span>
    </p>
   </div>
   <div class='ocr_carea' id='block_1_101' title="bbox 2027 4754 3630 4826">
    <p class='ocr_par' dir='ltr' id='par_1_101' title="bbox 2027 4754 3630 4826">
     <span class='ocr_line' id='line_1_101' title="bbox 2027 4754 3630 4826; baseline -0.004 -14"><span class='ocrx_word' id='word_1_640' title='bbox 2027 4760 2222 4823; x_wconf 90' lang='lat' dir='ltr'><strong>nescit,</strong></span> <span class='ocrx_word' id='word_1_641' title='bbox 2258 4758 2326 4812; x_wconf 91' lang='lat' dir='ltr'><strong>ab</strong></span> <span class='ocrx_word' id='word_1_642' title='bbox 2377 4757 2636 4812; x_wconf 91' lang='lat' dir='ltr'><strong>omnibus</strong></span> <span class='ocrx_word' id='word_1_643' title='bbox 2682 4756 3012 4826; x_wconf 89' lang='lat' dir='ltr'><strong>simpliciter</strong></span> <span class='ocrx_word' id='word_1_644' title='bbox 3062 4755 3287 4810; x_wconf 71' lang='lat' dir='ltr'><strong>ducitur</strong></span> <span class='ocrx_word' id='word_1_645' title='bbox 3326 4754 3529 4822; x_wconf 87' lang='lat' dir='ltr'><strong>quibus</strong></span> <span class='ocrx_word' id='word_1_646' title='bbox 3572 4768 3630 4806; x_wconf 83' lang='lat' dir='ltr'><strong>se</strong></span> 
     </span>
    </p>
   </div>
   <div class='ocr_carea' id='block_1_102' title="bbox 2025 4836 3628 4918">
    <p class='ocr_par' dir='ltr' id='par_1_102' title="bbox 2025 4836 3628 4918">
     <span class='ocr_line' id='line_1_102' title="bbox 2025 4836 3628 4918; baseline -0.004 -12"><span class='ocrx_word' id='word_1_647' title='bbox 2025 4852 2358 4916; x_wconf 85' lang='lat' dir='ltr'><strong>committit;</strong></span> <span class='ocrx_word' id='word_1_648' title='bbox 2408 4853 2489 4905; x_wconf 87' lang='lat' dir='ltr'><strong>sic</strong></span> <span class='ocrx_word' id='word_1_649' title='bbox 2537 4850 2726 4906; x_wconf 81' lang='lat' dir='ltr'><strong>forsan</strong></span> <span class='ocrx_word' id='word_1_650' title='bbox 2777 4852 2844 4904; x_wconf 92' lang='lat' dir='ltr'><strong>ab</strong></span> <span class='ocrx_word' id='word_1_651' title='bbox 2885 4851 2995 4905; x_wconf 91' lang='lat' dir='ltr'><strong>illis</strong></span> <span class='ocrx_word' id='word_1_652' title='bbox 3037 4849 3091 4902; x_wconf 91' lang='lat' dir='ltr'><strong>in</strong></span> <span class='ocrx_word' id='word_1_653' title='bbox 3136 4848 3442 4918; x_wconf 90' lang='lat' dir='ltr'><strong>periculum</strong></span> <span class='ocrx_word' id='word_1_654' title='bbox 3495 4836 3628 4901; x_wconf 79' lang='lat' dir='ltr'><strong>eon-</strong></span> 
     </span>
    </p>
   </div>
   <div class='ocr_carea' id='block_1_103' title="bbox 2022 4942 2270 5012">
    <p class='ocr_par' dir='ltr' id='par_1_103' title="bbox 2022 4942 2270 5012">
     <span class='ocr_line' id='line_1_103' title="bbox 2022 4942 2270 5012; baseline 0.004 -17"><span class='ocrx_word' id='word_1_655' title='bbox 2022 4942 2270 5012; x_wconf 88' lang='lat' dir='ltr'><strong>jicietur.</strong></span> 
     </span>
    </p>
   </div>
   <div class='ocr_carea' id='block_1_104' title="bbox 2096 5069 3624 5126">
    <p class='ocr_par' dir='ltr' id='par_1_104' title="bbox 2096 5069 3624 5126">
     <span class='ocr_line' id='line_1_104' title="bbox 2096 5069 3624 5126; baseline -0.004 -1"><span class='ocrx_word' id='word_1_656' title='bbox 2096 5071 2343 5126; x_wconf 83' lang='lat' dir='ltr'><strong>Callidus</strong></span> <span class='ocrx_word' id='word_1_657' title='bbox 2406 5081 2582 5125; x_wconf 87' lang='lat' dir='ltr'><strong>autem</strong></span> <span class='ocrx_word' id='word_1_658' title='bbox 2641 5071 2777 5124; x_wconf 77' lang='lat' dir='ltr'><strong>venit</strong></span> <span class='ocrx_word' id='word_1_659' title='bbox 2833 5069 2900 5122; x_wconf 91' lang='lat' dir='ltr'><strong>ad</strong></span> <span class='ocrx_word' id='word_1_660' title='bbox 2956 5070 3143 5123; x_wconf 87' lang='lat' dir='ltr'><strong>mentis</strong></span> <span class='ocrx_word' id='word_1_661' title='bbox 3207 5069 3624 5122; x_wconf 83' lang='lat' dir='ltr'><strong>conversionem.</strong></span> 
     </span>
    </p>
   </div>
   <div class='ocr_carea' id='block_1_105' title="bbox 2021 5161 3624 5232">
    <p class='ocr_par' dir='ltr' id='par_1_105' title="bbox 2021 5161 3624 5232">
     <span class='ocr_line' id='line_1_105' title="bbox 2021 5161 3624 5232; baseline -0.004 -14"><span class='ocrx_word' id='word_1_662' title='bbox 2021 5163 2271 5219; x_wconf 87' lang='lat' dir='ltr'><strong>Prudens</strong></span> <span class='ocrx_word' id='word_1_663' title='bbox 2301 5165 2467 5227; x_wconf 85' lang='lat' dir='ltr'><strong>enim,</strong></span> <span class='ocrx_word' id='word_1_664' title='bbox 2492 5165 2594 5218; x_wconf 86' lang='lat' dir='ltr'><strong>etsi</strong></span> <span class='ocrx_word' id='word_1_665' title='bbox 2629 5163 2760 5232; x_wconf 82' lang='lat' dir='ltr'><strong>quid</strong></span> <span class='ocrx_word' id='word_1_666' title='bbox 2784 5179 2849 5217; x_wconf 83' lang='lat' dir='ltr'><strong>ex</strong></span> <span class='ocrx_word' id='word_1_667' title='bbox 2878 5163 3235 5230; x_wconf 84' lang='lat' dir='ltr'><strong>subreptioue</strong></span> <span class='ocrx_word' id='word_1_668' title='bbox 3261 5161 3624 5222; x_wconf 74' lang='lat' dir='ltr'><strong>contraxerit,</strong></span> 
     </span>
    </p>
   </div>
   <div class='ocr_carea' id='block_1_106' title="bbox 2024 5252 3621 5324">
    <p class='ocr_par' dir='ltr' id='par_1_106' title="bbox 2024 5252 3621 5324">
     <span class='ocr_line' id='line_1_106' title="bbox 2024 5252 3621 5324; baseline -0.004 -15"><span class='ocrx_word' id='word_1_669' title='bbox 2024 5256 2126 5311; x_wconf 85' lang='lat' dir='ltr'><strong>hoc</strong></span> <span class='ocrx_word' id='word_1_670' title='bbox 2164 5264 2348 5309; x_wconf 88' lang='lat' dir='ltr'><strong>tamen</strong></span> <span class='ocrx_word' id='word_1_671' title='bbox 2391 5255 2604 5324; x_wconf 79' lang='lat' dir='ltr'><strong>rejieit;</strong></span> <span class='ocrx_word' id='word_1_672' title='bbox 2645 5255 2962 5308; x_wconf 85' lang='lat' dir='ltr'><strong>discernere</strong></span> <span class='ocrx_word' id='word_1_673' title='bbox 3007 5263 3184 5324; x_wconf 76' lang='lat' dir='ltr'><strong>potest</strong></span> <span class='ocrx_word' id='word_1_674' title='bbox 3228 5267 3349 5321; x_wconf 77' lang='lat' dir='ltr'><strong>qine</strong></span> <span class='ocrx_word' id='word_1_675' title='bbox 3396 5252 3496 5322; x_wconf 85' lang='lat' dir='ltr'><strong>ipsi</strong></span> <span class='ocrx_word' id='word_1_676' title='bbox 3539 5253 3621 5306; x_wconf 85' lang='lat' dir='ltr'><strong>vel</strong></span> 
     </span>
    </p>
   </div>
   <div class='ocr_carea' id='block_1_107' title="bbox 2022 5333 3274 5402">
    <p class='ocr_par' dir='ltr' id='par_1_107' title="bbox 2022 5333 3274 5402">
     <span class='ocr_line' id='line_1_107' title="bbox 2022 5333 3274 5402; baseline -0.004 0"><span class='ocrx_word' id='word_1_677' title='bbox 2022 5351 2076 5402; x_wconf 89' lang='lat' dir='ltr'><strong>in</strong></span> <span class='ocrx_word' id='word_1_678' title='bbox 2111 5333 2372 5401; x_wconf 85' lang='lat' dir='ltr'><strong>damnum</strong></span> <span class='ocrx_word' id='word_1_679' title='bbox 2407 5348 2488 5400; x_wconf 85' lang='lat' dir='ltr'><strong>vel</strong></span> <span class='ocrx_word' id='word_1_680' title='bbox 2528 5347 2579 5400; x_wconf 92' lang='lat' dir='ltr'><strong>in</strong></span> <span class='ocrx_word' id='word_1_681' title='bbox 2613 5345 2962 5400; x_wconf 85' lang='lat' dir='ltr'><strong>commodum</strong></span> <span class='ocrx_word' id='word_1_682' title='bbox 2995 5347 3274 5400; x_wconf 80' lang='lat' dir='ltr'><strong>eveniunt.</strong></span> 
     </span>
    </p>
   </div>
   <div class='ocr_carea' id='block_1_108' title="bbox 2094 5472 3622 5540">
    <p class='ocr_par' dir='ltr' id='par_1_108' title="bbox 2094 5472 3622 5540">
     <span class='ocr_line' id='line_1_108' title="bbox 2094 5472 3622 5540; baseline 0.001 -14"><span class='ocrx_word' id='word_1_683' title='bbox 2094 5474 2258 5529; x_wconf 68' lang='lat' dir='ltr'><strong>Vens.</strong></span> <span class='ocrx_word' id='word_1_684' title='bbox 2301 5476 2387 5529; x_wconf 85' lang='grc'><strong>16.</strong></span> <span class='ocrx_word' id='word_1_685' title='bbox 2430 5473 2652 5537; x_wconf 80' lang='lat' dir='ltr'><strong>Sapiens</strong></span> <span class='ocrx_word' id='word_1_686' title='bbox 2709 5474 3019 5540; x_wconf 80' lang='lat' dir='ltr'><strong>perterritus</strong></span> <span class='ocrx_word' id='word_1_687' title='bbox 3078 5472 3308 5527; x_wconf 86' lang='lat' dir='ltr'><strong>declinat</strong></span> <span class='ocrx_word' id='word_1_688' title='bbox 3371 5491 3402 5525; x_wconf 92' lang='lat' dir='ltr'><strong>a</strong></span> <span class='ocrx_word' id='word_1_689' title='bbox 3457 5475 3622 5527; x_wconf 76' lang='lat' dir='ltr'><strong>malo.</strong></span> 
     </span>
    </p>
   </div>
   <div class='ocr_carea' id='block_1_109' title="bbox 2021 5557 3619 5637">
    <p class='ocr_par' dir='ltr' id='par_1_109' title="bbox 2021 5557 3619 5637">
     <span class='ocr_line' id='line_1_109' title="bbox 2021 5557 3619 5637; baseline -0.003 -17"><span class='ocrx_word' id='word_1_690' title='bbox 2021 5567 2122 5634; x_wconf 85' lang='lat' dir='ltr'><strong>Qui</strong></span> <span class='ocrx_word' id='word_1_691' title='bbox 2172 5568 2448 5637; x_wconf 78' lang='lat' dir='ltr'><strong>propriam</strong></span> <span class='ocrx_word' id='word_1_692' title='bbox 2502 5567 2713 5620; x_wconf 73' lang='lat' dir='ltr'><strong>noverit</strong></span> <span class='ocrx_word' id='word_1_693' title='bbox 2751 5557 3132 5636; x_wconf 68' lang='lat' dir='ltr'><strong>fragilitatem,</strong></span> <span class='ocrx_word' id='word_1_694' title='bbox 3181 5566 3619 5630; x_wconf 62' lang='lat' dir='ltr'><strong>pertimescenda</strong></span> 
     </span>
    </p>
   </div>
   <div class='ocr_carea' id='block_1_110' title="bbox 2022 5660 3618 5732">
    <p class='ocr_par' dir='ltr' id='par_1_110' title="bbox 2022 5660 3618 5732">
     <span class='ocr_line' id='line_1_110' title="bbox 2022 5660 3618 5732; baseline -0.002 -14"><span class='ocrx_word' id='word_1_695' title='bbox 2022 5679 2079 5718; x_wconf 86' lang='lat' dir='ltr'><strong>se</strong></span> <span class='ocrx_word' id='word_1_696' title='bbox 2105 5661 2368 5731; x_wconf 73' lang='lat' dir='ltr'><strong>disjungit</strong></span> <span class='ocrx_word' id='word_1_697' title='bbox 2386 5662 2451 5714; x_wconf 90' lang='lat' dir='ltr'><strong>ab</strong></span> <span class='ocrx_word' id='word_1_698' title='bbox 2473 5660 2694 5715; x_wconf 86' lang='lat' dir='ltr'><strong>homine</strong></span> <span class='ocrx_word' id='word_1_699' title='bbox 2713 5661 2921 5732; x_wconf 72' lang='lat' dir='ltr'><strong>iniquo,</strong></span> <span class='ocrx_word' id='word_1_700' title='bbox 2943 5676 3142 5714; x_wconf 74' lang='lat' dir='ltr'><strong>cavens</strong></span> <span class='ocrx_word' id='word_1_701' title='bbox 3165 5661 3232 5713; x_wconf 84' lang='lat' dir='ltr'><strong>ab</strong></span> <span class='ocrx_word' id='word_1_702' title='bbox 3254 5661 3372 5729; x_wconf 78' lang='lat' dir='ltr'><strong>ejus</strong></span> <span class='ocrx_word' id='word_1_703' title='bbox 3395 5660 3618 5715; x_wconf 69' lang='lat' dir='ltr'><strong>damna.</strong></span> 
     </span>
    </p>
   </div>
   <div class='ocr_carea' id='block_1_111' title="bbox 2093 5845 3686 5922">
    <p class='ocr_par' dir='ltr' id='par_1_111' title="bbox 2093 5845 3686 5922">
     <span class='ocr_line' id='line_1_111' title="bbox 2093 5845 3686 5922; baseline -0.006 -16"><span class='ocrx_word' id='word_1_704' title='bbox 2093 5853 2297 5908; x_wconf 80' lang='lat' dir='ltr'><strong>Stultus</strong></span> <span class='ocrx_word' id='word_1_705' title='bbox 2340 5852 2437 5906; x_wconf 69' lang='lat' dir='ltr'><strong>sibi</strong></span> <span class='ocrx_word' id='word_1_706' title='bbox 2471 5851 2662 5922; x_wconf 74' lang='lat' dir='ltr'><strong>ﬁdem,</strong></span> <span class='ocrx_word' id='word_1_707' title='bbox 2714 5851 2958 5905; x_wconf 69' lang='lat' dir='ltr'><strong>miscetur</strong></span> <span class='ocrx_word' id='word_1_708' title='bbox 2997 5851 3199 5922; x_wconf 42' lang='lat' dir='ltr'><strong>iniquo.</strong></span> <span class='ocrx_word' id='word_1_709' title='bbox 3245 5849 3347 5915; x_wconf 71' lang='lat' dir='ltr'><strong>Qui</strong></span> <span class='ocrx_word' id='word_1_710' title='bbox 3383 5856 3464 5902; x_wconf 64' lang='lat' dir='ltr'><strong>cst</strong></span> <span class='ocrx_word' id='word_1_711' title='bbox 3502 5861 3617 5900; x_wconf 66' lang='lat' dir='ltr'><strong>sine</strong></span> <span class='ocrx_word' id='word_1_712' title='bbox 3681 5845 3686 5851; x_wconf 87' lang='grc'><em>’</em></span> 
     </span>
    </p>
   </div>
  </div>
