4220 6462
685 372 824 439 1363

2026 397 2377 457 PIlOCOPII
2411 399 2657 459 GAZJ'II

3826 408 3969 472 1364

675 500 882 555 mente,
918 506 1023 545 non
1073 492 1203 561 Deo,
1246 497 1350 551 sibi
1399 510 1580 555 autem
1647 504 1893 571 conlidit,
1940 508 2008 561 ab
2046 509 2243 563 hmnim

2385 512 2443 562 ’0
2473 512 2527 565 δὲ
2558 514 2806 582 ἀνόητος,
2832 516 2931 568 οὐκ
2968 517 3059 568 ἐπὶ
3087 518 3207 587 Θεῷ
3242 516 3487 589 θαρῤὦν,
3517 519 3729 589 ἀλλ“ὲφ’
3756 522 3968 595 ἐαυτῷ,

672 581 889 639 divinas
953 586 1097 657 leges
1151 590 1562 662 perfringcnte,
1634 597 1686 650 in
1754 600 2064 669 periculum
2130 620 2264 658 con—

670 672 919 742 jicirtur.

744 803 909 862 Vens.
963 810 1047 862 1⁸7.
1088 809 1389 869 Iracundus
1429 835 1547 871 rum
1597 822 2083 879 inconsideratione
2128 827 2258 894 agit.

669 896 774 961 Qui
812 898 920 954 cito
959 901 1025 955 ad
1060 903 1197 958 iram
1238 916 1511 971 movetur,
1542 913 1669 979 quia
1714 930 1819 968 non
1861 914 2261 987 circumspicit.

667 1005 789 1058 qum
822 993 1001 1060 pmnis
1032 994 1196 1064 digna
1230 1008 1356 1052 sunt
1385 1012 1685 1070 perpetrat.

748 1113 841 1168 Vir
870 1119 1101 1183 prudens
1134 1123 1305 1177 multa
1334 1125 1539 1193 suﬂ'ert.
1580 1128 1684 1194 Qui
1725 1131 1872 1186 vires
1917 1139 1972 1187 et
2019 1144 2256 1188 mentem

665 1204 850 1270 ΙιιιΙ)ΘΙ,
887 1210 1209 1266 considerat
1242 1230 1364 1282 quae
1406 1219 1619 1287 agenda
1673 1230 1826 1285 sunt,
1861 1223 2127 1293 pleraque
2172 1226 2256 1279 in-

661 1297 1012 1363 Opinatorum
1043 1303 1277 1358 viriliter
1310 1306 1574 1361 sustinet.

731 1424 899 1481 Stulti
930 1430 1196 1485 malitiam
1227 1434 1331 1488 sibi
1363 1437 1704 1504 dispertiunt.
1738 1439 2066 1494 Sorlinntur
2097 1440 2252 1494 stulti

660 1520 947 1584 malitiam,
980 1525 1108 1591 quia
1144 1536 1370 1594 propter
1417 1543 1680 1582 sensuum
1734 1530 2043 1594 illecebras,
2079 1547 2138 1587 se
2172 1533 2256 1585 in-

658 1613 834 1666 vicem
875 1614 1070 1669 odiunt
1110 1624 1164 1669 et
1204 1617 1273 1670 ab
1309 1617 1544 1673 invicem
1574 1620 1862 1675 odiuntur.

2371 603 2448 672 τῷ
2480 606 2605 668 τοὺς
2640 605 2817 663 Θείους
2856 607 3136 660 ἁΟετοῦντι
3170 609 3387 679 νόμους,
3440 612 3795 677 ἐπικινδύνως
3834 632 3969 667 συν-

2369 696 2793 766 ἀναστρέφεται.

2441 824 2523 887 ιζ’.
2573 824 2897 893 Ὀξύθυμος
2932 826 3197 894 πράσσει
3229 828 3381 897 μετὰ
3404 829 3717 896 ἀϐουλίας.
3766 830 3828 884 Ὀ
3859 850 3964 884 τα-

2364 916 2507 986 χέως
2540 916 2861 987 κινούμενος
2904 921 2984 983 εἰς
3021 920 3213 990 Θυμδν,
3252 918 3481 991 πράττει
3532 923 3965 993 ἀπερισκέπτως

2363 1009 2429 1062 τὰ
2457 1010 2733 1074 κολάσεως
2766 1009 2915 1075 ἄξια.

2450 1134 2620 1202 Ἀνὴρ
2655 1134 2723 1187 δὲ
2754 1137 3064 1204 φρόνιμος,
3096 1138 3299 1191 πολλὰ
3330 1138 3642 1206 ὑποφέρει.
3682 1137 3741 1192 '0
3775 1140 3821 1192 δ’
3855 1142 3960 1191 ἀν-

2361 1224 2537 1292 δρεῖος
2562 1225 2655 1277 καὶ
2684 1227 2961 1297 νουνεχής,
2994 1227 3346 1296 λογιζόμενος
3381 1228 3443 1281 τὸ
3469 1229 3767 1299 πρακτέον,
3802 1229 3963 1282 πλεῖ-

2363 1333 2464 1369 στα
2492 1316 2601 1368 τῶν
2620 1316 2938 1386 ἀϐουλήτων
2971 1319 3236 1389 ὑπομένει
3268 1322 3553 1387 γενναίως.

2434 1448 2520 1511 ιη’.
2555 1441 2910 1509 Μεριοῦνται
2935 1442 3193 1516 ἄφρονες
3218 1444 3455 1498 κακίαν.
3497 1442 3952 1512 Ἐπιμερίσονται

2357 1536 2406 1587 οἱ
2440 1534 2657 1603 ἀνόητοι
2688 1535 2788 1601 τὴν
2822 1536 3044 1601 κακίαν,
3085 1537 3161 1598 ὼς
3199 1536 3286 1588 διὰ
3328 1537 3395 1589 τὰ
3435 1539 3501 1606 τῇ
3537 1535 3792 1606 αἰσθήσει
3822 1553 3954 1609 τερ·

2358 1626 2489 1691 πνά,
2525 1626 2810 1696 μισοῦντες
2838 1628 3125 1698 ἀλλήλους,
3157 1630 3252 1681 καὶ
3279 1630 3371 1682 ὑπ’
3403 1627 3650 1699 ἀλλήλων
3680 1627 3955 1699 μισούμεο

2357 1734 2459 1770 νοι.

726 1826 926 1881 Callidi
1001 1829 1239 1885 sensibus
1302 1834 1597 1899 potiuntur.
1672 1831 1979 1889 Prudentes
2044 1849 2241 1890 sensus

2430 1849 2493 1899 Οἱ
2522 1846 2590 1898 δὲ
2634 1846 2981 1915 πανοῦργοι,
3014 1845 3433 1915 κρατήσουσιν
3468 1846 3833 1910 αἰσθήσεως.
3881 1845 3951 1895 ιιι

651 1917 809 1985 juxta
851 1919 1120 1975 rationem
1157 1921 1488 1977 submittunt
1523 1941 1535 1977 :
1568 1931 1621 1978 et
1652 1924 1754 1978 sibi
1799 1927 2146 1997 congenitum
2190 1935 2247 1982 et

654 2011 1032 2066 consociatum
1068 2013 1321 2083 diligent.

727 2136 894 2193 Vnus.
932 2140 1019 2193 19.
1051 2139 1253 2195 Cadent
1290 2144 1421 2197 mali
1455 2160 1633 2196 coram
1676 2144 1859 2213 iustis.
1893 2145 1951 2199 In
1988 2144 2126 2200 facie
2156 2160 2248 2200 eo-

654 2246 773 2283 ι-ιιιιι
813 2233 905 2300 qui
938 2247 1045 2287 non
1080 2234 1382 2288 vincuntur
1416 2250 1444 2288 a
1480 2237 1623 2290 malo
1654 2236 1748 2291 sed
1781 2238 2007 2291 vincunt
2042 2238 2245 2292 malum

654 2323 707 2375 iu
746 2323 909 2389 bono,
953 2324 1241 2381 oﬂendunt
1270 2326 1370 2384 illi.
1401 2328 1493 2393 qui
1534 2343 1766 2397 propere
1791 2328 1845 2382 in
1875 2329 2065 2382 vitium
2116 2344 2244 2383 cur-

653 2424 812 2479 runt;
853 2417 1086 2471 aliorum
1120 2419 1265 2472 enim
1299 2420 1562 2475 virtutem
1593 2420 1954 2475 erubescunt.

722 2641 788 2696 Et
816 2643 967 2711 impii
992 2643 1060 2696 ad
1081 2654 1263 2711 portas
1282 2644 1553 2713 justorum
1582 2644 1909 2698 ministrant.
1936 2642 2038 2709 Qui
2076 2642 2243 2698 Deum

650 2752 746 2805 per
801 2738 943 2792 bona
989 2753 1159 2807 Opera
1210 2754 1317 2793 non
1376 2738 1670 2803 honorant,
1713 2738 1888 2807 portis
1934 2737 2242 2801 hominum,

649 2831 769 2884 sine
817 2830 1127 2886 offensione
1177 2832 1520 2893 viventium,
1569 2832 1911 2897 inserviunt;
1970 2830 2044 2884 ibi
2103 2829 2245 2884 iusi-

647 2922 799 2989 tlent,
836 2926 936 2979 ltos
992 2933 1174 2979 autem
1226 2924 1527 2996 elllagitant
1575 2932 1633 2978 ut
1681 2924 1783 2979 sibi
1832 2922 2018 2978 divina
2074 2925 2244 2992 impe—

647 3024 812 3071 trent.

719 3142 884 3199 Vens.
930 3143 1021 3199 20.
1080 3145 1251 3197 Amici
1300 3144 1478 3197 odient
1530 3144 1728 3195 amicos
1778 3156 2055 3208 pauperes.
2112 3138 2239 3204 Qui,

645 3243 871 3306 propter
933 3235 1328 3297 substantiam,
1377 3232 1647 3303 quosdam
1707 3232 1963 3301 diligunt,
2015 3226 2239 3282 eosdem

643 3328 953 3397 despiciunt
985 3343 1111 3383 cum
1147 3327 1358 3381 divitiis
1390 3326 1723 3382 exciderint.

716 3437 889 3491 Amici
920 3438 1145 3491 divitum
1182 3435 1355 3490 multi.
1387 3435 1545 3503 Apud
1578 3448 1720 3503 quos
1753 3438 1980 3487 manent
2011 3429 2239 3491 divitim,

647 3530 777 3592 bos,
822 3526 1084 3583 utilitatis
1140 3541 1347 3589 causa,
1396 3533 1586 3580 amant
1645 3525 1828 3579 multi.
1873 3522 2048 3577 Aliter
2092 3540 2105 3575 :
2147 3521 2242 3591 qui

646 3630 868 3692 propter
903 3621 1214 3690 passiones,
1260 3618 1552 3689 spiritibus
1583 3616 1793 3673 caalesti
1830 3616 2003 3686 gloria
2036 3621 2091 3669 et
2128 3613 2243 3683 spi-

640 3715 828 3769 riluali
885 3714 1171 3786 opulentia
1226 3712 1493 3783 deiectis,
1546 3710 1879 3772 inserviunt,
1927 3707 1996 3762 ab
2043 3705 2240 3775 iisdem

643 3804 940 3871 recedent;
980 3803 1251 3875 permittit
1303 3802 1477 3867 Deus,
1536 3812 1630 3865 ut,
1683 3801 1750 3855 ad
1805 3798 2240 3869 redemptionem

642 3905 1000 3966 peccatorum
1031 3910 1160 3966 erga
1193 3896 1444 3965 Spiritus,
1478 3894 1857 3965 castigentur;
1894 3898 2082 3945 amant
2115 3904 2243 3945 san-

642 3998 765 4042 ctos
799 3986 1028 4057 angelos
1063 3987 1205 4056 apud
1244 4000 1384 4057 quos
1419 3986 1591 4055 gloria
1639 3991 1827 4038 manet
1860 3988 1916 4037 et
1952 3996 2060 4035 non
2109 3980 2244 4035 levis

638 4080 830 4151 gratia:
873 4079 1172 4133 thesaurus
1204 4100 1216 4133 :
1253 4078 1322 4133 ab
1369 4077 1455 4132 Itis
1497 4075 1838 4146 adjuvantur
1871 4082 1924 4127 et
1958 4072 2025 4127 ad
2069 4072 2239 4126 Deum

642 4183 1018 4230 H‘VCI‘UII‘IUII‘.

667 4377 873 4445 θγειιε.
920 4375 1013 4429 2|.
1065 4373 1172 4440 Qui
1220 4373 1440 4440 despicit
1505 4387 1826 4441 pauperem,
1877 4378 2083 4439 peccat.
2133 4367 2240 4434 Qui

634 4470 717 4525 vel
750 4484 918 4523 unum
962 4468 1016 4521 in
1052 4467 1351 4537 tndigentia
1394 4466 1715 4529 viventium,
1747 4462 2077 4528 contemnit,
2108 4461 2239 4516 irri-

628 4562 801 4615 tautlo
833 4560 1030 4625 Deum,
1063 4558 1130 4612 ad
1166 4558 1372 4613 bonum
1411 4571 1521 4611 non
1554 4556 1798 4627 attingit.

705 4669 810 4736 Qui
853 4671 1136 4723 miseretur
1163 4682 1480 4737 pauperum,
1508 4666 1875 4721 beatissimus.
1909 4663 2016 4730 Qui
2058 4663 2237 4718 vicem

631 4766 903 4828 omnium,
939 4761 1162 4816 fortuna
1191 4760 1589 4824 decidentium,
1622 4760 1793 4823 dolet,
1832 4756 1944 4812 Deo
1972 4762 2060 4813 est
2091 4754 2238 4808 mul-

630 4866 746 4910 tum
783 4856 1165 4925 acceptabilis.

705 4966 871 5023 Vens.
910 4966 1001 5022 2‘2.
1040 4965 1300 5021 Errantes
1331 4966 1539 5035 injusti,
1573 4964 1843 5034 fabricant
1877 4962 2044 5016 mala.
2074 4960 2239 5015 Te’m-

628 5062 915 5133 poralibus
948 5060 1186 5131 decepti,
1219 5062 1312 5131 qui
1346 5074 1454 5113 non
1488 5058 1797 5113 secundum
1834 5056 1983 5126 leges
2016 5054 2235 5110 divinas

628 5161 1055 5218 conversantur,
1095 5167 1261 5221 opera
1297 5151 1608 5222 iniquitatis
1639 5148 1955 5220 perﬁciunt.

695 5376 1135 5433 Misericordiam
1166 5386 1216 5431 et
1252 5376 1527 5431 veritatem
1572 5374 1845 5444 fabricant
1887 5373 2034 5426 boni.
2062 5368 2227 5425 Misc-

625 5474 925 5530 ricordiam
953 5488 1085 5545 erga
1104 5473 1427 5545 congenitos
1446 5478 1499 5525 et
1517 5468 1809 5526 scientiam
1833 5465 2083 5522 veritatis
2109 5480 2232 5533 quae

626 5566 752 5620 linis
785 5564 1305 5635 cognoscendorum
1339 5570 1446 5630 est,
1470 5569 1806 5633 praeparant,
1843 5573 1939 5629 per
1962 5571 2157 5611 omnes
2178 5564 2233 5611 et

625 5657 955 5728 appetitivas
996 5664 1050 5713 et
1095 5654 1428 5711 theoreticas
1476 5654 1791 5718 facultates,
1844 5648 2231 5708 sanctissimas

628 5748 720 5803 Dei
746 5748 1058 5804 voluntates
1085 5746 1467 5804 observando.

2351 1938 2407 1991 δὲ
2440 1939 2695 2008 φρόνιμοι
2721 1940 2862 1992 κατὰ
2883 1937 3041 2006 λόγον
3061 1939 3159 2010 τὴν
3182 1939 3436 2009 αἴσθησιν
3466 1939 3798 2004 ύποτάξουσι
3815 1954 3828 1968 ·
3855 1937 3952 1988 καὶ

2352 2030 2413 2082 τὸ
2441 2031 2699 2098 συγγενὲς
2720 2031 2814 2083 καὶ
2842 2029 3113 2099 ὁμόφυλον
3142 2031 3547 2100 ἀγαπήσουσιν.

2427 2159 2508 2212 ιο’.
2559 2156 2995 2221 Ὀλισθήσουσι
3022 2157 3193 2212 κακοὶ
3224 2158 3430 2210 ἔναντι
3462 2154 3725 2225 ἀγαθῶν.
3764 2155 3951 2222 Προσ-

2350 2252 2641 2323 κρούουσιν
2682 2253 2731 2305 οἱ
2764 2250 2931 2317 ὀξέως
2966 2253 3045 2314 εἰς
3076 2250 3276 2304 κακίαν
3312 2250 3616 2319 τρέχοντες,
3653 2249 3950 2301 κατέναντι

2347 2347 2456 2401 τῶν
2507 2346 2582 2418 μὴ
2634 2345 2956 2416 νικωμένων
3014 2344 3121 2397 ὑπο
3174 2342 3267 2397 τοῦ
3326 2340 3523 2407 κακοῦ,
3566 2341 3702 2394 ἀλλὰ
3747 2340 3951 2393 νικών-

2274 2504 2282 2512 Ι
2348 2454 2456 2490 των
2484 2439 2543 2490 ἐν
2566 2436 2644 2507 τῷ
2675 2435 2869 2507 ἀγαθῷ
2897 2436 2956 2489 τὸ
2982 2434 3172 2503 κακὸν,
3200 2434 3301 2504 τὴν
3329 2432 3538 2485 τούτων
3566 2432 3772 2503 ἀρετὴν
3804 2430 3953 2483 αἰδε-

2350 2530 2590 2593 σῦέντες.

2419 2654 2527 2708 Καὶ
2550 2652 2788 2721 ἀσεϐεῖς
2814 2654 3216 2722 θεραπεύουσι
3248 2652 3432 2720 θύρας
3457 2649 3723 2704 δικαίων.
3758 2649 3870 2702 Καὶ
3898 2650 3950 2701 οί

2352 2746 2427 2817 μὴ
2448 2748 2515 2800 δι’
2531 2747 2902 2818 ἀγαθοεργίας
2930 2746 3197 2817 τιμῶντες
3218 2744 3373 2808 Θεδν,
3409 2744 3608 2805 πύλαις
3631 2741 3953 2795 δουλεύουσι

2348 2842 2456 2894 τῶν
2482 2840 2917 2910 πολιτευομένων
2946 2840 3277 2909 ἀμέμπτως,
3304 2837 3731 2909 παρεδρεύοντες
3758 2838 3818 2889 ὲν
3845 2835 3949 2889 αύ-

2348 2936 2488 2995 ταῖς,
2530 2931 2625 2985 καὶ
2667 2931 2891 2994 τούτους
2938 2930 3391 2995 ὲκλιπαοοῦντες,
3422 2928 3500 2994 ὡς
3543 2923 3610 2983 ἂν
3653 2919 3844 2991 αὐτοῖς
3888 2928 3953 2980 τὸ

2346 3023 2501 3076 Θεῖον
2538 3023 2959 3089 ἑξιλεώσωνται.

2422 3157 2489 3203 κ’.
2543 3151 2713 3204 Φίλοι
2757 3152 3105 3218 μισήσουσι
3152 3152 3367 3219 φίλους
3418 3150 3715 3218 πτωχούς.
3760 3151 3824 3203 Oi
3858 3151 3951 3203 διὰ

2348 3242 2607 3312 χρήματα
2649 3240 2977 3308 ἀγαπῶντές
3014 3256 3189 3305 τινας,
3221 3240 3660 3311 ἀποστρέφονται
3691 3240 3946 3303 τούτους,

2346 3332 2776 3396 ἐκπεπτωκότας
2810 3331 3011 3385 αὐτῶν.

2417 3446 2587 3498 Φίλοι
2615 3443 2685 3496 δὲ
2713 3442 3033 3502 πλουσίων
3064 3440 3306 3493 πολλοί.
3341 3435 3437 3503 Οἷς
3478 3440 3537 3493 δὲ
3571 3440 3888 3510 παραμένει
3923 3440 3955 3493 ό

2346 3535 2597 3599 πλοῦτος,
2644 3534 2871 3597 τούτους
2923 3530 3183 3602 ἀγαπῶσι
3230 3530 3317 3583 διὰ
3362 3532 3425 3585 τὰ
3458 3530 3695 3601 χρειώδη
3732 3531 3948 3585 πολλοί.

2349 3629 2420 3681 Ἦ
2451 3630 2544 3681 καὶ
2594 3624 2798 3688 ἄλλως·
2838 3626 2889 3677 οἱ
2936 3624 3025 3678 διὰ
3067 3620 3258 3677 παθῶν
3304 3622 3706 3694 Θεραπεύοντες
3736 3623 3806 3676 τὰ
3848 3624 3954 3692 τῆς

2344 3720 2551 3775 ἄνωθεν
2570 3718 2729 3790 δόξης
2758 3718 2854 3770 καὶ
2881 3716 2977 3771 τοῦ
3008 3717 3382 3789 πνευματικοῦ
3407 3716 3638 3770 πλούτου
3663 3718 3955 3770 ἐκπεπτω-

2344 3813 2481 3866 κότα
2505 3812 2605 3880 τῆς
2630 3811 2893 3881 πονηρίας
2926 3809 3239 3881 πνεύματα,
3263 3812 3705 3883 ἀποστρέφονται
3735 3812 3913 3865 ταῦτα
3936 3854 3953 3875 ,

2346 3906 2697 3979 συγχωρήσει
2745 3903 2884 3958 Θεοῦ
2936 3903 3028 3957 ὑπ’
3083 3904 3265 3959 αὐτῶν
3316 3904 3747 3975 τιμωρούμενοι,
3810 3906 3956 3974 πρὸς

2343 4000 2556 4054 ἔκτισιν
2584 3997 2695 4052 τῶν
2725 3997 3137 4069 ἡμαρτημένων
3169 3998 3352 4061 αὐτοῖς
3375 4014 3389 4027 ·
3426 3996 3689 4065 ἀγαπῶσι
3726 3998 3784 4050 δὲ
3825 4000 3956 4061 τοὺς

2343 4092 2532 4162 ἁγίους
2563 4091 2856 4159 ἀγγέλους,
2883 4084 2965 4154 οἷς
2990 4092 3024 4160 ὴ
3049 4090 3177 4155 δόξα
3203 4091 3299 4144 καὶ
3325 4090 3353 4142 ό
3375 4089 3610 4152 πλοῦτος
3635 4090 3955 4160 παραμένει

2343 4188 2441 4253 τῆς
2468 4184 2692 4256 χάριτος
2713 4184 2775 4238 ού
2804 4184 3011 4255 βραχύς
3033 4198 3049 4213 °
3081 4182 3211 4255 παρ’
3232 4183 3413 4237 αὐτῶν
3443 4182 3830 4255 βοηθούμενοι,
3860 4184 3957 4236 καὶ

2344 4278 2482 4347 πρὸς
2509 4277 2642 4331 Θεὸν
2677 4276 3125 4349 ἐπιστρέφοντες.

2415 4391 2523 4439 καν.
2571 4384 2634 4439 '0
2654 4382 2948 4454 ἀτιμάζων
2969 4385 3219 4452 πένητα,
3244 4382 3595 4453 ἁμαρτάνει.
3631 4384 3691 4437 '0
3713 4384 3809 4437 καὶ
3832 4384 3952 4447 eve;

2345 4479 2705 4550 καταφρονῶν
2745 4477 2857 4531 τῶν
2881 4475 3173 4541 συζώντων
3208 4478 3405 4547 ἐνδείᾳ,
3443 4479 3823 4548 ἀποτυγχάνει
3853 4477 3949 4530 τοῦ

2270 4556 2314 4612 D
2344 4572 2534 4639 καλοῦ,
2562 4571 2913 4645 παροργίζων
2940 4571 3093 4625 Θεόν.

2429 4682 2493 4736 '0
2536 4679 2726 4736 ἐλεῶν
2761 4678 3062 4749 πτωχοὺς,
3098 4678 3497 4747 μακαριστός.
3558 4678 3617 4731 '0
3644 4678 3702 4731 δὲ
3737 4678 3955 4741 πάντας

2340 4774 2629 4845 οἰκτείρων
2668 4773 2798 4834 τοὺς
2830 4772 2927 4826 τοῦ
2965 4772 3199 4826 πλούτου
3232 4773 3638 4837 ἀποπεσόντας,
3681 4774 3955 4827 εύαπόδε-

2342 4886 2470 4932 κτος
2490 4869 2730 4942 ὑπάρχει
2761 4864 2904 4937 Θεῷ.

2412 4976 2517 5046 κβ’.
2578 4973 2969 5044 Πλανὼμενοι
3027 4973 3242 5039 ἄδικοι,
3311 4974 3699 5029 τεκταίνουσι
3768 4975 3949 5031 κακά.

2352 5068 2735 5140 ’Λπατώμενοι
2776 5068 2890 5131 τοῖς
2935 5066 3300 5139 προσκαίροις
3351 5068 3401 5120 οἱ
3448 5066 3524 5138 μὴ
3566 5067 3710 5121 κατὰ
3750 5068 3955 5139 νόμους

2339 5163 2519 5225 Θείους
2556 5158 2989 5230 πολιτευόμενοι,
3042 5158 3112 5211 τὰ
3168 5158 3308 5228 ἔργα
3355 5157 3788 5228 διαπράττονται
3855 5160 3955 5228 τῆς

2336 5254 2591 5326 ἀνομίας.

2414 5368 2637 5421 Ἐλεον
2678 5363 2747 5417 δὲ
2779 5362 2877 5417 καὶ
2909 5361 3203 5428 ἀλήθειαν
3237 5362 3667 5415 τεκταίνουσιν
3707 5361 3949 5431 ἀγαθοί.

2336 5460 2441 5512 Τὸν
2469 5458 2524 5511 δὲ
2554 5456 2695 5528 πρὸς
2729 5456 2855 5519 τοὺς
2879 5456 3145 5524 ὁμοφυεῖς
3175 5452 3325 5506 έλεον
3366 5453 3460 5505 καὶ
3491 5454 3593 5522 τὴν
3624 5455 3953 5524 ἐπιστήμην

2334 5553 2433 5623 τῆς
2482 5549 2767 5621 ἀληθείας,
2819 5549 2853 5619 ἢ
2903 5547 3059 5611 τέλος
3109 5546 3229 5600 ἐστὶ
3275 5546 3386 5599 τῶν
3426 5545 3713 5614 γνωστῶν,
3774 5565 3953 5600 κατα-

2338 5646 2666 5709 σκευάζουσι
2714 5643 2803 5696 διὰ
2850 5642 3042 5696 πασῶν
3092 5642 3201 5695 τῶν
3242 5640 3546 5712 ὀρεκτικῶν
3592 5657 3649 5693 τε
3694 5641 3795 5693 καὶ
3842 5642 3954 5695 τῶν

2337 5736 2691 5809 θεωρητικῶν
2722 5736 3030 5807 δυνάμεων,
3064 5737 3113 5789 οἱ
3137 5736 3205 5790 τὰ
3232 5734 3525 5804 πανάγαοα
3556 5733 3653 5788 τοῦ
3678 5734 3822 5789 Θεοῦ
3851 5752 3950 5805 τη-

2339 5832 2563 5903 ροῦντες
2599 5831 2903 5898 Θελήματα.
