4220 6462
308 342 448 404 1365

1344 351 1876 411 COMMENTARII
1912 352 1988 411 ΙΝ
2034 355 2489 420 PROVERBIA.

3427 350 3561 413 1366

379 456 499 505 om:
521 453 872 508 ἐπίστανται
902 456 1079 510 ἔλεον
1108 458 1203 519 καί
1229 460 1436 512 πίστιν
1452 462 1733 526 τέκτονες
1764 478 1869 513 κα·
1908 515 1910 520 ,

2055 463 2477 519 Misericordiam
2513 477 2562 520 et
2599 467 2755 534 [idem
2792 482 2895 519 non
2959 463 3255 532 'ntelliguut
3291 460 3431 528 fabri
3461 477 3565 510 ma-

303 544 444 596 κῶν.
491 545 565 597 Οὑ
599 546 929 612 γινώσκουσι
960 549 1020 602 τὸ
1060 551 1195 620 πρὸς
1231 552 1358 614 τοὺς
1388 553 1674 622 δεομένους
1713 553 1884 617 ἔλεος,

304 635 398 683 καὶ
426 632 523 702 τὴν
556 637 687 701 πρὸς
707 636 839 688 θεὸν
870 638 1076 701 πίστιν,
1104 642 1152 691 οἱ
1177 640 1243 692 τά
1274 640 1565 710 παράνομα
1587 642 1889 711 ἐργαζόμε-

304 740 417 774 νοιο
469 726 516 776 εί
561 727 671 795 γάρ
716 727 1014 798 ἐτύγχανον
1047 731 1361 803 ἐλεήμονες,
1396 734 1496 786 οὑκ
1535 734 1600 788 ἂν
1640 734 1888 804 ἥρπαζον

303 812 541 879 ἀφειδῶς
572 816 636 868 τά
671 816 950 887 ἀλλότρια.

390 936 833 1008 Ἐλεημοσύναι
878 944 946 998 δὲ
986 946 1085 999 καὶ
1130 947 1384 1015 πίστεις,
1418 951 1578 1018 παρὰ
1610 956 1891 1009 τέκτοσιν

304 1028 564 1096 ἀγαθῶν.
609 1034 717 1087 Καὶ
751 1036 799 1088 εί
831 1038 1013 1089 πίστιν
1046 1040 1183 1110 πρὸς
1206 1040 1340 1092 Θεὸν
1370 1040 1595 1109 βεϐαίαν
1624 1043 1890 1112 ἐκέκτηνα

302 1134 388 1179 το,
421 1119 521 1171 οὑκ
553 1120 621 1173 ἂν
654 1122 763 1175 τῶν
801 1125 1035 1179 ἐντολῶν
1082 1126 1247 1179 αὑτοῦ
1298 1129 1699 1198 κατεφρόνουνο
1741 1131 1792 1183 oi
1844 1131 1890 1183 δ’

303 1210 583 1280 οἰκτιρμοὶ
610 1212 721 1265 τῶν
772 1217 1020 1286 πενήτων
1076 1220 1169 1270 καὶ
1217 1220 1271 1271 αί
1328 1222 1464 1289 πρὸς
1500 1219 1630 1272 Θεὸν
1679 1221 1891 1283 πίστεις

304 1303 415 1354 εἰσὶ
443 1303 595 1373 παρὰ
615 1307 729 1369 τοῖς
754 1308 1146 1377 ἐργαζομένοις
1169 1311 1237 1363 τά
1261 1312 1442 1375 ἀγαθά
1462 1329 1475 1342 ·
1502 1312 1562 1375 ἐξ
1584 1312 1760 1383 ἔργων
1787 1314 1893 1365 δει-

307 1394 534 1447 κνύουσι
563 1397 662 1459 τὰς
700 1401 1091 1468 κεκρυμμένας
1122 1404 1257 1472 πρὸς
1287 1403 1419 1455 Θεὸν
1449 1406 1542 1457 καὶ
1571 1405 1893 1473 ἀνθρώπους

304 1484 545 1553 ψυχικάς
572 1486 844 1552 διαθέσεις
874 1492 1074 1546 αὑτῶν.

378 1611 483 1678 κγ’.
554 1614 650 1665 Ἐν
694 1616 874 1669 παντί
930 1620 1285 1687 μεριμνῶντι
1328 1620 1529 1675 ἔνεστι
1575 1624 1889 1692 περισσόν.

307 1700 399 1770 Τῷ
430 1707 929 1777 μεμεριμνημένως
956 1708 1205 1778 ζητοῦντι
1234 1714 1293 1765 ἐν
1322 1712 1486 1765 παντὶ
1517 1715 1804 1784 πράγματι
1834 1716 1894 1768 τὸ

1991 554 2184 608 lorum.
2224 556 2339 610 Non
2414 567 2649 611 noscunt
2696 555 3125 611 misericordiam
3185 565 3313 621 erga
3374 552 3567 619 inopes

1990 660 2167 714 neque
2191 645 2349 701 ﬁdem
2387 664 2443 701 in
2487 647 2677 711 Deum,
2707 648 2797 716 qui
2835 645 3182 714 iniquitatem
3212 647 3518 709 operantur
3548 657 3562 703 ;

1990 742 2194 791 ctenim
2249 738 2294 793 si
2329 738 2565 793 fuissent
2620 738 3035 800 misericordes,
3081 736 3259 789 aliena
3322 747 3430 785 non
3468 731 3569 785 eri-

1992 829 2261 899 puisscnt.

2065 954 2423 1024 Eleemosyna:
2452 963 2502 1007 et
2531 953 2741 1022 ﬁducia:
2798 951 2935 1020 apud
2966 950 3221 1003 bonorum
3275 948 3473 1015 fabros.
3506 945 3570 998 Et

1993 1046 2038 1099 si
2078 1044 2288 1098 ﬁrmam
2340 1046 2394 1098 in
2429 1044 2599 1099 Deum
2634 1044 2901 1098 baberent
2933 1040 3116 1106 ﬁdem,
3143 1040 3263 1106 ejus
3312 1038 3568 1091 mandata

1994 1149 2102 1189 non
2125 1135 2496 1205 despicerent.
2528 1133 2777 1190 Gemitus
2813 1137 2865 1188 in
2893 1147 3161 1201 pauperes
3195 1141 3247 1184 et
3272 1129 3472 1182 ﬁducia
3514 1128 3570 1180 in

1994 1225 2163 1281 Deum
2226 1236 2359 1281 sunt
2410 1227 2554 1295 apud
2606 1226 2809 1278 bonum
2842 1231 3134 1293 Operantes
3168 1241 3180 1274 :
3218 1217 3571 1274 absconditas

1996 1318 2301 1371 animarum
2345 1332 2569 1373 suarum
2597 1315 3155 1384 dispositiones,erga
3185 1310 3353 1366 Deum
3396 1318 3448 1367 et
3465 1309 3567 1361 hor

1998 1408 2193 1471 mines,
2223 1424 2285 1463 ex
2318 1409 2577 1478 operibus
2608 1407 3015 1462 demonstrant.

2073 1622 2238 1677 Vens.
2270 1622 2361 1678 23.
2393 1622 2459 1677 In
2507 1639 2815 1693 unoquoque
2842 1621 3074 1676 sollicito
3116 1620 3248 1672 inest
3306 1615 3583 1670 abundan-

2001 1717 2094 1768 tia.
2121 1711 2279 1769 Omni
2310 1716 2363 1768 in
2405 1730 2464 1769 re
2502 1730 2693 1768 verum
2751 1715 2955 1767 bonum
3001 1710 3235 1765 sollicite
3284 1708 3573 1778 quzereuti.

306 1791 481 1856 ὅντως
512 1795 697 1861 καλὸν,
727 1798 786 1850 ἓν
827 1799 1086 1869 ὑπάρχει,
1127 1802 1155 1855 6
1197 1805 1304 1857 πᾶν
1346 1803 1694 1874 ἀσυγκρίτως
1726 1806 1894 1876 ὑπέρ-

2023 1822 2166 1861 mum
2222 1809 2454 1862 inveniri
2490 1816 2596 1873 est,
2630 1806 2773 1876 quod
2824 1803 3333 1873 incomparabiliter
3394 1801 3579 1853 omnia

306 1899 506 1947 κειται,
564 1889 593 1939 6
656 1888 816 1959 μόνος
866 1890 1085 1945 πάντων
1134 1892 1306 1957 αἴτιος
1352 1897 1444 1947 καὶ
1498 1896 1637 1965 ὑπὲρ
1719 1898 1895 1950 πάντα

304 1974 462 2039 Θεός.

392 2100 449 2153 '0
480 2101 549 2156 δὲ
578 2103 728 2171 ήδὺς
762 2107 858 2160 καί
896 2097 1239 2177 ἀνάλγητος
1279 2111 1349 2164 ἐν
1379 2110 1579 2179 ἐνδείᾳ
1612 2111 1803 2167 ἔσται.
1841 2114 1900 2170 Ὀ

306 2192 361 2245 δὲ
399 2194 705 2268 ἡδυπαθὴς,
744 2201 837 2252 καὶ
884 2200 960 2271 μὴ
1018 2204 1194 2255 πονῶν
1238 2204 1365 2274 περὶ
1406 2205 1469 2257 τὸ
1501 2205 1670 2272 ὄντως
1711 2208 1898 2278 καλὸν,

312 2287 681 2358 ἐστερημένος
710 2291 863 2346 ἔσται
893 2294 1105 2350 τούτου.

384 2414 483 2469 κδ’.
518 2417 824 2487 Στέφανος
849 2422 1078 2491 σοφῶν,
1108 2426 1371 2493 πλοῦτος
1402 2428 1622 2485 αὐτῶν.
1654 2430 1779 2495 Τοῖς
1811 2450 1907 2501 με·

311 2505 381 2559 τά
407 2505 567 2575 λόγου
616 2511 908 2566 πλουτοῦσι
956 2516 1053 2580 τὰς
1084 2518 1312 2588 ἀρετὰς,
1343 2522 1713 2591 ἀμαράντινος
1743 2518 1904 2579 αὗται

313 2598 474 2669 δόξης
499 2602 744 2669 γίνονται
770 2606 1057 2675 στέφανος.

402 2724 474 2779 Ἥ
519 2726 590 2780 δὲ
633 2728 902 2799 διατριϐὴ
954 2733 1250 2803 ἀφρόνων,
1302 2739 1480 2804 κακή.
1527 2740 1588 2793 Ὀ
1625 2741 1669 2795 δ’
1702 2744 1760 2796 ἐν
1798 2747 1910 2808 τοῖς

326 2817 580 2884 ματαίοις
605 2820 715 2874 τῶν
743 2824 987 2893 ἀνοήτων
1015 2830 1419 2900 περισπασμὸς,
1457 2833 1657 2898 κακὸς,
1699 2833 1776 2898 ὡς
1814 2834 1911 2903 τῆς

324 2908 548 2964 αίωνίου
574 2912 853 2978 κολάσεως
884 2917 1166 2985 πρόξενος.

399 3042 497 3090 κε’.
542 3036 814 3093 Ῥὐσεται
840 3044 1044 3111 ψυχὰς
1072 3044 1140 3097 ἑκ
1168 3045 1374 3099 κακῶν
1406 3048 1639 3115 μάρτυς
1672 3053 1907 3117 πιστός.

2006 1910 2257 1972 Superat,
2282 1935 2352 1947 -—
2392 1903 2482 1957 ille
2514 1902 2759 1957 omnium
2785 1915 2968 1955 rerum
2998 1911 3165 1953 causa
3192 1902 3246 1950 et
3274 1909 3437 1963 super
3463 1907 3581 1945 om-

2000 1997 2091 2049 nia
2120 1994 2280 2049 Deus.

2074 2123 2178 2189 Qui
2218 2122 2414 2187 suaris,
2433 2130 2479 2173 et
2505 2121 2557 2173 in
2579 2120 2885 2189 indigentia,
2910 2115 3230 2170 insensibilis
3257 2114 3376 2165 erit.
3408 2109 3586 2163 Mollis

2005 2223 2057 2270 ct
2078 2214 2144 2270 de
2176 2229 2305 2269 vero
2330 2213 2472 2267 bono
2503 2228 2611 2267 non
2646 2211 2925 2274 laborans,
2957 2211 3053 2263 illo
3080 2204 3459 2261 frnstrabitur.

2080 2428 2245 2484 Vnus.
2286 2429 2377 2484 ει.
2436 2428 2644 2485 Corona
2698 2429 3042 2496 sapientium,
3100 2414 3323 2485 divitia:~
3378 2438 3582 2476 eorum.

2008 2520 2110 2588 Qui
2151 2520 2295 2574 cnim
2348 2519 2561 2574 ratione
2617 2534 2747 2574 suas
2799 2526 2999 2587 augent
3056 2517 3309 2581 virtutes,
3365 2514 3445 2567 Ine
3478 2512 3595 2565 illis

2011 2611 2486 2667 immarcescibilis
2515 2610 2700 2683 gloria:
2732 2625 2936 2664 corona
2967 2609 3241 2663 evenient.

2093 2739 2309 2795 Viventii
2366 2740 2502 2792 ratio
2557 2739 2877 2802 stultorum,
2914 2734 3075 2789 mala.
3135 2734 3228 2788 Illa
3268 2730 3591 2786 stolidorum

2013 2831 2439 2901 circumvagatio
2471 2831 2525 2884 in
2548 2830 2703 2885 vanis
2723 2827 2885 2893 mala,
2914 2824 3079 2881 veluti
3112 2823 3177 2877 ad
3208 2835 3397 2892 pinnas
3426 2830 3591 2873 azter-

2015 2939 2115 2980 nas
2150 2933 2321 2978 actor.

2088 3046 2257 3105 Vsus.
2288 3046 2379 3101 25.
2422 3046 2592 3101 Testis
2634 3045 2807 3115 ﬁdelis
2847 3043 3052 3097 animos
3087 3055 3152 3095 ea:
3183 3037 3340 3091 malis
3388 3035 3594 3101 eripiet.

339 3128 640 3192 Ἐξελεῖται
691 3129 870 3202 ψυχὰς
923 3134 1031 3187 ἀπὸ
1085 3136 1391 3206 ἁμαρτιῶν,
1426 3142 1453 3192 6
1493 3139 1585 3191 τὸν
1642 3142 1739 3209 τῆς
1780 3143 1910 3213 άλη-

2088 3142 2316 3195 Animos
2346 3156 2374 3193 a
2401 3139 2639 3207 peccatis
2672 3144 2846 3201 eruet,
2877 3137 2970 3206 qui
3012 3135 3171 3188 docet
3202 3130 3427 3185 verbum
3463 3126 3605 3181 veri-

328 3219 479 3282 Θείας
517 3220 675 3291 λόγον
711 3224 997 3291 διδάσκων,
1034 3229 1127 3281 καὶ
1161 3229 1349 3299 τοῦτον
1389 3232 1447 3297 ἐξ
1480 3232 1654 3303 ἔργων
1688 3236 1912 3288 πιστοὺσι

332 3326 513 3377 μενος.

412 3453 674 3510 Ἐκκαίει
718 3456 786 3509 δὲ
818 3459 1016 3525 ψευδῆ
1047 3461 1273 3528 δόλιος.
1338 3466 1658 3531 Ἐξανάπτει
1713 3469 1771 3522 δὲ
1816 3470 1916 3541 τὴν

326 3542 436 3594 τῶν
461 3546 655 3599 παθῶν
684 3547 975 3621 ἀπατηλήν
998 3553 1246 3623 κάμινον,
1273 3558 1300 3608 ό
1323 3560 1673 3627 προσχήματι
1697 3561 1792 3614 τοῦ
1818 3580 1917 3615 κα-

326 3635 422 3688 λοῦ
454 3638 847 3711 προτιθέμενος
866 3644 925 3696 τὸ
948 3646 1210 3712 ἐναντίον,
1244 3651 1340 3701 καὶ
1368 3651 1492 3715 τοὺς
1515 3653 1916 3726 ἀφελεστέρους

326 3727 511 3781 αὑτῶν
538 3730 831 3797 ἐξαπατῶν
859 3734 968 3789 τῶν
997 3736 1093 3789 ἀνθ
1103 3737 1323 3809 ρώπων.

402 3862 515 3921 κς·’.
562 3858 658 3911 Ἑν
698 3861 862 3928 φόϐῳ
898 3865 1140 3932 Κυρίου,
1173 3866 1349 3932 ἐλπὶς
1399 3869 1631 3938 ἰσχύος.
1684 3872 1769 3923 Ἐν
1806 3876 1915 3938 τοῖς

326 3944 416 3997 διά
445 3946 682 4012 πίστεως
708 3950 787 4020 τῷ
820 3952 970 4023 φόϐῳ
1008 3955 1213 4024 Κυρίου
1244 3957 1557 4011 ἐκκλίνασιν
1587 3961 1695 4014 ἀπὸ
1721 3964 1914 4029 κακοῦ,

329 4035 488 4099 ἐλπὶς
533 4038 827 4107 ὑφίσταται
866 4043 1067 4112 ίσχύος,
1114 4044 1213 4116 τῆς
1251 4045 1360 4100 τῶν
1407 4047 1567 4101 θείων
1625 4054 1918 4124 ποιητικῆς

327 4128 593 4180 ἐντολῶν·
648 4133 789 4199 μετὰ
844 4134 950 4202 γὰρ
1001 4134 1062 4187 τὸ
1105 4135 1351 4190 ἐκκλῖναι
1392 4139 1615 4203 τούτους
1659 4142 1767 4195 ἀπὸ
1818 4162 1919 4196 κα-

326 4216 450 4279 κοῦ,
495 4214 583 4271 οἷα
630 4221 871 4284 δούλους,
916 4224 997 4295 τῷ
1058 4225 1165 4277 τῶν
1208 4226 1487 4281 κολάσεων
1534 4231 1707 4303 φόϐῳ,
1743 4238 1917 4289 ποιεῖν

327 4310 476 4363 ἐστιν
498 4311 703 4379 ἀγαθὸν
727 4314 802 4378 ὡς
831 4317 1096 4385 μισθίους,
1130 4322 1195 4390 τῇ
1222 4320 1329 4373 τῶν
1358 4320 1665 4392 μελλόντων
1695 4326 1919 4393 ἀγαθῶν

326 4402 532 4459 ἐλπίδι.
959 4419 967 4426 ·

405 4551 537 4618 Τοῖς
587 4552 657 4606 δὲ
716 4553 996 4608 τέκτοσιν
1027 4555 1306 4629 [τέκνοις]
1346 4560 1532 4614 αὐτοῦ
1575 4564 1924 4633 καταλείψει

327 4643 579 4712 ἔρεισμα
606 4645 871 4714 εἰρήνης.
906 4648 1029 4711 Τοῖς
1051 4647 1106 4701 δέ
1136 4649 1457 4721 ἠξιωμένοις
1488 4652 1555 4705 δι’
1580 4654 1799 4723 ἀγάπης
1828 4658 1924 4728 τῆς

328 4734 425 4788 τοῦ
494 4737 699 4806 Κυρίου
771 4739 1046 4804 υἱοθεσίας
1106 4742 1266 4806 αὑτὸς
1324 4747 1596 4818 ἐπαφήσει
1652 4748 1680 4801 6
1723 4748 1929 4820 Κύριος

328 4828 427 4899 τὴν
458 4830 745 4900 ἀτρεψίάν,
767 4834 1036 4897 ἀπαθείας
1059 4834 1359 4907 ἑδραίωμα.

402 4975 507 5038 κζ’.
546 4978 731 5044 Φόϐος
758 4980 1005 5046 Κυρίου,
1040 4979 1204 5049 πηγὴ
1236 4979 1386 5049 ζωῆς
1405 4998 1418 5014 ’
1444 4982 1607 5036 ποιεῖ
1628 4983 1696 5037 δὲ
1716 4984 1927 5039 ἐκκλί-

329 5085 463 5123 νειν
521 5070 592 5123 ἐκ
642 5070 896 5141 παγίδος
948 5073 1231 5129 θανάτου,
1298 5074 1356 5128 '0
1405 5057 1548 5140 θεῖος
1614 5076 1777 5145 φόϐος
1817 5076 1929 5131 τῶν

332 5160 617 5230 ζωογόνων
648 5162 752 5233 τῆς
781 5165 1197 5234 νενεκρωμένης
1218 5169 1284 5238 τῇ
1311 5168 1559 5237 ἁμαρτίᾳ.
1586 5170 1760 5241 ψυχῆς
1785 5170 1925 5224 ἐπτά

331 5255 693 5325 χαρισμάτων
719 5254 819 5310 τοῖα
848 5257 1166 5329 Πνεύματος
1196 5259 1435 5331 ὑπάρχει
1454 5261 1597 5334 ἀρχή
1624 5280 1638 5294 ·
1669 5255 1745 5317 ὧν
1770 5263 1928 5327 τέλος

332 5350 367 5421 ή
424 5352 587 5419 σοφία
644 5351 829 5420 ἐστὶν,
878 5352 955 5416 ὡς
998 5353 1352 5425 τελειωτική·
1390 5350 1544 5421 οὗτος
1592 5356 1649 5410 δὲ
1693 5359 1721 5410 ό
1763 5356 1929 5427 φόϐος

332 5444 746 5513 παρασκευάζει
805 5444 1100 5513 ἐκφεύγειν
1157 5447 1266 5500 ἀπὸ
1310 5448 1609 5520 ἁμαρτίας,
1656 5450 1689 5520 ἢ
1735 5449 1927 5521 βρόχος

330 5537 596 5608 τυγχάνει
619 5539 799 5609 ψυχῆς
824 5540 903 5603 είς
935 5538 1235 5595 ἀπώλειαν.

405 5683 514 5754 κη’.
560 5684 664 5738 Ἐν
704 5682 916 5750 πολλῷ
953 5685 1112 5740 ἔθνει
1165 5685 1317 5751 δόξα
1343 5686 1672 5753 βασιλέως.
1718 5686 1807 5739 Ἐν
1851 5684 1929 5753 τῷ

334 5777 534 5848 πλήθει
579 5778 688 5834 τῶν
738 5779 910 5836 ἐθνῶν
954 5781 986 5849 ἡ
1030 5780 1157 5849 δόξα
1218 5780 1311 5835 τοῦ
1351 5780 1740 5854 παμϐασιλέως
1770 5778 1927 5846 Θεοῦ,

1948 4496 1997 4553 ι)

2017 3236 2144 3289 talis
2178 3242 2231 3288 et
2272 3231 2404 3286 illud
2431 3230 2686 3301 operibus
2714 3236 3018 3285 asseverat.

2089 3468 2279 3522 Exurit
2318 3479 2490 3521 autem
2516 3464 2786 3534 fallaciter
2813 3460 3065 3516 callidus.
3109 3458 3361 3527 Iniquum
3395 3454 3606 3525 passio-

2019 3576 2149 3615 num
2178 3558 2454 3614 caminum
2488 3554 2760 3618 accendit,
2791 3553 2908 3623 qui,
2931 3552 3034 3606 sub
3064 3551 3247 3619 specie
3294 3548 3444 3610 boni,
3472 3561 3604 3615 pro-

2019 3654 2175 3725 ponit
2207 3651 2548 3707 contrarium
2598 3646 3019 3704 etincautiores
3062 3643 3346 3697 hominum
3382 3640 3601 3709 decipit.

2090 3876 2254 3931 Vens.
2286 3873 2377 3928 26.
2401 3873 2467 3927 In
2506 3875 2695 3928 timore
2729 3871 2964 3935 Domini,
3019 3885 3133 3937 spes
3185 3868 3361 3937 ﬁrma.
3397 3864 3453 3919 In
3497 3865 3606 3918 illis

2020 3982 2146 4037 spes
2188 3966 2343 4019 ﬁrma
2379 3966 2647 4033 exsurgit,
2680 3962 2799 4033 qui,
2825 3977 2889 4016 ex
2945 3960 3142 4013 timore
3182 3958 3400 4012 Domini
3435 3956 3608 4010 decli—

2020 4066 2154 4112 nant
2191 4074 2219 4110 a
2253 4058 2394 4110 malo
2441 4070 2538 4125 per
2586 4052 2765 4116 ﬁdem,
2798 4052 2979 4107 divina
3013 4051 3267 4105 mandata
3305 4047 3597 4119 perﬁcien-

2022 4158 2149 4203 tem.
2186 4148 2398 4202 Etenim
2438 4161 2584 4210 cum,
2620 4159 2906 4201 servorum
2955 4157 3129 4207 more,
3164 4157 3192 4194 a
3247 4141 3390 4195 malo
3424 4156 3631 4222 recesf

2023 4242 2215 4306 serint,
2253 4246 2478 4311 propter
2507 4238 2903 4309 suppliciorum
2925 4236 3200 4297 timorem,
3235 4235 3438 4289 bonum
3477 4249 3608 4303 Ope-

2023 4333 2196 4387 raturi
2236 4342 2387 4399 sunt,
2424 4331 2573 4386 velut
2605 4327 2950 4391 mercenarii,
2980 4328 3075 4397 qui
3109 4328 3250 4382 bona
3298 4326 3483 4381 futura
3515 4343 3612 4381 ex-

2024 4434 2295 4496 spectant.

2101 4563 2149 4619 F
2153 4566 2263 4621 iliis
2310 4567 2420 4621 suis
2448 4565 2699 4635 fulcimen
2730 4566 2875 4634 pacis
2912 4565 3190 4634 relinquet.
3228 4562 3333 4618 Per
3361 4562 3609 4617 clrarita-

2028 4672 2134 4715 tem
2169 4661 2223 4714 in
2273 4658 2414 4715 ﬁlios
2463 4660 2678 4736 Domini
2726 4659 2977 4730 adeptari
3028 4657 3303 4730 dignatas.
3338 4658 3453 4726 ipse
3505 4655 3613 4709 Do-

2029 4752 2215 4808 minus
2244 4749 2440 4807 eﬂiciet
2470 4750 2701 4827 insuper
2723 4751 3249 4820 interritos,eosque
3272 4749 3396 4805 ideo
3420 4760 3615 4805 contra

2027 4844 2315 4916 passiones
2379 4843 2640 4899 ﬁrmabit.

2099 4987 2267 5044 Vsus.
2295 4989 2386 5044 27.
2405 4988 2586 5043 Timor
2618 4988 2855 5052 Domini,
2876 4988 2994 5058 fons
3026 4989 3168 5055 vitae,
3195 4987 3325 5058 facit
3344 5003 3409 5042 ex
3430 4988 3617 5058 laqueo

2029 5083 2214 5136 mortis
2241 5081 2487 5153 effugere.
2524 5080 2754 5137 Divinus
2786 5082 2975 5147 timor,
3008 5088 3218 5151 septem
3260 5079 3482 5135 illorum
3512 5081 3626 5149 spi:

2028 5175 2307 5228 ritualium
2372 5174 2794 5237 charismatum,
2861 5188 2985 5242 qua:
3067 5174 3331 5236 animam,
3386 5178 3616 5241 peccato

2029 5272 2325 5332 mortuam,
2358 5263 2655 5329 viviﬁcant,
2687 5272 2742 5319 et
2774 5279 3011 5334 quorum
3048 5263 3172 5319 ﬁnis
3211 5270 3294 5318 est
3347 5262 3619 5333 sapientia

2028 5357 2175 5411 velut
2198 5356 2508 5425 perliciens,
2525 5386 2597 5395 —
2623 5356 2713 5411 ille
2729 5364 2910 5412 autem
2931 5357 3098 5411 timor
3140 5369 3320 5424 prazpa
3331 5363 3413 5407 rat
3432 5353 3497 5407 ad
3522 5353 3611 5407 fu-

2027 5449 2282 5520 giendum
2318 5434 2620 5515 peccatum,
2642 5464 2751 5519 quo
2782 5451 3007 5520 laqueus
3047 5446 3373 5519 perditionis
3407 5446 3622 5501 anima-

2030 5542 2137 5597 bus
2178 5541 2502 5596 invenietur.

2102 5685 2267 5740 Vsus.
2302 5684 2391 5739 28.
2429 5682 2494 5738 In
2538 5684 2708 5738 multa
2756 5692 2902 5754 gente
2945 5683 3117 5755 gloria
3174 5682 3330 5754 regis.
3378 5682 3434 5736 In
3460 5746 3462 5749 τ
3491 5684 3638 5736 mul-

2032 5779 2270 5835 titudme
2307 5778 2551 5849 gentium
2597 5776 2767 5846 gloria
2817 5776 3042 5834 omnino
3096 5776 3245 5848 regis

3319 5775 3437 5843 Dei,
3491 5788 3614 5830 cum
3688 5833 3695 5840 _
