4220 6462
674 371 802 439 136Ἱ

1977 388 2329 450 PROCOPII
2359 392 2599 454 GAZEI

3817 415 3959 479 1368

661 489 908 542 venerint
941 489 1008 542 ad
1042 492 1220 560 ipsum
1261 501 1314 547 et
1338 495 1463 558 alte,
1494 512 1590 565 per
1625 498 1807 565 tidem,
1836 515 2028 557 verum
2078 503 2228 558 Deun

2356 510 2767 578 προσελθόντων
2791 513 2940 584 αὐτῷ
2980 518 3071 570 καὶ
3093 520 3281 574 τοῦτον
3303 523 3795 594 ἀνακηρυττόντων
3822 532 3961 586 Θεὸν

658 577 1125 634 denuntiaverint.

731 703 797 757 In
846 705 1053 772 defectu
1121 708 1321 774 populi,
1370 710 1613 778 confusio
1672 715 1919 780 potentis.
1981 714 2116 770 Cum
2172 725 2255 788 ty-

655 810 863 850 rannus
895 798 987 851 ille
1038 798 1350 853 animarum
1415 809 1732 856 nostrarum
1787 813 1840 859 et
1897 806 2097 869 hostis,
2141 808 2245 863 hoc

653 888 816 941 modo
838 889 1199 945 frustrabitur
1222 900 1374 946 tanta
1413 894 1794 961 multitudine,
1815 911 1980 966 quam
2006 913 2104 968 per
2140 897 2254 953 ido-

655 980 928 1033 lolatriam
979 983 1342 1051 acqu‘isierat,
1399 1016 1470 1026 —
1525 987 1698 1056 gloria
1756 987 1877 1058 ejus
1935 989 2220 1058 subjacebi

2353 1003 2611 1073 λατρείας
2642 980 2932 1076 ἐκτήσατο,
3021 1012 3148 1078 δόξα

650 1071 849 1126 ruinis.

721 1177 886 1252 Vens.
917 1198 1008 1253 29.
1045 1199 1136 1254 Vir
1177 1202 1520 1272 longanimis,
1561 1208 1758 1260 mullus
1817 1209 1872 1261 in
1915 1219 2104 1263 mente.
2139 1209 2244 1276 Qui

649 1291 954 1343 secundum
1002 1292 1272 1348 rationem
1319 1297 1534 1352 animos
1576 1298 1761 1353 domat
1781 1308 1835 1355 et
1865 1300 2121 1382 dolorosa
2152 1318 2245 1372 ge-

649 1393 848 1433 nerose
892 1379 1105 1447 suﬂ‘ert,
1141 1384 1234 1452 qui
1269 1385 1771 1457 circumspicienda
1825 1379 2045 1447 lacitﬁet
2106 1395 2228 1448 dicit

2344 1406 2414 1459 τὰ
2445 1379 2690 1476 ἀλγεινὰ,
2748 1379 2888 1482 μετὰ
2928 1379 3313 1486 περισκέίιιεως

647 1471 791 1538 quod
825 1481 1070 1540 oportet,
1102 1475 1193 1530 ille
1218 1477 1513 1534 manifeste
1541 1490 1780 1536 mentem
1822 1483 2008 1540 habet.

716 1598 1132 1667 Pusillanimus,
1157 1606 1310 1659 valde
1343 1624 1548 1665 amens.
1578 1609 1679 1674 Qui
1730 1619 1953 1680 propter
1973 1613 2238 1682 pusillum

647 1692 890 1746 zminmm
932 1695 1040 1749 cito
1074 1698 1126 1750 in
1149 1699 1287 1751 iram
1324 1700 1571 1766 ell‘ertur,
1605 1717 1878 1772 quasnon
1911 1713 2131 1774 oportet
2156 1705 2239 1761 l‘a-

645 1789 795 1841 citet
831 1789 986 1852 dicit,
1015 1791 1103 1845 hic
1129 1804 1214 1847 est
1240 1808 1450 1849 amens.

717 1915 879 1972 Vens.
908 1919 996 1972 30.
1023 1918 1172 1974 Mitis
1203 1922 1300 1986 vir,
1331 1923 1507 1976 cordis
1528 1924 1778 1978 medicus.
1799 1924 1900 1991 Qui
1926 1926 2111 1982 animo
2139 1942 2246 1981 non

641 2010 921 2075 turbatur,
957 2026 1148 2065 eorum
1171 2028 1360 2078 causa,
1390 2016 1593 2084 quibus
1621 2019 1762 2072 alius
1794 2018 1847 2071 in
1877 2019 2056 2088 ipsum
2090 2019 2248 2073 alier-

2359 599 2614 668 ἀληθινδν
2643 603 2732 658 διὰ
2763 605 3026 671 πίστεως.

2443 725 2538 778 Ἐν
2564 725 2634 779 δὲ
2664 728 2933 798 ἐκλείψει
2955 734 3131 798 λαοῦ,
3162 742 3458 808 συντριϐὴ
3493 742 3826 798 δυνάστου.
3866 747 3960 798 Ἐν

2355 816 2411 869 δὲ
2436 819 2512 888 τῷ
2539 820 2682 874 οὕτω
2718 820 3064 896 ζημιωθῆναι
3095 830 3185 883 τὸν
3215 831 3479 902 τύραννον
3520 838 3629 889 τῶν
3662 840 3958 910 ἡμετέρων

2351 911 2543 980 ψυχῶν
2573 915 2668 966 καὶ
2700 916 2978 986 πολέμιον,
3005 919 3066 971 τὸ
3090 923 3332 978 τοιοῦτον
3362 928 3569 996 πλῆθος
3598 931 3624 982 ὃ
3647 931 3715 983 δι’
3740 932 3960 986 εἰδωλο-

3186 1015 3354 1068 αὑτοῦ
3381 1020 3462 1080 είς
3498 1019 3628 1088 χοῦν
3666 1038 3959 1094 κατασκη-

2353 1113 2540 1148 νωσει.

2425 1221 2527 1275 κθ’.
2561 1225 2963 1295 Μακρόθυμος
2998 1231 3174 1298 ἀνὴρ,
3213 1236 3411 1301 πολὺς
3435 1236 3506 1290 ὲν
3532 1240 3848 1306 φρονήσει.
3894 1239 3959 1293 '0

2349 1315 2489 1367 κατά
2529 1316 2685 1384 λόγον
2723 1320 2940 1389 κρατῶν
2971 1323 3066 1376 τοῦ
3093 1324 3294 1395 θυμοῦ,
3329 1331 3423 1382 καὶ
3462 1333 3730 1394 γενναίως
3763 1336 3960 1402 φέρων

3344 1422 3516 1474 ποιῶν
3562 1425 3656 1477 καὶ
3701 1425 3882 1493 λέγων
3922 1426 3960 1479 ἃ.

2343 1495 2443 1561 δεῖ,
2479 1503 2779 1570 περιφανὲς
2811 1506 3080 1577 κέκτηται
3112 1510 3395 1582 φρόνημα.

2427 1629 2490 1681 Ὀ
2533 1630 2603 1683 δὲ
2637 1632 3034 1704 όλιτόψυχος,
3082 1639 3346 1708 ἰσχυρῶς
3390 1642 3621 1711 ἄφρων.
3667 1645 3725 1698 '0
3755 1647 3814 1699 δὲ
3862 1646 3959 1698 διὰ

2344 1721 2715 1791 μικροψυχίαν
2761 1729 2972 1795 ταχέως
3023 1730 3398 1801 ἐκφερόμενος
3445 1737 3526 1798 είς
3573 1737 3767 1806 θυμὸν,
3804 1737 3841 1791 ἃ
3875 1739 3958 1808 μὴ

2277 1850 2321 1904 Β
2348 1813 2430 1866 δεῖ
2458 1815 2628 1869 ποιῶν
2660 1833 2719 1870 τε
2748 1819 2842 1871 καὶ
2866 1819 3063 1888 λέγων,
3087 1823 3280 1893 ἀφρων
3310 1827 3478 1881 ἐστίν.

2427 1939 2491 1992 λ’.
2523 1943 2879 2010 Πραῦθυμος
2901 1943 3078 2012 ἀνὴρ,
3120 1948 3368 2016 καρδίας
3394 1951 3614 2018 ιατρός.
3663 1951 3722 2004 Ὀ
3754 1951 3832 2021 μὴ
3857 1955 3958 2005 ἐκ·

2353 2034 2767 2102 ταρασσόμενος
2793 2035 2871 2105 τῷ
2899 2036 3056 2106 θυμῷ
3084 2040 3142 2092 ἐν
3167 2034 3248 2102 οἷς
3271 2057 3356 2104 τις
3381 2043 3675 2110 ἐκφέρεται
3707 2045 3828 2096 κατ’
3855 2046 3956 2097 αὑ-

643 2110 753 2166 tur,
783 2103 877 2158 sed
923 2105 1071 2159 illata
1103 2107 1207 2161 sibi
1261 2109 1497 2163 viriliter
1528 2112 1838 2181 perpetitur
1879 2121 1934 2165 et
1985 2112 2228 2168 adversa-

2350 2121 2467 2185 τοῦ,
2503 2124 2642 2176 ἀλλά
2672 2127 2938 2193 γενναίως
2971 2129 3154 2199 φέρων
3201 2132 3268 2184 τα
3310 2135 3440 2200 παρ’
3470 2133 3638 2186 αὑτοῦ
3663 2134 3814 2204 αὑτῷ
3845 2136 3942 2186 ἐπα

644 2193 786 2244 rium
835 2198 1077 2250 suaviter
1111 2198 1263 2262 adiit,
1298 2213 1396 2267 per
1465 2216 1621 2254 suam
1679 2202 2034 2256 tolerantiam
2081 2211 2241 2256 sanat

641 2284 910 2337 turbitam
955 2285 1195 2340 animam
1233 2289 1485 2343 alterius.

717 2522 879 2579 Tinea
934 2528 1160 2592 ossium,
1200 2543 1290 2580 cor
1341 2530 1607 2582 sensibile.
1649 2528 1804 2584 Sicut
1856 2528 2048 2586 teredo
2104 2546 2230 2586 ossa

637 2620 906 2684 corrodit,
942 2621 1017 2672 ita
1051 2634 1168 2682 cor,
1197 2620 1342 2688 quod
1380 2631 1583 2689 praesto
1617 2629 1702 2676 est
1729 2623 1988 2677 sensibus
2043 2622 2231 2693 (modo

635 2709 898 2776 jucundis
953 2709 1330 2780 supereliluet,
1359 2711 1524 2765 modo
1578 2712 1792 2768 doloris
1846 2714 2226 2785 exturbatur),

638 2802 912 2860 ﬁrmiores
964 2807 1161 2858 anima:
1209 2807 1506 2876 potentias,
1537 2807 1589 2861 in
1618 2808 1972 2878 passionibus
2018 2818 2230 2864 natura:

638 2895 931 2964 disperdit.

709 3120 814 3184 Qui
862 3121 1224 3173 calumniatur
1281 3139 1586 3190 pauperem,
1630 3135 1910 3193 exasperat
1971 3126 2224 3194 {actorem

2349 2217 2644 2286 ερχὸμενα,
2682 2221 2778 2272 καὶ
2804 2222 3029 2290 πραέως
3059 2222 3222 2275 αὑτὸν
3264 2225 3688 2295 μετερχόμενος,
3719 2227 3811 2279 διά
3843 2227 3952 2294 τῆς

2350 2309 2485 2372 ίδίας
2512 2310 2887 2376 ἀνεξικακίας,
2927 2315 3030 2384 τὴν
3069 2317 3490 2388 τεταραγμένην
3525 2318 3738 2370 ἐκείνου
3772 2318 3948 2391 θερα-

2346 2402 2506 2455 πεύει
2532 2404 2736 2474 ψυχήν.

2413 2532 2538 2601 Σὴς
2585 2533 2655 2586 δὲ
2697 2535 2950 2602 ὀστέων,
2990 2537 3206 2605 καρδιά
3253 2540 3597 2606 αισθητική.
3631 2541 3845 2612 Ὥσπερ
3884 2541 3948 2595 δέ

2341 2643 2428 2688 τις
2477 2625 2697 2698 σκώληξ
2765 2627 3156 2699 διαϐιϐρώσκει
3216 2634 3384 2696 ὀστᾶ,
3442 2633 3588 2687 οὕτω
3645 2635 3846 2701 καρδία
3908 2637 3944 2705 ἡ

2341 2716 2576 2786 ἑτοίμως
2640 2718 2762 2771 κατ’
2807 2718 3059 2789 αἴσθησιν
3108 2723 3222 2784 τοῖς
3280 2721 3381 2791 μέν
3452 2723 3604 2793 ἡδέσι
3652 2724 3947 2794 διαχεομέ-

2340 2825 2426 2877 νη,
2463 2811 2578 2872 τοῖς
2616 2809 2660 2861 δ’
2689 2810 2958 2878 ἀλγεινοῖς
3000 2814 3471 2886 ἐκταραττομένη,
3505 2817 3605 2895 τὰἾς
3637 2818 3946 2880 τονωτικάς

2337 2900 2437 2970 τῆς
2464 2900 2643 2972 ψυχῆς
2696 2902 2955 2973 δυνάμεις
2985 2905 3063 2968 είς
3098 2908 3166 2958 τὰ
3195 2908 3343 2977 παρὰ
3364 2908 3530 2976 φύσιν
3559 2908 3708 2978 πάθη
3735 2925 3944 2961 καταν·

2337 2992 2575 3047 αλίσκει.

2406 3127 2508 3179 λα’.
2570 3128 2633 3180 '0
2681 3129 3100 3197 συκοφαντῶν·
3138 3131 3392 3198 πένητα,
3452 3135 3784 3202 παροξύνει
3834 3136 3947 3188 τὸν

633 3207 773 3276 ejus.
804 3207 906 3274 Qui
951 3209 1157 3263 homini
1191 3226 1407 3280 semper
1431 3212 1720 3281 indigenti,
1756 3223 2018 3285 tanquam
2070 3215 2224 3269 inde-

2336 3219 2677 3283 ποιήσαντα
2698 3223 2906 3274 αὐτόν.
2949 3223 3006 3274 '0
3033 3222 3110 3292 τῷ
3137 3225 3224 3276 ἀεὶ
3247 3225 3438 3290 ἐνδεεῖ,
3464 3226 3540 3289 ὡς
3561 3228 3946 3296 ἁπροστατεύο

635 3302 814 3366 lenso,
839 3316 938 3357 sua
973 3302 1194 3371 propria
1217 3303 1344 3357 vitia
1377 3304 1588 3372 objicit,
1611 3307 1854 3362 lictorem
1891 3307 2030 3377 ejus,
2058 3307 2226 3364 Deum

635 3403 923 3464 provocat.

704 3527 812 3592 Qui
841 3527 1069 3582 honorat
1103 3528 1289 3595 Deum,
1325 3533 1604 3586 miseretur
1661 3536 1930 3604 pauperis.
1967 3535 2094 3602 Qui,
2129 3537 2228 3592 1.)οο

635 3620 723 3674 nis
753 3622 1039 3690 Operibus,
1074 3620 1291 3676 Patrem
1320 3623 1373 3676 in
1399 3625 1557 3680 caelis
1599 3625 1854 3692 honorat,
1888 3643 2070 3684 rerum
2102 3629 2226 3683 ino-

632 3727 753 3781 pem
782 3711 943 3766 deﬂet
977 3721 1054 3777 et,
1083 3715 1136 3768 in
1167 3727 1435 3783 quantum
1465 3727 1667 3789 potest,
1704 3719 1951 3789 adjuvat.

705 3931 872 3987 Vens.
908 3933 997 3987 52.
1023 3933 1083 3988 In
1118 3938 1324 3990 malitia
1350 3955 1474 4005 sua,
1499 3941 1688 4006 peribit
1729 3941 1946 4008 impius.
1981 3939 2040 3995 In
2093 3956 2217 4011 pro-

629 4027 769 4094 pria,
804 4035 859 4080 et
882 4042 991 4080 non
1026 4027 1080 4081 in
1111 4036 1329 4096 patrum
1368 4033 1449 4085 vel
1479 4031 1714 4086 ﬁliorum
1751 4033 1961 4088 malitia
1996 4033 2221 4103 peribit,

627 4117 720 4185 qui
761 4116 928 4172 Deum
965 4133 1062 4188 per
1115 4120 1258 4174 bona
1291 4137 1457 4191 opera
1491 4139 1598 4178 non
1631 4125 1886 4179 honorat.
1924 4125 2029 4192 Qui
2081 4126 2224 4180 lilio-

628 4225 750 4262 rum
786 4218 840 4263 et
877 4209 1149 4275 omnium,
1180 4213 1283 4266 sub
1315 4228 1480 4268 manu
1508 4214 2006 4286 ejusdegcntium,
2031 4232 2222 4271 curam

628 4315 736 4354 non
775 4300 964 4365 habet,
999 4333 1067 4342 —
1094 4303 1368 4358 rationem
1406 4303 1622 4369 reddet,
1663 4322 1774 4361 non
1830 4307 1900 4363 de
1951 4323 2040 4374 eo,
2074 4308 2223 4379 quod

627 4391 682 4445 hi
717 4392 844 4446 mali
896 4396 1195 4459 evaserint,
1230 4399 1324 4449 sed
1363 4396 1510 4464 quod
1541 4398 1655 4467 ipse
1687 4397 1754 4452 de
1794 4414 1985 4454 eorum
2047 4399 2224 4454 salute

627 4497 737 4536 non
772 4487 1076 4540 curaverit.
1111 4485 1351 4552 Rursus,
1388 4496 1442 4542 et
1470 4488 1522 4541 hi
1549 4489 2089 4554 condemnabuntur,
2112 4506 2221 4546 non

2332 3328 2433 3381 τῳ,
2458 3312 2792 3381 προσάπτων
2842 3313 2914 3366 τὰ
2962 3314 3159 3367 ἐαυτοῦ
3191 3317 3521 3387 αἰτιάματα,
3569 3315 3668 3371 τὸν
3691 3320 3945 3391 πλάστην

2331 3403 2502 3457 αὐτοῦ
2537 3405 2866 3476 παροργίζει
2892 3405 3042 3487 θεόν.

2410 3531 2476 3584 '0
2527 3531 2596 3584 δὲ
2650 3531 2838 3600 τιμῶν
2887 3535 3096 3598 αὐτὸν,
3131 3535 3291 3588 ἐλεεῖ
3351 3540 3617 3606 πτωχόν.
3663 3539 3726 3591 '0
3780 3539 3828 3590 δ’
3883 3541 3944 3590 ἐν

2331 3625 2724 3697 ἀγαθοεργίαις
2752 3625 2844 3678 τὸν
2877 3629 2934 3678 ἐν
2964 3627 3213 3697 οὐρανοῖς
3240 3628 3463 3697 Πατέρα
3493 3630 3696 3699 τιμῶν,
3731 3633 3943 3684 οἰκτεί-

2335 3735 2419 3789 ρει
2449 3719 2542 3770 τὸν
2583 3717 2691 3772 ἀπὸ
2723 3717 2956 3771 πλούτου
2995 3721 3253 3788 πεσόντα,
3285 3722 3379 3775 καὶ
3413 3721 3491 3786 ὡς
3525 3721 3756 3776 δυνατὸν
3784 3724 3943 3792 αὐτῷ

2333 3811 2540 3883 βοηθεῖ.

2407 3939 2504 4011 λβ’.
2550 3939 2648 3993 Ἐν
2680 3941 2862 4008 κακίᾳ
2891 3941 3078 3996 αὐτοῦ
3131 3942 3444 3996 ἀπολεῖται
3468 3943 3719 4009 ἀσεϐής.
3761 3945 3854 3998 Ἐν
3875 3947 3942 4014 τῇ

2335 4032 2443 4103 ἰδίᾳ
2478 4033 2670 4104 κακίᾳ,
2709 4034 2807 4086 καὶ
2841 4035 2917 4104 μὴ
2947 4037 3015 4106 τῇ
3056 4034 3165 4087 τῶν
3201 4037 3459 4105 πατέρων
3491 4037 3524 4106 ἢ
3567 4037 3804 4098 τέκνων,
3835 4041 3946 4089 ἀπ-

2330 4125 2533 4178 ολεῖται
2555 4128 2583 4178 δ
2616 4125 2692 4197 μὴ
2713 4127 2779 4179 δι’
2804 4126 3027 4194 ἀγαθῶν
3059 4127 3237 4198 ἔργων
3261 4129 3438 4198 τιμῶν
3469 4130 3560 4182 τὸν
3583 4130 3740 4184 Θεόν,
3779 4130 3946 4182 Ἀπο-

2330 4212 2516 4266 δίδωσι
2568 4215 2677 4285 γὰρ
2732 4215 2891 4282 λόγον
2937 4217 2966 4268 ὁ
3019 4217 3096 4286 μὴ
3150 4217 3260 4270 τῶν
3305 4219 3515 4272 τέκνων
3561 4220 3803 4272 καὶτῶν
3837 4221 3945 4273 ὑπὸ

2331 4307 2490 4375 χεῖρα
2530 4307 2900 4376 ποιησάμενος
2939 4308 3284 4377 ἐπιμέλειαν,
3323 4311 3422 4380 οὐχ
3467 4312 3551 4365 ὅτι
3597 4307 3743 4366 οὗτοι
3775 4315 3946 4366 κακοὶ

2331 4399 2601 4466 ἐγένοντο,
2631 4399 2746 4451 ἀλλ’
2771 4401 2855 4452 ὅτι
2883 4402 3048 4464 αὐτὸς
3097 4403 3198 4473 τῆς
3244 4405 3526 4474 σωτηρίας
3558 4404 3768 4457 τούτων
3795 4408 3945 4476 ἠμέ-

2332 4491 2464 4562 λησε
2489 4508 2502 4520 ·
2551 4492 2714 4546 πάλιν
2757 4493 2801 4546 δ’
2826 4486 2974 4546 οὗτοι
3005 4495 3456 4566 κατακρίνονται,
3499 4498 3560 4549 οὐ
3585 4497 3674 4550 διὰ
3707 4498 3808 4569 τὴν
3833 4500 3945 4552 τῶν

630 4585 859 4646 propter
900 4587 1117 4649 patrum
1174 4589 1228 4635 et
1279 4581 1632 4637 dominorum
1683 4585 2094 4657 negligentiam,
2124 4584 2222 4641 sed

2336 4591 2585 4659 πατέρων
2615 4592 2711 4643 καὶ
2741 4591 3026 4645 δεσποτῶν
3062 4592 3353 4662 ἀμέλειαν,
3377 4592 3494 4647 ἀλλ’
3521 4593 3604 4646 ὅτι
3635 4592 3793 4646 αὐτοὶ
3837 4612 3943 4646 κα-

626 4673 771 4739 qnod
807 4673 908 4742 ipsi
943 4674 1073 4729 mali
1105 4674 1234 4730 lacti
1264 4676 1394 4731 sint.

698 4797 804 4863 Qui
824 4801 1113 4870 conﬁditin
1145 4801 1398 4868 Domino,
1426 4809 1510 4858 sui
1537 4806 1701 4873 ipsius
1719 4806 2221 4875 sanctitatejustus.

626 4888 730 4956 Qui
760 4893 813 4946 in
853 4908 1037 4948 rerum
1079 4905 1411 4951 cunctarum
1449 4897 1763 4962 Dominum,
1806 4910 2026 4952 onmem
2071 4914 2220 4967 spem

625 5000 783 5039 suam
827 4989 1068 5058 reponit,
1095 4988 1282 5055 justus
1307 4998 1392 5044 est
1423 5005 1487 5044 ex
1536 4987 1878 5059 perfectione
1913 5005 2012 5045 sua
2051 4991 2222 5044 relate

624 5080 691 5134 ad
737 5080 928 5146 Deum,
971 5090 1024 5137 et
1080 5099 1190 5138 non
1225 5099 1288 5136 ex
1326 5084 1561 5139 aliorum
1593 5084 1856 5155 operibus
1905 5091 1960 5140 et
2009 5085 2223 5140 actibus

627 5177 832 5240 rectis;
867 5177 1169 5246 requiritur
1218 5179 1366 5233 enim
1413 5195 1444 5234 ο
1496 5178 1678 5244 nobis,
1717 5191 1775 5237 ut
1824 5195 1889 5234 ex
1939 5179 2220 5234 laboribus

624 5274 832 5329 nostris
871 5271 1161 5328 Dominum
1205 5274 1564 5334 honorenms.

697 5399 861 5454 Visus.
888 5401 976 5455 3'5.
1013 5400 1079 5454 In
1109 5404 1266 5457 corde
1308 5403 1461 5466 bono,
1508 5403 1785 5472 requiescit
1838 5404 2121 5472 sapientia.
2163 5402 2221 5458 In

624 5494 832 5558 anima,
860 5510 983 5564 qua:
1044 5495 1370 5550 charitatem
1418 5497 1471 5550 in
1517 5495 1686 5551 Deum
1734 5507 1789 5552 et
1820 5497 1873 5551 in
1908 5497 2218 5567 proximum

621 5587 892 5656 possidet,
917 5603 1100 5642 rerum
1126 5589 1442 5644 divinarum
1485 5599 1540 5645 et
1581 5590 1948 5645 humanarum
1985 5589 2220 5645 scientia

621 5680 948 5749 requiescit:
1017 5682 1106 5735 cui
1162 5682 1349 5736 obedit
1381 5683 1434 5735 in
1497 5681 1756 5738 omnibus
1806 5691 1861 5737 et
1901 5683 2220 5752 neutiquam

617 5772 938 5840 apponitur,
964 5782 1112 5827 amat
1150 5776 1296 5829 enim
1337 5773 1529 5842 Deum,
1565 5775 1722 5844 cujus
1753 5791 2026 5831 summam
2064 5774 2223 5830 boni-

624 5879 788 5923 tatem
818 5871 1066 5941 agnoscit
1101 5882 1153 5928 et
1183 5871 1635 5943 omnipotentiam
1668 5888 1684 5941 ;
1722 5871 1971 5927 homines
2003 5886 2221 5941 quoque

2332 4684 2422 4734 κοὶ
2452 4685 2769 4750 γεγόνασιν.

2413 4811 2478 4862 '0
2511 4809 2581 4862 δὲ
2614 4811 2918 4877 πεποιθὼς
2968 4811 3068 4864 ἐπὶ
3106 4814 3350 4880 Κύριον,
3393 4812 3468 4882 τῇ
3509 4813 3732 4868 ἑαυτοῦ
3769 4816 3944 4868 ὁσιό-

2327 4919 2460 4969 τητι
2493 4902 2746 4969 δίκαιος.
2794 4903 2854 4956 ὐ
2907 4904 2951 4956 δ’
2996 4905 3092 4958 ἐπὶ
3139 4904 3232 4958 τὸν
3284 4905 3380 4958 τοῦ
3421 4906 3625 4968 παντὸς
3654 4909 3944 4977 Δεσπότην

2333 4997 2518 5058 πάσας
2545 4995 2886 5065 ἀναθέμενος
2920 4996 3020 5058 τάς
3057 4997 3307 5061 ἐλπίδας,
3343 4999 3583 5069 ὑπάρχει
3611 4999 3845 5064 δίκαιος,
3876 5005 3941 5068 τῇ

2331 5088 2530 5144 ἐαυτοῦ
2580 5089 2719 5159 πρὸς
2754 5090 2962 5159 Κύριον
2994 5089 3319 5162 τελειότητι,
3359 5092 3454 5145 καὶ
3488 5092 3590 5144 οὐκ
3627 5093 3945 5164 ἀλλοτρίοις

2327 5183 2513 5256 ἔργοις
2553 5184 2647 5237 καὶ
2681 5183 3135 5254 κατορθώμασινο
3175 5185 3236 5250 ἐξ
3269 5185 3419 5240 ἰδίων
3450 5185 3560 5256 γὰρ
3599 5187 3944 5257 πονημάτων

2325 5277 2495 5346 τιμᾷν
2529 5276 2622 5329 τὸν
2648 5275 2856 5346 Κύριον
2887 5276 3295 5348 ἀπαιτούμεθα.

2399 5404 2500 5472 λγ’.
2548 5405 2652 5459 Ἐν
2686 5403 2905 5472 καρδίᾳ
2950 5405 3150 5474 ἀγαθῇ
3184 5406 3560 5460 ἀναπαύεται
3584 5409 3800 5477 σοφία.
3850 5411 3942 5464 Ἐν

2324 5495 2471 5568 ψυχῇ
2506 5496 2825 5566 κεκτημένῃ
2860 5496 2962 5564 τὴν
2996 5498 3074 5559 είς
3111 5497 3244 5550 Θεὸν
3283 5500 3377 5551 καὶ
3411 5497 3509 5569 τὴν
3540 5499 3774 5569 πλησίον
3800 5502 3939 5570 ἀγα·

2327 5608 2458 5661 πην,
2494 5593 2527 5662 ἡ
2557 5591 2667 5644 τῶν
2717 5591 2881 5643 θείων
2913 5590 3008 5644 καὶ
3045 5591 3156 5643 τῶν
3188 5591 3552 5662 ἀνθρωπίνων
3584 5596 3942 5664 πραγμάτων

2328 5684 2612 5754 ἐπιστήμη
2673 5684 3126 5738 ἐπαναπαύεται·
3189 5685 3361 5754 ταύτῃ
3433 5685 3818 5758 πειθαρχοῦσα
3884 5692 3942 5740 ἐν

2326 5775 2524 5842 ἅπασι,
2563 5776 2657 5827 καὶ
2706 5775 2831 5843 μηδ’
2859 5773 3116 5828 ὁπωσοῦν
3161 5775 3519 5845 ἀντικειμένη
3545 5793 3559 5805 ο
3598 5778 3794 5848 ἀγαπᾷ
3830 5779 3939 5847 γὰρ

2327 5869 2482 5935 Θεὸν,
2539 5867 2597 5920 τὸ
2653 5867 2966 5935 πανάγαθον
3023 5867 3188 5921 αὑτοῦ
3242 5869 3680 5934 ἑπιγινὼσκουσα
3735 5870 3831 5922 καὶ
3884 5871 3939 5921 τὸ
