4220 6462
273 384 291 444 l
305 386 411 448 369

1391 386 1920 446 COMMENTARII
1964 387 2046 447 IN
2080 389 2527 452 PROVERBIA.

3388 399 3524 461 1370

266 493 713 563 παντοδύναμον·
765 493 858 548 καὶ
890 493 1080 563 ἀγαπᾷ
1113 494 1457 564 ἀνθρώπους,
1488 497 1548 548 τὸ
1580 495 1841 562 συγγενὲς

1948 504 2113 559 amat,
2148 513 2289 565 quos
2329 500 2432 554 sibi
2465 502 2790 571 congenitos
2825 508 2949 564 scit,
2984 512 3037 557 et
3070 504 3364 556 humanam
3413 520 3520 556 non

264 587 459 643 εἰδυῖα,
494 586 587 636 καὶ
616 586 712 652 τὴν
737 585 1084 654 ἀνθρωπίνην
1116 585 1189 655 μὴ
1214 586 1486 652 ἀγνοοῦσα
1519 586 1804 639 ἀσθένειαν
1825 602 1840 616 σ

264 676 359 728 καὶ
404 676 493 728 διὰ
535 676 693 727 τοῦτο
731 677 865 745 πρὸς
895 678 1021 739 τοὺς
1050 680 1309 747 ὁμοφυεῖς
1350 678 1687 745 ἀνεξικάκως
1728 678 1845 731 δια-

264 766 497 836 κειμένη
526 766 622 819 καὶ
653 767 976 837 συμπαθῶς.

348 874 454 946 Ἐν
474 892 543 945 δὲ
578 893 788 960 καρδίᾳ
815 892 1092 961 ἀφρόνων
1131 896 1202 948 οὐ
1236 893 1708 964 διαγινώσκεται.
1757 894 1843 947 Ἐν

265 983 324 1035 δὲ
384 986 454 1053 τῇ
510 984 619 1035 τῶν
675 983 884 1050 ἀλόγως
938 984 1369 1054 πολιτευομένων
1412 985 1582 1053 ψυχῇ,
1650 985 1752 1036 κᾶν
1807 985 1839 1054 ἡ

265 1073 491 1143 τοιαύτη
540 1074 824 1142 ιπιστήμη
855 1073 1081 1142 δυνάμει
1122 1076 1293 1137 ἐστὶν,
1338 1075 1453 1128 ἀλλ’
1494 1070 1589 1128 οὖν
1626 1076 1843 1143 ἀγνοεῖ-

263 1182 379 1230 ται,
404 1166 527 1217 ἐπεὶ
567 1166 642 1235 μὴ
672 1164 1027 1235 προϐέϐηκαν
1064 1168 1144 1228 είς
1184 1166 1464 1235 ἐνέργειαν
1487 1183 1499 1195 ·
1538 1164 1842 1235 φανέρωσις

264 1257 373 1325 γάρ
390 1257 508 1308 ἐστι
531 1258 630 1327 τῆς
651 1257 935 1327 δυνάμεως
957 1258 990 1327 ἡ
1012 1256 1264 1328 ἐνέργεια
1290 1300 1304 1323 ,
1330 1257 1519 1327 ὥσπερ
1538 1256 1633 1325 τῆς
1656 1255 1843 1318 οὐσίας

264 1348 299 1417 ἠ
320 1347 570 1414 δύναμις.

335 1488 430 1541 λδθ.
459 1488 824 1555 Δικαιοσύνη
841 1488 998 1557 ὑψοῖ
1019 1488 1213 1554 ἔθνος.
1258 1488 1319 1541 Ἢ
1349 1489 1487 1541 κατά
1514 1484 1748 1555 Χριστὸν
1768 1484 1846 1537 δι-

264 1579 529 1649 καιοσύνη
565 1579 775 1645 δοξάζει
803 1580 865 1632 τὸ
897 1578 1195 1632 πιστεῦσαν
1220 1582 1299 1642 εἰς
1322 1579 1484 1633 αὐτὸν
1503 1578 1656 1645 ἀγιον
1672 1575 1842 1638 ἔθνος-

263 1671 324 1720 tv
343 1670 451 1739 γάρ
479 1671 644 1724 παντὶ
674 1671 815 1725 ἔθνει
864 1673 893 1724 ὁ
923 1670 1291 1741 ἐργαςόμενος
1322 1670 1383 1724 τὸ
1410 1668 1611 1737 ἀγαθὸν
1658 1667 1847 1729 δεκτὸς

262 1760 415 1831 αὐτῷ
441 1763 615 1815 ἐστιν.
1429 1757 1444 1771 ’

350 1887 807 1944 Ἐλασσονοῦσι
858 1888 928 1942 δέ
966 1889 1167 1958 φυλὰς
1212 1888 1509 1957 ἁμαρτίαι.
1554 1886 1845 1941 Ὑποσιὸἀ-

262 1979 417 2043 ζουσι
465 1982 522 2034 δὲ
562 1981 662 2045 τάς
700 1979 1101 2053 Ἰσραηλιτικάς
1133 1980 1303 2051 φυλὰς
1332 1982 1387 2034 αἱ
1420 1979 1754 2052 παρανομίαι
1782 1979 1849 2043 ἀς

261 2076 592 2144 εἰργάσαντο
622 2076 702 2138 εἰς
736 2075 991 2146 Χριστόν.

334 2202 428 2256 λε’.
464 2204 680 2268 Δεκτός
706 2202 979 2268 βασιλεῖ,
1010 2203 1313 2271 ὑπηρέτης
1339 2204 1600 2272 νοήμων.
1636 2200 1847 2254 Euand-

262 2294 451 2357 δεκτος
473 2294 553 2364 τῷ
578 2295 913 2365 παμδασιλεῖ
940 2296 1033 2349 καὶ
1059 2294 1168 2349 τῶν
1218 2296 1355 2349 ὅλων
1380 2294 1499 2366 Θεῷ
1521 2296 1549 2347 ὁ
1573 2292 1725 2356 είδὼς
1751 2291 1848 2344 αὒ-

260 2386 359 2440 τοῦ
385 2388 446 2440 τὸ
472 2387 683 2458 θέλημα
714 2389 810 2442 καὶ
842 2390 1031 2443 ποιῶν.

342 2538 424 2607 Τῇ
456 2538 524 2591 δὲ
558 2537 776 2593 ἑαυτοῦ
828 2540 1155 2609 εὐστροφίᾳ
1212 2536 1542 2607 ἀφαιρεῖται
1587 2535 1844 2603 ἀτιμίαν.

264 2624 438 2694 Οὗτος
462 2630 538 2693 δὲ,
563 2630 664 2684 κᾶν
688 2647 738 2684 τι
767 2631 831 2683 ἐκ
859 2630 1211 2702 συναρπαγῆς
1240 2630 1433 2699 ἄτιμον
1460 2627 1844 2697 διαπράξηται,

264 2724 333 2793 τῇ
370 2722 568 2793 ταχείᾳ
592 2722 906 2792 ἐπιστροφῇ
941 2722 1248 2793 διορθοῦται
1280 2720 1430 2785 αὐτὸ,
1460 2718 1557 2772 καὶ
1592 2716 1692 2788 τῆς
1730 2717 1847 2769 ἀτι-

270 2814 401 2885 μίας
426 2813 619 2867 ἑαυτὸν
650 2813 1003 2868 ἀπαλλάττει.

867 2985 1121 3037 ΚΕΦΑΛ.
1155 2982 1254 3037 1Ε⁹.

340 3117 409 3174 α’.
458 3118 637 3189 Ὀργὴ
681 3119 993 3174 ἀπόλλυσι
1029 3119 1126 3172 καί
1160 3119 1509 3188 φρονίμους.
1543 3119 1637 3180 Εἰς
1676 3117 1847 3188 θυμδν

1948 587 2162 655 ignorat
2187 588 2577 658 fragilitatem;
2614 601 2899 661 propterea
2943 596 3239 647 toleranter
3268 604 3322 647 et
3362 609 3513 662 syni-

1948 674 2162 741 pathice
2182 675 2448 747 disposita
2472 687 2554 733 est
2585 694 2712 750 erga
2742 695 2873 735 suos
2908 681 3279 743 consociatos.
3349 734 3353 738 .

2022 887 2083 942 In
2119 890 2273 943 corde
2330 894 2617 945 amentium
2666 911 2769 947 non
2820 894 3176 964 dijudicatur.
3229 894 3283 947 ln
3341 895 3521 949 anima

1949 980 2251 1042 hominum.
2304 983 2755 1039 irrationabiliter
2801 987 3274 1047 conversantium.
3312 988 3413 1041 etsi
3465 989 3519 1039 in

1946 1074 2187 1141 potentia
2222 1073 2347 1127 talis
2376 1074 2595 1128 adesset
2625 1076 2881 1139 scientia,
2916 1084 3159 1132 attamen
3187 1092 3293 1129 non
3320 1077 3520 1145 digno-

1947 1164 2284 1231 scitur,quia
2320 1164 2383 1217 ad
2419 1167 2794 1235 operationem
2858 1183 2966 1221 non
3034 1168 3305 1237 procedit.
3345 1168 3521 1220 Mani-

1949 1254 2162 1309 festatio
2188 1256 2331 1309 enim
2376 1258 2630 1325 potentia:
2657 1267 2739 1313 est
2762 1261 3008 1328 operatio
3031 1261 3177 1314 sicut
3206 1269 3258 1314 ct
3284 1261 3521 1328 petentia

1945 1355 2029 1401 est
2062 1346 2429 1401 manifestatio
2463 1350 2813 1404 exsistentire.

2027 1490 2187 1547 Vsus.
2218 1492 2288 1546 54
2352 1492 2581 1546 Iustitia
2612 1496 2779 1548 elevat
2812 1506 3037 1564 gentem.
3068 1493 3200 1559 Quae
3222 1493 3523 1549 secundum

1946 1584 2224 1640 Christum
2258 1594 2342 1640 est
2365 1586 2603 1655 justitia,
2625 1587 2935 1641 credentem
2956 1587 3011 1640 in
3039 1587 3219 1649 illum,
3253 1585 3524 1655 glorificat

1946 1683 2160 1744 gentem
2218 1684 2480 1729 sanctam.
2525 1674 2581 1728 In
2631 1676 2779 1728 omni
2823 1678 2969 1730 enim
3024 1685 3203 1745 gente,
3259 1676 3351 1743 qui
3396 1675 3526 1727 lacit

1948 1764 2172 1827 bonum,
2201 1762 2422 1819 Christo
2460 1774 2543 1819 est
2561 1775 2843 1833 acceptus.

2023 1890 2259 1945 Peccatis
2302 1899 2479 1944 autem
2525 1891 2691 1945 tribus
2731 1893 3062 1945 minuuntur.
3102 1890 3326 1956 Quasin
3357 1889 3515 1944 Chri-

1953 1993 2094 2037 stum
2144 1976 2414 2037 admisere
2482 1982 2820 2051 iniquitates,
2857 1984 2939 2036 ha:
2974 1984 3300 2037 israeliticas
3347 1981 3525 2035 tribus

1955 2074 2267 2129 detrahunt.

2018 2200 2299 2257 Vsas.35.
2331 2203 2581 2268 Acceptus
2623 2212 2699 2255 est
2748 2204 2854 2272 regi
2899 2203 3139 2255 minister
3202 2200 3523 2269 intelligens.

1953 2291 2179 2345 Multum
2232 2305 2488 2360 acceptus
2531 2302 2636 2357 est,
2668 2307 2845 2346 rerum
2904 2300 3225 2345 cunctarum
3307 2290 3437 2359 Regi
3474 2298 3527 2341 et

1954 2383 2086 2449 Deo,
2111 2382 2204 2453 qui
2236 2384 2587 2453 noveritejus
2626 2384 2963 2445 voluntatem
2992 2393 3044 2437 et
3067 2382 3277 2451 fecerit.

2025 2532 2129 2597 Qui
2162 2531 2459 2584 tractabilis
2494 2541 2571 2585 est
2605 2548 2755 2584 suam
2798 2533 3137 2601 ignominiam
3180 2530 3386 2583 adimit.
3421 2527 3527 2582 Ta-

1926 2621 2020 2675 -lis
2041 2622 2207 2682 enim,
2235 2622 2335 2675 etsi
2368 2620 2498 2690 quid
2560 2622 2833 2675 inhonesti
2868 2638 2931 2675 ex
2975 2620 3268 2690 fragilitate
3311 2631 3527 2673 contra-

1954 2715 2117 2775 xerit,
2168 2713 2269 2767 hoc
2298 2721 2548 2783 prompta
2578 2715 2938 2769 conversione
2988 2708 3207 2783 reparat
3238 2722 3291 2767 et
3339 2727 3462 2768 sese
3492 2726 3521 2763 a

1954 2807 2172 2877 probris
2209 2805 2446 2861 redimit.

2585 2975 2737 3029 CAP.
2773 2973 2891 3031 XV.

2027 3110 2188 3166 Vens.
2222 3110 2272 3165 Ι.
2302 3108 2395 3163 Ira
2449 3110 2617 3179 perdit
2653 3121 2699 3164 et
2728 3111 3085 3181 inlelligentes.
3117 3111 3252 3164 Cum
3304 3110 3355 3164 in
3394 3111 3515 3164 ani—

266 3210 445 3280 ἀρχὴν
468 3180 663 3279 tientia
694 3210 830 3279 πρὸς
859 3180 1175 3280 ἐνέργειαν,⁷
1195 3180 1223 3263 δ
1246 3180 1392 3263 ἐστιν
1415 3180 1577 3281 ὀργὴ,
1610 3180 1853 3279 κινηὸένο

1956 3222 2075 3261 mos
2127 3208 2205 3276 (in
2236 3205 2366 3261 illud
2400 3208 2739 3276 operationis
2762 3191 3273 3277 principiumquod
3295 3208 3373 3260 ira
3398 3208 3528 3274 est),

265 3318 359 3363 τες
392 3302 487 3356 καὶ
520 3305 813 3372 νουνεχεῖς,
846 3302 1077 3372 κινδύνῳ
1096 3301 1312 3370 ψυχικῷ
1332 3318 1389 3353 τε
1421 3301 1539 3371 ἅμα
1567 3301 1847 3365 πολλάκις,

266 3394 362 3447 καὶ
395 3394 697 3463 σωματικῷ
744 3394 1204 3463 περιπίπτουσιν·
1247 3392 1345 3445 ὲάν
1389 3392 1445 3445 δὲ
1490 3382 1640 3445 οῦτοι
1685 3393 1848 3457 οὕτω,

268 3482 423 3553 πόσῳ
451 3500 516 3551 γε
550 3483 753 3552 μᾶλλον
782 3484 1016 3551 ἄφρονες
1040 3502 1054 3548 ;

352 3584 699 3674 ;A:zdxpt0'tc
720 3607 785 3660 δὲ
811 3608 1241 3661 ὑποπίπτουσα
1262 3604 1623 3673 ἀποστρέφει
1641 3604 1849 3673 θυμόν.

278 3700 578 3768 Ἀπολογία
618 3699 674 3752 δὲ
714 3699 1138 3768 ὑποκλινομένη,
1171 3699 1265 3752 καὶ
1316 3701 1391 3769 μὴ
1425 3698 1849 3761 ἀντιπίπτουσα,

267 3791 443 3861 θυμὸν
472 3791 895 3862 καταμαλάσσει
931 3792 1024 3843 καὶ
1051 3793 1084 3860 ἡ
1094 3808 1158 3860 με
1170 3793 1271 3861 poi.
1717 3792 1721 3796 ’

342 3918 535 3986 Λόγος
596 3916 663 3969 δὲ
719 3916 989 3985 σκληρὸς
1037 3916 1248 3984 ἐγείρει
1298 3914 1497 3983 ὀργάς.
1569 3914 1745 3984 Ῥἦμα
1796 3913 1851 3965 δὲ

265 4013 466 4083 τραχὺ,
498 4010 757 4081 πλῆττον,
785 4011 864 4073 είς
896 4010 1066 4079 ὀργάς
1097 4010 1407 4063 ὑπανάπτει
1441 4007 1632 4077 Θυμόν.

340 4138 611 4192 Γλῶσσα
670 4139 880 4207 σοφῶν
960 4139 1120 4192 καλὰ
1177 4137 1513 4191 ἐπίσταται.
1581 4135 1642 4187 Οἱ
1700 4133 1853 4200 σοφοὶ

264 4229 452 4296 ἀγαθά
474 4229 650 4282 οἴδασι
676 4229 1011 4297 φθέγγεσθαι
1036 4229 1131 4282 καὶ
1150 4226 1468 4295 οἰκωφελεῖν
1493 4226 1615 4288 τοὺς
1640 4225 1856 4277 ἀκούον-

264 4335 387 4378 τας.

338 4445 539 4514 Στόμα
556 4444 623 4497 δὲ
650 4435 931 4513 ἀφρόνων
953 4444 1309 4513 ἀναγγέλλει
1335 4443 1508 4497 κακά.
1536 4443 1594 4494 ΟΞ
1618 4442 1673 4494 δὲ
1698 4442 1856 4512 ἁνόηο

1951 3309 2004 3354 et
2036 3300 2146 3369 ipsi
2172 3307 2349 3353 mente
2380 3299 2664 3363 callentes,
2696 3315 2861 3370 quam
2908 3300 3207 3369 saepissime
3226 3300 3527 3369 pericnlmn

1951 3392 2149 3445 animae
2205 3389 2366 3445 simul
2398 3399 2451 3444 et
2491 3391 2740 3459 corporis
2792 3389 3073 3457 subeunt;
3106 3390 3150 3444 si
3183 3388 3250 3443 de
3309 3388 3393 3443 his
3429 3391 3527 3453 ita,

1951 3490 2159 3554 quanto
2185 3483 2357 3550 magis
2384 3481 2451 3535 de
2478 3482 2796 3537 amentibus
2830 3481 2854 3535 ?

2023 3610 2311 3679 Responsio
2341 3611 2653 3664 submissior
2674 3612 2815 3666 sedet
2844 3613 3101 3664 animum.
3123 3610 3225 3675 Qui
3263 3623 3526 3677 responsa

1952 3704 2154 3758 hianda
2216 3703 2381 3757 refert
2413 3713 2466 3759 et
2507 3720 2613 3758 non
2673 3704 3089 3774 perfractantia,
3154 3704 3355 3756 mulcet
3413 3702 3523 3754 ani-

1956 3811 2103 3849 mutn
2136 3803 2191 3849 et
2217 3795 2388 3864 placat
2403 3836 2419 3851 .

2023 3921 2208 3976 Sermo
2239 3920 2405 3973 durus
2431 3920 2628 3973 excitat
2656 3920 2814 3971 iram.
2836 3917 3071 3971 Verhum
3102 3930 3380 3987 asperum,
3403 3930 3530 3982 pun-

1954 4030 2108 4087 gens,
2144 4011 2390 4069 incendit
2429 4014 2642 4065 animos
2673 4009 2740 4063 ad
2780 4010 2938 4063 iram.

2023 4142 2188 4196 Vsus.
2226 4141 2281 4195 2.
2327 4138 2532 4209 Lingua
2576 4138 2889 4206 sapientium
2939 4134 3157 4202 pulchra
3212 4130 3405 4185 nasi-it.
3437 4128 3526 4183 Sn-

1955 4236 2169 4305 picntes
2205 4232 2348 4287 bona
2377 4232 2557 4286 sciunt
2588 4226 2832 4297 proferre
2863 4233 2917 4279 et
2955 4222 3305 4277 audientibus
3358 4221 3527 4275 inscr--

1956 4329 2093 4383 vire.

2031 4453 2103 4510 Os
2149 4452 2435 4506 amentium
2498 4450 2709 4503 nuntiat
2782 4445 2945 4498 mala.
3002 4443 3194 4496 Stolidi
3264 4454 3499 4490 rmnr-i.

260 4552 348 4589 τοι
396 4535 467 4588 τὰ
525 4536 742 4589 ἐναντία
819 4536 1093 4597 λαλοῦσιν,
1156 4537 1220 4587 ὲκ
1274 4533 1709 4604 περισσεύματος
1758 4534 1853 4602 τῆς

1962 4548 2249 4619 profantur
2311 4560 2374 4598 ex
2433 4540 2768 4596 abundantia
2824 4536 3032 4599 cordis,
3090 4544 3142 4588 ct
3192 4533 3534 4586 οιιιὶἱοιιιιιιη.

264 4628 522 4695 καρδίας,
553 4630 643 4681 καὶ
674 4630 801 4691 τοὺς
833 4627 1039 4683 τούτων
1077 4627 1463 4699 ἀκροωμένους
1500 4626 1849 4695 βλάπτουσιν.

336 4762 407 4823 γ’.
447 4755 544 4807 Ἐν
560 4756 738 4809 παντὶ
764 4757 925 4821 τόπῳ
954 4755 1249 4825 ὀφθαλμοί
1272 4755 1493 4821 Κυρίου
1522 4753 1856 4807 σκοπεύου-

261 4863 370 4902 σιν
427 4846 690 4913 ἀγαθούς
743 4864 806 4901 τε
855 4846 954 4900 καὶ
1006 4848 1251 4912 κακούς.
1301 4846 1389 4899 Ἑν
1427 4846 1578 4917 πάσῃ
1619 4847 1684 4915 τῇ
1716 4847 1784 4914 γῇ
1829 4845 1857 4896 ὁ

260 4938 374 4991 τῶν
404 4937 542 4991 ὅλων
570 4940 849 5007 Δεσπότης
879 4940 1187 4991 ἐπισκοπεῖ*
1213 4939 1338 5000 τούς
1380 4954 1437 4990 τε
1459 4937 1563 4989 τῶν
1609 4936 1857 5004 παναγά-

262 5032 375 5084 ϐων
431 5029 600 5082 αὐτοῦ
649 5030 883 5083 ἐντολῶν
925 5031 1242 5102 πληρωτὰς,
1284 5031 1381 5083 καὶ
1425 5030 1551 5093 τοὺς
1595 5032 1857 5084 τάναντία

259 5124 472 5177 τούτων
499 5123 901 5195 ἐργαζομένους
925 5140 941 5156 ⁶
972 5125 1066 5177 καὶ
1089 5124 1265 5187 οὐδεὶς
1287 5124 1377 5176 τὸν
1403 5124 1743 5194 παντέφορον
1760 5124 1857 5177 αὐ-

260 5214 362 5267 τοῦ
402 5214 627 5283 λέληθεν
672 5214 950 5281 ὀφθαλμόν
972 5230 986 5244 ’
1022 5214 1102 5267 διὸ
1139 5230 1518 5283 φρ.ττετωσαν
1547 5215 1644 5284 μὲν
1670 5217 1856 5287 ἀμαρ-

262 5307 543 5371 τάνοντες,
576 5306 855 5371 εὐέλπιδες
882 5306 926 5358 δ’
961 5308 1180 5377 ῆτωσαν
1225 5306 1713 5379 ἁγαθοεργοῦντες.

337 5435 402 5490 δ’.
438 5434 636 5500 Ἴασις
684 5432 995 5502 γλώσσης,
1044 5434 1301 5503 δένδρον
1348 5436 1517 5504 ζωῆς.
1564 5436 1855 5507 Γλῶσσαή

264 5528 379 5584 ἀπὺ
429 5527 523 5582 τοῦ
555 5529 897 5598 ἁμαρτάνειν
957 5531 1016 5583 έν
1067 5530 1247 5595 λόγοις
1297 5531 1716 5602 θεραπευθεῖσα,
1760 5535 1857 5604 τὴν

265 5620 538 5687 ζωσγόνον
575 5619 924 5675 διδασκαλίαν
957 5620 1051 5674 τοῦ
1092 5623 1402 5693 πνεύματος
1426 5664 1441 5689 ,
1469 5627 1587 5688 ταῖς
1614 5625 1720 5677 τῶν
1753 5643 1858 5696 μα-

264 5708 651 5781 θητευομένων
666 5711 1100 5782 νενεκρωμέναις
1120 5714 1183 5783 τῇ
1208 5714 1400 5785 ἀγνοίᾳ
1428 5714 1646 5784 ψυχαῖς,
1671 5713 1859 5787 ὧσπερ

264 5818 323 5855 τι
351 5802 571 5873 δένδρον
606 5809 967 5876 καρποφορεῖ.

1961 4648 2176 4697 nocent.

2027 4765 2269 4821 Vsns.3.
2293 4762 2356 4817 In
2380 4759 2524 4815 omni
2563 4758 2677 4812 loco
2719 4755 2860 4810 oculi
2896 4753 3110 4807 Domini
3154 4751 3425 4804 observant
3453 4749 3533 4799 ἰτη-

1968 4878 2063 4918 nos
2099 4869 2147 4914 et
2176 4858 2366 4911 malos.
2410 4852 2467 4906 In
2487 4842 2632 4905 omni
2666 4860 2837 4910 terra,
2882 4860 3064 4901 rerum
3094 4849 3414 4897 cunctarum
3440 4840 3539 4891 Ilo-

1959 4957 2144 5009 minus
2173 4947 2489 5020 speculatur
2515 4954 2567 4999 et
2590 4949 2909 4996 sanctorum
2941 4938 3119 5007 ipsius
3157 4934 3536 4987 mandatorum

1960 5043 2197 5096 fat-tores
2249 5045 2303 5091 et
2338 5034 2593 5105 opposita
2657 5036 2929 5098 agentes;
2970 5041 3074 5081 nec
3134 5024 3278 5077 ullus
3320 5022 3539 5089 effugiet

1958 5133 2175 5190 oculum
2194 5141 2525 5200 quacunque
2583 5124 2893 5177 intentum:
2933 5118 3078 5178 ideo,
3112 5115 3542 5169 contremiscunt
3582 5134 3585 5137 λ

1960 5231 2301 5297 peccatores,
2329 5220 2598 5275 bonorum
2652 5222 2835 5269 autem
2882 5216 3201 5281 operatores
3236 5221 3384 5275 Spem
3438 5221 3545 5255 ma-

1960 5332 2122 5391 gnam
2155 5314 2391 5383 faveant.

2026 5444 2193 5499 Vens.
2231 5442 2282 5496 4.
2309 5438 2517 5493 Μεάεία
2558 5437 2777 5505 (lngule,
2810 5430 2971 5485 arbor
2998 5430 3143 5483 vitae.
3170 5425 3325 5492 Qum.
3371 5437 3399 5475 a
3426 5436 3543 5491 pre.

1960 5538 2136 5595 cando
2176 5537 2229 5589 in
2292 5534 2494 5596 verbis,
2534 5540 2727 5585 sanata
2783 5536 2865 5582 est
2914 5525 3122 5594 lingua,
3175 5519 3541 5573 vivificantem

1962 5629 2265 5686 doctrinam
2307 5625 2557 5695 spiritus,
2583 5618 3001 5675 imbuendorum
3045 5612 3351 5673 animabus,
3390 5608 3542 5677 igno-

1963 5721 2137 5775 rantia
2173 5717 2460 5781 emortuis,
2488 5712 2713 5784 profert,
2756 5710 2921 5767 veluti
2959 5707 3125 5763 arbor
3152 5704 3359 5761 fructus
3389 5716 3537 5757 suos.
