4220 6462
670 380 797 441 1371

667 588 969 655 telligentia
1029 587 1269 653 linguam
1335 587 1405 638 ab
1451 587 1731 652 peccando
1787 588 2045 647 custodit,
2097 587 2257 641 donis

667 680 903 748 Spiritus
955 680 1133 734 sancti
1182 679 1507 747 replebitur,
1547 679 1707 748 cujus
1738 678 2143 749 receptaculum
2178 678 2257 731 l'a-

666 783 790 827 ctus
824 781 910 827 cst
942 780 1165 842 propter
1206 771 1404 826 mentis
1437 773 1752 841 puritatem.

741 989 889 1045 Vens
943 992 994 1045 5.
1030 989 1239 1045 Stultus
1292 992 1483 1045 irridet
1530 993 1872 1061 disciplinam
1902 994 2096 1059 patris.
2153 992 2256 1060 Qui

667 1085 789 1139 sine
819 1094 999 1138 mente
1032 1093 1140 1149 est,
1173 1085 1400 1140 monitis
1422 1086 1675 1156 magistri
1721 1088 1804 1140 sui
1843 1086 2043 1141 illudit.

739 1305 845 1369 Qui
878 1306 1135 1358 mandata
1175 1306 1431 1370 custodit,
1465 1306 1737 1361 callidior.
1766 1305 1871 1373 Qui
1904 1306 2257 1375 prudentium

673 1412 845 1457 lllm‘c.
909 1408 1179 1468 praecepta
1242 1401 1494 1470 magistri
1557 1401 1840 1463 observat,
1899 1408 2255 1470 augmentum

671 1489 1039 1559 intelligentia:
1071 1493 1286 1558 recipit,
1312 1492 1629 1561 quotidiein
1664 1494 1806 1548 bono
1834 1493 2148 1563 proﬁciens.

738 1710 906 1767 Vens.
940 1712 993 1766 ϐ.
1024 1710 1319 1779 Injustitia
1350 1726 1632 1779 crescente,
1666 1715 1929 1784 fortitudo
1978 1715 2168 1771 multa.
2200 1713 2258 1770 In

2002 379 2355 441 PROCOPII
2397 382 2638 445 G:\Z.’EI

739 499 845 561 Qui
872 496 1100 548 custodit
1131 511 1268 556 eam,
1297 495 1587 561 replebitur
1623 496 1837 563 spiritu.
1870 492 1972 560 Qui
2012 509 2137 548 cum
2167 496 2249 547 in-
2279 497 2326 552 Δ

3816 388 3954 451 1372

2439 495 2501 549 '0
2529 498 2598 551 δὲ
2622 500 2945 570 συντηρῶν
2971 503 3189 570 αὐτὴν,
3218 506 3642 570 πλησθήσεται
3673 507 3951 573 Πνεύμα-

2360 603 2482 652 τος.
2512 589 2684 651 Αὐτὸς
2713 590 2768 642 δὲ
2790 593 2819 644 ὁ
2851 592 3137 659 φυλάττων
3181 594 3278 646 σὺν
3310 598 3375 664 τῇ
3399 595 3611 665 διανοίᾳ
3647 595 3745 664 τὴν
3774 595 3955 661 γλῶτ-

2360 696 2459 731 ταν
2487 681 2582 732 τοῦ
2611 683 2688 751 μὴ
2714 684 3076 754 ἁμαρτάνειν,
3106 686 3215 738 τῶν
3254 686 3347 738 τοῦ
3392 687 3661 753 παναγίου
3694 686 3954 755 Πνεύμα-

2360 786 2449 831 τος
2492 771 2871 841 πλησθήσεται
2914 776 3301 844 χαρισμάτων,
3347 776 3555 846 δοχείον
3600 776 3957 846 χρηματίσας

2361 860 2527 914 αὑτοῦ
2557 861 2649 915 διὰ
2673 864 2793 926 νοὸς
2822 865 3195 937 καθαρότητα.
3606 855 3613 861 ’

2431 995 2495 1041 ε’.
2547 991 2791 1060 Ἄφρων
2838 994 3183 1063 μυκτηρίζει
3243 996 3521 1051 παιδείαν
3581 997 3831 1065 πατρός.
3891 996 3957 1050 '0

2360 1080 2589 1150 ἀνόητος
2641 1084 2902 1154 ἐμπαίζει
2952 1089 3019 1158 τῇ
3068 1086 3164 1142 τοῦ
3217 1091 3419 1144 οἰκείου
3453 1089 3777 1143 διδασκάλου
3827 1105 3956 1142 νου-

2361 1171 2536 1227 θεσία.

2448 1302 2501 1356 ’0
2538 1302 2608 1356 δὲ
2645 1304 2989 1373 φυλάσσων
3030 1306 3308 1374 ἐντολὰς,
3350 1311 3853 1379 πανουργότερος.
3888 1309 3959 1362 Ὅ

2360 1394 2420 1449 δὲ
2468 1394 2539 1447 τὰ
2584 1395 2800 1461 τούτου,
2834 1398 2911 1459 ὡς
2938 1399 3223 1470 φρόνιμος,
3272 1398 3445 1453 ποιῶν
3486 1400 3957 1471 παραγγέλματα,

2364 1487 2688 1557 προσθήκην
2727 1490 3046 1558 φρονήσεως
3078 1490 3316 1560 δέχεται,
3360 1492 3441 1554 εἰς
3472 1491 3535 1544 τὺ
3573 1491 3779 1559 ἀγαθὸν
3821 1492 3963 1559 ὁστι-

2365 1581 2531 1651 μέραι
2561 1580 2854 1645 ἐπιδιδούς.

2436 1716 2510 1776 ς’.
2542 1711 2646 1764 Ἐν
2668 1708 3083 1779 πλεοναζούσῃ
3117 1711 3476 1779 δικαιοσύνῃ
3506 1711 3691 1780 ἰσχὺς
3726 1709 3960 1776 πολλή.

669 1805 977 1874 spiritualis
1027 1805 1160 1875 legis
1220 1808 1474 1876 iustitia,
1541 1824 1664 1877 quae
1728 1817 1782 1863 et
1835 1808 2148 1863 naturalem
2204 1816 2260 1863 et

2376 1803 2464 1856 ’Ev
2486 1805 2551 1871 τῇ
2585 1802 2680 1855 τοῦ
2710 1803 3087 1872 πνευματικοῦ
3121 1805 3287 1875 νόμου
3310 1804 3648 1877 δικαιοσύνῃ,
3672 1806 3740 1872 τῇ
3778 1803 3962 1873 ὕπερ-

666 1896 928 1965 scriptam
948 1898 1181 1952 multum
1221 1909 1471 1967 superat,
1500 1907 1653 1954 tanta
1684 1909 1771 1955 est
1820 1900 2021 1956 divinae
2070 1900 2261 1970 gratia:

2364 1895 2638 1967 ϐαλλούσῃ
2662 1897 2759 1966 τὴν
2788 1895 2882 1949 τοῦ
2926 1897 3157 1966 φυσικοῦ
3180 1914 3240 1950 τε
3281 1898 3377 1950 καὶ
3402 1896 3496 1950 τοῦ
3521 1896 3793 1966 γραπτοῦ,
3828 1913 3963 1950 τοσ-

669 1987 796 2056 (qua
832 1988 957 2057 quis
979 1987 1237 2059 dignatus
1260 1988 1447 2060 fuerit)
1480 1992 1744 2061 potentia,
1771 2000 1830 2046 ut
1856 2006 1963 2044 non
1991 1991 2141 2048 solas
2162 2006 2259 2045 na-

666 2086 803 2129 tura:
843 2079 1155 2145 passiones,
1184 2078 1281 2133 sed
1336 2078 1509 2147 ipsam
1556 2094 1778 2149 quoque
1828 2086 2087 2133 naturam
2135 2078 2260 2132 vin-

666 2174 778 2219 cat.

740 2291 902 2361 lmpii
929 2295 1189 2349 radicitus
1219 2295 1283 2350 de
1312 2305 1456 2350 terra
1503 2295 1767 2364 peribunt.
1805 2295 1910 2362 Qui
1942 2295 2115 2349 Deum
2165 2310 2262 2366 per

669 2400 840 2455 Opera
880 2402 990 2442 non
1040 2387 1339 2453 honorant,
1386 2399 1563 2444 morte
1593 2389 1661 2443 de
1700 2397 1848 2444 terra
1878 2390 2257 2455 destruentur,

666 2494 792 2532 cum
829 2478 945 2545 illo,
979 2480 1047 2534 ad
1082 2488 1305 2536 terrena
1345 2492 1617 2552 respectu.
1644 2485 1749 2539 sub
1783 2499 1894 2553 quo
1932 2485 2127 2537 animae
2147 2492 2298 2540 sum“

668 2574 926 2641 perituris
952 2575 1117 2630 rebus
1152 2577 1222 2629 ita
1253 2584 1381 2629 sunt
1412 2576 1605 2641 aﬂixze,
1642 2586 1697 2631 ut
1743 2579 1886 2633 inter
1919 2577 2262 2648 incorrttpti-
2296 2626 2315 2643 ,

667 2664 797 2718 bilia
830 2666 1010 2720 nolint
1043 2668 1355 2722 transferri.

732 2887 987 2941 Domibus
1038 2888 1313 2955 jnstorum
1366 2889 1631 2958 fortitudo
1692 2890 1881 2943 multa.
1918 2888 2261 2959 Corporibus

662 2996 878 3047 eorum,
914 2982 1007 3052 qtti
1035 2981 1220 3036 divina
1254 2982 1510 3037 mandata
1568 2982 1890 3037 custodiunt
1924 2974 2051 3055 (ips‘i
2110 2984 2260 3039 enim

665 3074 718 3126 in
753 3073 839 3127 bis
890 3074 1221 3143 corporibus
1265 3074 1333 3127 ad
1376 3083 1609 3128 mortem
1648 3089 1844 3143 usque,
1894 3084 2156 3145 tanquam
2203 3076 2259 3130 in

663 3166 943 3231 domibus,
977 3167 1354 3236 permanent),
1377 3155 1538 3221 tanta
1574 3167 1716 3222 inest
1752 3167 1928 3222 virtus
1972 3183 2070 3238 per
2117 3167 2260 3223 divi-

665 3275 789 3313 nam
831 3262 1087 3327 gratiam,
1120 3271 1178 3314 nt
1241 3261 1488 3315 obtectas
1552 3262 1605 3314 in
1653 3276 1712 3317 se
1772 3260 2083 3331 passiones,
2130 3270 2258 3317 actu

663 3351 999 3407 tnortilicent
1028 3362 1082 3409 et
1106 3354 1339 3410 virtutes
1370 3355 1666 3410 extollant.

735 3475 970 3531 Fructus
1002 3479 1289 3548 impiorum
1324 3480 1591 3547 peribunt.
1626 3480 1802 3550 Opera
1835 3496 2051 3547 eorum,
2074 3481 2258 3551 —-qtti

664 3568 856 3635 Deum,
896 3585 993 3638 per
1024 3573 1192 3626 vitam
1237 3572 1435 3628 virtute
1493 3574 1790 3643 integram,
1818 3590 1926 3628 non
1959 3574 2256 3640 honorant,

661 3692 731 3703 —-
760 3661 826 3715 ad
860 3662 1093 3715 nihilum
1140 3663 1392 3727 abibunt,
1430 3663 1658 3733 perinde
1701 3676 1764 3721 ac
1798 3666 1968 3721 relate
2020 3669 2087 3720 ad
2143 3662 2261 3722 sola

661 3756 1045 3826 corruptibilia
1083 3767 1271 3813 essent
1300 3757 1521 3813 eﬂ'ecta.

736 3885 901 3942 Vens.
929 3888 977 3941 7.
1009 3886 1172 3940 Labia
1207 3889 1528 3953 sapientium
1560 3890 1740 3943 sensui
1769 3890 2093 3957 alligantur.
2126 3888 2262 3945 Ver-

664 3980 727 4031 ba
793 3980 1127 4047 sapientium
1173 3980 1461 4048 jndicandi
1498 3980 1758 4036 facultate
1808 3990 2258 4039 connectuntur:

662 4072 752 4123 ubi
788 4083 1024 4140 Oportet,
1064 4080 1117 4127 et
1152 4073 1375 4143 quando
1423 4085 1479 4129 et
1517 4077 1797 4145 quomodo
1852 4083 2093 4146 opmtet,
2127 4090 2261 4147 pro-

664 4162 936 4217 feruntur.

734 4289 842 4345 Cor
869 4294 1161 4345 amentium
1193 4312 1300 4349 non
1345 4304 1423 4349 est
1452 4313 1717 4351 securum.
1754 4298 1949 4352 Anima
1985 4298 2259 4369 insipien-

661 4385 821 4443 tium.
858 4385 911 4438 in
971 4386 1172 4443 timore
1204 4386 1423 4442 Domini
1478 4405 1585 4444 non
1651 4390 1966 4446 custoditur
1998 4391 2068 4446 ab
2124 4392 2259 4457 illis,

664 4492 787 4545 qua:
817 4486 1013 4530 contra
1046 4478 1321 4535 rationem
1361 4491 1514 4545 sunt,
1539 4481 1791 4551 iudiciis.
1873 4528 1879 4536 .

740 4600 904 4656 Vens.
925 4602 978 4655 8.
1014 4602 1302 4671 Sacriﬁcia
1334 4606 1617 4673 impiorum
1648 4607 1979 4662 abominatio
2013 4608 2257 4665 Domino.

663 4694 889 4766 A‘njicit,
925 4710 1109 4747 rerum
1141 4697 1388 4750 omnium
1427 4698 1714 4764 Dominus,
1747 4701 1893 4755 dona
1936 4702 2038 4771 ipsi
2077 4701 2261 4756 oblata

662 4790 731 4841 ab
786 4785 1127 4851 hominibus.
1160 4790 1254 4858 qui
1303 4790 1456 4857 prius
1493 4805 1620 4845 cum
1666 4793 1918 4863 patribus
1978 4807 2087 4848 non
2131 4801 2264 4848 sunt

665 4880 1005 4936 reconciliati
1031 4889 1087 4937 et
1112 4896 1209 4953 per
1246 4881 1579 4939 cltaritatcm
1615 4887 1669 4940 in
1705 4902 1804 4942 eos
1852 4890 2001 4958 (qua:
2031 4896 2115 4943 est
2146 4887 2265 4960 ple-

664 4976 857 5029 nitudo
910 4976 1047 5046 legis
1097 4986 1150 5031 et
1182 4976 1638 5048 prophetarum),
1682 4983 2092 5037 venerationem
2158 4982 2263 5053 ipsi

662 5087 771 5125 non
805 5072 1145 5127 tribuerunt.

738 5181 951 5247 Preces,
976 5183 1516 5251 recteincedcntium,
1545 5197 1771 5254 accepta:
1814 5187 1956 5254 apud
1988 5202 2128 5240 eum.
2156 5183 2262 5241 De-

662 5277 1013 5347 precationes
1045 5294 1235 5332 eorum
1265 5279 1515 5345 exaudit,
1548 5283 1644 5351 qui
1673 5284 1841 5336 vitam
1869 5297 2028 5337 suam
2064 5295 2265 5335 secun-

659 5376 792 5426 dum
832 5373 1021 5427 divina
1056 5375 1315 5429 mandata
1349 5377 1622 5447 dirigunt.

736 5480 902 5537 Vens.
932 5482 993 5551 _9.
1027 5482 1372 5538 Abominatio
1411 5484 1660 5549 Domino,
1688 5489 1784 5541 via:
1816 5489 2012 5556 impiw.
2046 5488 2266 5545 Odiosa:

662 5586 794 5628 sunt
828 5592 1012 5631 rerum
1054 5588 1389 5634 cunctarum
1426 5578 1689 5643 Domino,
1730 5590 1994 5652 tanquam
2030 5585 2265 5639 manda-

663 5666 734 5722 tis
757 5669 878 5738 ejus
915 5674 1201 5743 oppositzn,
1234 5687 1431 5728 omnes
1461 5672 1564 5727 illa:
1593 5670 1659 5725 ad
1697 5673 1862 5756 vitam
1901 5675 2264 5744 pertinentes.

664 5765 1230 5828 industria:Jnominis
1270 5766 1563 5837 istins,qui
1604 5766 1770 5820 "cum
1808 5782 1900 5836 per
1936 5765 2075 5820 bona
2101 5780 2268 5835 opera

664 5872 771 5911 tum
817 5859 1069 5913 honorat.

2362 1987 2501 2057 αύτη
2537 1989 2687 2057 παρὰ
2718 1987 2818 2053 τῆς
2860 1988 3010 2053 θείας
3065 1990 3286 2060 χάριτος
3319 1989 3398 2059 τῷ
3433 1988 3641 2059 ταύτης
3670 1987 3965 2052 ἀξιωθέντι

2360 2080 2613 2150 δύναμις,
2655 2079 2796 2134 ὥστε
2836 2083 2910 2151 μὴ
2945 2081 3104 2150 μόνον
3141 2082 3207 2134 τὰ
3236 2080 3387 2153 παρὰ
3430 2080 3593 2149 φύσιν
3619 2079 3794 2151 πάθη,
3824 2079 3967 2135 ἀλλὰ

2362 2174 2458 2227 καὶ
2491 2174 2662 2245 αὐτὴν
2696 2174 2794 2243 τὴν
2839 2174 3001 2243 φύσιν
3031 2176 3211 2246 νικᾷν.

2436 2305 2501 2357 Ol
2524 2303 2594 2356 δὲ
2631 2303 2871 2370 ἀσεϐεῖς
2925 2302 3214 2373 ὁλόρῤιζοι
3239 2304 3306 2358 ἐκ
3330 2302 3445 2374 γῆς
3475 2303 3782 2358 ὀλοῦνται.
3817 2305 3882 2357 Οἱ
3907 2304 3968 2357 δὲ

2365 2393 2441 2463 μὴ
2487 2393 2553 2446 δι’
2579 2395 2945 2467 ἀγαθοεργίας
2986 2396 3255 2465 τιμῶντες
3286 2395 3441 2459 Θεὸν,
3474 2394 3960 2466 ἐξολοθρευθήσον-

2361 2503 2451 2539 ται
2481 2484 2560 2556 τῷ
2589 2485 2806 2555 θανάτῳ
2839 2488 2903 2540 ἐκ
2936 2488 3036 2557 τῆς
3069 2489 3193 2559 γῆς,
3232 2488 3370 2557 μετὰ
3401 2491 3500 2559 τῆς
3533 2490 3663 2559 περὶ
3696 2489 3764 2540 τὰ
3796 2490 3967 2558 γήῑνα

2366 2578 2605 2649 σχέσεως
2631 2598 2644 2611 ο
2675 2580 2795 2633 καθ’
2829 2583 2894 2650 ἥν
2921 2581 2978 2634 αί
3013 2580 3218 2634 τούτων
3249 2581 3438 2649 ψυχαὶ,
3481 2582 3610 2650 περὶ
3639 2581 3708 2633 τὰ
3742 2580 3969 2651 φθαρτὰ

2364 2672 2756 2740 παγιωθεϊσαι,
2796 2674 2933 2745 πρὸς
2968 2673 3035 2726 τὰ
3082 2674 3339 2745 ἄφθαρτα
3376 2673 3854 2744 μεταφυτευθῆναι
3899 2672 3965 2725 οὐ

2366 2762 2668 2833 βούλονται.

2428 2893 2629 2960 Οῖκοις
2662 2892 2909 2947 δικαίων
2952 2892 3124 2961 ἰσχὺς
3174 2892 3397 2958 πολλή.
3443 2893 3531 2947 Ἑν
3565 2894 3678 2954 τοῖς
3717 2891 3826 2944 τῶν
3863 2890 3969 2955 τὰς

2364 2987 2511 3050 θείας
2560 2985 2780 3048 ἐντολὰς
2815 2984 3203 3056 ἐργαζομένων
3244 2984 3515 3055 σώμασιν,
3544 2980 3626 3047 οἷς
3659 2979 3832 3049 οὗτοι,
3869 2980 3972 3039 οἷά

2362 3095 2505 3132 τισιν
2524 3077 2716 3141 οἴκοις.
2746 3078 2909 3148 μέχρι
2928 3076 3162 3130 θανάτου
3187 3077 3590 3147 παραμένουσι,
3615 3076 3785 3146 πολλὴ
3810 3077 3971 3147 παρὰ

2291 3198 2335 3257 c
2367 3169 2465 3238 τῆς
2498 3167 2651 3231 θείας
2686 3168 2910 3238 χάριτος
2939 3167 3171 3237 δύναμις
3192 3183 3204 3195 ·
3229 3166 3369 3219 ὥστε
3395 3166 3463 3219 τὰ
3488 3169 3547 3219 ἐν
3568 3168 3755 3228 αὐτοῖς
3784 3169 3974 3237 ἐμφω-

2370 3262 2595 3315 λεύοντα
2660 3259 2809 3331 πάθη
2863 3260 3004 3313 κατὰ
3053 3258 3253 3329 πρᾶξιν
3298 3259 3662 3330 ἀπονεκροῦν,
3712 3259 3808 3312 καὶ
3864 3260 3970 3324 τὰς

2363 3354 2566 3426 ἀρετὰς
2602 3353 2855 3423 ὑφιστᾷν.

2436 3480 2662 3548 Καρποὶ
2696 3479 2765 3532 δὲ
2794 3478 3034 3534 ἀσεϐῶν
3055 3477 3449 3533 ἀπολοῦνται.
3487 3480 3569 3533 Τὰ
3597 3479 3654 3531 δὲ
3685 3479 3824 3549 ἔργα
3858 3478 3972 3531 τῶν

2367 3574 2442 3645 μὴ
2471 3574 2538 3626 δι’
2566 3573 2823 3642 ἐναρέτου
2854 3571 2969 3641 βίου
2999 3570 3287 3640 τιμώντων
3336 3570 3856 3641 Θεὸν,χωρήσουσι.ν
3885 3571 3969 3634 είς

2364 3668 2537 3731 οὐδὲν,
2575 3666 2649 3729 ὡς
2677 3666 2806 3736 περὶ
2837 3664 2903 3718 τὰ
2931 3663 3149 3735 φθαρτὰ
3183 3664 3322 3734 μόνα
3352 3664 3786 3733 καταγινόμενα.

2438 3886 2504 3951 ζ’.
2538 3886 2721 3952 Χείλη
2763 3884 2830 3937 δὲ
2862 3883 3074 3953 σοφῶν
3098 3884 3333 3938 δέδεται
3372 3884 3679 3953 αισθήσει.
3715 3883 3778 3938 Οἱ
3820 3883 3973 3952 λόγοι

2364 3978 2474 4033 τῶν
2505 3978 2687 4047 σοφῶν
2726 3977 3057 4043 δεσμοῦνται
3121 3982 3187 4048 τῇ
3238 3978 3538 4048 διακρίσει,
3568 3979 3703 4031 ὅπου
3747 3978 3851 4043 δεῖ,
3879 3982 3978 4031 καὶ

2366 4072 2479 4137 ὅτε,
2510 4070 2606 4125 καὶ
2634 4070 2710 4134 ὡς
2738 4069 2819 4123 δεῖ
2848 4070 3276 4142 προφερόμενοι.

2437 4292 2665 4361 Καρδία
2695 4292 2765 4346 δὲ
2797 4293 3099 4362 ἀφρόνων,
3133 4294 3245 4345 οὐκ
3270 4290 3581 4360 ἀσφαλής.
3631 4289 3699 4344 Ἦ
3736 4290 3886 4361 ψυχὴ
3917 4292 3977 4345 δὲ

2366 4385 2475 4440 τῶν
2504 4387 2751 4457 ἀνοήτων
2791 4385 2852 4437 οὐ
2896 4385 3243 4453 πεφύλακται
3273 4386 3333 4436 ἐν
3364 4383 3497 4454 θείῳ
3522 4382 3696 4453 φόϐῳ,
3731 4384 3844 4437 ἀπὸ
3869 4383 3979 4436 τῶν

2369 4468 2707 4548 παραλόγων
2728 4477 3153 4548 ἐνθυμημάτων.

2440 4612 2510 4677 η’.
2547 4606 2763 4661 Θυσίαι
2789 4605 2870 4659 da
2891 4603 3048 4668 θεῶν,
3068 4603 3387 4674 βδέλυγμα
3410 4605 3627 4674 ΚυρΙῳ.
3675 4605 3980 4674 Ἀποστρέ-

2369 4718 2529 4769 ᾳεται
2564 4700 2591 4752 ὁ
2620 4699 2729 4752 τῶν
2766 4698 2907 4751 ὅλων
2943 4697 3224 4764 Δεσπότης
3258 4696 3329 4748 τὰ
3377 4698 3777 4766 προσαγόμενα
3826 4698 3982 4768 αὐτῷ

2366 4791 2515 4862 δῶρα
2555 4790 2708 4863 παρὰ
2737 4789 2850 4844 τῶν
2896 4788 2973 4860 μὴ
3019 4788 3289 4859 πρότερον
3342 4788 3830 4859 διαλλαττομὲνων
3864 4795 3982 4853 τοῖς

2367 4884 2645 4953 άδελιροῖς,
2676 4883 2771 4936 καὶ
2802 4883 2892 4936 διὰ
2923 4882 3025 4953 τῆς
3063 4884 3144 4946 εἰς
3175 4882 3375 4946 αὐτοὺς
3402 4882 3630 4952 ἀγάπης
3662 4883 3809 4953 (ἥτις
3861 4886 3984 4937 ἐστὶ

2368 4979 2647 5051 πλήρωμα
2671 4978 2836 5047 νόμου
2868 4976 2962 5030 καὶ
2996 4974 3316 5046 προφητῶν)
3351 4977 3410 5029 τὸ
3469 4974 3638 5038 σέϐας
3665 4976 3985 5046 ἁπονεμόν-

2368 5090 2475 5125 των
2515 5070 2685 5142 αύτῷ.

2442 5184 2633 5255 Εὺχαὶ
2676 5183 2745 5237 δὲ
2800 5183 3299 5237 κατευθυνόντων
3355 5178 3558 5234 δεκται
3614 5180 3756 5250 παρ’
3793 5181 3984 5249 αὐτῷ.

2370 5277 2739 5347 Προσδέχεται
2766 5276 2825 5329 δὲ
2846 5274 2948 5339 τὰς
2973 5273 3247 5340 ἐντεύξεις
3275 5272 3386 5327 τῶν
3407 5272 3554 5326 κατὰ
3576 5273 3680 5337 τὰς
3709 5273 3868 5340 θείας
3894 5277 3986 5332 αὖ·

2368 5370 2463 5425 τοῦ
2500 5370 2721 5433 ἐντολὰς
2752 5368 3196 5423 κατευθυνόντων
3224 5367 3325 5439 τὴν
3358 5365 3572 5421 ἑαυτῶν
3605 5365 3823 5438 βιοτήν.

2442 5480 2507 5534 θ’.
2544 5478 2864 5548 Βδέλυγμα
2889 5479 3101 5547 Κυρίῳ,
3137 5476 3263 5533 ὁδοὶ
3292 5476 3578 5542 ἀσεϐοῦς.
3610 5477 3847 5548 Μισητά
3880 5480 3984 5531 εἰσι

2372 5572 2448 5643 τῷ
2494 5572 2591 5626 τοῦ
2628 5570 2831 5633 παντὸς
2876 5570 3147 5641 Asander},
3194 5570 3272 5633 ὡς
3321 5570 3456 5641 παρ’
3505 5568 3737 5641 ἐντολὴν
3787 5571 3985 5624 τούτου

2373 5667 2714 5737 ὑπάρχοντα,
2761 5664 2830 5718 τὰ
2864 5664 3008 5718 κατὰ
3053 5664 3169 5734 βίον
3210 5662 3628 5735 ἐπιτηδεύματα
3674 5663 3777 5719 τοῦ
3814 5664 3892 5738 μὴ
3919 5664 3984 5719 δι’

2374 5761 2597 5832 ἀγαθῶν
2627 5760 2806 5832 ἔργων
2838 5759 3110 5831 τιμῶντος
3138 5758 3323 5814 αὐτόν.
