4220 6462
731 356 866 417 1375

2027 355 2374 414 PROCOPII
2407 355 2645 413 GAZJSI

3847 346 3992 409 1376

729 466 896 517 mala.
932 465 1034 516 Per
1065 479 1280 517 omnem
1331 465 1518 526 vitam,
1552 464 1695 518 oculi
1739 477 1931 518 eorum
1983 467 2076 533 qui
2116 475 2272 519 contr

2410 465 2848 532 προσδέχονται
2878 463 3051 517 κακά.
3081 463 3236 532 Παρά
3263 463 3442 514 πᾶσαν
3468 460 3564 528 τὴν
3588 459 3753 526 ζωὴν,
3786 459 3853 508 τά
3881 459 3983 524 ομ-

729 557 992 607 rationcm
1026 561 1211 622 agunt,
1246 555 1363 608 suis
1395 554 1608 609 actibus
1643 563 2060 608 consentaneam
2086 570 2298 623 poenam

729 647 1020 712 recipiunt,
1058 645 1344 713 strepitum
1375 645 1790 713 sempiternum.

798 835 932 887 Boni
980 846 1155 889 autem
1194 852 1395 904 semper
1420 839 1765 902 requiescunt.
1790 835 1894 902 Qui
1929 836 2065 891 bene
2109 845 2300 906 agunt,

724 927 1104 996 imperturbati
1136 943 1362 997 prorsus
1388 936 1577 983 erunt.

797 1035 955 1090 Vens.
990 1037 1076 1090 16.
1109 1036 1299 1089 Melior
1332 1045 1410 1091 est
1447 1053 1571 1104 pars
1605 1037 1777 1089 minor
1815 1053 1932 1089 cum
1975 1037 2161 1088 timore
2194 1034 2302 1088 Do-

721 1125 869 1177 mini.
927 1126 1212 1181 Pulchrior
1255 1137 1338 1181 est
1403 1128 1537 1182 levis
1589 1143 1753 1196 opum
1810 1129 1987 1197 portio
2015 1143 2140 1182 cum
2192 1129 2300 1185 Do-

721 1216 852 1268 mini
885 1217 1078 1280 timore
1106 1218 1200 1285 qui
1231 1218 1539 1271 necessaria
1569 1219 1842 1284 concedit,
1881 1227 1935 1273 et
1986 1221 2296 1290 cupidinem

721 1307 978 1371 habendi,
1011 1323 1039 1360 a
1072 1317 1250 1362 mente
1283 1309 1527 1362 dimittit.

787 1414 959 1478 Quam
1001 1416 1236 1468 thesauri
1269 1419 1448 1485 magni
1483 1415 1677 1484 absque
1707 1417 1912 1470 timore.
1947 1417 2146 1471 Contra
2179 1433 2295 1484 eos,

716 1506 806 1571 qui
846 1503 1055 1556 ditandi
1082 1513 1133 1557 et
1167 1505 1443 1558 dividendi
1475 1505 1772 1574 cupiditate
1825 1506 2000 1572 (nullo
2041 1509 2200 1561 modo
2229 1510 2298 1562 ti-

716 1592 854 1645 mori
891 1592 1104 1644 Domini
1154 1576 1474 1661 submissa),
1542 1596 1743 1650 multos
1796 1605 1850 1650 et
1903 1613 2130 1668 magnos
2155 1615 2292 1653 con-

714 1683 936 1734 trahunt
966 1683 1272 1745 thesauros,
1326 1686 1608 1737 materiam
1642 1686 1780 1756 ignis
1805 1687 2290 1757 inexstinguibilis.

786 1791 946 1844 Vens.
987 1793 1071 1844 17.
1109 1790 1300 1845 Melius
1327 1801 1402 1844 est
1429 1793 1713 1860 hospitium
1736 1795 1938 1847 olerum
1995 1812 2111 1849 cum
2155 1801 2292 1852 ami-
2327 1809 2366 1863 Β

708 1885 835 1936 citia
860 1895 905 1936 et
939 1887 1132 1954 gratia.
1186 1884 1477 1939 Pulehrius
1503 1894 1556 1940 et
1606 1886 1992 1942 dumicaanium
2042 1892 2294 1960 simplex,

709 1978 856 2031 olera
887 1979 998 2030 sola
1031 1978 1227 2046 hospiti
1283 1995 1383 2032 suo
1431 1981 1481 2030 in
1534 1980 1716 2033 cibum
1766 1982 2036 2050 apposita,
2071 1981 2206 2038 adeo
2237 1996 2295 2041 ut

709 2070 810 2137 ipsi
835 2069 945 2122 sint
983 2078 1136 2138 grata
1162 2079 1214 2121 et
1239 2084 1479 2122 amorem
1517 2070 1833 2124 concilient.

775 2269 948 2333 Quam
983 2271 1176 2323 vitulus
1204 2288 1236 2324 a
1265 2273 1484 2338 pra'sepi
1523 2289 1640 2324 cum
1667 2274 1808 2328 odio.
1857 2274 2028 2338 Quam
2086 2278 2290 2333 vitulus

705 2363 1045 2426 saginatusa
1109 2362 1334 2430 przesepi
1400 2378 1524 2415 cum
1582 2362 1728 2424 odio,
1783 2363 1834 2416 id
1892 2374 1993 2426 est,
2040 2364 2291 2434 ﬁngentis

701 2447 926 2498 omnino
962 2462 1224 2508 amorem,
1268 2457 1322 2501 ut
1362 2449 1578 2503 occulte
1619 2451 1795 2503 inviso
1851 2451 2053 2521 hospiti
2116 2447 2331 2522 quod?

699 2537 822 2590 dam
855 2538 1243 2592 detrimentum
1283 2540 1506 2593 inferat.

773 2643 936 2700 Vens.
977 2645 1061 2700 18.
1130 2646 1220 2698 Vir
1259 2649 1556 2702 iracundus
1582 2655 1852 2715 prwpat'at
1895 2665 2148 2720 pugnam.
2182 2651 2286 2718 Qui

697 2739 804 2792 cito
841 2739 890 2791 in
943 2740 1077 2792 iram
1128 2751 1380 2794 movetur
1416 2743 1740 2812 plerumque
1791 2759 2002 2814 pugnas
2065 2744 2120 2796 in
2168 2745 2284 2798 ani-

698 2831 893 2884 mahus
931 2832 1197 2886 incendit.

767 2940 1106 3011 Longanimis
1131 2951 1303 2995 autent
1329 2952 1377 2995 et
1395 2944 1734 2996 exoriendam
1754 2944 1922 2999 sedat.
1943 2944 2042 3011 Qui
2073 2946 2284 3002 ratiOne

695 3032 829 3086 iram
868 3035 1131 3095 dominat,
1169 3044 1220 3088 et
1251 3048 1412 3102 quam
1447 3035 1745 3090 iracundus
1787 3037 1840 3089 in
1879 3037 1998 3105 ipso
2053 3037 2278 3106 jamjam

2413 573 2563 623 ματα
2621 556 2729 608 τῶν
2771 555 2838 607 τά
2880 555 3165 625 παράλογα
3207 551 3682 621 διαπραττομένων
3713 548 3988 616 τιμωρίαν

2404 647 2670 712 ἀνάλογον
2721 649 2840 708 ταῖς
2889 645 3165 707 τοιαύταις
3219 643 3526 710 ἐκδέχονται
3579 639 3842 710 πράξεσιν
3896 639 3987 690 διὰ

2405 737 2604 797 παντὸς
2637 736 3029 806 θορυϐούμενα.

2479 848 2540 896 Οἱ
2572 844 2636 895 δὲ
2666 844 2873 911 ἀγαθοὶ
2910 842 3280 910 ἡσυχάζουσι
3305 841 3653 902 διαπαντός.
3685 839 3748 889 Οἱ
3771 837 3816 889 δ’
3844 837 3984 903 ἀγα-

2405 932 2774 1000 θοεργοῦντες,
2807 933 3074 1001 άτάραχοι
3111 931 3177 984 δι’
3207 932 3329 983 ὅλου
3359 930 3737 998 τυγχάνουσιν.

2478 1039 2570 1104 ις’.
2605 1041 2918 1107 Κρείσσων
2944 1040 3127 1108 μικρὰ
3151 1040 3320 1108 μερὶς
3347 1038 3496 1106 μετὰ
3521 1039 3710 1105 φόϐου
3735 1036 3983 1102 Κυρίου.

2407 1130 2658 1184 Καλλίων
2710 1131 2826 1181 ἐστὶ
2867 1129 3095 1199 βραχεῖα
3150 1130 3448 1199 χρημάτων
3495 1129 3793 1196 ἀπόμοιρα,
3844 1127 3986 1194 μετὰ

2403 1221 2548 1274 θείου
2571 1222 2759 1290 φόϐου,
2806 1221 3215 1290 συγχωροῦντος
3254 1223 3350 1290 μὲν
3381 1221 3440 1272 τὸ
3474 1219 3753 1289 χρειῶδες,
3791 1217 3891 1287 τὴν
3929 1217 3986 1268 δὲ

2402 1315 2809 1382 φιλοχρήματον
2839 1314 3258 1374 ἀναστέλλοντος
3296 1311 3541 1380 γνώμην.

2471 1424 2538 1475 Ἦ
2569 1421 2860 1489 θησαυροί
2891 1420 3133 1490 μεγάλοι
3156 1422 3304 1488 μετὰ
3331 1420 3606 1488 ἀφοϐίας.
3655 1417 3826 1487 ’Υπὲρ
3856 1415 3988 1477 τοὺς

2401 1513 2759 1583 πλεονεκτικῇ
2791 1513 3086 1581 ἴδιαιρέσει,
3121 1515 3213 1565 καὶ
3263 1514 3337 1582 μὴ
3387 1509 3789 1580 συστελλομένη
3833 1507 3990 1576 φόϐῳ

2399 1604 2556 1666 Θεοῦ,
2586 1604 2987 1672 συναγομένους
3025 1603 3461 1666 πολυταλάντους
3486 1601 3818 1672 θησαυροὺς,
3849 1597 3988 1668 ὓλην

2401 1697 2494 1750 τοῦ
2532 1698 2802 1766 μηδέποτε
2833 1697 3196 1765 σϐεννυμένου
3223 1695 3415 1765 πυρός.

2470 1805 2554 1869 ιζ’.
2590 1806 2904 1872 Κρει’σσων
2942 1805 3231 1871 ξενισμὸς
3273 1800 3560 1870 λαχάνων
3590 1798 3740 1866 πρὸς
3769 1800 3989 1866 φιλίαν

2401 1896 2495 1948 καὶ
2532 1895 2728 1962 χάριν.
2757 1895 2876 1946 Ἔτι
2901 1911 2959 1946 τε
2984 1893 3222 1946 καλλίων
3247 1893 3396 1942 ἐστὶν
3419 1888 3643 1955 εὐτελὴς
3662 1887 3868 1947 δίαιτα,
3898 1885 3993 1935 λά·

2399 2002 2537 2054 χανα
2569 1985 2702 2053 μόνα
2734 1986 2812 2046 εἰς
2855 1983 3098 2036 ἑστίασιν
3150 1982 3299 2044 ξένου
3335 1979 3486 2049 παρά
3533 1995 3678 2039 τινος
3726 1975 3990 2047 προτιθέ-

2400 2093 2556 2144 μενα,
2591 2075 2731 2127 ὥστε
2761 2075 2936 2144 τούτῳ
2962 2072 3292 2144 χαρίσασθαι
3313 2073 3406 2124 καὶ
3428 2071 3526 2140 τὴν
3561 2069 3783 2138 ἀγάπην
3817 2066 3988 2121 αὑτοῦ

2397 2165 2722 2234 κτήσασθαι.

2471 2274 2796 2342 Ἠμόσχος
2821 2273 2939 2326 ἀπὸ
2965 2273 3198 2341 φάτνης
3222 2273 3373 2342 μετὰ
3398 2272 3638 2338 ἔχθρας.
3675 2269 3746 2321 Ἣ
3779 2269 3988 2338 μόσχος

2396 2368 2637 2429 σιτευτὸς
2669 2367 2777 2420 ἀπὸ
2805 2367 3012 2436 φάτνης
3036 2367 3174 2434 μετά
3200 2365 3393 2434 μίσους
3418 2363 3511 2414 τοῦ
3543 2362 3986 2430 ὑποκρινομένου

2392 2459 2610 2522 πάντως
2640 2460 2881 2527 ἀγάπην,
2915 2459 3050 2528 πρὸς
3075 2458 3136 2509 τὸ
3159 2456 3364 2526 βλάϐην
3389 2455 3512 2508 τινὰ
3540 2453 3617 2523 τῷ
3660 2453 3984 2523 μισουμένῳ

2392 2547 2694 2614 λεληθότως
2729 2550 3072 2614 ἐπενεγκεῖν.

2462 2663 2550 2726 ιη’.
2593 2657 2763 2724 Ἀνὴρ
2790 2655 3066 2725 θυμώδης
3130 2653 3568 2723 παρασκευάζει
3589 2653 3817 2720 μάχην.
3853 2654 3982 2704 Ἀνο

2389 2747 2609 2817 θρωπος
2647 2747 2814 2812 ὀξέως
2864 2749 3184 2817 κινούμενος
3227 2747 3358 2816 πρὸς
3416 2746 3612 2816 θυμὸν,
3667 2742 3984 2799 ὗπανάπτει

2393 2842 2573 2910 μάχας
2602 2843 2720 2902 ταῖς
2749 2840 2947 2910 ψυχαῖς
2977 2840 3087 2891 τῶν
3119 2839 3353 2894 πολλῶν.

2458 2951 2850 3018 Μακρόθυμος
2885 2950 2952 3002 δὲ
2985 2950 3082 3002 καὶ
3109 2949 3222 3017 τὴν
3245 2949 3605 3018 μέλλουσαν
3630 2951 3975 3016 καταπραῦ·

2385 3057 2495 3096 νει.
2543 3043 2600 3092 Ὀ
2629 3041 2683 3093 δὲ
2714 3040 2859 3110 λόγῳ
2891 3041 3108 3111 κρατῶν
3136 3044 3229 3092 τοῦ
3266 3040 3463 3110 Θυμοῦ,
3497 3041 3593 3092 καὶ
3625 3041 3693 3109 ἣν
3739 3043 3764 3092 ὁ
3793 3040 3987 3108 Θυμώ-

693 3126 970 3188 excitavit,
1025 3141 1286 3195 pugnam,
1337 3125 1507 3191 sistit,
1545 3127 1802 3196 illiusque
1843 3127 1978 3182 iram
2046 3144 2144 3183 sua
2188 3145 2276 3198 pa-

2387 3131 2482 3200 δης
2523 3131 2706 3199 μέλλει
2737 3135 2794 3184 ἐν
2830 3133 3007 3202 τούτῳ
3037 3133 3304 3202 διεγεῖραι
3341 3132 3546 3200 μάχην,
3590 3131 3981 3196 καταστέλλει,

696 3215 881 3270 tientia
913 3214 1204 3270 demulcet.

769 3421 930 3474 Vens.
955 3419 1038 3474 19.
1069 3419 1162 3474 Vir
1179 3421 1496 3490 longanimis
1518 3423 1812 3492 exstinguat
1831 3424 2023 3492 ignem.
2045 3424 2146 3488 Qui
2183 3439 2275 3494 po-

689 3525 809 3567 tcns
839 3522 918 3568 est
954 3513 1066 3576 iraa,
1096 3521 1149 3568 et
1171 3515 1400 3570 viriliter
1423 3512 1698 3577 dolorosa,
1734 3515 1803 3568 ab
1833 3516 1940 3568 alio
1971 3517 2072 3570 sibi
2105 3515 2274 3581 illata,

689 3608 947 3662 sustinet.
982 3605 1357 3661 dissensiones
1408 3622 1531 3662 cum
1559 3621 1623 3661 eo
1661 3607 1904 3672 dirimit;
1959 3609 2277 3664 adamanter

687 3696 838 3750 illum
874 3695 1008 3750 adiit
1041 3707 1094 3750 et
1123 3697 1188 3750 ad
1227 3698 1488 3766 paciﬁcas
1531 3697 1813 3767 pactiones
1848 3701 2016 3754 venit.

757 3900 964 3966 Impius
997 3911 1173 3952 autem
1229 3900 1430 3951 excitat
1481 3901 1669 3969 magis.
1747 3899 1882 3953 Cum
1958 3901 2271 3954 mandatum

685 3993 986 4046 charitates
1014 4006 1119 4044 non
1152 3991 1453 4055 custodiat,
1495 3989 1661 4044 Deum
1703 4005 1810 4044 non
1851 3992 2102 4053 honoret,
2155 4007 2270 4046 ma-

681 4084 766 4154 gis
799 4083 1047 4137 ascendit
1071 4090 1124 4135 et
1149 4096 1380 4150 pugnas,
1414 4083 1537 4150 quia
1575 4083 1950 4137 indesinenter
2006 4083 2269 4149 decertat,

680 4182 734 4227 et
764 4187 917 4226 suam
946 4173 1191 4225 stabilire
1230 4172 1426 4240 qumrit
1454 4172 1807 4226 voluntatem.

763 4279 872 4334 Vim
925 4283 1193 4349 pigrorum
1254 4289 1566 4332 sternuntur
1617 4281 1804 4346 spinis.
1872 4281 2079 4335 Bonum
2158 4298 2267 4337 non

678 4371 1058 4439 operantibus,
1106 4372 1231 4422 vitm
1262 4371 1444 4423 exitus
1488 4371 1677 4438 repleti
1710 4378 1838 4424 sunt
1863 4372 2012 4424 curis
2063 4380 2118 4425 et
2173 4388 2270 4426 an-

2385 3228 2450 3293 τῇ
2490 3224 2596 3294 ίδίᾳ
2649 3225 2974 3296 ἀνεξικακίᾳ
3017 3226 3110 3278 καὶ
3154 3226 3246 3277 τὸν
3293 3225 3504 3278 ἐκείνου
3565 3222 3986 3292 καταπραΰνων

2384 3315 2577 3383 θυμόν.

2453 3424 2844 3491 Μακρόθυμος
2895 3423 3053 3491 ἀνὴρ
3087 3421 3448 3476 κατασϐέσει
3485 3421 3625 3490 πῦρ.
3675 3421 3737 3475 '0
3761 3421 3859 3474 τοῦ
3880 3420 3986 3474 θυ-

2383 3514 2484 3584 μοῦ
2533 3514 2990 3578 κατεξουσιάζων,
3040 3515 3139 3568 καὶ
3189 3514 3454 3581 γενναίως
3503 3513 3686 3583 φέρων
3714 3514 3782 3566 τά
3824 3516 3986 3584 παρά

2378 3623 2521 3668 τινος
2543 3607 2864 3676 ὲπαγόμενα
2892 3607 3134 3677 λυπηρά,
3164 3606 3262 3669 τὰς
3293 3605 3410 3675 μετ’
3433 3605 3598 3657 αὑτοῦ
3628 3605 3985 3660 καταπαύσει

2377 3695 2665 3760 διενέξεις,
2720 3696 2998 3765 μετελθὼν
3029 3697 3221 3750 τοῦτον
3272 3697 3486 3767 φιλίως,
3525 3699 3618 3749 καὶ
3653 3699 3734 3760 εἰς
3769 3700 3988 3766 είρηνι-

2379 3788 2478 3850 κάς
2510 3805 2572 3840 συ
2584 3787 2873 3853 μ6ι6άσεις
2909 3788 3103 3842 ἐλθών.

2457 3897 2511 3947 '0
2567 3895 2638 3948 δὲ
2683 3897 2912 3962 ἀσεϐὴς
2953 3897 3152 3964 ἐγείρῃ
3189 3895 3454 3964 μᾶλλον.
3493 3897 3552 3948 '0
3578 3896 3635 3948 δὲ
3681 3896 3766 3951 διὰ
3810 3897 3870 3948 τὸ
3903 3897 3983 3965 μὴ

2373 3989 2562 4058 τηρεῖν
2612 3988 2710 4057 τὴν
2749 3989 2972 4058 ἐντολὴν
3020 3990 3122 4055 τῆς
3166 3988 3410 4057 ἀγάπης,
3452 3987 3586 4040 Θεὸν
3644 3989 3718 4057 μὴ
3771 3988 3978 4057 τιμῶν,

2375 4080 2652 4149 ὑπανάψει
2683 4081 2886 4149 μᾶλλον
2921 4080 3021 4143 τάς
3055 4080 3350 4150 διαμάχας,
3401 4080 3725 4148 φιλονεικῶν
3762 4081 3984 4134 ἀκατά-

2375 4191 2612 4236 παυστα,
2651 4175 2745 4227 καὶ
2781 4173 2978 4242 στῆσαι
3008 4173 3188 4242 ζητῶν
3220 4174 3278 4225 τὸ
3302 4172 3499 4225 ἑαυτοῦ
3527 4173 3761 4242 Θέλημα.

2447 4283 2532 4336 ιϐ’.
2563 4282 2709 4334 Ὀδοὶ
2737 4281 2968 4350 ἀεργὼν
3013 4281 3381 4350 ἐστρωμέναι
3407 4279 3721 4345 ἀκάνθαις.
3753 4279 3877 4331 Τῶν
3904 4282 3981 4350 μὴ

2373 4375 2757 4443 ἐργαζομένων
2809 4374 2868 4426 τὸ
2907 4373 3110 4441 ἀγαθὸν
3152 4375 3209 4425 αἱ
3276 4372 3500 4436 διέξοδοι
3538 4372 3639 4440 τῆς
3692 4371 3843 4441 ζωῆς
3880 4389 3981 4423 πει

677 4462 993 4524 xictatibus,
1036 4478 1157 4530 qua:
1194 4465 1560 4532 undecunque
1604 4479 1722 4530 eos,
1753 4465 2038 4534 spinarum
2094 4481 2264 4526 more,

2382 4466 2736 4536 πληρωμέναι
2763 4467 2872 4518 εἰσὶ
2907 4465 3191 4534 μεριμνῶν
3226 4464 3322 4517 καὶ
3348 4463 3669 4532 φροντίδων,
3704 4465 3982 4531 πανταχόο

675 4556 926 4610 dolenter
962 4564 1227 4625 pungunt.

744 4665 1128 4720 Generosorum
1157 4679 1353 4730 autent,
1396 4669 1601 4736 futiles.
1635 4668 1745 4723 Via:
1774 4670 2019 4733 iortium,
2062 4670 2153 4739 qui
2181 4671 2260 4723 |a~

670 4756 822 4813 horis
861 4775 1004 4815 onus
1029 4777 1124 4813 sua
1158 4764 1362 4816 virtute
1398 4763 1620 4826 toliunt,
1660 4763 1727 4816 ab
1759 4763 1844 4817 his
1880 4765 2138 4818 omnibus
2167 4779 2262 4818 ex-

674 4850 1008 4920 pediuntur;
1061 4854 1112 4906 in
1167 4853 1332 4908 Deum
1382 4857 1527 4909 enim
1567 4857 1744 4909 solum
1789 4871 1941 4909 suam
1986 4867 2260 4927 reponunt

672 4943 1118 4997 sollicitudinem.

743 5052 907 5108 Vens.
938 5054 1026 5108 20.
1059 5053 1230 5108 Filius
1263 5057 1472 5120 sapiens
1505 5057 1745 5121 lwtiﬁcut
1776 5066 2003 5124 patrem.
2037 5056 2192 5122 Quod
2229 5073 2256 5111 a

671 5160 849 5201 mente
877 5157 1064 5200 natum
1090 5157 1192 5212 est,
1233 5149 1363 5202 illud
1394 5150 1504 5202 veri
1537 5157 1591 5201 et
1645 5150 1769 5202 boni
1815 5149 1960 5202 haud
1997 5151 2258 5219 ignorans

665 5239 955 5309 judicium,
989 5242 1240 5309 corporis
1269 5251 1449 5294 motus
1480 5242 1755 5310 sapienter
1776 5241 1993 5295 ordinat
2022 5253 2073 5295 ct
2095 5243 2251 5311 quasi

669 5333 824 5386 l'rcno
857 5334 1076 5387 habitus
1119 5349 1144 5383 τι
1197 5333 1461 5388 dedecore
1522 5335 1743 5388 cohibet
1777 5342 1827 5388 ct
1858 5335 1923 5387 ad
1961 5336 2155 5389 melius
2179 5335 2255 5390 di-

668 5425 824 5492 rigit;
865 5424 935 5476 ita
994 5425 1219 5477 omnino
1252 5425 1591 5494 spiritualem
1626 5425 1870 5478 lzetitiam
1901 5437 2180 5495 procurat.

741 5607 914 5662 Filius
970 5619 1145 5661 autem
1199 5609 1424 5663 stolidus
1507 5609 1728 5678 despicit
1786 5619 2009 5663 matrem
2074 5627 2249 5665 suam.

666 5702 818 5767 Quod
878 5718 1068 5755 rursus
1127 5718 1154 5755 τι
1211 5718 1371 5756 sensu
1440 5704 1784 5772 progenitum
1820 5714 1902 5756 est
1956 5703 2247 5772 judicium,

666 5797 778 5848 Vili
814 5797 937 5848 boni
969 5796 1245 5864 ignorans,
1279 5797 1650 5850 calumniatur
1688 5811 1931 5860 sensum,
1959 5796 2117 5864 cujus
2153 5797 2251 5850 ful-

2374 4560 2464 4612 οεν
2495 4558 2693 4620 αὐτοὺς
2723 4558 2883 4626 δίκην
2907 4556 3161 4609 ἀκανθῶν
3193 4555 3463 4622 ἀλγεινῶς
3494 4555 3973 4608 κατακεντουσῶν.

2444 4670 2512 4720 Αἱ
2535 4667 2602 4719 δὲ
2636 4665 2756 4718 τῶν
2778 4666 3094 4734 ἀνδρείων,
3125 4665 3304 4719 λεῖαι.
3344 4666 3406 4718 Αἱ
3449 4664 3505 4716 δὲ
3530 4664 3641 4715 τῶν
3684 4665 3976 4731 γενναίων,

2372 4759 2466 4812 καὶ
2497 4757 2573 4827 τῷ
2608 4758 2852 4828 ἐπιπόνῳ
2871 4757 3358 4828 ἐγκαρτερούντων
3389 4757 3490 4825 τῆς
3517 4757 3746 4826 ἀρετῆς,
3784 4757 3978 4808 πασῶν

2369 4851 2576 4904 τούτων
2614 4851 3034 4919 ἀπηλλαγμέναι
3066 4852 3225 4913 εἰσὶν,
3252 4850 3327 4913 ὡς
3359 4849 3480 4916 Θεῷ
3516 4849 3661 4918 μόνῳ
3703 4849 3979 4917 άναῦεμὲ-

2371 4964 2474 4997 νων
2508 4945 2604 5015 τὴν
2639 4945 2766 5016 περὶ
2799 4945 3000 5007 αὐτοὺς
3032 4945 3331 5015 μέριμναν.

2441 5055 2509 5109 κ’.
2543 5055 2672 5121 Υἱδς
2724 5055 2919 5123 σοφὸς
2964 5055 3273 5123 εὐφραίνει
3311 5051 3564 5118 πατέρα.
3611 5052 3671 5104 '0
3712 5052 3823 5104 ἀπδ
3857 5051 3971 5112 νοζς

2367 5149 2709 5218 τικτόμενος,
2757 5150 3081 5217 ἐπιστήμων
3124 5148 3216 5200 τοῦ
3255 5147 3424 5208 ὅντως
3464 5145 3630 5198 καλοῦ
3684 5146 3966 5216 λογισμὸς.

2367 5240 2585 5294 τάσσων
2623 5239 3007 5310 ἐπιστημόνως
3032 5240 3131 5308 τὴν
3161 5237 3255 5290 τοῦ
3307 5237 3564 5307 σώματος
3605 5237 3852 5304 κίνησιν,
3885 5240 3968 5290 καὶ

2366 5333 2526 5384 οἱονεί
2553 5351 2658 5384 τινι
2694 5331 2899 5401 χαλινῷ
2923 5334 3022 5402 τῆς
3051 5331 3189 5402 πρὸς
3211 5331 3445 5383 ἀτοπίαν
3475 5331 3652 5398 φορᾶς
3687 5332 3966 5400 ἀναχαιτίο

2366 5425 2474 5488 ζων
2501 5427 2652 5491 αὐτὸ,
2703 5427 2797 5478 καὶ
2841 5426 2980 5494 πρὸς
3029 5426 3089 5477 τὸ
3126 5425 3338 5493 βέλτιον
3385 5425 3742 5494 μεταφέρων,
3798 5426 3966 5494 χαρὰν

2366 5519 2748 5586 πνευματικὴν
2770 5518 2846 5587 τῷ
2877 5517 2952 5587 νῷ
2979 5518 3252 5585 προξενεῖ.

2445 5610 2574 5672 Υἱὸς
2606 5607 2673 5660 δὲ
2703 5609 2907 5674 ἇρριυν
2938 5605 3277 5676 μυκτηρίζει
3327 5606 3555 5675 μητέρα
3592 5606 3806 5658 αὐτοῦ.
3853 5606 3908 5657 Ὀ
3928 5604 3963 5652 δ’

2363 5701 2470 5753 ἀπὸ
2498 5701 2806 5769 αἰσθήσεως
2850 5694 3007 5760 αὖθις
3052 5698 3395 5766 τικτόμενος,
3429 5699 3836 5765 ἀνεπιστήμων
3880 5694 3961 5746 το]

2363 5799 2530 5858 ὅντως
2566 5795 2730 5849 καλοῦ
2762 5794 3044 5863 λογισμὸς,
3092 5794 3374 5848 διαϐάλλει
3413 5793 3508 5863 τὴν
3554 5791 3841 5862 αἴσθησιν,
3875 5790 3958 5856 τὴι
