4220 6462
310 433 438 501 1377

1323 436 1845 496 COMMENTARII
1893 437 1970 494 IN
2011 436 2458 494 PROVERBIA.

3407 445 3539 504 1378

304 551 469 618 ψευδῆ
532 547 623 600 καὶ
684 546 876 614 ἄλογον
946 546 1149 616 ταύτης
1203 545 1360 610 δόξαν
1418 546 1476 611 ἐξ
1506 547 1682 615 ἔργων
1715 545 1871 614 δηλο-

1997 559 2089 596 ;am
2130 556 2182 597 et
2225 543 2652 596 irrationabilent
2687 544 2996 613 Opinionem
3044 561 3136 613 per
3175 562 3336 608 opera
3369 553 3542 602 mani-

306 657 492 692 ποιων.

373 749 482 801 κα’.
530 748 818 812 Ἀνοήτου
844 749 1049 814 τρίϐοι,
1075 747 1131 800 ἐν
1146 746 1299 811 δεεῖς
1331 745 1582 814 φρενῶν.
1616 747 1679 796 Ai
1717 743 1869 796 ἀδιάο

303 857 477 909 κριτοι
500 837 726 909 πράξεις
780 837 1140 907 ἐστερημέναι
1165 839 1272 889 διαὶ
1293 838 1626 905 φρονήσεως,
1652 833 1723 895 ὡς
1748 832 1871 884 ἁλὸ⁴⁹

302 947 499 996 γιστοι.

387 1055 565 1122 Ἀνὴρ
598 1054 665 1107 δὲ
698 1056 1002 1122 φρόνιμος,
1032 1052 1411 1106 κατευθύνων
1436 1051 1764 1116 πορεύεται.
1812 1049 1871 1098 '0

301 1146 357 1198 δὲ
390 1149 647 1216 πράττων
672 1147 808 1213 μετά
832 1144 1015 1210 λόγου,
1035 1145 1141 1195 ἀπὸ
1167 1144 1260 1194 τοῦ
1287 1141 1456 1194 κακοῦ
1484 1142 1544 1192 τὸ
1570 1140 1731 1192 καλὸν
1757 1139 1873 1189 δια-

1976 637 2154 687 l'cslat.

2049 746 2208 799 Vtztts.
2243 745 2332 796 2|.
2370 744 2475 798 Via'
2497 753 2544 797 et
2579 754 2751 814 gestus
2784 746 2935 797 stulti
2991 745 3358 814 intelligentia
3399 747 3539 800 indi-

1970 845 2108 903 gent.
2143 835 2273 897 Quae
2312 848 2419 884 non
2472 848 2499 883 a
2530 833 2737 900 judicio
2786 833 3083 900 procedunt
3126 835 3389 895 actiones.
3427 836 3541 888 fru—

1978 934 2163 978 strata:
2194 933 2320 977 sunt
2349 922 2727 989 intelligentia,
2753 931 3011 990 tanquam
3048 924 3466 979 irrationabiles.

2061 1046 2149 1098 Vir
2201 1047 2428 1115 prudens
2483 1046 2757 1114 dirigenda
2818 1047 3069 1114 procedit.
3120 1046 3222 1111 Qui
3268 1064 3390 1100 cum
3455 1064 3539 1100 ra-

1978 1140 2124 1191 tione
2157 1141 2289 1206 agit,
2325 1140 2527 1191 bonum
2562 1153 2590 1190 a
2621 1139 2762 1190 malo
2794 1137 3057 1191 discernit
3085 1145 3137 1190 et
3158 1152 3215 1191 se
3246 1140 3311 1190 ad
3340 1140 3541 1192 bonum

303 1239 526 1308 κρίνων,
557 1239 650 1290 καὶ
679 1236 995 1306 εὐθυπορῶν
1025 1236 1161 1304 πρὸς
1184 1235 1336 1299 αὐτὸ,
1369 1233 1688 1304 μετέρχεται
1717 1230 1876 1282 τοῦτο

1997 1231 2158 1298 Ιίι-ἰδὶῑ
2186 1250 2196 1283 :
2235 1232 2321 1285 ille
2354 1231 2653 1286 secundum
2681 1231 2931 1284 virtutem
2966 1233 3164 1284 bonum
3197 1231 3436 1299 attingit.

303 1327 423 1378 κατ’
454 1327 678 1396 ἀρετήν.

373 1448 479 1518 κβθ.
525 1449 953 1516 Ὑπερτίθενται
996 1447 1328 1520 λογισμοὺς
1363 1451 1414 1500 οι
1461 1446 1546 1515 μὴ
1596 1445 1877 1514 τιμῶντες

301 1539 608 1607 συνέδρια.
640 1541 712 1592 Οὐ
756 1539 1154 1609 παραδέχονται
1204 1538 1414 1605 ἀγαθάς
1449 1537 1782 1606 συμϐουλίας
1804 1537 1874 1600 οἱ,

301 1631 391 1684 διὰ
414 1631 474 1683 τὸ
511 1631 718 1683 οῐεσθαι
750 1633 940 1700 ἀρκεῖν
980 1631 1212 1692 ἑαυτοῖς,
1249 1627 1720 1697 καταφρονοῦντες
1763 1627 1878 1679 δια-

305 1722 629 1775 σκοπεῖσθαι
664 1721 784 1791 μεθ⁹
815 1720 1016 1790 ἐτέρων
1045 1720 1114 1774 τά
1142 1721 1352 1773 δέοντα.

2053 1448 2318 1502 Vensﬂi.
2349 1449 2643 1519 Prteferunt
2679 1451 2961 1502 ratiocinia
3004 1451 3090 1517 qui
3122 1449 3401 1519 synhedria
3443 1467 3544 1503 non

1978 1541 2260 1594 honorant.
2296 1540 2437 1593 Bona
2462 1543 2687 1596 consilia
2711 1557 2816 1594 non
2843 1541 3135 1608 accipiunt,
3156 1543 3267 1609 qui,
3295 1550 3544 1610 putantes

1981 1630 2192 1695 seipsos
2246 1629 2349 1682 sibi
2399 1628 2664 1691 suliicere,
2710 1639 3060 1684 contemnunt
3109 1646 3230 1683 cum
3281 1632 3401 1685 aliis
3429 1647 3543 1700 per-

1984 1716 2219 1768 scrutari
2247 1718 2390 1783 quod
2430 1725 2668 1784 Oportet.

389 1848 490 1902 Ἐν
516 1849 584 1901 δὲ
611 1847 882 1914 καρδίαις
923 1846 1390 1915 βουλευομένων
1423 1809 1597 1916 ’μένει
1649 1847 1874 1912 βουλή.

2056 1839 2119 1893 In
2157 1842 2401 1894 cordibus
2468 1843 2861 1895 consiliantinm
2920 1853 3079 1895 restat
3131 1845 3425 1897 consilium.
3490 1846 3546 1898 In

317 1939 406 1990 'Ev
436 1938 491 1990 δέ
521 1941 642 1999 ταῖς
687 1937 795 1988 τῶν
834 1935 1055 2003 ἀγαθῶν
1089 1934 1413 2002 συμϐούλων
1443 1934 1644 2004 ψυχαῖς
1697 1934 1876 2003 ἀγαθὴ

1997 1940 2159 1983 nente
2193 1931 2455 1984 bonorum
2487 1933 2924 1986 consiliarioruin
2961 1950 3053 2001 pro
3071 1936 3445 2002 expetentibus
3469 1936 3550 1988 in-

304 2028 634 2099 παρεδρεύει
667 2030 778 2088 τοῖς
806 2025 1064 2096 χρῄζουσι
1093 2023 1392 2094 συμϐουλή.

379 2161 484 2221 κγ’.
520 2155 601 2206 Οὐ
631 2151 711 2219 μὴ
736 2152 1056 2219 ὑπακούσῃ
1084 2153 1115 2204 ὁ
1141 2151 1321 2215 κακὸς
1354 2149 1528 2216 αὐτῇ.
1554 2142 1660 2211 Ἦς
1689 2149 1716 2201 ὁ
1746 2149 1880 2218 πρὸς

305 2244 509 2298 κακίαν
544 2244 746 2314 ῥέπων,
773 2244 873 2295 οὐκ
903 2241 1221 2306 ἐπακούσει,
1255 2241 1330 2303 ῶς
1354 2240 1593 2304 ἀλαζών.

384 2369 518 2423 Οὐδ’
550 2371 621 2422 οὺ
637 2367 722 2437 μὴ
763 2369 902 2436 sum
941 2367 1171 2435 καίριόν
1194 2384 1246 2419 τι
1263 2366 1356 2419 καί
1379 2368 1568 2421 καλὸν
1583 2368 1661 2433 τῷ
1682 2369 1879 2434 κοινῷ.

330 2461 472 2513 Ἀλλ’
500 2461 608 2512 οὐδ’
635 2460 797 2522 αὐτὸς
829 2459 1119 2527 φθέγξεται
1145 2476 1196 2511 τι
1237 2458 1312 2528 τῷ
1347 2459 1522 2530 καιρῷ
1551 2462 1881 2532 πρόσφορον,

309 2553 503 2623 καὶτῷ
536 2551 701 2622 κοινῷ
740 2551 1039 2622 συμφέρον,
1077 2553 1174 2620 τὴν
1231 2552 1439 2605 οἰκείαν
1477 2551 1634 2616 δόξαν
1679 2552 1880 2622 ζητῶν,

307 2645 402 2699 καὶ
432 2645 552 2714 οὐχὶ
577 2643 674 2714 τὴν
705 2643 812 2696 τῶν
833 2644 1094 2696 πλειόνων
1125 2643 1417 2712 ὠφέλειαν.

385 2767 486 2819 κδ’.
539 2765 698 2818 Ὀδοί
729 2764 901 2831 ζωῆς,
928 2763 1298 2833 διανοήματα
1357 2765 1639 2829 συνετοῦ,
1671 2766 1769 2818 ἵνα
1791 2767 1886 2820 ἐκ·

311 2860 528 2924 κλίνας
575 2859 643 2910 ἐκ
704 2858 809 2911 τοῦ
845 2855 1224 2924 ᾄδου,σωθῇ.
1262 2858 1376 2920 Τὰς
1454 2858 1693 2924 ἀγούσας
1751 2859 1886 2928 πρὸς

308 2951 409 3019 τὴν
440 2950 819 3019 πνευματικὴν
845 2949 988 3017 ζωὴν
1026 2949 1143 3001 κατ’
1198 2949 1398 3019 ἀρετὴν
1431 2950 1656 3017 πορείας
1702 2951 1730 3002 ὁ
1752 2951 1887 3019 πρὸς

263 3028 271 3032 ”
310 3040 370 3092 τὸ
404 3039 607 3106 ἀγαθὸν
635 3038 904 3091 συννεύων
930 3038 1216 3090 διασκοπεῖ
1238 3080 1253 3102 ,
1293 3039 1437 3101 ὅπως
1472 3040 1531 3091 τὸ
1558 3039 1656 3106 τῆς
1682 3040 1881 3102 κακίας

314 3131 591 3200 βάραθρον
628 3130 904 3199 ἐκφυγὼν,
953 3129 1086 3200 εῦρῃ
1125 3130 1396 3199 σωτηρίαν
1457 3131 1609 3200 παρὰ
1645 3131 1783 3203 Θεῷ.

1981 2021 2123 2076 sidet
2153 2023 2444 2077 consilium
2474 2022 2696 2076 bonum.

2052 2145 2216 2202 Vens.
2251 2147 2341 2201 25.
2374 2147 2617 2216 Profecto
2646 2165 2746 2201 non
2781 2150 2982 2214 parebit
3011 2150 3086 2202 illi
3117 2151 3311 2204 malus.
3346 2153 3446 2217 Qui
3493 2152 3546 2206 in

1984 2238 2244 2292 malitiam
2281 2239 2439 2307 repit,
2466 2254 2571 2292 non
2598 2241 2805 2308 parebit
2836 2241 2976 2293 sicut
3002 2257 3145 2295 erro.

2057 2364 2301 2434 Profecto
2333 2383 2423 2420 nec
2449 2367 2575 2436 quid
2631 2369 2915 2435 opportuni
2945 2385 3107 2438 neque
3150 2370 3270 2423 boni
3300 2371 3431 2424 dicet
3457 2389 3552 2440 pu-

1986 2459 2141 2511 blico.
2203 2459 2307 2513 Sed
2337 2475 2434 2513 nec
2487 2461 2599 2528 ipse
2632 2459 2866 2528 proferet
2915 2461 3046 2528 quid
3087 2462 3423 2530 temporibus
3465 2479 3553 2516 ac-

1985 2537 2392 2606 commodatum
2423 2552 2720 2620 etpublico
2762 2554 3105 2615 inserviens;
3160 2568 3312 2606 suam
3364 2557 3555 2622 qua'rit

1986 2645 2216 2714 gloriam
2241 2653 2293 2697 et
2324 2645 2544 2697 minime
2563 2645 2799 2697 aliorum
2827 2644 3140 2696 utilitatem.

2061 2765 2226 2820 Vens.
2256 2766 2345 2821 24.
2382 2765 2585 2818 Itinera
2637 2767 2775 2830 rittc,
2813 2769 3157 2836 cogitationes
3195 2769 3554 2838 intelligentis,

1989 2859 2066 2910 ita
2097 2867 2152 2910 ut
2184 2857 2453 2909 declinans
2488 2862 2548 2909 ab
2582 2856 2805 2922 inferno,
2841 2857 3016 2909 salrus
3055 2859 3258 2910 eradat.
3322 2859 3450 2922 Qua:
3493 2858 3556 2910 ad

1991 2949 2325 3018 spiritualem
2355 2949 2540 3013 vitam,
2577 2948 2874 3002 secundum
2907 2949 3412 3012 virtutem,dncunt
3462 2952 3582 3012 viae,

1992 3041 2303 3108 speculatur
2327 3041 2391 3092 ad
2421 3041 2620 3094 bonum
2645 3055 2968 3108 propensus,
3004 3041 3074 3092 ita
3129 3052 3207 3106 ut,
3258 3040 3562 3112 ell‘ugiendo

1991 3134 2209 3186 malitia:
2246 3133 2581 3196 barathrum,
2612 3134 2840 3185 salutem
2871 3148 2898 3183 a
2929 3133 3154 3186 Domino
3173 3145 3560 3203 consequatur.

384 3259 486 3314 κε’.
529 3259 745 3325 Οἶκους
800 3259 1092 3326 ὑϐριστῶν
1141 3260 1424 3326 κατασπᾷ
1473 3262 1706 3328 Κύριος.
1753 3260 1891 3324 Τοὺς

2065 3258 2231 3314 Vens.
2275 3258 2365 3312 25.
2427 3257 2626 3310 Domus
2673 3259 2952 3324 impiorum
3021 3260 3223 3327 dejiciet
3285 3260 3562 3315 Dominus.

315 3349 549 3418 ἀνομίας
580 3350 841 3419 ἐργάτας,
871 3352 928 3402 ἐν
958 3343 1037 3412 οἷς
1059 3349 1266 3402 οἰκοῦσι
1304 3350 1372 3402 τὰ
1397 3348 1486 3401 τὸν
1513 3349 1642 3402 Θεὸν
1672 3350 1892 3402 διαϐάλ-

315 3440 432 3491 λειν
492 3439 877 3509 ἐπιχειροῦντα
926 3440 1024 3509 τῆς
1050 3440 1313 3510 πονηρίας
1363 3440 1667 3509 πνεύματα,
1702 3443 1728 3493 ὁ
1785 3442 1892 3492 τῶν

317 3532 455 3582 ὅλων
486 3531 763 3599 Δεσπότης
794 3530 881 3582 διὰ
919 3531 1178 3583 ποικίλων
1231 3531 1552 3600 πειρασμῶν
1592 3531 1851 3600 καθαιρεῖ
1877 3547 1889 3558 ⁸

315 3625 413 3676 καὶ
472 3626 535 3692 τῇ
589 3623 969 3692 ἀρχιτεκτονία
1025 3622 1119 3675 τοῦ
1165 3623 1501 3692 Πνεύματος,
1558 3623 1898 3689 ἀνοικοδομεῖ

315 3714 546 3776 τούτους
597 3715 914 3783 οίκητήριον
957 3714 1139 3785 ἑαυτῷ
1169 3729 1184 3744 °
1235 3713 1399 3766 οίκῶν
1450 3716 1510 3767 ἐν
1579 3715 1764 3776 αὐτοῖς
1812 3712 1899 3765 διὰ

324 3812 593 3875 πίστεως,
648 3811 744 3862 καὶ
770 3811 1158 3880 ἐμπεριπατῶν
1184 3810 1250 3863 δι’
1302 3811 1564 3882 ἐργασίας
1601 3809 1708 3863 τῶν
1731 3809 1899 3878 ὰγίων

318 3904 488 3957 αὑτοῦ
523 3904 775 3958 ἐντολῶν.

405 4024 770 4091 Ἐστήρισεν
822 4024 986 4093 ὅριον
1014 4024 1227 4094 χήρας.
1271 4024 1571 4094 Ἦδραίωσε
1619 4026 1675 4079 δέ
1723 4027 1781 4078 ἐν
1833 4029 1897 4098 τῇ

320 4118 639 4188 χηρευούσῃ
675 4118 856 4186 πάσης
889 4118 1085 4180 κακίας
1121 4118 1290 4189 ψυχῇ,
1336 4119 1433 4189 τὴν
1455 4119 1658 4189 ταύτην
1683 4118 1900 4188 ὁρίζον-

319 4228 423 4263 σαν
453 4213 533 4272 είς
561 4210 624 4262 τὸ
667 4209 741 4280 μὴ
773 4209 906 4280 πρὸς
929 4210 1127 4264 κακίαν
1165 4210 1596 4281 παρεξέρχεσθαι
1622 4209 1773 4264 Θείαν
1802 4212 1903 4264 αὐ-

324 4302 420 4354 τοῦ
475 4301 718 4371 ἐντολὴν,
780 4301 879 4372 τὴν
907 4302 963 4353 ἐν
987 4301 1064 4371 τῷ
1100 4301 1252 4371 καλῷ
1292 4301 1557 4372 ἀτρεψίαν
1585 4305 1650 4373 τῇ
1679 4303 1904 4374 τοιαύτῃ

317 4395 467 4463 ψυχῇ
496 4393 906 4462 δωρησάμενος.

1993 3348 2296 3419 Operantes
2330 3349 2692 3417 iniquitatem,
2717 3379 2783 3389 -—
2817 3349 2906 3403 ubi
2942 3349 3187 3403 habitant
3221 3352 3292 3404 illi
3317 3355 3567 3421 nequ'tia:

1996 3445 2223 3512 spiritus
2264 3441 2354 3510 qui
2387 3440 2552 3494 Deum
2581 3441 2902 3494 calumniari
2925 3451 3210 3503 conantur,
3263 3458 3330 3485 έ-
3353 3461 3447 3513 per
3479 3461 3568 3497 ναι

1997 3536 2107 3589 rias
2139 3534 2474 3588 tentationes
2504 3532 2786 3597 destruet;
2847 3543 2900 3588 et
2952 3550 3046 3603 per
3097 3536 3558 3590 arcliitectoniccn

1998 3625 2226 3694 spiritus
2256 3624 2435 3677 denuo
2464 3613 2753 3678 acditicabit
2795 3625 2915 3679 illos
2944 3626 2995 3678 in
3042 3626 3409 3680 habitaculum
3441 3628 3565 3692 sibi;

1998 3717 2430 3771 commorabitur
2488 3718 2543 3770 in
2605 3717 2714 3771 illis
2757 3733 2852 3786 per
2887 3716 3043 3771 [idem
3084 3727 3138 3771 et
3199 3718 3570 3772 deambulabit

2000 3823 2095 3878 per
2120 3809 2489 3878 operationem
2529 3818 2840 3863 sanctorum
2882 3819 3270 3879 praeceptorum
3320 3827 3567 3864 suorum.

2074 4022 2341 4079 Firmavit
2377 4026 2626 4080 terminos
2647 4027 2834 4081 vidum.
2861 4025 3196 4082 Fundamina
3230 4029 3378 4096 ponit
3409 4029 3459 4082 in
3487 4043 3571 4090 ea,

2002 4133 2124 4185 qua:
2174 4118 2243 4171 ab
2294 4119 2442 4171 omni
2503 4119 2709 4171 malitia
2759 4119 2974 4171 viduata
3023 4129 3108 4172 est
3159 4120 3361 4182 anima,
3415 4135 3572 4187 qnam

2003 4209 2196 4264 deﬁnit
2234 4225 2301 4264 ne
2324 4226 2388 4263 ex
2415 4210 2601 4264 divino
2635 4213 2953 4281 praescripto
2995 4212 3059 4265 ad
3102 4213 3366 4267 malitiam
3392 4223 3576 4266 trans-

2004 4299 2324 4369 grediatur;
2373 4309 2657 4369 propterea
2701 4301 2860 4353 talem
2901 4301 3136 4354 animam
3187 4305 3240 4356 in
3299 4304 3441 4357 bono
3495 4306 3576 4358 in-
3619 4289 3624 4294 ’

2006 4391 2249 4445 territam
2286 4391 2469 4446 eiiicit.
2597 4374 2601 4379 ’

392 4525 509 4583 κς’.
541 4518 854 4587 Βδέλυγμα
883 4493 994 4584 In};
1010 4519 1077 4582 ίῳ
1109 4520 1404 4588 λογισμὸς
1467 4520 1694 4586 ἄδικος.
1729 4521 1902 4590 Μιση-

2078 4520 2243 4576 Vens.
2268 4520 2358 4573 26.
2397 4521 2730 4576 Abominatio
2773 4521 3015 4585 Domino,
3055 4525 3392 4577 ratiocinium
3433 4526 3575 4594 inju-

318 4614 411 4666 τὴν
434 4614 587 4682 παρά
642 4612 760 4682 Θεῷ
789 4616 882 4666 καὶ
913 4615 973 4666 τὸ
1009 4615 1317 4683 παράλογον
1360 4613 1635 4685 ἐνθύμιον,
1670 4615 1744 4678 ὡς
1780 4615 1904 4686 ρίζα

322 4706 421 4759 τοῦ
463 4705 635 4758 κακοῦ
671 4709 937 4774 πεφυκός.

409 4830 641 4902 Ἀγνῶν
669 4833 736 4884 δὲ
772 4831 1011 4900 ⁸ῥήσεις,
1058 4833 1290 4900 σεμναί.
1321 4833 1441 4885 Τῶν
1471 4833 1527 4885 δέ
1575 4833 1906 4904 καθαρευόν-

322 4943 435 4979 των
503 4926 610 4977 ἀπὸ
646 4924 754 4977 τῶν
786 4924 1039 4995 πονηρῶν
1069 4924 1467 4994 ἐνθυμημάτων
1494 4926 1663 4994 σεμνά
1697 4927 1791 4979 καὶ
1839 4926 1907 4978 τὰ

323 5010 680 5087 ρήματα,οἷά
712 5033 854 5079 τινες
888 5018 1127 5084 εὐγενεῖς
1162 5017 1363 5082 κλάδοι,
1392 5018 1448 5084 ἐξ
1485 5018 1694 5089 ἀγαθῆς
1729 5018 1903 5089 ῥίζης,

321 5115 425 5181 τῆς
458 5110 874 5182 καθαρευούσης
903 5108 1158 5174 διανοίας,
1192 5108 1575 5178 βλαστάνοντα.

398 5237 505 5302 κζ’.
565 5237 930 5301 Ἐξόλλυσιν
972 5234 1189 5290 ἑαυτὸν
1239 5238 1271 5289 ό
1327 5234 1736 5305 δωρολήπτης.
1791 5238 1907 5303 Ἐξ-

323 5331 625 5384 απόλλυσιν
659 5329 851 5382 ἐαυτὸν
903 5331 930 5382 ὁ
978 5328 1127 5398 δῶρα
1163 5326 1473 5397 λαμϐάνων,
1501 5328 1594 5380 καὶ
1629 5328 1910 5398 προδιδοὺς

324 5423 431 5494 τὴν
497 5421 778 5492 ἀλήθειαν,
827 5420 961 5474 Θεοῦ
1003 5420 1102 5489 τῆς
1156 5419 1546 5490 αὑτοαληθείας
1602 5420 1912 5489 ἀποτυγχά-

323 5533 457 5570 νων.

413 5659 479 5713 Ὀ
503 5658 570 5711 δὲ
596 5656 797 5726 μισῶν
830 5656 1032 5723 δώρων
1073 5655 1316 5724 λήψεις,
1375 5655 1635 5716 σώζεται.
1674 5655 1729 5707 Ὀ
1770 5655 1823 5707 δέ
1852 5655 1912 5707 τὸ

325 5748 629 5820 λαμϐάνειν
656 5751 734 5812 είς
769 5747 1026 5818 ἀθέτησιν
1060 5749 1159 5817 τῆς
1210 5748 1468 5817 ἀληθείας
1498 5747 1909 5818 ἀποστρεφόμε-

326 5858 442 5908 νος,
478 5842 752 5912 σωτηρίας
779 5840 1034 5910 τυγχάνει
1068 5840 1218 5912 παρὰ
1252 5839 1388 5909 Θεῷ.

2009 4623 2165 4667 stum.
2191 4613 2451 4667 Odiosum
2481 4613 2713 4667 Domino
2745 4616 3115 4669 irrationabile
3139 4616 3426 4684 judicium,
3451 4619 3577 4687 quia

2007 4706 2159 4758 radix
2197 4715 2280 4759 est
2323 4707 2716 4774 perversitatis.

2080 4828 2440 4882 Candidorum
2461 4830 2786 4908 elocutiones
2825 4833 3151 4888 venerandw.
3187 4832 3287 4898 Qui
3316 4850 3373 4888 se
3401 4851 3429 4888 a
3462 4851 3583 4904 pra-

2010 4920 2094 4976 vis
2158 4921 2592 4988 cogitationibus
2646 4924 2967 4988 emundant,
3028 4925 3225 4978 horum
3278 4928 3582 4979 verecunda

2012 5021 2230 5068 suntet
2264 5015 2426 5068 verba
2487 5030 2602 5068 :ex
2671 5017 2956 5085 puriﬁcata
3014 5027 3196 5073 mente
3253 5023 3580 5090 germinant,

2011 5104 2168 5174 quasi
2198 5118 2263 5158 ex
2292 5103 2432 5157 bona
2457 5104 2638 5158 radice
2667 5108 2902 5161 virentes
2939 5109 3160 5162 ramuli.

2085 5226 2248 5282 Vens.
2287 5229 2378 5283 27.
2431 5228 2672 5298 Seipsum
2734 5232 2930 5299 perdit,
2991 5233 3251 5287 donorum
3320 5248 3579 5302 acceptor.

2012 5322 2196 5375 Perdit
2246 5323 2485 5391 seipsum
2536 5325 2629 5392 qui
2706 5342 2928 5378 munera
2989 5328 3235 5396 recipit:
3305 5330 3584 5383 veritatem

2014 5418 2217 5487 prodit,
2256 5399 2308 5472 et
2345 5418 2510 5472 Deum
2563 5421 2808 5475 \‘t't‘iltttis
2838 5422 3058 5474 amittit.

2087 5659 2192 5724 Qui
2222 5675 2498 5713 munerum
2529 5662 2851 5730 acceptiones
2890 5662 3022 5726 odit,
3055 5663 3364 5717 salvabitur.
3396 5662 3497 5728 Qui
3523 5665 3589 5720 ad

2015 5749 2375 5816 dcjiciendam
2433 5752 2710 5806 veritatem
2770 5755 3016 5823 accipere
3075 5755 3275 5821 rcnnit,
3309 5755 3590 5811 salutema

2017 5839 2126 5893 Deo
2154 5842 2525 5912 consequitur.
