  <div class='ocr_page' id='page_1' title='image "/cluster/home/n/w/nwhite01/storage/ocr_20150623/87 pt.1/nnc1.0046979824/709.png"; bbox 0 0 4220 6462; ppageno 0'>
   <div class='ocr_carea' id='block_1_1' title="bbox 721 397 857 458">
    <p class='ocr_par' dir='ltr' id='par_1_1' title="bbox 721 397 857 458">
     <span class='ocr_line' id='line_1_1' title="bbox 721 397 857 458; baseline -0.007 0"><span class='ocrx_word' id='word_1_1' title='bbox 721 397 857 458; x_wconf 66' lang='grc' dir='ltr'>13Ὗ9</span> 
     </span>
    </p>
   </div>
   <div class='ocr_carea' id='block_1_2' title="bbox 790 505 2373 577">
    <p class='ocr_par' dir='ltr' id='par_1_2' title="bbox 790 505 2373 577">
     <span class='ocr_line' id='line_1_2' title="bbox 790 505 2373 577; baseline 0.002 -18"><span class='ocrx_word' id='word_1_2' title='bbox 790 506 1157 575; x_wconf 71' lang='lat' dir='ltr'><strong>Etccmosynis</strong></span> <span class='ocrx_word' id='word_1_3' title='bbox 1204 516 1251 559; x_wconf 82' lang='lat' dir='ltr'><strong>ct</strong></span> <span class='ocrx_word' id='word_1_4' title='bbox 1296 505 1420 574; x_wconf 77' lang='lat' dir='ltr'><strong>ﬁdei</strong></span> <span class='ocrx_word' id='word_1_5' title='bbox 1461 508 1665 561; x_wconf 79' lang='lat' dir='ltr'><strong>actibus</strong></span> <span class='ocrx_word' id='word_1_6' title='bbox 1728 518 2027 577; x_wconf 77' lang='lat' dir='ltr'><strong>purgantur</strong></span> <span class='ocrx_word' id='word_1_7' title='bbox 2056 520 2295 576; x_wconf 78' lang='lat' dir='ltr'><strong>peccatu.</strong></span> <span class='ocrx_word' id='word_1_8' title='bbox 2331 517 2373 572; x_wconf 78' lang='grc' dir='ltr'><strong>Α</strong></span> 
     </span>
    </p>
   </div>
   <div class='ocr_carea' id='block_1_3' title="bbox 717 597 2308 665">
    <p class='ocr_par' dir='ltr' id='par_1_3' title="bbox 717 597 2308 665">
     <span class='ocr_line' id='line_1_3' title="bbox 717 597 2308 665; baseline 0 -14"><span class='ocrx_word' id='word_1_9' title='bbox 717 597 1115 652; x_wconf 79' lang='lat' dir='ltr'><strong>Misericordiis</strong></span> <span class='ocrx_word' id='word_1_10' title='bbox 1196 598 1249 650; x_wconf 91' lang='lat' dir='ltr'><strong>in</strong></span> <span class='ocrx_word' id='word_1_11' title='bbox 1297 613 1568 665; x_wconf 83' lang='lat' dir='ltr'><strong>paupercs</strong></span> <span class='ocrx_word' id='word_1_12' title='bbox 1626 607 1680 651; x_wconf 91' lang='lat' dir='ltr'><strong>ct</strong></span> <span class='ocrx_word' id='word_1_13' title='bbox 1739 600 1956 653; x_wconf 86' lang='lat' dir='ltr'><strong>fiduciis</strong></span> <span class='ocrx_word' id='word_1_14' title='bbox 2002 601 2054 652; x_wconf 91' lang='lat' dir='ltr'><strong>in</strong></span> <span class='ocrx_word' id='word_1_15' title='bbox 2118 600 2308 665; x_wconf 88' lang='lat' dir='ltr'><strong>Deum,</strong></span> 
     </span>
    </p>
   </div>
   <div class='ocr_carea' id='block_1_4' title="bbox 721 684 2313 755">
    <p class='ocr_par' dir='ltr' id='par_1_4' title="bbox 721 684 2313 755">
     <span class='ocr_line' id='line_1_4' title="bbox 721 684 2313 755; baseline 0.003 -18"><span class='ocrx_word' id='word_1_16' title='bbox 721 686 879 754; x_wconf 86' lang='lat' dir='ltr'><strong>quasi</strong></span> <span class='ocrx_word' id='word_1_17' title='bbox 923 686 975 739; x_wconf 86' lang='lat' dir='ltr'><strong>in</strong></span> <span class='ocrx_word' id='word_1_18' title='bbox 1014 684 1322 750; x_wconf 80' lang='lat' dir='ltr'><strong>Factorem,</strong></span> <span class='ocrx_word' id='word_1_19' title='bbox 1360 686 1701 755; x_wconf 83' lang='lat' dir='ltr'><strong>provisorem</strong></span> <span class='ocrx_word' id='word_1_20' title='bbox 1734 696 1784 740; x_wconf 87' lang='lat' dir='ltr'><strong>et</strong></span> <span class='ocrx_word' id='word_1_21' title='bbox 1817 688 2083 753; x_wconf 90' lang='lat' dir='ltr'><strong>judiccm,</strong></span> <span class='ocrx_word' id='word_1_22' title='bbox 2115 689 2313 742; x_wconf 90' lang='lat' dir='ltr'><strong>eluun-</strong></span> 
     </span>
    </p>
   </div>
   <div class='ocr_carea' id='block_1_5' title="bbox 716 778 2309 853">
    <p class='ocr_par' dir='ltr' id='par_1_5' title="bbox 716 778 2309 853">
     <span class='ocr_line' id='line_1_5' title="bbox 716 778 2309 853; baseline 0.001 -20"><span class='ocrx_word' id='word_1_23' title='bbox 716 790 805 833; x_wconf 89' lang='lat' dir='ltr'><strong>tur</strong></span> <span class='ocrx_word' id='word_1_24' title='bbox 844 778 971 832; x_wconf 85' lang='lat' dir='ltr'><strong>illia</strong></span> <span class='ocrx_word' id='word_1_25' title='bbox 1004 780 1145 833; x_wconf 87' lang='lat' dir='ltr'><strong>bono</strong></span> <span class='ocrx_word' id='word_1_26' title='bbox 1178 788 1229 832; x_wconf 92' lang='lat' dir='ltr'><strong>ct</strong></span> <span class='ocrx_word' id='word_1_27' title='bbox 1255 780 1483 833; x_wconf 87' lang='lat' dir='ltr'><strong>veritate</strong></span> <span class='ocrx_word' id='word_1_28' title='bbox 1515 780 1820 844; x_wconf 80' lang='lat' dir='ltr'><strong>discessus,</strong></span> <span class='ocrx_word' id='word_1_29' title='bbox 1859 782 1954 850; x_wconf 87' lang='lat' dir='ltr'><strong>qui</strong></span> <span class='ocrx_word' id='word_1_30' title='bbox 2014 797 2109 851; x_wconf 86' lang='lat' dir='ltr'><strong>per</strong></span> <span class='ocrx_word' id='word_1_31' title='bbox 2145 780 2309 853; x_wconf 82' lang='lat' dir='ltr'><strong>fragi-</strong></span> 
     </span>
    </p>
   </div>
   <div class='ocr_carea' id='block_1_6' title="bbox 717 872 1987 941">
    <p class='ocr_par' dir='ltr' id='par_1_6' title="bbox 717 872 1987 941">
     <span class='ocr_line' id='line_1_6' title="bbox 717 872 1987 941; baseline -0.002 -14"><span class='ocrx_word' id='word_1_32' title='bbox 717 874 925 927; x_wconf 85' lang='lat' dir='ltr'><strong>litatem</strong></span> <span class='ocrx_word' id='word_1_33' title='bbox 968 883 1021 925; x_wconf 83' lang='lat' dir='ltr'><strong>ct</strong></span> <span class='ocrx_word' id='word_1_34' title='bbox 1065 873 1432 941; x_wconf 77' lang='lat' dir='ltr'><strong>ignorantiam</strong></span> <span class='ocrx_word' id='word_1_35' title='bbox 1494 872 1725 929; x_wconf 75' lang='lat' dir='ltr'><strong>admissi</strong></span> <span class='ocrx_word' id='word_1_36' title='bbox 1763 873 1987 929; x_wconf 89' lang='lat' dir='ltr'><strong>fuerint.</strong></span> 
     </span>
    </p>
   </div>
   <div class='ocr_carea' id='block_1_7' title="bbox 798 999 2311 1056">
    <p class='ocr_par' dir='ltr' id='par_1_7' title="bbox 798 999 2311 1056">
     <span class='ocr_line' id='line_1_7' title="bbox 798 999 2311 1056; baseline 0.001 -4"><span class='ocrx_word' id='word_1_37' title='bbox 798 999 858 1055; x_wconf 90' lang='lat' dir='ltr'><strong>In</strong></span> <span class='ocrx_word' id='word_1_38' title='bbox 893 1002 1080 1055; x_wconf 80' lang='lat' dir='ltr'><strong>timore</strong></span> <span class='ocrx_word' id='word_1_39' title='bbox 1114 999 1324 1054; x_wconf 82' lang='lat' dir='ltr'><strong>Domini</strong></span> <span class='ocrx_word' id='word_1_40' title='bbox 1350 1000 1585 1055; x_wconf 80' lang='lat' dir='ltr'><strong>declinat</strong></span> <span class='ocrx_word' id='word_1_41' title='bbox 1616 1003 1790 1056; x_wconf 87' lang='lat' dir='ltr'><strong>omnis</strong></span> <span class='ocrx_word' id='word_1_42' title='bbox 1830 1019 1862 1054; x_wconf 85' lang='grc' dir='ltr'><strong>α</strong></span> <span class='ocrx_word' id='word_1_43' title='bbox 1912 1004 2079 1055; x_wconf 83' lang='lat' dir='ltr'><strong>moto.</strong></span> <span class='ocrx_word' id='word_1_44' title='bbox 2115 1000 2311 1056; x_wconf 89' lang='lat' dir='ltr'><strong>Divino</strong></span> 
     </span>
    </p>
   </div>
   <div class='ocr_carea' id='block_1_8' title="bbox 716 1091 2307 1162">
    <p class='ocr_par' dir='ltr' id='par_1_8' title="bbox 716 1091 2307 1162">
     <span class='ocr_line' id='line_1_8' title="bbox 716 1091 2307 1162; baseline 0 -17"><span class='ocrx_word' id='word_1_45' title='bbox 716 1101 771 1145; x_wconf 79' lang='lat' dir='ltr'><strong>et</strong></span> <span class='ocrx_word' id='word_1_46' title='bbox 803 1091 1085 1145; x_wconf 86' lang='lat' dir='ltr'><strong>dominico</strong></span> <span class='ocrx_word' id='word_1_47' title='bbox 1121 1092 1343 1156; x_wconf 86' lang='lat' dir='ltr'><strong>timore,</strong></span> <span class='ocrx_word' id='word_1_48' title='bbox 1372 1106 1437 1146; x_wconf 81' lang='lat' dir='ltr'><strong>ex</strong></span> <span class='ocrx_word' id='word_1_49' title='bbox 1472 1092 1577 1146; x_wconf 75' lang='lat' dir='ltr'><strong>fide</strong></span> <span class='ocrx_word' id='word_1_50' title='bbox 1609 1092 1968 1162; x_wconf 81' lang='lat' dir='ltr'><strong>procedente,</strong></span> <span class='ocrx_word' id='word_1_51' title='bbox 2004 1093 2307 1162; x_wconf 83' lang='lat' dir='ltr'><strong>nequitiam</strong></span> 
     </span>
    </p>
   </div>
   <div class='ocr_carea' id='block_1_9' title="bbox 717 1179 2311 1252">
    <p class='ocr_par' dir='ltr' id='par_1_9' title="bbox 717 1179 2311 1252">
     <span class='ocr_line' id='line_1_9' title="bbox 717 1179 2311 1252; baseline -0.003 -17"><span class='ocrx_word' id='word_1_52' title='bbox 717 1181 982 1252; x_wconf 81' lang='lat' dir='ltr'><strong>eil&#39;ugiunt</strong></span> <span class='ocrx_word' id='word_1_53' title='bbox 1015 1196 1243 1243; x_wconf 80' lang='lat' dir='ltr'><strong>omnes;</strong></span> <span class='ocrx_word' id='word_1_54' title='bbox 1284 1196 1407 1234; x_wconf 90' lang='lat' dir='ltr'><strong>nam</strong></span> <span class='ocrx_word' id='word_1_55' title='bbox 1441 1184 1535 1250; x_wconf 87' lang='lat' dir='ltr'><strong>qui</strong></span> <span class='ocrx_word' id='word_1_56' title='bbox 1575 1181 1755 1236; x_wconf 82' lang='lat' dir='ltr'><strong>credit</strong></span> <span class='ocrx_word' id='word_1_57' title='bbox 1784 1181 1838 1234; x_wconf 92' lang='lat' dir='ltr'><strong>in</strong></span> <span class='ocrx_word' id='word_1_58' title='bbox 1872 1179 2311 1243; x_wconf 84' lang='lat' dir='ltr'><strong>l)omino,casti-</strong></span> 
     </span>
    </p>
   </div>
   <div class='ocr_carea' id='block_1_10' title="bbox 717 1272 2311 1343">
    <p class='ocr_par' dir='ltr' id='par_1_10' title="bbox 717 1272 2311 1343">
     <span class='ocr_line' id='line_1_10' title="bbox 717 1272 2311 1343; baseline 0.001 -19"><span class='ocrx_word' id='word_1_59' title='bbox 717 1275 1209 1343; x_wconf 75' lang='lat' dir='ltr'><strong>galionemtimet,</strong></span> <span class='ocrx_word' id='word_1_60' title='bbox 1244 1288 1408 1342; x_wconf 88' lang='lat' dir='ltr'><strong>quam</strong></span> <span class='ocrx_word' id='word_1_61' title='bbox 1445 1273 1687 1327; x_wconf 88' lang='lat' dir='ltr'><strong>timendo</strong></span> <span class='ocrx_word' id='word_1_62' title='bbox 1716 1274 1955 1327; x_wconf 84' lang='lat' dir='ltr'><strong>abstinet</strong></span> <span class='ocrx_word' id='word_1_63' title='bbox 1982 1288 2011 1325; x_wconf 89' lang='lat' dir='ltr'><strong>a</strong></span> <span class='ocrx_word' id='word_1_64' title='bbox 2038 1272 2311 1342; x_wconf 79' lang='lat' dir='ltr'><strong>passioni-</strong></span> 
     </span>
    </p>
   </div>
   <div class='ocr_carea' id='block_1_11' title="bbox 718 1370 839 1420">
    <p class='ocr_par' dir='ltr' id='par_1_11' title="bbox 718 1370 839 1420">
     <span class='ocr_line' id='line_1_11' title="bbox 718 1370 839 1420; baseline 0 -1"><span class='ocrx_word' id='word_1_65' title='bbox 718 1370 839 1420; x_wconf 77' lang='lat' dir='ltr'><strong>lius.</strong></span> 
     </span>
    </p>
   </div>
   <div class='ocr_carea' id='block_1_12' title="bbox 791 1480 2309 1560">
    <p class='ocr_par' dir='ltr' id='par_1_12' title="bbox 791 1480 2309 1560">
     <span class='ocr_line' id='line_1_12' title="bbox 791 1480 2309 1560; baseline -0.001 -15"><span class='ocrx_word' id='word_1_66' title='bbox 791 1491 958 1546; x_wconf 69' lang='lat' dir='ltr'><strong>Vens.</strong></span> <span class='ocrx_word' id='word_1_67' title='bbox 990 1492 1081 1545; x_wconf 79' lang='lat'><strong>‘28.</strong></span> <span class='ocrx_word' id='word_1_68' title='bbox 1134 1493 1314 1547; x_wconf 76' lang='lat' dir='ltr'><strong>Corda</strong></span> <span class='ocrx_word' id='word_1_69' title='bbox 1357 1491 1635 1560; x_wconf 84' lang='lat' dir='ltr'><strong>justorum</strong></span> <span class='ocrx_word' id='word_1_70' title='bbox 1680 1500 1873 1543; x_wconf 86' lang='lat' dir='ltr'><strong>curant</strong></span> <span class='ocrx_word' id='word_1_71' title='bbox 1908 1492 1972 1544; x_wconf 88' lang='lat' dir='ltr'><strong>de</strong></span> <span class='ocrx_word' id='word_1_72' title='bbox 2003 1480 2143 1559; x_wconf 29' lang='lat' dir='ltr'><strong>&#39;ﬁde.</strong></span> <span class='ocrx_word' id='word_1_73' title='bbox 2176 1488 2309 1555; x_wconf 76' lang='lat' dir='ltr'><strong>Qua:</strong></span> 
     </span>
    </p>
   </div>
   <div class='ocr_carea' id='block_1_13' title="bbox 710 1583 2309 1656">
    <p class='ocr_par' dir='ltr' id='par_1_13' title="bbox 710 1583 2309 1656">
     <span class='ocr_line' id='line_1_13' title="bbox 710 1583 2309 1656; baseline 0.001 -20"><span class='ocrx_word' id='word_1_74' title='bbox 710 1585 868 1653; x_wconf 74' lang='lat' dir='ltr'><strong>juxta</strong></span> <span class='ocrx_word' id='word_1_75' title='bbox 898 1588 1045 1656; x_wconf 84' lang='lat' dir='ltr'><strong>lcges</strong></span> <span class='ocrx_word' id='word_1_76' title='bbox 1068 1586 1289 1641; x_wconf 90' lang='lat' dir='ltr'><strong>divinas</strong></span> <span class='ocrx_word' id='word_1_77' title='bbox 1321 1595 1726 1639; x_wconf 88' lang='lat' dir='ltr'><strong>conversantur</strong></span> <span class='ocrx_word' id='word_1_78' title='bbox 1764 1586 1963 1639; x_wconf 71' lang='lat' dir='ltr'><strong>anima:</strong></span> <span class='ocrx_word' id='word_1_79' title='bbox 2023 1583 2309 1652; x_wconf 84' lang='lat' dir='ltr'><strong>obsequiis</strong></span> 
     </span>
    </p>
   </div>
   <div class='ocr_carea' id='block_1_14' title="bbox 713 1674 2308 1746">
    <p class='ocr_par' dir='ltr' id='par_1_14' title="bbox 713 1674 2308 1746">
     <span class='ocr_line' id='line_1_14' title="bbox 713 1674 2308 1746; baseline -0.002 -16"><span class='ocrx_word' id='word_1_80' title='bbox 713 1678 1028 1731; x_wconf 89' lang='lat' dir='ltr'><strong>divinorum</strong></span> <span class='ocrx_word' id='word_1_81' title='bbox 1085 1677 1473 1729; x_wconf 85' lang='lat' dir='ltr'><strong>mandatorum</strong></span> <span class='ocrx_word' id='word_1_82' title='bbox 1512 1675 1841 1729; x_wconf 87' lang='lat' dir='ltr'><strong>incumbunt</strong></span> <span class='ocrx_word' id='word_1_83' title='bbox 1907 1690 2142 1746; x_wconf 83' lang='lat' dir='ltr'><strong>semper,</strong></span> <span class='ocrx_word' id='word_1_84' title='bbox 2178 1674 2308 1745; x_wconf 91' lang='lat' dir='ltr'><strong>quia</strong></span> 
     </span>
    </p>
   </div>
   <div class='ocr_carea' id='block_1_15' title="bbox 714 1767 1820 1837">
    <p class='ocr_par' dir='ltr' id='par_1_15' title="bbox 714 1767 1820 1837">
     <span class='ocr_line' id='line_1_15' title="bbox 714 1767 1820 1837; baseline -0.002 -14"><span class='ocrx_word' id='word_1_85' title='bbox 714 1769 1018 1825; x_wconf 89' lang='lat' dir='ltr'><strong>secundum</strong></span> <span class='ocrx_word' id='word_1_86' title='bbox 1056 1776 1294 1822; x_wconf 86' lang='lat' dir='ltr'><strong>mentem</strong></span> <span class='ocrx_word' id='word_1_87' title='bbox 1328 1782 1562 1837; x_wconf 89' lang='lat' dir='ltr'><strong>peccare</strong></span> <span class='ocrx_word' id='word_1_88' title='bbox 1588 1767 1820 1821; x_wconf 83' lang='lat' dir='ltr'><strong>nolunt.‘</strong></span> 
     </span>
    </p>
   </div>
   <div class='ocr_carea' id='block_1_16' title="bbox 783 1982 2305 2056">
    <p class='ocr_par' dir='ltr' id='par_1_16' title="bbox 783 1982 2305 2056">
     <span class='ocr_line' id='line_1_16' title="bbox 783 1982 2305 2056; baseline -0.007 -10"><span class='ocrx_word' id='word_1_89' title='bbox 783 1990 855 2046; x_wconf 91' lang='lat' dir='ltr'><strong>0s</strong></span> <span class='ocrx_word' id='word_1_90' title='bbox 897 1991 1182 2056; x_wconf 83' lang='lat' dir='ltr'><strong>impiorum</strong></span> <span class='ocrx_word' id='word_1_91' title='bbox 1237 1986 1518 2054; x_wconf 81' lang='lat' dir='ltr'><strong>respondet</strong></span> <span class='ocrx_word' id='word_1_92' title='bbox 1570 1986 1737 2040; x_wconf 84' lang='lat' dir='ltr'><strong>mala.</strong></span> <span class='ocrx_word' id='word_1_93' title='bbox 1798 1984 1967 2039; x_wconf 84' lang='lat' dir='ltr'><strong>Deum</strong></span> <span class='ocrx_word' id='word_1_94' title='bbox 2023 1999 2121 2054; x_wconf 86' lang='lat' dir='ltr'><strong>per</strong></span> <span class='ocrx_word' id='word_1_95' title='bbox 2163 1982 2305 2037; x_wconf 88' lang='lat' dir='ltr'><strong>bona</strong></span> 
     </span>
    </p>
   </div>
   <div class='ocr_carea' id='block_1_17' title="bbox 708 2078 2305 2151">
    <p class='ocr_par' dir='ltr' id='par_1_17' title="bbox 708 2078 2305 2151">
     <span class='ocr_line' id='line_1_17' title="bbox 708 2078 2305 2151; baseline -0.004 -17"><span class='ocrx_word' id='word_1_96' title='bbox 708 2096 874 2151; x_wconf 82' lang='lat' dir='ltr'><strong>opera</strong></span> <span class='ocrx_word' id='word_1_97' title='bbox 917 2096 1025 2133; x_wconf 91' lang='lat' dir='ltr'><strong>nou</strong></span> <span class='ocrx_word' id='word_1_98' title='bbox 1089 2080 1517 2139; x_wconf 84' lang='lat' dir='ltr'><strong>honorantibus,</strong></span> <span class='ocrx_word' id='word_1_99' title='bbox 1552 2087 1607 2132; x_wconf 91' lang='lat' dir='ltr'><strong>et</strong></span> <span class='ocrx_word' id='word_1_100' title='bbox 1651 2079 1951 2147; x_wconf 88' lang='lat' dir='ltr'><strong>ipsummct</strong></span> <span class='ocrx_word' id='word_1_101' title='bbox 2002 2078 2153 2129; x_wconf 89' lang='lat' dir='ltr'><strong>vocis</strong></span> <span class='ocrx_word' id='word_1_102' title='bbox 2210 2089 2305 2128; x_wconf 91' lang='lat' dir='ltr'><strong>or-</strong></span> 
     </span>
    </p>
   </div>
   <div class='ocr_carea' id='block_1_18' title="bbox 706 2166 2305 2243">
    <p class='ocr_par' dir='ltr' id='par_1_18' title="bbox 706 2166 2305 2243">
     <span class='ocr_line' id='line_1_18' title="bbox 706 2166 2305 2243; baseline -0.004 -18"><span class='ocrx_word' id='word_1_103' title='bbox 706 2188 908 2243; x_wconf 87' lang='lat' dir='ltr'><strong>ganon,</strong></span> <span class='ocrx_word' id='word_1_104' title='bbox 941 2171 1081 2224; x_wconf 88' lang='lat' dir='ltr'><strong>mala</strong></span> <span class='ocrx_word' id='word_1_105' title='bbox 1108 2186 1171 2224; x_wconf 80' lang='lat' dir='ltr'><strong>ex</strong></span> <span class='ocrx_word' id='word_1_106' title='bbox 1198 2170 1541 2224; x_wconf 84' lang='lat' dir='ltr'><strong>abundantia</strong></span> <span class='ocrx_word' id='word_1_107' title='bbox 1574 2169 1758 2223; x_wconf 77' lang='lat' dir='ltr'><strong>cordis</strong></span> <span class='ocrx_word' id='word_1_108' title='bbox 1796 2166 2040 2237; x_wconf 88' lang='lat' dir='ltr'><strong>proferet</strong></span> <span class='ocrx_word' id='word_1_109' title='bbox 2070 2168 2305 2221; x_wconf 83' lang='lat' dir='ltr'><strong>interro-</strong></span> 
     </span>
    </p>
   </div>
   <div class='ocr_carea' id='block_1_19' title="bbox 704 2256 2303 2335">
    <p class='ocr_par' dir='ltr' id='par_1_19' title="bbox 704 2256 2303 2335">
     <span class='ocr_line' id='line_1_19' title="bbox 704 2256 2303 2335; baseline -0.004 -18"><span class='ocrx_word' id='word_1_110' title='bbox 704 2267 887 2335; x_wconf 81' lang='lat' dir='ltr'><strong>ganti;</strong></span> <span class='ocrx_word' id='word_1_111' title='bbox 920 2263 1051 2332; x_wconf 89' lang='lat' dir='ltr'><strong>quid</strong></span> <span class='ocrx_word' id='word_1_112' title='bbox 1088 2263 1233 2317; x_wconf 86' lang='lat' dir='ltr'><strong>enim</strong></span> <span class='ocrx_word' id='word_1_113' title='bbox 1274 2261 1549 2315; x_wconf 86' lang='lat' dir='ltr'><strong>commodi</strong></span> <span class='ocrx_word' id='word_1_114' title='bbox 1589 2260 1799 2315; x_wconf 88' lang='lat' dir='ltr'><strong>diceret</strong></span> <span class='ocrx_word' id='word_1_115' title='bbox 1826 2259 1991 2313; x_wconf 85' lang='lat' dir='ltr'><strong>homo</strong></span> <span class='ocrx_word' id='word_1_116' title='bbox 2041 2258 2136 2328; x_wconf 83' lang='lat' dir='ltr'><strong>qui</strong></span> <span class='ocrx_word' id='word_1_117' title='bbox 2170 2256 2303 2311; x_wconf 83' lang='lat' dir='ltr'><strong>nihil</strong></span> 
     </span>
    </p>
   </div>
   <div class='ocr_carea' id='block_1_20' title="bbox 704 2354 1112 2425">
    <p class='ocr_par' dir='ltr' id='par_1_20' title="bbox 704 2354 1112 2425">
     <span class='ocr_line' id='line_1_20' title="bbox 704 2354 1112 2425; baseline -0.015 -13"><span class='ocrx_word' id='word_1_118' title='bbox 704 2357 836 2412; x_wconf 92' lang='lat' dir='ltr'><strong>boni</strong></span> <span class='ocrx_word' id='word_1_119' title='bbox 864 2354 1112 2425; x_wconf 82' lang='lat' dir='ltr'><strong>cogitat?</strong></span> 
     </span>
    </p>
   </div>
   <div class='ocr_carea' id='block_1_21' title="bbox 776 2478 2330 2552">
    <p class='ocr_par' dir='ltr' id='par_1_21' title="bbox 776 2478 2330 2552">
     <span class='ocr_line' id='line_1_21' title="bbox 776 2478 2330 2552; baseline -0.005 -15"><span class='ocrx_word' id='word_1_120' title='bbox 776 2486 1020 2552; x_wconf 77' lang='lat' dir='ltr'><strong>Accepttc</strong></span> <span class='ocrx_word' id='word_1_121' title='bbox 1054 2482 1283 2535; x_wconf 82' lang='lat' dir='ltr'><strong>Domino</strong></span> <span class='ocrx_word' id='word_1_122' title='bbox 1308 2481 1403 2534; x_wconf 76' lang='lat' dir='ltr'><strong>ria:</strong></span> <span class='ocrx_word' id='word_1_123' title='bbox 1429 2481 1726 2548; x_wconf 83' lang='lat' dir='ltr'><strong>justorum.</strong></span> <span class='ocrx_word' id='word_1_124' title='bbox 1768 2478 1999 2532; x_wconf 87' lang='lat' dir='ltr'><strong>Multum</strong></span> <span class='ocrx_word' id='word_1_125' title='bbox 2047 2484 2330 2547; x_wconf 83' lang='lat' dir='ltr'><strong>accepta--</strong></span> 
     </span>
    </p>
   </div>
   <div class='ocr_carea' id='block_1_22' title="bbox 704 2570 2302 2634">
    <p class='ocr_par' dir='ltr' id='par_1_22' title="bbox 704 2570 2302 2634">
     <span class='ocr_line' id='line_1_22' title="bbox 704 2570 2302 2634; baseline -0.006 0"><span class='ocrx_word' id='word_1_126' title='bbox 704 2579 843 2634; x_wconf 86' lang='lat' dir='ltr'><strong>biles</strong></span> <span class='ocrx_word' id='word_1_127' title='bbox 877 2576 1108 2629; x_wconf 75' lang='lat' dir='ltr'><strong>Domino</strong></span> <span class='ocrx_word' id='word_1_128' title='bbox 1136 2585 1189 2628; x_wconf 90' lang='lat' dir='ltr'><strong>ct</strong></span> <span class='ocrx_word' id='word_1_129' title='bbox 1214 2574 1461 2627; x_wconf 91' lang='lat' dir='ltr'><strong>omnium</strong></span> <span class='ocrx_word' id='word_1_130' title='bbox 1497 2588 1680 2626; x_wconf 90' lang='lat' dir='ltr'><strong>rerum</strong></span> <span class='ocrx_word' id='word_1_131' title='bbox 1718 2570 1829 2627; x_wconf 91' lang='lat' dir='ltr'><strong>Deo</strong></span> <span class='ocrx_word' id='word_1_132' title='bbox 1870 2572 2081 2627; x_wconf 73' lang='lat' dir='ltr'><strong>semitas</strong></span> <span class='ocrx_word' id='word_1_133' title='bbox 2110 2586 2302 2626; x_wconf 88' lang='lat' dir='ltr'><strong>eorum</strong></span> 
     </span>
    </p>
   </div>
   <div class='ocr_carea' id='block_1_23' title="bbox 703 2661 2307 2739">
    <p class='ocr_par' dir='ltr' id='par_1_23' title="bbox 703 2661 2307 2739">
     <span class='ocr_line' id='line_1_23' title="bbox 703 2661 2307 2739; baseline -0.004 -18"><span class='ocrx_word' id='word_1_134' title='bbox 703 2670 796 2739; x_wconf 92' lang='lat' dir='ltr'><strong>qui</strong></span> <span class='ocrx_word' id='word_1_135' title='bbox 845 2668 967 2723; x_wconf 87' lang='lat' dir='ltr'><strong>sine</strong></span> <span class='ocrx_word' id='word_1_136' title='bbox 1005 2666 1332 2727; x_wconf 68' lang='lat' dir='ltr'><strong>olfensione,</strong></span> <span class='ocrx_word' id='word_1_137' title='bbox 1369 2663 1674 2718; x_wconf 84' lang='lat' dir='ltr'><strong>seeiindum</strong></span> <span class='ocrx_word' id='word_1_138' title='bbox 1729 2662 2021 2716; x_wconf 79' lang='lat' dir='ltr'><strong>scientiam</strong></span> <span class='ocrx_word' id='word_1_139' title='bbox 2072 2671 2128 2715; x_wconf 91' lang='lat' dir='ltr'><strong>ct</strong></span> <span class='ocrx_word' id='word_1_140' title='bbox 2163 2661 2307 2715; x_wconf 83' lang='lat' dir='ltr'><strong>veti-</strong></span> 
     </span>
    </p>
   </div>
   <div class='ocr_carea' id='block_1_24' title="bbox 705 2756 2305 2825">
    <p class='ocr_par' dir='ltr' id='par_1_24' title="bbox 705 2756 2305 2825">
     <span class='ocr_line' id='line_1_24' title="bbox 705 2756 2305 2825; baseline -0.007 -7"><span class='ocrx_word' id='word_1_141' title='bbox 705 2773 874 2818; x_wconf 78' lang='lat' dir='ltr'><strong>tatcm</strong></span> <span class='ocrx_word' id='word_1_142' title='bbox 918 2761 1135 2823; x_wconf 88' lang='lat' dir='ltr'><strong>vivunt,</strong></span> <span class='ocrx_word' id='word_1_143' title='bbox 1184 2757 1354 2811; x_wconf 79' lang='lat' dir='ltr'><strong>Deum</strong></span> <span class='ocrx_word' id='word_1_144' title='bbox 1393 2764 1829 2825; x_wconf 80' lang='lat' dir='ltr'><strong>consequentur,</strong></span> <span class='ocrx_word' id='word_1_145' title='bbox 1894 2756 1986 2823; x_wconf 85' lang='lat' dir='ltr'><strong>qui</strong></span> <span class='ocrx_word' id='word_1_146' title='bbox 2034 2756 2157 2809; x_wconf 91' lang='lat' dir='ltr'><strong>linis</strong></span> <span class='ocrx_word' id='word_1_147' title='bbox 2212 2767 2305 2807; x_wconf 75' lang='lat' dir='ltr'><strong>co-</strong></span> 
     </span>
    </p>
   </div>
   <div class='ocr_carea' id='block_1_25' title="bbox 704 2846 2302 2929">
    <p class='ocr_par' dir='ltr' id='par_1_25' title="bbox 704 2846 2302 2929">
     <span class='ocr_line' id='line_1_25' title="bbox 704 2846 2302 2929; baseline -0.008 -18"><span class='ocrx_word' id='word_1_148' title='bbox 704 2854 1151 2929; x_wconf 87' lang='lat' dir='ltr'><strong>gnoscendorum</strong></span> <span class='ocrx_word' id='word_1_149' title='bbox 1184 2860 1291 2913; x_wconf 89' lang='lat' dir='ltr'><strong>est,</strong></span> <span class='ocrx_word' id='word_1_150' title='bbox 1322 2850 1533 2905; x_wconf 87' lang='lat' dir='ltr'><strong>scilicet</strong></span> <span class='ocrx_word' id='word_1_151' title='bbox 1562 2849 1787 2911; x_wconf 85' lang='lat' dir='ltr'><strong>veritas,</strong></span> <span class='ocrx_word' id='word_1_152' title='bbox 1819 2856 1870 2902; x_wconf 93' lang='lat' dir='ltr'><strong>et</strong></span> <span class='ocrx_word' id='word_1_153' title='bbox 1907 2848 2029 2902; x_wconf 87' lang='lat' dir='ltr'><strong>linis</strong></span> <span class='ocrx_word' id='word_1_154' title='bbox 2060 2846 2302 2918; x_wconf 80' lang='lat' dir='ltr'><strong>agendo-</strong></span> 
     </span>
    </p>
   </div>
   <div class='ocr_carea' id='block_1_26' title="bbox 704 2943 1412 3012">
    <p class='ocr_par' dir='ltr' id='par_1_26' title="bbox 704 2943 1412 3012">
     <span class='ocr_line' id='line_1_26' title="bbox 704 2943 1412 3012; baseline -0.014 -7"><span class='ocrx_word' id='word_1_155' title='bbox 704 2965 849 3012; x_wconf 87' lang='lat' dir='ltr'><strong>rum,</strong></span> <span class='ocrx_word' id='word_1_156' title='bbox 888 2945 1144 3000; x_wconf 87' lang='lat' dir='ltr'><strong>videlicct</strong></span> <span class='ocrx_word' id='word_1_157' title='bbox 1172 2943 1412 2999; x_wconf 86' lang='lat' dir='ltr'><strong>bonitas.</strong></span> 
     </span>
    </p>
   </div>
   <div class='ocr_carea' id='block_1_27' title="bbox 781 3048 2299 3119">
    <p class='ocr_par' dir='ltr' id='par_1_27' title="bbox 781 3048 2299 3119">
     <span class='ocr_line' id='line_1_27' title="bbox 781 3048 2299 3119; baseline -0.004 -11"><span class='ocrx_word' id='word_1_158' title='bbox 781 3056 881 3110; x_wconf 77' lang='grc' dir='ltr'><strong>Ρτι·</strong></span> <span class='ocrx_word' id='word_1_159' title='bbox 907 3072 996 3109; x_wconf 82' lang='lat' dir='ltr'><strong>eos</strong></span> <span class='ocrx_word' id='word_1_160' title='bbox 1039 3055 1202 3109; x_wconf 80' lang='lat' dir='ltr'><strong>etiam</strong></span> <span class='ocrx_word' id='word_1_161' title='bbox 1242 3052 1544 3106; x_wconf 75' lang='lat' dir='ltr'><strong>adversam</strong></span> <span class='ocrx_word' id='word_1_162' title='bbox 1597 3050 1737 3119; x_wconf 85' lang='lat' dir='ltr'><strong>[iunt</strong></span> <span class='ocrx_word' id='word_1_163' title='bbox 1786 3050 1964 3102; x_wconf 81' lang='lat' dir='ltr'><strong>amici.</strong></span> <span class='ocrx_word' id='word_1_164' title='bbox 2021 3048 2124 3104; x_wconf 79' lang='lat' dir='ltr'><strong>Per</strong></span> <span class='ocrx_word' id='word_1_165' title='bbox 2176 3048 2299 3113; x_wconf 81' lang='lat' dir='ltr'><strong>llos,</strong></span> 
     </span>
    </p>
   </div>
   <div class='ocr_carea' id='block_1_28' title="bbox 704 3138 2297 3218">
    <p class='ocr_par' dir='ltr' id='par_1_28' title="bbox 704 3138 2297 3218">
     <span class='ocr_line' id='line_1_28' title="bbox 704 3138 2297 3218; baseline -0.009 -16"><span class='ocrx_word' id='word_1_166' title='bbox 704 3156 894 3218; x_wconf 90' lang='lat' dir='ltr'><strong>utpote</strong></span> <span class='ocrx_word' id='word_1_167' title='bbox 933 3146 1025 3216; x_wconf 91' lang='lat' dir='ltr'><strong>qui</strong></span> <span class='ocrx_word' id='word_1_168' title='bbox 1061 3145 1198 3197; x_wconf 90' lang='lat' dir='ltr'><strong>alios</strong></span> <span class='ocrx_word' id='word_1_169' title='bbox 1224 3156 1462 3211; x_wconf 80' lang='lat' dir='ltr'><strong>purgare</strong></span> <span class='ocrx_word' id='word_1_170' title='bbox 1520 3148 1574 3193; x_wconf 92' lang='lat' dir='ltr'><strong>et</strong></span> <span class='ocrx_word' id='word_1_171' title='bbox 1630 3152 2025 3193; x_wconf 87' lang='lat' dir='ltr'><strong>consummare</strong></span> <span class='ocrx_word' id='word_1_172' title='bbox 2061 3138 2297 3198; x_wconf 82' lang='lat' dir='ltr'><strong>valeant,</strong></span> 
     </span>
    </p>
   </div>
   <div class='ocr_carea' id='block_1_29' title="bbox 702 3198 2373 3309">
    <p class='ocr_par' dir='ltr' id='par_1_29' title="bbox 702 3198 2373 3309">
     <span class='ocr_line' id='line_1_29' title="bbox 702 3198 2373 3309; baseline -0.008 -15"><span class='ocrx_word' id='word_1_173' title='bbox 702 3198 867 3295; x_wconf 60' lang='lat' dir='ltr'><strong>etiram</strong></span> <span class='ocrx_word' id='word_1_174' title='bbox 897 3198 1060 3309; x_wconf 41' lang='lat' dir='ltr'><strong>iiiqui</strong></span> <span class='ocrx_word' id='word_1_175' title='bbox 1099 3250 1196 3306; x_wconf 89' lang='lat' dir='ltr'><strong>per</strong></span> <span class='ocrx_word' id='word_1_176' title='bbox 1237 3232 1505 3288; x_wconf 85' lang='lat' dir='ltr'><strong>malitiam</strong></span> <span class='ocrx_word' id='word_1_177' title='bbox 1541 3240 1595 3285; x_wconf 91' lang='lat' dir='ltr'><strong>et</strong></span> <span class='ocrx_word' id='word_1_178' title='bbox 1628 3230 1909 3286; x_wconf 87' lang='lat' dir='ltr'><strong>inscitiam</strong></span> <span class='ocrx_word' id='word_1_179' title='bbox 1951 3227 2065 3284; x_wconf 87' lang='lat' dir='ltr'><strong>Deo</strong></span> <span class='ocrx_word' id='word_1_180' title='bbox 2104 3228 2300 3282; x_wconf 89' lang='lat' dir='ltr'><strong>adver-</strong></span> <span class='ocrx_word' id='word_1_181' title='bbox 2329 3198 2373 3261; x_wconf 79' lang='lat' dir='ltr'><strong>C</strong></span> 
     </span>
    </p>
   </div>
   <div class='ocr_carea' id='block_1_30' title="bbox 703 3320 2305 3402">
    <p class='ocr_par' dir='ltr' id='par_1_30' title="bbox 703 3320 2305 3402">
     <span class='ocr_line' id='line_1_30' title="bbox 703 3320 2305 3402; baseline -0.009 -13"><span class='ocrx_word' id='word_1_182' title='bbox 703 3342 921 3395; x_wconf 85' lang='lat' dir='ltr'><strong>santnr,</strong></span> <span class='ocrx_word' id='word_1_183' title='bbox 957 3339 1253 3402; x_wconf 85' lang='lat' dir='ltr'><strong>postquam</strong></span> <span class='ocrx_word' id='word_1_184' title='bbox 1294 3326 1619 3396; x_wconf 88' lang='lat' dir='ltr'><strong>passionum</strong></span> <span class='ocrx_word' id='word_1_185' title='bbox 1654 3322 1919 3379; x_wconf 85' lang='lat' dir='ltr'><strong>sordibus</strong></span> <span class='ocrx_word' id='word_1_186' title='bbox 1960 3320 2210 3376; x_wconf 73' lang='lat' dir='ltr'><strong>defaecati</strong></span> <span class='ocrx_word' id='word_1_187' title='bbox 2250 3329 2305 3375; x_wconf 92' lang='lat' dir='ltr'><strong>et</strong></span> 
     </span>
    </p>
   </div>
   <div class='ocr_carea' id='block_1_31' title="bbox 703 3416 2303 3497">
    <p class='ocr_par' dir='ltr' id='par_1_31' title="bbox 703 3416 2303 3497">
     <span class='ocr_line' id='line_1_31' title="bbox 703 3416 2303 3497; baseline -0.007 -17"><span class='ocrx_word' id='word_1_188' title='bbox 703 3425 1033 3497; x_wconf 75' lang='lat' dir='ltr'><strong>ignorantia:</strong></span> <span class='ocrx_word' id='word_1_189' title='bbox 1078 3423 1317 3493; x_wconf 89' lang='lat' dir='ltr'><strong>caligine</strong></span> <span class='ocrx_word' id='word_1_190' title='bbox 1381 3418 1599 3474; x_wconf 87' lang='lat' dir='ltr'><strong>liberati</strong></span> <span class='ocrx_word' id='word_1_191' title='bbox 1644 3425 1820 3480; x_wconf 90' lang='lat' dir='ltr'><strong>sunt,</strong></span> <span class='ocrx_word' id='word_1_192' title='bbox 1868 3431 1964 3485; x_wconf 89' lang='lat' dir='ltr'><strong>per</strong></span> <span class='ocrx_word' id='word_1_193' title='bbox 2040 3416 2303 3470; x_wconf 72' lang='lat' dir='ltr'><strong>virtutem</strong></span> 
     </span>
    </p>
   </div>
   <div class='ocr_carea' id='block_1_32' title="bbox 702 3510 1906 3592">
    <p class='ocr_par' dir='ltr' id='par_1_32' title="bbox 702 3510 1906 3592">
     <span class='ocr_line' id='line_1_32' title="bbox 702 3510 1906 3592; baseline -0.009 -19"><span class='ocrx_word' id='word_1_194' title='bbox 702 3530 866 3592; x_wconf 90' lang='lat' dir='ltr'><strong>atque</strong></span> <span class='ocrx_word' id='word_1_195' title='bbox 904 3517 1330 3588; x_wconf 77' lang='lat' dir='ltr'><strong>intelligentiam</strong></span> <span class='ocrx_word' id='word_1_196' title='bbox 1361 3512 1473 3567; x_wconf 90' lang='lat' dir='ltr'><strong>Deo</strong></span> <span class='ocrx_word' id='word_1_197' title='bbox 1512 3510 1906 3566; x_wconf 87' lang='lat' dir='ltr'><strong>conciliantur.</strong></span> 
     </span>
    </p>
   </div>
   <div class='ocr_carea' id='block_1_33' title="bbox 777 3636 2305 3715">
    <p class='ocr_par' dir='ltr' id='par_1_33' title="bbox 777 3636 2305 3715">
     <span class='ocr_line' id='line_1_33' title="bbox 777 3636 2305 3715; baseline -0.006 -13"><span class='ocrx_word' id='word_1_198' title='bbox 777 3648 943 3703; x_wconf 74' lang='lat' dir='ltr'><strong>Vens.</strong></span> <span class='ocrx_word' id='word_1_199' title='bbox 968 3648 1059 3703; x_wconf 66' lang='lat'><strong>29.</strong></span> <span class='ocrx_word' id='word_1_200' title='bbox 1090 3644 1266 3715; x_wconf 86' lang='lat' dir='ltr'><strong>Longe</strong></span> <span class='ocrx_word' id='word_1_201' title='bbox 1307 3643 1452 3697; x_wconf 84' lang='lat' dir='ltr'><strong>abest</strong></span> <span class='ocrx_word' id='word_1_202' title='bbox 1488 3640 1745 3694; x_wconf 79' lang='lat' dir='ltr'><strong>Dominus</strong></span> <span class='ocrx_word' id='word_1_203' title='bbox 1801 3639 1865 3692; x_wconf 88' lang='lat' dir='ltr'><strong>ab</strong></span> <span class='ocrx_word' id='word_1_204' title='bbox 1907 3639 2109 3708; x_wconf 86' lang='lat' dir='ltr'><strong>impiis.</strong></span> <span class='ocrx_word' id='word_1_205' title='bbox 2177 3636 2305 3693; x_wconf 86' lang='lat' dir='ltr'><strong>Pro-</strong></span> 
     </span>
    </p>
   </div>
   <div class='ocr_carea' id='block_1_34' title="bbox 700 3734 2302 3806">
    <p class='ocr_par' dir='ltr' id='par_1_34' title="bbox 700 3734 2302 3806">
     <span class='ocr_line' id='line_1_34' title="bbox 700 3734 2302 3806; baseline -0.007 -8"><span class='ocrx_word' id='word_1_206' title='bbox 700 3742 787 3798; x_wconf 87' lang='lat' dir='ltr'><strong>cul</strong></span> <span class='ocrx_word' id='word_1_207' title='bbox 817 3742 960 3795; x_wconf 84' lang='lat' dir='ltr'><strong>Deus</strong></span> <span class='ocrx_word' id='word_1_208' title='bbox 985 3741 1052 3794; x_wconf 87' lang='lat' dir='ltr'><strong>ab</strong></span> <span class='ocrx_word' id='word_1_209' title='bbox 1086 3740 1153 3793; x_wconf 91' lang='lat' dir='ltr'><strong>iis</strong></span> <span class='ocrx_word' id='word_1_210' title='bbox 1181 3746 1315 3801; x_wconf 85' lang='lat' dir='ltr'><strong>stat,</strong></span> <span class='ocrx_word' id='word_1_211' title='bbox 1347 3736 1442 3806; x_wconf 92' lang='lat' dir='ltr'><strong>qui</strong></span> <span class='ocrx_word' id='word_1_212' title='bbox 1487 3736 1643 3788; x_wconf 91' lang='lat' dir='ltr'><strong>illum</strong></span> <span class='ocrx_word' id='word_1_213' title='bbox 1680 3749 1778 3805; x_wconf 86' lang='lat' dir='ltr'><strong>per</strong></span> <span class='ocrx_word' id='word_1_214' title='bbox 1818 3734 1962 3787; x_wconf 87' lang='lat' dir='ltr'><strong>bona</strong></span> <span class='ocrx_word' id='word_1_215' title='bbox 1999 3746 2165 3803; x_wconf 90' lang='lat' dir='ltr'><strong>opera</strong></span> <span class='ocrx_word' id='word_1_216' title='bbox 2190 3748 2302 3788; x_wconf 89' lang='lat' dir='ltr'><strong>non</strong></span> 
     </span>
    </p>
   </div>
   <div class='ocr_carea' id='block_1_35' title="bbox 701 3823 2301 3895">
    <p class='ocr_par' dir='ltr' id='par_1_35' title="bbox 701 3823 2301 3895">
     <span class='ocr_line' id='line_1_35' title="bbox 701 3823 2301 3895; baseline -0.006 -7"><span class='ocrx_word' id='word_1_217' title='bbox 701 3836 995 3895; x_wconf 82' lang='lat' dir='ltr'><strong>honorant,</strong></span> <span class='ocrx_word' id='word_1_218' title='bbox 1030 3846 1098 3884; x_wconf 92' lang='lat' dir='ltr'><strong>ne</strong></span> <span class='ocrx_word' id='word_1_219' title='bbox 1155 3830 1221 3883; x_wconf 86' lang='lat' dir='ltr'><strong>ad</strong></span> <span class='ocrx_word' id='word_1_220' title='bbox 1265 3827 1686 3884; x_wconf 87' lang='lat' dir='ltr'><strong>similitudinem</strong></span> <span class='ocrx_word' id='word_1_221' title='bbox 1743 3826 1895 3880; x_wconf 91' lang='lat' dir='ltr'><strong>illius</strong></span> <span class='ocrx_word' id='word_1_222' title='bbox 1958 3823 2165 3880; x_wconf 78' lang='lat' dir='ltr'><strong>faciant</strong></span> <span class='ocrx_word' id='word_1_223' title='bbox 2205 3825 2301 3879; x_wconf 89' lang='lat' dir='ltr'><strong>bo-</strong></span> 
     </span>
    </p>
   </div>
   <div class='ocr_carea' id='block_1_36' title="bbox 698 3939 853 3980">
    <p class='ocr_par' dir='ltr' id='par_1_36' title="bbox 698 3939 853 3980">
     <span class='ocr_line' id='line_1_36' title="bbox 698 3939 853 3980; baseline -0.026 0"><span class='ocrx_word' id='word_1_224' title='bbox 698 3939 829 3980; x_wconf 73' lang='lat' dir='ltr'><strong>lllllll</strong></span> <span class='ocrx_word' id='word_1_225' title='bbox 840 3963 853 3976; x_wconf 88' lang='lat'><strong>.</strong></span> 
     </span>
    </p>
   </div>
   <div class='ocr_carea' id='block_1_37' title="bbox 770 4046 2301 4119">
    <p class='ocr_par' dir='ltr' id='par_1_37' title="bbox 770 4046 2301 4119">
     <span class='ocr_line' id='line_1_37' title="bbox 770 4046 2301 4119; baseline -0.006 -12"><span class='ocrx_word' id='word_1_226' title='bbox 770 4054 961 4107; x_wconf 78' lang='lat' dir='ltr'><strong>Preces</strong></span> <span class='ocrx_word' id='word_1_227' title='bbox 992 4051 1268 4119; x_wconf 86' lang='lat' dir='ltr'><strong>justorum</strong></span> <span class='ocrx_word' id='word_1_228' title='bbox 1285 4047 1527 4102; x_wconf 77' lang='lat' dir='ltr'><strong>exaudit.</strong></span> <span class='ocrx_word' id='word_1_229' title='bbox 1558 4046 1708 4101; x_wconf 76' lang='lat' dir='ltr'><strong>Votis</strong></span> <span class='ocrx_word' id='word_1_230' title='bbox 1740 4061 1958 4111; x_wconf 88' lang='lat' dir='ltr'><strong>eorum,</strong></span> <span class='ocrx_word' id='word_1_231' title='bbox 1979 4047 2073 4117; x_wconf 90' lang='lat' dir='ltr'><strong>qui</strong></span> <span class='ocrx_word' id='word_1_232' title='bbox 2098 4061 2301 4101; x_wconf 86' lang='lat' dir='ltr'><strong>secun-</strong></span> 
     </span>
    </p>
   </div>
   <div class='ocr_carea' id='block_1_38' title="bbox 700 4140 2297 4215">
    <p class='ocr_par' dir='ltr' id='par_1_38' title="bbox 700 4140 2297 4215">
     <span class='ocr_line' id='line_1_38' title="bbox 700 4140 2297 4215; baseline -0.003 -15"><span class='ocrx_word' id='word_1_233' title='bbox 700 4148 832 4201; x_wconf 90' lang='lat' dir='ltr'><strong>dum</strong></span> <span class='ocrx_word' id='word_1_234' title='bbox 870 4147 1041 4215; x_wconf 90' lang='lat' dir='ltr'><strong>legem</strong></span> <span class='ocrx_word' id='word_1_235' title='bbox 1078 4142 1198 4211; x_wconf 82' lang='lat' dir='ltr'><strong>ejus</strong></span> <span class='ocrx_word' id='word_1_236' title='bbox 1224 4147 1646 4207; x_wconf 87' lang='lat' dir='ltr'><strong>convcrsantur,</strong></span> <span class='ocrx_word' id='word_1_237' title='bbox 1694 4155 1755 4195; x_wconf 90' lang='lat' dir='ltr'><strong>se</strong></span> <span class='ocrx_word' id='word_1_238' title='bbox 1803 4140 2019 4195; x_wconf 81' lang='lat' dir='ltr'><strong>facilem</strong></span> <span class='ocrx_word' id='word_1_239' title='bbox 2062 4141 2297 4211; x_wconf 59' lang='lat' dir='ltr'><strong>prabet;</strong></span> 
     </span>
    </p>
   </div>
   <div class='ocr_carea' id='block_1_39' title="bbox 698 4229 2300 4305">
    <p class='ocr_par' dir='ltr' id='par_1_39' title="bbox 698 4229 2300 4305">
     <span class='ocr_line' id='line_1_39' title="bbox 698 4229 2300 4305; baseline -0.005 -12"><span class='ocrx_word' id='word_1_240' title='bbox 698 4240 851 4305; x_wconf 74' lang='lat' dir='ltr'><strong>ipsos</strong></span> <span class='ocrx_word' id='word_1_241' title='bbox 882 4235 1054 4299; x_wconf 90' lang='lat' dir='ltr'><strong>enim,</strong></span> <span class='ocrx_word' id='word_1_242' title='bbox 1090 4240 1317 4304; x_wconf 87' lang='lat' dir='ltr'><strong>propter</strong></span> <span class='ocrx_word' id='word_1_243' title='bbox 1360 4231 1751 4295; x_wconf 91' lang='lat' dir='ltr'><strong>imitationem,</strong></span> <span class='ocrx_word' id='word_1_244' title='bbox 1779 4229 1923 4284; x_wconf 92' lang='lat' dir='ltr'><strong>inter</strong></span> <span class='ocrx_word' id='word_1_245' title='bbox 1975 4245 2110 4285; x_wconf 87' lang='lat' dir='ltr'><strong>suos</strong></span> <span class='ocrx_word' id='word_1_246' title='bbox 2138 4244 2300 4286; x_wconf 87' lang='lat' dir='ltr'><strong>assu-</strong></span> 
     </span>
    </p>
   </div>
   <div class='ocr_carea' id='block_1_40' title="bbox 696 4330 819 4383">
    <p class='ocr_par' dir='ltr' id='par_1_40' title="bbox 696 4330 819 4383">
     <span class='ocr_line' id='line_1_40' title="bbox 696 4330 819 4383; baseline 0 0"><span class='ocrx_word' id='word_1_247' title='bbox 696 4330 819 4383; x_wconf 88' lang='lat' dir='ltr'><strong>mit.</strong></span> 
     </span>
    </p>
   </div>
   <div class='ocr_carea' id='block_1_41' title="bbox 735 4431 2296 4503">
    <p class='ocr_par' dir='ltr' id='par_1_41' title="bbox 735 4431 2296 4503">
     <span class='ocr_line' id='line_1_41' title="bbox 735 4431 2296 4503; baseline -0.004 -14"><span class='ocrx_word' id='word_1_248' title='bbox 735 4435 965 4489; x_wconf 76' lang='lat' dir='ltr'><strong>~Mclior</strong></span> <span class='ocrx_word' id='word_1_249' title='bbox 1012 4445 1088 4489; x_wconf 85' lang='lat' dir='ltr'><strong>est</strong></span> <span class='ocrx_word' id='word_1_250' title='bbox 1141 4444 1378 4503; x_wconf 79' lang='lat' dir='ltr'><strong>quwstus</strong></span> <span class='ocrx_word' id='word_1_251' title='bbox 1438 4451 1635 4503; x_wconf 79' lang='lat' dir='ltr'><strong>parvus</strong></span> <span class='ocrx_word' id='word_1_252' title='bbox 1694 4449 1815 4487; x_wconf 77' lang='lat' dir='ltr'><strong>tum</strong></span> <span class='ocrx_word' id='word_1_253' title='bbox 1865 4431 2085 4501; x_wconf 82' lang='lat' dir='ltr'><strong>justitia</strong></span> <span class='ocrx_word' id='word_1_254' title='bbox 2138 4446 2296 4500; x_wconf 84' lang='lat' dir='ltr'><strong>quant</strong></span> 
     </span>
    </p>
   </div>
   <div class='ocr_carea' id='block_1_42' title="bbox 2017 398 2661 458">
    <p class='ocr_par' dir='ltr' id='par_1_42' title="bbox 2017 398 2661 458">
     <span class='ocr_line' id='line_1_42' title="bbox 2017 398 2661 458; baseline -0.002 -1"><span class='ocrx_word' id='word_1_255' title='bbox 2017 398 2373 458; x_wconf 80' lang='lat' dir='ltr'><strong>PROCOPII</strong></span> <span class='ocrx_word' id='word_1_256' title='bbox 2418 398 2661 457; x_wconf 69' lang='lat' dir='ltr'><strong>GALEI</strong></span> 
     </span>
    </p>
   </div>
   <div class='ocr_carea' id='block_1_43' title="bbox 3866 398 4009 462">
    <p class='ocr_par' dir='ltr' id='par_1_43' title="bbox 3866 398 4009 462">
     <span class='ocr_line' id='line_1_43' title="bbox 3866 398 4009 462; baseline 0.007 -3"><span class='ocrx_word' id='word_1_257' title='bbox 3866 398 3883 459; x_wconf 84' lang='grc'>1</span> <span class='ocrx_word' id='word_1_258' title='bbox 3896 399 4009 462; x_wconf 81' lang='lat'><strong>380</strong></span> 
     </span>
    </p>
   </div>
   <div class='ocr_carea' id='block_1_44' title="bbox 2488 508 4011 579">
    <p class='ocr_par' dir='ltr' id='par_1_44' title="bbox 2488 508 4011 579">
     <span class='ocr_line' id='line_1_44' title="bbox 2488 508 4011 579; baseline 0.001 -18"><span class='ocrx_word' id='word_1_259' title='bbox 2488 508 2963 575; x_wconf 68' lang='lat' dir='ltr'><strong>&#39;EJemtcotit-atc</strong></span> <span class='ocrx_word' id='word_1_260' title='bbox 3011 509 3104 559; x_wconf 79' lang='grc' dir='ltr'><strong>καί</strong></span> <span class='ocrx_word' id='word_1_261' title='bbox 3175 510 3460 562; x_wconf 75' lang='grc' dir='ltr'><em>πίστεσιν</em></span> <span class='ocrx_word' id='word_1_262' title='bbox 3503 509 4011 579; x_wconf 70' lang='grc' dir='ltr'>ἀποκαθαίρονται</span> 
     </span>
    </p>
   </div>
   <div class='ocr_carea' id='block_1_45' title="bbox 2416 599 4011 668">
    <p class='ocr_par' dir='ltr' id='par_1_45' title="bbox 2416 599 4011 668">
     <span class='ocr_line' id='line_1_45' title="bbox 2416 599 4011 668; baseline -0.001 -18"><span class='ocrx_word' id='word_1_263' title='bbox 2416 599 2713 667; x_wconf 80' lang='grc' dir='ltr'>ἁμαρτίαι.</span> <span class='ocrx_word' id='word_1_264' title='bbox 2739 599 2865 659; x_wconf 83' lang='grc' dir='ltr'>Τοῖς</span> <span class='ocrx_word' id='word_1_265' title='bbox 2910 599 3213 667; x_wconf 83' lang='grc' dir='ltr'>οίκτιρμοῖς</span> <span class='ocrx_word' id='word_1_266' title='bbox 3291 599 3395 649; x_wconf 87' lang='grc' dir='ltr'><strong>τῶν</strong></span> <span class='ocrx_word' id='word_1_267' title='bbox 3434 600 3705 668; x_wconf 78' lang='grc' dir='ltr'><strong>πενήτων,</strong></span> <span class='ocrx_word' id='word_1_268' title='bbox 3740 602 3835 652; x_wconf 66' lang='grc' dir='ltr'><strong>καὶ</strong></span> <span class='ocrx_word' id='word_1_269' title='bbox 3885 602 4011 660; x_wconf 85' lang='grc' dir='ltr'>ταῖς</span> 
     </span>
    </p>
   </div>
   <div class='ocr_carea' id='block_1_46' title="bbox 2414 689 4014 760">
    <p class='ocr_par' dir='ltr' id='par_1_46' title="bbox 2414 689 4014 760">
     <span class='ocr_line' id='line_1_46' title="bbox 2414 689 4014 760; baseline 0.001 -20"><span class='ocrx_word' id='word_1_270' title='bbox 2414 692 2495 752; x_wconf 83' lang='grc' dir='ltr'>εἰς</span> <span class='ocrx_word' id='word_1_271' title='bbox 2530 691 2622 742; x_wconf 86' lang='grc' dir='ltr'><strong>τὸν</strong></span> <span class='ocrx_word' id='word_1_272' title='bbox 2656 690 2790 741; x_wconf 82' lang='grc' dir='ltr'>Θεὸν</span> <span class='ocrx_word' id='word_1_273' title='bbox 2837 689 3104 756; x_wconf 76' lang='grc' dir='ltr'><strong>πίστεσιν,</strong></span> <span class='ocrx_word' id='word_1_274' title='bbox 3165 690 3241 752; x_wconf 84' lang='grc' dir='ltr'>ὡς</span> <span class='ocrx_word' id='word_1_275' title='bbox 3300 692 3645 760; x_wconf 73' lang='grc' dir='ltr'>Δημιουργὸν</span> <span class='ocrx_word' id='word_1_276' title='bbox 3672 697 3763 743; x_wconf 84' lang='grc' dir='ltr'>καὶ</span> <span class='ocrx_word' id='word_1_277' title='bbox 3785 706 4014 760; x_wconf 83' lang='grc' dir='ltr'>προνοη-</span> 
     </span>
    </p>
   </div>
   <div class='ocr_carea' id='block_1_47' title="bbox 2414 779 4011 849">
    <p class='ocr_par' dir='ltr' id='par_1_47' title="bbox 2414 779 4011 849">
     <span class='ocr_line' id='line_1_47' title="bbox 2414 779 4011 849; baseline -0.001 -18"><span class='ocrx_word' id='word_1_278' title='bbox 2414 779 2513 849; x_wconf 81' lang='grc' dir='ltr'>τὴν</span> <span class='ocrx_word' id='word_1_279' title='bbox 2545 781 2636 832; x_wconf 75' lang='grc' dir='ltr'><strong>καὶ</strong></span> <span class='ocrx_word' id='word_1_280' title='bbox 2667 780 2880 849; x_wconf 69' lang='grc' dir='ltr'>κριτὴν,</span> <span class='ocrx_word' id='word_1_281' title='bbox 2911 780 3271 832; x_wconf 81' lang='grc' dir='ltr'>ὲκπλύνονται</span> <span class='ocrx_word' id='word_1_282' title='bbox 3302 782 3358 831; x_wconf 80' lang='grc' dir='ltr'>αἱ</span> <span class='ocrx_word' id='word_1_283' title='bbox 3382 779 3477 832; x_wconf 86' lang='grc' dir='ltr'><strong>τοῦ</strong></span> <span class='ocrx_word' id='word_1_284' title='bbox 3526 781 3739 847; x_wconf 81' lang='grc' dir='ltr'>ἀγαυοῦ</span> <span class='ocrx_word' id='word_1_285' title='bbox 3782 781 3878 831; x_wconf 77' lang='grc' dir='ltr'>καὶ</span> <span class='ocrx_word' id='word_1_286' title='bbox 3906 779 4011 845; x_wconf 75' lang='grc' dir='ltr'>τῆς</span> 
     </span>
    </p>
   </div>
   <div class='ocr_carea' id='block_1_48' title="bbox 2414 872 3747 943">
    <p class='ocr_par' dir='ltr' id='par_1_48' title="bbox 2414 872 3747 943">
     <span class='ocr_line' id='line_1_48' title="bbox 2414 872 3747 943; baseline -0.001 -18"><span class='ocrx_word' id='word_1_287' title='bbox 2414 872 2675 943; x_wconf 84' lang='grc' dir='ltr'>ἀληθείας</span> <span class='ocrx_word' id='word_1_288' title='bbox 2724 873 2811 925; x_wconf 73' lang='grc' dir='ltr'><strong>διὰ</strong></span> <span class='ocrx_word' id='word_1_289' title='bbox 2838 873 3036 926; x_wconf 86' lang='grc' dir='ltr'>κακίαν</span> <span class='ocrx_word' id='word_1_290' title='bbox 3061 874 3154 925; x_wconf 69' lang='grc' dir='ltr'><strong>καὶ</strong></span> <span class='ocrx_word' id='word_1_291' title='bbox 3182 873 3403 939; x_wconf 83' lang='grc' dir='ltr'>ἄγνοιαν</span> <span class='ocrx_word' id='word_1_292' title='bbox 3431 873 3747 941; x_wconf 73' lang='grc' dir='ltr'>ἀποτυχίαι.</span> 
     </span>
    </p>
   </div>
   <div class='ocr_carea' id='block_1_49' title="bbox 2492 995 4011 1067">
    <p class='ocr_par' dir='ltr' id='par_1_49' title="bbox 2492 995 4011 1067">
     <span class='ocr_line' id='line_1_49' title="bbox 2492 995 4011 1067; baseline -0.005 -14"><span class='ocrx_word' id='word_1_293' title='bbox 2492 998 2576 1063; x_wconf 86' lang='grc' dir='ltr'><strong>Τῷ</strong></span> <span class='ocrx_word' id='word_1_294' title='bbox 2603 998 2673 1051; x_wconf 84' lang='grc' dir='ltr'>δὲ</span> <span class='ocrx_word' id='word_1_295' title='bbox 2704 1000 2866 1067; x_wconf 70' lang='grc' dir='ltr'><strong>φόϐῳ</strong></span> <span class='ocrx_word' id='word_1_296' title='bbox 2907 1000 3130 1065; x_wconf 78' lang='grc' dir='ltr'>Κυρίου</span> <span class='ocrx_word' id='word_1_297' title='bbox 3183 998 3448 1051; x_wconf 67' lang='grc' dir='ltr'>ἐκκλίνει</span> <span class='ocrx_word' id='word_1_298' title='bbox 3493 995 3613 1062; x_wconf 80' lang='grc' dir='ltr'>πᾶς</span> <span class='ocrx_word' id='word_1_299' title='bbox 3643 998 3763 1051; x_wconf 77' lang='grc' dir='ltr'>ἀπὸ</span> <span class='ocrx_word' id='word_1_300' title='bbox 3794 995 4011 1048; x_wconf 76' lang='grc' dir='ltr'>κακοῦ.</span> 
     </span>
    </p>
   </div>
   <div class='ocr_carea' id='block_1_50' title="bbox 2414 1088 4017 1160">
    <p class='ocr_par' dir='ltr' id='par_1_50' title="bbox 2414 1088 4017 1160">
     <span class='ocr_line' id='line_1_50' title="bbox 2414 1088 4017 1160; baseline -0.004 -16"><span class='ocrx_word' id='word_1_301' title='bbox 2414 1089 2503 1160; x_wconf 80' lang='grc' dir='ltr'><strong>Τῷ</strong></span> <span class='ocrx_word' id='word_1_302' title='bbox 2540 1091 2586 1142; x_wconf 80' lang='grc' dir='ltr'>δ’</span> <span class='ocrx_word' id='word_1_303' title='bbox 2639 1092 2705 1143; x_wconf 82' lang='grc' dir='ltr'>ὲκ</span> <span class='ocrx_word' id='word_1_304' title='bbox 2754 1092 2991 1152; x_wconf 83' lang='grc' dir='ltr'>πίστεως</span> <span class='ocrx_word' id='word_1_305' title='bbox 3016 1089 3147 1159; x_wconf 85' lang='grc' dir='ltr'>θείῳ</span> <span class='ocrx_word' id='word_1_306' title='bbox 3174 1090 3270 1141; x_wconf 75' lang='grc' dir='ltr'><strong>καὶ</strong></span> <span class='ocrx_word' id='word_1_307' title='bbox 3324 1088 3643 1158; x_wconf 79' lang='grc' dir='ltr'>Δεσποτικῴ</span> <span class='ocrx_word' id='word_1_308' title='bbox 3702 1089 3855 1157; x_wconf 80' lang='grc' dir='ltr'><strong>φόϐῳ</strong></span> <span class='ocrx_word' id='word_1_309' title='bbox 3902 1088 4017 1141; x_wconf 71' lang='grc' dir='ltr'><strong>ἀπὸ</strong></span> 
     </span>
    </p>
   </div>
   <div class='ocr_carea' id='block_1_51' title="bbox 2411 1180 4010 1253">
    <p class='ocr_par' dir='ltr' id='par_1_51' title="bbox 2411 1180 4010 1253">
     <span class='ocr_line' id='line_1_51' title="bbox 2411 1180 4010 1253; baseline -0.003 -17"><span class='ocrx_word' id='word_1_310' title='bbox 2411 1184 2510 1253; x_wconf 81' lang='grc' dir='ltr'><strong>τῆς</strong></span> <span class='ocrx_word' id='word_1_311' title='bbox 2539 1184 2738 1244; x_wconf 91' lang='grc' dir='ltr'>κακίας</span> <span class='ocrx_word' id='word_1_312' title='bbox 2799 1183 3161 1250; x_wconf 79' lang='grc' dir='ltr'><strong>ἐκφεύγουσιν</strong></span> <span class='ocrx_word' id='word_1_313' title='bbox 3201 1183 3444 1244; x_wconf 76' lang='grc' dir='ltr'>ἅπαντες</span> <span class='ocrx_word' id='word_1_314' title='bbox 3480 1198 3492 1210; x_wconf 90' lang='grc'><strong>·</strong></span> <span class='ocrx_word' id='word_1_315' title='bbox 3524 1183 3553 1233; x_wconf 84' lang='grc' dir='ltr'>ὁ</span> <span class='ocrx_word' id='word_1_316' title='bbox 3583 1182 3860 1233; x_wconf 81' lang='grc' dir='ltr'>πιστεύων</span> <span class='ocrx_word' id='word_1_317' title='bbox 3896 1180 4010 1247; x_wconf 84' lang='grc' dir='ltr'><strong>γὰρ</strong></span> 
     </span>
    </p>
   </div>
   <div class='ocr_carea' id='block_1_52' title="bbox 2414 1272 4016 1344">
    <p class='ocr_par' dir='ltr' id='par_1_52' title="bbox 2414 1272 4016 1344">
     <span class='ocr_line' id='line_1_52' title="bbox 2414 1272 4016 1344; baseline -0.004 -16"><span class='ocrx_word' id='word_1_318' title='bbox 2414 1275 2493 1343; x_wconf 82' lang='grc' dir='ltr'><strong>τῷ</strong></span> <span class='ocrx_word' id='word_1_319' title='bbox 2525 1275 2733 1344; x_wconf 79' lang='grc' dir='ltr'>Κυρίῳ,</span> <span class='ocrx_word' id='word_1_320' title='bbox 2768 1273 3016 1341; x_wconf 76' lang='grc' dir='ltr'>φοϐεῖται</span> <span class='ocrx_word' id='word_1_321' title='bbox 3049 1274 3148 1341; x_wconf 81' lang='grc' dir='ltr'><strong>τὴν</strong></span> <span class='ocrx_word' id='word_1_322' title='bbox 3174 1272 3397 1325; x_wconf 83' lang='grc' dir='ltr'><strong>κόλασιν</strong></span> <span class='ocrx_word' id='word_1_323' title='bbox 3432 1290 3446 1306; x_wconf 67' lang='grc' dir='ltr'><strong>θ</strong></span> <span class='ocrx_word' id='word_1_324' title='bbox 3476 1275 3505 1325; x_wconf 86' lang='grc' dir='ltr'>ὁ</span> <span class='ocrx_word' id='word_1_325' title='bbox 3536 1274 3593 1327; x_wconf 82' lang='grc' dir='ltr'>δὲ</span> <span class='ocrx_word' id='word_1_326' title='bbox 3655 1273 3861 1341; x_wconf 79' lang='grc' dir='ltr'>ταύτην</span> <span class='ocrx_word' id='word_1_327' title='bbox 3912 1289 4016 1340; x_wconf 67' lang='grc' dir='ltr'><strong>φο-</strong></span> 
     </span>
    </p>
   </div>
   <div class='ocr_carea' id='block_1_53' title="bbox 2415 1364 3661 1435">
    <p class='ocr_par' dir='ltr' id='par_1_53' title="bbox 2415 1364 3661 1435">
     <span class='ocr_line' id='line_1_53' title="bbox 2415 1364 3661 1435; baseline -0.001 -17"><span class='ocrx_word' id='word_1_328' title='bbox 2415 1366 2703 1435; x_wconf 76' lang='grc' dir='ltr'>ϐούμενος,</span> <span class='ocrx_word' id='word_1_329' title='bbox 2733 1365 3133 1434; x_wconf 74' lang='grc' dir='ltr'>ἐγκρατεύεται</span> <span class='ocrx_word' id='word_1_330' title='bbox 3169 1364 3277 1417; x_wconf 84' lang='grc' dir='ltr'><strong>ἀπὸ</strong></span> <span class='ocrx_word' id='word_1_331' title='bbox 3307 1364 3419 1417; x_wconf 89' lang='grc' dir='ltr'><strong>τῶν</strong></span> <span class='ocrx_word' id='word_1_332' title='bbox 3446 1364 3661 1417; x_wconf 87' lang='grc' dir='ltr'>παθῶν.</span> 
     </span>
    </p>
   </div>
   <div class='ocr_carea' id='block_1_54' title="bbox 2486 1487 4016 1561">
    <p class='ocr_par' dir='ltr' id='par_1_54' title="bbox 2486 1487 4016 1561">
     <span class='ocr_line' id='line_1_54' title="bbox 2486 1487 4016 1561; baseline -0.005 -16"><span class='ocrx_word' id='word_1_333' title='bbox 2486 1499 2590 1561; x_wconf 79' lang='grc' dir='ltr'>κη’.</span> <span class='ocrx_word' id='word_1_334' title='bbox 2633 1493 2875 1560; x_wconf 82' lang='grc' dir='ltr'>Καρδιάι</span> <span class='ocrx_word' id='word_1_335' title='bbox 2904 1490 3155 1544; x_wconf 75' lang='grc' dir='ltr'>δικαίων</span> <span class='ocrx_word' id='word_1_336' title='bbox 3182 1488 3485 1558; x_wconf 81' lang='grc' dir='ltr'><strong>μελετῶσι</strong></span> <span class='ocrx_word' id='word_1_337' title='bbox 3517 1492 3774 1553; x_wconf 82' lang='grc' dir='ltr'><strong>πίστεις.</strong></span> <span class='ocrx_word' id='word_1_338' title='bbox 3804 1489 3870 1539; x_wconf 81' lang='lat' dir='ltr'><strong>At</strong></span> <span class='ocrx_word' id='word_1_339' title='bbox 3902 1487 4016 1539; x_wconf 86' lang='grc' dir='ltr'><strong>τῶν</strong></span> 
     </span>
    </p>
   </div>
   <div class='ocr_carea' id='block_1_55' title="bbox 2412 1580 4015 1653">
    <p class='ocr_par' dir='ltr' id='par_1_55' title="bbox 2412 1580 4015 1653">
     <span class='ocr_line' id='line_1_55' title="bbox 2412 1580 4015 1653; baseline -0.004 -16"><span class='ocrx_word' id='word_1_340' title='bbox 2412 1585 2553 1637; x_wconf 76' lang='grc' dir='ltr'>κατὰ</span> <span class='ocrx_word' id='word_1_341' title='bbox 2576 1585 2702 1646; x_wconf 70' lang='grc' dir='ltr'>τοὺς</span> <span class='ocrx_word' id='word_1_342' title='bbox 2732 1583 2911 1641; x_wconf 82' lang='grc' dir='ltr'>θείους</span> <span class='ocrx_word' id='word_1_343' title='bbox 2939 1583 3138 1653; x_wconf 87' lang='grc' dir='ltr'>νόμους</span> <span class='ocrx_word' id='word_1_344' title='bbox 3183 1582 3625 1652; x_wconf 83' lang='grc' dir='ltr'>πολιτευομένων</span> <span class='ocrx_word' id='word_1_345' title='bbox 3658 1580 3855 1650; x_wconf 75' lang='grc' dir='ltr'>ψυχαὶ,</span> <span class='ocrx_word' id='word_1_346' title='bbox 3888 1582 4015 1642; x_wconf 85' lang='grc' dir='ltr'>ταῖς</span> 
     </span>
    </p>
   </div>
   <div class='ocr_carea' id='block_1_56' title="bbox 2413 1671 4013 1745">
    <p class='ocr_par' dir='ltr' id='par_1_56' title="bbox 2413 1671 4013 1745">
     <span class='ocr_line' id='line_1_56' title="bbox 2413 1671 4013 1745; baseline -0.003 -18"><span class='ocrx_word' id='word_1_347' title='bbox 2413 1675 2549 1745; x_wconf 83' lang='grc' dir='ltr'>πρὸς</span> <span class='ocrx_word' id='word_1_348' title='bbox 2605 1676 2702 1737; x_wconf 72' lang='grc' dir='ltr'><strong>τὰς</strong></span> <span class='ocrx_word' id='word_1_349' title='bbox 2733 1673 3074 1735; x_wconf 79' lang='grc' dir='ltr'>Δεσποτικάς</span> <span class='ocrx_word' id='word_1_350' title='bbox 3126 1671 3349 1735; x_wconf 80' lang='grc' dir='ltr'>ἐντολὰς</span> <span class='ocrx_word' id='word_1_351' title='bbox 3403 1672 3743 1732; x_wconf 84' lang='grc' dir='ltr'>εύπειθείαις</span> <span class='ocrx_word' id='word_1_352' title='bbox 3777 1672 4013 1739; x_wconf 80' lang='grc' dir='ltr'>ἑνασχο-</span> 
     </span>
    </p>
   </div>
   <div class='ocr_carea' id='block_1_57' title="bbox 2410 1764 4020 1836">
    <p class='ocr_par' dir='ltr' id='par_1_57' title="bbox 2410 1764 4020 1836">
     <span class='ocr_line' id='line_1_57' title="bbox 2410 1764 4020 1836; baseline -0.001 -19"><span class='ocrx_word' id='word_1_353' title='bbox 2410 1765 2632 1817; x_wconf 85' lang='grc' dir='ltr'>λοῦνται</span> <span class='ocrx_word' id='word_1_354' title='bbox 2656 1765 2972 1829; x_wconf 81' lang='grc' dir='ltr'>διαπαντὸς,</span> <span class='ocrx_word' id='word_1_355' title='bbox 3008 1766 3083 1829; x_wconf 86' lang='grc' dir='ltr'>ὠς</span> <span class='ocrx_word' id='word_1_356' title='bbox 3117 1765 3253 1836; x_wconf 79' lang='grc' dir='ltr'>μηδὲ</span> <span class='ocrx_word' id='word_1_357' title='bbox 3290 1764 3433 1817; x_wconf 83' lang='grc' dir='ltr'>κατὰ</span> <span class='ocrx_word' id='word_1_358' title='bbox 3481 1764 3723 1818; x_wconf 83' lang='grc' dir='ltr'>διάνοιαν</span> <span class='ocrx_word' id='word_1_359' title='bbox 3752 1764 4020 1834; x_wconf 84' lang='grc' dir='ltr'>ἀμαρτά-</span> 
     </span>
    </p>
   </div>
   <div class='ocr_carea' id='block_1_58' title="bbox 2343 1855 2893 1926">
    <p class='ocr_par' dir='ltr' id='par_1_58' title="bbox 2343 1855 2893 1926">
     <span class='ocr_line' id='line_1_58' title="bbox 2343 1855 2893 1926; baseline 0.005 -19"><span class='ocrx_word' id='word_1_360' title='bbox 2343 1864 2385 1916; x_wconf 67' lang='grc' dir='ltr'><strong>ιι</strong></span> <span class='ocrx_word' id='word_1_361' title='bbox 2415 1873 2525 1908; x_wconf 84' lang='grc' dir='ltr'>νειν</span> <span class='ocrx_word' id='word_1_362' title='bbox 2547 1855 2893 1926; x_wconf 76' lang='grc' dir='ltr'>βουλόμεναι.</span> 
     </span>
    </p>
   </div>
   <div class='ocr_carea' id='block_1_59' title="bbox 2482 1983 4015 2054">
    <p class='ocr_par' dir='ltr' id='par_1_59' title="bbox 2482 1983 4015 2054">
     <span class='ocr_line' id='line_1_59' title="bbox 2482 1983 4015 2054; baseline -0.003 -15"><span class='ocrx_word' id='word_1_363' title='bbox 2482 1987 2679 2052; x_wconf 82' lang='grc' dir='ltr'>Στόμα</span> <span class='ocrx_word' id='word_1_364' title='bbox 2718 1984 2785 2037; x_wconf 75' lang='grc' dir='ltr'>δὲ</span> <span class='ocrx_word' id='word_1_365' title='bbox 2813 1984 3052 2039; x_wconf 77' lang='grc' dir='ltr'>ἀσεϐῶν</span> <span class='ocrx_word' id='word_1_366' title='bbox 3071 1986 3467 2054; x_wconf 80' lang='grc' dir='ltr'>ἀποκρίνεται</span> <span class='ocrx_word' id='word_1_367' title='bbox 3491 1983 3669 2039; x_wconf 76' lang='grc' dir='ltr'>κακά.</span> <span class='ocrx_word' id='word_1_368' title='bbox 3699 1984 3823 2037; x_wconf 89' lang='grc' dir='ltr'><strong>Τῶν</strong></span> <span class='ocrx_word' id='word_1_369' title='bbox 3846 1983 3901 2036; x_wconf 75' lang='grc' dir='ltr'>δὲ</span> <span class='ocrx_word' id='word_1_370' title='bbox 3938 1983 4015 2053; x_wconf 82' lang='grc' dir='ltr'>μὴ</span> 
     </span>
    </p>
   </div>
   <div class='ocr_carea' id='block_1_60' title="bbox 2408 2076 4015 2148">
    <p class='ocr_par' dir='ltr' id='par_1_60' title="bbox 2408 2076 4015 2148">
     <span class='ocr_line' id='line_1_60' title="bbox 2408 2076 4015 2148; baseline -0.001 -18"><span class='ocrx_word' id='word_1_371' title='bbox 2408 2078 2475 2131; x_wconf 79' lang='grc' dir='ltr'>δι’</span> <span class='ocrx_word' id='word_1_372' title='bbox 2499 2076 2718 2146; x_wconf 81' lang='grc' dir='ltr'>ἀγαθῶν</span> <span class='ocrx_word' id='word_1_373' title='bbox 2747 2077 2926 2147; x_wconf 79' lang='grc' dir='ltr'>ἔργων</span> <span class='ocrx_word' id='word_1_374' title='bbox 2958 2078 3246 2148; x_wconf 81' lang='grc' dir='ltr'>τιμώντων</span> <span class='ocrx_word' id='word_1_375' title='bbox 3269 2078 3426 2141; x_wconf 84' lang='grc' dir='ltr'>Θεὸν,</span> <span class='ocrx_word' id='word_1_376' title='bbox 3461 2078 3556 2130; x_wconf 78' lang='grc' dir='ltr'><strong>καὶ</strong></span> <span class='ocrx_word' id='word_1_377' title='bbox 3581 2078 3717 2130; x_wconf 77' lang='grc' dir='ltr'>αὐτὸ</span> <span class='ocrx_word' id='word_1_378' title='bbox 3775 2077 3839 2129; x_wconf 86' lang='grc' dir='ltr'><strong>τὸ</strong></span> <span class='ocrx_word' id='word_1_379' title='bbox 3896 2094 4015 2144; x_wconf 74' lang='grc' dir='ltr'><strong>φω-</strong></span> 
     </span>
    </p>
   </div>
   <div class='ocr_carea' id='block_1_61' title="bbox 2408 2168 4012 2240">
    <p class='ocr_par' dir='ltr' id='par_1_61' title="bbox 2408 2168 4012 2240">
     <span class='ocr_line' id='line_1_61' title="bbox 2408 2168 4012 2240; baseline -0.001 -18"><span class='ocrx_word' id='word_1_380' title='bbox 2408 2170 2627 2239; x_wconf 82' lang='grc' dir='ltr'>νητικὸν</span> <span class='ocrx_word' id='word_1_381' title='bbox 2684 2169 2939 2240; x_wconf 79' lang='grc' dir='ltr'>ὄργανον,</span> <span class='ocrx_word' id='word_1_382' title='bbox 2996 2171 3061 2222; x_wconf 84' lang='grc' dir='ltr'>ὲκ</span> <span class='ocrx_word' id='word_1_383' title='bbox 3096 2168 3537 2239; x_wconf 75' lang='grc' dir='ltr'>περισσεύματος</span> <span class='ocrx_word' id='word_1_384' title='bbox 3596 2169 3700 2238; x_wconf 83' lang='grc' dir='ltr'><strong>τῆς</strong></span> <span class='ocrx_word' id='word_1_385' title='bbox 3756 2168 4012 2239; x_wconf 85' lang='grc' dir='ltr'>καρδίας,</span> 
     </span>
    </p>
   </div>
   <div class='ocr_carea' id='block_1_62' title="bbox 2410 2261 4014 2333">
    <p class='ocr_par' dir='ltr' id='par_1_62' title="bbox 2410 2261 4014 2333">
     <span class='ocr_line' id='line_1_62' title="bbox 2410 2261 4014 2333; baseline -0.006 -16"><span class='ocrx_word' id='word_1_386' title='bbox 2410 2262 2633 2333; x_wconf 74' lang='grc' dir='ltr'>πονηρὰ</span> <span class='ocrx_word' id='word_1_387' title='bbox 2655 2266 2769 2325; x_wconf 84' lang='grc' dir='ltr'>τοῖς</span> <span class='ocrx_word' id='word_1_388' title='bbox 2802 2261 3080 2333; x_wconf 75' lang='grc' dir='ltr'>ἐρωτῶσιν</span> <span class='ocrx_word' id='word_1_389' title='bbox 3122 2262 3476 2330; x_wconf 81' lang='grc' dir='ltr'>ἀπολογεῖται</span> <span class='ocrx_word' id='word_1_390' title='bbox 3511 2279 3524 2291; x_wconf 88' lang='grc'><strong>·</strong></span> <span class='ocrx_word' id='word_1_391' title='bbox 3555 2262 3609 2313; x_wconf 86' lang='grc' dir='ltr'><strong>τί</strong></span> <span class='ocrx_word' id='word_1_392' title='bbox 3641 2263 3751 2332; x_wconf 74' lang='grc' dir='ltr'><strong>γὰρ</strong></span> <span class='ocrx_word' id='word_1_393' title='bbox 3781 2261 3850 2315; x_wconf 80' lang='grc' dir='ltr'>ἂν</span> <span class='ocrx_word' id='word_1_394' title='bbox 3872 2261 4014 2331; x_wconf 81' lang='grc' dir='ltr'><strong>χρή-</strong></span> 
     </span>
    </p>
   </div>
   <div class='ocr_carea' id='block_1_63' title="bbox 2409 2352 3844 2426">
    <p class='ocr_par' dir='ltr' id='par_1_63' title="bbox 2409 2352 3844 2426">
     <span class='ocr_line' id='line_1_63' title="bbox 2409 2352 3844 2426; baseline -0.001 -19"><span class='ocrx_word' id='word_1_395' title='bbox 2409 2372 2570 2425; x_wconf 89' lang='grc' dir='ltr'>σιμον</span> <span class='ocrx_word' id='word_1_396' title='bbox 2600 2354 2893 2424; x_wconf 80' lang='grc' dir='ltr'>φθέγξαιτο</span> <span class='ocrx_word' id='word_1_397' title='bbox 2924 2355 2951 2407; x_wconf 88' lang='grc' dir='ltr'>ὁ</span> <span class='ocrx_word' id='word_1_398' title='bbox 2990 2357 3063 2426; x_wconf 83' lang='grc' dir='ltr'>μή</span> <span class='ocrx_word' id='word_1_399' title='bbox 3103 2373 3156 2409; x_wconf 88' lang='grc' dir='ltr'><strong>τι</strong></span> <span class='ocrx_word' id='word_1_400' title='bbox 3186 2354 3565 2425; x_wconf 87' lang='grc' dir='ltr'>διανοούμενος</span> <span class='ocrx_word' id='word_1_401' title='bbox 3596 2352 3844 2423; x_wconf 86' lang='grc' dir='ltr'>ἀγαθόν;</span> 
     </span>
    </p>
   </div>
   <div class='ocr_carea' id='block_1_64' title="bbox 2478 2479 4012 2550">
    <p class='ocr_par' dir='ltr' id='par_1_64' title="bbox 2478 2479 4012 2550">
     <span class='ocr_line' id='line_1_64' title="bbox 2478 2479 4012 2550; baseline -0.001 -17"><span class='ocrx_word' id='word_1_402' title='bbox 2478 2482 2683 2534; x_wconf 74' lang='grc' dir='ltr'>Δεκται</span> <span class='ocrx_word' id='word_1_403' title='bbox 2707 2480 2867 2549; x_wconf 78' lang='grc' dir='ltr'>παρά</span> <span class='ocrx_word' id='word_1_404' title='bbox 2893 2481 3088 2549; x_wconf 80' lang='grc' dir='ltr'>Κυρίῳ</span> <span class='ocrx_word' id='word_1_405' title='bbox 3113 2481 3241 2535; x_wconf 76' lang='grc' dir='ltr'>ὁδοὶ</span> <span class='ocrx_word' id='word_1_406' title='bbox 3292 2479 3533 2550; x_wconf 81' lang='grc' dir='ltr'>ἀνδρῶν</span> <span class='ocrx_word' id='word_1_407' title='bbox 3574 2480 3847 2534; x_wconf 80' lang='grc' dir='ltr'>δικαίων.</span> <span class='ocrx_word' id='word_1_408' title='bbox 3904 2480 4012 2531; x_wconf 80' lang='grc' dir='ltr'><strong>Εὐ-</strong></span> 
     </span>
    </p>
   </div>
   <div class='ocr_carea' id='block_1_65' title="bbox 2410 2571 4011 2645">
    <p class='ocr_par' dir='ltr' id='par_1_65' title="bbox 2410 2571 4011 2645">
     <span class='ocr_line' id='line_1_65' title="bbox 2410 2571 4011 2645; baseline -0.002 -20"><span class='ocrx_word' id='word_1_409' title='bbox 2410 2572 2743 2645; x_wconf 83' lang='grc' dir='ltr'>παράδεκτοι</span> <span class='ocrx_word' id='word_1_410' title='bbox 2770 2572 2850 2643; x_wconf 83' lang='grc' dir='ltr'><strong>τῷ</strong></span> <span class='ocrx_word' id='word_1_411' title='bbox 2884 2572 3073 2643; x_wconf 79' lang='grc' dir='ltr'>Κυρίῳ</span> <span class='ocrx_word' id='word_1_412' title='bbox 3099 2574 3319 2627; x_wconf 83' lang='grc' dir='ltr'>πάντων</span> <span class='ocrx_word' id='word_1_413' title='bbox 3362 2573 3485 2644; x_wconf 85' lang='grc' dir='ltr'>Θεῷ</span> <span class='ocrx_word' id='word_1_414' title='bbox 3512 2573 3567 2627; x_wconf 86' lang='grc' dir='ltr'>αἱ</span> <span class='ocrx_word' id='word_1_415' title='bbox 3612 2572 3756 2625; x_wconf 88' lang='grc' dir='ltr'><strong>κατά</strong></span> <span class='ocrx_word' id='word_1_416' title='bbox 3802 2571 4011 2640; x_wconf 77' lang='grc' dir='ltr'>γνῶσιν</span> 
     </span>
    </p>
   </div>
   <div class='ocr_carea' id='block_1_66' title="bbox 2411 2665 4008 2737">
    <p class='ocr_par' dir='ltr' id='par_1_66' title="bbox 2411 2665 4008 2737">
     <span class='ocr_line' id='line_1_66' title="bbox 2411 2665 4008 2737; baseline -0.001 -18"><span class='ocrx_word' id='word_1_417' title='bbox 2411 2667 2505 2719; x_wconf 77' lang='grc' dir='ltr'><strong>καὶ</strong></span> <span class='ocrx_word' id='word_1_418' title='bbox 2536 2665 2739 2735; x_wconf 83' lang='grc' dir='ltr'>ἀρετὴν</span> <span class='ocrx_word' id='word_1_419' title='bbox 2768 2665 2878 2718; x_wconf 89' lang='grc' dir='ltr'><strong>τῶν</strong></span> <span class='ocrx_word' id='word_1_420' title='bbox 2908 2666 3218 2737; x_wconf 75' lang='grc' dir='ltr'>ἀμέμπτως</span> <span class='ocrx_word' id='word_1_421' title='bbox 3274 2666 3541 2737; x_wconf 81' lang='grc' dir='ltr'>βιούντων</span> <span class='ocrx_word' id='word_1_422' title='bbox 3578 2668 3799 2737; x_wconf 86' lang='grc' dir='ltr'>πορεῖαι</span> <span class='ocrx_word' id='word_1_423' title='bbox 3833 2682 3847 2695; x_wconf 89' lang='grc'><strong>·</strong></span> <span class='ocrx_word' id='word_1_424' title='bbox 3880 2666 4008 2717; x_wconf 76' lang='grc' dir='ltr'>ἑπι-</span> 
     </span>
    </p>
   </div>
   <div class='ocr_carea' id='block_1_67' title="bbox 2408 2747 4007 2823">
    <p class='ocr_par' dir='ltr' id='par_1_67' title="bbox 2408 2747 4007 2823">
     <span class='ocr_line' id='line_1_67' title="bbox 2408 2747 4007 2823; baseline -0.002 -16"><span class='ocrx_word' id='word_1_425' title='bbox 2408 2754 2792 2823; x_wconf 84' lang='grc' dir='ltr'>τυγχανόντων</span> <span class='ocrx_word' id='word_1_426' title='bbox 2813 2752 3005 2816; x_wconf 79' lang='grc' dir='ltr'>αὐτοῦ,</span> <span class='ocrx_word' id='word_1_427' title='bbox 3037 2747 3129 2806; x_wconf 70' lang='grc' dir='ltr'>οἷα</span> <span class='ocrx_word' id='word_1_428' title='bbox 3173 2754 3271 2823; x_wconf 79' lang='grc' dir='ltr'><strong>μὲν</strong></span> <span class='ocrx_word' id='word_1_429' title='bbox 3304 2753 3494 2817; x_wconf 85' lang='grc' dir='ltr'>τέλους</span> <span class='ocrx_word' id='word_1_430' title='bbox 3552 2753 3663 2806; x_wconf 87' lang='grc' dir='ltr'><strong>τῶν</strong></span> <span class='ocrx_word' id='word_1_431' title='bbox 3722 2752 4007 2821; x_wconf 80' lang='grc' dir='ltr'>γνωστῶν,</span> 
     </span>
    </p>
   </div>
   <div class='ocr_carea' id='block_1_68' title="bbox 2406 2841 4015 2919">
    <p class='ocr_par' dir='ltr' id='par_1_68' title="bbox 2406 2841 4015 2919">
     <span class='ocr_line' id='line_1_68' title="bbox 2406 2841 4015 2919; baseline -0.001 -20"><span class='ocrx_word' id='word_1_432' title='bbox 2406 2847 2483 2909; x_wconf 84' lang='grc' dir='ltr'>ὼς</span> <span class='ocrx_word' id='word_1_433' title='bbox 2514 2845 2772 2917; x_wconf 80' lang='grc' dir='ltr'>ἀληθείας</span> <span class='ocrx_word' id='word_1_434' title='bbox 2794 2862 2806 2876; x_wconf 88' lang='grc'><strong>·</strong></span> <span class='ocrx_word' id='word_1_435' title='bbox 2846 2841 2935 2898; x_wconf 79' lang='grc' dir='ltr'>οἷα</span> <span class='ocrx_word' id='word_1_436' title='bbox 2970 2846 3027 2899; x_wconf 76' lang='grc' dir='ltr'>δὲ</span> <span class='ocrx_word' id='word_1_437' title='bbox 3051 2846 3239 2910; x_wconf 84' lang='grc' dir='ltr'>τέλους</span> <span class='ocrx_word' id='word_1_438' title='bbox 3286 2846 3397 2900; x_wconf 87' lang='grc' dir='ltr'><strong>τῶν</strong></span> <span class='ocrx_word' id='word_1_439' title='bbox 3423 2848 3709 2919; x_wconf 82' lang='grc' dir='ltr'>πρακτῶν,</span> <span class='ocrx_word' id='word_1_440' title='bbox 3735 2846 3814 2908; x_wconf 84' lang='lat' dir='ltr'><strong>ib;</strong></span> <span class='ocrx_word' id='word_1_441' title='bbox 3866 2847 4015 2915; x_wconf 84' lang='grc' dir='ltr'>ἀγα-</span> 
     </span>
    </p>
   </div>
   <div class='ocr_carea' id='block_1_69' title="bbox 2409 2938 2525 2991">
    <p class='ocr_par' dir='ltr' id='par_1_69' title="bbox 2409 2938 2525 2991">
     <span class='ocr_line' id='line_1_69' title="bbox 2409 2938 2525 2991; baseline 0 0"><span class='ocrx_word' id='word_1_442' title='bbox 2409 2938 2525 2991; x_wconf 86' lang='grc' dir='ltr'>θοῦ.</span> 
     </span>
    </p>
   </div>
   <div class='ocr_carea' id='block_1_70' title="bbox 2481 3064 4015 3134">
    <p class='ocr_par' dir='ltr' id='par_1_70' title="bbox 2481 3064 4015 3134">
     <span class='ocr_line' id='line_1_70' title="bbox 2481 3064 4015 3134; baseline -0.003 -16"><span class='ocrx_word' id='word_1_443' title='bbox 2481 3065 2584 3120; x_wconf 85' lang='grc' dir='ltr'>Διά</span> <span class='ocrx_word' id='word_1_444' title='bbox 2604 3064 2673 3119; x_wconf 73' lang='grc' dir='ltr'>δὲ</span> <span class='ocrx_word' id='word_1_445' title='bbox 2705 3064 2906 3119; x_wconf 82' lang='grc' dir='ltr'>αὐτῶν</span> <span class='ocrx_word' id='word_1_446' title='bbox 2929 3064 3031 3119; x_wconf 74' lang='grc' dir='ltr'>καὶ</span> <span class='ocrx_word' id='word_1_447' title='bbox 3064 3068 3119 3119; x_wconf 80' lang='grc' dir='ltr'>οὶ</span> <span class='ocrx_word' id='word_1_448' title='bbox 3159 3065 3546 3134; x_wconf 67' lang='grc' dir='ltr'>ἐχθροὶφίλοι</span> <span class='ocrx_word' id='word_1_449' title='bbox 3590 3065 3886 3133; x_wconf 80' lang='grc' dir='ltr'>γίνονται.</span> <span class='ocrx_word' id='word_1_450' title='bbox 3911 3064 4015 3115; x_wconf 72' lang='grc' dir='ltr'>Δια</span> 
     </span>
    </p>
   </div>
   <div class='ocr_carea' id='block_1_71' title="bbox 2408 3155 4014 3227">
    <p class='ocr_par' dir='ltr' id='par_1_71' title="bbox 2408 3155 4014 3227">
     <span class='ocr_line' id='line_1_71' title="bbox 2408 3155 4014 3227; baseline -0.001 -18"><span class='ocrx_word' id='word_1_451' title='bbox 2408 3158 2618 3209; x_wconf 82' lang='grc' dir='ltr'>τούτων</span> <span class='ocrx_word' id='word_1_452' title='bbox 2638 3156 2716 3222; x_wconf 81' lang='grc' dir='ltr'>δὲ,</span> <span class='ocrx_word' id='word_1_453' title='bbox 2742 3157 2815 3219; x_wconf 87' lang='grc' dir='ltr'>ὠς</span> <span class='ocrx_word' id='word_1_454' title='bbox 2842 3156 3171 3227; x_wconf 82' lang='grc' dir='ltr'>δυναμένων</span> <span class='ocrx_word' id='word_1_455' title='bbox 3188 3158 3282 3209; x_wconf 78' lang='grc' dir='ltr'>καὶ</span> <span class='ocrx_word' id='word_1_456' title='bbox 3342 3155 3565 3227; x_wconf 81' lang='grc' dir='ltr'>ἑτέρους</span> <span class='ocrx_word' id='word_1_457' title='bbox 3592 3155 3883 3226; x_wconf 86' lang='grc' dir='ltr'>καθαίρειν</span> <span class='ocrx_word' id='word_1_458' title='bbox 3912 3156 4014 3209; x_wconf 77' lang='grc' dir='ltr'><strong>καὶ</strong></span> 
     </span>
    </p>
   </div>
   <div class='ocr_carea' id='block_1_72' title="bbox 2406 3246 4015 3316">
    <p class='ocr_par' dir='ltr' id='par_1_72' title="bbox 2406 3246 4015 3316">
     <span class='ocr_line' id='line_1_72' title="bbox 2406 3246 4015 3316; baseline -0.001 -15"><span class='ocrx_word' id='word_1_459' title='bbox 2406 3247 2674 3311; x_wconf 83' lang='grc' dir='ltr'>τελειοῦν,</span> <span class='ocrx_word' id='word_1_460' title='bbox 2697 3250 2791 3303; x_wconf 71' lang='grc' dir='ltr'><strong>καὶ</strong></span> <span class='ocrx_word' id='word_1_461' title='bbox 2810 3249 2968 3301; x_wconf 76' lang='grc' dir='ltr'>αὐτοὶ</span> <span class='ocrx_word' id='word_1_462' title='bbox 2989 3250 3037 3302; x_wconf 85' lang='grc' dir='ltr'>οἱ</span> <span class='ocrx_word' id='word_1_463' title='bbox 3065 3248 3155 3301; x_wconf 83' lang='grc' dir='ltr'><strong>διὰ</strong></span> <span class='ocrx_word' id='word_1_464' title='bbox 3186 3247 3389 3301; x_wconf 84' lang='grc' dir='ltr'>κακίαν</span> <span class='ocrx_word' id='word_1_465' title='bbox 3419 3248 3515 3300; x_wconf 72' lang='grc' dir='ltr'><strong>καὶ</strong></span> <span class='ocrx_word' id='word_1_466' title='bbox 3543 3247 3772 3314; x_wconf 78' lang='grc' dir='ltr'>ἄγνοιαν</span> <span class='ocrx_word' id='word_1_467' title='bbox 3804 3246 4015 3316; x_wconf 66' lang='grc' dir='ltr'>θεομάση</span> 
     </span>
    </p>
   </div>
   <div class='ocr_carea' id='block_1_73' title="bbox 2407 3337 4014 3412">
    <p class='ocr_par' dir='ltr' id='par_1_73' title="bbox 2407 3337 4014 3412">
     <span class='ocr_line' id='line_1_73' title="bbox 2407 3337 4014 3412; baseline -0.002 -19"><span class='ocrx_word' id='word_1_468' title='bbox 2407 3360 2515 3412; x_wconf 83' lang='grc' dir='ltr'>χοι,</span> <span class='ocrx_word' id='word_1_469' title='bbox 2548 3342 2643 3395; x_wconf 88' lang='grc' dir='ltr'><strong>τοῦ</strong></span> <span class='ocrx_word' id='word_1_470' title='bbox 2674 3340 2956 3412; x_wconf 84' lang='grc' dir='ltr'>μολυσμοῦ</span> <span class='ocrx_word' id='word_1_471' title='bbox 2990 3340 3100 3392; x_wconf 90' lang='grc' dir='ltr'><strong>τῶν</strong></span> <span class='ocrx_word' id='word_1_472' title='bbox 3135 3339 3328 3393; x_wconf 82' lang='grc' dir='ltr'>παθῶν</span> <span class='ocrx_word' id='word_1_473' title='bbox 3364 3338 3757 3410; x_wconf 84' lang='grc' dir='ltr'>καθαρθέντες,</span> <span class='ocrx_word' id='word_1_474' title='bbox 3794 3339 3889 3391; x_wconf 73' lang='grc' dir='ltr'>καὶ</span> <span class='ocrx_word' id='word_1_475' title='bbox 3920 3337 4014 3391; x_wconf 86' lang='grc' dir='ltr'><strong>τοῦ</strong></span> 
     </span>
    </p>
   </div>
   <div class='ocr_carea' id='block_1_74' title="bbox 2408 3428 4008 3503">
    <p class='ocr_par' dir='ltr' id='par_1_74' title="bbox 2408 3428 4008 3503">
     <span class='ocr_line' id='line_1_74' title="bbox 2408 3428 4008 3503; baseline -0.003 -16"><span class='ocrx_word' id='word_1_476' title='bbox 2408 3434 2641 3497; x_wconf 77' lang='grc' dir='ltr'>σκότους</span> <span class='ocrx_word' id='word_1_477' title='bbox 2663 3434 2762 3503; x_wconf 84' lang='grc' dir='ltr'>τῆς</span> <span class='ocrx_word' id='word_1_478' title='bbox 2796 3433 3019 3502; x_wconf 81' lang='grc' dir='ltr'>ἀγνοίας</span> <span class='ocrx_word' id='word_1_479' title='bbox 3055 3431 3491 3501; x_wconf 81' lang='grc' dir='ltr'>ἀπαλλαγέντες,</span> <span class='ocrx_word' id='word_1_480' title='bbox 3521 3428 3643 3501; x_wconf 85' lang='grc' dir='ltr'>Θεῷ</span> <span class='ocrx_word' id='word_1_481' title='bbox 3672 3428 3741 3481; x_wconf 84' lang='grc' dir='ltr'>δι’</span> <span class='ocrx_word' id='word_1_482' title='bbox 3798 3429 4008 3500; x_wconf 82' lang='grc' dir='ltr'>ἀρετῆς</span> 
     </span>
    </p>
   </div>
   <div class='ocr_carea' id='block_1_75' title="bbox 2406 3525 3172 3597">
    <p class='ocr_par' dir='ltr' id='par_1_75' title="bbox 2406 3525 3172 3597">
     <span class='ocr_line' id='line_1_75' title="bbox 2406 3525 3172 3597; baseline -0.001 -16"><span class='ocrx_word' id='word_1_483' title='bbox 2406 3528 2502 3581; x_wconf 74' lang='grc' dir='ltr'><strong>καὶ</strong></span> <span class='ocrx_word' id='word_1_484' title='bbox 2528 3525 2786 3597; x_wconf 78' lang='grc' dir='ltr'>γνώσεως</span> <span class='ocrx_word' id='word_1_485' title='bbox 2816 3526 3172 3581; x_wconf 81' lang='grc' dir='ltr'>οίκειοῦνται.</span> 
     </span>
    </p>
   </div>
   <div class='ocr_carea' id='block_1_76' title="bbox 2476 3650 4015 3723">
    <p class='ocr_par' dir='ltr' id='par_1_76' title="bbox 2476 3650 4015 3723">
     <span class='ocr_line' id='line_1_76' title="bbox 2476 3650 4015 3723; baseline -0.001 -16"><span class='ocrx_word' id='word_1_486' title='bbox 2476 3652 2584 3709; x_wconf 87' lang='grc' dir='ltr'>κθ’.</span> <span class='ocrx_word' id='word_1_487' title='bbox 2618 3652 2870 3720; x_wconf 82' lang='grc' dir='ltr'>Μακρὰν</span> <span class='ocrx_word' id='word_1_488' title='bbox 2903 3652 3116 3721; x_wconf 79' lang='grc' dir='ltr'>ἀπέχει</span> <span class='ocrx_word' id='word_1_489' title='bbox 3158 3652 3305 3718; x_wconf 84' lang='grc' dir='ltr'><strong>Θεὸς</strong></span> <span class='ocrx_word' id='word_1_490' title='bbox 3347 3652 3469 3705; x_wconf 76' lang='grc' dir='ltr'><strong>ἀπὸ</strong></span> <span class='ocrx_word' id='word_1_491' title='bbox 3503 3650 3765 3708; x_wconf 78' lang='grc' dir='ltr'>ἀσεϐῶν.</span> <span class='ocrx_word' id='word_1_492' title='bbox 3808 3652 4015 3723; x_wconf 83' lang='grc' dir='ltr'><strong>ΙΙόρρω</strong></span> 
     </span>
    </p>
   </div>
   <div class='ocr_carea' id='block_1_77' title="bbox 2402 3744 4015 3817">
    <p class='ocr_par' dir='ltr' id='par_1_77' title="bbox 2402 3744 4015 3817">
     <span class='ocr_line' id='line_1_77' title="bbox 2402 3744 4015 3817; baseline -0.001 -18"><span class='ocrx_word' id='word_1_493' title='bbox 2402 3747 2431 3799; x_wconf 84' lang='grc' dir='ltr'>ὁ</span> <span class='ocrx_word' id='word_1_494' title='bbox 2466 3745 2599 3809; x_wconf 85' lang='grc' dir='ltr'>Θεὸς</span> <span class='ocrx_word' id='word_1_495' title='bbox 2654 3746 2763 3799; x_wconf 89' lang='grc' dir='ltr'><strong>τῶν</strong></span> <span class='ocrx_word' id='word_1_496' title='bbox 2807 3747 2884 3817; x_wconf 83' lang='grc' dir='ltr'>μὴ</span> <span class='ocrx_word' id='word_1_497' title='bbox 2922 3745 2989 3799; x_wconf 81' lang='grc' dir='ltr'>δι’</span> <span class='ocrx_word' id='word_1_498' title='bbox 3043 3744 3414 3815; x_wconf 86' lang='grc' dir='ltr'>ἀγαθοεργίας</span> <span class='ocrx_word' id='word_1_499' title='bbox 3492 3745 3781 3815; x_wconf 84' lang='grc' dir='ltr'>τιμώντων</span> <span class='ocrx_word' id='word_1_500' title='bbox 3850 3746 4015 3799; x_wconf 77' lang='grc' dir='ltr'>αὑτὸν</span> 
     </span>
    </p>
   </div>
   <div class='ocr_carea' id='block_1_78' title="bbox 2403 3836 4012 3909">
    <p class='ocr_par' dir='ltr' id='par_1_78' title="bbox 2403 3836 4012 3909">
     <span class='ocr_line' id='line_1_78' title="bbox 2403 3836 4012 3909; baseline 0.001 -19"><span class='ocrx_word' id='word_1_501' title='bbox 2403 3838 2701 3903; x_wconf 83' lang='grc' dir='ltr'>διίσταται,</span> <span class='ocrx_word' id='word_1_502' title='bbox 2732 3839 2807 3901; x_wconf 84' lang='grc' dir='ltr'>ὡς</span> <span class='ocrx_word' id='word_1_503' title='bbox 2839 3839 2915 3909; x_wconf 82' lang='grc' dir='ltr'>μὴ</span> <span class='ocrx_word' id='word_1_504' title='bbox 2947 3837 3072 3891; x_wconf 83' lang='grc' dir='ltr'>καθ’</span> <span class='ocrx_word' id='word_1_505' title='bbox 3100 3836 3363 3909; x_wconf 84' lang='grc' dir='ltr'>ὁμοίωσιν</span> <span class='ocrx_word' id='word_1_506' title='bbox 3393 3836 3561 3890; x_wconf 83' lang='grc' dir='ltr'>αὑτοῦ</span> <span class='ocrx_word' id='word_1_507' title='bbox 3620 3837 4012 3909; x_wconf 75' lang='grc' dir='ltr'>ἐργαζομένων</span> 
     </span>
    </p>
   </div>
   <div class='ocr_carea' id='block_1_79' title="bbox 2402 3930 2717 3999">
    <p class='ocr_par' dir='ltr' id='par_1_79' title="bbox 2402 3930 2717 3999">
     <span class='ocr_line' id='line_1_79' title="bbox 2402 3930 2717 3999; baseline 0.01 -16"><span class='ocrx_word' id='word_1_508' title='bbox 2402 3930 2463 3983; x_wconf 86' lang='grc' dir='ltr'><strong>τὸ</strong></span> <span class='ocrx_word' id='word_1_509' title='bbox 2489 3930 2717 3999; x_wconf 86' lang='grc' dir='ltr'>ἀγαθόν.</span> 
     </span>
    </p>
   </div>
   <div class='ocr_carea' id='block_1_80' title="bbox 2475 4030 4015 4125">
    <p class='ocr_par' dir='ltr' id='par_1_80' title="bbox 2475 4030 4015 4125">
     <span class='ocr_line' id='line_1_80' title="bbox 2475 4030 4015 4125; baseline 0 -16"><span class='ocrx_word' id='word_1_510' title='bbox 2475 4054 2705 4125; x_wconf 81' lang='grc' dir='ltr'><strong>Εὑχαῑς</strong></span> <span class='ocrx_word' id='word_1_511' title='bbox 2731 4055 2802 4109; x_wconf 75' lang='grc' dir='ltr'>δὲ</span> <span class='ocrx_word' id='word_1_512' title='bbox 2837 4055 3087 4110; x_wconf 81' lang='grc' dir='ltr'>δικαίων</span> <span class='ocrx_word' id='word_1_513' title='bbox 3107 4055 3423 4111; x_wconf 81' lang='grc' dir='ltr'>ὑπακούει.</span> <span class='ocrx_word' id='word_1_514' title='bbox 3478 4030 3592 4119; x_wconf 88' lang='grc' dir='ltr'><strong>Τάς</strong></span> <span class='ocrx_word' id='word_1_515' title='bbox 3629 4055 3676 4109; x_wconf 81' lang='grc' dir='ltr'>δ’</span> <span class='ocrx_word' id='word_1_516' title='bbox 3738 4055 4015 4121; x_wconf 80' lang='grc' dir='ltr'>ἐντεύξεις</span> 
     </span>
    </p>
   </div>
   <div class='ocr_carea' id='block_1_81' title="bbox 2400 4143 4014 4215">
    <p class='ocr_par' dir='ltr' id='par_1_81' title="bbox 2400 4143 4014 4215">
     <span class='ocr_line' id='line_1_81' title="bbox 2400 4143 4014 4215; baseline 0.004 -20"><span class='ocrx_word' id='word_1_517' title='bbox 2400 4143 2512 4196; x_wconf 87' lang='grc' dir='ltr'><strong>τῶν</strong></span> <span class='ocrx_word' id='word_1_518' title='bbox 2542 4144 2687 4197; x_wconf 85' lang='grc' dir='ltr'>κατὰ</span> <span class='ocrx_word' id='word_1_519' title='bbox 2715 4145 2917 4215; x_wconf 88' lang='grc' dir='ltr'>νόμους</span> <span class='ocrx_word' id='word_1_520' title='bbox 2946 4144 3114 4199; x_wconf 85' lang='grc' dir='ltr'>αὑτοῦ</span> <span class='ocrx_word' id='word_1_521' title='bbox 3145 4145 3589 4215; x_wconf 85' lang='grc' dir='ltr'>πολιτευομένων</span> <span class='ocrx_word' id='word_1_522' title='bbox 3607 4146 3920 4215; x_wconf 87' lang='grc' dir='ltr'>προσίεται,</span> <span class='ocrx_word' id='word_1_523' title='bbox 3939 4148 4014 4211; x_wconf 82' lang='grc' dir='ltr'><strong>ὡς</strong></span> 
     </span>
    </p>
   </div>
   <div class='ocr_carea' id='block_1_82' title="bbox 2401 4236 3439 4308">
    <p class='ocr_par' dir='ltr' id='par_1_82' title="bbox 2401 4236 3439 4308">
     <span class='ocr_line' id='line_1_82' title="bbox 2401 4236 3439 4308; baseline 0.002 -19"><span class='ocrx_word' id='word_1_524' title='bbox 2401 4236 2493 4290; x_wconf 79' lang='grc' dir='ltr'>διὰ</span> <span class='ocrx_word' id='word_1_525' title='bbox 2530 4236 2823 4307; x_wconf 84' lang='grc' dir='ltr'>μιμήσεως</span> <span class='ocrx_word' id='word_1_526' title='bbox 2853 4236 3248 4306; x_wconf 81' lang='grc' dir='ltr'>οἰκειουμένων</span> <span class='ocrx_word' id='word_1_527' title='bbox 3268 4236 3439 4308; x_wconf 82' lang='grc' dir='ltr'>αύτῷ.</span> 
     </span>
    </p>
   </div>
   <div class='ocr_carea' id='block_1_83' title="bbox 2472 4430 4010 4504">
    <p class='ocr_par' dir='ltr' id='par_1_83' title="bbox 2472 4430 4010 4504">
     <span class='ocr_line' id='line_1_83' title="bbox 2472 4430 4010 4504; baseline 0.005 -20"><span class='ocrx_word' id='word_1_528' title='bbox 2472 4431 2793 4499; x_wconf 84' lang='grc' dir='ltr'>Κρείσσων</span> <span class='ocrx_word' id='word_1_529' title='bbox 2846 4431 3021 4499; x_wconf 71' lang='grc' dir='ltr'>ὀλίγη</span> <span class='ocrx_word' id='word_1_530' title='bbox 3076 4430 3269 4499; x_wconf 71' lang='grc' dir='ltr'>λῆψις</span> <span class='ocrx_word' id='word_1_531' title='bbox 3297 4431 3445 4500; x_wconf 83' lang='grc' dir='ltr'>μετὰ</span> <span class='ocrx_word' id='word_1_532' title='bbox 3504 4431 3933 4503; x_wconf 65' lang='grc' dir='ltr'>δικαιοσύνης,</span> <span class='ocrx_word' id='word_1_533' title='bbox 3972 4437 4010 4504; x_wconf 79' lang='grc' dir='ltr'><strong><em>ἦ</em></strong></span> 
     </span>
    </p>
   </div>
   <div class='ocr_carea' id='block_1_84' title="bbox 697 4521 2306 4617">
    <p class='ocr_par' dir='ltr' id='par_1_84' title="bbox 697 4524 2297 4596">
     <span class='ocr_line' id='line_1_84' title="bbox 697 4524 2297 4596; baseline -0.003 -14"><span class='ocrx_word' id='word_1_534' title='bbox 697 4529 853 4583; x_wconf 82' lang='lat' dir='ltr'><strong>multi</strong></span> <span class='ocrx_word' id='word_1_535' title='bbox 885 4529 1178 4594; x_wconf 85' lang='lat' dir='ltr'><strong>productus</strong></span> <span class='ocrx_word' id='word_1_536' title='bbox 1229 4543 1349 4580; x_wconf 87' lang='lat' dir='ltr'><strong>cum</strong></span> <span class='ocrx_word' id='word_1_537' title='bbox 1408 4527 1709 4596; x_wconf 79' lang='lat' dir='ltr'><strong>iniquitate.</strong></span> <span class='ocrx_word' id='word_1_538' title='bbox 1744 4524 1935 4578; x_wconf 79' lang='lat' dir='ltr'><strong>Mclior</strong></span> <span class='ocrx_word' id='word_1_539' title='bbox 1972 4532 2057 4578; x_wconf 92' lang='lat' dir='ltr'><strong>cst</strong></span> <span class='ocrx_word' id='word_1_540' title='bbox 2092 4538 2297 4592; x_wconf 90' lang='lat' dir='ltr'><strong>parvus</strong></span> 
     </span>
    </p>
   </div>
   <div class='ocr_carea' id='block_1_85' title="bbox 2406 4521 4013 4617">
    <p class='ocr_par' dir='ltr' id='par_1_85' title="bbox 2406 4521 4013 4595">
     <span class='ocr_line' id='line_1_85' title="bbox 2406 4521 4013 4595; baseline 0.004 -21"><span class='ocrx_word' id='word_1_541' title='bbox 2406 4525 2607 4576; x_wconf 72' lang='grc' dir='ltr'>πολλὰ</span> <span class='ocrx_word' id='word_1_542' title='bbox 2629 4521 2975 4592; x_wconf 75' lang='grc' dir='ltr'>γεννήματα</span> <span class='ocrx_word' id='word_1_543' title='bbox 2998 4523 3151 4592; x_wconf 81' lang='grc' dir='ltr'>μετὰ</span> <span class='ocrx_word' id='word_1_544' title='bbox 3189 4522 3448 4589; x_wconf 79' lang='grc' dir='ltr'>ἀδικίας.</span> <span class='ocrx_word' id='word_1_545' title='bbox 3502 4524 3789 4595; x_wconf 82' lang='grc' dir='ltr'>Κρείττων</span> <span class='ocrx_word' id='word_1_546' title='bbox 3862 4528 4013 4581; x_wconf 68' lang='grc' dir='ltr'>ἐστὶν</span> 
     </span>
    </p>
   </div>
   <div class='ocr_carea' id='block_1_86' title="bbox 692 4609 2299 4685">
    <p class='ocr_par' dir='ltr' id='par_1_86' title="bbox 692 4609 2299 4685">
     <span class='ocr_line' id='line_1_86' title="bbox 692 4609 2299 4685; baseline -0.006 -12"><span class='ocrx_word' id='word_1_547' title='bbox 692 4634 759 4673; x_wconf 69' lang='grc' dir='ltr'>εκ</span> <span class='ocrx_word' id='word_1_548' title='bbox 798 4616 968 4685; x_wconf 87' lang='lat' dir='ltr'><strong>justis</strong></span> <span class='ocrx_word' id='word_1_549' title='bbox 1010 4615 1293 4669; x_wconf 85' lang='lat' dir='ltr'><strong>laboribus</strong></span> <span class='ocrx_word' id='word_1_550' title='bbox 1343 4624 1669 4685; x_wconf 84' lang='lat' dir='ltr'><strong>proventus,</strong></span> <span class='ocrx_word' id='word_1_551' title='bbox 1726 4613 1792 4667; x_wconf 89' lang='lat' dir='ltr'><strong>ad</strong></span> <span class='ocrx_word' id='word_1_552' title='bbox 1836 4612 1952 4667; x_wconf 91' lang='lat' dir='ltr'><strong>sola</strong></span> <span class='ocrx_word' id='word_1_553' title='bbox 2019 4609 2299 4665; x_wconf 79' lang='lat' dir='ltr'><strong>sufficiens</strong></span> 
     </span>
    </p>
   </div>
   <div class='ocr_carea' id='block_1_87' title="bbox 689 4703 2300 4776">
    <p class='ocr_par' dir='ltr' id='par_1_87' title="bbox 689 4703 2300 4776">
     <span class='ocr_line' id='line_1_87' title="bbox 689 4703 2300 4776; baseline -0.005 -11"><span class='ocrx_word' id='word_1_554' title='bbox 689 4709 1035 4774; x_wconf 80' lang='lat' dir='ltr'><strong>necessaria,</strong></span> <span class='ocrx_word' id='word_1_555' title='bbox 1071 4722 1235 4776; x_wconf 92' lang='lat' dir='ltr'><strong>quam</strong></span> <span class='ocrx_word' id='word_1_556' title='bbox 1268 4707 1423 4760; x_wconf 86' lang='lat' dir='ltr'><strong>lucra</strong></span> <span class='ocrx_word' id='word_1_557' title='bbox 1457 4706 1630 4759; x_wconf 91' lang='lat' dir='ltr'><strong>multa</strong></span> <span class='ocrx_word' id='word_1_558' title='bbox 1668 4719 1871 4775; x_wconf 87' lang='lat' dir='ltr'><strong>rapace</strong></span> <span class='ocrx_word' id='word_1_559' title='bbox 1906 4703 2135 4757; x_wconf 89' lang='lat' dir='ltr'><strong>avaritia</strong></span> <span class='ocrx_word' id='word_1_560' title='bbox 2164 4716 2300 4757; x_wconf 89' lang='lat' dir='ltr'><strong>con-</strong></span> 
     </span>
    </p>
   </div>
   <div class='ocr_carea' id='block_1_88' title="bbox 690 4812 904 4874">
    <p class='ocr_par' dir='ltr' id='par_1_88' title="bbox 690 4812 904 4874">
     <span class='ocr_line' id='line_1_88' title="bbox 690 4812 904 4874; baseline -0.005 -17"><span class='ocrx_word' id='word_1_561' title='bbox 690 4812 904 4874; x_wconf 80' lang='lat' dir='ltr'><strong>gerata.</strong></span> 
     </span>
    </p>
   </div>
   <div class='ocr_carea' id='block_1_89' title="bbox 764 4923 2297 4996">
    <p class='ocr_par' dir='ltr' id='par_1_89' title="bbox 764 4923 2297 4996">
     <span class='ocr_line' id='line_1_89' title="bbox 764 4923 2297 4996; baseline -0.005 -12"><span class='ocrx_word' id='word_1_562' title='bbox 764 4927 871 4984; x_wconf 86' lang='lat' dir='ltr'><strong>Cor</strong></span> <span class='ocrx_word' id='word_1_563' title='bbox 906 4928 1133 4982; x_wconf 79' lang='lat' dir='ltr'><strong>hominis</strong></span> <span class='ocrx_word' id='word_1_564' title='bbox 1165 4926 1611 4995; x_wconf 65' lang='lat' dir='ltr'><strong>expenditjusta,</strong></span> <span class='ocrx_word' id='word_1_565' title='bbox 1648 4925 1726 4977; x_wconf 90' lang='lat' dir='ltr'><strong>ita</strong></span> <span class='ocrx_word' id='word_1_566' title='bbox 1763 4933 1820 4977; x_wconf 89' lang='lat' dir='ltr'><strong>ut</strong></span> <span class='ocrx_word' id='word_1_567' title='bbox 1855 4926 1948 4979; x_wconf 86' lang='lat' dir='ltr'><strong>sub</strong></span> <span class='ocrx_word' id='word_1_568' title='bbox 1987 4923 2091 4979; x_wconf 83' lang='lat' dir='ltr'><strong>Deo</strong></span> <span class='ocrx_word' id='word_1_569' title='bbox 2146 4940 2297 4996; x_wconf 85' lang='lat' dir='ltr'><strong>gres-</strong></span> 
     </span>
    </p>
   </div>
   <div class='ocr_carea' id='block_1_90' title="bbox 691 5019 2298 5091">
    <p class='ocr_par' dir='ltr' id='par_1_90' title="bbox 691 5019 2298 5091">
     <span class='ocr_line' id='line_1_90' title="bbox 691 5019 2298 5091; baseline -0.004 -14"><span class='ocrx_word' id='word_1_570' title='bbox 691 5040 785 5077; x_wconf 78' lang='lat' dir='ltr'><strong>sus</strong></span> <span class='ocrx_word' id='word_1_571' title='bbox 836 5039 962 5076; x_wconf 86' lang='lat' dir='ltr'><strong>suos</strong></span> <span class='ocrx_word' id='word_1_572' title='bbox 1002 5021 1227 5091; x_wconf 80' lang='lat' dir='ltr'><strong>dirigat.</strong></span> <span class='ocrx_word' id='word_1_573' title='bbox 1286 5020 1498 5074; x_wconf 79' lang='lat' dir='ltr'><strong>Anima:</strong></span> <span class='ocrx_word' id='word_1_574' title='bbox 1550 5019 1696 5075; x_wconf 84' lang='lat' dir='ltr'><strong>illius</strong></span> <span class='ocrx_word' id='word_1_575' title='bbox 1738 5020 1853 5090; x_wconf 91' lang='lat' dir='ltr'><strong>(qui</strong></span> <span class='ocrx_word' id='word_1_576' title='bbox 1892 5019 2125 5073; x_wconf 75' lang='lat' dir='ltr'><strong>viriliter</strong></span> <span class='ocrx_word' id='word_1_577' title='bbox 2187 5028 2298 5073; x_wconf 88' lang='lat' dir='ltr'><strong>stat</strong></span> 
     </span>
    </p>
   </div>
   <div class='ocr_carea' id='block_1_91' title="bbox 692 5107 2293 5183">
    <p class='ocr_par' dir='ltr' id='par_1_91' title="bbox 692 5107 2293 5183">
     <span class='ocr_line' id='line_1_91' title="bbox 692 5107 2293 5183; baseline -0.008 -13"><span class='ocrx_word' id='word_1_578' title='bbox 692 5123 881 5170; x_wconf 85' lang='lat' dir='ltr'><strong>contra</strong></span> <span class='ocrx_word' id='word_1_579' title='bbox 907 5113 1192 5183; x_wconf 88' lang='lat' dir='ltr'><strong>passiones</strong></span> <span class='ocrx_word' id='word_1_580' title='bbox 1211 5111 1385 5178; x_wconf 76' lang='lat' dir='ltr'><strong>suas),</strong></span> <span class='ocrx_word' id='word_1_581' title='bbox 1410 5109 1738 5164; x_wconf 87' lang='lat' dir='ltr'><strong>revolvenda</strong></span> <span class='ocrx_word' id='word_1_582' title='bbox 1758 5117 1887 5164; x_wconf 81' lang='lat' dir='ltr'><strong>sunt</strong></span> <span class='ocrx_word' id='word_1_583' title='bbox 1907 5109 2000 5163; x_wconf 86' lang='lat' dir='ltr'><strong>Dei</strong></span> <span class='ocrx_word' id='word_1_584' title='bbox 2019 5107 2293 5173; x_wconf 84' lang='lat' dir='ltr'><strong>mandata,</strong></span> 
     </span>
    </p>
   </div>
   <div class='ocr_carea' id='block_1_92' title="bbox 689 5198 1699 5268">
    <p class='ocr_par' dir='ltr' id='par_1_92' title="bbox 689 5198 1699 5268">
     <span class='ocr_line' id='line_1_92' title="bbox 689 5198 1699 5268; baseline -0.007 -9"><span class='ocrx_word' id='word_1_585' title='bbox 689 5204 765 5261; x_wconf 88' lang='lat' dir='ltr'><strong>ita</strong></span> <span class='ocrx_word' id='word_1_586' title='bbox 797 5213 854 5257; x_wconf 90' lang='lat' dir='ltr'><strong>ut</strong></span> <span class='ocrx_word' id='word_1_587' title='bbox 880 5211 1039 5255; x_wconf 90' lang='lat' dir='ltr'><strong>actus</strong></span> <span class='ocrx_word' id='word_1_588' title='bbox 1067 5215 1196 5255; x_wconf 71' lang='lat' dir='ltr'><strong>suos</strong></span> <span class='ocrx_word' id='word_1_589' title='bbox 1218 5200 1272 5253; x_wconf 91' lang='lat' dir='ltr'><strong>in</strong></span> <span class='ocrx_word' id='word_1_590' title='bbox 1307 5200 1452 5254; x_wconf 90' lang='lat' dir='ltr'><strong>bono</strong></span> <span class='ocrx_word' id='word_1_591' title='bbox 1478 5198 1699 5268; x_wconf 76' lang='lat' dir='ltr'><strong>dirigat.</strong></span> 
     </span>
    </p>
   </div>
   <div class='ocr_carea' id='block_1_93' title="bbox 762 5394 2291 5466">
    <p class='ocr_par' dir='ltr' id='par_1_93' title="bbox 762 5394 2291 5466">
     <span class='ocr_line' id='line_1_93' title="bbox 762 5394 2291 5466; baseline -0.002 -13"><span class='ocrx_word' id='word_1_592' title='bbox 762 5400 928 5454; x_wconf 67' lang='lat' dir='ltr'><strong>Vens.</strong></span> <span class='ocrx_word' id='word_1_593' title='bbox 968 5399 1057 5453; x_wconf 76' lang='lat'><strong>50.</strong></span> <span class='ocrx_word' id='word_1_594' title='bbox 1110 5396 1313 5452; x_wconf 85' lang='lat' dir='ltr'><strong>Oculus</strong></span> <span class='ocrx_word' id='word_1_595' title='bbox 1358 5396 1690 5466; x_wconf 79' lang='lat' dir='ltr'><strong>prospiciens</strong></span> <span class='ocrx_word' id='word_1_596' title='bbox 1727 5394 1865 5450; x_wconf 84' lang='lat' dir='ltr'><strong>bona</strong></span> <span class='ocrx_word' id='word_1_597' title='bbox 1897 5412 1989 5450; x_wconf 89' lang='lat' dir='ltr'><strong>cor</strong></span> <span class='ocrx_word' id='word_1_598' title='bbox 2026 5396 2291 5464; x_wconf 75' lang='lat' dir='ltr'><strong>lwtiﬁcat.</strong></span> 
     </span>
    </p>
   </div>
   <div class='ocr_carea' id='block_1_94' title="bbox 686 5488 2294 5559">
    <p class='ocr_par' dir='ltr' id='par_1_94' title="bbox 686 5488 2294 5559">
     <span class='ocr_line' id='line_1_94' title="bbox 686 5488 2294 5559; baseline -0.001 -16"><span class='ocrx_word' id='word_1_599' title='bbox 686 5488 897 5545; x_wconf 83' lang='lat' dir='ltr'><strong>Divinis</strong></span> <span class='ocrx_word' id='word_1_600' title='bbox 932 5488 1211 5544; x_wconf 88' lang='lat' dir='ltr'><strong>mandatis</strong></span> <span class='ocrx_word' id='word_1_601' title='bbox 1242 5490 1311 5543; x_wconf 92' lang='lat' dir='ltr'><strong>ab</strong></span> <span class='ocrx_word' id='word_1_602' title='bbox 1332 5491 1515 5543; x_wconf 84' lang='lat' dir='ltr'><strong>anima</strong></span> <span class='ocrx_word' id='word_1_603' title='bbox 1551 5489 1797 5559; x_wconf 88' lang='lat' dir='ltr'><strong>practice</strong></span> <span class='ocrx_word' id='word_1_604' title='bbox 1827 5489 2084 5559; x_wconf 88' lang='lat' dir='ltr'><strong>gustatis,</strong></span> <span class='ocrx_word' id='word_1_605' title='bbox 2130 5488 2294 5543; x_wconf 85' lang='lat' dir='ltr'><strong>intel-</strong></span> 
     </span>
    </p>
   </div>
   <div class='ocr_carea' id='block_1_95' title="bbox 682 5582 2291 5655">
    <p class='ocr_par' dir='ltr' id='par_1_95' title="bbox 682 5582 2291 5655">
     <span class='ocr_line' id='line_1_95' title="bbox 682 5582 2291 5655; baseline -0.002 -17"><span class='ocrx_word' id='word_1_606' title='bbox 682 5583 860 5655; x_wconf 89' lang='lat' dir='ltr'><strong>ligens</strong></span> <span class='ocrx_word' id='word_1_607' title='bbox 889 5583 977 5639; x_wconf 90' lang='lat' dir='ltr'><strong>ille</strong></span> <span class='ocrx_word' id='word_1_608' title='bbox 1008 5583 1318 5651; x_wconf 91' lang='lat' dir='ltr'><strong>spiritualis</strong></span> <span class='ocrx_word' id='word_1_609' title='bbox 1353 5584 1572 5646; x_wconf 89' lang='lat' dir='ltr'><strong>oculus.</strong></span> <span class='ocrx_word' id='word_1_610' title='bbox 1619 5583 1711 5652; x_wconf 88' lang='lat' dir='ltr'><strong>qui</strong></span> <span class='ocrx_word' id='word_1_611' title='bbox 1745 5582 2078 5651; x_wconf 85' lang='lat' dir='ltr'><strong>(tlieoretice</strong></span> <span class='ocrx_word' id='word_1_612' title='bbox 2126 5582 2291 5636; x_wconf 84' lang='lat' dir='ltr'><strong>verba</strong></span> 
     </span>
    </p>
   </div>
   <div class='ocr_carea' id='block_1_96' title="bbox 681 5675 2291 5747">
    <p class='ocr_par' dir='ltr' id='par_1_96' title="bbox 681 5675 2291 5747">
     <span class='ocr_line' id='line_1_96' title="bbox 681 5675 2291 5747; baseline -0.003 -14"><span class='ocrx_word' id='word_1_613' title='bbox 681 5678 821 5747; x_wconf 69' lang='lat' dir='ltr'><strong>legis</strong></span> <span class='ocrx_word' id='word_1_614' title='bbox 852 5676 1130 5747; x_wconf 83' lang='lat' dir='ltr'><strong>percipit),</strong></span> <span class='ocrx_word' id='word_1_615' title='bbox 1179 5676 1527 5731; x_wconf 85' lang='lat' dir='ltr'><strong>invidendis</strong></span> <span class='ocrx_word' id='word_1_616' title='bbox 1578 5676 1690 5729; x_wconf 92' lang='lat' dir='ltr'><strong>illis</strong></span> <span class='ocrx_word' id='word_1_617' title='bbox 1754 5675 2029 5744; x_wconf 88' lang='lat' dir='ltr'><strong>spirituali</strong></span> <span class='ocrx_word' id='word_1_618' title='bbox 2086 5676 2291 5746; x_wconf 86' lang='lat' dir='ltr'><strong>gaudio</strong></span> 
     </span>
    </p>
   </div>
   <div class='ocr_carea' id='block_1_97' title="bbox 682 5765 2289 5842">
    <p class='ocr_par' dir='ltr' id='par_1_97' title="bbox 682 5765 2289 5842">
     <span class='ocr_line' id='line_1_97' title="bbox 682 5765 2289 5842; baseline -0.001 -18"><span class='ocrx_word' id='word_1_619' title='bbox 682 5771 921 5824; x_wconf 82' lang='lat' dir='ltr'><strong>animam</strong></span> <span class='ocrx_word' id='word_1_620' title='bbox 957 5771 1153 5839; x_wconf 84' lang='lat' dir='ltr'><strong>replet,</strong></span> <span class='ocrx_word' id='word_1_621' title='bbox 1189 5778 1508 5842; x_wconf 89' lang='lat' dir='ltr'><strong>gustautcm</strong></span> <span class='ocrx_word' id='word_1_622' title='bbox 1552 5780 1605 5823; x_wconf 92' lang='lat' dir='ltr'><strong>ct</strong></span> <span class='ocrx_word' id='word_1_623' title='bbox 1642 5765 1942 5834; x_wconf 84' lang='lat' dir='ltr'><strong>videntem,</strong></span> <span class='ocrx_word' id='word_1_624' title='bbox 1981 5769 2109 5838; x_wconf 85' lang='lat' dir='ltr'><strong>quia</strong></span> <span class='ocrx_word' id='word_1_625' title='bbox 2161 5784 2289 5823; x_wconf 89' lang='lat' dir='ltr'><strong>sua-</strong></span> 
     </span>
    </p>
   </div>
   <div class='ocr_carea' id='block_1_98' title="bbox 682 5864 1086 5920">
    <p class='ocr_par' dir='ltr' id='par_1_98' title="bbox 682 5864 1086 5920">
     <span class='ocr_line' id='line_1_98' title="bbox 682 5864 1086 5920; baseline 0 -1"><span class='ocrx_word' id='word_1_626' title='bbox 682 5865 765 5920; x_wconf 93' lang='lat' dir='ltr'><strong>vis</strong></span> <span class='ocrx_word' id='word_1_627' title='bbox 798 5864 1086 5919; x_wconf 82' lang='lat' dir='ltr'><strong>Dominus.</strong></span> 
     </span>
    </p>
   </div>
   <div class='ocr_carea' id='block_1_99' title="bbox 2405 4615 4016 4693">
    <p class='ocr_par' dir='ltr' id='par_1_99' title="bbox 2405 4615 4016 4693">
     <span class='ocr_line' id='line_1_99' title="bbox 2405 4615 4016 4693; baseline 0.004 -24"><span class='ocrx_word' id='word_1_628' title='bbox 2405 4619 2469 4669; x_wconf 80' lang='grc' dir='ltr'>ἑκ</span> <span class='ocrx_word' id='word_1_629' title='bbox 2512 4615 2739 4669; x_wconf 84' lang='grc' dir='ltr'>δικαίων</span> <span class='ocrx_word' id='word_1_630' title='bbox 2807 4617 2987 4669; x_wconf 76' lang='grc' dir='ltr'>πόνων</span> <span class='ocrx_word' id='word_1_631' title='bbox 3024 4617 3199 4688; x_wconf 83' lang='grc' dir='ltr'>μικρά</span> <span class='ocrx_word' id='word_1_632' title='bbox 3230 4617 3487 4688; x_wconf 69' lang='grc' dir='ltr'>εἰσφορὰ,</span> <span class='ocrx_word' id='word_1_633' title='bbox 3540 4620 3622 4681; x_wconf 78' lang='grc' dir='ltr'><strong>εἰς</strong></span> <span class='ocrx_word' id='word_1_634' title='bbox 3657 4619 3800 4689; x_wconf 87' lang='grc' dir='ltr'>μόνα</span> <span class='ocrx_word' id='word_1_635' title='bbox 3844 4624 4016 4693; x_wconf 78' lang='grc' dir='ltr'>ἐκαρ-</span> 
     </span>
    </p>
   </div>
   <div class='ocr_carea' id='block_1_100' title="bbox 2404 4708 4016 4783">
    <p class='ocr_par' dir='ltr' id='par_1_100' title="bbox 2404 4708 4016 4783">
     <span class='ocr_line' id='line_1_100' title="bbox 2404 4708 4016 4783; baseline 0.004 -21"><span class='ocrx_word' id='word_1_636' title='bbox 2404 4708 2576 4762; x_wconf 91' lang='grc' dir='ltr'>κοῦσα</span> <span class='ocrx_word' id='word_1_637' title='bbox 2615 4708 2686 4760; x_wconf 89' lang='grc' dir='ltr'><strong>τά</strong></span> <span class='ocrx_word' id='word_1_638' title='bbox 2715 4710 3015 4776; x_wconf 79' lang='grc' dir='ltr'>ἀναγκαῖα,</span> <span class='ocrx_word' id='word_1_639' title='bbox 3066 4711 3099 4779; x_wconf 81' lang='grc' dir='ltr'>ἧ</span> <span class='ocrx_word' id='word_1_640' title='bbox 3132 4710 3343 4781; x_wconf 79' lang='grc' dir='ltr'>μεγάλη</span> <span class='ocrx_word' id='word_1_641' title='bbox 3395 4710 3454 4776; x_wconf 76' lang='grc' dir='ltr'>ἐξ</span> <span class='ocrx_word' id='word_1_642' title='bbox 3512 4711 3778 4783; x_wconf 79' lang='grc' dir='ltr'>ἁρπαγῆς</span> <span class='ocrx_word' id='word_1_643' title='bbox 3822 4716 4016 4769; x_wconf 82' lang='grc' dir='ltr'>πλεον-</span> 
     </span>
    </p>
   </div>
   <div class='ocr_carea' id='block_1_101' title="bbox 2404 4798 3144 4871">
    <p class='ocr_par' dir='ltr' id='par_1_101' title="bbox 2404 4798 3144 4871">
     <span class='ocr_line' id='line_1_101' title="bbox 2404 4798 3144 4871; baseline 0.004 -20"><span class='ocrx_word' id='word_1_644' title='bbox 2404 4798 2639 4862; x_wconf 87' lang='grc' dir='ltr'>εκτικῶς</span> <span class='ocrx_word' id='word_1_645' title='bbox 2670 4798 3144 4871; x_wconf 76' lang='grc' dir='ltr'>θησαυριξομένη.</span> 
     </span>
    </p>
   </div>
   <div class='ocr_carea' id='block_1_102' title="bbox 2473 4926 4012 4997">
    <p class='ocr_par' dir='ltr' id='par_1_102' title="bbox 2473 4926 4012 4997">
     <span class='ocr_line' id='line_1_102' title="bbox 2473 4926 4012 4997; baseline 0.001 -12"><span class='ocrx_word' id='word_1_646' title='bbox 2473 4928 2700 4996; x_wconf 73' lang='grc' dir='ltr'>Καρδία</span> <span class='ocrx_word' id='word_1_647' title='bbox 2728 4926 2955 4997; x_wconf 76' lang='grc' dir='ltr'>ἀνδρὸς</span> <span class='ocrx_word' id='word_1_648' title='bbox 2977 4928 3302 4997; x_wconf 69' lang='grc' dir='ltr'>λογιζέσθω</span> <span class='ocrx_word' id='word_1_649' title='bbox 3335 4928 3560 4994; x_wconf 75' lang='grc' dir='ltr'>δίκαια,</span> <span class='ocrx_word' id='word_1_650' title='bbox 3589 4930 3695 4983; x_wconf 81' lang='grc' dir='ltr'><strong>ἵνα</strong></span> <span class='ocrx_word' id='word_1_651' title='bbox 3731 4932 3857 4985; x_wconf 75' lang='grc' dir='ltr'><strong>ὑπὸ</strong></span> <span class='ocrx_word' id='word_1_652' title='bbox 3908 4932 4012 4986; x_wconf 84' lang='grc' dir='ltr'><strong>τοῦ</strong></span> 
     </span>
    </p>
   </div>
   <div class='ocr_carea' id='block_1_103' title="bbox 2405 5018 4011 5100">
    <p class='ocr_par' dir='ltr' id='par_1_103' title="bbox 2405 5018 4011 5100">
     <span class='ocr_line' id='line_1_103' title="bbox 2405 5018 4011 5100; baseline 0.002 -24"><span class='ocrx_word' id='word_1_653' title='bbox 2405 5021 2556 5076; x_wconf 85' lang='grc' dir='ltr'>Θεοῦ</span> <span class='ocrx_word' id='word_1_654' title='bbox 2589 5018 2885 5089; x_wconf 80' lang='grc' dir='ltr'>διορθωθῇ</span> <span class='ocrx_word' id='word_1_655' title='bbox 2925 5022 2998 5075; x_wconf 85' lang='grc' dir='ltr'>τὰ</span> <span class='ocrx_word' id='word_1_656' title='bbox 3030 5022 3367 5091; x_wconf 73' lang='grc' dir='ltr'>διαδήματα</span> <span class='ocrx_word' id='word_1_657' title='bbox 3396 5023 3608 5077; x_wconf 78' lang='grc' dir='ltr'>αὑτοῦ.</span> <span class='ocrx_word' id='word_1_658' title='bbox 3648 5026 3713 5077; x_wconf 80' lang='grc' dir='ltr'><strong><em>Ἡ</em></strong></span> <span class='ocrx_word' id='word_1_659' title='bbox 3739 5026 3893 5100; x_wconf 50' lang='grc' dir='ltr'><strong>ψυχὴ</strong></span> <span class='ocrx_word' id='word_1_660' title='bbox 3918 5026 4011 5080; x_wconf 79' lang='grc' dir='ltr'><strong>τοῦ</strong></span> 
     </span>
    </p>
   </div>
   <div class='ocr_carea' id='block_1_104' title="bbox 2402 5109 4012 5183">
    <p class='ocr_par' dir='ltr' id='par_1_104' title="bbox 2402 5109 4012 5183">
     <span class='ocr_line' id='line_1_104' title="bbox 2402 5109 4012 5183; baseline 0 -16"><span class='ocrx_word' id='word_1_661' title='bbox 2402 5115 2545 5167; x_wconf 72' lang='grc' dir='ltr'>κατὰ</span> <span class='ocrx_word' id='word_1_662' title='bbox 2577 5111 2687 5165; x_wconf 85' lang='grc' dir='ltr'><strong>τῶν</strong></span> <span class='ocrx_word' id='word_1_663' title='bbox 2736 5110 2928 5166; x_wconf 88' lang='grc' dir='ltr'>παθῶν</span> <span class='ocrx_word' id='word_1_664' title='bbox 2971 5110 3365 5183; x_wconf 79' lang='grc' dir='ltr'>ἀνδριζομένου</span> <span class='ocrx_word' id='word_1_665' title='bbox 3403 5109 3728 5166; x_wconf 75' lang='grc' dir='ltr'>διανοείσθω</span> <span class='ocrx_word' id='word_1_666' title='bbox 3759 5115 3865 5178; x_wconf 72' lang='grc' dir='ltr'><strong>τὰς</strong></span> <span class='ocrx_word' id='word_1_667' title='bbox 3917 5114 4012 5167; x_wconf 80' lang='grc' dir='ltr'><strong>τοῦ</strong></span> 
     </span>
    </p>
   </div>
   <div class='ocr_carea' id='block_1_105' title="bbox 2400 5203 4014 5282">
    <p class='ocr_par' dir='ltr' id='par_1_105' title="bbox 2400 5203 4014 5282">
     <span class='ocr_line' id='line_1_105' title="bbox 2400 5203 4014 5282; baseline 0.003 -23"><span class='ocrx_word' id='word_1_668' title='bbox 2400 5204 2537 5259; x_wconf 83' lang='grc' dir='ltr'>Θεοῦ</span> <span class='ocrx_word' id='word_1_669' title='bbox 2568 5203 2792 5266; x_wconf 77' lang='grc' dir='ltr'>ἐντολάς</span> <span class='ocrx_word' id='word_1_670' title='bbox 2821 5219 2835 5234; x_wconf 75' lang='grc'><strong><em>⁸</em></strong></span> <span class='ocrx_word' id='word_1_671' title='bbox 2866 5203 2943 5267; x_wconf 86' lang='grc' dir='ltr'>ὼς</span> <span class='ocrx_word' id='word_1_672' title='bbox 2977 5204 3045 5257; x_wconf 86' lang='grc' dir='ltr'>ἂν</span> <span class='ocrx_word' id='word_1_673' title='bbox 3076 5203 3352 5257; x_wconf 79' lang='grc' dir='ltr'>ὑπἀὐτοῦ</span> <span class='ocrx_word' id='word_1_674' title='bbox 3372 5205 3830 5262; x_wconf 83' lang='grc' dir='ltr'>κατευθυνθῶσιν</span> <span class='ocrx_word' id='word_1_675' title='bbox 3851 5212 3913 5264; x_wconf 77' lang='grc' dir='ltr'>ὲν</span> <span class='ocrx_word' id='word_1_676' title='bbox 3941 5210 4014 5282; x_wconf 81' lang='grc' dir='ltr'>τῷ</span> 
     </span>
    </p>
   </div>
   <div class='ocr_carea' id='block_1_106' title="bbox 2400 5296 3691 5370">
    <p class='ocr_par' dir='ltr' id='par_1_106' title="bbox 2400 5296 3691 5370">
     <span class='ocr_line' id='line_1_106' title="bbox 2400 5296 3691 5370; baseline 0.002 -19"><span class='ocrx_word' id='word_1_677' title='bbox 2400 5296 2590 5367; x_wconf 83' lang='grc' dir='ltr'>ἀγαθῷ</span> <span class='ocrx_word' id='word_1_678' title='bbox 2622 5296 2717 5349; x_wconf 89' lang='grc' dir='ltr'><strong>τοῦ</strong></span> <span class='ocrx_word' id='word_1_679' title='bbox 2749 5296 2994 5349; x_wconf 89' lang='grc' dir='ltr'>τοιούτου</span> <span class='ocrx_word' id='word_1_680' title='bbox 3021 5296 3314 5365; x_wconf 77' lang='grc' dir='ltr'>ἀνθρώπου</span> <span class='ocrx_word' id='word_1_681' title='bbox 3345 5298 3403 5351; x_wconf 79' lang='grc' dir='ltr'>αἱ</span> <span class='ocrx_word' id='word_1_682' title='bbox 3434 5299 3691 5370; x_wconf 79' lang='grc' dir='ltr'>πράξεις.</span> 
     </span>
    </p>
   </div>
   <div class='ocr_carea' id='block_1_107' title="bbox 2469 5399 4011 5478">
    <p class='ocr_par' dir='ltr' id='par_1_107' title="bbox 2469 5399 4011 5478">
     <span class='ocr_line' id='line_1_107' title="bbox 2469 5399 4011 5478; baseline 0.007 -23"><span class='ocrx_word' id='word_1_683' title='bbox 2469 5402 2531 5457; x_wconf 89' lang='grc' dir='ltr'><strong>λ’,</strong></span> <span class='ocrx_word' id='word_1_684' title='bbox 2560 5399 2807 5470; x_wconf 79' lang='grc' dir='ltr'>Θεωρῶν</span> <span class='ocrx_word' id='word_1_685' title='bbox 2836 5402 3150 5471; x_wconf 65' lang='grc' dir='ltr'>ὀφθαλμὸς</span> <span class='ocrx_word' id='word_1_686' title='bbox 3179 5403 3358 5470; x_wconf 77' lang='grc' dir='ltr'>καλὰ,</span> <span class='ocrx_word' id='word_1_687' title='bbox 3385 5405 3702 5473; x_wconf 68' lang='grc' dir='ltr'>εὐφραίνει</span> <span class='ocrx_word' id='word_1_688' title='bbox 3734 5409 4011 5478; x_wconf 81' lang='grc' dir='ltr'>καρδίαν.</span> 
     </span>
    </p>
   </div>
   <div class='ocr_carea' id='block_1_108' title="bbox 2400 5493 4010 5566">
    <p class='ocr_par' dir='ltr' id='par_1_108' title="bbox 2400 5493 4010 5566">
     <span class='ocr_line' id='line_1_108' title="bbox 2400 5493 4010 5566; baseline 0.006 -20"><span class='ocrx_word' id='word_1_689' title='bbox 2400 5494 2511 5565; x_wconf 81' lang='grc' dir='ltr'>Τῆς</span> <span class='ocrx_word' id='word_1_690' title='bbox 2535 5493 2859 5564; x_wconf 84' lang='grc' dir='ltr'>πρακτικῶς</span> <span class='ocrx_word' id='word_1_691' title='bbox 2885 5494 3237 5565; x_wconf 83' lang='grc' dir='ltr'>γευσαμένης</span> <span class='ocrx_word' id='word_1_692' title='bbox 3275 5495 3456 5566; x_wconf 76' lang='grc' dir='ltr'>ψυχῆς</span> <span class='ocrx_word' id='word_1_693' title='bbox 3500 5496 3612 5551; x_wconf 88' lang='grc' dir='ltr'><strong>τῶν</strong></span> <span class='ocrx_word' id='word_1_694' title='bbox 3642 5498 3813 5553; x_wconf 82' lang='grc' dir='ltr'>θείων</span> <span class='ocrx_word' id='word_1_695' title='bbox 3861 5503 4010 5557; x_wconf 71' lang='grc' dir='ltr'>ἐντο-</span> 
     </span>
    </p>
   </div>
   <div class='ocr_carea' id='block_1_109' title="bbox 2397 5585 4008 5664">
    <p class='ocr_par' dir='ltr' id='par_1_109' title="bbox 2397 5585 4008 5664">
     <span class='ocr_line' id='line_1_109' title="bbox 2397 5585 4008 5664; baseline 0.004 -24"><span class='ocrx_word' id='word_1_696' title='bbox 2397 5586 2527 5651; x_wconf 87' lang='grc' dir='ltr'>λῶν,</span> <span class='ocrx_word' id='word_1_697' title='bbox 2568 5587 2597 5638; x_wconf 86' lang='grc' dir='ltr'>ὁ</span> <span class='ocrx_word' id='word_1_698' title='bbox 2619 5585 2841 5653; x_wconf 83' lang='grc' dir='ltr'>θεωρῶν</span> <span class='ocrx_word' id='word_1_699' title='bbox 2868 5588 2994 5651; x_wconf 68' lang='grc' dir='ltr'>τοὺς</span> <span class='ocrx_word' id='word_1_700' title='bbox 3024 5586 3219 5656; x_wconf 75' lang='grc' dir='ltr'>λόγους</span> <span class='ocrx_word' id='word_1_701' title='bbox 3259 5588 3444 5642; x_wconf 80' lang='grc' dir='ltr'>αὐτῶν</span> <span class='ocrx_word' id='word_1_702' title='bbox 3479 5590 3668 5659; x_wconf 80' lang='grc' dir='ltr'>νοερὸς</span> <span class='ocrx_word' id='word_1_703' title='bbox 3698 5592 4008 5664; x_wconf 70' lang='grc' dir='ltr'>ὀφθαλμὸς,</span> 
     </span>
    </p>
   </div>
   <div class='ocr_carea' id='block_1_110' title="bbox 2396 5680 4007 5758">
    <p class='ocr_par' dir='ltr' id='par_1_110' title="bbox 2396 5680 4007 5758">
     <span class='ocr_line' id='line_1_110' title="bbox 2396 5680 4007 5758; baseline 0.004 -25"><span class='ocrx_word' id='word_1_704' title='bbox 2396 5683 2453 5734; x_wconf 76' lang='grc' dir='ltr'><strong>ἐν</strong></span> <span class='ocrx_word' id='word_1_705' title='bbox 2512 5683 2580 5751; x_wconf 78' lang='grc' dir='ltr'>τῇ</span> <span class='ocrx_word' id='word_1_706' title='bbox 2641 5680 2848 5734; x_wconf 83' lang='grc' dir='ltr'>τούτων</span> <span class='ocrx_word' id='word_1_707' title='bbox 2880 5681 3118 5753; x_wconf 60' lang='grc' dir='ltr'>αύτοῴίᾳ</span> <span class='ocrx_word' id='word_1_708' title='bbox 3152 5684 3328 5752; x_wconf 79' lang='grc' dir='ltr'>χαρᾶς</span> <span class='ocrx_word' id='word_1_709' title='bbox 3376 5685 3767 5754; x_wconf 82' lang='grc' dir='ltr'>πνευματικῆς</span> <span class='ocrx_word' id='word_1_710' title='bbox 3799 5689 4007 5758; x_wconf 80' lang='grc' dir='ltr'>ταύτην</span> 
     </span>
    </p>
   </div>
   <div class='ocr_carea' id='block_1_111' title="bbox 2396 5775 4005 5851">
    <p class='ocr_par' dir='ltr' id='par_1_111' title="bbox 2396 5775 4005 5851">
     <span class='ocr_line' id='line_1_111' title="bbox 2396 5775 4005 5851; baseline 0.004 -22"><span class='ocrx_word' id='word_1_711' title='bbox 2396 5776 2619 5845; x_wconf 73' lang='grc' dir='ltr'>πληροῖ,</span> <span class='ocrx_word' id='word_1_712' title='bbox 2651 5775 3005 5847; x_wconf 81' lang='grc' dir='ltr'>γευσαμένην</span> <span class='ocrx_word' id='word_1_713' title='bbox 3036 5776 3131 5830; x_wconf 77' lang='grc' dir='ltr'><strong>καὶ</strong></span> <span class='ocrx_word' id='word_1_714' title='bbox 3170 5775 3521 5847; x_wconf 83' lang='grc' dir='ltr'>θεασαμένην</span> <span class='ocrx_word' id='word_1_715' title='bbox 3549 5778 3632 5831; x_wconf 85' lang='grc' dir='ltr'>ὅτι</span> <span class='ocrx_word' id='word_1_716' title='bbox 3682 5782 3927 5851; x_wconf 78' lang='grc' dir='ltr'>χρηστὸς</span> <span class='ocrx_word' id='word_1_717' title='bbox 3980 5785 4005 5834; x_wconf 73' lang='grc' dir='ltr'>ὁ</span> 
     </span>
    </p>
   </div>
   <div class='ocr_carea' id='block_1_112' title="bbox 2396 5868 2624 5938">
    <p class='ocr_par' dir='ltr' id='par_1_112' title="bbox 2396 5868 2624 5938">
     <span class='ocr_line' id='line_1_112' title="bbox 2396 5868 2624 5938; baseline 0 -17"><span class='ocrx_word' id='word_1_718' title='bbox 2396 5868 2624 5938; x_wconf 80' lang='grc' dir='ltr'>Κύριος.</span> 
     </span>
    </p>
   </div>
  </div>
