4220 6462
274 426 407 491 1381
1344 438 1873 501 COMMENTARII
1912 440 1989 499 IN
2026 440 2477 501 PROVERBIA.
3405 441 3539 506 1389.

336 548 508 616 Φήμη
559 548 628 599 δι
676 547 868 616 ἁγαθή
916 550 1133 602 πιαίνει
1184 549 1354 607 ὀστᾶ.
1412 551 1476 604 'u
1505 552 1549 603 δ’
1576 553 1637 615 ιε
1687 552 1858 620 ἀκοῆς

2034 550 2185 603 Bona
2217 550 2367 617 fama
2397 550 2608 618 saginat
2637 564 2775 601 ossa.
2806 547 2969 602 Fama
3015 549 3083 604 de
3129 549 3328 605 divinis
3385 567 3541 606 man-

269 638 440 706 μόνης
491 637 807 691 εἰσδύνουσα
857 639 938 700 είς
991 639 1169 708 ψυχὴν
1223 639 1333 691 τῶν
1400 639 1561 692 θείων
1618 641 1850 692 ἐντολῶν

1999 642 2105 695 atis
2148 642 2388 694 animam
2424 655 2520 707 per
2550 640 2726 694 solum
2761 640 3007 692 auditum
3048 651 3377 709 occupantc,
3413 660 3539 697 cum

267 727 449 795 φήμη.
483 727 541 778 ἐν
570 728 636 795 τῇ
666 724 874 779 τούτων
916 728 1126 796 ἱστορίᾳ
1161 727 1351 798 τρέφει
1384 728 1481 789 τάς
1505 728 1660 798 δίκην
1680 728 1853 780 ὀστῶν

1994 711 2204 799 xposita
2237 728 2463 793 fuerint,
2495 729 2703 781 viridas
2728 728 2921 781 animm
2948 729 3113 791 vires,
3132 731 3341 784 ossium
3366 748 3539 798 more,

267 818 569 879 τονωτικάς
598 816 806 887 ταύτης
838 818 1122 889 δυνάμεις,
1154 818 1700 883 διανιστῶσαταύτας
1717 820 1855 891 πρὸς

2000 818 2211 872 utriunt
2245 825 2298 872 et
2324 818 2445 871 illas
2482 817 2547 869 ad
2584 818 2920 884 operaticum
2956 819 3195 887 erigunt.

270 908 537 979 ἐργασίαν
572 909 772 963 αὐτῶν.

344 1034 442 1102 >.β¹.
483 1036 589 1101 Ὃς
617 1036 934 1090 ἀπωθεῖται
973 1036 1271 1100 παιδείαν,
1327 1036 1498 1106 μισεῖ
1525 1037 1745 1091 ἑαυτόν
1775 1051 1788 1067 ·
1821 1040 1854 1090 ό

269 1125 341 1178 δὲ
372 1125 569 1193 τηρῶν
597 1126 916 1195 ἐλέγχους.
952 1125 1155 1196 ἀγαπᾷ
1201 1127 1316 1195 τὴν
1344 1127 1563 1182 ἑαυτοῦ
1620 1128 1855 1197 ψυχήν.

288 1210 348 1264 Ὀ
381 1212 848 1282 ἀποπεμπόμενος
866 1213 993 1276 τοὺς
1020 1215 1156 1283 πρὸς
1202 1215 1489 1285 διόρθωσιν
1540 1216 1860 1287 ἐπιτιμητιο

274 1304 406 1367 κοὺς
438 1304 655 1372 λόγους,
688 1306 881 1374 ἐχθρὸς
908 1305 1103 1358 ἑαυτοῦ
1127 1306 1537 1369 ἀποδείκνυται,
1596 1308 1672 1372 ὡς
1720 1309 1859 1362 ἀπο-

276 1396 651 1465 στρεφόμενος
673 1396 742 1447 τά
794 1396 1143 1467 συμφέροντα
1188 1396 1421 1467 ἐαυτῷη
1467 1399 1495 1450 ό
1524 1399 1579 1451 δὲ
1636 1399 1860 1463 τούτους

273 1486 407 1557 παρ’
442 1486 621 1557 ἐαυτῷ
652 1486 962 1556 φυλάσσων,
997 1488 1140 1556 φιλεί
1165 1488 1264 1561 τὴν
1299 1490 1492 1544 ἐαυτοῦ
1518 1492 1718 1563 ψυχὴν,
1763 1490 1862 1562 τὴν

275 1580 552 1651 σωτηρίαν
587 1579 792 1650 ταύτης
821 1579 1019 1648 ζητῶν.

2030 1035 2194 1089 Vsus.
2238 1032 2327 1087 32.
2368 1034 2470 1099 Qui
2510 1034 2699 1102 abjicit
2747 1034 3107 1104 disciplinam,
3140 1041 3364 1108 seipsum
3396 1040 3541 1103 odit,-

1958 1124 2048 1192 qui
2100 1134 2277 1177 autem
2318 1125 2701 1189 increpationcs
2769 1125 3022 1190 custodit,
3080 1125 3256 1195 diligit
3307 1130 3541 1181 animam

1960 1229 2135 1267 suam.
2200 1212 2306 1277 Qui
2357 1213 2686 1281 castigantia
2740 1214 2924 1278 verba,
2966 1214 3021 1267 in
3055 1229 3210 1269 suam
3238 1221 3541 1271 correctio-

1963 1320 2090 1359 nem
2130 1307 2359 1367 emissa,
2395 1304 2691 1371 respuerit,
2726 1305 2810 1359 sui
2846 1306 3026 1374 ipsius
3058 1307 3319 1361 inimicus
3352 1318 3539 1362 osten-

1961 1396 2133 1461 ditur,
2185 1396 2331 1465 quod
2386 1396 2490 1449 sibi
2545 1396 2887 1465 proficientia
2932 1397 3250 1466 abiecerit;
3306 1401 3399 1468 qui
3453 1403 3544 1456 illa

1965 1487 2109 1539 intra
2162 1499 2221 1540 se
2299 1484 2589 1549 custodit,
2650 1484 2829 1555 diligit
2882 1487 3122 1539 animam
3198 1496 3251 1543 et
3309 1492 3544 1546 salutem

1896 1636 1900 1641 ,
1961 1576 2178 1645 quaerit.

344 1708 447 1778 λγ’.
479 1710 669 1774 Φόϐος
686 1708 932 1776 Κυρίου,
960 1706 1197 1761 παιδεία
1223 1707 1320 1760 καί
1358 1707 1548 1776 σοφία
1571 1706 1669 1761 καὶ
1703 1704 1860 1775 ἀρχὴ

2036 1698 2206 1755 Vsus.
2238 1700 2327 1755 53.
2366 1699 2551 1754 Timor
2575 1699 2788 1754 Domini
2819 1700 3100 1768 disciplina
3153 1713 3203 1757 et
3258 1708 3543 1775 sapientia.
3654 1736 3657 1739 -

270 1800 460 1869 δόξης
510 1797 983 1868 ἀποκριθήσεται
1032 1796 1212 1866 αὐτῇ.
1268 1798 1328 1852 '0
1385 1799 1716 1862 Δεσποτικδς
1766 1800 1863 1852 καὶ

1997 1792 2256 1846 tinitium
2307 1790 2493 1861 gloriae
2538 1791 2923 1860 respondebunt
2972 1793 3075 1846 illi.
3128 1793 3447 1851 Dominicus
3495 1808 3549 1853 et

272 1895 418 1958 θεῖος
447 1892 613 1962 φόδος
660 1893 787 1955 τοὺς
820 1893 919 1961 μὲν
945 1891 1285 1964 πρακτικοὺς
1314 1892 1559 1947 παιδεύει
1590 1894 1861 1947 ἐκκλίνειν

1994 1884 2184 1939 livinus
2204 1883 2369 1938 timor
2388 1890 2612 1953 agentes
2634 1883 2827 1939 edocet
2863 1893 2923 1938 ut
2949 1884 3226 1941 declinent
3266 1903 3295 1942 a
3324 1892 3467 1945 malo
3498 1903 3551 1946 et

272 1983 386 2037 ἀπὸ
406 1983 603 2050 κακοῦ,
630 1986 726 2038 καὶ
751 1984 926 2037 ποιεῖν
957 1983 1160 2053 ἀγαθόν
1186 1999 1203 2017 ο
1239 1984 1367 2046 τοὺς
1394 1983 1452 2036 δὲ
1482 1983 1856 2053 θεωρητικοὺς

1994 1976 2175 2031 aciant
2209 1975 2415 2031 bonum
2465 1994 2479 2029 :
2528 1973 2946 2031 considerantes
3003 1984 3185 2032 autem
3235 1981 3424 2037 sanius
3464 1984 3551 2036 in-

276 2076 491 2147 σοφίζει
531 2076 822 2145 ἐκφεύγειν
886 2076 987 2145 τὴν
1010 2076 1133 2130 κατ’
1168 2075 1419 2145 αἴσθησιν
1470 2076 1709 2146 ἀπάτην,
1766 2076 1862 2128 καὶ

1995 2069 2129 2123 truit
2164 2074 2223 2122 ut
2254 2066 2503 2122 fallacias
2539 2082 2805 2122 sensuum
2838 2073 3015 2122 vitent
3044 2076 3097 2123 et
3120 2079 3302 2125 mente
3328 2074 3553 2143 capiant

272 2172 480 2241 χωρεῖν
504 2169 643 2239 πρὸς
672 2168 771 2239 τὴν
801 2170 943 2223 κατὰ
977 2168 1103 2221 νοῦν
1139 2168 1196 2221 ἐν
1231 2167 1506 2237 πνεύματι
1529 2166 1729 2235 γνῶσιν
1753 2168 1863 2221 τῶν

1996 2161 2308 2232 piritualem
2328 2158 2476 2213 illam
2510 2160 2821 2219 scientiam,
2851 2174 2972 2229 qua:
2997 2160 3145 2215 circa
3183 2178 3364 2217 rerum
3411 2167 3554 2219 exsi-

274 2263 336 2315 ἐν
364 2262 479 2323 τοῖς
512 2257 633 2314 οὖσι
662 2258 838 2329 λόγων
873 2274 887 2289 '
918 2262 977 2314 ἐν
1000 2253 1081 2322 οἷς
1107 2258 1241 2323 Θεὸς
1288 2259 1472 2322 αὐτοῖς
1501 2259 1615 2321 τοῖς
1646 2257 1863 2328 θεωρη-

1996 2254 2222 2308 tentiam
2258 2251 2650 2308 versatur.His
2688 2253 2742 2306 in
2776 2254 2941 2311 rebus
2973 2254 3201 2309 omnino
3232 2256 3553 2317 manifesta-

270 2354 455 2415 τικοτς
491 2355 714 2415 πάντως
756 2353 1250 2424 ἐμφανισθήσεται,
1286 2353 1315 2405 ὁ
1342 2353 1515 2417 αῐτιος
1546 2352 1646 2420 τῆς
1686 2352 1746 2407 ἐν
1795 2354 1863 2423 τῇ

1994 2342 2121 2396 titur
2154 2340 2477 2395 tlieoreticis
2508 2340 2620 2396 illis
2652 2339 2822 2404 Deus,
2851 2341 2948 2412 qui
2976 2350 3063 2398 est
3099 2356 3271 2399 causa
3304 2346 3474 2400 totius
3499 2347 3552 2400 in

273 2446 459 2500 κτίσει
494 2445 941 2517 μεγαλειότητος.

1994 2430 2253 2486 :reatione
2283 2430 2707 2502 magnitudinis.
3109 2447 3117 2456 δ

870 2590 1126 2644 usus.
1158 2590 1277 2657 ις’.

2602 2571 2755 2627 CAP.
2790 2573 2927 2628 XVI.

2046 2698 2215 2754 Vsus.
2246 2698 2302 2753 ‘2.
2374 2698 2570 2754 Omnia
2622 2716 2780 2769 Opera
2844 2701 3071 2758 hominis
3106 2707 3392 2774 manifesta
3441 2723 3560 2763 sunt

1974 2790 2118 2858 apud
2150 2789 2637 2845 Deum.Pnestans
2686 2795 3042 2849 conversatio
3096 2796 3337 2852 hominis
3387 2801 3453 2854 de
3507 2800 3566 2856 Se

1978 2877 2260 2933 humiliter
2286 2878 2604 2940 sentientis,
2650 2881 2867 2933 etiamsi
2908 2883 3236 2937 abscondita
3281 2886 3353 2939 sit
3426 2888 3566 2955 (ipse

1978 2970 2125 3025 enim
2156 2984 2266 3024 non
2294 2970 2493 3039 qumrit
2522 2970 2751 3039 gloriam
2782 2974 2924 3041 apud
2958 2973 3260 3044 homines),
3293 2977 3348 3030 in
3376 2986 3567 3046 aperto

1981 3070 2089 3121 stat
2117 3066 2301 3118 coram
2331 3062 2458 3127 Deo,
2485 3064 2845 3132 cognoscenti
2878 3064 3032 3118 illum
3059 3082 3122 3119 ex
3166 3068 3397 3136 pulchra
3438 3084 3569 3139 ope-

1997 3170 2120 3209 rum
2163 3154 2433 3226 gestione.

352 2729 427 2777 a'.
465 2718 670 2774 Πάντα
708 2717 782 2772 τὰ
804 2716 950 2786 ἔργα
980 2715 1089 2770 τοῦ
1125 2716 1432 2783 ταπεινοῦ,
1456 2718 1684 2787 φανερά
1714 2715 1874 2785 παρὰ

278 2813 363 2880 τῷ
377 2812 518 2878 Θεῷ.
537 2812 695 2865 Πᾶσα
720 2812 753 2881 ὴ
776 2811 1026 2882 ἐνάρετος
1046 2808 1289 2863 πολιτεία
1315 2808 1406 2862 τοῦ
1424 2810 1870 2880 ταπεινόφρονος,

278 2905 387 2959 κᾶν
428 2904 761 2973 κέκρυπται,
798 2900 874 2971 μὴ
900 2900 1000 2970 τὴν
1028 2899 1159 2969 παρ’
1213 2898 1520 2970 ἀνθρώπων
1571 2898 1727 2965 δόξαν
1777 2898 1876 2969 ςη-

278 2994 529 3058 τοῦντος,
584 2991 723 3045 ἀλλὰ
777 2990 898 3061 Θεῷ
928 2990 1063 3060 δήλη
1123 2988 1456 3059 καθέστηκε,
1499 2988 1577 3059 τῷ
1613 2987 1874 3057 ἐπιγινώ-

280 3102 470 3140 σκοντι
536 3083 702 3137 αὐτὸν
766 3084 830 3136 ἐκ
895 3081 995 3151 τῆς
1024 3081 1195 3153 καλῆς
1257 3081 1366 3135 τῶν
1397 3080 1574 3153 ἔργων
1613 3081 1878 3152 ἀναστρο-

281 3180 419 3250 sitc-

353 3285 421 3341 δ’.
456 3288 522 3341 Ol
545 3284 616 3340 δὲ
667 3283 907 3349 ἀσεϐεῖς
943 3285 1013 3337 ἐν
1040 3283 1231 3354 ἡμέρᾳ
1259 3282 1417 3351 κακῇ
1471 3279 1774 3336 όλοῦνται.
1809 3279 1873 3332 (ιι

2053 3280 2221 3337 Vens.
2266 3282 2319 3337 4.
2352 3281 2515 3354 Impii
2554 3285 2606 3338 in
2637 3285 2721 3338 die
2752 3283 2895 3337 mala
2915 3285 3179 3352 peribunt.
3215 3284 3321 3350 Qui
3368 3300 3477 3341 non
3500 3302 3569 3342 ex

280 3380 342 3433 δὲ
370 3378 447 3451 μὴ
480 3377 540 3444 ἐξ
564 3377 741 3447 ἔργων
764 3375 1108 3445 δικαιοσύνης
1141 3374 1407 3445 τιμῶντες
1431 3373 1587 3440 Θεὸν,
1618 3372 1879 3446 ὲνὴμέρᾳ

1994 3375 2253 3443 aperibus
2281 3375 2508 3444 justitiaz
2536 3376 2703 3431 Deum
2743 3377 3040 3440 honorant,
3075 3377 3129 3428 in
3168 3376 3257 3430 die
3286 3376 3380 3430 ira:
3401 3386 3455 3430 et
3484 3394 3570 3433 re-

282 3469 463 3542 όργῆς
491 3467 658 3522 αὑτοῦ
698 3469 793 3521 καὶ
816 3467 1248 3532 ἀνταποδόσεως,
1316 3464 1648 3519 ἀπολοῦνται
1702 3482 1881 3537 παρα-

1994 3464 2301 3520 tributionis
2340 3466 2512 3536 ipsius
2538 3467 2814 3536 peribunt,
2854 3467 3088 3523 inunissi
3122 3466 3175 3521 in
3205 3467 3535 3538 gehennam.

288 3562 646 3635 πεμφθέντες
689 3564 768 3625 είς
800 3561 1051 3629 γέενναν.

362 3698 424 3748 ε’.
472 3690 834 3759 ’Δκὰθαρτος
872 3688 1035 3757 παρὰ
1062 3688 1255 3756 Κυρίῳ
1270 3685 1389 3753 πᾶς
1411 3685 1878 3756 ὺψηλοκάρδιος.

292 3784 536 3855 Βέθηλος
577 3781 730 3853 παρὰ
764 3782 842 3852 τῷ
880 3780 976 3835 τοῦ
1036 3782 1239 3843 παντὸς
1290 3780 1562 3851 Δεσπότῃ,
1624 3776 1882 3847 κᾶνβίου

290 3877 648 3947 καθαρότητα
684 3874 1074 3935 ἐπιδείκνυται,
1124 3871 1342 3937 ἀλαζὼν
1372 3870 1521 3937 ἅπας
1555 3872 1651 3925 καὶ
1680 3872 1886 3942 ὑπερή-

291 3987 464 4039 φανος
496 3984 512 4000 ’
541 3968 931 4023 ἀντιτάσσεται
966 3965 1095 4038 (γὰρ
1118 3965 1281 4036 Θεῷ).

366 4096 529 4165 Xsth
557 4095 627 4149 δὲ
652 4093 856 4165 χεῖρας
870 4091 1155 4162 ἐμϐαλὼν
1181 4089 1425 4155 ἀδίκως,
1460 4090 1573 4144 οὐκ
1608 4088 1885 4154 ἁθωωθή-

291 4206 490 4245 σεται.
530 4190 588 4242 Ὀ
612 4187 669 4239 δὲ
709 4184 791 4257 τῷ
823 4184 1057 4256 καμάτῳ
1103 4184 1203 4253 τῆς
1242 4183 1452 4245 οίκείας
1514 4181 1700 4253 χειρὸς
1758 4180 1887 4243 τοὺς

290 4283 405 4337 τῶν
457 4278 761 4350 ἀλλοτρίων
812 4275 1015 4348 χειρῶν
1060 4275 1258 4337 πόνους
1291 4273 1443 4346 παρὰ
1473 4274 1653 4328 πάντα
1680 4273 1887 4326 δίκαιον

292 4375 457 4444 λόγον
492 4370 828 4443 προσμίξας,
862 4368 923 4421 οὐ
962 4366 1214 4431 τεύξεται
1250 4364 1582 4435 συγγνώμης
1603 4364 1756 4433 παρά
1793 4361 1886 4415 τοῦ

291 4464 512 4521 δικαίου
538 4463 647 4517 τῶν
687 4462 827 4516 ὅλων
861 4459 1055 4533 κριτοῦ
1119 4463 1176 4514 ἐν
1214 4458 1398 4529 ἡμέρα
1447 4454 1885 4517 ἀνταποδόσεως.

2058 3681 2224 3738 Vsus.
2269 3685 2321 3740 5.
2356 3683 2605 3754 Impurus
2657 3687 2799 3755 apud
2844 3685 3134 3740 Dominum
3177 3690 3345 3743 omnis
3377 3690 3570 3746 elatus.

1989 3774 2285 3840 Profanus,
2314 3776 2458 3846 apud
2509 3793 2693 3832 rerum
2730 3786 2974 3834 omnium
3013 3779 3327 3845 Dominum,
3358 3784 3574 3838 etiamsi

1992 3867 2119 3920 vitai
2172 3869 2467 3936 puritatem
2500 3882 2611 3937 prae
2659 3883 2718 3923 sc
2761 3868 2950 3934 ferret,
3006 3871 3187 3925 omnis
3236 3871 3477 3941 iaetator
3523 3885 3577 3931 et

1987 3958 2276 4013 sublimis:
2317 3958 2644 4015 adversatur
2676 3960 2844 4029 (enim
2875 3960 3033 4032 Deo).

2059 4087 2285 4143 Manum
2336 4090 2391 4142 in
2451 4107 2643 4144 manus
2687 4093 2999 4162 quiinjustc
3039 4095 3236 4166 injicit,
3284 4099 3427 4152 haud
3474 4084 3578 4155 int-

1989 4198 2155 4251 purus
2216 4181 2401 4234 abibit.
2455 4182 2559 4248 Qui
2616 4183 2792 4238 labori
2842 4189 3076 4257 propriae
3133 4204 3329 4246 manus
3383 4208 3581 4264 Operas

1994 4274 2227 4326 aliarum
2284 4286 2546 4327 manuum
2584 4284 2779 4330 contra
2819 4292 3039 4333 omnem
3068 4281 3277 4350 justam
3311 4285 3607 4340 rationem

1997 4364 2373 4427 admiscuerit,
2438 4379 2468 4418 a
2514 4364 2667 4434 justo
2725 4379 3058 4423 cunctorum
3115 4371 3327 4440 judice,
3392 4376 3446 4429 in
3496 4377 3582 4432 die

2000 4456 2405 4521 retributionis,
2443 4461 2658 4511 veniam
2699 4474 2810 4513 non
2839 4460 3128 4516 obtinebit.

379 4593 567 4664 Ἀρχὴ
596 4591 740 4647 ὁδοῦ
767 4589 1019 4661 ἀγαθῆς,
1037 4589 1105 4642 τὸ
1134 4587 1329 4642 ποιεῖν
1350 4586 1569 4640 δίκαια.
1596 4586 1881 4655 Εἰσαγωγή

2070 4576 2290 4632 Initium
2327 4579 2423 4633 υἱα·
2448 4580 2616 4643 bona,
2641 4582 2815 4650 facere
2833 4584 3007 4651 jusla.
3042 4583 3304 4643 lntroitus
3327 4589 3392 4643 ad
3418 4592 3587 4645 vitam

296 4686 417 4738 ἐστι
445 4686 547 4754 τῆς
570 4682 871 4751 εὐαρέστου
905 4678 1027 4749 Θεῷ
1069 4678 1266 4748 ⁴βιοτῆς
1326 4679 1360 4747 ἠ
1394 4676 1482 4730 διὰ
1508 4676 1617 4728 τῶν
1650 4676 1892 4728 ἀντικει-

299 4778 485 4849 μένων
517 4778 588 4846 τῇ
630 4774 804 4844 κακίᾳ
838 4773 1019 4843 ἔργων
1051 4770 1320 4842 κάθαρσις
1358 4771 1467 4823 τῶν
1502 4768 1691 4823 παθῶν
1722 4787 1735 4800 ·
1774 4768 1891 4840 μεθ’

294 4874 365 4943 ἢν
388 4872 422 4943 ἡ
458 4868 714 4941 προκοπή
738 4883 799 4920 τε
840 4867 989 4937 καὶὴ
1021 4866 1322 4927 τελείωσις.

368 4995 564 5052 Δεκτά
611 4994 680 5049 δὲ
713 4993 875 5064 παρὰ
924 4992 1048 5059 Θεῷ
1072 4993 1317 5063 μᾶλλον
1375 4991 1414 5061 ἢ
1467 4992 1633 5046 θύειν
1650 4992 1890 5047 θυσίαν.

300 5088 702 5160 Εὑπρόσδεκτα
734 5088 791 5141 δέ
823 5088 892 5141 τὰ
920 5086 1147 5139 τοιαῦτα
1178 5084 1315 5155 ἔργα
1350 5083 1469 5155 Θεῷ
1520 5084 1659 5156 ὑπὲρ
1684 5083 1895 5154 ἀλόγων

297 5180 459 5249 ζώων
483 5179 918 5251 ὁλοκαυτώματα
952 5194 967 5209 ⁸
1013 5180 1089 5243 ὼς
1120 5178 1219 5248 τῆς
1267 5178 1472 5249 σαρκὸς
1499 5176 1796 5247 νεκροῦντα
1834 5177 1895 5231 τὸ

299 5276 588 5349 φρόνημα,
662 5272 760 5328 καὶ
798 5271 1004 5343 ταύτην
1056 5270 1353 5343 εὐάρεστον
1384 5270 1532 5341 αὐτῷ
1575 5270 1766 5325 θυσίαν
1827 5270 1895 5324 δι’

297 5369 565 5441 ἐναρέτου
596 5365 877 5429 πολιτείας
904 5364 1302 5421 ἀποτελοῦντα.

384 5589 453 5645 '0
475 5587 674 5657 ζηλῶν
710 5586 819 5642 τὸν
850 5587 1093 5669 Κύριον,
1120 5584 1370 5655 εὑρήσει
1390 5583 1619 5655 γνῶσιν
1635 5585 1785 5656 μετὰ
1809 5585 1896 5639 δι-

296 5684 661 5748 καιοσύνης.
700 5680 759 5736 '0
793 5679 930 5733 Θεοῦ
962 5681 1242 5750 ἐπιτυχεῖν
1300 5679 1611 5748 ἐφιέμενος,
1643 5678 1896 5744 τεύξεται

296 5779 401 5849 τῆς
425 5778 449 5829 ἐ
460 5776 755 5848 μπράκτου
783 5773 1042 5842 γνώσεως
1062 5772 1170 5826 τῶν
1200 5772 1375 5841 ἁγίων
1418 5771 1584 5826 αὐτοῦ
1642 5772 1894 5828 ἐντολῶν.

372 5889 442 5945 Ol
459 5885 529 5941 δὲ
557 5883 747 5956 ὀρθῶς
778 5882 1101 5957 ζητοῦντες
1153 5883 1363 5950 αὑτὸν,
1409 5882 1785 5953 εὑρήσουσιν
1822 5887 1901 5938 εί-

2000 4668 2112 4724 Deo
2136 4677 2440 4738 acceptam,
2474 4679 2559 4724 est
2590 4672 2904 4740 puriﬁcatio
2939 4679 3259 4744 passionum
3297 4694 3394 4749 per
3421 4697 3586 4751 opera

2002 4761 2226 4816 malitia:
2282 4762 2571 4831 opposita;
2634 4779 2760 4819 cum
2802 4766 2897 4819 illa
2932 4776 2988 4821 et
3055 4769 3337 4839 profectus
3374 4783 3427 4827 et
3461 4790 3591 4843 pro-

2003 4851 2184 4907 lectio.

2076 4980 2232 5048 Apud
2261 4978 2431 5034 Deum
2481 4982 2648 5051 magis
2696 4994 2909 5053 accepta
2978 5004 3137 5058 quam
3172 4993 3483 5061 sacriﬁcare
3506 5012 3595 5049 sa-

2003 5073 2230 5143 criﬁcia.
2278 5072 2450 5128 Multo
2482 5077 2794 5145 acceptiora
2867 5088 2995 5134 sunt
3041 5080 3273 5139 Domino
3317 5086 3593 5155 ejusmodi

2004 5182 2191 5237 opera,
2218 5181 2382 5236 quam
2403 5168 2727 5223 holocausta
2749 5170 3211 5229 irrationabilium
3232 5179 3590 5234 animalium:

2005 5264 2202 5331 spiritu
2264 5262 2408 5315 enim
2454 5263 2789 5318 mortiﬁeant
2847 5280 3093 5332 carnem,
3152 5286 3343 5340 quant,
3406 5284 3597 5329 sancta

2004 5354 2429 5409 conversatione
2464 5370 2585 5422 sua,
2624 5356 2678 5410 in
2709 5355 2817 5413 Deo
2840 5367 3057 5429 gratum
3105 5363 3438 5420 sacriﬁcium
3476 5384 3599 5437 per-

2006 5445 2217 5501 iiciunt.

2080 5580 2186 5647 Qui
2238 5582 2429 5651 quwrit
2498 5581 2821 5653 Dominumi,
2862 5586 3083 5639 inveniet
3158 5588 3435 5643 scientiam
3483 5606 3601 5645 cum

1999 5675 2243 5744 justitia.
2284 5673 2391 5741 Qui
2440 5674 2533 5729 Dei
2577 5678 2910 5747 assequendi
2952 5679 3188 5749 cupidus
3234 5691 3341 5748 est,
3380 5698 3603 5755 coinpa-

2008 5773 2155 5827 rabit
2189 5772 2293 5828 sibi
2321 5773 2621 5843 practicam
2652 5774 2942 5829 scientiam
2966 5776 3353 5833 mandatorum
3384 5781 3527 5849 ejus.

2081 5887 2185 5955 Qui
2236 5897 2373 5944 recte
2437 5891 2709 5962 requirunt
2748 5908 2888 5962 eum,
2940 5893 3200 5951 invenient
3243 5912 3445 5967 pacem.
3480 5897 3609 5963 Qui,
3668 5900 3676 5908 ’
