4220 6462
718 393 859 461 1383

2057 394 2405 456 PROCOPII
2439 395 2682 455 GAZEI

3872 399 4010 464 1384

713 506 1020 562 secundum
1054 501 1325 564 ordinem,
1364 508 1513 555 rcctc
1548 501 1616 554 ad
1651 500 1942 556 Dominum
1974 505 2298 571 procedunt,

2406 505 2628 572 μήνην.
2653 506 2715 558 Οί
2741 506 2796 558 δέ
2831 477 2970 558 κατά
2985 505 3138 570 τάξιν
3168 504 3597 576 εὐθυποροῦντες
3628 516 3760 579 πρὸς
3779 511 4007 579 Κύριον.

713 612 891 663 nequc
928 593 1143 647 defectu
1172 592 1398 645 virtutis
1445 607 1622 659 neque
1654 607 1885 646 excessu
1917 593 1972 646 in
2025 597 2312 663 passiones

711 687 926 743 deret-si
979 685 1206 750 iuerint,
1268 683 1734 752 perfectissimam
1805 685 2312 754 impassibilitatem

722 783 801 849 (in
831 787 1099 848 quantum
1137 777 1349 830 homini
1381 776 1666 845 possibile)
1695 776 2094 845 obsequemur.

780 887 988 942 Cuncta
1022 903 1180 954 Opera
1204 885 1420 938 Domini
1445 902 1561 937 cum
1587 886 1831 953 justitia.
1851 885 2005 940 Justa
2034 894 2163 940 sunt
2194 901 2313 938 om-

709 980 824 1042 nia,
871 993 1216 1044 quaecunque
1265 992 1445 1028 rerum
1485 985 1813 1030 cunctarum
1873 975 2136 1031 Dominus
2178 977 2308 1031 eﬂ'e-

707 1072 864 1123 cerit.
903 1070 958 1122 Si
996 1070 1174 1122 bonus
1205 1069 1481 1138 amigitur,
1516 1071 1773 1137 praesenti
1808 1078 2053 1139 tempore
2074 1073 2311 1140 castiga-

707 1170 798 1213 tur
832 1161 884 1213 in
917 1160 1121 1223 quibus
1157 1167 1419 1226 tanquam
1450 1159 1615 1212 homo
1643 1158 1903 1227 deliquit;
1942 1161 2018 1214 ita
2049 1170 2106 1213 ut
2138 1162 2189 1214 in
2225 1161 2308 1214 fu-

709 1259 834 1302 turo
890 1249 1039 1302 solas
1096 1248 1364 1301 bonorum
1427 1263 1654 1316 operum
1717 1249 2108 1304 retributiones
2157 1265 2312 1305 rece-

707 1353 921 1409 plurus.

785 1452 1131 1507 Custodielur
1159 1453 1353 1538 impius
1381 1454 1434 1505 in
1495 1452 1633 1505 diem
1676 1454 1896 1508 malam.
1936 1454 2202 1510 Servatur
2250 1456 2305 1510 in

705 1541 961 1610 praesenti
998 1540 1147 1601 felix,
1182 1541 1273 1607 qui
1318 1539 1484 1593 Deum
1520 1557 1616 1609 per
1655 1540 1796 1594 bona
1842 1558 2008 1612 opera
2058 1559 2166 1597 non
2209 1543 2308 1597 ho-

705 1639 886 1685 norat.
917 1628 1278 1698 Longaniinis
1303 1639 1388 1684 est
1416 1630 1562 1686 Deus
1593 1633 1762 1686 relate
1817 1633 1885 1686 ad
1929 1634 2083 1687 illum
2131 1650 2306 1705 usque

705 1723 757 1774 in
785 1721 926 1773 diem
961 1721 1055 1772 ira:
1073 1719 1652 1786 etmanil‘cstationis;
1691 1738 1840 1784 nunc
1877 1725 2138 1780 retribuit
2161 1727 2304 1780 bona

2420 599 2517 646 καὶ
2568 602 2704 664 μήτε
2735 596 2870 663 πρὸς
2895 596 2964 648 τὰ
3009 596 3130 648 κατ’
3165 596 3410 663 ἔλλειψιν
3459 601 3556 667 τῆς
3589 601 3793 668 ἀρετῆς
3833 601 4007 670 πάθη,

2422 687 2560 755 μήτε
2589 685 2726 754 πρὸς
2751 687 2819 738 τὰ
2853 685 2980 737 καθ’
3008 687 3316 756 ὑπερϐολὴν
3344 688 3699 756 τρεπόμενοι,
3728 689 4010 743 τελειοτά-

2415 791 2536 843 της,
2573 774 2649 835 ὡς
2685 775 2905 841 ἐφικτὸν
2949 775 3244 846 ἀνθρώπῳ,
3273 775 3547 837 ἀπαθείας
3586 777 4008 848 ἀξιωθήσονται.

2486 890 2548 937 ε’.
2595 884 2797 937 Πάντα
2841 886 2909 938 τὰ
2934 887 3077 953 ἔργα
3115 887 3340 954 Κυρίου
3384 888 3535 956 μετὰ
3591 887 4009 955 δικαιοσύνης.

2413 974 2615 1029 Δίκαια
2668 976 2848 1028 πάντα
2899 978 2992 1029 ὅσα
3037 976 3102 1028 ἂν
3133 976 3162 1027 ὁ
3195 976 3302 1028 τῶν
3337 978 3476 1030 ὅλων
3509 979 3787 1046 Δεσπότης
3822 983 3952 1048 ποιῇ
3997 997 4008 1009 ·

2412 1067 2518 1119 κᾶν
2540 1067 2746 1134 ἀγαθὸς
2766 1067 2822 1120 δέ
2858 1067 2958 1136 μὲν
2992 1069 3307 1139 δυσπραγῇ,
3331 1069 3742 1140 τιμωρούμενος
3779 1072 3924 1123 κατά
3953 1073 4016 1123 τὺ

2414 1163 2609 1230 παρὸν,
2643 1154 2718 1214 ὧν
2749 1161 2824 1222 ὡς
2847 1159 3138 1230 ἄνθρωπος
3163 1161 3594 1231 ἐπλημμέλησεν
3638 1180 3650 1192 ’
3675 1163 3825 1226 ὅπως
3866 1165 4013 1216 κατά

2411 1254 2470 1306 τὸ
2538 1253 2732 1321 μέλλον
2767 1253 2935 1322 μόνας
2973 1254 3082 1306 τῶν
3133 1252 3356 1321 ἀγαθῶν
3410 1254 3590 1324 ἔργων
3627 1254 3863 1324 λήψεται
3910 1257 4015 1318 τὰς

2411 1344 2533 1397 ἀντι
2542 1342 2786 1413 μισθίας.

2481 1460 2867 1514 Φυλάσσεται
2907 1460 2975 1513 δὲ
3017 1461 3051 1512 ὸ
3095 1460 3325 1527 ἀσεϐὴς
3377 1463 3466 1528 είς
3521 1463 3751 1531 ἡμέραν
3788 1464 4012 1532 κακήν.

2411 1553 2673 1622 Τηρεῖται
2708 1553 2765 1605 δὲ
2794 1553 3091 1622 εὐπραγῶν
3131 1555 3272 1606 κατά
3298 1554 3360 1606 τὸ
3393 1555 3590 1623 παρὸν,
3619 1558 3647 1608 ὀ
3682 1556 3757 1624 μὴ
3784 1556 3852 1608 δι’
3876 1559 4017 1622 άγαο

2409 1642 2667 1712 θοεργίας
2716 1644 2892 1712 τιμῶν
2923 1645 3016 1696 τὸν
3039 1643 3173 1697 Θεόν
3210 1660 3222 1671 ⁸
3285 1645 3780 1716 μακροθυμοῦντος
3812 1648 4015 1701 τούτου

2409 1734 2498 1784 ἐπ’
2525 1732 2696 1802 αὐτῷ,
2730 1734 2835 1796 ἕως
2858 1735 3072 1804 ἡμέρας
3108 1733 3278 1803 ὀργῆς
3308 1735 3405 1787 καὶ
3450 1735 3872 1804 ἀποκαλύψεως,
3917 1741 4016 1790 καί

701 1814 831 1881 quia
874 1811 1084 1880 puli-bri
1122 1811 1253 1880 quid
1287 1815 1462 1880 egerit
1494 1812 1620 1866 ille:
1651 1815 1758 1868 scit
1783 1817 1928 1870 enim
1965 1815 2114 1871 Deus
2138 1818 2298 1871 talem

2410 1823 2756 1886 ἀποδιδόντος
2779 1824 2931 1892 αὐτῷ
2961 1824 3142 1892 ἀγαθὰ
3167 1825 3280 1888 νῦν,
3313 1824 3434 1876 ἀνθ’
3462 1826 3588 1878 ὅτου
3630 1828 3936 1894 είργάσατό
3963 1845 4014 1879 τι

702 1906 1022 1965 hominem,
1065 1905 1268 1957 exhinc
1322 1904 1636 1967 dolor-osus,
1697 1906 1764 1958 ad
1837 1916 1983 1961 recta
2023 1924 2303 1979 nunquam

700 2010 824 2050 csse
854 1992 1254 2048 reducendum.

773 2104 940 2161 Vens.
971 2108 1056 2161 iO.
1097 2107 1370 2161 Divinatio
1401 2108 1455 2158 in
1486 2106 1642 2160 labiis
1670 2109 1827 2177 regis.
1873 2109 1930 2161 In
1959 2110 2305 2166 sermonibus

695 2201 924 2253 omnino
957 2202 1102 2270 regis
1142 2200 1233 2254 Dei
1266 2200 1579 2254 futurorum
1608 2210 1692 2254 est
1726 2203 1988 2270 pronotio
2024 2221 2038 2256 :
2087 2204 2305 2274 suppli-

696 2291 780 2343 cia
814 2302 1016 2345 :rterna
1049 2292 1296 2343 minatur
1335 2290 1765 2360 peccatoribus:
1800 2291 1946 2345 bona
2000 2303 2186 2346 autem
2224 2293 2306 2346 in-

698 2384 854 2436 linita
899 2384 1167 2453 promittit
1221 2383 1355 2447 illis,
1414 2385 1509 2454 qui
1591 2384 1971 2440 indesinenter
2043 2378 2304 2441 mandata

695 2480 818 2548 ejus
845 2484 1034 2531 sancta
1070 2474 1383 2547 perﬁciunt.

764 2678 824 2732 In
847 2678 1056 2747 judicio
1083 2695 1184 2731 non
1213 2678 1414 2732 errabit
1442 2695 1500 2733 os
1527 2680 1663 2748 ejus.
1705 2679 1893 2735 Relate
1944 2680 2012 2734 ad
2055 2680 2302 2735 futurum

685 2769 960 2840 judicium
1000 2770 1370 2839 superjustos
1402 2778 1456 2824 et
1493 2771 2152 2841 peccatoresjustissima
2209 2773 2302 2828 Dei

693 2857 994 2920 sententia,
1032 2857 1242 2924 absque
1277 2873 1471 2912 errore
1502 2865 1588 2914 est
1619 2877 1630 2912 :
1658 2859 1847 2929 itaque
1878 2859 1978 2914 hos
2006 2859 2298 2930 justiﬁcat,

699 2950 824 3003 illos
857 2957 1042 3002 autem
1070 2949 1426 3003 condemnat.

762 3161 925 3217 Vens.
952 3164 1036 3218 Η.
1060 3161 1279 3218 Pondus
1311 3165 1548 3228 trutinw,
1569 3166 1782 3234 justitia
1807 3166 1948 3234 apud
1989 3166 2297 3224 Dominum.
2331 3197 2373 3254 ο

695 3253 874 3309 Veluti
905 3265 1108 3310 statera
1139 3256 1202 3308 ad
1239 3257 1418 3324 majus
1464 3258 1676 3324 pondus
1714 3259 1970 3325 inclinat,
2009 3260 2089 3315 sic
2113 3277 2294 3316 rerum

689 3350 932 3404 omnium
978 3348 1191 3401 Domini
1221 3349 1455 3416 justitia,
1479 3364 1668 3418 quam,
1701 3350 1866 3405 indie
1895 3351 2298 3423 judicii,opera

687 3453 877 3497 nostra
907 3443 1048 3495 bona
1092 3451 1144 3494 et
1169 3443 1310 3494 mala
1343 3441 1672 3510 ponderabit
1704 3461 1716 3508 ;
1745 3445 1790 3497 si
1854 3446 2106 3514 graviora
2145 3447 2300 3501 inve-

689 3537 833 3590 "erit
862 3552 1030 3604 opera
1057 3537 1220 3597 bona,
1272 3535 1618 3604 justilicabit,
1647 3536 1692 3590 si
1749 3545 1930 3592 autem
1965 3541 2128 3605 mala,
2163 3555 2298 3595 con-

687 3623 990 3677 iletuttabil.

762 3740 934 3805 Opera
970 3736 1085 3804 ejus
1110 3735 1343 3788 lancula:
1371 3736 1560 3804 justw.
1616 3736 1886 3792 Beneﬁcia
1912 3738 2034 3806 ejus
2056 3755 2210 3810 atque
2239 3741 2296 3795 in

686 3843 880 3882 onmes
913 3827 1302 3881 ellumlentur:
1368 3829 1420 3880 in
1459 3829 1874 3884 resurrectione
1906 3830 2058 3886 dabit
2112 3834 2293 3886 omni-

689 3924 792 3977 bus
858 3925 1328 3992 incorruptionem
1381 3923 1680 3978 voluntatis
1725 3931 1780 3978 et
1828 3933 2058 3988 naturze,
2111 3927 2183 3980 ita
2239 3936 2296 3982 ut

687 4033 787 4071 nec
822 4017 1045 4070 malitiae
1089 4032 1189 4071 nec
1227 4019 1388 4070 morti
1423 4018 1656 4087 subjecti
1690 3997 2097 4085 sint;'attamen
2126 4035 2296 4076 unus-

683 4114 939 4182 quisque,
995 4127 1094 4181 pro
1148 4111 1362 4166 ratione
1424 4112 1697 4166 factorum
1727 4115 1781 4167 in
1851 4114 1960 4168 vita
2014 4131 2136 4180 sua,
2209 4130 2296 4169 rc-

684 4207 875 4275 cipiet.

765 4338 931 4392 Vens.
972 4337 1058 4392 Η.
1096 4338 1442 4392 Abominatio
1469 4342 1577 4410 regi
1601 4340 1805 4408 faciens
1851 4342 2019 4394 mala.
2074 4341 2291 4396 Invisus

681 4439 766 4484 Cal
807 4431 997 4484 mundi
1044 4428 1298 4495 Domino,
1351 4434 1442 4499 qui
1491 4446 1657 4500 opera
1723 4431 1854 4484 facit
1911 4441 2105 4486 contra
2169 4431 2291 4502 ejus

682 4529 992 4588 praecepta;
1025 4521 1224 4573 etenim
1264 4536 1358 4589 per
1415 4537 1556 4585 eam,
1591 4538 1714 4590 qua:
1753 4525 1916 4591 juxta
1970 4524 2118 4593 leges
2145 4524 2286 4578 divi-

681 4628 784 4666 nas
827 4622 930 4672 est,
968 4613 1466 4677 conversationem,
1497 4614 1788 4667 ordinatur
1823 4613 2002 4667 anima
2033 4630 2130 4669 ceu
2164 4613 2284 4684 qui-

679 4706 804 4758 dam
861 4707 1096 4758 thronus
1152 4705 1217 4758 ad
1267 4705 1768 4774 requiescendum;
1803 4705 1886 4762 sic
1919 4707 1972 4760 in
2007 4721 2072 4761 ea
2114 4705 2282 4772 Deus,

678 4816 863 4854 rerum
898 4799 1144 4852 omnium
1187 4813 1376 4850 causa.

751 4909 888 4963 Cum
931 4908 1147 4977 justitia
1181 4918 1523 4976 pra'paratnr
1575 4907 1795 4962 thronus
1837 4908 2062 4976 imperii.
2116 4906 2284 4960 Valde

679 5003 1053 5071 act-optabiles
1087 5011 1221 5055 sunt
1261 5003 1368 5054 Deo
1395 5005 1641 5056 omnium
1677 5004 1790 5073 regi
1823 5013 1873 5057 et
1901 5001 2102 5071 cupido
2125 5010 2176 5055 et
2201 5003 2283 5054 in-

673 5093 938 5163 digllnliﬂ,
964 5090 1266 5144 secundum
1295 5100 1503 5144 rectum
1529 5092 1797 5160 judicium
1827 5091 2128 5144 ordiuatm:
2165 5090 2281 5142 [nec

675 5200 821 5237 enim
868 5183 1073 5236 bonum
1129 5183 1326 5254 diligit,
1373 5183 1464 5237 illa
1499 5193 1683 5239 autem
1735 5184 1940 5237 malum
1995 5182 2282 5237 abomina-

671 5285 782 5330 tur.

751 5389 918 5443 Vens.
959 5391 1041 5443 15.
1074 5389 1241 5443 Grata
1264 5392 1373 5460 regi
1396 5392 1534 5443 labia
1550 5394 1727 5459 justo.
1759 5389 1943 5461 Diligit
1973 5402 2277 5452 sermooes,

672 5486 764 5552 qui
803 5483 1091 5536 veritatem
1128 5483 1465 5537 conﬁtentur
1496 5493 1550 5536 et
1603 5483 1954 5537 mendacium
2010 5498 2118 5534 non
2177 5482 2281 5532 liti-

669 5586 801 5646 gnnt
833 5587 1057 5646 propter
1089 5576 1341 5629 timorem
1381 5577 1687 5630 hominum.

731 5689 893 5744 Vens.
945 5691 1031 5746 l-i.
1067 5690 1160 5744 lra
1213 5692 1370 5760 regis,
1407 5693 1624 5744 nmitius
1677 5688 2040 5745 mortis.Cum
2091 5701 2277 5740 rerum

665 5781 911 5832 omnium
958 5781 1246 5841 Dominus.
1283 5781 1597 5835 secundum
1647 5781 1920 5851 judicium
1969 5789 2021 5834 et
2057 5779 2120 5833 ad
2154 5794 2278 5832 cor—

665 5876 988 5943 rectionem,
1029 5878 1419 5933 tribulationes
1456 5879 1507 5931 in
1550 5878 1803 5948 praesenti
1840 5863 2073 5942 inducit,
2110 5873 2274 5929 veluti

2411 1919 2595 1981 καλὸν,
2622 1917 2811 1986 ἐπειδὴ
2840 1913 2951 1969 οἶδε
2982 1916 3172 1970 τοῦτον
3204 1918 3278 1987 μὴ
3317 1916 3407 1970 διά
3432 1917 3542 1970 τῶν
3569 1919 3807 1972 ἐνταῦθα
3831 1919 4013 1987 λυπη-

2414 2008 2522 2078 ρῶν
2550 2007 2887 2078 διορθωθησό
2895 2024 3077 2077 μενον.

2477 2127 2528 2173 ι’.
2559 2120 2860 2175 Μαντεῖον
2887 2121 2986 2173 ἐπὶ
3020 2121 3252 2189 χείλεσι
3279 2120 3608 2186 βασιλέως.
3657 2121 3745 2173 Ἐν
3776 2122 3888 2182 τοῖς
3921 2120 4014 2176 λό-

2409 2229 2526 2282 γοις
2555 2213 2648 2265 τοῦ
2677 2213 3068 2282 παμϐασιλέως
3100 2215 3259 2280 Θεοῦ,
3288 2215 3321 2284 ἡ
3350 2214 3461 2266 τῶν
3490 2213 3798 2283 μελλόντων
3831 2214 4015 2268 ἐνεστ.

2409 2306 2722 2377 πρόγνωσις
2784 2321 2799 2335 ·
2874 2305 3233 2368 ἀπειλοῦντος
3320 2307 3420 2374 μὲν
3484 2309 3596 2369 τοῖς
3655 2307 4014 2376 ἀμετανόητα

2416 2400 2831 2471 ἁμαρτάνουσιν
2871 2399 3091 2453 αἰώνιον
3130 2401 3354 2454 κόλασιν
3388 2441 3402 2464 ,
3436 2399 3918 2469 ἐπαγγελλομένου
3955 2401 4018 2454 δὲ

2340 2504 2348 2512 ·
2409 2495 2523 2555 τοῖς
2589 2493 3021 2564 άπαραλείπτως
3063 2492 3581 2572 ἐργαζομένοιςτάς
3612 2491 3776 2559 ἁγίας
3840 2493 4017 2545 αὑτοῦ

2408 2584 2654 2648 ἐντολὰς,
2686 2584 2754 2637 τά
2777 2584 3116 2654 ἀτελεύτητα
3148 2584 3348 2653 ἀγαθά.

2493 2700 2596 2751 Ἐν
2619 2697 2686 2750 δὲ
2711 2699 2909 2766 κρίσει
2963 2700 3036 2752 οὐ
3059 2697 3145 2767 μὴ
3172 2696 3456 2765 πλανηθῇ
3480 2698 3546 2751 τό
3576 2699 3775 2767 στόμα
3793 2697 4015 2751 αὐτοῦ.

2421 2791 2485 2844 Ἦ
2527 2792 2583 2843 δὲ
2640 2791 2782 2843 κατά
2835 2790 2936 2861 τὴν
2975 2791 3280 2860 μέλλουσαν
3341 2791 3525 2860 κρίσιν
3578 2789 3670 2843 ἐπί
3691 2808 3748 2843 τε
3791 2793 3903 2852 τοῖς
3936 2791 4021 2843 δι-

2413 2884 2589 2945 καξοις
2625 2884 2719 2935 καὶ
2748 2885 2860 2944 τοῖς
2892 2883 3240 2953 ἁμαρτωλοῖς
3279 2884 3599 2952 δικαιοτάτη
3643 2883 3841 2936 τούτου
3876 2883 4023 2936 ἀπό-

2409 2992 2595 3044 φασις,
2634 2975 2886 3045 ἀπλανής
2909 2979 3055 3028 ἐστιν
3073 3016 3088 3040 ,
3124 2975 3200 3038 ὡς
3231 2974 3448 3045 ἀληθῶς
3465 2976 3591 3038 τοὺς
3616 2976 3714 3046 μὲν
3737 2973 4024 3028 δικαιοῦν-

2409 3082 2521 3129 τος,
2551 3068 2676 3130 rei);
2705 3066 2762 3120 δὲ
2803 3069 3250 3136 κατακρίνοντος.

2491 3185 2580 3239 ια’.
2624 3183 2803 3250 Ῥοπὴ
2862 3181 3061 3252 ζυγοῦ,
3117 3183 3476 3252 δικαιοσύνη
3532 3183 3693 3252 παρὰ
3759 3184 4019 3252 Kvpt'ov.

2401 3276 2612 3349 υίάπερ
2650 3296 2733 3340 τις
2769 3277 2934 3344 ζυγὸς
2965 3275 3100 3345 πρὸς
3132 3277 3194 3328 τὸ
3232 3276 3416 3329 πλεῖον
3451 3278 3553 3344 τῆς
3605 3277 3776 3346 ὁὶκῆς
3798 3278 4020 3346 ῥέπων,

2400 3373 2573 3432 οὕτως
2593 3374 2626 3438 ἡ
2657 3369 2750 3422 τοῦ
2785 3368 3054 3420 Δεσπότου
3077 3367 3186 3419 τῶν
3205 3369 3345 3424 ὅλων
3369 3367 3709 3439 δικαιοσύνη,
3735 3369 3803 3421 τὰ
3826 3370 4026 3435 ἀγαθὰ

2401 3465 2558 3534 ἡμῶν
2586 3463 2722 3533 ἔργα
2748 3463 2838 3514 καὶ
2863 3461 2928 3514 τὰ
2955 3461 3186 3533 πονηρὰ,
3205 3462 3262 3513 ἐν
3295 3461 3478 3531 ἡμέρᾳ
3509 3461 3769 3531 κρίσεως,
3798 3462 4014 3515 ταλαν-

2400 3558 2635 3611 τεύουσα
2675 3574 2686 3586 ·
2721 3557 2816 3609 καὶ
2857 3558 2903 3608 εἰ
2932 3557 3031 3625 μὲν
3062 3556 3130 3607 τά
3163 3554 3307 3608 καλά
3361 3555 3498 3624 ἔργα
3526 3555 3749 3607 πλείονα
3775 3555 4018 3626 εὑρεθῇ,

2399 3649 2686 3704 δικαιοῦσα
2720 3667 2734 3680 ο
2766 3648 2892 3701 εἰδὲ
2915 3649 2984 3702 τά
3020 3648 3189 3714 κακά,
3218 3647 3651 3715 κατακρίνουσα.

2479 3764 2554 3817 Τὰ
2580 3763 2648 3817 δὲ
2672 3766 2817 3830 ἔργα
2851 3761 3062 3826 αὑτοῦ,
3100 3761 3361 3829 στάθμια
3413 3761 3637 3815 δίκαια.
3666 3762 3730 3812 Δί
3769 3760 3816 3812 δ’
3852 3762 4027 3830 εὐερ-

2400 3856 2583 3923 γεσίαι
2610 3855 2802 3907 τούτου
2867 3855 3062 3923 ἐπίσης
3088 3855 3167 3915 εἰς
3201 3855 3410 3916 πάντας
3433 3853 4026 3924 ἐκκέχυνται,δωρου-

2402 3945 2567 4016 μένου
2603 3947 2769 3999 πᾶσιν
2800 3947 2857 3997 ἐν
2879 3947 2945 4014 τῇ
2995 3943 3298 3997 ἀναστάσει
3331 3944 3393 3996 τὸ
3442 3947 3543 4012 τῆς
3615 3947 4028 4015 προαιρέσεως

2401 4041 2494 4092 καὶ
2525 4038 2586 4091 τὸ
2616 4039 2715 4108 τῆς
2743 4039 2963 4107 φύσεως
2984 4037 3268 4107 ἄφθαρτον
3305 4053 3320 4066 ·
3380 4037 3457 4100 ὼς
3489 4038 3692 4099 κακίας
3719 4039 3816 4089 καὶ
3847 4038 4032 4091 θανά-

2397 4149 2491 4186 του
2527 4132 2723 4202 μηκέτι
2778 4131 3191 4201 ἐνεργουμένων
3227 4149 3240 4161 ·
3291 4131 3399 4184 κᾶν
3448 4131 3678 4192 ἕκαστος
3724 4130 4031 4194 ἀναλόγως

2399 4224 2767 4296 ἀπολαμϐάνῃ
2795 4228 2907 4287 τοίς
2953 4224 3378 4295 πεπραγμένοις
3406 4225 3463 4275 ἐν
3516 4227 3581 4293 τῇ
3623 4239 3790 4275 αυτου
3831 4222 4029 4294 βιοτῇ,

2473 4336 2562 4405 ιβ’.
2590 4335 2907 4405 Βδέλυγμα
2935 4335 3196 4398 ,βασιλεῖ
3217 4338 3249 4387 ό
3271 4333 3462 4387 ποιῶν
3520 4333 3698 4387 κακά.
3755 4335 4032 4403 Manto;

2399 4428 2626 4497 ἐστιτῷ
2668 4427 2762 4480 τοῦ
2806 4427 3008 4490 παντὸς
3062 4428 3329 4499 Δεσπότῃ,
3363 4425 3423 4489 ὃς
3482 4426 3550 4479 τὰ
3617 4427 3748 4493 παρ’
3788 4428 4036 4499 ἐντολὴν

2399 4519 2566 4572 αὑτοῦ
2591 4520 2729 4590 ἔργα
2756 4523 2901 4572 ποιεῖ
2937 4535 2950 4547 ·
2984 4520 3071 4573 διὰ
3127 4520 3237 4589 γὰρ
3264 4520 3362 4589 τῆς
3393 4519 3538 4572 κατὰ
3565 4519 3770 4588 νόμους
3827 4520 4035 4584 θείους

2393 4613 2672 4676 πολιτείας
2723 4614 3102 4684 εὑτρεπίζεται
3247 4613 3394 4683 ψυχὴ
3441 4614 3520 4675 είς
3586 4612 3647 4664 τὸ
3697 4613 4038 4667 ἀναπαύειν

2391 4707 2466 4770 ὥς
2496 4724 2577 4769 τις
2608 4707 2817 4775 θρόνος,
2852 4707 2935 4775 ἐφ’
2980 4709 3146 4776 ἑαυτῇ
3189 4705 3348 4769 Θεὸν,
3406 4707 3508 4775 τὴν
3543 4706 3769 4759 πάντων
3799 4709 4032 4763 αἰτίαν.

2476 4905 2641 4960 Μετὰ
2668 4905 2776 4974 γὰρ
2805 4904 3201 4971 δικαιοσύνης
3258 4904 3622 4973 ἐτοιμὰζετιιι
3646 4907 3872 4974 θρόνος
3904 4910 4032 4977 ὀρ-

2406 4997 2545 5067 χῆς.
2603 4999 2994 5068 Εὺπρόσδεκτα
3050 4997 3171 5067 Θεῷ
3224 4998 3301 5067 τῷ
3347 4998 3566 5050 πάντων
3623 4996 3860 5066 βασιλεῖ,
3895 5001 4033 5070 ἣτε

2391 5089 2659 5159 ἐπιθυμία
2691 5089 2783 5141 καὶ
2817 5089 2845 5139 ό
2878 5086 3072 5157 θυμὸς,
3102 5089 3232 5141 ὅταν
3271 5089 3392 5140 κατ’
3431 5086 3596 5157 ὀρθὴν
3628 5088 3891 5160 κρίσιν,η
3916 5092 4034 5161 μὲν

2389 5183 2451 5236 τὸ
2477 5183 2683 5251 ἀγαθὸν
2721 5182 2887 5250 φιλεῖ,
2938 5184 2966 5234 ὁ
2995 5181 3054 5234 δέ
3088 5181 3150 5234 τὸ
3181 5180 3350 5234 κακὸν
3385 5179 3764 5251 βδελύττηται.

2470 5390 2561 5450 ιγ’.
2599 5385 2789 5437 Δεκτὰ
2814 5385 3077 5448 ,ϐασιλεῖ
3112 5387 3286 5454 χείλη
3317 5386 3539 5440 δίκαια.
3585 5387 3940 5453 Ἀσπάζεται
3977 5393 4033 5446 δ’

2385 5474 2541 5541 οὗτος
2572 5483 2696 5541 τοὺς
2735 5479 3135 5548 ὁμολογοῦντας
3172 5479 3234 5530 τὸ
3277 5480 3476 5548 ἀληθὲς
3535 5481 3754 5547 λόγους,
3791 5485 3894 5536 καὶ
3933 5488 4023 5557 μὴ

2386 5572 2857 5642 ὑποκρινομένους
2892 5571 2954 5624 τὸ
3003 5570 3198 5641 ψεῦδος
3228 5573 3315 5624 διὰ
3350 5572 3518 5641 φόϐον
3550 5572 3939 5642 ἀνθρώπινον,

2463 5687 2544 5740 ιδ’.
2600 5689 2799 5757 suam;
2847 5686 3202 5754 βασιλέως,
3271 5686 3531 5754 ἅγγελος
3592 5690 3894 5741 θανάτου.
3951 5696 4024 5748 ΊΙ

2385 5782 2527 5834 κατὰ
2562 5780 2743 5851 κρίσιν
2777 5799 2869 5833 του
2904 5783 3178 5834 Δεσπότου
3211 5786 3322 5833 τῶν
3355 5783 3493 5834 ὅλων
3559 5795 3832 5853 επαγωγη
3871 5791 4027 5860 πρδς

2383 5872 2694 5943 διόρθωσιν,
2748 5873 2856 5926 τῶν
2907 5873 3052 5928 κειτά
3112 5874 3172 5924 τὸ
3234 5872 3410 5943 παρὸν
3459 5871 3753 5944 θλισερῶν,
3785 5875 3867 5940 ὦς
3933 5898 4028 5946 τις
