4220 6462
784 365 914 427 1387

2097 362 2442 421 i’liUCOPIl
2473 363 2710 420 GAZ/El

3880 362 4017 424 1388

777 486 1032 535 virtutem
1057 491 1260 545 servat,
1299 483 1373 535 ita
1417 491 1472 535 ut
1501 497 1531 534 a
1562 482 1757 534 semita
1790 481 1918 535 boni
1951 497 2059 535 non
2088 482 2345 545 declinet,
2379 493 2418 540 Α

2379 493 2418 540 Α
2446 483 2646 554 ἀρετὴν
2669 483 2895 553 πορείας
2952 482 3141 546 αὑτοῦ,
3171 483 3250 544 είς
3298 483 3360 532 τὸ
3392 481 3467 551 μὴ
3499 481 3592 533 τοῦ
3637 479 3840 548 ἀγαθοῦ
3872 497 4015 552 παρ-

780 584 958 626 tutam
991 589 1019 626 a
1055 573 1259 628 malitia
1290 575 1566 643 propriam
1597 573 1840 624 custodit
1869 571 2128 624 animam.

845 759 949 825 Qui
996 774 1115 811 vero
1149 772 1300 810 suam
1334 755 1494 808 vitam
1543 763 1709 818 amat,
1737 754 1820 806 ori
1869 769 1966 805 suo
2003 759 2203 820 parcet.
2237 749 2342 815 Qui

773 866 904 904 vero
942 849 1280 918 spiritualem
1324 847 1489 900 vitam
1528 857 1586 896 ut
1629 845 1732 897 sibi
1769 842 2084 895 rationabili
2118 855 2340 909 compe-

775 948 1002 999 tentem.
1050 938 1251 1006 diligit,
1292 936 1460 989 tnulta
1495 933 1717 1001 quidem
1763 932 1965 997 audiet,
2011 945 2181 1000 pauca
2214 945 2342 984 vero

776 1029 1052 1094 loquetur,
1081 1025 1145 1078 ad
1172 1023 1476 1077 iaciendum
1500 1022 1714 1089 quidem
1738 1034 1799 1072 ea
1819 1034 1937 1088 qua:
1960 1017 2150 1072 didicit
2176 1018 2338 1080 bona,

774 1131 883 1168 non
932 1115 1264 1184 loquendum
1301 1121 1480 1165 autem
1526 1109 1592 1164 de
1627 1111 1692 1164 iis
1731 1124 1853 1178 quae
1904 1109 2146 1163 nondum
2182 1106 2343 1162 intel-

774 1209 915 1261 lectu
947 1216 1278 1261 consecutus
1313 1215 1421 1267 est.
1467 1219 1567 1259 nec
1603 1204 1798 1258 eximie
1838 1211 2028 1256 contra
2056 1202 2341 1256 veritatem

773 1295 1227 1364 delinquendum.

841 1389 977 1441 Ante
1015 1387 1383 1441 contritionem
1410 1383 1641 1452 procedit
1676 1384 1898 1452 injuria.
1931 1382 2194 1437 Precedit
2225 1398 2342 1453 pa:-

775 1493 898 1529 nam
935 1477 1132 1530 animae
1163 1477 1323 1528 verbo
1355 1473 1628 1527 damnatae
1668 1472 2033 1542 ignominiosa
2059 1471 2239 1540 culpa.
2284 1478 2342 1523 ut

772 1565 1043 1617 actionem
1075 1578 1269 1616 causa.

842 1652 1008 1708 Vsus.
1065 1653 1154 1707 18.
1216 1654 1352 1706 Ante
1415 1651 1626 1721 lapsum
1703 1660 1880 1703 autem
1962 1647 2338 1714 imprudentia.

2444 572 2826 641 εκτρέπεσθαι,
2885 572 3164 624 ἀκίνδυνον
3195 571 3303 624 ἀπὸ
3356 571 3554 633 κακίας
3585 571 3685 641 τὴν
3730 571 3869 624 ἰδίαν
3909 589 4010 638 φυο

2445 663 2630 716 λάσσει
2664 663 2861 732 ψυχήν.

2522 752 2784 820 Ἇγτῑπῶν
2829 752 2898 806 δέ
2955 751 3107 818 ζωὴν
3153 751 3362 815 αὑτοῦ,
3395 753 3665 828 φείσεται
3706 752 4010 819 στόματος

2441 841 2647 895 αὐτοῦ.
2697 841 2754 894 ’0
2786 841 2844 894 δὲ
2894 840 3274 909 ἀσπαζόμενος
3302 841 3398 911 τὴν
3420 821 3502 903 ’ῶς
3530 840 3740 910 λογικῷ
3770 842 4015 910 πρέπου-

2443 949 2544 985 σαν
2574 931 2722 1001 αὖτῷ
2743 932 3116 1001 πνευματικὴν
3143 931 3347 1001 βιοτὴν,
3366 933 3534 985 πολλὰ
3557 933 3652 1002 μὲν
3671 933 4012 993 ὲνωτίσεται,

2442 1021 2598 1090 όλίγα
2651 1021 2706 1074 δὲ
2759 1021 3096 1090 φθέγξεται·
3149 1020 3288 1073 ὥστε
3331 1023 3589 1092 πράττειν
3632 1023 3730 1091 μὲν
3766 1021 3802 1074 ἃ
3844 1022 4017 1090 μεμά-

2443 1113 2607 1184 θηκεν
2627 1112 2822 1182 ἀγαθὰ,
2855 1113 2928 1183 μὴ
2954 1113 3132 1180 λέγειν
3153 1113 3210 1165 δὲ
3236 1115 3362 1182 περὶ
3385 1107 3460 1166 ὧν
3493 1116 3657 1183 μήπω
3694 1113 4014 1175 κατέλαϐεν,

2443 1208 2535 1260 καὶ
2568 1207 2665 1276 τῆς
2694 1206 2950 1276 ἀληθείας
2972 1205 3222 1259 ἐντεῦθεν
3253 1206 3658 1277 διαμαρτάνειν.

2512 1391 2629 1458 Πρὸ
2651 1392 2977 1460 συν-τριϐῆς
3024 1392 3252 1460 ἡγεῖται
3307 1392 3492 1459 ὕϐρις.
3541 1394 3877 1462 Πρσηγεῖται
3933 1411 4012 1445 τι-

2445 1483 2654 1552 μωρίας
2689 1483 2745 1534 δὲ
2781 1485 2815 1553 ή
2864 1486 2930 1553 τῇ
2978 1483 3120 1552 λόγῳ
3144 1484 3483 1554 τετιμημένῃ
3508 1485 3650 1555 ψυχῇ
3694 1483 4014 1554 ἁτιμοποιὺς

2443 1575 2706 1643 ἁμαρτία,
2741 1572 2817 1636 ὡς
2846 1573 2995 1627 αἰτία
3027 1575 3295 1628 αἰτιατοῦ.

2511 1673 2601 1736 ιη’.
2643 1667 2761 1734 Πρὸ
2782 1666 2850 1718 δὲ
2875 1666 3202 1736 πτώματος,
3235 1668 3684 1736 κακοφροσύνη.
3737 1666 3912 1720 Αὐτοῦ
3955 1667 4012 1719 δὲ

773 1743 952 1810 lpsum
1006 1752 1188 1796 autem
1243 1744 1442 1796 animae
1495 1741 1785 1811 eulpabilis
1848 1741 2087 1810 lapsum,
2149 1754 2414 1829 sapere-

2372 1757 2536 1829 _'coii
2586 1757 2707 1810 καθ’
2773 1759 3048 1828 ἁμαρτίαν
3103 1758 3336 1828 ψυχικοῦ
3386 1758 3716 1829 πτώματος,
3773 1759 3834 1812 τὸ
3884 1775 4011 1828 φρο-

773 1835 912 1888 ultra
949 1833 1096 1904 quod
1134 1833 1291 1888 decet
1326 1849 1517 1903 sapere
1562 1843 1616 1886 et
1655 1847 1765 1885 non
1813 1846 2009 1901 sapere
2033 1831 2102 1886 ad
2126 1831 2342 1901 sapien-
2370 1817 2418 1877 Β

2370 1817 2418 1877 Β
2444 1849 2554 1899 νεῖν
2580 1848 2710 1916 παρ’
2747 1847 2777 1900 6
2813 1817 2904 1902 ’δεί
2937 1817 3305 1919 φρονείνῗκαὶ
3336 1849 3413 1920 μὴ
3470 1817 3687 1920 φρονεῖν
3703 1817 3794 1913 ⁷εἰς
3824 1817 4010 1902 16am—

771 1937 921 1977 llalll.

839 2015 1005 2071 Vens.
1048 2016 1134 2071 l9.
1171 2015 1361 2070 Melior
1390 2027 1466 2069 est
1512 2017 1644 2070 lenis
1678 2015 1837 2068 corde
1871 2029 1992 2066 cum
2020 2011 2337 2064 humilitate.

771 2106 960 2160 Melior
1053 2118 1137 2162 est
1205 2108 1296 2177 qui
1385 2117 1604 2178 propter
1670 2108 1851 2160 victus
1942 2103 2339 2165 modicitatem,

771 2197 1016 2248 laborum
1070 2210 1293 2249 suorum
1344 2210 1486 2250 onus
1536 2203 1593 2263 et
1634 2193 1870 2248 inediam
1914 2191 2181 2261 patienter
2215 2203 2342 2244 sus-

768 2286 922 2338 tinet.

838 2377 1010 2441 Quam
1055 2374 1291 2428 dividens
1339 2375 1512 2444 spolia
1554 2390 1672 2427 cum
1728 2372 1986 2441 superbis.
2021 2370 2195 2437 Quam
2236 2371 2342 2424 ista

768 2463 1055 2538 tyrannice
1090 2468 1314 2538 rapiens
1347 2467 1762 2538 portionemque
1791 2477 2001 2534 ponens
2036 2477 2161 2517 cum
2193 2460 2340 2515 debi-

768 2563 901 2615 ltunt
936 2561 1369 2630 spoliatoribus;
1404 2559 1664 2630 quoniam
1700 2558 1865 2613 Deum
1893 2556 1981 2610 llic
2016 2554 2178 2608 habet
2203 2553 2344 2606 ulto-

768 2670 906 2720 rem,
940 2654 1030 2706 ille
1055 2668 1182 2707 vero
1203 2652 1572 2708 defensorem.

829 2747 1005 2801 'Vt-ztts.
1037 2746 1132 2800 20.
1186 2743 1427 2800 Prudens
1490 2747 1547 2798 in
1598 2742 1853 2813 negotiis,
1908 2739 2126 2808 reperiet
2184 2739 2341 2795 bona.

769 2838 944 2893 llomo
969 2840 1228 2909 prudens,
1248 2837 1560 2907 diligentem
1586 2835 1931 2904 negotiorum
1949 2829 2342 2899 experientiam

769 2936 1018 2998 adeptus,
1057 2941 1088 2980 a
1126 2927 1402 2997 peioribus
1435 2926 1659 2981 meliora
1699 2923 2040 2984 discernens,
2070 2919 2184 2974 haec
2222 2915 2342 2971 feli-

768 3024 904 3073 citer
927 3019 1216 3074 obtinebit.

844 3111 909 3164 Et
939 3113 1028 3181 qui
1062 3127 1202 3180 spent
1236 3112 1288 3163 in
1334 3109 1442 3164 Deo
1471 3110 1694 3178 reponit,
1723 3107 1904 3161 beatus
1931 3113 2028 3158 est.
2075 3101 2178 3167 Qui
2215 3111 2345 3153 vero

769 3169 1123 3273 totam'spent
1154 3220 1309 3258 suam
1338 3202 1448 3257 Deo
1481 3201 1770 3255 committit
1802 3209 1856 3253 et
1887 3213 1995 3252 non
2027 3194 2255 3250 conlidit
2285 3193 2340 3247 in
2366 3169 2410 3226 (ἶ

770 3297 1088 3365 semetipso,
1122 3309 1336 3363 semper
1366 3294 1613 3347 meminit
1651 3311 1664 3346 :
1697 3291 1804 3345 nisi
1847 3288 2132 3349 Dominus,
2169 3284 2342 3354 ipsius

771 3402 982 3450 amore,
1017 3385 1338 3439 custodierit
1371 3385 1608 3437 animam
1644 3383 1907 3436 adversus
1938 3377 2261 3432 insidiantes
2286 3375 2338 3427 ei

769 3479 1002 3548 spiritus
1037 3491 1294 3545 nequam,
1341 3474 1546 3528 frustra
1579 3473 1763 3543 vigilat
1796 3470 1890 3540 qui
1910 3466 2153 3524 custodit
2188 3479 2340 3526 eam;

766 3581 821 3622 et
853 3584 1075 3622 rursum
1103 3587 1115 3622 :
1150 3567 1253 3620 nisi
1284 3567 1403 3635 ipse
1423 3580 1545 3619 eam
1571 3564 1938 3618 habitaculum
1968 3561 2073 3615 sibi
2103 3557 2343 3627 Spiritus

769 3662 1157 3721 architectura,
1204 3656 1566 3720 adiﬁcaverit,
1607 3656 1658 3709 in
1699 3668 1900 3708 vanum
1947 3651 2218 3705 laboravit
2244 3647 2339 3717 qui

767 3767 887 3805 eam
924 3750 1171 3819 suscepit
1204 3745 1601 3800 aediﬁcandam.

845 3967 1006 4024 Vens.
1061 3968 1151 4020 2|.
1187 3967 1460 4036 Sapientes
1491 3978 1541 4022 et
1571 3966 1852 4036 prudentes
1892 3975 2076 4020 vocant
2107 3974 2339 4020 contem-

769 4061 1002 4129 ptibiles.
1063 4059 1168 4124 Qui
1225 4061 1512 4113 veritatem
1559 4063 1901 4129 cognoscunt
1946 4063 2342 4125 assumuntque

771 4152 878 4204 sibi
918 4150 1065 4219 quod
1093 4151 1296 4204 bonum
1327 4158 1431 4211 est,
1457 4159 1509 4202 et
1541 4149 1667 4202 talia
1695 4149 1876 4203 verbis
1905 4157 1960 4202 et
1989 4147 2244 4217 operibus
2273 4147 2340 4201 ad

772 4242 1115 4295 audientium
1145 4251 1201 4296 et
1238 4242 1540 4296 videntium
1587 4240 1875 4295 utilitatem
1924 4249 2111 4310 aperte
2143 4241 2339 4310 praedi-

710 4403 717 4409 _
769 4341 918 4397 cant,
953 4348 1050 4388 eos
1073 4333 1319 4402 plerique
1355 4333 1604 4388 homines
1631 4340 1686 4386 et
1723 4339 1943 4402 propter
1970 4331 2242 4388 sermonis
2278 4331 2341 4384 li-

771 4426 1031 4479 bertatem
1084 4434 1138 4479 et
1183 4432 1404 4494 propter
1451 4427 1576 4479 vitae
1624 4426 1969 4479 severitatem
2015 4425 2336 4479 calumniari

770 4523 1058 4569 conantur.

844 4627 949 4690 Qui
984 4638 1161 4680 autent
1197 4629 1375 4681 dulces
1406 4631 1608 4682 suntin
1644 4631 1871 4695 eloquio,
1899 4631 2068 4699 magis
2102 4631 2338 4685 audient.

837 4718 942 4781 Qui
971 4725 1155 4771 autem
1190 4733 1253 4771 ea
1284 4733 1407 4802 quae
1435 4720 1650 4802 placent
1672 4720 2020 4791 audientibus
2043 4720 2342 4789 loquuntur

768 4822 822 4863 et
859 4811 1141 4864 veritatem
1197 4791 1565 4875 abscondunt,
1600 4813 1793 4883 plures
1838 4813 1906 4866 de
1948 4827 2010 4868 se
2060 4827 2341 4870 sermones

771 4903 993 4955 audient
1018 4903 1121 4956 sibi
1162 4904 1401 4973 gratiose
1431 4905 1626 4958 dictos.
1657 4904 1722 4957 Et
1749 4911 1912 4957 erunt
1940 4905 2259 4963 seductores
2288 4915 2342 4959 et

770 4994 1004 5047 seducti.
2154 5002 2160 5007 ’

843 5103 1009 5160 Vsus.
1038 5105 1130 5161 9.2.
1162 5104 1411 5175 Cognitio
1443 5106 1646 5174 adeptis
1671 5114 1750 5159 est
1775 5106 1893 5175 fons
1925 5107 2065 5160 vitaz.
2092 5105 2341 5162 Circum-

770 5195 1052 5262 spicieutia
1081 5199 1281 5250 mentis
1310 5212 1397 5250 res
1430 5204 1713 5265 perceptas
1756 5197 2141 5265 ercogitantis.
2171 5199 2341 5268 adep-

769 5286 840 5337 tis
884 5298 1006 5338 eam
1045 5282 1129 5337 est
1183 5285 1435 5338 scatebra
1479 5285 1782 5355 spiritualis
1842 5285 2106 5349 scientiae,
2154 5301 2338 5341 rerum

767 5390 967 5430 causas
997 5376 1300 5432 ittvettiens.

844 5578 1096 5630 Doctrina
1128 5588 1303 5633 autem
1333 5581 1642 5643 stultorum,
1673 5578 1841 5632 mala.
1887 5579 2131 5635 Scientia
2156 5593 2336 5637 autent

769 5682 959 5720 eorum
993 5674 1082 5738 qui
1127 5672 1535 5728 inconsiderate
1576 5673 1780 5741 aliquid
1813 5673 2087 5743 arripiunt
2131 5677 2211 5730 vel
2244 5677 2340 5728 de-

771 5757 1029 5826 tormant,
1049 5778 1154 5819 non
1177 5774 1260 5822 est
1295 5765 1472 5830 bona;
1503 5765 1771 5834 siquidem
1804 5773 2007 5818 temere
2028 5765 2331 5820 secundum

2549 1943 2678 1994 νεῖν.

2549 1957 2678 1994 νειν.

2443 1957 2601 2085 φρῖθι.
2626 2032 2941 2100 ιφείσσων
2989 2032 3337 2101 πραῦθυμος
3385 2031 3536 2100 μετὰ
3578 2031 4010 2096 ταπεινώσεως.

2441 2123 2692 2176 Καλλίων
2724 2125 2873 2178 ἐστὶν
2904 2126 2933 2178 6
2965 2126 3053 2178 διὰ
3081 2125 3196 2196 βίου
3225 2124 3518 2186 εὐτέλειαν,
3548 2125 3897 2188 ἀνεξικάκως
3919 2126 4014 2194 φέ-

2445 2231 2554 2284 ρων
2581 2214 2680 2284 τὴν
2709 2217 2818 2269 τῶν
2841 2217 3060 2271 οἰκείων
3088 2235 3223 2288 πονη
3233 2218 3416 2288 μάτων
3443 2217 3718 2287 στέρησιν.

2519 2379 2597 2431 ’11
2623 2377 2691 2444 ὃς
2716 2377 3023 2447 διαιρεῖται
3061 2379 3264 2434 σκῦλα
3311 2379 3462 2449 μετὰ
3497 2378 3822 2448 ὑϐριστῶν.
3858 2379 4013 2450 Παρὰ

2440 2466 2532 2520 τὸν
2558 2467 2728 2521 ταῦτα
2761 2469 3097 2540 τυραννικῶς
3114 2471 3536 2543 ἀφαιρούμενον,
3570 2471 3664 2524 καὶ
3681 2471 3782 2542 τὴν
3820 2472 4014 2542 μερίδα

2441 2558 2724 2628 τιθέμενον
2759 2561 2898 2631 μετὰ
2939 2563 3049 2616 τῶν
3079 2563 3563 2634 κατεπαιρομένων
3591 2561 3701 2616 τῶν
3729 2561 3972 2617 ἀσθενῶν
3997 2580 4012 2595 ο

2442 2652 2523 2704 ὅτι
2557 2654 2648 2706 τὸν
2680 2653 2813 2706 Θεὸν
2839 2656 2867 2707 6
2895 2656 2993 2725 μὲν
3022 2655 3133 2726 ἔχει
3157 2656 3392 2720 ἔκδικον,
3425 2657 3455 2708 6
3480 2655 3537 2708 δὲ
3566 2657 3834 2726 τιμωρόν.

2514 2753 2581 2800 κ’.
2606 2747 2863 2813 Συνετὸς
2891 2747 3340 2817 ὲνπράγμασιν,
3381 2746 3630 2815 εὑρετὴς
3656 2747 3914 2816 ἀγαθῶν.
3958 2748 4015 2798 ’0

2443 2834 2698 2904 νουνεχὴς
2759 2837 2854 2887 καὶ
2887 2838 3085 2906 πεῖραν
3115 2837 3449 2904 κεκτημένος
3478 2837 3677 2906 ἀκριόἧ
3706 2838 3816 2889 τῶν
3873 2855 4017 2907 πρα-

2443 2923 2689 2993 γμάτων,
2723 2926 2829 2978 ἀπὸ
2852 2926 2960 2979 τῶν
2991 2926 3250 2998 χειρόνων
3280 2925 3573 2998 διακρίνων
3610 2927 3679 2979 τά
3708 2927 4016 2998 κρείττονα,

2446 3017 2679 3087 ὑπάρχει
2712 3019 2915 3070 τούτων
2937 3018 3224 3088 ἐπιτυχής.

2516 3113 2817 3178 Πεποιθὼς
2849 3113 2918 3165 δὲ
2945 3113 3045 3165 ἐπὶ
3083 3112 3224 3178 Θεῷ,
3253 3107 3643 3183 μακαριστός.
3679 3113 3738 3167 ὐ
3759 3115 3816 3167 δὲ
3838 3117 4019 3168 πᾶσαν

2445 3202 2544 3273 τὴν
2571 3203 2765 3256 ἑαυτοῦ
2796 3201 2989 3257 ὲλπίδα
3021 3203 3139 3273 Θεῷ
3169 3205 3464 3270 ἀνατιθεὶς,
3501 3206 3595 3257 καὶ
3628 3205 3702 3276 μὴ
3727 3207 3812 3274 ἐφ’
3842 3207 4018 3275 ἑαυτῷ

2444 3292 2680 3364 θαρρῶν,
2714 3293 2974 3363 τυγχάνει
2993 3293 3320 3362 ἀείμνηστος
3345 3309 3357 3322 ·
3396 3297 3444 3346 εἰ
3480 3293 3555 3364 μὴ
3582 3294 3688 3362 γάρ
3713 3294 3917 3366 Κύριος
3941 3298 4019 3366 τῷ

2441 3383 2634 3435 ἑαυτοῦ
2660 3383 2809 3453 φόϐῳ
2826 3383 3051 3451 φυλάξει
3080 3384 3259 3453 ψυχὴν
3286 3385 3394 3438 ἀπὸ
3419 3385 3526 3438 τῶν
3557 3385 4018 3440 ἐπιϐουλευόντων

2441 3474 2580 3543 αὐτῇ
2616 3476 2941 3543 πνευμάτων
2983 3474 3095 3541 τῆς·
3140 3474 3426 3546 πονηρίας,
3464 3476 3544 3536 εἰς
3599 3475 3753 3528 κενὸν
3779 3477 4017 3546 ἐγρηγό-

2443 3580 2611 3633 ρησευ
2633 3566 2661 3616 6
2690 3565 2893 3634 ταύτην
2908 3565 3090 3634 τηρῶν
3117 3580 3131 3595 ⁶
3167 3567 3262 3618 καὶ
3296 3566 3346 3617 εἰ
3395 3564 3471 3635 μὴ
3496 3566 3657 3618 πάλιν
3681 3568 3711 3619 6
3750 3568 3915 3630 αὐτὸς
3943 3573 4020 3622 οἰ-

2442 3658 2734 3726 κοδομήσει
2755 3657 2925 3727 αὐτὴν
2971 3658 3289 3727 οἰκητήριον
3319 3658 3495 3728 ἐαυτῷ
3525 3663 3591 3729 τῇ
3628 3661 4018 3731 ἀρχιτεκτονίᾳ

2439 3747 2535 3800 τοῦ
2582 3748 2928 3817 Πνεύματος,
2977 3749 3258 3818 ἀνηνύτως
3301 3751 3633 3804 ἐσπούδασεν
3661 3753 3688 3803 6
3713 3752 4018 3822 οἰκοδομεῖν

2440 3836 2646 3907 ταύτην
2676 3836 2991 3907 ἐπιχειρῶν.

2508 3975 2615 4021 καθ.
2658 3968 2803 4034 Τοὺς
2833 3968 3064 4037 σοφοὺς
3109 3970 3209 4022 καὶ
3238 3971 3560 4035 συνετοὺς,
3599 3971 3883 4040 φαύλους
3913 3990 4016 4025 κα-

2439 4060 2680 4114 λοῦσιν.
2713 4062 2852 4124 Τοὺς
2884 4061 3254 4128 γινώσκοντας
3281 4063 3380 4132 τὴν
3409 4062 3689 4134 ἀλήθειαν,
3723 4066 3818 4117 καὶ
3835 4066 4018 4135 αἰρουο

2443 4150 2639 4217 μένους
2657 4150 2718 4202 τὸ
2733 4151 2956 4218 ἀγαθὸν,
2983 4153 3077 4205 καὶ
3100 4152 3274 4204 ταῦτα
3294 4153 3472 4219 λόγοις
3491 4155 3583 4206 καὶ
3611 4153 3796 4224 ἔργοις
3815 4158 4017 4208 άνυπο-

2442 4241 2642 4304 στόλως
2669 4259 2736 4312 κη
2746 4243 3056 4312 ρύττοντας,
3088 4246 3224 4313 πρός
3244 4261 3303 4297 τε
3336 4244 3433 4316 τὴν
3452 4246 3560 4298 τῶν
3578 4246 3890 4301 ἀκουόντων
3920 4251 4015 4302 καὶ

2441 4332 2548 4383 τῶν
2603 4332 2852 4402 ὁρώντων
2909 4334 3194 4401 ὠφέλειαν,
3247 4336 3297 4388 οἰ
3349 4336 3532 4389 πολλοὶ
3564 4337 3674 4389 τῶν
3713 4338 4018 4412 ἀνθρώπων

2440 4421 2746 4474 διαϐάλλειν
2781 4424 3150 4493 ἐπιχειροῦσιν
3188 4424 3276 4477 διά
3305 4441 3365 4476 τε
3404 4426 3464 4478 τδ
3486 4426 3579 4479 τοῦ
3617 4428 3778 4496 λόγου
3799 4432 4019 4502 παρρη-

2373 4501 2416 4553 D
2445 4513 2745 4579 σιαστικὸν,
2782 4520 2876 4566 καὶ
2904 4515 2965 4566 τὸ
2985 4514 3078 4566 τοῦ
3106 4514 3222 4583 βίου
3253 4516 3506 4586 σκληρόν.

2518 4630 2585 4680 Ol
2606 4627 2674 4679 δὲ
2705 4628 2950 4696 γλυκεῖς
2973 4629 3043 4681 ἐν
3067 4628 3249 4697 λόγῳ,
3295 4630 3509 4684 πλεῖον
3537 4632 3928 4688 ἀκούσονται.
3953 4638 4017 4688 Οἱ

2441 4718 2498 4771 δὲ
2525 4721 2595 4770 τά
2626 4720 2760 4787 πρὸς
2778 4718 2938 4788 χάριν
2966 4721 3078 4782 τοῖς
3100 4720 3472 4790 ἀκροωμένοις
3505 4722 3890 4793 φθεγγόμενοι,
3923 4728 4018 4780 καὶ

2441 4809 2774 4879 κρύπτοντες
2835 4810 2933 4880 τὴν
2990 4809 3289 4880 ἀλήθειαν,
3351 4812 3615 4865 πλειόνων
3661 4813 3838 4882 λόγοιν
3886 4819 4015 4868 ἀντ-

2443 4900 2824 4968 ακροάσονται,
2847 4899 2983 4969 πρὸς
2999 4900 3157 4970 χάριν
3173 4901 3479 4970 λεγομένων
3497 4901 3681 4964 αὐτοῖς
3700 4920 3715 4934 ·
3747 4906 3844 4956 καὶ
3861 4905 4015 4958 ἔσον-

2441 5007 2528 5042 ται
2563 4989 2878 5052 ἀπατῶντες
2904 4993 2998 5042 καὶ
3026 4990 3412 5060 ἀπατῶμενοι.ξ

2510 5101 2612 5170 κβ’.
2643 5101 2812 5169 Πηγὴ
2853 5098 3020 5167 ζωῆς,
3071 5101 3279 5154 ἔννοια
3305 5101 3429 5168 τοῖς
3468 5105 3878 5172 κεκτημένοις,
3952 5109 4013 5159 'll

2441 5194 2581 5246 κατά
2605 5193 2846 5244 διάνοιαν
2869 5195 2967 5262 τῆς
2990 5191 3099 5245 τῶν
3122 5192 3396 5263 αἰσθητῶν
3421 5196 3719 5260 φαντασίας
3754 5200 4016 5267 rte-pim-

2439 5287 2552 5355 ψις,
2589 5288 2703 5346 τοῖς
2734 5284 3094 5354 κεκτημένοις
3124 5285 3315 5353 αὐτὴν,
3345 5284 3535 5355 βρύσις
3557 5287 3675 5338 ἐστί
3707 5304 4016 5359 πνευματι-

2441 5380 2542 5449 κῆς
2591 5378 2867 5446 γνώσεως,
2931 5377 3031 5440 τὰς
3099 5377 3277 5439 αἰτίας
3303 5377 3412 5429 τῶν
3462 5379 3808 5448 πραγμάτων
3861 5380 4015 5452 εὑρί-

2441 5487 2663 5524 σκουσα.

2511 5580 2754 5633 Παιδεία
2813 5578 2881 5631 δὲ
2919 5579 3218 5647 ἀφρόνων,
3251 5581 3425 5648 κακή.
3457 5581 3523 5634 Ἦ
3547 5582 3603 5635 δὲ
3635 5584 3879 5653 μάθησις
3907 5584 4020 5638 τῶν

2440 5671 2734 5738 ἀλογίστως
2784 5669 3127 5739 ὀρεγομένων
3184 5673 3359 5738 τινὸς,
3416 5672 3449 5742 ἢ
3509 5676 4018 5747 ἀποστρεφομένων

2442 5764 2590 5827 αὐτὸ,
2622 5763 2679 5817 οὐ
2705 5762 2844 5831 καλή
2878 5764 3022 5816 ἐστιν
3045 5780 3056 5794 ·
3092 5765 3277 5836 ἐπειδὴ
3309 5766 3683 5830 ἀναξετάστως
3704 5764 3853 5822 οὗτοι
3876 5775 4020 5825 κατα
