4220 6462
648 408 785 469 1399

1949 401 2302 461 PROCOPII
2340 402 2582 461 GAZJEI

3795 391 3939 452 14,ὓο

640 518 925 588 corporis,
987 525 1152 585 caput
1200 514 1457 568 habentis
1519 512 1839 573 Christum,
1893 511 1948 564 in
2007 518 2242 580 tempore

2356 513 2430 574 ὡς
2455 513 2571 573 ἐνὸς
2605 511 2740 579 μέλη
2778 510 3052 579 σώματος,
3073 505 3314 575 κεψαλὴν
3344 502 3557 573 ἔχοντος
3579 503 3669 555 τδν
3694 503 3938 571 Χριστὸν

642 608 991 662 necessitatis
1020 607 1123 659 sibi
1151 615 1345 658 mutuo
1375 603 1735 658 auxilientur.

715 698 876 749 Vsus.
911 697 997 748 18.
1033 695 1122 746 Vir
1153 695 1408 760 insipiens
1439 691 1648 757 plaudit
1676 687 2078 756 congaudetqne
2107 689 2226 750 sibi,

640 799 696 841 ut
720 789 809 858 qui
829 787 1111 855 sponsione
1135 784 1415 851 spopondit
1452 799 1548 849 pro
1573 782 1745 832 amico
1782 793 1878 833 suo
1935 777 2108 832 llomo
2138 780 2230 848 qui

640 896 742 934 nec
781 895 878 934 sua
912 894 1012 932 nec
1047 879 1280 930 aliorum
1311 872 1600 928 commoda
1624 871 1768 940 sapit
1797 913 1811 934 ,
1841 871 1928 924 sui
1968 885 2159 924 amans
2179 880 2233 924 et.

641 989 750 1026 non
797 972 906 1026 Deo
958 970 1234 1039 placitus,
1277 966 1488 1036 plaudit
1539 965 1762 1032 quidem
1809 971 1864 1016 ct
1926 961 2234 1032 congaudet

642 1066 746 1120 sibi
785 1065 851 1118 de
887 1065 955 1116 iis
997 1078 1118 1132 qum
1147 1062 1281 1115 dicit
1311 1068 1366 1113 et
1419 1059 1566 1128 agit:
1608 1055 2076 1124 quemadmodum
2125 1055 2230 1107 sibi

641 1160 952 1226 gratulatur
1003 1155 1070 1208 de
1125 1154 1409 1220 voluptate
1453 1149 1641 1201 carnis
1694 1161 1810 1201 sua:
1853 1146 2088 1207 dilectae,
2134 1147 2232 1214 qui

638 1249 781 1301 lianc
832 1244 1051 1298 tandem
1088 1245 1140 1296 in
1188 1251 1369 1295 actum
1414 1239 1764 1299 tradendam,
1801 1245 1862 1290 ut
1895 1238 2106 1292 virtute
2137 1235 2231 1289 de—

638 1339 838 1399 bitum,
884 1335 1137 1405 spondet,
1177 1349 1274 1387 nec
1308 1332 1375 1384 ad
1400 1330 1787 1383 mandatorum
1819 1328 2229 1384 exsecutionem

639 1446 760 1483 eam
791 1429 1059 1482 stimulat.

712 1611 779 1664 Et
835 1628 992 1678 super
1034 1611 1182 1662 labia
1217 1626 1317 1661 sua
1359 1609 1574 1676 viasque
1603 1623 1731 1660 suas
1767 1607 1938 1676 ignem
1970 1605 2232 1657 thesauri-

644 1716 752 1758 και.
790 1703 853 1756 Et
879 1703 1062 1757 verbis
1101 1712 1156 1756 et
1190 1701 1464 1761 moribus,
1501 1714 1597 1768 per
1620 1707 1794 1752 totam
1828 1697 2006 1766 ipsius
2036 1696 2228 1757 vitam,

643 1799 825 1860 ignem
874 1805 1139 1850 teternum
1177 1793 1282 1845 sibi
1331 1791 1696 1854 tliesaurizat,
1736 1789 1840 1844 etsi
1883 1787 1952 1843 de
1999 1788 2066 1842 iis
2108 1800 2234 1856 qua:

642 1891 762 1957 ipse
787 1895 1007 1957 reputat
1031 1889 1171 1940 bona
1204 1885 1440 1938 laetetur.

719 2069 884 2125 Vens.
923 2070 1009 2124 19.
1050 2070 1153 2134 Qui
1176 2069 1406 2137 peccatis
1433 2068 1755 2129 delectatur,
1788 2063 1984 2133 gaudet
2019 2063 2237 2130 jurgiis.

643 2163 1030 2218 Perversitatis
1059 2177 1251 2215 amans
1284 2175 1559 2229 perversa:
1581 2171 1848 2212 sensuum
1874 2156 2010 2224 legis
2042 2154 2241 2207 adver~

644 2273 740 2310 sus
792 2257 1020 2324 spiritus
1085 2257 1258 2324 legem
1331 2254 1637 2307 rebellione
1686 2251 1890 2322 gaudet
1953 2250 2243 2318 ipsamque

643 2350 858 2420 peccati
893 2348 1300 2416 instigatricem
1330 2345 1777 2404 sensualitatem,
1805 2340 2007 2412 spiritu
2041 2338 2241 2392 fortio-

643 2459 756 2497 rem
796 2442 1057 2506 reddens,
1094 2456 1251 2496 suam
1282 2439 1585 2510 perniciem
1611 2435 1832 2507 quaerit.

2344 603 2588 673 βοηθοῖεν
2627 601 2877 671 ἀλλήλοις
2919 603 2976 653 ἐν
3015 600 3203 669 χρείας
3244 595 3442 666 καιρῷ.

2414 694 2504 764 ιη’.
2540 693 2712 760 Ἀνὴρ
2738 693 2944 761 ἅρρων
2986 689 3290 756 ἑπικροτεῖ
3330 688 3428 740 καί
3472 686 3768 752 ἐπιχαίρει
3796 682 3938 735 ἑαυ-

2343 788 2438 852 τῷ,
2466 789 2544 853 ὡς
2575 789 2671 840 καὶ
2702 786 3076 855 ἐγγυώμενος
3102 784 3288 851 ἐγγύῃ
3323 779 3428 833 τὸν
3451 778 3671 830 ἑαυτοῦ
3725 778 3934 844 φίλων.

2324 882 2667 951 ·’Λνθ(ωπος
2697 883 2724 932 ὁ
2763 879 2837 949 μὴ
2865 878 3080 948 φρονῶν
3107 877 3177 928 τὰ
3212 873 3392 942 ἐαυτῷ
3421 873 3513 923 καὶ
3551 870 3758 940 ἑτέροις
3795 885 3940 936 συμο

2343 976 2600 1046 φέροντα,
2633 974 2978 1043 αὐτάρεσκος
3031 971 3293 1039 ὑπάρχων
3343 967 3438 1018 καὶ
3497 965 3572 1032 μὴ
3617 963 3936 1029 θεάρεστος,

2342 1067 2709 1134 ὲπικαυχᾶται
2745 1065 2841 1130 μὲν
2871 1063 2964 1114 καὶ
2996 1062 3349 1130 εὐφραίνεται
3383 1055 3584 1122 ἑαυτῷ,
3619 1051 3704 1118 ἐφ’
3732 1048 3814 1111 οἷς
3847 1050 3941 1100 λέ-

2341 1173 2428 1224 γει
2470 1165 2529 1207 τε
2580 1156 2674 1208 καὶ
2723 1156 2903 1215 ποιεῖ,
2965 1151 3217 1220 καθάπερ
3263 1145 3663 1214 ἐπαγγέλλεται
3700 1145 3763 1210 τῇ
3814 1142 3941 1209 igrio-

2341 1249 2544 1318 παθείᾳ
2562 1247 2656 1299 τοῦ
2679 1242 3010 1316 προσφιλοῦς
3035 1240 3202 1294 αὐτοῦ
3229 1239 3480 1308 σαρκίον,
3499 1237 3594 1287 καὶ
3610 1238 3637 1287 ὁ
3659 1233 3820 1285 τοῦτο
3843 1232 3943 1283 ἐπὶ

2340 1341 2484 1393 τέλει
2535 1339 2827 1392 ἀποδοῦναι
2859 1337 2999 1388 κατὰ
3034 1332 3235 1402 πρᾶξιν
3283 1331 3343 1383 τὸ
3392 1324 3552 1399 χρέος
3585 1327 3684 1393 τῆς
3732 1324 3941 1393 ἀρετῆς

2340 1427 2712 1498 ἐγγυώμενος,
2745 1427 2838 1478 καὶ
2874 1425 2948 1494 μὴ
2975 1420 3291 1492 διερεθίζων
3323 1419 3457 1471 αὐτὸ
3486 1417 3623 1487 πρὸς
3669 1414 3942 1484 ἐργασίαν

2341 1518 2450 1570 τῶν
2489 1517 2743 1570 ἐντολῶν.

2426 1605 2555 1658 Ἐπὶ
2589 1605 2658 1657 δὲ
2683 1605 2803 1657 τῶν
2833 1602 3054 1657 ἑαυτοῦ
3083 1599 3335 1670 χειλέων
3370 1597 3466 1650 καὶ
3499 1594 3658 1650 ὁδῶν
3684 1594 3806 1660 πῦρ
3833 1593 3945 1656 οη-

2341 1694 2625 1762 σαυρίζει.
2663 1694 2751 1746 Ἦν
2794 1693 2852 1745 δὲ
2895 1694 3007 1755 τοῖς
3035 1690 3167 1761 παρ’
3190 1689 3319 1757 ὅλην
3351 1686 3517 1740 αὑτοῦ
3546 1686 3644 1753 τὴν
3674 1682 3819 1751 ζωὴι
3851 1681 3944 1730 λό-

2341 1803 2460 1854 γοις
2490 1802 2548 1838 τε
2582 1785 2676 1837 καὶ
2705 1783 3129 1852 ἐπιτηδεύμασι,
3162 1781 3223 1832 τὸ
3253 1778 3472 1832 αἰώνιον
3503 1774 3943 1844 ἀποθησαυρίζει

2274 1880 2316 1934 Β
2347 1878 2460 1948 πῦρ
2494 1876 2671 1946 ἑαυτῷ
2692 1919 2706 1941 ,
2739 1875 2842 1928 κᾶν
2874 1878 3040 1946 χαίρῃ
3084 1873 3178 1926 ἐπὶ
3216 1873 3424 1932 τούτοις
3455 1870 3529 1932 ὡς
3561 1869 3946 1938 νομιζομένοις

2346 1970 2495 2040 αὐτῷ
2533 1971 2783 2036 ἀγαθοῖς.

2421 2060 2505 2112 ιθ’.
2547 2061 3024 2128 Φιλαμαρτήμων
3048 2055 3238 2124 χαίρει
3257 2052 3499 2121 ὶιάχαις.
3533 2052 3591 2102 ὐ
3615 2050 3711 2119 τῆς
3740 2049 3947 2110 κακίας

2345 2152 2578 2222 ἐραστὴς
2632 2153 3062 2221 ἐπευφραίνεται
3116 2151 3236 2207 ταῖς
3291 2146 3408 2197 κατ’
3434 2144 3607 2213 αὐτὴν
3647 2142 3742 2194 τοῦ
3774 2141 3944 2209 νόμου

2345 2245 2444 2314 τῆς
2476 2244 2783 2313 αἰσθήσεως
2815 2243 2950 2315 πρὸς
2984 2242 3076 2293 τὸν
3124 2240 3293 2309 νόμον
3329 2237 3422 2289 τοῦ
3469 2237 3592 2298 νοὸς
3643 2238 3948 2287 ἀντικαταο

2349 2339 2625 2400 στάσεσιν,
2660 2335 2754 2387 καὶ
2803 2333 2976 2404 αὐτὴν
3032 2333 3128 2402 τὴν
3177 2332 3281 2400 τῆς
3331 2328 3608 2400 ἁμαρτίας
3637 2326 3948 2393 είσαγωγὺν

2347 2429 2600 2498 αἴσθησιν
2647 2425 3118 2496 ἐπικρατεστέραν
3166 2422 3338 2474 ποιῶν
3377 2419 3471 2473 τοῦ
3505 2417 3645 2483 νοὸς,
3691 2419 3951 2487 ἐπιζητεῖ

2256 2523 2266 2532 ’
2347 2522 2446 2591 τὴν
2490 2521 2625 2574 ίδίαν
2664 2519 2969 2572 ἀπώλειαν.

717 2672 821 2735 Qui
871 2670 1075 2723 exultat
1117 2670 1309 2718 ostium
1360 2680 1542 2729 suum,
1573 2661 1766 2729 qua'rit
1811 2658 2048 2712 ruinam.
2090 2655 2247 2709 Sicut

644 2767 792 2816 enim
825 2761 1179 2829 voluptarius
1206 2772 1234 2809 a
1265 2755 1374 2810 Deo
1408 2767 1634 2824 propter
1654 2751 1842 2807 carnis
1868 2750 2098 2804 delicias
2130 2747 2247 2802 dis-

644 2856 812 2917 cedit,
841 2855 912 2905 ita
948 2861 1002 2903 et
1036 2849 1333 2918 superbus,
1376 2855 1602 2914 propter
1634 2842 1829 2896 animm
1851 2840 2244 2908 ignorantiam,

649 2947 816 3000 lleum
865 2942 1137 2996 bonorum
1170 2937 1417 2991 oumimn
1455 2944 1743 2989 auctorem
1785 2946 1910 2985 esse
1963 2928 2244 2994 nesciens,

648 3040 882 3104 ideoque
907 3034 1011 3087 sibi
1051 3044 1280 3100 magnos
1305 3042 1604 3083 successus
1638 3023 1988 3078 adscribcns.

723 3150 884 3201 Vens.
914 3145 1005 3198 20.
1040 3143 1145 3209 Qui
1176 3125 1312 3194 duro
1353 3139 1512 3194 corde
1543 3148 1647 3201 est,
1677 3153 1782 3190 non
1807 3132 2039 3189 occurrit
2069 3131 2244 3185 bonis.

2431 2634 2639 2705 Ὑψῶν
2667 2637 2857 2704 θύραν
2883 2633 3128 2698 ἑαυτοῦ,
3173 2629 3336 2697 ζητεῖ
3355 2627 3707 2696 συντριϐήν.
3733 2626 3950 2695 Ὠσπερ

2348 2732 2457 2802 γὰρ
2503 2733 2530 2784 ὁ
2573 2728 2892 2798 φιλήδονος,
2922 2725 3059 2780 Θεοῦ
3089 2725 3384 2793 ἀφίσταται
3431 2721 3521 2774 διὰ
3569 2719 3772 2790 σαρκὸς
3818 2718 3952 2786 ἡδυ-

2352 2824 2585 2876 πάοειαν
2612 2839 2624 2852 ·
2659 2822 2802 2874 οῦτω
2825 2820 2918 2873 καὶ
2940 2821 2969 2873 ὁ
2998 2819 3367 2886 αὐτάρεσκος,
3402 2814 3489 2867 διὰ
3521 2813 3698 2882 ψυχῆς
3725 2811 3955 2877 ἄγνοιαν

2355 2916 2430 2987 μὴ
2463 2914 2616 2976 εἰδὼς
2649 2914 2783 2966 Θεὸν
2815 2907 2956 2964 εἶναι
2989 2911 3212 2963 πάντων
3239 2907 3347 2960 τῶν
3376 2904 3560 2960 καλῶν
3587 2905 3760 2956 αἴτιον
3781 2945 3795 2967 ,
3823 2903 3958 2953 κάν-

2351 3008 2542 3060 τεῦθεν
2583 3006 2761 3076 ἑαυτῷ
2801 3004 3125 3073 ἐπιγράφων
3163 3001 3234 3053 τὰ
3269 2995 3695 3069 κατορθώματα.

2423 3131 2491 3177 κ’.
2530 3122 2592 3175 '0
2623 3121 2691 3173 δὲ
2732 3117 3217 3187 σκληροκὰρδιος
3239 3155 3254 3179 ,
3284 3116 3355 3167 οὐ
3380 3109 3656 3176 συναντᾷ
3683 3108 3958 3179 ἀγαθοῖς.

647 3238 751 3301 Qui
781 3236 1084 3288 secundum
1121 3234 1364 3284 animam
1396 3229 1477 3283 sic
1507 3225 1816 3280 indurescit
1847 3232 1902 3278 et
1928 3231 2123 3277 contra
2155 3221 2242 3274 di-

2359 3218 2417 3272 'O
2445 3216 2488 3269 δ’
2510 3215 2653 3268 οὕτω
2678 3213 2818 3267 κατὰ
2844 3211 3024 3281 ψυχὴν
3057 3207 3522 3278 σκληρυνόμενος,
3554 3204 3648 3255 καὶ
3685 3203 3823 3270 πρὶς
3852 3203 3958 3264 τὰς

650 3330 805 3381 vinas
835 3328 984 3396 leges
1009 3325 1350 3387 recalcitrat,
1382 3319 1734 3374 obvenientia
1769 3317 1939 3387 justis
1963 3315 2107 3370 bona
2132 3329 2243 3368 non

649 3418 939 3490 ebtinebit.

735 3529 824 3582 Vir
861 3529 1042 3598 lingua
1079 3524 1371 3586 versatilis,
1421 3521 1618 3575 incidet
1666 3522 1721 3574 in
1765 3520 1934 3574 mala.
1966 3518 2072 3584 Qui
2114 3532 2246 3572 suas

650 3637 776 3672 ('ll-lll
814 3618 923 3673 Deo
955 3617 1376 3676 conventiones,
1415 3613 1469 3667 in
1506 3620 1826 3666 sanctorum
1864 3611 2045 3680 ipsius
2088 3625 2247 3662 mau-

653 3715 908 3765 datorum
952 3711 1342 3764 observatione
1392 3714 1732 3771 constantes,
1769 3710 1972 3765 mutat,
2022 3703 2074 3756 in
2123 3693 2249 3772 pas-

654 3806 841 3858 siones
871 3801 1189 3872 ignominia:
1218 3799 1461 3853 decidet.

727 3917 891 3970 Vens.
928 3914 1020 3968 21.
1077 3912 1183 3968 Cor
1222 3923 1403 3966 autem
1433 3910 1736 3979 insipientis
1773 3908 1874 3962 erit
1923 3906 2245 3976 possidentis

651 4010 788 4064 illud
825 4009 1106 4061 maestitia.
1144 4006 1343 4059 Anima
1379 4004 1501 4073 ejus
1518 4003 1610 4073 qui
1638 4002 1805 4055 Deum
1837 4015 1940 4054 nec
1973 3999 2125 4052 timet
2148 4011 2251 4051 nec

650 4101 832 4168 diligit
866 4099 1101 4167 ideoque
1130 4097 1277 4149 circa
1307 4094 1566 4148 mandata
1599 4092 1837 4162 superba
1857 4089 2254 4158 dedignatione

651 4202 761 4254 est,
796 4190 1081 4243 continuis
1122 4187 1480 4243 conscienti-.e
1502 4183 2046 4256 exprobrationibus,
2076 4180 2253 4250 ipsius

653 4284 825 4338 ultrix
863 4282 996 4336 erit.

724 4394 855 4456 Non
895 4394 1113 4448 [artatur
1155 4404 1306 4458 pater
1341 4393 1405 4444 de
1436 4392 1555 4460 filio
1586 4389 2012 4456 indisciplinato.
2042 4387 2254 4458 Impru-

652 4488 804 4543 denti
855 4487 1292 4540 ratiocinatione
1335 4501 1445 4539 non
1494 4485 1702 4556 gaudet
1746 4485 1988 4549 animus,
2029 4485 2158 4553 quia
2187 4500 2252 4538 ex

2351 3309 2503 3371 θείας
2535 3305 2847 3361 ἀντιτυπῶν
2886 3302 3107 3363 ἐντολὰς
3128 3339 3142 3364 ,
3173 3299 3282 3352 τῶν
3313 3296 3692 3365 ἀποκειμένων
3724 3296 3840 3356 τοῖς
3879 3295 3964 3346 δι-

2351 3405 2529 3467 καίοις
2568 3404 2671 3456 οῦκ
2709 3399 2973 3470 ἐπιτυχὴς
3011 3398 3223 3466 γίνεται
3261 3393 3505 3462 ἀγαθῶν.

2434 3517 2616 3585 Ἀνὴρ
2659 3505 3066 3585 εὐμετάϐολος
3111 3509 3364 3580 γλώσσῃ
3392 3548 3406 3568 ,
3463 3503 3816 3575 ἐμπεσεῖται
3873 3505 3966 3566 εἷς

2352 3609 2527 3666 κακά.
2566 3609 2625 3662 '0
2675 3607 2914 3670 εὐκόλως
2962 3603 3195 3658 ἀλλοιῶν
3245 3601 3345 3661 τὰς
3397 3601 3476 3660 εἰς
3516 3599 3648 3649 Θεὸν
3681 3595 3965 3664 συνθήκας

2351 3701 2536 3766 αὑτοῦ,
2569 3700 2626 3752 αἳ
2658 3699 2918 3770 τηρήσεις
2950 3696 3059 3749 τῶν
3107 3695 3278 3762 ἁγίων
3316 3692 3487 3747 αὑτοῦ
3521 3691 3660 3742 εἰσιν
3702 3687 3963 3750 ἐντολῶν,

2354 3794 2587 3847 πάθεσιν
2622 3793 2850 3862 ἀτιμίας
2889 3791 3299 3861 περιπεσεῖται.

2426 3914 2531 3961 κα’.
2573 3906 2800 3974 ιιάρδία
2850 3902 2919 3956 δὲ
2964 3902 3250 3972 ἄφρονος,
3286 3898 3474 3964 ὀδύνη
3502 3896 3581 3961 τῷ
3613 3894 3967 3963 κεκτημένῳ

2355 3999 2570 4066 αὑτήν.
2612 3999 2676 4051 ἸΙ
2711 3998 2859 4068 ψυχὴ
2888 3995 2984 4049 τοῦ
3013 3995 3088 4065 μὴ
3119 3993 3283 4064 φόϐον
3320 3991 3462 4044 θεῖον
3495 3990 3840 4058 κεκτημένου
3864 3990 3965 4039 καὶ

2357 4094 2522 4147 ¹ιτόθον
2542 4133 2557 4158 ,
2597 4091 2894 4145 κάντεῦθεν
2922 4085 3416 4159 καταφρονητικῶς
3449 4082 3798 4151 διακειμένου
3829 4081 3965 4150 περὶ

2355 4188 2454 4250 τὰς
2486 4186 2727 4250 ἐντολὰς,
2758 4185 2999 4254 τιμωρὸς
3027 4181 3177 4235 ἔσται
3207 4178 3376 4234 αὑτοῦ
3403 4180 3517 4242 τοῖς
3538 4175 3630 4229 τοῦ
3656 4174 3965 4237 συνειδότος

2360 4279 2663 4341 ἀνενδότοις
2705 4276 2970 4346 ἐλέγχοις.

2434 4395 2556 4447 Οὐκ
2603 4391 2984 4460 εὐφραίνεται
3045 4384 3244 4454 πατὴρ
3305 4382 3402 4436 ἐπὶ
3447 4380 3556 4446 υἱῷ
3595 4379 3962 4442 ἀπαιδεύτῳ.

2361 4486 2438 4539 Οὐ
2473 4485 2653 4555 χαίρει
2683 4482 2809 4544 νοῦς
2850 4483 2944 4533 ἐπὶ
2990 4477 3239 4548 λογισμῷ
3302 4476 3572 4545 ἀσυνέτῳ,
3624 4476 3709 4527 ὅτι
3763 4475 3829 4525 ὲκ
3862 4474 3966 4542 τῆς

653 4578 1023 4632 sensualitate
1057 4575 1372 4643 subadjuva
1407 4574 1656 4644 spuriam
1691 4563 1909 4643 sibique
1951 4573 2242 4628 absimilen

2370 4578 2693 4649 ὑπηρέτιδος
2731 4574 2921 4627 τούτου
2965 4572 3296 4644 αἰσθήσεως,
3326 4569 3483 4624 νόθον
3519 4569 3614 4622 καὶ
3656 4566 3841 4637 ἑαυτῷ
3870 4568 3968 4619 ἁν-

653 4668 801 4720 illam
830 4666 1047 4735 genuit.

731 4797 910 4852 Filius
951 4808 1131 4851 autem
1165 4798 1378 4864 sapiens
1415 4810 1566 4848 suam
1593 4802 1820 4846 matrem
1849 4792 2122 4860 lctiﬁcat.
2154 4789 2255 4844 Ju-

654 4893 859 4945 dicium
907 4901 1090 4944 autem
1140 4889 1410 4959 prudens,
1451 4886 1714 4956 operibus
1748 4884 1978 4954 justitite
2015 4882 2258 4937 laetiﬁcat

656 4982 1170 5051 sapientiam,qua:,
1198 4996 1262 5034 cx
1300 4979 1487 5031 animo
1535 4988 1826 5039 consorte,
1861 4974 2018 5040 illud,
2045 4986 2250 5044 prtere-

654 5082 747 5142 pta
777 5072 954 5142 ipsius
987 5073 1174 5125 omnia
1208 5069 1519 5139 complens,
1555 5067 1788 5138 peperit.

727 5278 897 5333 Vens.
925 5277 1016 5330 2‘2.
1051 5275 1158 5330 Cor
1193 5274 1376 5326 lwtum
1413 5271 1590 5324 valere
1620 5270 1772 5337 facit.
1815 5269 2011 5321 Anima
2037 5281 2258 5336 semper

654 5373 776 5426 lzcta
797 5381 1063 5438 tanquam
1095 5365 1477 5419 indesinenter
1495 5378 1662 5417 orans
1696 5370 1756 5415 ut
1790 5376 1901 5415 non
1940 5375 2120 5422 suam,
2158 5358 2254 5412 sed

656 5466 831 5520 solam
873 5462 966 5517 Dei
1019 5461 1359 5513 voluntatem
1405 5464 1654 5526 quaerat,
1709 5455 1946 5524 ideoque
1994 5453 2048 5505 in
2104 5451 2254 5504 omni

653 5554 1101 5615 circumstantia,
1129 5563 1182 5606 et
1213 5553 1257 5606 si
1285 5552 1466 5605 tristis
1494 5557 1663 5613 esset,
1691 5546 1898 5618 gratias
1930 5553 2077 5616 agat,
2097 5544 2253 5598 valeo

653 5649 902 5708 tudinem
938 5649 1054 5702 suis
1080 5646 1340 5717 potentiis
1371 5645 1606 5699 confert.

2165 5703 2188 5714 κ

727 5858 973 5912 [laminis
1010 5868 1185 5911 autem
1247 5856 1414 5910 tristis
1461 5853 1804 5908 ersicrantnr
1861 5865 2006 5904 ossa.
2053 5845 2251 5902 Mentis

2363 4670 2554 4738 όμοιον
2581 4665 2772 4719 τοῦτον
2808 4665 3102 4717 ἀπέτεκεν.

2442 4780 2576 4847 Υίρς
2612 4778 2682 4832 δὲ
2738 4779 3050 4847 φρόνιμος,
3107 4775 3417 4844 εὐφραίνει
3465 4773 3697 4842 μητέρα
3746 4772 3964 4825 αὑτοῦ.

2362 4872 2641 4942 Λογισμδς
2671 4871 2714 4924 δ’
2750 4871 3024 4941 ἐχέφρων,
3054 4868 3251 4939 τέρπει
3272 4867 3362 4920 διὰ
3391 4865 3500 4918 τῶν
3537 4865 3637 4933 τῆς
3672 4863 3963 4916 δικαιοσύο

2361 4982 2457 5033 νης
2496 4964 2678 5033 ἔργων
2732 4963 2834 5033 τὴν
2891 4961 3270 5016 ἀποτεκοῦσαν
3323 4958 3512 5012 τοῦτον
3567 4957 3820 5010 σύνοικον
3870 4956 3968 5009 τοῦ

2361 5054 2454 5108 νοῦ
2508 5056 2738 5123 σοφίαν,
2795 5055 2897 5118 τάς
2950 5054 3241 5123 ὑποθήκας
3306 5051 3513 5121 ταύτης
3575 5051 3759 5113 πάσας
3821 5051 3968 5120 πλη-

2367 5147 2497 5220 ρῶν.

2433 5267 2537 5335 κβ’.
2588 5267 2813 5335 Καρδία
2835 5267 3304 5338 εὐφραινομένη,
3334 5266 3605 5320 εὐεκτεῖν
3639 5265 3820 5320 ποιεῖ.
3845 5267 3970 5317 Ψυ-

2361 5361 2430 5433 χὴ
2477 5363 2710 5414 πάντοτε
2743 5361 3030 5432 χαίρουσα,
3055 5360 3132 5423 ὡς
3151 5358 3514 5420 ἀδιαλείπτως
3543 5359 3969 5426 προσευχομένη

2360 5454 2449 5508 διὰ
2471 5453 2529 5506 τὸ
2561 5453 2634 5524 μὴ
2674 5453 2734 5507 τὸ
2771 5454 2926 5517 ἴδιον,
2955 5453 3093 5506 ἀλλὰ
3127 5452 3286 5523 μόνον
3339 5452 3401 5504 τὸ
3439 5449 3534 5502 τοῦ
3578 5449 3716 5502 Θεοῦ
3777 5449 3974 5517 ζητεῖν

2361 5546 2577 5617 θέλημα
2605 5564 2617 5576 ’
2644 5546 2943 5600 κάντεῦθεν
2977 5549 3034 5600 ἐν
3059 5547 3226 5599 παντὶ
3257 5546 3656 5614 συναντήματι,
3685 5542 3789 5594 κᾶν
3812 5543 3973 5595 ἀνιαο

2364 5641 2457 5708 ρζν
2497 5640 2582 5709 εἴη
2613 5641 2983 5709 εὐχαριστεῖν,
3028 5638 3305 5693 ἀπάθειαν
3359 5638 3479 5698 ταῖς
3545 5635 3753 5703 ἑαυτῆς
3813 5652 3973 5705 περι-

2362 5736 2597 5786 ποιεῖται
2624 5733 2916 5802 δυνάμεσι.

2447 5844 2682 5913 Ἀνδρὸς
2710 5846 3081 5912 δὲλυπηροῦ
3124 5844 3472 5913 ξηραίνεται
3521 5839 3695 5897 (cui.
3755 5841 3868 5895 Τοῦ
3913 5842 3970 5894 δὲ
