4220 6462
227 434 358 497 1401
1327 427 1816 488 (ῙΟΜΜΕΝΤΛΗΪ

1923 428 1991 486 IN
2037 427 2461 486 PROVEHBIA
2477 475 2490 488 .
3362 430 3496 491 140?.

217 547 629 620 προσκειμένου
661 545 780 604 νοὸς
815 543 1196 612 προσκαίροις,
1244 541 1338 595 καὶ
1385 543 1478 592 ἐπὶ
1507 545 1572 611 τῇ
1603 541 1809 592 τούτων

1923 541 2281 608 praesentibus
2346 541 2687 608 subjaecntis
2729 550 2782 594 et
2827 542 2894 596 de
2935 557 3127 594 eorum
3195 543 3497 597 amissione

215 639 528 706 ἀνιωμένου
555 637 749 705 φθορᾷ,
775 635 843 686 τὰ
872 636 1056 699 διανοὴ
1069 651 1239 700 ματα,
1270 632 1304 685 ἃ
1326 633 1484 702 δίκην
1513 633 1686 684 ὀστῶν
1713 632 1810 684 αὑ·

1923 632 2152 684 lolentis
2201 633 2605 698 cogitationes,
2661 647 2782 699 qum
2816 633 2966 684 velut
3003 647 3128 684 ossa
3175 634 3498 686 sull'uleiunt

215 731 312 781 τὸν
339 729 708 798 ὑπερείδουσι,
743 727 843 795 τῆς
870 725 1141 792 ζωογόνου
1173 724 1551 793 πνευματικῆς
1603 721 1808 784 νοτίδος

1923 722 2082 784 illam,
2117 722 2427 774 viviﬁcante
2463 722 2690 791 spiritus
2721 723 2951 777 humore
2989 723 3386 777 destituuntur.

215 821 568 890 ἐστέρηνται.

293 933 398 998 κγ’.
435 931 766 996 [UIquer
799 927 956 996 δῶρα
985 929 1054 980 ἐν
1080 930 1285 992 κόλπῳ
1301 928 1539 993 ἀδίκως,
1563 930 1633 982 οὐ
1667 945 1808 984 κατ-

213 1025 539 1077 ευρδοῦται
569 1025 634 1075 ἐν
690 1017 852 1086 ὁδοῖς
877 1037 889 1049 ·
925 1022 1185 1073 ἐκκλίνει
1226 1021 1334 1089 γὰρ
1370 1021 1550 1085 ὁδοὺς
1592 1020 1809 1073 δικαιο-

1974 930 2149 985 Vtatts.
2173 931 2262 983 25.
2292 941 2357 984 In
2382 932 2502 983 sinu
2536 948 2754 984 munera
2791 932 3041 1000 colligens
3071 933 3286 1000 injuste,
3309 936 3360 986 in
3399 935 3495 986 riis

1913 1041 2017 1077 non
2047 1035 2404 1093 prosperatur
2436 1041 2452 1078 :
2483 1028 2713 1078 declinat
2745 1029 2882 1080 enim
2928 1045 2957 1079 (ι
2996 1030 3089 1080 riis
3111 1029 3355 1095 justit‘ar.
3391 1032 3493 1094 Qui

1911 1131 2035 1168 eum
2060 1117 2435 1170 exsultatione
2451 1117 2594 1168 velut
2624 1117 2869 1184 quaedam
2891 1119 3030 1169 noua
3055 1120 3104 1170 in
3133 1121 3492 1171 iutellrctuali

1913 1207 2111 1260 anima:
2162 1207 2476 1259 conditorio
2514 1206 2738 1258 fallaces
2789 1205 3053 1260 daemonis
3103 1208 3495 1259 iiistrueiious

1913 1299 2211 1353 indiscrete
2245 1300 2459 1367 recipit,
2491 1299 2545 1351 in
2583 1299 2846 1366 Operibus
2892 1301 3008 1352 suis
3041 1316 3146 1352 i-on
3180 1301 3382 1351 invenit
3418 1307 3496 1351 Ie—

1913 1389 2072 1443 Iiccm
2099 1390 2306 1444 exitum
2335 1408 2348 1455 ;
2381 1391 2653 1457 siquidem
2686 1393 3379 1460 transgrediturjustiores
3407 1395 3498 1447 1)τί

214 1121 438 1182 σύνης.
482 1117 541 1169 Ὀ
589 1114 1041 1184 παραλαμϐάνων
1110 1114 1247 1181 μετὰ
1310 1113 1694 1182 περιχαρείας,
1733 1112 1810 1174 ὦς

210 1226 340 1259 τινα
373 1207 540 1274 δῶρα,
585 1207 642 1256 ἐν
682 1205 759 1272 τῷ
790 1204 933 1255 κατὰ
967 1202 1207 1255 διάνοιαν
1237 1202 1452 1271 ταμείῳ
1499 1203 1596 1272 τῆς
1633 1203 1808 1272 ψυχῆς

212 1301 553 1367 ἀδιακρίτως
592 1299 692 1359 τὰς
728 1297 837 1347 τῶν
879 1298 1149 1366 δαιμόνων
1188 1297 1475 1364 ἀπατηλας
1503 1295 1806 1363 ὑποθήκας,

213 1392 318 1459 οὑχ
349 1392 596 1460 εὑρίσκει
631 1391 686 1440 ἐν
720 1393 837 1450 ταῖς
881 1389 1048 1440 αὑτοῦ
1099 1388 1328 1454 πράξεσι
1366 1389 1518 1450 τέλος
1569 1391 1634 1440 τὸ
1668 1390 1810 1454 ἁγα-

215 1485 677 1551 υόνοέπειδήπερ
743 1481 1115 1549 ἀπολιμπάνει
1175 1481 1272 1542 τὰς
1317 1481 1662 1548 δικαιοτέρας
1714 1480 1808 1532 τοῦ

211 1578 355 1628 Θεοῦ
403 1576 658 1637 ἐντολὰς,
687 1574 744 1627 αῖ
798 1574 936 1643 πρὸς
983 1573 1148 1626 αὑτὸν
1196 1575 1419 1639 ἄγουσιν
1463 1573 1538 1634 ὡς
1582 1573 1809 1642 ἔσχατον

211 1669 469 1731 ὀρεκτόν.

289 1782 390 1836 κδ’.
441 1783 776 1848 Πρόσωπον
821 1781 1105 1842 συνετὸν,
1161 1780 1393 1846 ἀνδρὸς·
1444 1781 1661 1848 σοφοῦ.
1701 1781 1810 1833 Τοῦ

1914 1482 2060 1550 leges
2113 1497 2233 1550 qua:
2271 1483 2334 1534 ad
2385 1482 2538 1535 illum
2577 1490 2841 1550 tauquam
2877 1482 2945 1537 ad
2978 1483 3346 1536 desideratura
3391 1494 3500 1538 ter.

1913 1575 2123 1625 minuin
2153 1573 2384 1625 ducunt.

1986 1773 2154 1828 Vens.
2204 1775 2297 1830 24.
2359 1775 2607 1830 Hominis
2651 1779 2909 1841 sapientis
2951 1779 3124 1846 [aries
3176 1783 3493 1851 intelligens.

213 1874 436 1943 ἔχοντος
460 1874 552 1924 τὸν
576 1871 670 1924 τοῦ
702 1871 839 1923 Θεοῦ
868 1872 1063 1938 Λόγον.
1093 1869 1193 1940 τὴν
1225 1871 1557 1936 αὑτοσοφίαν
1573 1870 1804 1937 ἕνοικον,

1923 1866 2064 1924 Illius
2085 1868 2176 1936 qui
2202 1867 2296 1922 Dei
2325 1868 2589 1930 Verbum,
2622 1871 2948 1940 sapientiam
2987 1873 3182 1940 ipsam,
3220 1875 3270 1927 iu
3301 1887 3500 1930 semet-

213 1965 654 2035 συνεσταλμένος
680 1964 708 2014 ὁ
740 1964 853 2033 βίος
874 1980 888 1994 ·
925 1963 981 2025 ὃς
1017 1963 1117 2034 τὴν
1145 1964 1326 2032 ἀφανῆ
1351 1963 1451 2030 τῆς
1481 1963 1661 2032 ψυχῆς
1707 1980 1807 2032 κα-

217 2059 547 2133 ρακτηρίςει
583 2057 864 2110 διάθεσιν·
908 2055 1197 2125 ἐγκρατῶς
1254 2055 1354 2124 μέν
1406 2057 1520 2117 τοῖς
1570 2053 1808 2122 παροῦσι

211 2147 535 2217 χρωμένου,
571 2145 680 2196 τῶν
703 2143 761 2196 δὲ
793 2141 1102 2212 μελλόντων
1144 2143 1342 2207 ὁλικῶς
1375 2145 1560 2214 τυχεῖν
1608 2146 1808 2212 ἀγωνι-

212 2238 474 2308 ζομένου.

282 2359 349 2408 Ol
385 2353 453 2406 δὲ
483 2351 782 2421 ὀφθαλμοὶ
807 2351 915 2404 τοῦ
949 2349 1235 2420 ἄφρονος,
1263 2351 1356 2404 ἐπ’
1386 2351 1540 2419 ἄκρα
1571 2351 1704 2421 γῆς.
1741 2353 1806 2406 Αἱ

207 2449 259 2502 δ’
288 2446 441 2514 ὄψεις
474 2446 568 2498 τοῦ
611 2446 686 2514 μὴ
731 2443 864 2496 Θεὸν
907 2444 1300 2514 περιφέροντος
1359 2446 1416 2496 ἐν
1468 2446 1686 2515 καρδία,
1741 2445 1809 2498 τὰ

208 2541 439 2612 πέρατα
487 2535 844 2590 διασκοποῦσι
913 2537 1016 2606 τῆς
1069 2537 1204 2605 γῆς,
1237 2539 1283 2588 εί
1331 2537 1554 2589 δυνατὸν
1608 2537 1811 2606 ταύτην

210 2632 562 2703 περιλαϐεῖν,
594 2633 686 2684 καὶ
720 2631 901 2699 πάσης
931 2632 1195 2684 δεσπόσαι
1234 2632 1427 2700 αὑτῆς.

289 2754 393 2801 κε’.
437 2745 616 2814 Ὀργὴ
652 2746 852 2812 πατρί.
900 2744 1028 2809 υἱὸς
1069 2743 1294 2812 ἄφρων.
1345 2743 1420 2795 Τὸ
1460 2743 1580 2796 κατ’
1614 2742 1810 2796 ἐπιθυ-

214 2842 354 2912 μίαν
390 2841 760 2910 ὑφιστάμενον
799 2839 1072 2907 διανόημα
1098 2840 1162 2890 ἐκ
1191 2837 1510 2908 παραλόγου
1561 2837 1654 2889 τοῦ
1688 2837 1811 2900 νοὸς

215 2935 362 3004 μετὰ
401 2934 499 3000 τῆς
525 2930 832 2998 αἰσθήσεως
864 2928 1208 2998 συμπλοκῆς,
1243 2927 1392 2997 αὑτῷ
1449 2927 1548 2996 μὲν
1589 2927 1668 2997 τῷ
1710 2926 1811 2992 νοῒ,

211 3026 294 3087 «τις
344 3024 559 3093 πατρὶ.
630 3022 923 3092 παραίτιον
982 3020 1196 3087 γίνεται
1241 3020 1392 3081 θείας
1445 3019 1649 3088 ὀργῆς·
1693 3021 1815 3089 ἥτις

212 3115 489 3186 ἀνακωχὴ
521 3115 621 3184 τῆς
653 3112 920 3182 χορηγίας
953 3112 1070 3164 τῶν
1116 3112 1506 3181 πνευματικῶν
1546 3111 1817 3181 χαρισμάο

215 3226 334 3276 των
362 3207 536 3260 ἐστίν.

297 3318 408 3373 Καὶ
443 3318 632 3384 ὀδύνη
654 3315 727 3384 τῇ
741 3317 1006 3384 τεκούσῃ
1035 3317 1243 3370 αὐτόν.
1274 3317 1352 3386 Τῇ
1379 3315 1435 3368 δὲ
1465 3314 1814 3386 ἀποτεκοὺσῃ

217 3411 388 3465 τοῦτο
419 3410 694 3480 αἰσθήσει,
723 3404 812 3462 οἷα
841 3411 1032 3478 μητρὶ,
1056 3407 1248 3478 ὀδύνην
1274 3411 1644 3476 περιποιεῖται
1674 3422 1686 3434 ·
1715 3408 1814 3460 πό-

217 3521 340 3567 νοις
374 3503 654 3565 ἁκουσίοις
685 3502 1075 3570 δαμαζομένης
1100 3499 1204 3569 τῆς
1235 3499 1459 3569 σαρκὸς,
1493 3501 1634 3552 κατὰ
1666 3499 1817 3552 Θείαν

221 3595 583 3666 συγχώρησιν
615 3595 691 3656 ὡς
735 3594 802 3646 ἂν
842 3593 1140 3660 ἐπιγνῶσιν
1194 3593 1382 3662 ἄμφω,
1416 3595 1444 3646 ὅ
1476 3611 1536 3646 τε
1563 3594 1686 3658 νοῦς
1724 3595 1820 3647 καὶ⁵

220 3692 256 3759 ὴ
294 3689 570 3755 αἴσθησις,
606 3687 678 3756 μὴ
701 3688 1035 3757 παρανόμως
1085 3685 1340 3756 ἀλλήλοις
1381 3686 1816 3756 συμπλέκεσθαι,

219 3785 322 3838 καὶ
353 3786 475 3835 ἀντὶ
512 3783 716 3854 ἀρετῆς
749 3782 951 3834 κακίαν
980 3782 1309 3851 ἁπογεννᾷν.

296 3895 413 3957 ις’.
447 3892 715 3962 Ζημιοῦν
746 3891 939 3960 ἄνδρα
963 3891 1217 3958 δίκαιον,
1253 3893 1325 3947 οὐ
1356 3894 1568 3946 καλόν.
1593 3892 1666 3946 Τὸ
1682 3893 1820 3947 ἀπο-

221 3989 445 4056 στερεῖν
484 3985 691 4055 ἀρετῆς
719 3985 812 4036 τὸν
859 3982 1066 4052 ταύτης
1113 3984 1569 4054 ἐπιμελούμενον,
1612 3985 1707 4038 καὶ
1742 3987 1818 4049 είς

216 4085 292 4136 τὰ
320 4082 444 4134 κατ’
487 4078 727 4146 ἔλλειψιν
758 4077 930 4144 αὑτῆς
979 4077 1338 4146 περιτρέπειν
1373 4077 1545 4148 πάθη,
1576 4078 1678 4130 οὑκ
1704 4077 1820 4131 εστι

220 4175 416 4238 καλὸν,
456 4173 562 4224 κᾶν
588 4172 676 4224 διὰ
711 4172 772 4222 τὸ
802 4170 945 4222 λεῖον
976 4169 1078 4238 τῆς
1109 4169 1303 4239 ἡδονῆς
1346 4169 1490 4222 οὕτω
1521 4170 1676 4240 δοκῇ.

297 4305 459 4361 Οὐδὲ
494 4303 670 4358 ὅσιον
698 4303 1121 4357 ἐπιϐουλεύειν
1172 4299 1506 4367 δυνάσταις
1545 4301 1818 4368 δικαίοις.

222 4401 332 4454 Οὑδ
365 4401 516 4452 ὅσιον
548 4397 805 4467 ὑπάρχει,
859 4396 920 4448 τὸ
955 4395 1078 4448 καθ’
1115 4395 1422 4466 ὑπερϐολὴν
1474 4398 1572 4466 τῆς
1621 4397 1822 4467 ἀρετῆς

222 4493 402 4554 πάθος
423 4491 769 4542 ἐπιτίθεσθαι
797 4483 913 4550 τοῖς
949 4488 1050 4558 τὴν
1107 4487 1411 4556 ἐπιθυμίαν
1445 4489 1554 4540 τῶν
1587 4491 1707 4542 κατ’
1738 4489 1823 4542 αἴ-

1911 1960 2032 2027 ipso
2080 1959 2265 2024 habet,
2319 1961 2665 2029 compositus
2709 1971 2795 2017 est
2848 1963 3067 2018 vivendi
3113 1966 3344 2028 modus,
3403 1969 3499 2036 qui

1913 2054 2248 2108 invisibilem
2303 2054 2500 2107 animae
2546 2063 2750 2108 statum
2812 2059 3179 2112 manifestat:
3216 2063 3498 2116 moderate

1912 2145 2131 2215 quidem
2186 2145 2359 2198 utitur
2418 2147 2784 2214 prmsentibus
2813 2187 2830 2212 ,
2877 2149 2972 2203 sed
3017 2151 3268 2206 obtinere
3318 2152 3502 2206 futura

1911 2238 2141 2292 omnino
2172 2237 2480 2292 contendit.

1983 2349 2140 2404 Oculi
2171 2359 2351 2403 autem
2381 2350 2531 2404 stulti
2552 2351 2619 2402 ad
2655 2361 2893 2404 extrema
2927 2362 3100 2407 terrm.
3132 2351 3287 2406 Oculi
3316 2362 3499 2408 autem

1913 2442 2035 2511 ejus
2066 2443 2160 2512 qui
2205 2439 2372 2496 Deum
2400 2444 2453 2496 in
2492 2451 2716 2511 pectore
2754 2459 2862 2496 non
2907 2454 3107 2512 gestat,-
3147 2444 3282 2499 lines
3317 2456 3499 2507 terrm,

1915 2550 1982 2587 an
2011 2535 2272 2604 possibile
2306 2535 2378 2589 sit
2408 2550 2528 2588 eam
2589 2537 3058 2605 comprehendere
3088 2539 3246 2607 eique
3274 2540 3376 2593 toti
3407 2540 3506 2594 do-

1915 2629 2136 2694 minari,
2183 2631 2661 2699 perspecutantur.

2005 2742 2168 2798 Vsus.
2192 2744 2284 2797 25.
2319 2743 2412 2796 Ira
2430 2744 2571 2810 patri
2615 2745 2760 2810 ﬁlius
2787 2745 3007 2799 stultus.
3054 2743 3303 2798 Errautis
3335 2747 3503 2798 animi

1917 2837 2202 2905 cOgitatio,
2223 2836 2513 2892 desideriis
2540 2839 2862 2906 subiacens,
2896 2838 3251 2890 concurrcnli
3276 2854 3505 2889 so-nsua-

1917 2927 2093 2990 litate,
2125 2927 2228 2998 ipsi
2258 2929 2479 2997 quidem
2512 2929 2720 2992 animo,
2757 2937 3019 2997 tanquam
3067 2928 3232 2996 patri,
3263 2927 3504 2980 divinam

1921 3019 2157 3088 inspirat
2192 3019 2352 3085 iram,
2387 3036 2514 3089 quae
2564 3021 2713 3076 velut
2739 3019 2986 3073 anchora
3012 3018 3185 3087 jacta,
3219 3018 3508 3089 dirigenti-

1919 3111 2025 3167 bus
2055 3112 2288 3182 spiritus
2315 3112 2500 3180 donis,
2526 3115 2779 3184 quaedam
2813 3113 2981 3167 statio
3005 3121 3111 3166 est.

1993 3335 2060 3390 Et
2093 3337 2250 3392 dolor
2287 3339 2335 3392 ei
2356 3353 2473 3409 qua:
2501 3340 2680 3410 genuit
2719 3353 2863 3392 cuni.
2901 3336 3015 3391 lloc
3060 3347 3240 3392 autem
3276 3354 3508 3393 sensua-

1921 3428 2057 3482 lilati
2101 3429 2362 3498 parienti,
2400 3439 2459 3482 ut
2495 3431 2680 3493 matri,
2717 3443 3010 3482 maerorem
3063 3429 3347 3495 producit:
3401 3429 3510 3484 lteo

1924 3522 2275 3590 permittente
2324 3536 2544 3575 carnem
2603 3521 2791 3574 invitis
2839 3520 3122 3574 laboribus
3179 3521 3414 3588 domari,
3455 3536 3511 3576 ut

1923 3622 2229 3681 agnoscant
2257 3613 2441 3677 ambo,
2471 3614 2689 3668 animus
2704 3614 2919 3668 sciliCet
2951 3623 3005 3666 ct
3026 3616 3379 3679 sensualitas,
3405 3631 3509 3668 neu

1923 3703 2209 3772 illegitimo
2260 3705 2512 3771 amplexu
2588 3703 2940 3758 commisceri
3002 3718 3102 3756 nec
3135 3703 3253 3757 loco
3295 3709 3510 3760 virtutis

1924 3794 2252 3864 pravitatem
2287 3808 2572 3862 generare.

1999 3905 2166 3963 Vens.
2196 3909 2288 3962 26.
2319 3908 2537 3964 Lcedere
2565 3912 2778 3980 justum
2811 3928 2913 3964 non
2951 3922 3030 3964 est
3059 3912 3271 3964 bonum.
3307 3915 3349 3964 Λ
3401 3914 3512 3965 vir-

1926 4008 2043 4054 tute
2069 4001 2306 4056 avellere
2333 4002 2425 4071 qui
2455 4004 2646 4058 virtuti
2679 4004 2884 4068 studet,
2925 4021 3169 4074 eumque
3194 4005 3259 4057 ad
3296 4009 3509 4074 passio-

1927 4105 2024 4146 nes
2053 4092 2144 4145 ubi
2174 4092 2350 4148 virtus
2385 4086 2569 4148 deficit
2601 4094 2875 4148 deducere
2922 4109 3032 4147 non
3074 4104 3158 4149 cst
3191 4097 3416 4161 bonum,
3449 4099 3514 4151 li-

1924 4191 2012 4239 cet
2040 4184 2112 4240 οι)
2141 4184 2496 4241 dulcedinem
2525 4187 2826 4257 voluptatis
2853 4188 2931 4242 sic
2956 4190 3228 4242 videatur.

1999 4322 2113 4378 Nec
2149 4334 2351 4380 rectum
2386 4327 2556 4395 justis
2588 4328 2918 4396 principibus
2964 4329 3239 4384 insidiari.
3271 4329 3389 4383 Non
3430 4341 3516 4386 est

1926 4432 2140 4487 a'quum
2177 4435 2345 4474 onera
2379 4402 2602 4474 virtuiis
2628 4437 2794 4489 supra
2824 4421 3045 4475 modum
3073 4424 3182 4477 illis
3209 4425 3514 4492 imponere,

1928 4510 2026 4578 qui
2077 4513 2418 4566 sensualium
2451 4514 2800 4582 voluptatum
2838 4514 3114 4568 desideria
3164 4516 3415 4570 vicerunt
3464 4527 3519 4571 et

223 4583 423 4655 σθησιν
460 4581 638 4646 ἡδέων
692 4581 971 4649 νικήσασι,
1033 4580 1126 4632 καὶ
1183 4579 1666 4635 καθυποτάσσουσι
1722 4580 1816 4652 τὴν

1928 4617 2151 4657 carnem
2186 4619 2343 4658 suam
2378 4579 2690 4673 spirituiad
2727 4606 2986 4660 mandata
3020 4606 3112 4661 Dei
3167 4609 3516 4677 adimplenda

222 4677 411 4747 σάρκα
456 4673 537 4742 τῷ
571 4671 846 4739 πνεύματι
877 4670 945 4722 δι’
982 4672 1250 4741 ἐργασίας
1279 4672 1388 4724 τῶν
1415 4673 1508 4725 τοῦ
1549 4673 1684 4726 Θεοῦ
1732 4675 1822 4726 ἐν-

219 4767 400 4820 τολῶν
426 4782 440 4796 ο
480 4764 717 4835 λαθραία
766 4765 876 4833 γάρ
928 4765 1077 4816 ἐστιν
1129 4763 1342 4834 ἐχθρῶν
1381 4765 1490 4818 ἀπὸ
1529 4765 1710 4829 δεξιᾶς
1762 4766 1823 4819 τὸ

218 4859 470 4914 τοιοῦτον
511 4856 780 4918 ἐπίθεσις.
826 4856 988 4908 Ἀλλὰ
1033 4856 1199 4909 καλὸν
1236 4857 1334 4926 μὲν
1385 4856 1604 4920 πάντως
1649 4857 1821 4923 ἐστὶν,

219 4950 312 5008 οἷα
338 4955 571 5014 δίκαιον.
601 4952 663 5006 τὸ
698 4952 839 5006 κατὰ
869 4951 963 5005 τὸν
993 4951 1223 5019 φυσικὸν
1253 4952 1416 5021 νόμον
1446 4953 1541 5023 καί
1567 4954 1658 5004 τόν
1688 4969 1824 5021 γρα-

221 5051 378 5113 πτὸν,
423 5051 602 5102 ποιεῖν
630 5066 753 5101 τινα
783 5050 864 5110 είς
897 5048 1144 5118 ἐτέρους,
1177 5046 1206 5099 ὃ
1237 5048 1331 5100 καὶ
1359 5049 1439 5110 είς
1471 5049 1664 5100 ἑαυτὸν
1688 5048 1818 5117 παρ’

219 5143 455 5196 ἐκείνων
484 5142 734 5210 γίνεσθαι
762 5141 930 5207 θέλει,
972 5143 1068 5195 καὶ
1099 5142 1323 5212 ἀγαπᾷν
1365 5141 1458 5193 τὸν
1489 5141 1718 5212 πλησίον
1743 5142 1818 5205 ὡς

217 5238 416 5291 ἑαυτόν
442 5253 457 5267 ο
485 5238 634 5290 ὅσιον
659 5236 716 5288 δὲ
756 5236 818 5287 τὸ
853 5237 998 5288 κατὰ
1028 5234 1120 5288 τὸν
1147 5234 1525 5305 πνευματικὸν
1559 5234 1716 5298 αὖθις
1735 5235 1823 5287 νό-

220 5347 344 5401 μον,
375 5329 606 5400 ἀγαπᾷν
635 5329 762 5391 τοὺς
811 5327 1067 5398 ἐχθροὺς,
1110 5329 1206 5381 καὶ
1245 5327 1428 5391 καλῶς
1473 5330 1648 5380 ποιεῖν
1708 5330 1822 5391 τοῖς

219 5423 482 5494 μισοῦσιν
501 5421 668 5476 αὑτόν
688 5437 702 5453 ο
742 5422 837 5474 καὶ
864 5419 1037 5483 οὓτως
1059 5420 1341 5489 διαμένειν
1375 5420 1667 5488 ἄτρεπτον.
1695 5421 1823 5472 Πει-

219 5516 448 5588 σθῶμεν
482 5515 666 5568 τοίνυν
701 5512 824 5585 Θεῷ
867 5512 945 5586 τῷ
984 5512 1161 5567 ταῦτα
1196 5514 1644 5585 νομοθετήσαντι,
1676 5513 1824 5576 ὅπως

216 5608 558 5683 κληρονόμοι
588 5607 690 5678 τῆς
723 5605 891 5660 αὑτοῦ
940 5603 1224 5674 βασιλείας
1265 5603 1586 5675 γενώμεθαο
1618 5605 1714 5658 καὶ
1748 5603 1824 5675 μὴ

216 5707 633 5779 ὑπακούσωμεν
655 5706 734 5777 τῷ
769 5704 1030 5776 διαϐόλῳ,
1065 5707 1360 5776 ἐκτρέπειν
1402 5706 1548 5776 ἡμᾶς
1579 5707 1825 5773 ἐπειχει-

220 5802 408 5877 ροῦντι
439 5805 541 5872 τῆς
566 5801 772 5873 ἀρετῆς
804 5803 883 5865 εἰς
925 5802 994 5855 τὰ
1041 5803 1162 5855 κατ’
1192 5799 1435 5867 ἔλλειψιν
1479 5797 1686 5883 ταύτης
1730 5797 1824 5849 καὶ

215 5894 537 5967 ὑπερϐολὴν
583 5893 730 5965 πάθη
764 5912 776 5924 ·
852 5896 938 5948 ἵνα
989 5913 1064 5966 μη
1110 5893 1604 5966 παραπεμφθιῖνμεν

1928 4697 2308 4750 ευὺηιίεετιιιιι
2341 4714 2354 4750 :
2395 4697 2500 4751 hoc
2535 4698 2682 4751 enim
2742 4700 3097 4753 inimicorum
3131 4717 3159 4754 a
3196 4703 3404 4756 dextris
3443 4705 3518 4756 Ia-

1928 4797 2050 4842 tens
2078 4796 2163 4842 est
2195 4787 2378 4844 dolus.
2403 4787 2540 4842 Illud
2585 4797 2766 4843 autem
2796 4800 2880 4843 est
2905 4791 3125 4860 quidem
3158 4795 3384 4845 oumino
3415 4795 3514 4846 lm-

1930 4895 2080 4943 num,
2108 4880 2254 4934 sicut
2283 4881 2516 4949 justum,
2561 4881 2706 4950 quod
2733 4883 2858 4951 quis
2885 4882 3044 4952 juxta
3083 4885 3255 4953 legem
3285 4895 3516 4937 natura-

1930 4971 2035 5026 lem
2075 4980 2130 5027 et
2163 4973 2335 5043 legem
2373 4973 2638 5042 scriptam
2674 4974 2726 5027 in
2762 4975 2902 5030 alios
2935 4984 3058 5044 agat
3095 4975 3240 5044 quod
3283 4979 3350 5030 ab
3397 4981 3521 5030 aliis

1933 5065 2038 5120 sibi
2076 5065 2192 5121 fieri
2225 5067 2398 5135 cupit,
2423 5078 2476 5121 et
2506 5067 2822 5136 proximum
2852 5071 3000 5123 sicut
3042 5070 3283 5138 seipsum
3304 5071 3519 5138 diligat;

1931 5167 2184 5212 sanctum
2210 5169 2417 5221 autem,
2439 5161 2584 5228 quod
2605 5161 2754 5229 quis,
2773 5160 2924 5229 juxta
2957 5162 3302 5230 spiritualem
3325 5163 3521 5230 legem,

1931 5251 2190 5305 inimicos
2221 5252 2417 5321 diligat
2441 5263 2492 5305 et
2525 5252 2845 5307 odientibus
2872 5269 2931 5307 se
2959 5252 3302 5317 benefaciat;
3341 5262 3396 5305 ut
3444 5255 3523 5306 sic

1931 5349 2258 5406 constanter
2315 5353 2656 5410 permaneat.
2696 5343 2993 5398 Pareamus
3043 5345 3213 5414 igitur
3269 5344 3378 5397 Deo
3419 5345 3521 5395 ista

1933 5431 2316 5501 praecipienti,
2367 5443 2426 5487 ut
2487 5434 2732 5488 barredes
2781 5435 2902 5504 ejus
2959 5437 3110 5505 regni
3159 5436 3334 5490 simus
3371 5452 3383 5487 :
3415 5450 3523 5487 non

1935 5531 2118 5577 autem
2161 5527 2508 5590 praebeamus
2543 5542 2730 5580 aurem
2750 5528 2970 5581 diabolo
3009 5529 3103 5597 qui
3136 5544 3238 5581 nos
3266 5545 3292 5579 a
3319 5529 3526 5580 virtute

1936 5611 1992 5667 in
2036 5614 2340 5683 passiones.
2367 5616 2457 5670 ubi
2495 5627 2629 5672 sunt
2662 5617 2888 5672 virtutis
2915 5617 3170 5673 defectus
3204 5620 3286 5670 vel
3328 5634 3525 5670 exces-

1937 5719 2055 5770 sus,
2090 5716 2343 5762 avertere
2379 5717 2640 5770 conatur.
2682 5724 2748 5762 ue
2789 5711 2842 5764 in
2875 5710 3057 5780 ignem
3094 5709 3198 5779 ipsi
3231 5718 3285 5762 ct
3317 5708 3526 5775 angelis

1935 5798 2054 5864 t‘jtts
2084 5809 2337 5866 paratum
2375 5801 2753 5857 demittamur.

1658 5895 1737 5953 εἰς
1780 5890 1890 5960 πῦρ
1942 5892 2001 5943 τὸ
2050 5894 2460 5966 ἡτοιμασμένον
2502 5896 2650 5966 αὑτῷ
2695 5897 2787 5951 καὶ
2851 5901 2961 5961 τοῖς
3017 5897 3263 5966 ἀγγέλοις
3340 5891 3506 5950 αὑτοῦ
3585 5916 3592 5922 ·
