4220 6462
280 414 416 479 2405

1337 410 1866 474 COMMEN-TARH
1899 410 1981 469 IN
2017 408 2469 469 PROVERBIA.

3386 408 3519 471 1MB

348 522 619 590 Ποταμὸς
648 522 714 574 δὲ
734 520 1059 586 ἀναπηδῶν
1078 518 1173 572 καί
1200 520 1361 587 πηγὴ
1393 518 1558 587 (tunc.
1596 519 1692 573 Ἐκ
1727 520 1845 572 στό-
1876 523 1919 577 Α

1876 523 1919 577 Α
2022 515 2243 571 Flumen
2279 526 2453 568 autem
2486 517 2778 569 scaturieus
2802 518 2985 583 etfuns
3014 520 3151 570 vitm.
3182 516 3257 570 Ex
3295 530 3388 569 ore
3421 537 3517 569 utt-

280 630 448 681 ματος
486 614 543 665 δὲ
566 611 660 664 τοῦ
694 612 981 679 είρημένου
1017 609 1231 679 ἀνδρὸς,
1265 604 1419 672 οὗτος
1446 612 1474 660 ὁ
1504 609 1660 675 λόγος
1688 609 1844 678 δίκην

276 700 521 771 ποταμοῦ
576 698 1054 770 πλημμυροῦντος,
1108 699 1204 750 καὶ
1273 698 1382 751 τῶν
1444 698 1638 750 ἑαυτοῦ
1683 697 1847 767 ὁρίων

276 793 769 859 ὐπερεκχεομένου,
805 793 898 841 καὶ
925 790 1025 858 τὴν
1051 787 1578 859 συμπαρακειμένην
1609 787 1712 856 γῆν
1747 787 1848 855 ἆρ-

272 882 454 943 δοντος
484 881 578 934 καὶ
622 880 967 950 καρποςᾶρον
1013 879 1423 941 ἀποτελοῦντος,
1445 877 1845 938 διδασκαλικῶς

277 973 700 1044 προερχόμενος,
753 972 989 1039 πηγάζει
1035 967 1095 1024 εῦ
1145 967 1285 1024 εἶναι
1337 971 1571 1038 ζωτικὴν
1596 970 1847 1036 δύναμιν.

349 1070 410 1116 ε’.
451 1062 761 1131 Θαυμάσαι
815 1063 1140 1128 πρόσωπον
1190 1062 1469 1125 ἀσεϐοῦς,
1518 1063 1589 1114 οὐ
1638 1064 1846 1114 καλόν.

281 1155 446 1223 Ὂψιν
472 1155 891 1221 καταπλαγῆναι
919 1153 1198 1215 δυνάστου,
1229 1153 1362 1205 Θεὸν
1388 1152 1463 1221 μὴ
1493 1151 1760 1221 τιμῶντος
1782 1150 1847 1203 δι’

275 1244 670 1313 ἀγαθοεργίας,
697 1246 797 1297 οὐκ
825 1245 972 1296 εστιν
1000 1244 1312 1297 ἐπαινετόν.

354 1336 507 1390 Οὐδὲ
536 1337 710 1390 ὅσιον·
736 1337 1039 1390 ἐκκλίνειν
1058 1336 1124 1388 τὸ
1153 1336 1388 1388 δίκαιον
1410 1334 1480 1387 ἐν
1505 1335 1719 1401 κρίσει.
1748 1335 1852 1386 Οὑ-

276 1428 333 1480 δὲ
360 1428 505 1480 ὅσιον
535 1427 621 1479 διὰ
653 1427 744 1479 τὸν
773 1426 832 1491 ἐξ
874 1426 1039 1478 αὑτοῦ
1100 1425 1287 1492 φόϐον,
1328 1428 1386 1477 ἐν
1432 1425 1612 1494 κρίσει
1655 1424 1848 1492 ἐκτρέ-

276 1518 477 1570 πεσθαι
519 1516 615 1569 τοῦ
646 1516 881 1580 δικαίου,
911 1516 1013 1567 κᾶν
1044 1514 1141 1567 τοῦ
1179 1514 1320 1567 κατὰ
1362 1515 1452 1566 τὸν
1491 1514 1717 1583 φυσικὸν
1762 1514 1852 1566 νό-

280 1625 385 1675 μον
408 1608 642 1670 δικαίου,
674 1609 708 1675 ή
732 1607 876 1660 κατὰ.
913 1608 1003 1658 τὸν
1034 1606 1403 1673 πνευματικὸν
1438 1607 1600 1674 νόμον
1636 1606 1851 1673 ὁσιότης

276 1698 601 1768 ὑπέρκειται
629 1695 844 1765 φύσεως
885 1695 1018 1766 πρὸς
1048 1697 1118 1747 τὰ
1151 1695 1290 1763 ὑπὲρ
1330 1694 1491 1763 φύσιν
1533 1693 1851 1760 ἐξιστῶντος

274 1786 374 1839 τοῦ
406 1788 737 1856 πνεύματος.
1426 1785 1442 1798 ⁸

1955 615 2061 661 tem
2088 607 2297 676 przefati
2314 608 2412 660 viri
2442 608 2528 659 ltic
2541 623 2720 661 sermo
2736 608 2799 660 ad
2818 608 3125 660 doctrinam.
3142 610 3490 677 progrediens
3505 651 3517 671 ,

1953 695 2221 750 Scatttrire
2245 695 2375 749 facit
2407 696 2674 748 vivificatn
2700 698 2809 748 vim
2845 695 3144 760 felicitatis,
3166 699 3521 766 quemadmo-

1952 787 2080 841 dum
2110 785 2306 840 flumen
2336 787 2479 855 quod
2502 795 2783 850 exaestuat,
2805 796 2957 840 extra
2980 788 3190 841 alveum
3224 788 3521 841 elinnditur

1952 887 2270 949 terramque
2305 879 2646 949 adjacentem
2702 879 2939 948 irrigans
2969 878 3199 932 fertilem
3230 880 3411 934 ellicit.

2024 1060 2190 1117 Vens.
2227 1061 2280 1115 5.
2318 1046 2513 1114 Mirari
2541 1077 2815 1129 personam
2844 1064 2993 1129 impii
3023 1102 3037 1125 ,
3070 1079 3170 1114 non
3200 1072 3274 1113 est
3306 1065 3517 1115 bonum.

1954 1150 2029 1205 De
2060 1152 2210 1205 vultu
2241 1152 2508 1219 potentis,
2545 1151 2706 1205 bonis
2758 1154 3017 1219 OpPl‘iltlls
3060 1168 3164 1204 non
3206 1153 3521 1206 honoraritis

1954 1242 2122 1295 Deum
2158 1241 2550 1307 obstupescere
2593 1256 2698 1293 non
2729 1250 2814 1294 est
2846 1241 3140 1294 laudabile.

2024 1332 2206 1401 Neque
2231 1340 2469 1385 sanctum
2490 1330 2753 1385 declinare
2774 1334 2980 1399 justum
3011 1335 3060 1384 in
3082 1332 3308 1400 judicio.
3338 1333 3522 1401 Neque

1954 1435 2203 1477 sanctum
2245 1425 2316 1477 ob
2359 1424 2598 1491 potentis
2628 1433 2831 1475 metum
2860 1462 2875 1485 ,
2908 1424 2958 1473 in
3008 1424 3217 1491 judicio
3246 1424 3523 1478 declinare

1954 1531 1982 1568 a
2004 1516 2172 1584 justo,
2209 1515 2425 1568 etiamsi
2474 1514 2541 1567 de
2565 1513 2719 1581 justo
2778 1512 3075 1566 secundum
3107 1515 3272 1581 legent
3305 1524 3523 1567 natura-

1956 1606 2058 1659 letn
2092 1614 2307 1675 agatur.
2351 1603 2625 1657 Sanctitas
2661 1604 2806 1656 enim
2846 1606 3149 1656 secundum
3188 1605 3356 1673 legem
3414 1606 3525 1673 spi-

1955 1696 2205 1748 ritualem
2247 1702 2468 1763 prmstat
2494 1702 2766 1756 naturam,
2797 1693 2995 1761 spiritu
3042 1708 3160 1747 eam
3197 1696 3262 1747 ad
3303 1711 3364 1749 ea
3405 1712 3527 1765 qua:

1956 1801 2123 1854 Supra
2158 1794 2411 1839 naturam
2450 1792 2579 1838 sunt
2630 1783 3017 1836 transferente.

352 1883 427 1941 ς’.
457 1876 641 1942 Χείλη
677 1874 959 1944 ἄφρονος,
1014 1875 1271 1944 ἄγουσιν
1317 1871 1504 1926 αὑτὸν
1543 1874 1630 1934 εὶς
1675 1869 1845 1924 κακά.
1886 1859 1928 1913 Β

1886 1859 1928 1913 Β
2029 1874 2192 1929 γιῖιις.
2228 1875 2281 1929 6.
2340 1873 2512 1927 Labia
2568 1874 2722 1927 stulti
2787 1872 2987 1925 ducunt
3054 1889 3173 1927 eum
3238 1873 3293 1925 in
3352 1873 3519 1927 mala.

284 1969 353 2020 ’Ῑί
380 1965 647 2035 ἐπιθυμία
687 1967 780 2018 καὶ
812 1968 841 2019 ὁ
867 1966 1036 2034 θυμὸς
1088 1962 1181 2016 τοῦ
1220 1964 1293 2033 μὴ
1330 1962 1472 2033 λόγῳ
1521 1961 1695 2015 ταῦτα
1748 1963 1849 2013 ἐπα

274 2060 518 2129 έχοντος,
550 2058 664 2111 ἀλλ’
694 2058 963 2126 ἀγομένου
988 2055 1077 2109 ὑπ’
1108 2054 1286 2109 αὐτῶν
1317 2054 1638 2120 ἀλογίστως,
1671 2053 1763 2105 καὶ
1785 2052 1852 2104 δι’

270 2150 460 2205 αὐτῶν
483 2150 559 2212 ῶς
586 2148 673 2201 διὰ
702 2148 927 2218 χειλέων
960 2143 1020 2200 ea
1069 2146 1386 2215 παρατυχὺν
1432 2144 1576 2197 ἆπαν
1606 2144 1852 2207 ἀσπαζο-

272 2243 467 2314 μένου,
504 2242 584 2305 εἱς
612 2242 793 2294 πᾶσαν
828 2240 1084 2310 φέρουσιν
1123 2238 1285 2292 αὐτὸν
1314 2237 1611 2308 ἁμαρτίαν.

349 2418 422 2473 Τό
448 2416 517 2471 δὲ
541 2418 734 2485 στόμα
763 2416 951 2470 αὑτοῦ
982 2415 1044 2468 τὸ
1079 2413 1270 2484 θρασὺ
1292 2454 1305 2477 ,
1344 2414 1604 2468 θάνατον
1649 2412 1856 2465 ἐπικα-

268 2508 487 2564 λεῖται.
525 2508 591 2560 ’Π
636 2508 693 2560 δὲ
735 2506 927 2559 τούτου
963 2506 1256 2572 φαντασία,
1303 2505 1336 2573 ἡ
1385 2503 1539 2571 δίκην
1590 2503 1855 2571 στόματος

270 2598 630 2671 προπετοῦς,
672 2598 771 2668 τὴν
825 2596 964 2651 κατὰ
1014 2596 1252 2650 διάνοιαν
1302 2595 1526 2666 λογικὴν
1571 2595 1728 2660 δόξαν
1780 2595 1855 2664 μὴ

268 2693 648 2762 ἁναμένουσα,
676 2689 813 2743 ἀλλὰ
839 2688 1445 2761 προκαταλαμϐάνουσα
1474 2689 1716 2741 ἐπαινεῖν
1747 2704 1797 2739 τι
1823 2686 1855 2756 ἢ

266 2784 491 2853 ψέγειν,
522 2782 597 2845 ὡς
656 2780 884 2850 ἔτυχεν,
931 2782 1227 2833 ἐπισπᾶται
1285 2779 1384 2850 τὴν
1435 2779 1557 2831 κατ’
1581 2779 1858 2848 ἐνέργειαν

273 2874 575 2944 ἁμαρτίαν,
607 2872 641 2942 ἢ
679 2872 856 2941 ψυχῆς
896 2874 1010 2924 ἐστι
1049 2870 1297 2932 θάνατος.

350 2966 419 3030 ζ’.
462 2965 660 3032 Στόμα
675 2964 955 3032 ἄφρονος,
974 2961 1267 3030 συντριόὴ
1292 2959 1451 3025 αὐτῷ
1470 2975 1485 2991 ·
1507 2960 1578 3014 τὰ
1592 2958 1661 3013 δὲ
1683 2959 1857 3027 χείλη

271 3055 490 3119 αὐτοῦ,
510 3054 690 3124 παγίς
714 3053 787 3121 τῇ
811 3052 983 3121 ψυχῇ
1010 3052 1216 3106 αὑτοῦ.
1254 3051 1317 3103 'H
1344 3050 1451 3121 γὰρ
1476 3050 1743 3118 φαντασία
1764 3048 1859 3101 τοῦ

277 3150 358 3217 μὴ
404 3147 496 3199 τὸν
524 3145 619 3199 τοῦ
649 3144 785 3198 Θεοῦ
821 3144 984 3212 φόϐον
1018 3146 1075 3196 ἐν
1105 3141 1306 3212 καρδίᾳ
1350 3141 1627 3209 φέροντος,
1664 3139 1861 3209 συνθλᾷ

273 3203 474 3292 τοῦτον
493 3251 509 3266 ⁸
537 3238 617 3299 είς
645 3235 750 3304 γῆν
781 3203 1119 3287 κατασπῶσα
1136 3203 1208 3297 εί)
1238 3203 1401 3284 uices
1425 3203 1683 3301 ιρρόνημα
1704 3242 1716 3256 ·
1751 3231 1783 3298 ἡ
1807 3203 1862 3281 δέ
1891 3203 1933 3259 C

274 3328 548 3399 ἐπιθυμία
589 3326 780 3380 τούτου
829 3326 923 3379 καὶ
967 3327 995 3377 ὁ
1025 3324 1216 3393 θυμὸς,
1242 3324 1343 3394 τὴν
1387 3322 1553 3376 αὑτοῦ
1586 3320 1761 3391 ψυχὴν
1792 3321 1867 3384 ῶς

274 3438 392 3475 τισι
431 3418 725 3490 θηράτροις
756 3414 1052 3487 ἀπατηλῶς
1089 3418 1197 3479 τοῖς
1232 3414 1589 3485 προσκαίροις
1618 3413 1868 3465 συνδέου-

278 3530 389 3564 σιν.

353 3606 426 3671 η’.
476 3597 796 3664 ’(ικνηροὺς
828 3594 1186 3658 καταϐιῌλει
1213 3596 1427 3662 φόϐοςη
1454 3593 1646 3661 ψυχαὶ
1676 3593 1742 3645 δὲ
1764 3595 1870 3647 ἀν-

274 3693 612 3761 δρογύνων,
629 3688 1053 3742 πεινάσουσιν.
1077 3687 1211 3749 Τοὺς
1232 3683 1752 3755 καταρᾳθυμοῦντας
1774 3685 1870 3754 τῆς

273 3785 392 3837 τῶν
425 3783 585 3835 θείων
613 3780 842 3832 ἐντολῶν
866 3777 1149 3849 ἐργασίας,
1186 3779 1218 3847 ἡ
1247 3778 1450 3846 ταύτης
1476 3775 1736 3845 ἐργασίας
1760 3775 1870 3827 δει⁹

275 3874 374 3925 λία
404 3871 774 3924 καταπίπτειν
812 3869 985 3920 ποιεῖ·
1013 3868 1066 3919 αἱ
1100 3866 1156 3919 δέ
1178 3866 1349 3935 ψυχαὶ
1391 3865 1521 3929 τῶν,
1550 3866 1623 3928 ῶς
1665 3866 1871 3935 ἀνδρῶν

279 3965 386 4031 μὲν
418 3959 836 4031 θρασυνομένων
864 3959 922 4010 ἐν
948 3958 1060 4018 τοῖς
1111 3955 1404 4027 μοχθηροῖς
1431 3956 1633 4027 ἔργοις,
1658 3958 1750 4008 καὶ
1776 3955 1869 4008 τοῦ

281 4055 420 4106 ἰδίου
451 4050 699 4105 κινδύνου
732 4047 1223 4117 κατατολμώντων,
1252 4048 1329 4110 ὡς
1362 4046 1637 4116 γυναικῶν
1678 4046 1733 4100 δὲ
1762 4046 1873 4101 δει-

275 4145 620 4215 λαινομένων
652 4146 709 4196 ἐν
735 4144 847 4205 τοῖς
876 4141 1084 4204 καλοῖς,
1113 4140 1207 4192 καὶ
1242 4140 1379 4211 πρὸς
1404 4141 1502 4211 τὴν
1530 4141 1666 4192 ίδίαν
1700 4157 1874 4210 σωτη-

280 4240 410 4310 ρίαν
430 4235 841 4289 αποκνευόντων
851 4231 996 4306 [cod.
1016 4230 1466 4304 ἀποκναιόντων],
1480 4234 1547 4304 τῇ
1561 4231 1654 4286 τοῦ
1667 4232 1872 4301 ἀγαθοῦ

279 4329 465 4400 ἐνδείᾳ
490 4326 843 4399 λιμώξουσιν.

362 4421 427 4475 0'.
467 4419 531 4473 Ὀ
565 4418 653 4489 μὴ
694 4416 941 4488 ἰώμενος
962 4416 1150 4472 αὐτὸν
1184 4415 1254 4469 ἐν
1281 4415 1407 4482 τοῖς
1432 4416 1627 4487 ἔργοις
1657 4419 1864 4485 αὐτοῦ,

1958 1966 2247 2035 Appetitus
2277 1964 2729 2041 concupiscibilis
2797 1972 2852 2024 et
2898 1968 3171 2031 appetitus
3236 1964 3525 2017 irascibilis

1958 2057 2078 2124 ejus
2112 2058 2204 2125 qui
2230 2057 2440 2109 ratione
2465 2057 2587 2110 illas
2647 2072 2755 2108 non
2786 2057 3053 2113 continet.
3083 2056 3173 2108 setl
3200 2056 3268 2107 ab
3296 2057 3403 2109 illis
3434 2057 3527 2108 nb-

1960 2148 2180 2201 ducitur
2209 2156 2261 2199 et
2294 2162 2392 2216 per
2427 2146 2546 2199 illos
2584 2147 2736 2214 quasi
2794 2160 2888 2214 per
2964 2146 3102 2198 labia
3158 2146 3526 2215 quodcunque

1960 2254 2081 2296 Sors
2113 2238 2297 2292 tulerit
2328 2237 2711 2307 amplectitur,
2757 2238 2811 2293 in
2875 2252 3035 2291 omne
3086 2254 3208 2292 eum
3262 2240 3527 2293 inducunt

1962 2344 2271 2402 peccatum.

2035 2423 2102 2476 Et
2133 2439 2190 2476 os
2238 2421 2352 2489 ejus
2396 2424 2577 2473 audax
2612 2432 2829 2474 mortem
2864 2421 3126 2473 invocat.-
3160 2420 3338 2489 Ilnjus
3392 2422 3527 2475 ima-

1966 2514 2173 2583 ginatio
2205 2552 2219 2577 ,
2248 2514 2393 2567 sicut
2417 2528 2481 2566 os
2515 2527 2778 2582 praeceps,
2826 2528 2946 2580 quin
2976 2523 3138 2567 recta:
3162 2516 3360 2568 rationi
3398 2530 3529 2567 conc

1965 2606 2155 2660 formis
2197 2615 2277 2659 est
2315 2605 2626 2674 opinionem
2666 2622 2770 2660 non
2803 2605 2983 2659 ferens
3017 2644 3033 2669 ,
3074 2608 3168 2660 δοκι
3226 2610 3343 2660 siue
3377 2608 3528 2675 jmli-

1964 2701 2050 2754 cio
2085 2715 2148 2754 ac
2172 2699 2381 2753 delectu
2413 2699 2617 2767 aliquid
2647 2698 2871 2752 laudare
2923 2710 3016 2754 aut
3054 2701 3362 2769 vituperare
3394 2718 3530 2770 pra--

1972 2790 2207 2860 judicat,
2266 2788 2333 2843 ad
2392 2804 2450 2841 se
2511 2790 2640 2842 totis
2687 2789 2898 2844 viribus
2960 2790 3184 2843 attrahit
3249 2801 3527 2859 peccatum

1964 2880 2109 2950 quod
2141 2894 2290 2933 mors
2316 2886 2399 2933 est
2425 2880 2639 2933 animae.

2041 2970 2204 3025 Vens.
2246 2970 2298 3023 7.
2342 2969 2414 3024 0s
2459 2969 2805 3035 imprudentis
2867 2972 3105 3024 conlusio
3147 2971 3193 3024 ei
3227 3012 3240 3035 ,
3292 2980 3340 3024 et
3388 2972 3529 3022 labia

1967 3060 2157 3127 ipsius,
2188 3052 2408 3126 laqueus
2464 3058 2659 3111 animi:
2702 3057 2838 3126 ejus.
2880 3058 3197 3129 lmaginatio
3255 3059 3375 3129 ejus
3439 3062 3531 3129 qui

1970 3146 2064 3200 Dei
2093 3148 2341 3200 timorem
2377 3148 2429 3199 itt
2478 3145 2646 3199 corde
2680 3162 2789 3199 non
2817 3157 3025 3213 servat,
3057 3160 3531 3218 conquassateuut

1969 3239 2035 3291 ad
2078 3246 2281 3291 terram
2342 3238 2627 3291 attraltens
2655 3239 3016 3307 cogitationes
3050 3239 3190 3308 ejus.
3248 3242 3533 3309 Appetitus

1969 3330 2423 3399 concupiscibilis
2454 3341 2633 3384 autem
2668 3331 2817 3386 illius
2844 3346 2906 3385 ac
2937 3335 3212 3401 appetitus
3238 3334 3534 3388 irascibilis

1970 3423 2127 3489 quasi
2152 3420 2480 3491 quibusdam
2509 3423 2717 3492 laqueis
2747 3424 2982 3477 animam
3011 3426 3181 3493 ipsius
3208 3426 3369 3479 rebus
3398 3436 3535 3479 lem-

1971 3516 2251 3584 poralibus
2290 3516 2628 3570 devinciunt.

2046 3605 2209 3661 Vsus.
2252 3606 2304 3660 8.
2346 3606 2567 3677 Pigrum
2630 3603 2811 3673 dejieit
2857 3609 3057 3661 timor:
3120 3609 3313 3661 animo:
3365 3619 3536 3663 autem

1971 3698 2392 3767 e/femiuatorum
2422 3701 2677 3754 esuriant.
2713 3699 2836 3753 Illos
2879 3700 2970 3767 qui
3024 3700 3301 3769 negligunt
3326 3700 3537 3753 divinu-

1974 3809 2095 3846 runt
2146 3793 2530 3846 mandatorum
2572 3793 2974 3863 Operationetn,
3011 3792 3158 3846 illius
3203 3786 3539 3860 operationis

1974 3880 2240 3937 timiditas
2275 3882 2527 3936 decidere
2561 3882 2710 3936 facit.
2745 3882 2953 3933 Anima:
2984 3891 3159 3933 autem
3210 3895 3397 3933 eorum
3445 3883 3539 3949 qui

1973 3981 2033 4024 ut
2082 3972 2183 4026 viri
2216 3973 2437 4043 quidem
2484 3983 2617 4026 sunt
2670 3971 2909 4024 audaces
2960 3968 3025 4022 ad
3078 3984 3240 4038 opera
3284 3973 3421 4021 malo
3450 3982 3542 4035 ,et

1974 4064 2041 4119 ad
2070 4066 2351 4134 proprium
2403 4061 2710 4133 periculum
2763 4061 3095 4119 adeundum.
3148 4061 3305 4128 quasi
3345 4061 3541 4114 mulie-

1975 4166 2065 4206 res
2117 4159 2296 4205 autem
2348 4151 2522 4204 timitli
2559 4161 2685 4204 sunt
2735 4150 2787 4202 in
2844 4150 3003 4203 bonis
3059 4150 3317 4217 operibus
3373 4160 3427 4205 et
3472 4150 3542 4205 ad

1974 4244 2250 4315 propriam
2292 4245 2523 4301 salutem
2554 4244 2716 4316 pigri,
2760 4244 2939 4314 inopia
2971 4243 3097 4297 boui
3130 4246 3397 4298 esuricnt.

2043 4427 2211 4483 Vsus.
2260 4428 2313 4483 9.
2359 4430 2461 4495 Qui
2511 4445 2611 4481 non
2636 4431 2874 4481 medetur
2900 4428 2999 4481 sibi
3048 4428 3102 4480 in
3137 4427 3380 4495 operibus
3409 4429 3544 4490 suis,

281 4513 554 4581 ἀδελφός
599 4512 731 4565 ἐστι
778 4509 889 4564 τοῦ
933 4507 1376 4579 λυμαινομένου
1420 4508 1656 4563 ἑαυτόν.
1689 4510 1750 4563 '0
1795 4512 1871 4581 μὴ
1902 4553 1946 4608 D

1902 4553 1946 4608 Β
1976 4520 2144 4589 frater
2169 4532 2246 4576 est
2294 4522 2559 4588 perdentis
2615 4522 2867 4587 seipsum.
2932 4519 3035 4585 Qui
3092 4536 3186 4589 per
3237 4535 3401 4588 opera
3439 4521 3547 4572 vir-

283 4607 374 4659 διὰ
406 4603 517 4658 τῶν
550 4602 727 4674 ἔργων
769 4602 870 4671 τῆς
908 4601 1107 4672 ἀρετῆς
1144 4599 1503 4655 ἀπαλλάττων
1538 4600 1731 4655 ἑαυτὸν
1762 4601 1872 4655 τῶν

283 4696 409 4751 καθ’
435 4694 552 4760 ἕξιν
601 4695 700 4763 τῆς
745 4691 1275 4765 ἁμαρτίαςπαθῶν,
1305 4692 1510 4761 ἀδελφὰ
1565 4695 1753 4764 φρονεῖ
1797 4692 1877 4763 τῷ

283 4787 407 4841 κατ’
430 4787 715 4857 ἐνέργειαν
737 4783 947 4853 ταύτης
971 4783 1173 4853 μᾶλλον
1194 4784 1388 4837 ἐαυτὸν
1415 4785 1873 4841 καταϐλάπτοντι.

282 4882 347 4933 Εἰ
385 4877 464 4948 μὴ
502 4878 615 4947 γὰρ
642 4877 735 4930 καὶ
765 4878 866 4945 τὴν
900 4877 1043 4928 κατα
1088 4875 1327 4928 διάθεσιν
1369 4876 1523 4947 ῥίζαν
1552 4877 1650 4945 τῆς
1671 4877 1876 4941 -κακίας

281 4969 521 5025 σπεύσει
550 4968 824 5021 ἐκσπὰσαι
851 4984 967 5032 τις,
1001 4967 1228 5029 κλάδους
1261 4968 1479 5030 πάντως
1508 4970 1762 5038 πονηρῶν
1786 4969 1876 5021 λοο

280 5060 506 5132 γισμῶν
538 5058 922 5128 ἁναθαλλήσει,
940 5058 1141 5112 καὶτὸν
1172 5060 1367 5130 πικρὸν
1393 5055 1548 5122 αὖθις
1574 5059 1673 5129 τῆς
1698 5062 1877 5131 ἁμαρ-

277 5154 408 5213 τίας
449 5146 570 5201 κατ’
603 5147 889 5217 ἐνέργειαν
932 5146 1278 5219 προσενέγκῃ
1315 5149 1547 5218 καρπόν.

358 5248 411 5294 ι’.
453 5243 557 5294 Ἐκ
582 5239 1025 5309 μεγαλωσύνης
1051 5240 1289 5307 ἰσχύος,
1316 5239 1581 5308 φανερὸν
1600 5239 1666 5293 τὸ
1691 5240 1878 5309 ὄνομα

280 5334 533 5403 Κυρίου.
570 5333 667 5385 Ἐκ
709 5332 809 5401 τῆς
834 5333 1254 5403 κηρυττομένης
1285 5332 1391 5384 ὑπὸ
1423 5332 1604 5401 πάσης
1632 5332 1731 5402 τῆς
1761 5334 1878 5386 κτί-

283 5447 426 5493 σεως
456 5428 702 5500 μεγάλης
724 5427 1006 5497 δυνάμεως
1029 5426 1120 5480 τοῦ
1144 5426 1415 5480 Δεσπότου
1438 5426 1545 5481 τῶν
1567 5426 1703 5480 ὅλων
1719 5426 1875 5493 Θεοῦ,

281 5522 505 5593 φανερὰ
543 5522 577 5590 ἡ
614 5517 808 5572 τούτου
850 5518 1051 5586 γνῶσις
1091 5517 1455 5589 καθέστηκεν.

356 5630 532 5698 Αὐτῷ
563 5630 633 5685 δὲ
661 5630 1152 5699 προσδραμόντες
1172 5632 1409 5697 δίκαιοι,
1433 5632 1754 5700 ὑψοῦν-ται.
1798 5635 1876 5706 Τῇ

282 5726 341 5779 δὲ
378 5726 605 5794 τοιαύτῃ
639 5722 839 5791 γνώσει
872 5723 1264 5793 προσελθόντες
1289 5724 1377 5776 δια
1409 5725 1642 5788 πίστεως
1675 5730 1764 5779 καὶ
1792 5729 1877 5794 φό-

283 5820 406 5882 ϐου,
430 5819 479 5871 οἱ
513 5816 573 5870 τὸ
602 5815 773 5879 ὅντως
816 5815 1043 5882 ἀγαθὸν,
1066 5817 1156 5871 τοῦ
1180 5817 1535 5880 νουιιζοελένου
1562 5820 1878 5891 προκρίνον-

1980 4615 2113 4669 tutis
2148 4632 2254 4669 non
2284 4615 2479 4669 liberat
2513 4629 2572 4668 se
2598 4622 2866 4683 quantum
2911 4620 3091 4681 potest
3140 4627 3167 4663 a
3199 4611 3547 4681 passionibus

1978 4706 2209 4775 peccati,
2246 4705 2447 4759 similia
2482 4706 2780 4771 cogitatae
2828 4702 2919 4755 ille
2954 4701 3048 4769 qui
3104 4703 3344 4768 seipsum
3378 4701 3547 4754 lmdit.

1976 4794 2111 4851 Nam
2153 4797 2260 4850 nisi
2298 4796 2423 4865 quis
2483 4785 2582 4863 pio
2620 4793 2765 4846 virili
2820 4801 2973 4861 parte
3018 4792 3242 4844 malitia:
3310 4792 3545 4844 radicem

1976 4887 2267 4941 extrahere
2339 4883 2585 4948 studeat,
2621 4868 2887 4935 malarum
2916 4882 3314 4951 cogitationum
3368 4897 3553 4934 ramos

1976 4979 2201 5031 omnino
2247 4977 2520 5031 virescere
2559 4974 2687 5028 facit
2731 4989 3061 5042 atuarosque
3097 4973 3296 5026 ilet'ltttt
3342 4971 3550 5041 peccati

1977 5068 2187 5123 fructus
2236 5071 2365 5123 totis
2401 5068 2608 5122 viribus
2672 5063 2901 5134 profert.

2054 5249 2412 5305 Vens.l0.E.t:
2446 5250 2839 5317 magnificentia
2862 5247 3194 5317 fortitudinis
3225 5264 3413 5301 nomen
3442 5245 3550 5299 Do-

1980 5342 2109 5394 mini
2134 5341 2532 5409 manifestatur.
2558 5341 2632 5393 Ex
2672 5354 2865 5409 magna
2906 5340 3147 5408 potentia
3175 5339 3547 5402 |)ei,omniuut

1979 5432 2320 5497 Domini,ab
2380 5434 2636 5487 universa
2686 5434 2963 5486 creatione
3009 5432 3325 5501 pl‘thlicula,
3375 5433 3551 5486 mani-

1980 5526 2115 5581 festa
2142 5527 2352 5580 exstitit
2402 5526 2522 5595 ejus
2556 5527 2815 5596 Cognitio.

2054 5640 2117 5693 Ei
2146 5650 2322 5694 autent
2352 5648 2683 5693 occurrentes
2706 5639 3196 5708 justiexaltantur.
3224 5640 3324 5708 Qui
3361 5652 3543 5697 autem

1979 5731 2044 5787 ad
2079 5734 2227 5785 illam
2263 5731 2630 5800 cognitionem
2664 5740 2963 5783 accurrunt
2994 5746 3089 5799 per
3124 5726 3281 5785 iitiL‘lIl
3318 5741 3372 5786 et
3430 5749 3549 5786 nte—

1980 5836 2115 5887 tutn.
2157 5833 2209 5875 et
2247 5837 2429 5875 verum
2472 5820 2674 5874 bonum
2709 5820 2758 5875 ei
2805 5821 2945 5889 quod
2979 5822 3283 5874 instituatur
3346 5812 3547 5874 bonum
