4220 6462
766 376 893 440 Nil

2068 391 2418 453 I’ROCOPII
2454 395 2699 459 GALEI

3908 411 4045 477 14ιῖ

759 489 939 552 «linis,
992 500 1045 545 et
1094 490 1300 547 (lolium
1362 494 1600 551 timoris.
1655 498 1885 567 Accepit
1934 508 2116 555 autem
2165 518 2194 555 a
2241 502 2311 558 De

2416 544 2423 565 ι
2455 508 2513 558 τὸ
2544 508 2637 561 τοῦ
2664 510 3063 577 φόϐου.Ἔ).α6ε
3094 514 3150 567 δὲ
3186 517 3335 585 παρὰ
3371 516 3507 570 Θεοῦ
3551 518 3739 585 ὑγείαν
3770 528 3913 574 κατά
3940 523 4045 591 ψυ-

762 581 1054 634 sanitatem
1107 584 1328 648 anima),
1388 586 1741 654 puriﬁcatus,
1786 589 2127 646 illuminatus
2178 602 2342 663 atquc

763 673 1066 740 perfectus.

836 761 1001 816 Vens.
1041 765 1132 817 25.
1172 764 1277 828 Qui
1303 768 1519 833 expellit
1553 771 1825 824 mulierem
1867 775 2086 840 bonam,
2126 779 2346 844 expellit

760 852 975 907 bomim.
1020 855 1119 919 Qui
1152 866 1376 924 ρτονιοι·
1408 859 1667 914 allutum
1700 861 1764 914 ad
1801 865 2113 929 sensibilia,
2162 868 2347 936 rejieit

760 942 1214 999 intellectualium
1251 950 1573 1018 sapientiam
1610 952 1662 1004 in
1706 962 2003 1025 semetipso
2034 958 2345 1013 inhabitan-

756 1041 864 1088 tem
903 1051 1025 1105 qum
1060 1038 1249 1090 talium
1298 1056 1465 1095 causa
1518 1050 1603 1096 est
1638 1043 1930 1108 honorum,
1976 1050 2162 1103 omnia
2206 1051 2342 1105 bona

754 1143 877 1195 qua:
905 1145 971 1181 ex
1010 1130 1101 1183 illa
1127 1133 1432 1199 procedunt
1471 1136 1636 1189 simul
1669 1152 1798 1191 cum
1833 1155 1894 1193 ea
1932 1142 2141 1210 dejicit.

828 1218 934 1283 Qui
969 1232 1144 1274 autem
1167 1232 1302 1277 leuet
1331 1226 1656 1294 adulteram,
1676 1232 1872 1286 stultus
1905 1245 1955 1288 et
1986 1237 2202 1305 impius.
2236 1240 2338 1306 Qui

754 1307 1085 1374 sapientiam
1162 1310 1391 1365 dimittit
1446 1330 1786 1388 sensuraque
1843 1336 2139 1380 conservat
2192 1328 2343 1382 lalla-

754 1409 872 1447 eem
910 1435 924 1458 ,
960 1412 1061 1451 nec
1088 1397 1258 1454 Deum
1298 1403 1351 1455 in
1394 1405 1563 1460 corde
1590 1408 1826 1477 profert,
1866 1428 1968 1468 nec
1991 1414 2147 1469 illum
2175 1417 2341 1487 justi-

749 1484 842 1539 tize
870 1490 1133 1557 operibus
1159 1494 1310 1547 colit.

1352 1676 1510 1730 CAP.
1571 1678 1716 1735 XIX.

822 1757 990 1815 Vens.
1023 1762 1075 1815 3.
1118 1761 1494 1832 Imprudentia
1534 1772 1636 1824 viri
1684 1776 1859 1828 rasta't
1890 1778 2003 1832 vias
2037 1780 2172 1849 ejus.
2200 1781 2334 1851 Ejus

2454 599 2574 667 χὴν,
2622 602 2918 671 καθαρθείς
2957 621 3013 656 τε
3058 606 3149 659 καὶ
3190 610 3478 674 φωτισθεὶς
3519 611 3612 664 καὶ
3651 611 3979 677 τελειωθείς.

2522 777 2627 842 κγ’.
2662 779 2757 842 Ὃς
2811 780 3090 833 ἐκϐάλλει
3148 783 3384 849 ἀγαθὴν
3423 785 3708 852 γυναῖκα,
3756 786 4044 839 ἐκϐάλλει

2447 860 2657 926 ἀγαθά.
2691 865 2785 927 Ὃς
2813 862 2906 918 οὖν
2931 868 3231 922 ἀπελαύνει
3263 871 3323 934 ἐξ
3347 872 3533 936 αὑτοῦ,
3556 874 3647 926 διὰ
3676 875 3776 943 τὴν
3806 876 3946 943 πρὸς
3973 876 4047 927 τά

2448 951 2681 1021 αἰσθητά
2718 958 2929 1023 σχέσιν,
2959 961 3058 1027 τὴν
3091 962 3233 1013 κατὰ
3262 961 3323 1013 τὸ
3350 962 3538 1032 νοερὸν
3576 963 3727 1032 αύτῷ
3760 966 4046 1017 συνοικοῦ-

2449 1057 2567 1104 σαν,
2602 1046 2695 1095 καὶ
2745 1048 3002 1100 τοιούτων
3055 1051 3277 1117 ἀγαθῶν
3325 1054 3506 1104 αἰτίαν
3559 1055 3775 1122 σοφίαν,
3828 1072 4045 1108 συναπ-

2447 1132 2665 1186 ελαύνει
2703 1138 2841 1207 αὐτῇ
2883 1142 2977 1192 καὶ
3016 1141 3084 1194 τὰ
3121 1143 3179 1207 ἐξ
3218 1144 3389 1212 αὐτῆς
3429 1144 3628 1212 ἀγαθά.

2533 1223 2594 1275 '0
2622 1223 2690 1275 δὲ
2732 1228 3001 1293 κατέχων
3023 1231 3355 1298 μοιχαλίδα
3374 1272 3388 1294 ,
3419 1233 3627 1302 ἆφρων
3656 1235 3751 1288 καὶ
3784 1236 4040 1303 ἀσεϐής.

2456 1314 2515 1367 'U
2544 1315 2599 1367 δὲ
2629 1317 2834 1385 ταύτην
2866 1320 2967 1387 μὲν
2999 1322 3255 1375 ἀπολύων
3278 1363 3292 1386 ,
3321 1324 3420 1394 τὴν
3450 1326 3495 1378 δ’
3516 1327 3807 1396 ἀπατηλήν
3839 1327 4043 1397 αἴσθηη

2444 1423 2530 1459 σιν
2578 1412 3020 1481 παρακατέχων,
3054 1415 3117 1468 οὐ
3164 1416 3451 1486 περιφέρει
3500 1419 3559 1470 ἐν
3612 1420 3812 1491 καρδίᾳ
3856 1422 3996 1473 Θεόν
4026 1439 4040 1450 ο

2440 1496 2567 1551 οὔτε
2625 1500 2732 1570 μὴν
2784 1500 2872 1554 διὰ
2922 1505 3033 1557 τῶν
3085 1506 3187 1575 τῆς
3237 1507 3589 1580 δικαιοσύνης
3626 1510 3809 1581 ἔργων
3845 1515 4044 1564 τοῦτον

2442 1592 2598 1658 τιμᾷ.

3032 1684 3288 1741 ΚΕΦΑΛ.
3332 1688 3437 1743 ΙΘ’.

2515 1772 2582 1834 γ’.
2634 1769 2980 1842 Ἀφροσύνη
3028 1776 3252 1844 ἀνδρὸς
3282 1781 3647 1849 λυμαίνεναι
3710 1784 3817 1849 τὰς
3857 1784 4043 1848 ὁδοὺς

745 1850 838 1917 qui
882 1851 947 1902 ad
990 1853 1156 1907 Deum
1216 1873 1326 1911 non
1377 1863 1622 1930 respicit,
1675 1867 1767 1919 sed
1828 1883 2015 1923 amore
2056 1872 2315 1945 decipitnl

2433 1857 2641 1913 αὐτοῦ.
2665 1860 2771 1913 Τοῦ
2802 1865 2877 1939 μὴ
2897 1864 3035 1935 πρὸς
3064 1867 3197 1922 Θεὸν
3213 1844 3557 1941 ἀφορωντος,
3581 1874 3719 1927 ἀλλά
3746 1844 3814 1943 uti]
3850 1844 4044 1945 σχέσει

745 1946 1158 2012 temporalium,
1210 1949 1550 2016 irrationalis
1597 1965 1679 2010 est
1738 1969 1942 2015 motus.
1989 1961 2133 2016 Nihil
2177 1968 2332 2033 pruti-

741 2034 896 2086 ciunt
938 2035 1112 2104 ipsius
1138 2041 1349 2107 studia,
1384 2046 1513 2113 quia
1557 2062 1680 2100 cum
1745 2053 2203 2122 eorruptibilibus
2250 2059 2329 2112 si-

738 2130 851 2183 mul
877 2139 1187 2189 transeunt.

778 2224 1035 2277 .Accusut
1054 2237 1229 2280 autem
1258 2227 1421 2281 Deum
1452 2230 1503 2281 in
1526 2233 1683 2285 corde
1708 2250 1825 2287 suo.
1846 2234 1938 2290 Ille
1956 2252 2019 2290 cx
2050 2238 2325 2294 dementia

734 2323 844 2362 non
879 2326 1105 2379 pravum
1159 2329 1321 2369 suum
1356 2316 1626 2385 judicium
1658 2333 1910 2387 accusat,
1941 2328 2086 2394 quod
2116 2343 2239 2383 vera
2271 2340 2327 2385 et

736 2406 1112 2469 permanentia
1181 2419 1543 2464 contemnens
1596 2414 1649 2466 in
1686 2417 2074 2486 corruptibilia
2105 2437 2322 2476 onmem

732 2496 977 2549 ostendit
1008 2498 1285 2563 ardorem,
1333 2502 1427 2556 sed
1460 2503 1626 2557 Deum
1657 2522 1670 2557 :
1709 2507 1840 2575 quia
1886 2501 2343 2580 corrumpuntur.

729 2602 791 2639 ea
827 2604 949 2656 qua:
984 2601 1112 2645 sunt
1145 2595 1491 2663 corruptioni
1524 2596 1789 2654 obnoxia.

804 2678 970 2735 Vens.
1020 2681 1074 2735 4.
1123 2683 1333 2738 Divitia:
1377 2687 1582 2739 addunt
1623 2690 1826 2743 amicos
1878 2693 2097 2748 multos.
2147 2694 2322 2765 Spiri-

727 2773 902 2828 tualcs
937 2775 1145 2831 divitiae
1177 2779 1395 2834 virtutis
1430 2788 1484 2833 et
1520 2783 1791 2846 scientiae,
1836 2784 1959 2840 illas
2010 2788 2317 2855 possidenti

723 2867 1021 2923 conferunt
1052 2887 1175 2924 cum
1210 2873 1487 2929 charitate
1538 2875 1591 2928 in
1635 2875 1805 2930 Deum
1859 2888 1914 2932 et
1960 2881 2015 2934 in
2066 2881 2318 2937 homines

723 2960 1074 3016 (.haritatem.
1106 2963 1243 3016 Nam
1283 2966 1560 3021 charitate
1594 2967 1647 3020 in
1683 2968 1937 3026 homines
1972 2973 2219 3030 Charitas
2259 2976 2315 3030 in

726 3054 894 3106 ticum
928 3054 1322 3110 manifestatur
1363 3069 1528 3129 atque
1556 3060 1849 3130 probatur.

795 3239 953 3309 Inops
993 3254 1174 3296 autem
1214 3254 1264 3297 et
1298 3244 1365 3298 ab
1402 3248 1573 3302 amico
1617 3265 1769 3318 quem
1817 3251 1973 3306 habet
2024 3254 2309 3315 deseritur.

718 3333 819 3398 Qui
840 3334 1264 3390 divitiistalibus
1281 3340 1537 3393 consulto
1564 3351 1737 3403 caret,
1764 3357 1794 3395 a
1828 3341 1937 3399 Deo
1967 3346 2310 3417 disceditqui

719 3431 854 3479 adeo
903 3426 1094 3481 dilexit
1121 3445 1244 3482 eum
1281 3438 1338 3482 ut
1379 3447 1488 3484 non
1508 3433 1671 3487 modo
1694 3450 1819 3488 eum
1852 3451 1881 3491 c
1912 3437 2084 3493 nihilo
2121 3440 2187 3493 ad
2214 3455 2310 3494 ex-

716 3519 1024 3572 sistentiam
1064 3523 1339 3585 eduxerit,
1395 3524 1616 3595 vitaque
1667 3528 1959 3583 donaverit
1994 3546 2059 3585 ac
2094 3536 2309 3591 ratione

713 3614 974 3680 oiiinique
1017 3615 1122 3666 alia
1180 3631 1363 3669 rerum
1391 3619 1552 3687 capia
1594 3620 1822 3690 dignum
1860 3623 2149 3689 habuerit,
2206 3629 2308 3682 sed

713 3704 876 3757 etiam
915 3706 1259 3776 unigenitum
1304 3707 1506 3765 Filium
1542 3729 1704 3768 suum
1742 3729 1841 3785 pro
1881 3715 1975 3772 illo
2003 3720 2164 3773 morti
2196 3729 2309 3773 tra-

711 3792 934 3849 diderit.

762 3973 948 4028 'Vens.
1000 3976 1053 4029 5.
1096 3974 1267 4030 Testis
1303 3977 1479 4045 falsus
1535 3997 1640 4034 non
1673 3983 1776 4035 erit
1820 3984 2134 4050 impunitus.
2180 3986 2305 4038 Dia-

708 4068 866 4120 huius
912 4070 1004 4138 qui
1050 4070 1254 4123 malum
1308 4071 1649 4128 mendaciter
1697 4075 1888 4128 laudat
1936 4086 1991 4130 et
2044 4077 2111 4131 ad
2165 4078 2300 4132 illud

704 4176 807 4229 ope
822 4168 1051 4215 randum
1081 4163 1333 4217 hortatur
1365 4165 1669 4229 hominem,
1706 4169 1931 4223 malitiae
1957 4184 2173 4239 poenas,
2200 4186 2300 4241 pro

703 4269 786 4314 eo,
830 4269 857 4304 a
890 4253 1041 4321 justo
1074 4254 1268 4324 judice
1317 4255 1549 4312 subibit.

730 4439 739 4447 ’
772 4438 877 4504 Qui
914 4449 1088 4493 autem
1119 4450 1336 4493 accusat
1388 4443 1587 4511 inique,
1635 4461 1737 4498 non
1778 4445 2014 4515 effugiet.
2057 4444 2161 4511 Qui
2202 4460 2296 4500 au-

2432 1950 2542 2001 τὼν
2577 1956 2930 2025 προσκαίρων
2960 1958 3340 2030 ἠπατημένον,
3371 1965 3403 2032 ἡ
3435 1964 3723 2033 ἀλόγιστος
3771 1968 3997 2036 κίνησις
4023 1985 4037 1997 ’

2431 2044 2512 2105 είς
2538 2044 2598 2096 τὸ
2627 2047 2796 2114 μηδὲν
2827 2052 2972 2102 ποιεῖ
2995 2055 3311 2123 προχωρεῖν
3343 2056 3411 2108 τὰ
3436 2056 3627 2109 τούτου
3657 2059 4044 2130 ἐπιτηδεύμα-

2430 2151 2522 2199 τα,
2563 2136 2639 2201 ὠς
2678 2142 2793 2203 τοῖς
2832 2142 3095 2212 φθαρτοῖς
3136 2148 3636 2218 συναφανιζόμενα.

2508 2228 2619 2281 Τὸν
2644 2229 2713 2282 δὲ
2748 2232 2899 2285 Θεὸν
2931 2234 3190 2291 αἰτιᾶται
3234 2237 3310 2306 τῇ
3360 2240 3576 2308 καρδίᾳ
3606 2241 3812 2295 αὑτοῦ.
3858 2243 4041 2307 Αὐτὸς

2427 2315 2474 2368 δ’
2498 2317 2556 2383 ἐξ
2585 2318 2776 2383 ἀνοίας
2802 2322 3204 2394 ἐπιμέμφεται,
3234 2328 3358 2398 οὐχὶ
3388 2333 3455 2399 τῇ
3492 2330 3676 2402 φαύλῃ
3703 2333 4040 2402 προαιρέσει

2428 2406 2592 2459 αὑτοῦ
2615 2448 2629 2471 ,
2667 2408 2701 2479 ἢ
2730 2409 2799 2462 τὰ
2832 2411 2965 2465 ὄντα
3002 2416 3095 2467 καὶ
3125 2416 3357 2485 μένοντα
3389 2419 3768 2488 καταλείψασα
3804 2423 3940 2493 περὶ
3968 2426 4037 2476 τά

2427 2498 2645 2568 φθαρτά
2671 2503 2853 2555 πᾶσαν
2884 2506 3123 2577 σπουδὴν
3152 2508 3555 2573 ἐπιδείκνυται,
3587 2512 3724 2565 ἀλλά
3752 2512 3877 2583 Θεῷ
3905 2531 3918 2541 ·
3952 2516 4037 2567 ὅτι

2425 2590 2742 2661 φθείρονται
2784 2595 2853 2647 τά
2894 2596 3058 2663 φύσει
3100 2597 3340 2668 φθαρτά.
3814 2665 3819 2672 ,

2492 2682 2555 2735 δ’.
2612 2685 2884 2752 Πλοῦτος
2927 2690 3295 2756 προστίθησι
3341 2690 3561 2759 φίλους
3614 2695 3917 2759 πολλοὺς.
3974 2696 4035 2747 Ὀ

2422 2774 2544 2827 κατ’
2571 2776 2775 2846 ἀρετὴν
2829 2780 2922 2831 καὶ
2966 2780 3168 2847 γνῶσιν
3219 2782 3596 2851 πνευματικὸς
3644 2784 3904 2849 πλοῦτος,
3955 2781 4045 2854 τῷ

2421 2868 2755 2939 κτησαμένῳ
2807 2871 3000 2937 αὑτὸν,
3034 2874 3368 2946 προστίθησι
3413 2877 3477 2944 τῇ
3520 2878 3605 2939 είς
3645 2876 3779 2928 Θεὸν
3828 2879 4032 2949 ἀγάπῃ

2420 2961 2513 3012 καὶ
2560 2960 2657 3030 τὴν
2705 2962 2844 3032 πρὸς
2876 2965 3089 3028 πάντας
3122 2963 3449 3035 ἀνθρώπους
3474 2981 3488 2995 ’
3522 2969 3555 3037 ἡ
3582 2969 3691 3036 γὰρ
3722 2970 3862 3039 πρὸς
3897 2971 4044 3046 τού--⁸

2417 3069 2543 3117 τους
2582 3054 2775 3126 ἀγάπη
2804 3095 2819 3120 ,
2861 3057 2962 3127 τῆς
3003 3057 3142 3128 πρὸς
3184 3056 3319 3110 Θεόν
3358 3060 3506 3111 ἐστιν
3544 3060 3769 3129 ἀγάπης
3810 3063 4034 3116 ἀπόδει-

2502 3234 2564 3287 ’0
2592 3235 2660 3288 δὲ
2687 3237 2927 3306 πτωχὸς
2977 3238 3076 3292 καὶ
3109 3240 3229 3294 ἀπὸ
3276 3239 3385 3295 τοῦ
3418 3239 3804 3309 ὑπάρχοντος
3833 3243 4029 3311 φίλου

2414 3324 2737 3395 χωρίζεται.
2779 3329 2837 3381 ὐ
2888 3328 2946 3381 δὲ
3002 3331 3305 3402 πτωχεύων
3353 3331 3447 3384 τοῦ
3483 3333 3733 3386 τοιούτου
3784 3334 4027 3388 πλούτου

2413 3421 2556 3472 κατὰ
2585 3420 2909 3491 προαίρεσιν
2936 3462 2952 3491 ,
2983 3425 3077 3476 καὶ
3110 3424 3281 3477 αὑτοῦ
3318 3426 3620 3493 ἀφίσταται
3647 3427 3742 3479 τοῦ
3774 3427 4026 3481 τοιοῦτον

2410 3513 2801 3584 ἀγαπήσαντος
2851 3495 3017 3569 αὐτόν
3048 3516 3209 3581 Θεοῦ,
3258 3519 3335 3581 ὡς
3378 3520 3453 3590 μὴ
3494 3520 3655 3587 μόνον
3684 3521 3749 3573 ὲκ
3795 3520 3895 3573 τοῦ
3948 3524 4023 3592 μὴ

2408 3606 2563 3670 ὄντος
2590 3608 2671 3671 είς
2705 3608 2765 3661 τὸ
2792 3603 2936 3663 εἶναι
2965 3614 3317 3680 παραγαγεῖν
3345 3613 3442 3665 καὶ
3476 3612 3625 3680 ζωῆς
3664 3613 4020 3681 μεταδοῦναι,

2409 3700 2504 3751 καὶ
2536 3699 2680 3770 λόγῳ
2726 3704 2997 3771 τιμῆσαι,
3036 3705 3135 3757 καὶ
3179 3704 3362 3773 πάσης
3404 3703 3574 3773 ἄλλης
3605 3703 3839 3769 ἀξιῶσαι
3891 3725 4023 3777 πρςη

2406 3793 2578 3856 νοίας,
2604 3794 2743 3848 ἀλλὰ
2771 3796 2867 3847 καὶ
2909 3795 3001 3847 τὸν
3045 3796 3315 3867 μονογενῆ
3349 3796 3519 3850 αὑτοῦ
3552 3798 3683 3850 Tib»
3718 3799 3862 3870 ὑπὲρ
3896 3802 4021 3853 τού-

2404 3897 2498 3933 του
2538 3881 2721 3935 δοῦναι
2763 3885 2845 3947 εἰς
2885 3883 3138 3940 θάνατον.

2477 3980 2538 4027 ε’.
2580 3974 2826 4044 Μάρτυς
2858 3976 3118 4044 ⁴ψευδὴς,
3159 3979 3271 4032 οὐκ
3323 3978 3699 4048 ἀτιμώρητος
3738 3981 4017 4036 ἕσται.’0

2402 4067 2461 4117 τὸ
2500 4067 2675 4119 κακὸν
2706 4068 2919 4136 ψευδῶς
2950 4069 3191 4123 ἐπαινῶν
3233 4070 3467 4139 δαίμων.
3501 4074 3598 4127 καὶ
3650 4075 3789 4143 πρὸς
3841 4077 4016 4145 ἐργα-

2403 4157 2527 4209 σίαν
2568 4158 2763 4213 τούτου
2808 4162 2902 4213 τὸν
2932 4161 3227 4234 ἄνθρωπον
3253 4164 3685 4233 ἐκκαλούμενος,
3716 4167 3879 4230 δίκας
3912 4170 4013 4236 ὑφ-

2401 4250 2512 4315 έξει
2539 4252 2671 4322 περὶ
2697 4252 2795 4323 τῆς
2830 4255 3099 4323 πονηρίας
3162 4257 3331 4312 αὐτοῦ
3360 4258 3582 4325 ἕνεκεν,
3614 4261 3769 4331 παρὰ
3801 4263 3900 4315 τοῦ
3934 4263 4011 4315 δι-

2400 4341 2559 4394 καίου
2598 4345 2809 4413 κριτοῦ.

2479 4437 2544 4491 '0
2574 4438 2627 4490 δ’
2649 4440 2927 4507 ἐγκαλῶν
2951 4442 3196 4509 ἀδίκως,
3222 4447 3296 4498 οὐ
3320 4445 3725 4514 διαφεύξεται.
3769 4446 3829 4499 '0
3854 4448 4012 4515 6'écp'

698 4541 803 4582 tvm
838 4532 907 4585 dc
952 4532 1018 4585 iis
1074 4548 1197 4600 qum
1245 4534 1468 4588 admisit
1528 4536 1705 4604 ipsum
1759 4536 2041 4592 diabblum
2093 4547 2291 4607 printer

2416 4526 2479 4593 »ῖς
2514 4532 2824 4602 ἁμαρτάνει
2870 4536 3035 4590 αὐτὸν
3078 4537 3171 4589 τὸν
3204 4538 3442 4609 δαίμονα
3472 4537 3803 4610 αίτιώμενος
3836 4560 4012 4610 παρα-

694 4623 963 4673 ratimiem
1001 4634 1249 4681 accusat,
1287 4641 1394 4676 non
1428 4626 1631 4679 eximie
1659 4644 1880 4681 oinnem
1921 4627 2148 4699 emigiet
2174 4645 2293 4698 pte-

696 4730 820 4765 nam
862 4715 993 4783 quia
1022 4715 1245 4769 diabolo
1282 4734 1387 4769 non
1436 4719 1665 4772 obedire
1716 4720 1921 4789 putuit.
1978 4719 2195 4776 Reddet
2238 4732 2293 4776 et

692 4808 806 4875 ipse
851 4811 1122 4863 tationem
1158 4810 1287 4877 quia
1342 4812 1600 4865 mandata
1621 4811 1906 4869 Crea‘oris
1956 4816 2290 4885 contempsit

686 4915 750 4953 ae
794 4902 973 4967 paruit
1005 4900 1135 4953 mali
1175 4903 1640 4971 suggestiOnihns.

753 5078 921 5134 Vsus.
966 5081 1018 5135 ϐ.
1063 5079 1223 5134 Multi
1248 5082 1427 5135 colunt
1458 5098 1740 5150 personam
1786 5084 1944 5155 regis.
2000 5083 2155 5139 Multi
2188 5100 2284 5140 co-

681 5189 800 5226 ram
846 5175 1070 5245 regibus
1104 5174 1173 5252 ad
1216 5175 1465 5245 ipsorum
1515 5179 1805 5232 servitium
1858 5179 2035 5235 zelum
2092 5188 2283 5234 osten-

677 5268 850 5334 dunt;
892 5284 1033 5337 pone
1065 5277 1246 5324 autem
1295 5272 1543 5325 sentiunt
1570 5273 1879 5326 contraria.

749 5446 935 5499 Omnis
976 5456 1152 5499 autem
1188 5448 1364 5501 malus
1390 5450 1452 5517 ﬁt
1510 5450 1853 5517 opprobrium
1895 5452 2025 5507 viro.
2080 5453 2276 5512 Omnis

672 5551 854 5593 autem
888 5541 968 5593 sic
1008 5541 1147 5595 male
1188 5543 1460 5609 sentiens,
1498 5558 1526 5596 a
1566 5555 1714 5600 recte
1759 5546 2023 5602 sentienti
2073 5557 2133 5603 ut
2165 5549 2272 5603 im-

671 5642 861 5703 postor
894 5634 1293 5688 contemnitur.

744 5722 905 5780 Vnus.
947 5727 995 5782 7.
1028 5729 1338 5797 Quicunque
1380 5730 1602 5795 fratrem
1676 5734 1883 5800 inopem
1932 5735 2066 5798 odit,
2108 5736 2271 5789 etiam

2399 4624 2596 4692 λόγως,
2629 4627 2720 4679 διὰ
2751 4627 2812 4681 τὸ
2846 4627 3109 4682 δύνασθαι
3145 4632 3219 4699 μὴ
3257 4631 3559 4684 ὑπακούειν
3599 4632 3773 4701 αὐτῷ,
3806 4635 3909 4686 οὐκ
3932 4636 4009 4684 ἐν-

2394 4714 2587 4767 τεῦθεν
2624 4718 2705 4778 είς
2748 4718 2895 4771 ἆπαν
2923 4720 3140 4791 ἐκφύγῃ
3169 4720 3267 4791 τὴν
3299 4722 3554 4775 κόλασιν·
3586 4724 3867 4776 ἀποδώσει
3899 4728 4011 4793 γάρ

2394 4804 2586 4869 λόγους
2618 4808 2713 4861 καὶ
2742 4802 2899 4872 οὗτος
2920 4849 2933 4873 ,
2970 4810 3002 4881 ἢ
3037 4812 3181 4865 κατά
3219 4812 3281 4863 τὸ
3320 4814 3500 4882 παρὸν
3530 4813 3562 4881 ἦ
3604 4814 3750 4867 κατά
3777 4816 3841 4867 τὸ
3875 4818 4005 4886 μέλ-

2392 4900 2504 4964 λον,
2531 4902 2612 4955 ὅτι
2646 4902 2744 4965 τὰς
2778 4904 3002 4967 ἐντολάς
3050 4904 3143 4958 τοῦ
3180 4906 3424 4959 Κτίστου
3474 4908 4003 4980 παραὸλεψάμενος,

2391 4995 2511 5055 ταῖς
2552 4996 2858 5065 ὑποθήκαις
2898 4997 3130 5067 ἐπείσθη
3169 4997 3268 5051 τοῦ
3312 4999 3582 5071 Πονηροῦ.

2460 5093 2535 5151 ς’.
2577 5088 2805 5142 Πολλοὶ
2858 5092 3265 5159 θεραπεύουσι
3313 5093 3610 5159 πρόσωπα
3662 5094 4002 5162 βασιλέως.

2387 5179 2452 5232 Οἱ
2482 5181 2668 5233 πολλοὶ
2691 5181 2812 5235 κατ’
2839 5183 2963 5253 ὄψιν
2989 5183 3099 5236 τῶν
3124 5184 3396 5255 βασιλέων
3423 5187 3553 5257 περὶ
3573 5186 3675 5257 τὴν
3699 5187 4005 5260 θεραπείαν

2384 5271 2593 5326 τούτων
2626 5275 3029 5339 σπουδάζουσιν
3051 5292 3065 5304 ·
3099 5277 3328 5331 ὄπισθεν
3354 5278 3434 5344 δὲ,
3465 5278 3738 5333 τάναντία
3772 5278 4002 5351 φρονοῦ-

2384 5381 2489 5418 σιν.

2451 5459 2579 5526 Πᾶς
2607 5460 2675 5514 δὲ
2700 5464 2733 5515 ό
2767 5462 2952 5529 κακὸς
3002 5464 3226 5533 γίνεται
3284 5463 3518 5531 ὄνειδος
3554 5465 3760 5534 ἀνδρί.
3806 5468 3925 5532 Πᾶς
3952 5467 3998 5520 δ’

2378 5550 2407 5601 ὁ
2435 5549 2623 5612 κακῶς
2649 5549 2791 5602 οὕτω
2819 5553 3053 5621 φρονῶν,
3094 5552 3241 5623 παρὰ
3266 5552 3344 5622 τῷ
3373 5554 3880 5627 σταθερογνώμονι
3914 5558 3998 5622 ἐξ·

2376 5642 2678 5696 ουθένωται
2716 5644 2793 5707 ὼς
2830 5644 3109 5699 ἀπατεὼν.

2449 5734 2512 5801 ζ’.
2555 5734 2683 5802 Πᾶς
2715 5737 2783 5804 ὃς
2823 5738 3096 5809 ἀδελφὼ·
3121 5742 3364 5809 πτωχὸν
3394 5741 3594 5809 μισεῖ,
3631 5742 3731 5794 καὶ
3783 5746 3993 5811 φιλίας

667 5817 732 5873 ab
757 5821 999 5878 ιεηιὲτίιὶα
1024 5822 1175 5892 longe
1198 5826 1316 5877 erit.
1358 5824 1462 5889 Qui
1492 5824 1722 5881 fratrem
1751 5841 1814 5883 cx
1852 5828 2036 5882 anima
2084 5830 2264 5901 repel-

2418 5831 2612 5899 ακρὰν
2657 5830 2851 5889 ἔσται.
2894 5833 2952 5884 ⁸0
3006 5834 3070 5885 ἐκ
3121 5834 3298 5905 ψυχῆς
3357 5835 3855 5905 ἀπνστρεςρόμενος
3901 5837 3990 5890 τὸν
