4220 6462
226 430 358 494 1413

1241 438 1775 500 COMMENTARII
1814 441 1897 501 IN
1933 418 2380 502 PROVERBIA.

3329 438 3462 504 1414

220 546 461 617 ὁμοφυῆ.
493 547 646 618 ἐνδεῆ
680 548 811 602 δντα
834 548 942 602 τῶν
970 549 1048 619 τῷ
1083 551 1301 621 σώματι
1329 555 1639 621 ἀναγκαίων
1668 553 1700 624 ἢ
1733 555 1796 624 τῇ
1828 560 1873 614 Α

1794 560 1873 621 ,Α
1903 555 1962 608 Iit
2012 557 2341 611 necessariis
2391 556 2609 625 corpori
2668 557 2785 612 sive
2845 554 3042 609 animm
3100 557 3460 626 indigentem,

219 637 388 706 ψυχῇ,
414 639 507 689 καὶ
541 639 615 708 μὴ
647 639 934 709 οἰκτείρων
955 641 1139 704 αὑτὸν,
1161 642 1255 695 καὶ
1288 645 1448 712 χεῖρα
1479 644 1653 714 τούτῳ
1677 645 1796 712 ὀρέ-

1897 649 2102 717 quiquc
2143 649 2290 701 nulla
2332 649 2386 701 in
2427 664 2550 701 eum
2599 656 2781 700 motus
2839 647 3210 700 misericordia
3243 664 3460 702 manum

219 743 334 793 γων
361 726 438 788 ὡς
463 726 710 795 δυνατὸν,
739 730 807 783 τὰ
836 732 998 800 ὃμοια
1034 733 1283 786 πείσεται
1321 736 1416 786 καὶ
1464 736 1648 798 αὐτὸς,
1698 738 1798 806 τῆς

1796 754 1798 762 λ
1897 739 1946 791 ei
2008 753 2118 789 non
2182 737 2441 807 porrigit,
2505 753 2630 790 cum
2698 743 2914 806 potest,
2976 735 3164 789 eadem
3229 746 3282 791 et
3350 741 3462 806 ipse

219 817 359 870 Θεοῦ
412 818 828 890 φιλανθρωπίας
877 822 1175 893 διαστήσας
1225 826 1511 896 πόρρωθεν
1567 827 1796 880 ἐαυτόν.

223 910 440 980 Ὥσπερ
476 913 587 980 γὰρ
608 914 770 975 αὐτὸς
817 914 1026 984 διετέθη
1076 917 1206 987 περὶ
1237 918 1326 970 τὸν
1355 920 1598 989 ὁμοφυῆ,
1628 919 1799 982 οὕτως

221 1001 374 1070 αὐτῷ
415 1004 591 1074 κρίσει
629 1004 814 1076 δικαίᾳ
850 1007 1229 1077 διατεθήσεται
1269 1009 1362 1062 καὶ
1399 1009 1550 1072 Θεός.

298 1097 541 1149 Ἕννοια
585 1096 776 1164 ἀγαθὴ
818 1097 941 1163 τοῖς
968 1099 1199 1152 εἰδόσιν
1255 1100 1449 1168 αὐτὴν
1485 1102 1683 1171 ἐγγιεῖ.
1736 1104 1798 1155 Ἦ

222 1186 372 1257 ἀπλῆ
403 1189 533 1256 περὶ
565 1188 701 1241 Θεοῦ
727 1189 949 1256 γνῶσις,
979 1190 1012 1262 η
1044 1191 1310 1260 κρείττων
1340 1193 1458 1245 ἐστὶ
1486 1194 1669 1263 πάσης
1694 1193 1801 1246 τῶν

225 1283 371 1352 μετά
394 1283 526 1334 Θεὸν
552 1284 831 1348 γνώσεως,
862 1286 977 1348 τοῖς
1010 1287 1150 1338 κατά
1188 1286 1375 1339 πίστιν
1401 1288 1687 1357 μυηθεῖσιν
1708 1289 1804 1341 αύ-

217 1373 323 1443 τὴν
373 1374 692 1443 πλησιάσει,
733 1375 921 1446 πόρρω
970 1377 1188 1431 πάντων
1230 1379 1337 1432 τῶν
1403 1380 1649 1433 ἀπίστων
1695 1383 1802 1448 ἀφ-

220 1467 515 1533 εστηκυῖα.

305 1558 476 1624 Ἀνὴρ
509 1558 578 1610 δὲ
622 1559 911 1628 φρόνιμος
939 1561 1185 1628 εὑρήσει
1225 1561 1436 1628 αὐτήν.
1491 1563 1697 1632 Πεῖραν
1746 1561 1804 1614 δέ

219 1649 433 1717 ταύτης
469 1648 699 1718 λήψεται
745 1649 946 1718 διαρκῆ
981 1650 1008 1700 ὁ
1041 1650 1300 1717 γενναίως
1340 1651 1412 1703 τὰ
1453 1651 1599 1720 πάθη
1631 1668 1805 1704 κατα-

219 1739 523 1803 παλαίσας,
563 1741 660 1793 καὶ
685 1742 827 1793 κατά
866 1741 1023 1808 λόγον
1053 1741 1150 1811 τὴν
1192 1741 1375 1811 σχέσιν
1413 1741 1659 1812 περάσας
1698 1741 1807 1794 τῶν

219 1832 427 1884 ὑλικῶν
451 1849 464 1864 ⁸
494 1828 580 1886 οἷα
613 1834 792 1887 πάντα
823 1833 1013 1895 διαϐὰς
1038 1833 1108 1885 τά
1139 1834 1242 1886 ὑπὸ
1277 1835 1467 1904 χρόνον
1497 1834 1589 1886 καὶ
1615 1833 1800 1902 φύσιν,

1899 825 2137 893 patietur
2176 825 2305 894 quia
2353 839 2475 878 sese
2514 839 2542 875 a
2581 823 2676 876 Dei
2736 824 3114 878 misericordia
3171 831 3459 896 separavit.

1898 916 2368 980 Quemadmodum
2397 916 2542 970 enim
2590 916 2707 984 ipse
2741 914 2896 968 fratri
2931 916 3079 982 fecit,
3118 919 3192 971 ita
3228 929 3283 973 et
3321 919 3464 974 Deus

1895 1007 2047 1076 justo
2081 1009 2291 1077 judicio
2320 1009 2482 1064 faciet
2521 1009 2590 1062 ei.

1971 1099 2234 1168 Cogitatio
2301 1101 2438 1154 bona
2498 1103 2778 1158 scientibus
2833 1119 2952 1156 eam
3011 1102 3465 1170 appmpinquabit.

1904 1191 2142 1261 Simplex
2213 1192 2304 1247 Dei
2360 1195 2625 1262 cognitio,
2679 1198 2829 1249 omni
2885 1209 3076 1248 eorum
3136 1208 3259 1262 qua:
3311 1203 3467 1248 extra

1903 1282 2070 1337 Deum
2135 1294 2263 1338 sunt
2313 1284 2629 1354 cognitione
2703 1285 3037 1354 pretiosior,
3093 1285 3162 1338 iis
3227 1285 3319 1352 qui
3375 1301 3470 1353 per

1904 1377 2062 1430 [idem
2099 1376 2201 1446 ipsi
2235 1385 2361 1429 sunt
2411 1376 2611 1430 initiati
2647 1377 3140 1446 appropinquabit;
3180 1377 3250 1431 ab
3292 1377 3470 1431 omni-

1905 1467 2007 1521 bus
2043 1476 2222 1521 autem
2253 1468 2566 1523 inﬁdelibus
2598 1471 2757 1538 longe
2786 1477 2916 1523 stat.

1986 1557 2078 1612 Vir
2116 1559 2342 1626 prudens
2387 1562 2606 1614 inveniet
2653 1579 2790 1614 eam.
2859 1561 3033 1630 Hujus
3088 1569 3270 1615 autem
3310 1576 3472 1630 expe-

1905 1650 2157 1702 rientiam
2191 1649 2546 1704 sumcientem
2583 1651 2806 1705 habebit
2855 1653 2947 1720 qui
2985 1666 3250 1720 generose
3279 1650 3474 1705 adver-

1907 1756 2002 1796 sus
2025 1743 2308 1810 passiones
2333 1742 2643 1807 ,reluctans,
2671 1743 2828 1811 juxta
2857 1745 3124 1797 rationem
3165 1745 3471 1797 mundanas

1908 1834 2186 1903 superavit
2230 1833 2495 1898 allectus,
2538 1836 2632 1904 qui
2679 1836 2861 1889 omnia
2911 1836 3232 1904 temporalia
3271 1848 3336 1887 ac
3370 1849 3473 1888 na-

218 1925 321 1975 καὶ
359 1925 498 1995 πρὸς
523 1925 686 1979 αὑτὸν
728 1926 908 1995 ἀγνῶς
947 1925 1277 1997 ἀναδραμὼν
1322 1927 1415 1980 τὸν
1453 1926 1594 1995 ὑπὲρ
1622 1928 1797 1980 πάντα
1827 1918 1869 1972 Β

1827 1918 1869 1972 Β
1899 1925 2094 1979 turalia
2158 1924 2432 1979 transiens
2457 1964 2472 1988 ,
2502 1925 2569 1977 ad
2601 1940 2724 1978 eum
2777 1933 2965 1980 sancte
2993 1937 3319 1995 progressus
3370 1933 3471 1987 est,

215 2013 382 2067 Θεόν.

309 2105 373 2160 '0
405 2108 608 2162 πολλὰ
644 2109 984 2164 κακοποιῶν
1021 2113 1432 2180 τελεσιουργεῖ
1465 2111 1699 2164 κακίαν.
1740 2109 1798 2164 '0

216 2198 367 2250 πάνυ
398 2198 753 2268 ἁμαρτάνων,
788 2202 849 2253 ού
883 2201 1006 2254 καθ’
1039 2200 1152 2265 ἐξιν
1186 2201 1346 2270 μόνον
1371 2201 1471 2272 τὴν
1496 2201 1797 2272 ἁμαρτίαν,

213 2289 361 2341 ἀλλά
387 2291 484 2342 καὶ
506 2291 626 2343 κατ’
651 2292 938 2362 ἐνέργειαν
975 2293 1204 2346 ἐκτελεῖ.

300 2383 402 2447 Ὃς
428 2380 498 2434 δὲ
520 2381 753 2450 ἐρεθίζει
781 2383 986 2452 λόγοις
1009 2423 1023 2446 ,
1052 2385 1123 2437 οὺ
1154 2383 1612 2450 διασωθήσεται.
1661 2383 1718 2437 '0
1746 2383 1800 2436 δὲ

1907 2017 2001 2087 qui
2038 2031 2217 2086 super.
2244 2017 2429 2069 omnia
2484 2025 2611 2078 stat,
2657 2016 2850 2070 Deum.

1971 2104 2144 2160 Multa
2174 2105 2513 2174 malefaciens
2530 2147 2544 2171 ,
2565 2106 2789 2173 explebit
2810 2105 3093 2159 malitiam.
3114 2105 3218 2172 Qui
3243 2107 3473 2161 multum

1900 2204 2120 2262 peccat,
2150 2209 2258 2248 non
2283 2195 2445 2248 modo
2476 2209 2571 2264 per
2599 2193 2852 2249 affectum
2881 2205 3162 2265 peccatum
3192 2196 3344 2262 facit,
3379 2201 3474 2254 sed

1900 2286 2063 2339 etiam
2098 2285 2226 2338 totis
2261 2285 2466 2338 viribus
2499 2299 2594 2353 per
2615 2293 2816 2340 actum.

1973 2376 2078 2442 Qui
2103 2376 2365 2430 contendit
2398 2374 2587 2441 verbis,
2636 2392 2742 2428 non
2779 2375 3093 2430 saleabitur.
3145 2378 3250 2443 Qui
3296 2387 3475 2433 autem

214 2476 311 2528 διὰ
335 2476 444 2528 τῶν
475 2478 784 2549 αίσθήσεων
820 2481 944 2541 τοὺς
991 2480 1259 2549 ἐμπαθεῖς
1309 2480 1474 2534 αὑτοῦ
1508 2479 1802 2550 λογισμοὺς

1904 2481 2000 2537 per
2032 2480 2232 2521 sensus
2276 2467 2479 2520 excitat
2525 2463 2894 2534 cogitationes
2947 2467 3094 2518 suas“
3126 2464 3477 2534 passionihus

214 2569 532 2639 διεγείρων,
559 2569 620 2621 ού
641 2568 1142 2640 διαφυλαχθήσεται
1168 2569 1310 2624 κατά
1337 2569 1517 2641 ψυχὴν
1539 2569 1802 2639 ἀϐλαϐής.

223 2684 246 2715 ι
301 2663 362 2716 ὐ
399 2665 510 2736 γὰρ
530 2663 808 2734 ἐμϐλέψας
832 2665 1055 2733 γυναικὶ
1085 2666 1221 2736 πρὸς
1252 2666 1314 2718 τὸ
1345 2665 1684 2734 ἐπιθυμῆσαι
1713 2665 1808 2718 αὐ-

215 2757 348 2825 τῆς,
379 2757 482 2825 ἤδη
516 2757 836 2826 ἐμοίχευσεν
869 2756 1039 2827 αὐτὴν
1064 2759 1122 2810 ἐν
1148 2760 1214 2828 τῇ
1248 2757 1452 2829 καρδίᾳ
1481 2756 1668 2810 αὑτοῦ.
1710 2776 1728 2810 ι

299 2853 375 2916 η’.
423 2847 478 2900 '0
513 2846 812 2916 κτώμενος
861 2850 1183 2918 φρόνησιν,
1231 2847 1434 2918 ἀγαπᾷ
1477 2849 1712 2903 ἑαυτόν.
1752 2850 1811 2903 '0

218 2937 676 3009 προσλαμϐάνων
716 2940 981 3009 φρόνησιν
1009 2941 1075 3010 τῇ
1114 2939 1327 3010 αἱρέσει
1352 2938 1446 2992 τοῦ
1477 2940 1809 3010 κρείττονος,

217 3029 326 3083 τοῦ
353 3029 554 3083 ἐαυτοῦ
585 3031 931 3100 ἐπιμελεῖται
983 3031 1388 3100 συμφέροντοςο
1433 3032 1516 3084 ὅτι
1559 3032 1631 3083 τά
1667 3032 1811 3101 ψυχῇ

220 3125 325 3177 καὶ
364 3123 580 3193 σώματι
612 3125 859 3195 σωτήρια
893 3125 1200 3194 οἰκονομεῖν
1223 3119 1363 3176 οἶδεν
1404 3125 1438 3193 ἡ
1470 3123 1754 3194 φρόνησις.

305 3217 414 3281 ⁸ος
439 3215 750 3284 φυλάσσει
783 3219 1105 3284 φρόνησιν,
1137 3215 1386 3284 εὑρήσει
1413 3216 1623 3283 ἀγαθά.
1671 3216 1731 3268 '0
1761 3215 1816 3268 δὲ
1843 3255 1886 3311 C

219 3309 418 3378 τηρῶν
463 3306 672 3377 ταύτην
721 3308 841 3360 κατ’
887 3307 1174 3377 ἐνέργειαν
1218 3306 1313 3360 τοῦ
1363 3307 1553 3372 καλοῦ,
1600 3308 1709 3360 τῶν
1757 3308 1817 3360 ἐν

221 3398 597 3467 ἐπαγγελίαις
632 3397 856 3465 ἀγαθῶν
890 3397 1258 3459 ἐπιτεύξεται.

299 3493 365 3544 θ’.
391 3489 909 3558 Μάρτυςίψευδὴς,
930 3492 1040 3542 οὐκ
1075 3489 1438 3558 ἀτιμώρητος
1455 3489 1647 3542 ἔσται.
1690 3487 1747 3540 '0
1761 3488 1819 3540 δὲ

221 3584 330 3654 τὴν
362 3584 503 3655 πρὸς
534 3583 602 3636 τά
640 3583 977 3653 φθειρόμενα
1006 3582 1190 3650 σχέσιν
1237 3579 1393 3649 ἡμῶν
1433 3579 1670 3633 ἐπαινῶν
1705 3578 1821 3632 δαί-

227 3694 375 3745 μων,
413 3676 476 3728 τὺ
497 3675 906 3744 ἡτοιμασμένον
939 3673 1086 3744 αὐτῷ
1110 3673 1206 3725 καὶ
1233 3675 1344 3735 τοῖς
1372 3672 1626 3739 ἀγγέλοις
1652 3668 1818 3723 αὐτοῦ

227 3767 350 3836 πῦρ
383 3767 486 3818 οὐκ
511 3764 865 3833 ἐκφεύξεται.

308 3862 418 3925 ’ος
444 3858 496 3911 δ’
527 3856 605 3912 ἂν
643 3857 916 3923 ἐκκαύσῃ
953 3857 1192 3920 κακίαν,
1233 3853 1541 3907 ἀπολεῖται
1584 3852 1820 3905 ὐπἰαὑ-

229 3951 364 4019 τῆς.
416 3950 474 4002 Ὀ
512 3949 571 4002 δὲ
605 3950 698 4002 τὸν
738 3947 1078 4018 ἐμϐληθέντα
1111 3949 1169 3999 ἐν
1206 3948 1273 4016 τῇ
1311 3945 1473 3997 αὐτοῦ
1521 3944 1668 4014 ψυχῇ
1722 3944 1823 4012 τῆς

232 4043 472 4115 ἀνομίας
497 4040 706 4112 πυρσὸν
733 4039 884 4111 παρά
914 4037 1008 4091 τοῦ
1033 4037 1281 4107 φθορέως
1317 4037 1514 4101 Σατᾶν,
1545 4037 1685 4088 κατά
1704 4035 1822 4087 διὰ-

233 4140 388 4192 θεσιν
419 4134 712 4203 ὑπανάψας
759 4134 856 4186 καὶ
901 4130 1124 4202 πρᾶξιν,
1156 4129 1686 4201 ἀποτεφρωθήσεται
1730 4128 1823 4180 ὑπ’

234 4229 409 4284 αὑτοῦ
440 4228 541 4297 τὴν
578 4227 678 4296 τῆς
706 4225 884 4295 ψυχῆς
917 4223 1154 4287 εὐεξίαν.

312 4327 365 4375 ι’.
404 4321 490 4374 Οὐ
515 4319 808 4388 συμφέρει
841 4315 1058 4385 ἄφρονι
1089 4313 1309 4382 τρυφὴ,
1334 4313 1432 4367 καὶ
1460 4312 1567 4366 ἐὰν
1589 4310 1826 4378 οίκέτης

238 4411 498 4481 ἄρξηται
547 4409 676 4478 μεθ’
733 4408 956 4475 ὕϐρεως
1017 4405 1430 4458 δυναστεύειν.
1501 4402 1826 4470 Ἀσυντελής

239 4507 391 4556 ἐστιν
411 4502 446 4571 ἡ
469 4504 566 4568 τῆς
593 4498 831 4568 φυσικῆς
854 4496 964 4548 τῶν
992 4494 1207 4564 ὁρατῶν
1237 4493 1470 4562 θεωρίας
1495 4490 1828 4561 ἐντρύφησις

1905 2558 2145 2623 deditas,
2169 2558 2353 2612 anima
2380 2556 2502 2626 eius
2539 2572 2646 2610 non
2679 2558 2984 2611 servabitur
3009 2557 3199 2611 illaesa.
3237 2575 3256 2609 ι
3287 2554 3479 2611 Omnis

1906 2656 2052 2708 enim
2089 2653 2180 2722 qui
2218 2650 2519 2721 inspexerit
2554 2650 2843 2703 mulierem
2878 2651 2943 2703 ad
2979 2649 3478 2721 concupiscendum

1909 2765 2053 2811 eam,
2082 2749 2192 2816 jam
2228 2745 2533 2800 moechatus
2553 2753 2636 2799 est
2665 2760 2784 2798 eam
2815 2745 2869 2797 in
2909 2744 3073 2798 corde
3109 2758 3210 2796 suo
3246 2744 3289 2796 ⁷.
3329 2761 3348 2794 ι

1980 2840 2145 2893 Vens.
2178 2838 2232 2893 8.
2264 2839 2368 2903 Qui
2390 2837 2620 2906 possidet
2644 2837 3007 2902 prudentiam,
3033 2835 3208 2904 diligit
3231 2835 3480 2903 seipsum.

1913 2931 2015 2997 Qui
2043 2930 2391 2999 prudentiam
2425 2929 2676 2998 adjungit
2707 2929 2894 2997 optimi
2937 2927 3216 2990 electioni,
3261 2925 3328 2980 de
3358 2941 3484 2995 pro-

1916 3023 2031 3093 pria
2073 3021 2309 3076 utilitate
2349 3030 2542 3087 curat;
2599 3021 2730 3090 quia
2766 3019 3244 3074 conservationem
3289 3018 3484 3071 anima

1917 3131 1978 3168 ae
2008 3113 2256 3182 corporis
2289 3127 2591 3182 procurare
2622 3114 2775 3166 novit
2803 3111 3114 3180 prudentia.

1988 3207 2090 3270 Qui
2117 3205 2349 3258 custodit
2379 3205 2718 3272 prudentiam
2756 3204 2977 3256 inveniet
3023 3202 3176 3256 bona.
3217 3201 3319 3267 Qui
3355 3201 3485 3256 totis

1919 3299 2132 3351 viribus
2171 3297 2319 3350 illam
2361 3297 2500 3351 bene
2538 3303 2744 3360 servat,
2790 3296 2933 3348 bona
2987 3304 3312 3363 assequetur
3357 3307 3484 3363 pro—

1920 3390 2113 3443 missa.
2518 3401 2526 3407 '
2840 3429 2856 3443 μ

1989 3477 2154 3534 Vens.
2183 3478 2237 3533 9.
2272 3477 2439 3532 Testis
2463 3477 2633 3545 falsus
2671 3493 2773 3528 non
2800 3477 3093 3544 impunitus
3129 3475 3253 3528 erit.
3285 3471 3489 3527 Diabo-

1921 3573 2006 3626 lus
2043 3569 2294 3625 aﬂ‘ectum
2315 3578 2566 3623 nostrum
2589 3567 2658 3621 ad
2692 3582 2756 3621 ea
2778 3583 2897 3637 qua:
2915 3578 3338 3636 corrumpuntur
3369 3566 3488 3619 lau-

1919 3665 2057 3718 dans
2084 3677 2195 3716 non
2222 3660 2448 3730 effugiet
2470 3660 2648 3728 ignem
2681 3660 2787 3729 ipsi
2817 3669 2872 3714 et
2905 3661 3118 3730 angelis
3144 3659 3262 3727 ejus
3286 3674 3492 3730 prepa-

1922 3765 2127 3811 ratum.

1995 3846 2100 3912 Qui
2121 3840 2415 3898 accenderit
2443 3842 2664 3907 malum,
2700 3842 2892 3907 peribit
2939 3843 2994 3895 in
3045 3858 3125 3896 eo.
3180 3841 3493 3912 lniquitatis

1924 3941 2100 4007 ignem
2140 3937 2196 3991 in
2227 3935 2464 3988 animam
2495 3948 2525 3987 a
2568 3934 2842 4002 perditore
2871 3931 3074 3987 Satana
3106 3932 3367 4002 injectum
3401 3934 3491 4002 qui

1924 4028 2122 4082 all‘ectu
2146 4026 2432 4083 succendit
2464 4033 2520 4080 et
2549 4034 2698 4088 actu,
2722 4024 2796 4080 ab
2822 4039 2888 4080 eo
2918 4026 3120 4082 animae
3144 4025 3265 4096 ejus
3286 4028 3495 4082 sanitas

1924 4120 2206 4174 exinanita
2253 4119 2468 4173 evadet.

1996 4301 2164 4356 Vens.
2195 4299 2280 4352 10.
2324 4296 2444 4352 Non
2473 4305 2692 4367 prosunt
2717 4294 2882 4348 stulto
2915 4291 3144 4357 delicia,
3196 4294 3296 4348 etsi
3325 4293 3509 4362 fantu—

1927 4391 2010 4445 lus
2029 4389 2245 4456 incipiat
2262 4403 2386 4440 cum
2403 4386 2720 4440 contumelia
2743 4385 3029 4439 dominari.
3057 4383 3297 4455 Physica:
3319 4399 3499 4438 rerum

1927 4481 2230 4538 visibilium
2262 4477 2744 4548 contemplationis
2766 4477 2982 4531 deliciae
3013 4475 3350 4546 imperfectae
3373 4485 3504 4532 sunt

234 4597 318 4667 τῷ
355 4567 661 4660 ἀλογίστως
696 4591 880 4652 αὐτοῖς
911 4587 1257 4641 ἐπιϐάλλοντι
1281 4603 1294 4616 ’
1325 4589 1448 4647 ταῖς
1480 4583 1592 4655 γάρ
1619 4582 1828 4635 τούτων
1862 4594 1900 4648 ι)

1862 4594 1905 4648 ι)
1932 4576 1981 4629 ei
2027 4573 2122 4642 qui
2155 4571 2278 4625 illas
2309 4569 2476 4625 stulte
2517 4567 2837 4622 considerat
2866 4585 2882 4622 :
2923 4583 3112 4621 earum
3147 4569 3291 4623 enim
3339 4582 3505 4637 appa-

237 4685 595 4754 ἑπιφανείαις
636 4679 1002 4750 ἐναπομένει·
1051 4679 1126 4749 μὴ
1173 4678 1473 4746 δυνάμενος
1514 4672 1719 4736 ταύτας
1766 4671 1834 4724 δι’

236 4775 561 4847 ἀφροσύνην
588 4773 851 4843 περᾶσαι,
892 4772 986 4825 καὶ
1017 4772 1143 4847 τοὺς
1177 4769 1600 4840 κεκρυμμένους
1621 4766 1832 4820 τούτων

236 4846 440 4936 λόγους
467 4864 801 4919 καταλαϐεῖν
822 4880 835 4892 ·
888 4846 1139 4932 καθάπερ
1169 4863 1318 4914 ἐστὶν
1356 4861 1505 4924 αὐτῷ
1541 4858 1833 4920 ἀσυντελές

239 4959 434 5014 καὶτὸ
480 4957 734 5011 ἐντεῦθεν
780 4955 1102 5024 συμϐαῖνον,
1150 4953 1390 5023 ὁπηνίκα
1432 4952 1491 5006 τὸ
1521 4949 1833 5021 ὑποχείριον

238 5057 308 5123 τῇ
349 5053 501 5121 ψυχῇ
537 5051 721 5119 σῶμα,
751 5049 1081 5118 ἐπιχειρήσῃ
1130 5044 1218 5097 διὰ
1245 5045 1354 5097 τῶν
1397 5043 1610 5112 ἀτίμων
1641 5040 1832 5094 παθῶν

239 5144 454 5212 ταύτης
488 5141 1005 5205 κατεξανίστασθαι.

320 5239 412 5286 ια’.
462 5229 774 5298 Ἐλεὴμων
799 5229 954 5297 ἀνὴρ
998 5229 1397 5297 μακρόθυμος.
1445 5224 1503 5277 '0
1540 5221 1835 5292 συμπαθὴς

243 5325 548 5395 ἄνθρωπος
595 5322 831 5392 ὑπάρχει
876 5321 972 5372 καὶ
991 5319 1332 5385 ἀνεξίκακος,
1364 5315 1669 5370 ἀδικεῖσθαι
1705 5311 1839 5383 μᾶλα

247 5419 342 5470 λον
381 5413 712 5484 αἱρούμενος
742 5413 774 5481 ἢ
802 5411 1036 5465 ἀδικεῖν.

327 5506 405 5561 Τὸ
429 5505 500 5558 δὲ
532 5506 815 5574 καύχημα
861 5503 1048 5556 αὐτοῦ
1082 5500 1397 5570 ἐπέρχεται
1447 5497 1832 5567 παρανόμοις.

332 5600 398 5654 '0
424 5600 482 5653 δὲ
529 5598 653 5651 κατ’
705 5595 988 5666 ἀλήθειαν,
1037 5596 1106 5649 δι’
1154 5596 1220 5665 ἢν
1268 5593 1381 5664 ἔχει
1433 5590 1837 5662 μακροθυμίαν,

252 5697 481 5754 ἐκαινος
513 5688 703 5753 αὐτοῦ,
738 5691 847 5752 τοῖς
876 5688 1064 5742 τοῦτον
1098 5687 1248 5758 παρά
1290 5685 1389 5756 τὴν
1425 5685 1576 5738 θείαν
1622 5681 1840 5751 ἐντολὴν

327 5872 347 5904 ⁷
387 5869 578 5924 Matth.
619 5885 682 5934 ν,
714 5867 802 5921 23.

1932 4667 2128 4723 rentiis
2163 4665 2512 4726 immoratur,
2541 4676 2648 4715 non
2673 4661 2863 4716 valens
2903 4661 3244 4729 superﬁciem
3279 4667 3504 4728 praeter-

1931 4760 2084 4830 gredi
2115 4766 2168 4812 et
2194 4755 2439 4811 occultas
2473 4769 2661 4807 earum
2698 4752 2982 4820 percipere
3003 4751 3267 4805 rationes.
3299 4751 3508 4815 Quem-

1931 4849 2222 4905 admodum
2273 4847 2412 4902 nihil
2448 4845 2523 4899 illi
2565 4843 2780 4913 prolicit
2825 4841 3046 4912 quando
3104 4841 3307 4896 accidit
3357 4840 3503 4909 quod

1930 4957 2132 5011 corpus
2185 4941 2383 4994 anima:
2419 4938 2793 5006 mancipatum
2833 4937 3100 4991 adversus
3139 4935 3287 4990 illam
3325 4934 3504 5003 turpi-

1932 5036 2139 5090 tudinis
2169 5033 2522 5104 passionibus
2554 5031 2842 5100 insurgere
2868 5032 3100 5084 nitatur.

2006 5216 2175 5271 Vens.
2205 5215 2294 5268 ll.
2334 5211 2642 5265 Misericors
2675 5211 2754 5265 vir
2783 5210 3100 5281 longanimis
3147 5218 3245 5262 est.
3293 5206 3514 5262 Patiens

1937 5319 2022 5364 est
2061 5309 2146 5361 vir
2189 5304 2564 5375 compatiens;
2604 5302 2931 5371 injustitiam
2978 5302 3090 5372 pati
3117 5314 3284 5370 quam
3331 5297 3513 5353 facere

1940 5401 2167 5457 mavult.

2017 5493 2084 5548 Et
2136 5493 2388 5564 gloriatio
2442 5493 2555 5562 ejus
2603 5500 2680 5545 est
2735 5489 2915 5558 iniqua
2969 5482 3331 5554 pmtergredi.
3375 5479 3513 5535 Vera

1946 5597 2125 5642 autem
2161 5587 2280 5642 laus
2309 5586 2430 5656 ejus
2461 5600 2568 5655 qua
2608 5581 3079 5654 longanimitatem
3114 5577 3278 5632 habet
3330 5576 3384 5628 in
3421 5589 3516 5627 eos

1947 5681 2039 5753 qui
2072 5689 2263 5736 contra
2314 5680 2411 5736 Dei
2449 5677 2770 5736 mandatum
2823 5675 2976 5730 illum
3015 5670 3218 5740 injuria
3268 5665 3516 5723 afﬁciunt
