4220 6462
320 396 450 459 1417

1370 396 1900 458 COMMENTARII
1950 395 2029 455 IN
2073 392 2497 453 PROVERBH

3436 390 3565 450 1418

312 513 407 580 τὴν
429 508 624 560 ἑαυτοῦ
649 508 825 577 ςιυχὴν
851 510 959 561 ἀπὸ
986 509 1094 561 τῶν
1118 509 1581 562 ἐπιϐουλευόντων
1612 511 1780 579 ταύτῃ
1802 510 1888 561 διὰ

2003 523 2138 560 mam
2172 520 2324 560 suam
2373 506 2611 559 custodit
2645 521 2671 556 ιι
2709 508 2887 573 pravis
2931 506 3215 575 spiritibus
3258 507 3347 575 qui
3385 509 3433 559 ei
3477 525 3569 575 pu-

311 601 574 654 ποικίλων
606 599 814 661 παθῶν,
844 600 945 666 τῆς
975 598 1238 668 πονηρίας
1267 598 1613 667 πνευμάτων.

395 694 447 741 '0
478 690 546 741 δὲ
580 689 971 756 καταφρονῶν
1014 688 1133 741 τῶν
1172 688 1387 740 ἑαυτοῦ
1418 686 1594 750 ὁδῶν,
1643 687 1884 740 ἀπο.ζεῖ-

311 800 423 836 tat.
473 782 531 830 'tl
558 780 603 831 δ’
635 780 855 849 ἀμελῶς
892 782 1021 849 περὶ
1050 779 1146 843 τὰς
1177 780 1326 840 θείας
1361 778 1580 839 ἐντολὰς
1615 780 1890 848 διακείμε-

310 889 424 934 νος.
464 871 520 923 αἳ
554 870 710 940 δίκην
731 870 866 922 ὁδῶν
893 870 1119 937 ἄγουσιν
1148 871 1311 922 αὐτὸν
1348 871 1482 939 πρὸς
1503 870 1657 932 Θεὸν,
1698 870 1888 923 τούτου

309 966 629 1016 ἐκπεσεῖται
681 960 775 1014 τοῦ
831 962 1111 1031 πανταχοῦ
1160 962 1425 1032 παρόντος
1457 964 1551 1015 καὶ
1602 962 1669 1015 τὰ
1713 966 1890 1017 πάντα

312 1056 415 1123 πλη
427 1054 669 1124 ροῦντος.

386 1142 471 1207 ιζ’.
516 1144 774 1207 Δαιοεὶζει
828 1142 949 1207 Θεῷ
985 1144 1016 1196 ὁ
1050 1140 1238 1195 ἐλεῶν
1277 1143 1534 1209 πτωχόν.
1580 1143 1638 1193 Ὀ
1676 1141 1891 1209 συμπά-

310 1234 460 1288 θειαν
493 1234 634 1287 κατὰ
681 1234 743 1286 τὸ
779 1234 955 1303 παρὸν
986 1235 1066 1296 εἰς
1107 1233 1197 1285 τὸν
1228 1232 1458 1285 πλούτου
1493 1232 1890 1286 ἐκπεπτωκότα

308 1326 781 1395 ἐπιδεικνύμενος,
816 1328 907 1378 τὸν
939 1325 1071 1377 Θεὸν
1099 1325 1381 1395 χρεώστην
1413 1329 1574 1377 ποιεῖ.

380 1418 541 1473 Κατὰ
590 1417 658 1470 δὲ
691 1418 757 1470 τὸ
812 1417 964 1484 δόμα
1002 1416 1191 1469 αὑτοῦ
1249 1414 1661 1469 (manon
1707 1415 1886 1480 αὐτῷ.

322 1510 729 1563 Ἀνταποδώσει
753 1509 808 1561 δὲ
834 1505 989 1570 οὗτος
1006 1507 1156 1578 αὐτῷ
1182 1508 1238 1559 ὲν
1262 1510 1326 1575 τῇ
1348 1510 1551 1576 φρικτῇ
1574 1506 1739 1559 αὑτοῦ
1760 1526 1893 1578 παρ-

306 1602 488 1668 ουσίᾳ,
544 1600 729 1665 ἀξίους
774 1599 874 1666 τῆς
920 1597 1086 1652 αὑτοῦ
1128 1600 1208 1659 είς
1253 1598 1342 1648 τὸν
1398 1595 1554 1663 ἐνδεῆ
1598 1596 1891 1659 διαθέσεως

307 1691 435 1752 τοὺς
472 1688 721 1756 μισθούς.

382 1789 474 1851 ιη’.
508 1781 761 1835 ΙΙαίδευε
782 1784 914 1833 υἱόν
937 1797 1073 1833 o'ov'
1101 1780 1283 1844 οὓτως
1306 1779 1414 1847 γὰρ
1436 1782 1606 1834 ἕδνται
1622 1781 1889 1846 εὔελπις.

1994 596 2179 648 varias
2211 594 2499 663 passiones
2533 595 2889 649 insidiantur.

2064 685 2171 751 Qui
2211 694 2384 737 autem
2427 687 2637 756 negligit
2673 704 2799 740 suas
2834 690 2969 749 vias,
2996 688 3204 755 peribit.
3245 687 3346 752 Qui
3377 698 3569 745 autem

1996 777 2048 828 in
2104 777 2494 831 observatione
2535 777 2626 831 Dei
2664 780 3074 840 mandatorum,
3114 796 3234 848 qua:
3273 779 3430 847 quasi
3472 780 3573 830 \‘iil:

1992 879 2114 917 eum
2151 864 2359 919 ducunt
2396 866 2463 919 ad
2498 866 2685 929 Deum,
2723 869 3003 937 negligens
3035 877 3138 931 est,
3161 869 3371 923 deliciel
3401 884 3430 921 a
3466 867 3574 920 lico

1994 955 2085 1021 qui
2120 957 2325 1025 ubique
2363 972 2603 1026 praesens
2631 968 2716 1012 est
2748 968 2800 1010 et
2832 957 3017 1011 omnia
3048 958 3254 1026 implet.

2067 1131 2230 1185 Vsus.
2267 1134 2352 1187 17.
2400 1134 2693 1188 Feneratttr
2738 1137 2965 1191 Domino
3009 1140 3097 1206 qui
3130 1139 3402 1190 miseretur
3442 1154 3572 1204 pim-

1991 1224 2153 1288 peris.
2183 1225 2358 1278 Homo
2392 1242 2538 1279 nunc
2574 1229 3008 1282 misericordiam
3045 1231 3342 1284 ostendens
3373 1232 3421 1283 in
3450 1248 3572 1285 eum

2002 1314 2096 1383 qui
2131 1313 2353 1369 fortuna
2384 1318 2608 1382 excidit,
2642 1322 2973 1373 creditorem
3011 1321 3140 1375 facit
3181 1323 3370 1375 Deum.

2066 1404 2366 1460 Secundum
2396 1407 2581 1461 datum
2611 1411 2723 1477 ejus
2749 1413 2997 1466 retribuet
3025 1416 3088 1467 ci.
3129 1414 3269 1470 Deus
3303 1430 3485 1471 autem
3523 1421 3574 1472 itt

1996 1498 2227 1551 terribili
2257 1515 2357 1553 suo
2387 1502 2625 1555 adventu
2647 1502 2869 1573 dignam
2888 1505 2971 1558 sui
2999 1505 3225 1561 allectus
3253 1508 3305 1560 in
3328 1520 3574 1578 egentem

1996 1591 2188 1646 reddet
2226 1594 2556 1650 mercedem.

2068 1771 2231 1826 Vens.
2265 1772 2346 1826 18.
2395 1772 2565 1826 Erudi
2591 1777 2764 1844 [ilium
2792 1789 2971 1843 tuum;
3002 1784 3077 1834 sic
3113 1785 3251 1836 enim
3292 1788 3390 1837 erit
3430 1788 3579 1841 bona!

306 1875 574 1945 Παραίνει
606 1875 672 1927 τὰ
695 1874 883 1926 δέοντα
910 1872 987 1941 τῷ
1024 1871 1241 1941 φυσικῷ
1270 1873 1382 1924 εἴτε
1415 1874 1508 1925 καὶ
1536 1872 1614 1942 τῷ
1643 1890 1892 1942 πνευμα-

2003 1862 2125 1928 spei.
2164 1862 2342 1917 Edoee
2365 1880 2482 1933 qua:
2507 1866 2709 1921 decent
2739 1870 2908 1923 tilium
2955 1881 3107 1925 tuum
3152 1876 3267 1929 sive
3302 1880 3577 1933 carnalem

304 1967 445 2034 τικῷ
477 1983 571 2018 σου
601 1965 703 2035 υἱῷ
727 1982 741 1996 -
779 1963 1032 2017 ὲντεῦθεν
1063 1964 1172 2033 γὰρ
1205 1964 1357 2034 παρὰ
1390 1963 1525 2017 Θεοῦ
1560 1964 1892 2033 κομίσασθαι

307 2058 523 2111 ὲλπίσει
550 2059 619 2111 τὰ
643 2055 824 2125 ἀγαθά
844 2073 857 2086 '
890 2058 959 2108 τὰ
985 2054 1103 2124 Θεῷ
1125 2057 1398 2126 εὐᾶρεστα
1424 2057 1677 2126 μυηθεὶς,
1708 2057 1801 2109 καὶ
1827 2059 1892 2126 τῇ

307 2152 585 2221 φιλοπόνῳ
611 2150 819 2203 τούτων
848 2148 1107 2220 ἐργασίᾳ,
1135 2149 1203 2202 τὰ
1239 2152 1297 2202 ἐν
1328 2148 1683 2217 ἐπαγγελίαις
1712 2146 1896 2216 ἀγαθὰ

308 2245 692 2313 ἐκδεχόμενος.

377 2339 483 2401 Είς
515 2335 582 2388 δὲ
610 2335 778 2402 ὓϐριν
811 2333 896 2402 μὴ
943 2333 1193 2402 ἐπίιιζρου
1224 2332 1295 2402 τῇ
1341 2333 1517 2403 ψυχῇ
1548 2351 1686 2388 σου.
1724 2334 1815 2397 Εἰς
1838 2334 1896 2386 δὲ

306 2429 372 2481 τὸ
396 2427 651 2497 ἡγεῖσθαι
676 2426 838 2479 αὶτὸν
863 2425 1056 2490 κακὸν,
1091 2426 1186 2478 καὶ
1207 2425 1316 2479 ἀπὸ
1345 2424 1440 2478 σοῦ
1474 2425 1785 2489 ἐκκόπτειν,
1822 2425 1897 2496 μὴ

305 2521 546 2588 διέγειρε
578 2519 676 2588 τὴν
702 2518 885 2589 ψυχήν
921 2535 1013 2570 σου
1050 2520 1109 2570 ὲν
1143 2518 1218 2588 τῷ
1263 2517 1586 2588 συμϐαίνειν
1612 2517 1897 2571 λυπεῖσθαι

308 2615 392 2673 εἰς
422 2612 619 2673 gmw
656 2612 740 2663 ἵνα
778 2612 853 2681 μὴ
880 2611 1098 2674 πάντως
1131 2610 1394 2679 μισόπαις
1430 2611 1787 2681 κατακριθῇς.

381 2703 467 2757 ιθσ.
508 2706 837 2773 Κακόερρων
878 2703 1057 2771 ἀνὴρ,
1101 2704 1303 2757 πολλὰ
1350 2702 1797 2772 ζημιωθήσεται.
1841 2706 1898 2757 Ὀ

306 2801 381 2853 τὰ
413 2800 604 2853 δέοντα
642 2800 717 2870 μὴ
766 2799 983 2869 φρονῶν
1023 2799 1332 2870 ἄνθρωπος,
1366 2798 1459 2850 τοῦ
1508 2799 1738 2852 πλούτου
1793 2799 1900 2853 τῶν

308 2892 528 2963 ἀρετῶν
580 2892 1015 2962 στερηθήσεται·
1046 2892 1127 2944 δτι
1163 2890 1238 2959 μὴ
1282 2890 1504 2958 διαιρῶν
1546 2890 1606 2941 τὸ
1653 2893 1901 2960 κρεῖττον

309 2984 421 3037 ἀπὸ
446 2983 544 3036 τοῦ
591 2983 858 3055 χείρονος,
912 2984 1057 3035 ποιεῖ
1077 2982 1159 3059 ῶς
1196 2981 1349 3050 ἔτυχε
1391 2981 1448 3033 τὸ
1485 2982 1674 3046 κακὸν,
1697 2983 1901 3051 ζημίαν

309 3076 684 3146 ὑφιστάμενος
714 3075 808 3128 τοῦ
835 3075 1024 3128 καλοῦ.

390 3168 534 3222 Ἐὰν
549 3167 618 3220 δὲ
635 3168 1004 3237 λοιμεύηται,
1029 3166 1126 3219 καὶ
1150 3165 1263 3233 τὴν
1278 3166 1490 3235 ψυχὴν
1509 3168 1696 3221 αὑτοῦ
1717 3183 1902 3261 προσν-
1932 3198 1977 3261 c

309 3261 510 3327 θήσει.
562 3260 619 3312 Ὀ
643 3259 699 3312 δὲ
736 3259 823 3313 διὰ
856 3259 1125 3328 πονηρίας
1176 3261 1518 3330 περιουσίαν,
1554 3262 1652 3329 τῆς
1704 3260 1903 3328 φθορο-

310 3354 472 3405 ποιοῦ
504 3350 671 3404 αὑτοῦ
708 3351 908 3414 κακίας
938 3355 1028 3403 καὶ
1055 3348 1262 3419 ἑτέροις
1293 3352 1626 3420 μεταδιδοὺς,
1661 3352 1903 3422 προσθή-

310 3462 399 3497 σει
460 3444 521 3496 τὸ
566 3444 663 3496 καὶ
725 3444 899 3513 αὐτὴν
953 3444 1056 3513 τὴν
1119 3444 1255 3497 ἰδίαν
1310 3444 1657 3514 ζημιωθῆναι
1721 3443 1900 3514 ζωήν·

310 3534 735 3604 ὲκκοπτομὲνης
763 3534 930 3588 αὐτοῦ
957 3536 1058 3604 τῆς
1088 3535 1270 3605 ψυχῆς
1303 3536 1411 3606 πρὸ
1449 3536 1619 3607 ὥρας,
1656 3536 1795 3589 ὥστε
1830 3537 1903 3607 μὴ

311 3630 587 3699 ὑπάρχειν
613 3630 692 3692 εἰς
726 3628 933 3699 βλάϐην
964 3629 1197 3684 πολλῶν.

385 3721 458 3772 κ’.
533 3721 775 3782 Ἀκουε,
812 3718 926 3783 υἱὲ,
955 3719 1239 3773 παιδείαν
1274 3722 1501 3787 πατρός
1522 3736 1660 3784 σου,
1695 3722 1793 3774 ἵνα
1834 3716 1903 3773 εὖ

309 3828 411 3865 σοι
431 3811 676 3879 γένηται
696 3812 789 3863 ἐπ’
807 3812 1083 3881 ἐσχάτων
1101 3827 1238 3865 σου.
1260 3813 1537 3884 Εὑπειθὴς
1561 3814 1671 3877 ἔσο,
1692 3816 1902 3876 τέκνον,

310 3905 434 3963 ταῖς
466 3900 602 3970 ἐμοῦ
625 3900 721 3953 τοῦ
756 3902 1085 3955 διδασκάλου
1128 3920 1219 3954 σου
1265 3904 1571 3967 νουθεσίαις
1596 3923 1610 3937 σ
1638 3905 1724 3957 ἵνα
1767 3908 1905 3975 μετὰ

307 3994 373 4047 τὸ
416 3992 767 4065 καθαρθῆναι
805 3993 999 4046 παθῶν
1025 3995 1121 4047 καὶ
1157 3995 1440 4067 φωτισμὸν
1474 3996 1733 4062 δέξασθαι
1761 4000 1904 4066 γνώ-

313 4103 477 4151 σεως,
509 4085 681 4156 εὕρῃς
709 4087 768 4139 ὲν
798 4087 875 4157 τῷ
904 4088 1003 4158 τῆς
1038 4088 1306 4159 κινήσεώς
1340 4106 1434 4141 σου
1463 4090 1631 4152 τέλει,
1655 4092 1715 4143 τὸ
1741 4092 1908 4162 ἔσχαι

307 4196 405 4231 τον
433 4180 683 4249 ὀρεκτὸν,
710 4179 798 4232 διὰ
836 4179 897 4232 τὺ
926 4178 1055 4233 νοῦν
1088 4181 1327 4250 περᾶσαι
1358 4183 1535 4234 πάντα
1560 4184 1627 4235 τὰ
1658 4184 1786 4236 ὄντα
1812 4186 1905 4238 καὶ

308 4274 391 4334 εἰς
428 4273 521 4324 τὸν
565 4272 777 4325 τούτων
817 4271 1011 4339 αἴτιον,
1044 4274 1140 4327 καὶ
1186 4273 1328 4345 ὑπὲρ
1363 4274 1536 4327 ταῦτα
1568 4277 1904 4348 ὑπάρχοντα,

308 4363 656 4433 καταντῆσαι
687 4362 841 4417 Θεόν.

1997 1954 2111 2008 sive
2138 1955 2501 2024 spiritualem.
2554 1958 2693 2014 llinc
2725 1962 2870 2015 enim
2912 1978 2942 2017 a
2984 1963 3094 2020 Deo
3125 1977 3406 2036 reportare
3440 1971 3578 2023 bona

1997 2046 2261 2113 sperabit.
2302 2047 2368 2101 Iis
2408 2063 2529 2117 qua:
2579 2048 2691 2103 Deo
2721 2052 2924 2120 placita
2982 2067 3109 2108 sunt
3165 2058 3447 2122 initiatus,
3490 2078 3583 2127 per

1997 2138 2313 2209 diligentem
2359 2156 2549 2195 eorum
2587 2144 3058 2215 adimpletionem,
3120 2153 3260 2204 bona
3307 2156 3579 2222 promissa

1998 2232 2249 2301 accipiet.

2071 2321 2153 2375 Ad
2190 2326 2562 2380 contumeliam
2593 2338 2771 2382 autem
2813 2348 2873 2385 ne
2899 2335 3116 2388 eleveris
3148 2337 3326 2389 animo
3381 2348 3489 2391 tuo.
3528 2339 3581 2391 Si

2002 2415 2216 2471 accidat
2251 2426 2308 2471 ut
2362 2434 2459 2489 per
2498 2436 2622 2474 eum
2660 2422 2854 2478 dolore
2898 2416 3183 2493 aﬂiciaris,‘
3223 2444 3290 2483 ne
3338 2430 3580 2483 animum

2003 2514 2157 2561 tuum
2186 2510 2393 2565 excites
2427 2511 2494 2565 ad
2528 2512 2841 2569 ducendum
2885 2517 3038 2571 illum
3087 2520 3584 2591 malum,'eumqi:c

2004 2608 2106 2654 ate
2129 2603 2519 2671 separandum,
2544 2621 2613 2659 ne
2631 2622 2859 2676 prorsus
2880 2611 3061 2665 odisse
3082 2627 3309 2680 puerum
3334 2618 3586 2683 arguat-is

2076 2690 2210 2747 Ven.
2243 2694 2329 2748 i9.
2370 2694 2515 2751 Male
2546 2700 2783 2768 cogitans
2808 2701 2886 2753 vir
2914 2702 3083 2755 multa
3105 2704 3301 2757 damna
3326 2708 3580 2772 patietur.

2011 2780 2286 2839 Virtutum
2317 2786 2527 2844 divitils
2567 2792 2816 2859 carebit,
2845 2795 2938 2863 qui
2973 2812 3093 2865 qum
3117 2798 3311 2851 decent
3348 2815 3453 2853 non
3491 2818 3584 2855 co-

2009 2874 2173 2944 gitat.
2232 2876 2370 2943 Quia
2422 2894 2452 2933 a
2503 2886 2744 2950 pessimo
2780 2900 2890 2940 non
2938 2886 3228 2958 distinguit
3272 2893 3539 2960 optimum
3571 2936 3584 2955 ,

2008 2968 2245 3055 malum,
2322 2980 2377 3024 ul
2424 2975 2736 3045 contingit,
2799 2989 3084 3048 operatur,
3136 2982 3398 3038 damnum
3459 2986 3584 3039 boni

2008 3069 2237 3127 pattens.

2086 3149 2145 3204 Si
2173 3162 2344 3206 autent
2370 3158 2679 3224 corruperit,
2715 3169 2763 3211 et
2799 3162 3034 3214 animant
3066 3179 3217 3217 suam
3263 3168 3441 3220 addet.
3484 3170 3586 3234 Qui

2011 3248 2191 3296 autem
2226 3245 2295 3298 ob
2325 3248 2613 3315 gravitatis
2658 3265 2944 3306 excessum
2998 3255 3136 3310 alios
3182 3262 3407 3315 malitim
3469 3282 3583 3317 sua:

2010 3338 2375 3405 corruptricis
2422 3342 2717 3412 participes
2760 3345 2979 3411 cﬂ‘ecit,
3031 3349 3193 3402 addet
3244 3356 3409 3407 etiam
3462 3375 3587 3426 pro-

2008 3428 2182 3496 priam
2228 3432 2457 3500 perdere
2506 3436 2698 3491 vitam.
2760 3440 2954 3493 Anima
3006 3442 3127 3510 ejus
3185 3455 3313 3501 ante
3372 3458 3587 3522 tempus

2007 3521 2313 3589 excidetur,
2349 3541 2417 3582 ne
2448 3530 2635 3585 multis
2666 3542 2882 3590 noceat.

2082 3698 2248 3756 Vens.
2274 3703 2365 3759 20.
2410 3706 2586 3772 Audi,
2630 3711 2748 3778 ﬁli,
2791 3714 3133 3784 disciplinam
3174 3724 3345 3788 patris
3382 3726 3493 3788 tui,
3532 3740 3584 3777 ut

2010 3795 2220 3859 sapiens
2255 3795 2328 3847 sis
2380 3796 2433 3848 in
2486 3800 2787 3855 novissimis
2844 3808 2970 3862 tuis.
3019 3807 3218 3865 Docilis
3261 3822 3415 3878 esto,
3472 3816 3543 3868 ﬁli
3575 3861 3588 3881 ,

2011 3882 2486 3943 admonitionibus
2534 3891 2672 3945 meis
2717 3909 2856 3962 quas
2894 3900 3154 3969 principio
3185 3902 3307 3967 tibi,
3354 3917 3412 3958 ut
3441 3922 3593 3975 post--

2009 3991 2172 4043 quam
2236 3992 2265 4029 a
2323 3979 2675 4047 passiouibus
2761 3985 2932 4043 fueris
3002 3994 3325 4058 puritieatns
3396 4001 3591 4065 mgni-

2010 4069 2288 4140 tionisque
2360 4074 2541 4129 lumen
2633 4082 2954 4149 acceperis,
3038 4086 3290 4141 invenias
3355 4088 3407 4141 in
3490 4094 3595 4143 line

1966 4182 1967 4185 η
2010 4170 2193 4217 motus
2256 4165 2366 4228 tui,
2424 4168 2751 4240 novissima:
2785 4172 3216 4241 desiderabzlia,
3272 4187 3330 4230 ut
3383 4180 3594 4233 sciliCi-t

2010 4254 2190 4306 omnia
2242 4258 2532 4324 prwsentia
2587 4273 2766 4324 mente
2816 4268 3292 4337 przetergretliens,
3347 4269 3454 4325 Deo
3501 4278 3592 4341 qui
3635 4271 3639 4276 ’

2013 4344 2206 4398 horum
2240 4360 2405 4403 causa
2454 4360 2537 4405 est
2564 4354 2733 4422 etqui
2768 4371 2933 4426 super
2968 4359 3080 4413 lucc
3113 4362 3296 4415 omnia
3354 4368 3592 4430 exsistit,

2011 4450 2296 4494 occurras.

381 4551 494 4597 xa'.
533 4543 756 4597 Πολλοὶ
789 4544 1082 4614 λογισμοὶ
1121 4546 1189 4597 ἐν
1242 4545 1455 4611 καρδίᾳ
1504 4546 1745 4611 ἀνδρός.
1794 4546 1904 4614 Τὴν

2084 4548 2256 4605 Vena.
2287 4553 2374 4608 “li.
2446 4554 2637 4611 Multa:
2672 4562 3020 4630 cogitationes
3068 4566 3121 4618 in
3152 4567 3309 4621 corde
3344 4573 3462 4625 viri.
3505 4572 3595 4627 Dt-

301 4638 553 4691 διάνοιαν
574 4636 668 4688 τοῦ
692 4636 985 4708 ἀνθρώπου
1004 4636 1252 4705 διάφοροι
1275 4635 1610 4705 διαδέχονται
1636 4636 1902 4705 λογισμοί·

303 4725 446 4777 ποτὲ
470 4724 516 4777 δ’
538 4725 737 4795 ἐκείνῳ
765 4725 1221 4795 προστιθεμένου,
1262 4728 1352 4778 καὶ
1377 4729 1442 4796 τῇ
1467 4726 1575 4778 τῶν
1600 4726 1907 4779 ἁλλοιωτῶν

301 4816 599 4871 ἀλλοιώσει
636 4816 959 4869 συναλλοιου
970 4817 1153 4887 μένου.

390 4910 457 4963 Ἡ
491 4908 561 4963 δὲ
585 4910 794 4977 ,ϐουλὴ
821 4908 931 4963 τοῦ
960 4910 1189 4978 Κυρίου
1223 4914 1310 4977 είς
1353 4912 1462 4965 τόν
1500 4912 1685 4967 αἰῶνα
1716 4914 1905 4982 μένει.

302 5003 381 5057 Τὸ
410 5003 457 5056 δ’
488 5005 582 5057 ἐπὶ
604 5004 742 5056 πᾶσι
775 5003 917 5057 θεῖον
948 5006 1042 5057 καὶ¹
1083 5005 1416 5058 Δεσποτικδν
1448 5004 1681 5075 θέλημα,
1701 5009 1908 5077 ἀμετα-

300 5100 532 5166 κίνητον
562 5100 641 5160 είς
669 5098 762 5150 τὸν
786 5097 1007 5152 ἅπαντα
1036 5098 1285 5169 διαμένει
1305 5099 1506 5153 αἰῶνα·
1538 5100 1660 5153 ὅθεν
1685 5102 1713 5153 ὁ
1733 5102 1906 5171 τούτῳ

298 5192 681 5263 προσερείσας
712 5190 774 5243 τὸ
807 5193 909 5260 τῆς
953 5190 1134 5260 ψυχῆς
1179 5192 1354 5261 ὄμμα,
1390 5192 1486 5245 καὶ
1531 5195 1632 5263 τῆς
1674 5194 1783 5245 τῶν
1819 5211 1907 5247 κι-

294 5284 590 5355 νουμένων
629 5284 904 5354 ὑπεριδὼν
956 5287 1348 5356 ματαιότητος,
1381 5287 1575 5354 γέγονε
1620 5289 1716 5342 καὶ
1744 5289 1909 5354 αὐτὸς

292 5382 579 5451 ἄτρεπτος
624 5383 691 5449 τῇ
742 5378 1031 5432 ἀλλοιώσει
1082 5380 1191 5433 τῶν
1231 5380 1543 5433 ἀλλοιωτῶν
1588 5381 1663 5452 μὴ
1712 5382 1907 5436 συναλ-

292 5472 641 5541 λοιούμενος.

518 5564 758 5631 Καρπιῖλς
785 5565 953 5633 tit-(Sp!
980 5566 1386 5633 ἐλεημοσύνη.
1411 5568 1767 5638 Καρποφορεῖ
1788 5568 1907 5640 Θεῷ

289 5662 616 5729 ἄνθρωπος,
672 5658 773 5724 τὴν
805 5659 941 5725 πρὸς
980 5659 1106 5720 τοὺς
1146 5662 1410 5726 όμοιευεῖς
1465 5660 1843 5726 συμπάθειαν’
1870 5662 1903 5730 ἦ

287 5757 418 5807 ἐστι
467 5751 623 5815 τέλος
675 5750 783 5803 τῶν
835 5750 1068 5819 ἀρετῶν,
1123 5752 1197 5814 ὡς
1252 5753 1418 5821 νόμου
1469 5753 1565 5806 καὶ
1609 5755 1905 5826 προφητῶν

286 5854 404 5919 me.
414 5863 601 5917 ρωμα.

624 5939 879 6000 Parnm.
934 5939 1049 5997 tiu.
1097 5940 1260 5999 LXX
1339 5938 1463 5999 \‘ll.

2012 4656 2184 4697 versw
2234 4645 2289 4697 in
2335 4662 2519 4702 mente
2566 4652 2806 4706 hominis
2851 4657 3217 4725 cogitationes
3256 4662 3358 4714 sibi
3401 4678 3593 4717 succe-

2012 4733 2170 4789 dunt.
2224 4736 2540 4807 Aliquando
2585 4750 2769 4796 autem
2803 4746 2931 4800 huic
2964 4748 3041 4801 rei
3079 4750 3313 4805 intendit
3350 4756 3593 4810 animum

2010 4836 2064 4881 et
2094 4831 2257 4883 modo
2286 4833 2634 4890 mutabilium
2668 4840 2969 4894 mutatione
3003 4842 3347 4899 immolatur.

2082 4920 2380 4977 Consilium
2443 4914 2620 4981 autem
2673 4929 2886 4983 Domini
2956 4934 3008 4985 in
3078 4936 3332 4989 swculum
3396 4948 3591 4991 manet.

2012 5014 2191 5083 Super
2220 5018 2477 5073 universa
2514 5032 2696 5075 autem
2734 5024 2828 5077 Dei
2883 5040 2947 5079 ac
2988 5025 3200 5081 Domini
3241 5030 3495 5085 voluntas
3540 5033 3593 5085 in

2011 5109 2193 5161 Omnia
2226 5112 2423 5164 saecula
2457 5125 2743 5181 permanet
2781 5115 3028 5172 immma.
3068 5117 3221 5175 Unde
3261 5122 3355 5190 qui
3398 5122 3593 5175 anima:

2010 5199 2229 5253 oculum
2266 5201 2395 5257 huic
2432 5204 2623 5271 aﬂixit,
2658 5219 2921 5263 eteorum
2971 5226 3091 5279 qua:
3123 5222 3416 5267 moventur
3460 5230 3592 5268 con-

2011 5294 2234 5361 tempsit
2266 5295 2595 5364 vanitatem,
2638 5301 2812 5356 evasit
2841 5313 2894 5357 et
2928 5306 3045 5373 ipse
3086 5305 3349 5361 immotus
3372 5346 3386 5371 ,
3420 5316 3597 5361 muta-

2010 5382 2159 5438 tione
2195 5379 2540 5442 mutabilium
2573 5405 2681 5445 non
2718 5393 3072 5450 immutatus.

2084 5566 2247 5623 Vens.
2293 5570 2381 5625 ἓξ.
2418 5569 2649 5628 Fructus
2686 5576 2794 5628 viro
2825 5578 3180 5649 elcemosyna.
3227 5577 3337 5633 Deo
3368 5579 3599 5636 fructib-

2011 5670 2094 5713 cat
2134 5664 2225 5731 qui
2277 5664 2329 5717 in
2366 5668 2649 5733 proximos
2679 5672 2925 5725 ostendit
2969 5672 3429 5727 misericordiam.
3477 5670 3603 5725 "iPC

2008 5764 2092 5808 est
2126 5754 2390 5823 perfectio
2415 5759 2699 5827 virtutum,
2728 5771 2781 5818 et
2806 5762 2940 5831 legis
2966 5779 3027 5819 ac
3056 5772 3447 5835 prophetarum
3489 5779 3602 5832 pie-

2011 5847 2225 5903 nitudo.
2268 5887 2274 5891 ‹

3171 5948 3242 6006 liii
