4220 6462
302 437 442 502 1429

1370 439 1906 499 COMMEN'I'AIUI
1954 440 2029 497 ΙΝ
2076 440 2525 499 ΡίὶυΥΕΠΒΙΛ.

3424 432 3559 497 1430

300 555 428 609 ,τεῖ-
486 554 584 607 κιιί
644 552 1208 620 περικυκλώσουσιν
1260 553 1328 604 ἐν
1374 554 1725 620 δικαιοσύνῃ
1772 554 1917 611 τόν,

2037 556 2276 607 ιϊιιὶὺιιιιι
2327 557 2379 607 in
2422 555 2639 623 justitia
2678 553 2869 607 solium
2918 553 3052 620 ejus.
3102 551 3471 608 Misericordia
3507 556 3558 607 in

303 646 521 712 θρόνον
550 646 761 698 αὐτοῦ.
808 645 870 696 'll
919 644 1052 711 πρὸς
1082 645 1208 706 τοὺς
1252 647 1508 712 ὁμοφυεῖς
1543 645 1875 714 συμπάθεια,

304 739 397 787 καὶ
428 739 460 805 ὴ
498 737 635 805 πρὸς
673 738 805 788 Θεὸν
826 736 1029 805 ἀληθὴς
1065 737 1266 802 πίστις,
1301 738 1628 806 φυλακτικαί
1656 741 1759 791 είσι
1785 737 1880 789 τοῦ

304 830 412 881 τῶν
442 830 629 881 παθῶν
660 828 987 898 κρατοῦντος
1016 828 1307 899 ἀνθρώπου
1331 847 1342 859 ·
1377 831 1469 881 καὶ
1493 828 1882 899 περιλήψονται

304 922 365 973 τὸ
392 921 620 989 ἀρχικὸν
640 921 803 973 αὑτοῦ
832 923 927 975 καὶ
954 920 1321 987 αὐτεξούσιον,
1350 923 1564 983 πάντως
1587 921 1647 973 τὸ
1669 920 1878 989 νοερόν

307 1013 367 1062 ὲν
398 1006 441 1078 ᾧ
479 1012 819 1081 προκάθηται
868 1012 975 1064 τῶν
1023 1014 1115 1065 ἐπὶ
1166 1014 1267 1080 γῆς
1301 1013 1359 1064 ἐν
1401 1013 1535 1083 ὀρθῇ
1566 1012 1745 1084 κρίσει
1777 1015 1885 1066 τῶν

308 1103 450 1154 κατά
477 1102 708 1172 θεωρίαν
741 1104 833 1155 καὶ
866 1102 1062 1171 πρᾶξιν
1086 1103 1375 1172 νοημάτων
1409 1120 1469 1154 τε
1495 1106 1586 1155 καὶ
1620 1106 1885 1174 πραγμά-

306 1211 444 1246 των·
487 1194 561 1263 μὴ
624 1193 981 1263 συγχωρούσῃ
1034 1195 1175 1247 κατὰ
1223 1195 1321 1264 μὲν
1352 1194 1609 1264 θεωρίαν,
1644 1197 1723 1259 εἰς
1755 1197 1887 1249 Θεὸν

307 1283 407 1351 τὴν
438 1284 616 1335 κτίσιν
648 1284 1113 1353 παραγνωρίζειν,
1138 1284 1278 1337 κατὰ
1299 1283 1355 1335 δὲ
1384 1285 1583 1355 πρᾶξιν
1606 1286 1889 1360 λατρεύειν

308 1372 479 1441 ταύτῃ
508 1372 659 1442 παρᾶ
693 1372 782 1424 τον
813 1372 1108 1425 κτίσαντα.

379 1462 481 1515 κθ’.
541 1463 779 1531 Κόσμος
836 1463 1124 1527 νεανίαις,
1185 1464 1407 1534 σοριά·
1475 1464 1623 1529 δόξα
1670 1466 1737 1519 δὲ
1795 1470 1891 1521 καί

310 1568 375 1621 πί
393 1555 750 1621 εσϐιιοτέρων,
776 1556 979 1610 nolui.
1012 1555 1333 1626 Εύπρέπεια
1377 1557 1488 1619 τοῖς
1547 1557 1799 1620 νεάζονσι
1825 1562 1890 1628 τῇ

312 1645 611 1714 κιινοποιῷ
635 1645 727 1697 τοῦ
759 1644 1077 1707 Πνεύματος
1100 1646 1356 1715 χάριτι,ἡ
1386 1646 1480 1697 τοῦ
1500 1644 1587 1697 νοῦ
1622 1647 1734 1698 ἐστι
1761 1648 1892 1717 πρὸς

310 1736 444 1789 θεὸν
475 1738 717 1806 ἄτμητος
743 1737 938 1799 ἒνωσις
964 1755 976 1768 °
1005 1737 1159 1799 κλέος
1201 1738 1258 1789 δὲ
1296 1738 1404 1789 τῶν
1461 1737 1895 1808 πολιτευομένων

311 1828 454 1882 κατὰ
487 1830 546 1881 τὸ
573 1829 972 1897 παλαιούμενον
994 1828 1155 1899 ῥητὸν
1182 1830 1278 1898 τῆς
1309 1812 1553 1899 Γρανέῆς,
1582 1830 1613 1899 ἠ
1654 1830 1893 1900 ἀποϐολή

312 1920 557 1971 ὲστιτῶν
612 1920 943 1989 σωματικῶν
1001 1920 1188 1973 παθῶν
1251 1921 1647 1992 μελανότητος·
1694 1925 1755 1975 τὸ
1788 1924 1897 1995 γὰρ

315 2010 713 2081 παλαιούμενον
746 2012 1007 2082 γράμμα,
1065 2014 1192 2075 τοὺς
1226 2012 1345 2065 κατ’
1368 2013 1499 2066 αὐτὸ
1542 2014 1896 2087 πολιτευομέ-

314 2120 441 2164 νους
488 2104 597 2155 τῶν
647 2102 769 2155 κατ’
799 2103 1087 2182 ἐνέργειαν
1114 2105 1303 2158 παθῶν
1343 2105 1673 2159 ἀπαλλάττει
1701 2125 1713 2138 ·
1752 2108 1812 2160 τὸ
1841 2109 1898 2162 δὲ

316 2194 629 2246 καινοποιὸν
663 2194 910 2263 Πνεῦμα,
934 2197 1024 2248 τὸν
1043 2195 1165 2249 νοῦν
1204 2196 1383 2264 λόγοις
1414 2198 1604 2267 σοφίας
1635 2199 1741 2253 ἀπὸ
1766 2200 1901 2253 πάν-

316 2304 425 2340 των
451 2288 559 2339 τῶν
592 2288 912 2358 ποιημάτιον
960 2289 1095 2359 πρὸς
1137 2288 1228 2342 τὸν
1274 2290 1509 2361 Ποιητὴν
1545 2292 1897 2364 ἐπιστρέφον,

316 2378 651 2432 ἀπαλλάττει
682 2380 774 2432 καὶ
803 2378 910 2431 τῶν
946 2378 1085 2432 κατὰ
1109 2379 1373 2434 διάνοιαν.

390 2467 455 2522 λέ
496 2465 764 2520 ’Υπώπια
796 2468 890 2521 καὶ
922 2469 1339 2538 συντρίμματα
1371 2472 1645 2539 συναντᾷ
1672 2474 1898 2540 κακοῖς*

319 2559 547 2623 πληγαὶ
593 2558 662 2612 δὲ
723 2561 810 2624 είς
854 2558 1061 2628 ταλιεῖα
1096 2561 1348 2627 κοιλίας.
1392 2561 1662 2633 ’ΥπῚΒψιν
1695 2565 1904 2636 ἀνθρὼ-

322 2667 463 2713 πων,
497 2651 763 2721 τιμωρίαι
808 2650 1142 2720 σωματικαὶ,
1172 2652 1266 2705 καὶ
1314 2654 1543 2723 ἀφανεῖς
1576 2655 1753 2726 ψυχῆς
1782 2674 1903 2709 σύν-

322 2745 528 2813 τριὸαὶ,
591 2744 657 2796 δι’
706 2744 980 2797 ἀκουσίων
1023 2745 1200 2798 πόνων
1246 2746 1541 2816 ἐπιφορᾶς,
1576 2750 1903 2819 ἐπέρχονται

322 2839 437 2899 τοῖς
490 2836 933 2906 πολιτευομένοις
969 2837 1189 2900 κακῶς”
1242 2838 1455 2909 ἔλεγχοι
1484 2839 1540 2892 δὲ
1581 2842 1903 2907 συνειδότος,

325 2931 406 2994 εἰς
444 2930 511 2982 τά
539 2929 680 3000 βάθη
703 2932 801 3001 τῆς
830 2929 1071 2992 διανοίας
1100 2932 1302 2984 αὐτῶν.

908 3024 1155 3075 ΚΕΦΑΛ.
1191 3024 1323 3077 KA'.

400 3112 470 3169 α’.
494 3115 725 3182 ’Ὠσπερ
782 3114 933 3183 ὁρμὴ
990 3115 1209 3181 ὕδατος
1241 3116 1455 3184 καρδία
1502 3118 1809 3184 ,βασιλέως
1839 3119 1907 3171 ἐν

1984 647 2271 715 proximos
2322 654 2374 699 et
2420 661 2549 700 vera
2604 644 2735 699 lides
2781 646 2833 698 in
2888 645 3078 706 Deum,
3129 645 3385 699 custodes
3435 653 3563 699 sunt

1989 738 2226 791 hominis
2289 738 2381 805 qui
2432 736 2781 803 passionihus
2843 736 3073 804 imperat
3110 754 3121 787 :
3157 747 3209 788 et
3249 736 3563 789 circuibuut

1987 827 2130 895 quod
2170 828 2221 879 in
2260 828 2377 897 ipso
2429 827 2681 893 imperat,
2729 826 3066 879 voluntatem
3117 826 3327 880 scilicet
3374 842 3435 879 ac
3478 828 3561 879 in-

1990 914 2287 975 tellectum,
2327 928 2435 983 quo
2479 927 2645 981 super
2678 914 2861 966 omnia
2899 921 3112 966 terrena
3146 913 3298 967 sedet
3328 914 3380 966 in
3415 923 3559 966 recta

1989 1002 2321 1057 discretione
2359 1004 2753 1073 cogitationum
2814 1003 2866 1055 in
2920 1002 3149 1065 theoria,
3183 1010 3237 1055 et
3286 1002 3560 1054 actiotuuu

1992 1095 2042 1146 in
2079 1096 2253 1163 praxi.
2301 1094 2566 1149 Discrctio
2612 1094 2727 1147 lucc
2783 1109 2889 1147 non
2936 1094 3202 1162 permittit
3252 1092 3304 1146 in
3355 1092 3563 1145 theoria

1990 1185 2210 1253 quidem
2256 1193 2561 1239 creaturam
2609 1201 2720 1255 pra:
2768 1184 2877 1240 Deo
2917 1198 3270 1254 cognoscere,
3307 1184 3359 1237 in
3410 1183 3561 1252 praxi

1993 1286 2173 1332 autem
2207 1288 2514 1333 creaturam
2551 1294 2659 1349 prre
2691 1278 2950 1332 Creatore
2979 1278 3228 1331 adorare.

2065 1447 2227 1502 Vens.
2258 1448 2348 1502 29.
2386 1447 2621 1503 Ornatus
2662 1448 3084 1501 adolescentibus
3126 1450 3387 1517 sapientia
3416 1467 3430 1512 ;
3459 1450 3567 1517 glo-

1996 1540 2077 1593 ria
2110 1549 2285 1593 autent
2318 1540 2584 1593 seniorum
2636 1541 2873 1593 canities.
2926 1540 3167 1595 Ornatus
3209 1541 3571 1608 iuvenescen-

1998 1631 2145 1685 libus
2186 1630 2355 1699 gratia
2404 1630 2687 1685 novatrice
2735 1630 2978 1699 Spiritus
3022 1632 3220 1693 sancti,
3259 1634 3569 1687 aretissima

1998 1732 2083 1776 est
2129 1726 2259 1777 uuio
2307 1722 2373 1776 ad
2430 1722 2621 1776 Deum.
2669 1722 2850 1775 Gloria
2902 1732 3079 1775 autem
3126 1726 3571 1779 conversantium

2002 1815 2301 1868 secundum
2342 1815 2679 1884 antiquatum
2720 1814 3015 1884 Scriptura:
3054 1815 3300 1877 verbum,
3339 1816 3573 1883 abjectio

1998 1915 2081 1961 est
2139 1906 2438 1975 uigredinis
2496 1909 2746 1975 conporis
2810 1908 3153 1975 passiomnn.
3215 1908 3573 1977 Autiquatum

2000 1997 2143 2051 enim
2190 1997 2455 2065 scriptum
2490 2013 2585 2052 eos
2613 2000 2704 2068 qui
2748 1998 3045 2052 secundum
3080 1999 3211 2051 illud
3241 2015 3575 2054 conversan-

2003 2101 2091 2145 tur
2139 2107 2168 2145 a
2212 2093 2567 2162 passionibus
2622 2094 2751 2147 totis
2806 2094 3013 2147 viribus
3055 2102 3289 2147 amovet.
3343 2093 3579 2163 Spiritus

2002 2193 2182 2239 autem
2224 2186 2496 2241 innovatis
2544 2188 2826 2257 sapientiae
2869 2186 3053 2242 verbis
3093 2188 3481 2257 cogitationem
3528 2197 3580 2238 et

2003 2284 2185 2330 actum
2225 2290 2253 2329 a
2294 2277 2566 2333 creaturis
2617 2278 2812 2333 avertit
2861 2286 2916 2332 et
2968 2276 3033 2331 ad
3086 2276 3400 2332 Creatorem
3450 2292 3581 2331 cou-

2003 2366 2188 2421 vertit.

2076 2457 2242 2514 Vens.
2276 2457 2364 2513 50.
2401 2456 2612 2514 Livores
2657 2468 2705 2513 et
2751 2461 3094 2513 contritiones
3137 2446 3421 2513 occurrunt
3468 2475 3581 2509 ma—

2006 2551 2115 2605 lis:
2144 2552 2317 2621 plaga:
2365 2561 2537 2605 autem
2580 2553 2633 2604 in
2673 2562 2876 2605 secreta
2922 2554 3132 2607 reatris.
3174 2551 3421 2605 Visiliilia
3459 2567 3583 2604 cor—

2008 2645 2157 2712 poris
2196 2644 2465 2714 supplicia
2513 2652 2565 2696 et
2613 2645 2915 2699 invisibiles
2961 2646 3155 2699 anima:
3200 2644 3584 2704 contritiones,

2008 2750 2103 2804 per
2133 2736 2567 2789 voluntariorum
2598 2736 2846 2790 laborum
2884 2738 3166 2805 impetum,
3190 2736 3587 2806 superveniunt

2011 2828 2151 2881 male
2200 2827 2677 2881 conversantibus.
2738 2826 2954 2881 Stimuli
3007 2835 3188 2882 autem
3238 2828 3589 2883 conscientiae

2012 2917 2065 2970 in
2095 2915 2365 2987 proluuda
2399 2916 2751 2986 cogitationis
2786 2933 2999 2970 eorum.

2222 3074 2227 3077 _
2632 3006 2973 3062 ear.xxr

2083 3095 2247 3151 Vens.
2302 3097 2351 3150 Ι.
2410 3096 2558 3151 Sicut
2609 3098 2831 3158 impetus
2872 3114 3043 3167 aqttw,
3078 3098 3153 3151 ita
3218 3115 3307 3152 cor
3352 3100 3486 3169 regis
3540 3101 3593 3150 iu

330 3206 478 3277 χειρὶ
504 3206 653 3260 Θεοῦ
675 3223 688 3237 ·
720 3202 792 3262 οὗ
824 3207 933 3260 ἐὰν
962 3208 1109 3275 θέλῃ
1147 3208 1360 3262 νεῦσαι
1409 3208 1648 3263 ἔκλινεν
1694 3211 1907 3277 αὐτὴν.

2029 3204 2179 3242 nanu
2211 3188 2345 3252 Dei;
2398 3206 2703 3259 quocunque
2744 3190 2969 3243 voluerit
3013 3192 3249 3253 innuere,
3282 3192 3409 3243 illuc
3446 3193 3599 3243 incli-

334 3302 547 3369 Ὥσπερ
575 3298 674 3370 τὴν
717 3300 811 3352 τοῦ
843 3298 1036 3361 ὓδατος
1098 3301 1270 3371 φοράν
1291 3302 1318 3353 ό
1345 3302 1602 3372 ὀχετηγὸς
1636 3303 1758 3370 ἄγει
1782 3305 1911 3358 ἔνθα

332 3393 427 3445 καὶ
459 3390 727 3461 βούλεται,
771 3390 915 3445 οὕτω
950 3390 1045 3443 καὶ
1079 3393 1111 3461 ἡ
1147 3394 1625 3465 παντοκρατορικὴ
1652 3396 1742 3446 τοῦ
1776 3396 1911 3449 Θεοῦ

333 3484 587 3555 δύναμις,
624 3483 723 3555 τὴν
745 3484 921 3555 ψυχὴν
952 3484 1045 3537 τοῦ
1078 3484 1449 3553 βασιλεύοντος
1478 3486 1577 3539 εἴτ’
1607 3487 1913 3558 ἀνθρώπων

333 3576 446 3628 εἴτε
474 3576 684 3638 παθῶν,
715 3577 870 3647 φέρει
900 3576 975 3640 ὼς
1031 3576 1180 3647 αὑτῷ
1202 3576 1320 3647 Θεῷ
1355 3577 1611 3645 βουλητόν
1636 3595 1649 3609 ·
1687 3580 1785 3648 τὴν
1816 3582 1914 3651 μὲν

333 3668 428 3721 τοῦ
456 3668 783 3738 κρατοῦντος
797 3669 1121 3741 ἀνθρώπων,
1145 3671 1223 3731 είς
1240 3670 1399 3723 τινῶν
1422 3670 1521 3740 μὲν
1552 3672 1913 3741 συμπάθειαν,

336 3761 611 3832 ὲτέρωνδὲ
642 3763 911 3833 τιμωρίαν
933 3760 1155 3815 κινοῦσα
1175 3777 1186 3790 ·
1226 3762 1361 3829 πρὸς
1385 3762 1445 3815 τὸ
1475 3766 1752 3834 συμφέρον
1782 3765 1917 3819 πάν-

334 3872 443 3918 τως
497 3854 734 3923 ἑκάστῳ,
792 3854 894 3907 κᾶν
950 3854 1023 3924 μὴ
1086 3854 1221 3925 πρὸς
1248 3854 1406 3908 τοῦτο
1438 3856 1567 3918 ῐσως
1608 3856 1636 3907 ὁ
1666 3844 1917 3924 βασιλεὺς

334 3946 508 3998 ταῦτα
532 3948 682 4014 ποιῇ,
716 3945 833 3999 ἀλλ’
891 3945 996 3999 ὑπὸ
1026 3946 1239 4009 εύνοίας
1290 3948 1323 4017 ἢ
1368 3946 1559 4016 μίσους
1590 3947 1879 4018 ἑλκόμενος
1902 3964 1915 3979 ·

334 4038 435 4109 τὴν
481 4038 536 4091 δὲ
590 4036 687 4091 τοῦ
746 4034 937 4091 παθῶν
990 4039 1370 4109 κυριεύοντος,
1426 4039 1736 4109 ποδηγοῦσα
1784 4040 1920 4109 πρὸς

336 4132 463 4194 τοὺς
518 4128 937 4193 λυσιτελούντως
988 4128 1139 4200 αύτῷ
1188 4129 1403 4199 λόγους,
1464 4128 1498 4199 ἢ
1552 4129 1786 4200 τρόπους
1812 4129 1921 4183 τῶν

336 4223 569 4294 ἀρετῶν.

412 4317 476 4388 β’.
504 4316 630 4383 Πᾶς
662 4316 819 4385 ἀνὴρ
852 4316 1126 4386 φαίνεται
1151 4313 1343 4379 ἐαυτῷ
1411 4314 1665 4381 δίκαιος-⁸
1714 4330 1924 4368 κατευ-

338 4409 501 4463 θύνει
541 4408 609 4461 δὲ
638 4407 887 4476 καρδίας
918 4411 949 4462 ό
981 4408 1216 4475 Κύριος.
1250 4408 1347 4468 Ὃς
1379 4405 1444 4459 ἂν
1478 4405 1586 4458 τῶν
1618 4404 1925 4475 ἀνθρώπων

337 4498 440 4572 τὴν
468 4500 609 4553 κατὰ
682 4502 879 4571 νόμους
940 4498 1116 4562 θείους
1170 4498 1362 4569 ἕληται
1392 4497 1690 4558 πολιτείαν,
1732 4498 1925 4563 ὁρᾶται

343 4596 443 4665 μὲν
474 4593 787 4665 ἀνθρώποις
834 4596 962 4665 παρ’
1007 4593 1182 4662 ἑαυτῷ
1214 4592 1503 4662 ἄμεμπτος
1528 4605 1542 4621 ⁸
1563 4593 1590 4643 ὁ
1619 4590 1676 4643 δὲ
1711 4592 1928 4643 πάντων

339 4688 622 4757 Δεσπότης
643 4686 797 4751 Θεὸς,
822 4685 1276 4756 προνοίαςλόγοις
1299 4685 1393 4737 καί⁵
1411 4685 1668 4755 κρίσεως,
1689 4686 1932 4753 ἀπαρεγ-

339 4780 543 4843 κλίτως
574 4779 709 4849 πρὸς
731 4778 791 4831 τὸ
822 4778 1027 4846 ἁγαθῖν
1075 4776 1282 4831 ὁδεύειν
1309 4775 1723 4846 παρασκευάζει
1750 4777 1931 4830 πᾶσαν

337 4870 518 4943 ψυχὴν
539 4870 637 4943 τὴν
660 4872 872 4934 τούτοις
896 4870 1189 4923 ἐθέλουσαν
1214 4868 1467 4923 ἕπεσθαι.

412 4966 485 5034 γ’.
518 4965 721 5019 Ποιεῖν
744 4963 968 5025 δίκαια,
995 4962 1095 5015 καὶ
1125 4962 1469 5029 ἀληθεύειν,
1502 4960 1728 5028 ἀρεστὰ
1774 4960 1934 5030 παρὰ

343 5056 468 5123 Θεῷ
502 5055 760 5125 μᾶλλον,
804 5057 840 5122 ἢ
877 5053 1105 5109 θυσιῶν
1134 5050 1299 5123 αἷμα.
1329 5054 1401 5106 Τὸ
1426 5052 1685 5123 πράττειν
1708 5053 1807 5115 τάς
1838 5052 1934 5106 τοῦ

340 5151 479 5205 θεοῦ
520 5151 765 5215 ἐντολὰς,
821 5149 915 5202 καὶ
945 5149 1005 5201 τὸ
1057 5148 1359 5218 προσάγειν
1406 5145 1582 5218 τούτῳ
1644 5144 1936 5215 ὁμολογίαν

341 5244 545 5315 ἀληθῆ,
578 5244 849 5313 εύάρεστά
880 5243 1017 5293 εἰσιν
1045 5240 1193 5310 αὐτῷ
1225 5240 1366 5311 ὑπὲρ
1394 5238 1455 5292 τδ
1488 5237 1730 5307 νομικῶς
1766 5254 1936 5307 προσ-

341 5340 614 5408 αγόμενον
641 5339 772 5407 παρ’
809 5335 1081 5390 Ἰουδαίων
1104 5329 1243 5403 αἷμα
1274 5332 1379 5385 τῶν
1404 5331 1625 5386 θυσιῶν·
1702 5333 1937 5401 ιοἜλεον

340 5437 474 5503 γὶρ,
508 5433 663 5502 φησῖ,
696 5431 853 5493 θέλω,
883 5432 976 5483 καὶ
996 5430 1056 5483 οὑ
1090 5428 1305 5483 θυσίαν.
1338 5446 1355 5478 ι
1397 5494 1400 5497 ν

417 5606 921 5675 δῖΜεγαλὸρρων
964 5605 1056 5673 ἐφ’
1115 5606 1295 5672 ῧϐιει,
1356 5603 1816 5672 θριισυκὰίδιςς.
1881 5605 1938 5653 ὐ

345 5700 491 5772 μέγα
527 5700 863 5771 κεκτημένος
890 5698 1165 5771 φρόνημα,
1201 5701 1258 5752 ὲν
1288 5699 1364 5768 τῷ
1392 5699 1669 5769 Gaz-pagi:
1705 5699 1804 5768 μὲν
1830 5697 1937 5750 τῶν

419 5885 438 5913 ⁸
470 5882 631 5938 Osce.
668 5898 739 5947 vt,
768 5880 831 5945 li;
867 5880 1040 5933 Matth
1098 5896 1191 5945 sat,
1222 5878 1268 5928 Τ.

2021 3296 2146 3333 nare
2189 3280 2344 3332 illud.
2387 3279 2863 3345 Quemadmodum
2907 3296 3063 3351 aqua:
3105 3280 3301 3335 ductor
3337 3283 3598 3351 impetum

2022 3388 2176 3442 aqum
2223 3372 2309 3424 ubi
2354 3373 2465 3424 vult
2514 3372 2722 3441 dirigit,
2768 3375 2837 3425 ita
2882 3384 2934 3426 et
2980 3374 3327 3444 omnipotens
3361 3374 3452 3427 Dei
3498 3376 3599 3432 vis,

2023 3468 2259 3519 animam
2297 3466 2535 3535 regentis
2574 3466 2692 3520 sive
2727 3467 3006 3531 homines,
3040 3466 3154 3521 sive
3190 3467 3499 3535 passiones,
3538 3466 3602 3517 ad

2025 3558 2119 3613 Dei
2167 3557 2567 3627 beneplacitum
2623 3559 2916 3629 gubernat,
2953 3560 3194 3613 animam
3247 3558 3469 3628 quidem
3523 3576 3607 3609 ιϊ-

2026 3652 2206 3721 3entis
2259 3650 2529 3713 homines,
2577 3652 2645 3705 ad
2693 3651 3102 3706 miserationem
3157 3653 3489 3720 aliquorum,
3540 3653 3606 3705 ad

2025 3758 2245 3813 poenam
2293 3744 2525 3797 aliorum
2573 3742 2867 3807 movendo,
2902 3742 2969 3797 ad
3019 3744 3294 3813 propriam
3345 3744 3607 3797 uniuscu-

2023 3836 2224 3905 jusque
2258 3835 2570 3900 utilitatem,
2610 3837 2862 3905 quamvis
2899 3836 3034 3890 forte
3065 3836 3206 3890 hanc
3242 3852 3330 3891 rex
3377 3852 3485 3890 non
3525 3838 3610 3889 iu-

2030 3926 2233 3992 tendat,
2264 3927 2356 3981 sed
2395 3936 2517 3997 agat
2540 3926 2944 3992 benevolentia,
2972 3927 3053 3981 vcl
3086 3926 3212 3981 odio
3240 3936 3459 3992 motus;
3495 3929 3606 3979 aui-

2029 4032 2172 4071 tuam
2209 4024 2390 4071 autem
2425 3999 2777 4086 passionibus
2817 4018 3158 4071 dominantis
3202 4017 3514 4072 inducenda
3557 4020 3613 4072 in

2032 4124 2314 4164 sermones
2346 4118 2439 4162 aut
2472 4110 2737 4163 virtutum
2773 4109 3019 4165 instituta
3058 4110 3159 4179 ipsi
3187 4110 3505 4187 profutura.

2111 4288 2271 4345 Vens.
2309 4290 2364 4343 2.
2408 4288 2594 4345 Omnis
2646 4291 2724 4343 vir
2770 4290 2979 4344 videtur
3027 4292 3128 4345 sibi
3172 4292 3387 4363 justus;
3435 4293 3625 4367 dirigit

2036 4392 2210 4436 autem
2248 4380 2411 4435 corda
2446 4378 2729 4437 Dominus.
2760 4381 2950 4437 Omnis
2984 4382 3146 4438 homo
3176 4387 3265 4453 qui
3288 4385 3444 4453 juxta
3473 4387 3619 4457 leges

2036 4474 2251 4528 divinas
2314 4475 2790 4527 conversationem
2853 4484 2939 4527 est
3009 4476 3339 4543 amplexus,
3400 4477 3621 4529 videtur

1966 4565 2006 4620 D
2036 4565 2257 4635 quidem
2302 4564 2620 4618 hominibus
2666 4579 2694 4616 a
2743 4564 2925 4633 seipso
2961 4566 3293 4634 inculpatus.
3339 4564 3481 4621 Deus
3521 4582 3619 4621 au-

2034 4666 2140 4711 tem
2198 4659 2581 4712 universorum
2628 4658 2912 4721 Dominus,
2964 4660 3254 4727 prudentia
3303 4668 3355 4713 ct
3407 4661 3617 4715 disere-

2034 4755 2181 4807 tioue
2227 4768 2442 4806 onmem
2491 4753 2729 4813 animam
2768 4753 2835 4806 iis
2872 4752 3102 4820 obsequi
3150 4754 3423 4808 volentem
3464 4766 3625 4824 parat

2036 4847 2101 4901 ad
2138 4859 2282 4902 recte
2317 4847 2715 4901 ambulandum
2752 4848 2805 4901 in
2843 4847 2926 4901 via
2961 4848 3203 4901 virtutis.

2108 4940 2273 4997 Vens.
2319 4942 2372 4994 '5.
2435 4939 2634 4994 Facere
2673 4941 2825 5010 justa
2874 4950 2923 4994 et
2975 4957 3211 4994 ueracem
3256 4958 3386 5007 esse,
3422 4942 3627 5010 plariia

2038 5047 2158 5092 sunt
2198 5038 2336 5105 apud
2376 5036 2543 5091 Deum
2585 5039 2753 5106 magis
2801 5054 2961 5105 quam
3003 5038 3338 5091 victimarum
3386 5041 3622 5109 sanguis.

2040 5129 2293 5184 Mandata
2330 5129 2418 5184 Dei
2463 5130 2711 5200 implere,
2752 5130 2941 5199 illique
2984 5146 3169 5185 verum
3206 5130 3452 5199 proferre
3496 5148 3628 5185 eou-

2042 5223 2377 5289 lcssiouem,
2434 5225 2609 5291 magis
2669 5222 2811 5294 apud
2861 5238 2984 5277 eum
3044 5223 3239 5293 placita
3287 5231 3415 5278 sunt
3463 5239 3626 5292 quant

2043 5321 2388 5373 victimarum
2446 5321 2701 5388 legalium
2758 5320 2983 5388 sanguis
3036 5335 3063 5371 a
3124 5318 3327 5374 Judmis
3383 5320 3624 5377 oblatus.

2041 5412 2183 5466 Dicit
2222 5403 2365 5467 enim
2406 5432 2418 5466 :
2457 5432 2472 5463 ι
2508 5412 2942 5467 Miscricordiam
2987 5412 3132 5478 volo,
3166 5422 3219 5466 ct
3263 5428 3368 5465 non
3412 5414 3626 5472 sacriti—

2043 5507 2186 5559 ciunt
2220 5508 2259 5558 ’.
2304 5525 2321 5557 ι
2696 5560 2710 5577 ,

2116 5600 2288 5654 Vnus.
2334 5601 2388 5654 4.
2443 5598 2637 5669 Magna
2688 5601 2894 5667 sapiens
2946 5601 2997 5652 in
3042 5597 3401 5660 contumelia,
3454 5600 3632 5649 aulas

2043 5694 2216 5749 corde.
2261 5694 2361 5761 Qui
2398 5711 2653 5765 magnum
2688 5694 2847 5747 habet
2879 5693 3122 5745 animum
3164 5691 3294 5744 dum
3334 5690 3461 5742 vilia
3507 5687 3636 5759 qui-
