4220 6462
344 350 478 414 1449

1416 354 1943 415 COMIIIE'NTAIUI
1994 356 2071 412 ΙΝ
2103 356 2553 418 PROVERBIA.

3494 364 3628 423 1550

340 468 564 536 θαρχεῖν
595 468 779 532 θείοις,
814 473 907 523 καὶ
947 473 1183 542 ἐννόμως
1229 472 1584 525 ἐπιστατοῦσι
1630 476 1743 535 τοῖς
1788 473 1914 542 πράι

2035 488 2155 541 qua:
2183 476 2577 542 jnreoumibns
2621 480 2750 525 sunt
2779 471 3115 540 superiores,
3140 484 3189 524 et
3218 488 3320 523 non
3369 474 3624 526 humanis

342 573 538 624 γμαοι,
576 560 670 611 καὶ
705 561 778 629 μὴ
811 562 1174 626 ἀνθρωπίνοις
1201 564 1294 615 καὶ
1338 561 1475 628 πρὸς
1511 562 1774 633 ἐργασίαν
1832 562 1925 614 τοῦ

341 646 502 698 καλοῦ
533 646 623 698 διὰ
685 648 748 699 τὸ
798 650 895 718 τῆς
937 652 1141 719 ἀρετῆς
1201 652 1459 705 ἐπίπονον
1486 652 1874 705 ἀποκναίουσιν
1909 667 1923 683 ·

334 737 484 800 ὅπως
512 741 637 802 ταῖς
656 739 1024 811 Θεωρητικαῖς
1056 745 1153 794 καὶ
1176 748 1297 805 ταῖς
1328 748 1665 813 πρακτικαῖς
1689 749 1789 815 τῆς
1824 747 1927 813 ψυ-

336 833 438 901 χῆς
470 831 735 902 δυνάμεσι
776 834 875 902 τὴν
917 834 1118 900 γνῶσιν
1152 835 1246 887 καὶ
1289 836 1385 904 τὴν
1415 836 1615 906 ἀρετὴν
1662 838 1924 907 ἐνεργῶν,

337 925 420 983 είς
440 920 593 986 Θεὸν,
628 922 704 986 ὡς
742 923 1002 992 ἀλήθειαν
1035 928 1128 979 καὶ
1173 927 1376 993 ἀγαθὸν
1421 929 1671 997 φέρηται,
1713 932 1806 983 καὶ
1852 930 1926 1000 μὴ

339 1012 689 1083 μακρύνηται
728 1014 946 1080 τούτου,
976 1018 1043 1085 τῇ
1082 1015 1264 1085 σχέσει
1295 1018 1402 1069 τῶν
1448 1018 1649 1070 ὑλικῶν
1706 1020 1925 1073 ἀπατώο

338 1118 519 1170 μενος,
551 1102 645 1155 καὶ
674 1104 805 1171 περὶ
835 1105 1009 1157 ταῦτα
1048 1105 1183 1173 μόνα
1207 1108 1662 1177 καταγινόμενος.

918 1196 1170 1249 ΚΕΦΛΛ.
1211 1198 1335 1251 Kl".

403 1285 473 1348 α’,
534 1288 600 1355 β’.
672 1288 808 1339 Ἐὰν
846 1288 1105 1355 καθίσῃς
1157 1289 1426 1343 δειπνεῖν
1473 1291 1572 1344 ἐπὶ
1623 1294 1924 1363 τραπέζης

332 1378 661 1443 δυνάστου,
689 1376 921 1445 γοητῶς
943 1382 1068 1433 νόει
1104 1382 1175 1433 τὰ
1200 1383 1635 1452 παρατιθέμενὰ
1671 1403 1789 1449 σοι,
1827 1386 1925 1439 καὶ

329 1470 622 1523 επιόαλλε
656 1470 772 1537 τὴν
806 1471 977 1540 χεῖρά
1017 1488 1154 1530 σου.
1201 1472 1328 1526 Ἐἀν
1361 1477 1441 1539 είς
1488 1476 1753 1530 ἀπάθειαν
1783 1478 1924 1547 φθά-

268 1614 271 1619 _
332 1575 456 1627 σῃς,
490 1560 842 1631 παυσάμενος
870 1562 968 1631 τῆς
1004 1564 1143 1633 πρὸς
1201 1565 1404 1616 κακίαν
1438 1568 1724 1635 κινήσεως,
1782 1569 1923 1622 ὥστε

331 1649 695 1720 τοῦιούρανοῦ
721 1652 1063 1715 καταϐάντος
1101 1655 1267 1725 ἄρτου
1315 1656 1575 1711 δύνασθαι
1643 1660 1923 1728 μεταλαμ-

332 1742 540 1805 ϐἀνειν,
570 1743 663 1794 ἐπὶ
696 1745 808 1807 τοῖς
836 1744 911 1808 ὡς
949 1747 1007 1798 ἐν
1036 1747 1297 1817 τέσσαρσι
1335 1731 1467 1800 ποσί
1498 1752 1607 1812 τοῖς
1634 1752 1921 1821 στοιχείοις

2037 571 2092 614 et
2133 564 2199 615 ad
2232 565 2606 633 operationem
2650 561 2776 615 boni
2810 572 3029 631 propter
3047 563 3521 616 rirtutislaborem
3546 566 3624 629 pi-

2034 654 2175 724 gris:
2203 665 2260 707 ut
2290 656 2644 722 speculativis
2679 663 2729 707 et
2753 654 3165 706 activisauima:
3191 654 3400 706 viribus
3446 654 3625 706 scien-

2035 747 2164 800 tiam
2208 762 2268 800 ac
2301 747 2556 799 virtutem
2575 761 2830 815 operaus,
2866 747 2917 797 in
2962 744 3128 797 Deum
3160 753 3217 797 ut
3254 746 3537 798 veritatem
3572 757 3625 802 ct

2034 837 2237 892 bonum
2266 837 2492 898 feratur,
2513 853 2689 906 neque
2709 838 2776 889 ab
2799 852 2863 889 eo
2884 836 3043 905 longe
3064 844 3405 895 amoveatur,
3428 835 3622 890 atl'et‘tn

2034 937 2376 985 terrenorum
2407 931 2685 1001 deceptus,
2719 932 2893 1001 iisque
2921 931 3055 983 Solis
3087 941 3412 999 occupatus.

2628 1195 2779 1249 CAP.
2839 1193 3029 1247 XXIII.

2105 1281 2270 1337 Vens.
2308 1283 2359 1349 Ι,
2390 1284 2446 1337 2.
2489 1284 2549 1339 Si
2587 1288 2789 1338 sederis
2816 1302 3022 1338 ca'nare
3052 1288 3120 1336 ad
3169 1303 3403 1339 mensam
3440 1301 3621 1349 poten-

2036 1374 2138 1438 εἰς,
2200 1378 2465 1444 sapienter
2527 1379 2763 1447 intellige
2824 1396 2939 1448 qua:
2997 1391 3337 1444 apponuntur
3397 1381 3518 1441 tibi,
3572 1391 3620 1433 et

2034 1466 2184 1519 mitte
2212 1483 2427 1520 manant
2456 1477 2627 1523 tuam.
2667 1470 2722 1523 Si
2761 1471 2826 1522 ad
2862 1473 3181 1539 passionum
3222 1474 3620 1525 immunitatem

2035 1559 2373 1628 perveneris,
2416 1564 2803 1630 sedaverisque
2846 1563 2910 1615 ad
2939 1566 3139 1615 malum
3171 1565 3621 1633 propensionem,

2034 1651 2108 1704 ita
2144 1660 2202 1704 ut
2248 1654 2407 1722 panis
2439 1654 2533 1723 qui
2560 1654 2626 1707 de
2652 1656 2793 1708 curlo
2816 1657 3099 1709 descendit
3132 1658 3311 1725 possis
3347 1660 3459 1709 lieri
3496 1672 3621 1726 par-

2042 1742 2239 1811 ticeps,
2274 1744 2485 1797 scilicet
2529 1744 2620 1800 Dei
2658 1747 3051 1815 omnipotentis
3080 1758 3351 1801 creaturae
3380 1749 3622 1801 eleiuen-

333 1834 629 1902 ἱσταμένης
653 1835 883 1898 κτίσεως
909 1834 1003 1887 τοῦ
1040 1839 1451 1906 παντοδυνὰμου
1487 1840 1648 1903 Θεοῦ,
1682 1842 1756 1911 μὴ
1783 1842 1914 1894 κατ’

2030 1830 2100 1884 tis
2140 1832 2297 1899 quasi
2336 1842 2571 1901 quatuor
2608 1835 2830 1903 pedibus
2863 1838 3085 1901 stantis,
3134 1840 3235 1891 hac
3288 1854 3354 1892 ne
3390 1855 3622 1893 sensum

331 1924 586 1991 αἴσθησιν
609 1925 812 1994 ταύτης
843 1925 1080 1979 ἀπόλαυε
1118 1943 1129 1954 ·
1168 1928 1304 1981 ἀλλὰ
1334 1930 1400 1981 τὰ
1433 1930 1571 1984 κατά
1623 1934 1683 1984 τὸ
1738 1934 1921 2002 φαινό-

334 2017 494 2083 μενόν
536 2033 618 2069 σοι
652 2019 1129 2091 προκείμενα-εἴδη
1156 2022 1384 2092 ταύτης,
1419 2026 1621 2095 νοερῶς
1648 2028 1920 2097 καταλάμ-

328 2106 483 2171 ϐανε,
518 2108 645 2170 τοὺς
675 2108 879 2162 τούτων
911 2111 1103 2179 λόγους
1144 2113 1440 2183 συλλέγων,
1497 2118 1590 2171 καὶ
1652 2121 1771 2173 κατ’
1818 2121 1919 2173 αύο

327 2200 453 2261 τοὺς
484 2198 751 2269 ἐπιχείρει
780 2201 1040 2270 πράττειν
1070 2203 1132 2254 τὸ
1162 2205 1384 2272 ἀγαθόν.

396 2290 587 2357 Εἰδὼς
621 2291 708 2344 ὅτι
747 2292 990 2346 τοιαῦτά
1030 2311 1103 2348 σε
1132 2295 1229 2349 δεῖ
1246 2298 1724 2365 παρασκευάσαι.
1762 2301 1922 2354 Γινώ-

328 2399 474 2437 σκων
499 2384 581 2437 ὃτι
609 2386 897 2454 μιμεῖσθαι
925 2387 1057 2439 Θεὸν
1090 2391 1202 2451 τοῖς
1244 2390 1429 2459 ἔργοις
1484 2393 1742 2459 ὀφείλεις,
1794 2412 1916 2464 κιρ-

326 2474 431 2525 νῶν
459 2476 601 2527 κατὰ
632 2476 860 2546 γνώμην
898 2478 998 2541 τὰς
1041 2482 1416 2549 ἀναλογούσας
1462 2486 1574 2547 τοῖς
1632 2487 1917 2556 στοιχείοις

324 2566 598 2636 τέσσαρας
634 2570 861 2637 γενικὰς
902 2573 1112 2641 ἀρετάς
1147 2589 1161 2604 ⁸
1214 2575 1309 2627 καὶ
1361 2576 1450 2629 τὸν
1503 2578 1643 2629 κατά
1679 2578 1919 2632 διάνοιαν

324 2657 796 2727 Θεοπρεπέστατον
821 2664 914 2715 καὶ
943 2665 1104 2727 αὐτὸς
1138 2666 1399 2719 συνιστῶν
1423 2668 1650 2737 κόσμον,
1670 2672 1782 2734 τοῖς
1816 2689 1917 2723 κα·-

322 2746 392 2799 τὰ
421 2748 585 2817 μέρος
612 2750 721 2803 τῶν
752 2751 961 2816 ἀρετῶν
985 2753 1182 2806 εἴδεσιν
1217 2770 1230 2783 ’
1284 2756 1342 2807 ἐν
1403 2756 1481 2826 τῷ
1530 2759 1790 2827 μετάγειν
1832 2777 1918 2812 σο-

324 2837 441 2905 φῶς
471 2838 538 2891 δι’
560 2840 835 2911 ἐμφεροῦς
862 2843 1201 2913 ὁμοιότητος,
1234 2847 1330 2917 τὴν
1366 2847 1507 2899 κατά
1537 2849 1628 2901 τὸν
1659 2850 1918 2921 αἰσθητὸν

321 2929 507 2981 αἰῶνα
530 2931 801 3002 μυστικὴν
827 2932 1082 3002 θεωρίαν,
1110 2938 1203 2987 ἐπὶ
1232 2938 1323 2988 τὸν
1373 2940 1515 2992 κατὰ
1572 2941 1813 2994 διάνοιαν
1859 2944 1916 2996 ἐν

320 3016 595 3087 πνεύματι
640 3019 729 3071 διὰ
761 3019 870 3072 τῶν
906 3023 1116 3091 ἀρετῶν
1156 3027 1649 3099 συμπληρούμενον
1689 3035 1912 3102 κόσμον.

278 3102 281 3107 ’
393 3115 463 3175 γ’.
517 3111 585 3162 Et
638 3111 705 3163 δὲ
754 3112 1210 3184 ἀπληστότερος
1259 3118 1334 3182 εἷ,
1365 3120 1449 3188 μὴ
1498 3122 1765 3192 emotum
1796 3126 1915 3179 τῶν

321 3199 669 3268 ἐδεσμάτων
698 3204 907 3257 αὐτοῦ.
949 3205 1009 3256 Εἰ
1037 3206 1079 3257 δ’
1110 3209 1209 3259 οὐκ
1235 3209 1377 3280 ἀρκῇ
1410 3214 1474 3281 τῇ
1510 3214 1685 3283 τοιᾲδε
1711 3215 1912 3281 γνώσει

318 3292 432 3344 τῶν
462 3293 695 3362 ἀρετῶν,
732 3296 848 3347 ἀλλ’
887 3298 980 3348 ἐπὶ
1012 3298 1172 3351 πλέον
1212 3302 1352 3353 κατὰ
1381 3304 1615 3373 Θεωρίαν
1675 3307 1910 3378 ἐκτείνῃ,

324 3385 402 3453 μὴ
428 3384 527 3454 ἔρα
568 3386 1013 3456 καταλαμϐάνειν
1040 3392 1108 3443 τὰ
1155 3394 1285 3460 παρ’
1346 3394 1511 3446 αὐτοῦ
1560 3397 1721 3464 μόνου
1775 3399 1911 3451 Θεοῦ

319 3479 707 3547 γινωσκόμενα
733 3482 1009 3550 μυστήρια
1040 3480 1150 3535 οἷον
1169 3486 1250 3547 τὸ,
1278 3487 1426 3549 ὅπως
1459 3490 1521 3539 ἐκ
1552 3490 1644 3541 τοῦ
1680 3492 1912 3562 ἀγεννή-

315 3584 414 3620 του
441 3569 655 3639 Πατρὸς
688 3572 713 3622 ὁ
764 3575 1056 3643 μονογενὴς
1104 3577 1270 3628 αὑτοῦ
1332 3581 1426 3631 καὶ
1487 3584 1751 3647 συναῖδιος
1784 3586 1911 3649 Υἱὸς

315 3663 597 3728 γεννᾶται,
634 3666 725 3715 καὶ
754 3665 815 3715 τὸ
844 3668 1113 3719 συναῖόιον
1143 3670 1307 3723 αὑτοῦ
1344 3674 1707 3743 ἐκπορεύεται
1742 3679 1911 3732 Πνεῦ-

319 3770 399 3821 μα
426 3772 437 3783 ·
472 3756 566 3806 καὶ
593 3756 738 3818 ὅπως
768 3758 921 3828 παρὰ
950 3759 1085 3813 Θεοῦ
1120 3762 1152 3831 ἡ
1179 3763 1355 3827 κτίσις
1407 3768 1471 3818 ἐκ
1512 3766 1606 3819 τοῦ
1640 3765 1911 3839 μὴἰντος

316 3848 607 3918 παρήχθη-

394 3937 586 3991 Τιιῦτα
617 3937 727 4007 γὰρ
762 3940 962 4009 ἔχεται
1004 3943 1154 4010 ζωῆς
1202 3947 1491 4013 ψευδοῦς.
1553 3950 1610 4003 Ὀ
1669 3952 1777 4021 γὰρ
1843 3956 1908 4005 τὰ

312 4028 562 4091 τοιαῦτα,
596 4030 723 4082 ὅντα
770 4033 1150 4103 ἀκατάληπτα,
1214 4040 1655 4111 καταλαμϐάνειν
1704 4045 1909 4118 ἐπιχει-

313 4120 447 4190 ρῶν,
470 4119 699 4188 ψευδοῦς
728 4124 1011 4193 ἀντέχεται
1030 4129 1304 4196 γνώσεως.

380 4213 445 4267 δ’.
478 4214 575 4282 Μὴ
623 4220 1041 4287 παρεκτείνων,
1088 4223 1278 4289 πένης
1331 4225 1435 4288 ὢν,
1483 4234 1776 4296 πλουσίῳ.
1816 4238 1907 4309 Μὴ

309 4304 403 4362 οὖν
421 4311 448 4362 ό
464 4311 726 4377 πλασθεὶς
749 4316 811 4367 ἐκ
830 4315 973 4386 χοὸς,
996 4320 1091 4369 καί
1110 4319 1209 4387 τῆς
1231 4319 1381 4383 θείας
1412 4323 1635 4393 χάριτος
1665 4304 1905 4401 ἐπιδεὴς,

308 4403 415 4454 κᾶν
472 4406 709 4476 μετέχῃς
763 4405 923 4473 Θεοῦ,
974 4410 1268 4482 παρεξίσου
1330 4415 1504 4485 τούτῳ
1557 4420 1780 4485 ἐαυτὸν,
1828 4425 1905 4494 τῷ

304 4494 551 4566 ἀκτίστῳ
570 4499 664 4549 καὶ
691 4499 1065 4571 ύπερπλήρει,
1106 4507 1550 4577 καταλαμϐάνειν
1577 4514 1740 4566 αὑτὸν
1778 4518 1899 4570 ἐπι-
1939 4538 1979 4591 ι)

305 4586 535 4655 χειρῶν,
560 4588 635 4651 ὡς
668 4585 811 4643 οἶδεν
836 4592 1001 4656 αὐτὸς
1019 4595 1235 4651 ἐαυτὸν.

382 4676 460 4745 Τῇ
501 4679 570 4732 δὲ
600 4679 685 4749 σῇ
714 4682 922 4750 ἐννοίᾳ
954 4686 1259 4755 ἀπέσχου.
1312 4690 1649 4762 Ἀπόστησον
1695 4696 1750 4749 δὲ
1800 4698 1902 4767 τὴν

298 4766 541 4821 διάνοιάν
601 4787 693 4824 σου
756 4774 867 4827 ἀπὸ
917 4775 1016 4845 τῆς
1049 4780 1170 4829 κατ’
1213 4779 1403 4832 οὐσίαν
1433 4783 1526 4834 τοῦ
1562 4785 1695 4837 Θεοῦ
1727 4788 1902 4856 Λόγου

300 4862 687 4933 καταλήψεως.

370 4962 433 5010 ε’.
485 4959 629 5011 Ἐὰν
654 4960 1003 5031 ἐπιστήσῃς
1026 4966 1091 5017 τὸ
1125 4968 1244 5019 σὸν
1274 4968 1435 5038 ὄμμα
1487 4972 1641 5039 πρὸς
1685 4976 1894 5041 αἰετὸν,

293 5047 568 5117 οὐδαμοῦ
597 5052 893 5120 φανεῖται.
940 5056 1065 5109 Ἐἀν
1111 5059 1220 5130 γὰρ
1268 5062 1329 5114 τὸ
1357 5064 1541 5133 νοερὸν
1578 5069 1672 5136 τῆς
1720 5067 1898 5139 ψυχῆς

294 5156 394 5191 σου
424 5140 582 5212 ὄμμα
612 5144 831 5216 ὲρείσῃς
859 5147 995 5217 πρὸς
1028 5151 1193 5203 αὐτὸν
1229 5154 1458 5219 ἀτενῶς,
1484 5157 1574 5210 τὸν
1612 5158 1715 5211 ὑπὸ
1758 5161 1897 5213 πάν-

291 5248 404 5285 των
437 5235 513 5298 ὡς
547 5239 721 5292 αἴτιον
765 5245 1200 5314 κηρυττόμενον,
1235 5249 1292 5301 ἐν
1323 5251 1501 5305 οὐδενὶ
1551 5256 1671 5307 κατ’
1708 5256 1895 5309 οὐσίαν

290 5324 432 5395 εύρή
442 5344 572 5391 σεις,
594 5330 670 5393 ὡς
706 5332 733 5385 ὑ
747 5350 807 5385 πε
818 5335 1052 5403 ρούσιον.

364 5423 856 5479 Κατεσκεύασται
914 5430 1025 5497 γὰρ
1085 5432 1245 5499 αὐτῷ
1312 5435 1600 5506 πτέρυγες
1689 5439 1893 5509 ὥσπερ

286 5510 494 5564 ἀετοῦ.
543 5512 601 5566 Ὀ
637 5516 745 5586 γὰρ
777 5520 897 5571 κατ’
930 5523 1120 5575 οὐσίαν
1151 5525 1327 5593 μένων
1358 5530 1414 5579 ἐν
1448 5529 1524 5598 τῷ
1550 5532 1745 5597 Πατρὶ,
1796 5535 1891 5586 καὶ

286 5602 484 5655 ἀδιαστ
500 5620 638 5669 ιτως
668 5610 749 5672 εἰς
779 5612 871 5663 τὸν
898 5614 1104 5684 κόσμον
1146 5617 1508 5689 ἐξερχόμενος
1569 5624 1691 5676 κατ’
1740 5626 1891 5697 ἐνέρ-

286 5709 470 5760 γειαν,
494 5695 569 5759 ὡς
604 5697 672 5750 ἂν
703 5717 1031 5771 κηρυττοιτο
1066 5708 1170 5761 ὑπὸ
1195 5710 1303 5763 τῶν
1329 5714 1588 5767 αίτιατῶν
1621 5720 1686 5787 τῇ
1715 5736 1884 5771 κατα-

286 5788 497 5858 φατικῇ
555 5787 823 5863 θεολογία,
883 5794 959 5857 ὡς
1016 5798 1189 5862 αἴτιος
1242 5809 1537 5875 μονογενὴς
1600 5807 1695 5859 τοῦ
1748 5809 1883 5866 Θεοῦ

614 5886 886 5952 ΡΑΤιιῡι..
935 5895 1053 5956 (in.
1088 5898 1462 5965 LXXXVII.

2026 1922 2148 1976 Iiler
2208 1925 2447 1991 fruaris,
2506 1929 2597 1981 sed
2662 1939 2991 1997 apparentes
3050 1931 3170 1999 ejus
3240 1933 3455 1987 oblatas
3520 1935 3618 1987 tibi

2026 2001 2230 2069 fo'rmas
2270 2017 2641 2087 intelligenter
2683 2022 2901 2089 accipe,
2941 2022 3134 2074 harum
3180 2028 3421 2079 rationes
3468 2027 3622 2080 ιόΙΙὶ-

2024 2122 2158 2178 gens
2186 2118 2241 2162 et
2266 2112 2567 2163 secundum
2603 2128 2695 2166 eas
2727 2116 2943 2168 enitens
2969 2114 3170 2169 bonum
3200 2121 3437 2186 operari.

2095 2288 2278 2344 Sciens
2313 2292 2450 2361 quod
2498 2304 2696 2360 oportet
2740 2306 2785 2349 te
2828 2297 2960 2350 talia
3015 2315 3339 2367 prmpararc.
3401 2287 3619 2371 Cosno-

2022 2396 2185 2435 scens
2221 2385 2348 2452 quia
2389 2385 2555 2438 Deum
2598 2388 2649 2439 in
2688 2390 2948 2457 Operihus
2983 2392 3179 2444 imitari
3217 2392 3382 2446 debes
3412 2408 3505 2461 per
3524 2410 3619 2447 eu-

2022 2476 2342 2544 gitatiouem
2407 2480 2646 2535 miscens
2702 2494 2942 2551 quatuor
2998 2486 3229 2542 virtutes
3286 2490 3618 2558 principales

2020 2569 2308 2626 elementis
2366 2575 2814 2631 accommodatas
2877 2586 2930 2631 et
2986 2590 3248 2635 mundum
3310 2585 3617 2639 secundum

2020 2674 2277 2730 sensum,
2338 2666 2444 2719 Deo
2493 2668 2882 2737 dignissimum
2938 2676 3325 2739 constituens,
3382 2681 3617 2748 singulis

2023 2754 2281 2821 virtutum
2315 2759 2630 2826 speciebus,
2678 2760 2752 2813 ita
2806 2770 2863 2814 ut
2891 2768 3306 2833 comparatione
3344 2771 3615 2832 instituta,

2022 2847 2305 2914 mysticam
2334 2851 2518 2902 saaculi
2550 2852 2829 2907 sensibilis
2861 2857 3359 2913 considerationem
3395 2864 3611 2931 sapien-

2021 2946 2101 2989 ter
2126 2938 2432 3007 transferas
2465 2942 2530 2994 ad
2561 2943 2983 2999 intellectualem
3022 2951 3284 3003 mundum
3319 2952 3412 3020 qui
3446 2954 3614 3023 spiri-

2020 3025 2243 3078 tualiter
2275 3042 2372 3096 per
2406 3030 2639 3085 virtutes
2672 3044 3113 3089 consummatur.

2090 3114 2254 3171 Vens.
2293 3120 2345 3172 5.
2385 3119 2445 3174 Si
2469 3122 2833 3176 insatiabilior
2864 3142 2943 3191 es,
2985 3144 3046 3180 ne
3082 3128 3345 3185 desideres
3382 3132 3445 3186 de
3484 3135 3615 3187 cibis

2016 3209 2153 3277 ejus.
2214 3209 2268 3265 Si
2324 3229 2427 3265 non
2482 3215 2577 3268 tibi
2629 3216 2861 3271 sufﬁciat
2922 3221 3155 3274 scientia
3203 3223 3295 3277 illa
3324 3226 3614 3292 virtutum,

2018 3303 2362 3374 ampliusque
2395 3308 2726 3363 extendatur
2756 3313 3062 3379 speculatio
3100 3325 3210 3379 tua,
3239 3333 3305 3372 ne
3327 3318 3616 3375 desideres

2016 3408 2211 3461 capere
2239 3401 2497 3467 mysteria
2548 3415 2576 3452 a
2634 3399 2740 3454 Deo
2796 3404 2916 3457 solo
2952 3407 3199 3474 cognita,
3235 3410 3420 3475 qualia
3485 3421 3616 3465 sunt

2015 3487 2301 3553 generatio
2348 3490 2612 3558 unigeniti
2661 3502 2715 3545 et
2740 3497 3001 3549 coaeterni
3046 3497 3169 3551 Filii
3204 3517 3231 3552 a
3266 3498 3427 3556 Patre
3462 3505 3614 3573 iugo-

2017 3574 2151 3641 nito,
2181 3580 2463 3645 processio
2495 3584 2751 3637 comterui
2779 3583 3042 3655 Spiritus,
3065 3600 3116 3644 et
3141 3593 3352 3647 crcatio
3382 3611 3409 3649 e
3443 3598 3614 3650 nihilo

2018 3679 2045 3718 a
2081 3666 2193 3721 Dco
2230 3670 2394 3724 i'atta.

2078 3963 2205 4017 Ilaec
2224 3967 2363 4019 enim
2398 3968 2629 4023 obtinent
2658 3973 2817 4025 vitam
2854 3975 3071 4043 falsam.
3100 3976 3254 4032 Talia
3284 3984 3456 4046 enim,
3486 4000 3610 4039 cum

2013 4056 2134 4124 capi
2171 4072 2277 4110 non
2311 4073 2565 4128 possunt,
2605 4073 2695 4132 qut
2732 4080 2931 4136 capere
2966 4083 3224 4135 conatur,
3245 4073 3394 4128 falsze
3430 4078 3612 4132 SClt'lI-
3681 4135 3691 4145 ,

2012 4148 2100 4201 tia:
2126 4148 2387 4206 adhzeret.

2084 4238 2251 4295 Vens.
2286 4242 2338 4296 4.
2362 4242 2592 4317 Pauper,
2615 4263 2675 4299 ne
2704 4250 2880 4319 erigas
2906 4253 3089 4307 oculos
3119 4263 3234 4309 tuos
3264 4259 3332 4309 ad
3364 4242 3605 4315 divitem.

2011 4330 2134 4386 Noli
2164 4334 2351 4404 igitur,
2379 4338 2656 4406 epulvére
2704 4344 3036 4411 plasmatus,
3082 4348 3383 4418 divinaque
3434 4356 3610 4421 gratia

2009 4424 2285 4495 indigens.
2318 4433 2569 4498 quamvis
2609 4432 2699 4487 Dei
2756 4438 3037 4507 particeps
3082 4440 3357 4507 eiliciaris,
3415 4457 3612 4499 tetnet-

2013 4518 2193 4586 ipsum
2235 4521 2328 4575 illo
2361 4524 2609 4579 inereato
2641 4543 2704 4580 ac
2744 4528 3021 4587 immenso
3071 4536 3443 4604 mquiparare,
3482 4555 3610 4593 eum

2009 4611 2227 4665 enitens
2252 4618 2723 4682 comprehendere
2757 4621 2906 4675 sicut
2937 4623 3051 4691 ipse
3083 4625 3328 4693 seipsum
3363 4630 3535 4681 novit.

2099 4701 2215 4757 Tua
2248 4714 2424 4759 autem
2460 4711 2884 4767 consideratione
2912 4714 3140 4769 abstine.
3168 4720 3369 4774 Averte
3394 4724 3611 4791 cogita-

2008 4793 2214 4848 tionem
2274 4806 2425 4853 tuam
2486 4815 2513 4851 τι
2579 4803 2673 4856 Dei
2712 4803 2893 4860 Verbo
2942 4807 3249 4863 secundum
3305 4815 3607 4868 essentiam

2005 4896 2550 4961 comprehendendo.
3446 4888 3452 4909 κ

2065 4981 2289 5038 ὶἚιιεὸ.
2309 4984 2369 5041 Si
2388 4989 2673 5044 intenderis
2692 4993 2902 5047 oculum
2923 5005 3069 5049 tuum
3090 4997 3158 5049 ad
3175 5000 3325 5053 illum
3345 5018 3607 5071 nusquam

2005 5081 2301 5145 apparebit.
2346 5081 2401 5135 Si
2442 5085 2588 5137 enim
2630 5088 2854 5141 oculum
2908 5091 3108 5144 anima:
3167 5092 3605 5149 intellectualem

2002 5180 2209 5227 attente
2238 5173 2423 5230 ﬂxeris
2457 5176 2509 5230 in
2529 5193 2859 5250 emn,quem
2898 5194 2955 5236 ut
2988 5200 3215 5240 causam
3243 5189 3425 5242 omnia
3460 5205 3607 5258 prre-

1999 5261 2533 5337 dicant,vnltsquam
2568 5275 2943 5329 essentialitcr
2976 5277 3269 5341 invenies,
3304 5283 3396 5350 qui
3436 5299 3603 5352 supra

1997 5370 2216 5411 omnem
2252 5365 2550 5417 essentiam
2598 5369 2814 5435 positus
2847 5380 2952 5425 est.

2071 5446 2288 5503 Parata:
2311 5453 2449 5505 enim
2475 5468 2597 5508 sunt
2622 5459 2669 5510 ei
2698 5461 2801 5512 ala:
2840 5472 3096 5532 tanquam
3137 5468 3354 5535 aquilam
3395 5468 3603 5539 Unige-

1994 5540 2171 5595 nitum
2208 5546 2353 5598 enim
2395 5544 2489 5603 Dei
2538 5548 2806 5619 Verbum,
2861 5574 3090 5613 manens
3127 5563 3507 5616 essentiuliter
3546 5565 3601 5619 in

1992 5631 2155 5688 Patre
2187 5650 2250 5689 ac
2286 5639 2407 5695 sine
2441 5648 2789 5713 separatione
2821 5651 2873 5704 in
2903 5652 3169 5706 mundum
3209 5670 3303 5722 per
3339 5657 3598 5710 virtutem

1992 5728 2240 5793 veniens,
2271 5740 2329 5783 ut
2361 5734 2505 5787 sicut
2533 5753 2698 5793 causa
2727 5757 2752 5792 ιι
2780 5744 3026 5798 causalis
3057 5744 3109 5798 in
3145 5745 3419 5817 theologia
3452 5750 3594 5801 allir—

1991 5820 2194 5873 mativa
2256 5825 2612 5899 praedicetur,
2672 5832 2914 5904 Spiritus
2972 5839 3048 5893 illi
3100 5842 3632 5900 consubstantiaiis'

3103 5935 3183 5999 ῖιῦ
