4220 6462
654 365 710 426 14
721 366 788 426 63

1979 359 2324 420 PROCOPll
2367 361 2606 420 GAZEI

3771 355 3904 419 1466

649 473 848 522 anima:
904 481 996 533 per
1056 475 1386 538 peccatum;
1447 484 1653 540 eosque
1705 471 1787 525 sic
1857 472 2203 541 periclitante

2335 471 2476 524 οὕτω
2531 474 2978 538 κινδυνεύοντας,
3037 474 3356 544 ὶλιυθεροῦν
3403 473 3491 526 διὰ
3547 468 3899 542 χρημάτων

649 559 882 612 liberare
923 560 1074 612 ontni
1147 560 1314 614 modo
1357 575 1576 625 conare,
1621 561 1738 616 sive
1767 577 1900 631 opes
1952 563 2068 618 sive
2106 579 2209 617 sitr-

2325 565 2596 617 παντοίων
2631 565 2804 632 λόγων
2835 566 2928 618 καὶ
2952 565 3190 635 τρόπων,
3225 566 3300 635 μὴ
3327 566 3652 634 ὲκκακίσῃς.

647 663 839 702 ιιιοιιεε
872 649 1202 703 adhibendo.

720 736 884 791 Vens.
934 739 1017 791 i2.
1049 739 1108 792 Si
1139 748 1314 792 autem
1365 741 1588 802 dixeris,
1644 739 1837 795 Nescio
1881 742 2056 805 hunc;
2091 745 2224 796 scito

645 830 890 894 quoniam
920 828 1174 882 Dominus
1199 830 1361 882 corda
1387 833 1620 884 omnium
1644 835 1930 903 cognoscit,
1949 846 1998 888 et
2017 835 2106 905 qui
2129 835 2220 888 de-

645 918 721 970 dit
761 921 1001 987 spiritum
1049 922 1308 984 omnibus,
1353 925 1460 990 ipse
1498 925 1638 976 novit
1671 926 1893 989 omnia;
1928 928 2018 995 qui
2051 927 2220 980 reddit

644 1016 922 1081 unicae/ue
965 1016 1246 1068 secundum
1279 1033 1435 1084 opera
1484 1019 1622 1085 ejus.
1680 1019 1736 1073 Si
1792 1029 1970 1073 autem
2009 1021 2220 1077 dixeris

644 1109 696 1158 in
752 1109 1082 1176 temetipso:
1135 1107 1227 1160 Ille
1280 1111 1372 1178 qui
1427 1112 1569 1179 perit
1618 1113 1734 1166 sive
1781 1113 1961 1180 quoad
1995 1128 2219 1182 corpus,

641 1200 755 1250 slve
795 1201 972 1265 quoad
1007 1199 1268 1262 animam,
1315 1216 1420 1253 non
1451 1211 1621 1256 notus
1654 1213 1738 1256 est
1782 1205 1913 1257 milii
1943 1220 1956 1268 ;
1988 1213 2043 1258 et
2073 1207 2219 1274 peri-

641 1291 827 1341 eulum
882 1291 932 1342 in
979 1288 1094 1359 quo
1130 1299 1382 1343 versatur
1423 1295 1848 1361 contempseris,
1896 1296 2038 1350 scito
2093 1298 2219 1364 quia

644 1379 906 1433 lunninus
933 1383 1176 1433 omnium
1212 1381 1351 1434 Deus
1386 1384 1756 1451 cogitationes
1802 1387 2123 1453 cognoscit;
2167 1398 2222 1442 ct

641 1468 732 1533 qui
771 1468 934 1518 vitam
970 1469 1229 1523 omnibus
1276 1471 1558 1523 conceSsit
1598 1471 1940 1536 hominibus,
1975 1476 2094 1543 ipse
2128 1491 2220 1530 ae—

639 1569 831 1612 curate
856 1561 1040 1611 omnia
1077 1560 1250 1620 novit,
1288 1570 1338 1612 et
1371 1561 1489 1629 ipse
1541 1563 1686 1616 sicut
1734 1562 2086 1631 justissimus
2126 1567 2220 1635 ju-

638 1651 741 1702 dex
781 1651 1078 1720 unicuique
1113 1653 1290 1705 reddit
1339 1653 1558 1724 dignam
1612 1669 1842 1724 operum
1888 1657 2215 1713 mercedem.

638 1741 938 1810 Propterea
973 1759 1000 1794 a
1042 1742 1150 1797 Deo
1188 1745 1623 1799 misericordiam
1673 1737 1788 1800 non.
1825 1756 2214 1817 consequetur,

637 1837 762 1903 quia
786 1843 841 1888 et
871 1835 987 1903 ipse
1022 1837 1254 1902 proximi
1289 1854 1394 1891 non
1429 1840 1692 1893 misertus
1719 1850 1824 1894 cst.

708 1924 874 1978 Vens.
931 1926 1016 1977 15.
1055 1924 1284 1979 Comede
1323 1928 1444 1991 mel,
1497 1929 1616 1994 ﬁli;
1647 1930 1812 1983 bonus
1845 1931 1981 1982 enim
2012 1941 2089 1985 est
2137 1931 2220 1999 fa-

636 2033 749 2077 rus,
783 2027 837 2067 ut
867 2015 1133 2070 dulcescat
1155 2028 1335 2086 guttur
1365 2028 1528 2070 tuum.
1568 2019 1690 2086 Fili,
1726 2021 2089 2087 spiritualiter
2125 2038 2218 2090 pa-

636 2125 788 2163 si'ere
843 2111 1154 2162 ditinorum
1212 2125 1533 2163 sermonum
1599 2111 1895 2168 dulcedine
1950 2133 1962 2167 :
2019 2113 2218 2168 horum

633 2202 780 2255 enim
811 2201 1062 2254 doctrina
1097 2202 1232 2256 bene
1275 2203 1534 2257 omnibus
1572 2213 1835 2273 aptatur;
1865 2207 2010 2260 sicut
2041 2206 2218 2261 mellis

634 2292 792 2346 fariis
847 2292 914 2345 iis
961 2293 1054 2360 qui
1091 2293 1238 2345 illam
1277 2293 1550 2347 docentur
1583 2303 1706 2363 apte
1739 2296 2213 2349 accommodatur.

633 2384 760 2439 Ilios
820 2385 1038 2452 quidem
1102 2385 1194 2454 qui
1260 2394 1610 2454 peccatorum
1670 2387 1834 2442 lthis
1887 2386 2217 2442 sordescunt

633 2477 910 2547 purifieat,
943 2493 1038 2530 eos
1068 2490 1247 2530 autent
1287 2478 1556 2530 illuminat
1587 2481 1676 2547 qni
1706 2480 1757 2532 in
1797 2481 2038 2535 tenebris
2069 2483 2215 2549 igno-

633 2570 825 2622 rantiae
857 2570 1200 2634 detinentur,
1258 2570 1564 2638 virtuteque
1590 2580 1642 2624 et
1674 2571 1903 2625 scientia
1951 2573 2214 2642 praeditos

632 2663 861 2729 liCl'iit'il.
896 2661 964 2716 Ut
993 2678 1116 2715 cum
1149 2663 1238 2714 illa
1283 2662 1536 2715 doctrina
1590 2663 1763 2718 fueris
1812 2664 2068 2729 satiatus,
2122 2682 2214 2721 vo-

632 2756 846 2823 luptate
904 2754 1174 2821 spirituali
1226 2755 1500 2822 repleatur
1559 2757 1788 2823 spiritus
1837 2764 1988 2819 tuus,
2029 2771 2058 2809 a
2103 2772 2215 2826 quo

628 2848 787 2915 quasi
837 2863 863 2900 a
916 2855 1135 2914 gutture
1183 2845 1421 2915 quodam
1478 2847 1798 2914 spirituales
1847 2851 2214 2919 cogitationes

628 2939 825 2991 animae
852 2936 1256 2991 diﬂunduntnr.

704 3029 866 3082 Vens.
907 3028 990 3082 Η.
1032 3027 1121 3080 Sic
1170 3029 1362 3081 senties
1395 3029 1715 3096 sapientiam
1764 3032 1942 3084 aninto
1975 3041 2084 3088 tuo.
2120 3032 2212 3091 Sic

2397 737 2484 805 ιβ’.
2529 740 2663 792 Ἐὰν
2687 739 2754 792 δὲ
2779 741 2975 808 εἴπῃς,
3040 743 3161 794 Οὐκ
3189 736 3322 793 οἶδα
3370 738 3604 798 τοῦτον,
3640 736 3904 805 γίνωσκε

2323 829 2411 882 ὅτι
2439 832 2651 897 Κύριος
2679 832 2926 898 καρδίας
2948 831 3192 884 πάντων
3214 830 3494 898 γινώσκει
3520 843 3537 859 °
3561 828 3659 881 καὶ
3686 831 3718 882 ὀ
3753 826 3906 880 πλά-

2321 937 2439 987 σας
2473 923 2672 988 πνοὴν
2697 922 2906 985 πᾶσιν,
2939 923 3123 987 αὐτὸς
3159 923 3284 976 οἶδε
3322 922 3520 974 πάντα
3545 937 3561 953 ο
3595 920 3664 986 ὃς
3691 918 3906 974 ἀποδι-

2325 1012 2512 1066 δωσιν
2537 1013 2774 1078 ἑκάστῳ
2813 1015 2960 1067 κατὰ
2990 1014 3061 1066 τὰ
3088 1013 3234 1080 ἔργα
3261 1013 3473 1066 αὐτοῦ.
3519 1013 3646 1065 Ἐὰν
3679 1013 3724 1064 δ’
3755 1014 3904 1078 ἐρεῖς

2326 1105 2446 1157 καθ’
2470 1105 2684 1167 ἑαυτὸν,
2721 1106 2796 1166 ὠς
2815 1100 2983 1167 Οὗτος
3001 1107 3029 1156 ὁ
3052 1102 3447 1170 ἀπολλύμενος,
3482 1103 3590 1155 εἴτε
3620 1102 3763 1153 κατά
3797 1101 3879 1152 σῶ

2325 1213 2424 1267 μα,
2456 1197 2566 1249 εἴτε
2620 1200 2759 1250 κατά
2788 1196 2988 1266 ψυχὴν,
3034 1201 3275 1264 γνωστός
3315 1196 3415 1267 μού
3449 1197 3588 1257 ἑστι,
3618 1195 3714 1248 καὶ
3735 1211 3908 1246 κατα-

2322 1290 2600 1359 φρονήσῃς
2658 1289 2822 1342 αὺτοῠ
2890 1289 3295 1352 κινδυνεύοντος
3326 1329 3341 1354 ,
3398 1289 3489 1342 ἔσο
3540 1287 3698 1350 εἰδὼς
3747 1287 3829 1338 ὅτι
3876 1287 3906 1337 ὁ

2321 1380 2603 1449 Δεσπότης
2637 1379 2745 1432 τῶν
2790 1379 2928 1432 ὅλων
2982 1380 3113 1442 Θεὸς
3141 1381 3360 1432 πάντων
3380 1380 3478 1441 τὰς
3499 1378 3740 1439 διανοίας
3773 1377 3904 1429 ὲπί-

2324 1486 2517 1523 σταται
2555 1488 2568 1500 ·
2605 1472 2698 1522 καὶ
2741 1473 2768 1523 ό
2819 1472 3123 1541 παρασχὼν
3180 1471 3326 1540 ζωὴν
3357 1474 3523 1522 πᾶσιν
3566 1469 3902 1538 ἀνθρώποις,

2320 1554 2475 1624 οὗτος
2505 1562 2750 1632 ἀκριϐῶς
2780 1562 2960 1614 πάντα
2990 1562 3273 1630 γινώσκει,
3299 1563 3397 1615 καὶ
3415 1560 3574 1624 αὐτὸς
3591 1555 3679 1612 οἷα
3709 1560 3907 1628 κριτὴς

2319 1649 2674 1715 δικαιότατος,
2725 1651 2881 1714 ἀξίας
2935 1653 3042 1704 τῶν
3072 1650 3249 1720 ἔργων
3274 1651 3504 1703 ἑκάστου
3531 1649 3630 1711 τάς
3665 1647 3908 1715 ἀμοιϐὰς

2321 1742 2745 1794 ἀποδίδωσι-διὸ
2783 1743 2882 1796 οὐκ
2916 1743 3190 1815 ἐλεηθήσῃ
3233 1745 3361 1811 παρ’
3428 1741 3620 1804 αὑτοῦ,
3689 1741 3773 1793 ὅτι
3807 1740 3908 1792 καὶ

2323 1833 2486 1895 αὐτὸς
2508 1832 2597 1884 τὸν
2623 1833 2839 1903 ὀμοφυῆ
2868 1834 2968 1886 οὑκ
2993 1835 3124 1902 ὴλέη
3135 1850 3252 1891 σας.

2395 1924 2483 1991 ιγ’.
2538 1923 2694 1994 Φάγε
2729 1925 2887 1994 μέλι,
2934 1925 3312 1994 υίέοὰγιαθὸν
3365 1925 3476 1994 γὰρ
3532 1928 3767 1993 κηρίον,
3798 1927 3904 1979 ἵνα

2320 2014 2634 2083 γλυκανθῇ
2686 2019 2858 2070 σουό
2887 2016 3144 2085 φάρυγξ.
3205 2017 3461 2087 Τράφηθι
3515 2016 3908 2086 πνευματικῶς

2317 2110 2384 2177 τῇ
2409 2107 2516 2160 τῶν
2549 2106 2710 2160 θείων
2763 2108 2961 2171 λογίων
2985 2107 3310 2178 γλυκύτητι,
3363 2110 3584 2161 τέκνονο
3621 2109 3761 2174 καλὴ
3797 2111 3908 2178 γάρ

2317 2199 2527 2270 ἐστινὴ
2576 2199 2812 2269 ἁρμονία
2854 2201 2955 2268 τῆς
3006 2198 3217 2251 τούτων
3271 2199 3662 2262 διδασκαλίας·
3707 2201 3906 2269 κηρίου

2321 2291 2533 2360 μέλιτος
2568 2291 2746 2361 δίκην,
2783 2289 3075 2360 προσφυῶς
3102 2292 3214 2352 τοῖς
3237 2289 3642 2360 διδασκομένοις
3666 2289 3909 2359 ἁρμοζο-

2320 2384 2512 2454 μένης,
2539 2383 2616 2446 ὼς
2645 2383 2754 2437 τῶν
2782 2382 2881 2452 μὲν
2917 2383 3133 2452 κηλῖσιν
3168 2383 3584 2452 ἁμαρτημάτων
3645 2384 3907 2451 ερῤυπω-

2287 2462 2494 2548 ,μένων
2535 2476 2907 2546 καθαρτικῆς,
2943 2477 3053 2528 τῶν
3078 2477 3134 2529 δὲ
3169 2477 3350 2528 σκότει
3381 2475 3605 2542 ἀγνοίας
3626 2474 3908 2526 καλυπτο-

2320 2567 2518 2636 μένων,
2569 2566 2939 2634 φωτιστικῆς’
2981 2563 3341 2632 τελειωτικῆς
3364 2563 3425 2615 δὲ
3477 2563 3586 2615 τῶν
3631 2561 3906 2630 ἐναρέτων

2316 2658 2409 2710 καὶ
2437 2655 2756 2725 γνωστικῶν
2786 2673 2799 2686 ·
2831 2656 2916 2707 ἵνα
2945 2655 3356 2725 ὲμφορηθέντος
3385 2669 3479 2706 σου
3505 2652 3606 2722 τῆς
3640 2650 3906 2718 τοιαύτης

2315 2749 2685 2812 διδασκαλίας,
2738 2747 2934 2817 ἡδονῆς
2988 2745 3369 2814 πνευματικῆς
3427 2743 3690 2814 πληρωθῇ
3751 2758 3846 2794 σου
3878 2740 3908 2791 ὀ

2315 2841 2438 2904 νοῦς
2469 2859 2482 2872 ’
2513 2842 2581 2893 δι’
2606 2836 2798 2910 οὗπερ,
2828 2842 2904 2903 ῶς
2932 2856 3081 2901 τινος
3121 2839 3428 2908 φάρυγγος,
3455 2835 3526 2888 τά
3550 2832 3908 2904 πνευματικὰ

2315 2933 2560 3002 νοήματα
2578 2934 2642 3001 τῇ
2669 2932 2816 3001 ψυχῇ
2845 2929 3332 3001 παραπέμπονται.

2387 3023 2468 3077 ιδ’.
2503 3023 2702 3087 Οὕτως
2728 3021 2996 3086 αἰσθήσῃ
3021 3021 3248 3087 σοφίαν
3272 3016 3345 3085 τῇ
3371 3014 3544 3085 ψυχῇ
3569 3029 3706 3069 σου.
3737 3012 3906 3068 Οὕτω

626 3122 773 3174 enim
835 3122 886 3173 in
942 3123 1124 3173 anima
1185 3121 1469 3189 sapientiae
1533 3122 1882 3176 dulcedinem
1955 3128 2208 3192 senties;

2315 3113 2422 3184 γὰρ
2452 3113 2706 3181 γλυκείας
2739 3111 3082 3181 αίσθανθήσῃ
3113 3110 3264 3162 ’κατὰ
3308 3109 3488 3177 ψυχὴν
3512 3106 3614 3174 τῆς
3668 3107 3866 3174 σοφίας
3887 3121 3901 3134 ·

627 3212 960 3265 dulcissima:
993 3212 1137 3265 enim
1167 3212 1288 3280 ejus
1318 3213 1625 3281 spiritualis
1651 3214 2080 3282 pulchritudinis
2114 3235 2210 3288 per

628 3305 751 3356 \ita:
784 3304 1180 3372 perfectionem
1213 3305 1538 3371 experieris.

697 3395 752 3447 Si
775 3400 909 3448 enim
943 3398 1221 3462 inveneris,
1259 3400 1357 3451 erit
1387 3399 1551 3452 bonus
1581 3398 1777 3461 obitus,
1811 3410 1858 3452 et
1890 3418 2005 3468 spes
2035 3412 2082 3454 te
2107 3419 2210 3455 non

622 3490 846 3542 deseret.
899 3489 954 3542 Si
987 3491 1131 3544 enim
1167 3505 1419 3559 quaerens
1452 3505 1571 3544 eam
1629 3499 1682 3543 et
1731 3492 1782 3544 in
1820 3490 2126 3561 Scripturis
2157 3503 2211 3548 et

625 3587 676 3633 in
716 3584 1016 3644 creatione,
1058 3583 1336 3637 inveneris
1371 3598 1489 3637 eam
1514 3592 1751 3650 utpotea
1779 3586 1982 3639 creatis
2010 3587 2209 3654 pradi-

623 3686 804 3727 ratam
837 3694 848 3739 ;
885 3677 1063 3730 bonus
1089 3676 1181 3728 tibi
1205 3677 1306 3729 erit
1341 3677 1462 3729 vitae
1489 3675 1633 3740 linis,
1662 3676 1790 3746 quia
1823 3693 1916 3746 per
1944 3691 2064 3730 eam
2097 3692 2212 3730 ma-

625 3783 696 3819 nu
755 3767 980 3821 duceris
1030 3766 1107 3820 ad'
1149 3767 1407 3822 salutem.
1459 3765 1754 3837 Propterea
1789 3782 1909 3821 eam
1961 3767 2212 3836 obtinere

625 3873 906 3927 t.tt:tqu.’tm
933 3858 1277 3928 desperabis.

698 4044 856 4098 \‘izns.
906 4045 986 4096 lii.
1030 4042 1154 4096 ΔὙοίί
1180 4043 1447 4110 applicare
1486 4043 1704 4111 impium
1748 4045 1817 4096 ad
1864 4059 2065 4112 pascua
2114 4043 2210 4112 ju-

620 4146 857 4196 slorttnt;
897 4150 1056 4201 neque
1086 4133 1357 4186 seducnris
1391 4134 1676 4187 saturitate
1726 4135 1946 4187 ventris.
1987 4131 2106 4187 Noli
2136 4131 2212 4186 af-

619 4228 766 4281 ferre
800 4226 848 4280 ei
899 4227 992 4294 qui
1057 4240 1152 4294 per
1216 4225 1356 4276 bona
1417 4237 1583 4290 Opera
1639 4237 1748 4276 non
1814 4234 1961 4275 amat
2024 4222 2210 4276 colere

619 4320 816 4380 Deum,
846 4319 1160 4372 doctrinam
1201 4317 1459 4385 perfectis
1485 4317 1536 4370 in
1569 4318 1774 4372 virtute
1803 4332 2126 4386 congruam,
2154 4325 2208 4370 et

617 4413 894 4481 projicere
937 4410 1264 4479 margaritas
1297 4410 1669 4478 spiritualium
1727 4409 1821 4463 Dei
1879 4422 2200 4462 sermonum

2312 3204 2386 3268 ὡς
2413 3204 2506 3257 τοῦ
2556 3204 2694 3256 κατά
2718 3203 2935 3272 πνεῦμα
2964 3202 3303 3269 γλυκυτάτου
3327 3199 3557 3261 κάλλους
3588 3198 3759 3267 αὐτῆς
3788 3214 3912 3249 πει-

2316 3298 2502 3369 ραθεὶς
2531 3297 2754 3359 ἱκανῶς,
2783 3295 2870 3348 διὰ
2911 3294 3029 3365 βίου
3060 3293 3401 3360 τελειότητα.

2394 3387 2530 3439 Ἐὰν
2582 3387 2691 3456 γὰρ
2737 3386 2942 3453 εὕρῃς,
2993 3385 3168 3438 ἔσται
3217 3386 3376 3449 κα.ιὴ
3403 3382 3439 3447 ἠ
3467 3379 3721 3444 τελευτή
3761 3393 3910 3441 σου,

2313 3476 2602 3542 καὶὲλπίς
2622 3493 2695 3528 σε
2728 3478 2841 3528 οὐκ
2891 3456 3333 3542 ἐγκαταλείψει.
3379 3472 3505 3524 Ἐάν
3549 3472 3660 3540 γάρ
3721 3471 3908 3540 ζητῶν

2312 3569 2518 3636 ταύτην
2549 3571 2605 3620 ὲν
2624 3571 2688 3638 τῇ
2715 3570 2907 3638 Γραφῇ
2933 3568 3027 3619 καὶ
3046 3571 3114 3637 τῇ
3143 3567 3343 3628 κτίσει,
3381 3563 3551 3634 εὕρῃς
3586 3561 3759 3632 αὐτὴν
3786 3556 3908 3615 οἷά-

2313 3676 2420 3729 περ
2453 3659 2556 3712 ὑπὸ
2593 3659 2701 3710 τῶν
2751 3656 3113 3728 [κτισμάτων]
3166 3653 3603 3725 κηρυττομένην,
3664 3650 3906 3722 ὑπάρξει

2313 3770 2408 3806 σου
2431 3752 2492 3805 τὸ
2516 3756 2615 3820 τῆς
2643 3751 2789 3820 ζωῆς
2834 3749 2986 3812 τέλος
3009 3741 3237 3816 ἀγαθὸν,
3266 3761 3618 3816 χειραγωγου
3630 3742 3797 3812 μένου
3831 3739 3905 3793 δι’

2310 3846 2481 3914 αὐτῆς
2511 3843 2648 3912 πρὸς
2691 3841 2963 3909 σωτηρίαν
2985 3857 2996 3870 ·
3027 3837 3326 3894 κάντεῦθεν
3351 3834 3651 3902 τεύξασθαι
3683 3831 3901 3902 ταύτης

2312 3934 2564 4005 οὐδαμῶς
2598 3933 2946 3995 άπελπίσεις.
3283 4004 3289 4007 1
3689 3964 3692 3970 .

2388 4032 2467 4080 ιε’.
2495 4025 2589 4092 Μὴ
2621 4023 3017 4092 προσαγάγῃς
3046 4019 3259 4076 ἀσεϐεῖ
3285 4020 3484 4088 νομὴν
3501 4014 3772 4070 δικαίων·
3794 4030 3918 4083 μη-

2313 4119 2381 4173 δὲ
2402 4117 2716 4185 ἁπατηθῇς
2740 4117 3034 4184 χορτασίᾳ
3084 4113 3340 4178 κοιλίας.
3396 4110 3490 4179 Μὴ
3524 4105 3917 4178 προσενέγκῃς

2312 4211 2389 4279 τῷ
2417 4211 2492 4281 μὴ
2517 4210 2583 4262 δι’
2614 4209 2839 4276 ἀγαθῶν
2870 4207 3048 4277 ἔργων
3090 4203 3405 4276 αἱρουμένῳ
3434 4203 3600 4270 τιμᾷν
3621 4202 3712 4250 τὸν
3750 4197 3914 4259 Θεὸν,

2310 4302 2661 4358 διδασκαλίαν
2683 4304 2795 4363 τοῖς
2826 4299 2946 4352 κατ’
2970 4297 3173 4366 ἀρετὴν
3195 4295 3423 4356 τελείοις
3461 4291 3724 4362 ἁρμόδιον
3758 4307 3775 4321 ο
3814 4291 3916 4342 καὶ

2313 4395 2494 4466 ῥίψεις
2525 4395 2648 4456 τοὺς
2706 4389 3094 4462 μαργαρώδεις
3136 4384 3544 4456 πνευματικοὺς
3581 4382 3775 4449 λόγους
3809 4380 3918 4449 ἐμ-

617 4514 744 4555 aute
778 4503 929 4554 ἰιΙιιιιι
967 4500 1061 4570 qui
1101 4500 1244 4552 sicut
1292 4513 1494 4568 porcus
1527 4513 1689 4552 coeno
1726 4497 2070 4566 voluptatum
2111 4512 2198 4551 vo-

2314 4486 2549 4557 προσθεν
2597 4485 2694 4538 τοῦ
2731 4485 2888 4553 δίκην
2919 4487 3104 4552 χοίρου
3132 4479 3210 4550 τῷ
3264 4477 3511 4548 βορϐόρῳ
3561 4473 3672 4526 τῶν
3701 4471 3918 4570 ἡδονῶν

620 4597 848 4658 Iutalur;
877 4609 964 4658 ne,
995 4592 1146 4645 illum
1169 4591 1423 4645 doctrina
1456 4591 1734 4660 spirituali
1767 4592 1997 4660 implere
2019 4591 2202 4646 susci-

618 4689 797 4757 piens,
840 4685 1149 4740 irridearis.

690 4775 858 4831 Vens.
897 4776 981 4830 16.
1024 4773 1225 4841 Septies
1265 4774 1403 4828 cnim
1439 4773 1590 4826 cadet
1615 4773 1820 4841 justus,
1858 4781 1907 4826 et
1945 4779 2204 4841 resurget.

619 4871 841 4924 Desinet
903 4869 1047 4922 enim
1095 4871 1296 4923 cadere
1343 4869 1395 4920 in
1447 4876 1695 4936 peccata,
1749 4866 1843 4934 qui
1899 4864 2207 4929 secundum

615 4965 751 5032 legis
787 4970 1003 5016 natura:
1049 4961 1500 5031 jnrisdietionem
1557 4960 1855 5028 legitimam
1918 4959 2116 5012 anima:
2155 4966 2209 5012 et

616 5061 836 5127 corpori
887 5057 1144 5118 retribuit
1193 5068 1421 5115 sortem,
1478 5055 1676 5107 anima:
1724 5052 1944 5122 quidem
1971 5053 2207 5108 virtutes

617 5151 971 5220 principales,
1029 5149 1251 5218 corpori
1308 5155 1492 5202 autem
1544 5147 1701 5201 cibos
1772 5161 1835 5199 ac
1889 5153 2205 5214 tegumenta

614 5247 851 5298 maxime
885 5244 1219 5298 necessaria.
1257 5242 1337 5294 Ab
1379 5240 1528 5292 outni
1574 5239 1769 5293 aﬂectu
1827 5240 1892 5290 ad
1927 5238 2204 5306 superﬂua

610 5347 663 5389 et
705 5351 814 5389 non
851 5335 1167 5389 necessaria
1224 5333 1363 5386 liber
1394 5334 1671 5387 excitatur
1709 5332 1775 5386 ad
1829 5331 1992 5384 vitam
2045 5332 2207 5399 spiri-

611 5431 810 5482 tualeui
833 5428 1188 5490 diviniorem,
1223 5442 1415 5497 partem
1444 5441 1472 5478 e
1505 5425 1644 5479 cmlo
1674 5423 2103 5479 descendentem
2147 5433 2205 5476 ut

607 5523 794 5575 cibum
847 5519 1170 5574 solidiorcm
1233 5519 1569 5572 manducare
1609 5520 1820 5581 valens,
1873 5527 1988 5587 post
2024 5518 2203 5572 omnis

607 5614 820 5683 peccati
852 5613 1249 5676 cessationem,
1270 5626 1433 5680 quam
1460 5611 1701 5667 ostendit
1740 5625 2005 5665 munerus
2031 5619 2204 5678 Septe-

607 5709 820 5762 uarius.

2315 4577 2800 4648 ἑγκαλινδουμένου
2824 4591 2836 4605 ’
2875 4574 3009 4645 μηδὲ
3059 4571 3350 4653 ὑπολαϐὼν
3391 4566 3678 4638 ἐμπλῆσαι
3714 4563 3919 4617 τοῦτον

2314 4669 2666 4731 διδασκαλίας
2696 4669 3096 4736 πνευματικῆς,
3127 4662 3455 4733 χλευασθῇς.

2387 4767 2484 4825 ις’.
2530 4757 2805 4822 Ἐπτὰκις
2829 4755 2940 4826 γὰρ
2985 4753 3257 4809 πεσεῖται
3281 4754 3313 4806 ὀ
3339 4751 3594 4813 δίκαιος,
3629 4744 3732 4799 καὶ
3761 4745 3918 4799 dra-

2312 4851 2626 4918 στήσεται.
2652 4845 3017 4901 Καταπαύσει
3054 4842 3164 4911 γάρ
3186 4840 3282 4895 τοῦ
3319 4837 3681 4910 περιπίπτειν
3718 4835 3915 4904 ἀμαρ-

2310 4940 2786 5016 τήμασιν,ὁκατά
2820 4939 2921 5008 τὴν
2973 4934 3346 4990 δικαιοδοσίαν
3393 4931 3492 4986 τοῦ
3531 4929 3634 4999 τῆς
3691 4928 3918 4997 φύσεως

2310 5035 2500 5104 νόμου,
2527 5032 2648 5086 κατ’
2671 5030 2829 5098 ἀξίαν
2850 5030 2916 5099 τῇ
2953 5027 3099 5098 ψυχῇ
3125 5023 3294 5078 αὑτοῦ
3335 5021 3431 5075 καὶ
3459 5023 3527 5091 τῇ
3556 5019 3725 5089 σαρκὶ
3760 5018 3913 5070 ἀπο-

2311 5127 2512 5196 νέμων·
2535 5127 2603 5195 τῇ
2641 5122 2741 5193 μὲν
2772 5122 2871 5184 τάς
2889 5118 3112 5188 γενικὰς
3149 5115 3376 5188 ἀρετάς,
3421 5115 3488 5183 τῇ
3514 5112 3573 5166 δὲ
3599 5109 3915 5179 διατροφάς

2311 5216 2404 5270 καὶ
2441 5214 2830 5282 σκεπάσματα,
2853 5208 2923 5262 τὰ
2953 5207 3090 5280 μόνα
3111 5203 3527 5273 ἀναγκαιότατα
3547 5216 3560 5229 ·
3601 5196 3915 5253 κάντεῦθεν

2309 5307 2604 5370 ἀπολυθεὶς
2645 5304 2825 5373 πάσης
2874 5301 2975 5371 τῆς
3018 5298 3153 5369 πρὸς
3178 5297 3245 5350 τὰ
3273 5293 3528 5365 περιττὰ,
3597 5291 3698 5344 καὶ
3759 5290 3907 5358 ὑπὲρ

2307 5403 2409 5473 τὴν
2473 5399 2667 5470 χρείαν
2693 5395 2953 5467 σχέσεως,
2996 5390 3364 5459 ἐγερθήσεται
3389 5387 3471 5448 είς
3500 5384 3602 5455 τὴν
3639 5380 3784 5473 κατά
3817 5381 3914 5432 τὸν

2310 5472 2688 5565 πνευματικὸν
2721 5490 2885 5557 νόμον
2920 5485 3205 5552 Θειοτέραν
3239 5481 3416 5550 ζωήν’
3453 5477 3542 5530 τὸν
3581 5480 3644 5531 ἐκ
3679 5472 3777 5525 τοῦ
3812 5474 3910 5523 οὺ-

2310 5587 2477 5661 ρανοῦ
2525 5582 2928 5639 καταϐαίνοντα
2983 5579 3172 5651 ἄρτον,
3236 5569 3324 5627 οἶά
3357 5587 3481 5624 τινα
3513 5565 3908 5636 στερεωτέραν

2308 5659 2514 5753 τροφὴν
2573 5678 2776 5732 ἐσθίειν
2827 5673 3158 5742 δυνάμενος,
3219 5666 3359 5738 μετά
3415 5663 3514 5733 τὴν
3566 5659 3676 5715 ἁπδ
3720 5660 3912 5724 πάσης

2308 5751 2585 5841 ἁμαρτίας
2671 5768 3049 5829 κατάπαυσιν,
3108 5765 3286 5832 ἤνπερ
3321 5758 3348 5811 ό
3393 5755 3532 5810 ἑπτά
3576 5751 3729 5822 δηλιῖ
3781 5751 3906 5817 ἀρι-

2309 5869 2335 5917 θ
2347 5870 2442 5937 μιῦς
2454 5908 2466 5920 .
