4220 6462
343 386 479 449 1465
1355 397 1884 462 COMMENTARII
1933 404 2009 463 1N

1933 404 2010 463 1N
2055 407 2426 469 PROVERBI
2441 413 2498 475 Α.
3445 423 3579 489 1466

409 498 473 546 Ol
503 493 554 546 δ’
599 496 835 562 ἀσεϐεῖς
887 498 1344 564 ἀσθενήσουσιν
1393 505 1463 557 ἐν
1513 508 1737 574 κακοῖς.
1769 513 1828 563 Ol
1857 512 1900 564 δ’
1930 519 1975 571 Α

1930 519 1975 571 Α
2074 517 2236 570 νεηε.
2299 520 2383 572 l7.
2438 520 2595 587 [mpii
2642 532 2812 575 autem
2890 524 3300 592 inﬁrmabunlur
3356 534 3410 586 in
3472 555 3578 590 ntu-

333 579 634 652 ἁλογίστως
661 586 883 650 ζῶντες,
934 590 1028 642 xci.
1071 589 1208 652 ὅλως
1237 592 1299 644 τὸ
1325 591 1492 657 ὅντως
1526 597 1688 650 καλὸν
1729 600 1805 668 μὴ
1828 618 1908 652 τιο

2013 607 2098 660 iis.
2168 608 2271 672 Qui
2342 621 2522 664 autem
2585 614 2974 670 irrutionaliter
3038 620 3223 673 vivunt
3279 634 3331 676 et
3388 641 3575 682 verum

336 675 566 743 μῶντες,
610 675 968 729 ἀπελπίσουσι
1021 678 1124 748 τὴν
1176 680 1392 735 ἑαυτῶν
1441 689 1719 756 σωτηρίαν
1739 691 1798 741 ἐν
1828 687 1908 756 οἷς

2011 697 2212 751 bonum
2269 701 2539 758 honorare
2604 719 2833 772 prorsus
2890 709 3194 778 negligunt,
3247 715 3408 767 saluti
3467 734 3578 772 suae

333 767 674 834 περίκεινται
707 768 1098 839 ἁμαρτήμασιν
1119 787 1134 801 ·
1164 772 1240 833 ὡς
1268 773 1369 843 τὴν
1389 777 1531 829 κατὰ
1556 778 1646 831 τὸν
1664 797 1908 851 πνευμαο

2008 787 2378 858 desperabunt
2420 793 2472 846 in
2507 767 2750 862 peccatis
2774 767 3229 866 quibusujavcent':
3264 806 3390 872 quia
3419 767 3577 874 spiii:

331 854 481 908 τικδν
511 859 673 924 νόμον
701 857 997 927 θεραπείαν
1037 861 1302 930 βαστάσαι
1330 883 1403 936 μη
1434 867 1752 937 δυνηθέντες
1773 913 1787 936 ,
1818 870 1908 928 οἷα

2112 854 2126 858 -
2507 854 2520 862 .
2793 854 2805 866 .
3003 854 3021 866 .
3419 854 3549 874 -ι----

2009 882 2155 934 tuale
2195 882 2286 936 Dei
2337 885 2621 939 servitium
2675 901 2785 941 non
2838 890 3017 944 valent
3062 902 3304 958 portare,
3349 897 3577 965 mboque

333 945 645 1052 'rpogiﬁit‘bc
673 948 1032 1018 νηπιόφρονες
1060 953 1416 1022 ἁπαλωτέρας
1440 956 1708 1027 δεόμενοι.

1854 1050 1868 1052 A
2007 971 2542 1044 delicatiori,utpotc
2577 977 2806 1044 puerilia
2838 980 3164 1044 sentientes,
3200 982 3465 1052 indigent.

402 1033 488 1095 ιζ’.
511 1033 644 1086 Ἐὰν
664 1036 823 1102 πέσῃ
848 1037 1106 1106 όέχθρός
1130 1043 1370 1109 campi;
1395 1044 1691 1114 ἐπιχαρῇς
1721 1050 1901 1116 αὐτῷ·

2079 1063 2246 1122 Vens.
2282 1067 2368 1118 17.
2403 1064 2464 1119 Si
2506 1069 2748 1120 ceciderit
2777 1070 3019 1124 inimicus
3051 1082 3194 1136 tuus,
3227 1092 3288 1128 ne
3320 1033 3573 1143 gaudeas,

329 1121 401 1174 ἐν
437 1123 504 1175 δὲ
538 1123 615 1187 τῷ
638 1127 1120 1196 ὐποσκελίσματι
1142 1133 1350 1198 αὐτοῦ,
1379 1135 1464 1202 μὴ
1489 1137 1759 1206 erm/pou.
1780 1142 1906 1195 Ἐάν

2005 1164 2054 1210 et
2081 1157 2133 1208 in
2160 1156 2583 1223 supplantatione
2609 1159 2721 1226 ejus
2745 1177 2808 1212 ne
2829 1163 3124 1216 extollaris.
3157 1165 3211 1217 Si
3240 1121 3361 1232 quis
3385 1121 3576 1220 adver:

328 1228 411 1322 ft;
477 1214 784 1322 μαχόμενός
823 1233 937 1279 σοι,
993 1221 1271 1292 περιπέσῃ
1329 1227 1437 1277 τινὶ
1494 1227 1771 1297 πτώματι,
1828 1233 1902 1304 μὴ

2006 1261 2099 1300 sus
2130 1255 2180 1301 te
2216 1262 2491 1316 pugnans,
2535 1248 2587 1301 in
2622 1250 2858 1317 aliquam
2897 1254 3262 1307 calamitatem
3301 1257 3572 1322 inciderit,

332 1300 708 1416 ἐξεγγελάσῃς
764 1307 932 1376 αύτῷ.
992 1311 1083 1362 ἐπὶ
1115 1315 1178 1380 τῇ
1210 1314 1458 1386 ἀπωλείᾳ
1483 1318 1649 1372 αὐτοῦ
1675 1300 1905 1391 εὐφραιξ

2164 1300 2172 1301 ,
2218 1300 2230 1315 ,
2293 1300 2320 1316 υ
2451 1300 2490 1311 κ,
2537 1300 2544 1301 κ
2716 1300 2728 1317 ,
2903 1300 3262 1307 __-_-----_----.
3301 1300 3573 1322 ..--...-..-,

2004 1337 2320 1391 neirrideas
2351 1339 2534 1402 illi,de
2560 1341 2728 1393 exitio
2753 1342 2873 1409 ejus
2900 1344 3074 1407 lartus,
3106 1356 3156 1397 et
3192 1345 3256 1399 de
3287 1362 3416 1400 casu
3455 1351 3574 1416 ejus

327 1388 569 1455 νόμενος·
599 1394 693 1444 ἐπὶ
714 1394 769 1446 δὲ
793 1399 856 1466 τῇ
885 1398 1020 1467 πρὸς
1043 1401 1302 1455 τάναντέα
1333 1411 1642 1478 περιτροπῇ
1676 1411 1891 1478 τούτου,

332 1480 401 1504 μὶ.
469 1483 571 1504 μί--
680 1487 776 1504 ,_,I
962 1489 972 1503 I
1021 1489 1034 1504 ι
1145 1490 1156 1504 ι
1261 1493 1320 1504 ..μ
1440 1497 1450 1504 .
1547 1498 1591 1504 --
1716 1501 1724 1504 -
1878 1503 1885 1504 ,

2015 1388 2018 1389 ν
2054 1388 2066 1390 _
2091 1388 2122 1389 η
2172 1388 2207 1390 η
2233 1388 2315 1391 ρ-
2477 1388 2529 1392 μ-
2566 1388 2669 1392 -_-_
2701 1388 2723 1393 -
2758 1388 2873 1409 Ἷη
2900 1388 3074 1407 -._._..,
3109 1388 3156 1397 ν.
3193 1388 3256 1399 ..ν
3290 1388 3416 1400 -..,.,.

2004 1428 2057 1482 in
2084 1428 2310 1483 adversa
2342 1446 2407 1484 ne
2445 1431 2748 1494 extollaris,
2775 1443 2959 1500 utpote
2997 1437 3064 1488 ab
3088 1453 3152 1488 eo
3185 1438 3275 1504 qui
3321 1448 3370 1491 te
3399 1443 3563 1494 mole-

331 1480 402 1591 μὴ
466 1483 607 1591 μέγα
674 1487 858 1552 φρόνει
916 1489 1097 1552 αὐτὸς,
1129 1490 1202 1553 ὡς
1256 1493 1358 1562 ήδη
1428 1497 1768 1567 ἀπαλλαγεὶς
1806 1503 1898 1555 τοῦ

2003 1518 2202 1584 stabat,
2228 1526 2281 1573 et
2307 1519 2377 1574 ob
2400 1535 2560 1589 quem
2587 1524 2824 1575 animam
2854 1480 3254 1591 despondeba's,
3285 1528 3569 1584 liberatus.

325 1568 622 1636 λυποῦντος
679 1592 770 1640 σε,
823 1579 918 1630 καὶ
983 1579 1414 1646 καταϐάλλοντος
1482 1603 1575 1640 σου
1637 1590 1699 1642 τὸ
1764 1593 1900 1662 φρό-

328 1676 497 1727 νημαο

398 1750 488 1821 ιη’.
521 1754 651 1807 ’Ὅτι
684 1755 892 1823 ὄψεται
929 1760 1164 1827 Κύριος,
1194 1762 1291 1816 καὶ
1312 1764 1662 1835 οὐχ’ἀρέσει
1687 1770 1847 1837 αὑτῷ
1878 1787 1893 1802 ·

1943 1850 1950 1851 7
2071 1780 2236 1835 Vens.
2279 1783 2365 1836 18.
2399 1782 2480 1837 Ne
2526 1783 2657 1851 forte
2688 1783 2855 1836 videat
2894 1782 3171 1847 Dominus,
3205 1796 3252 1837 et
3295 1785 3570 1851 displiceat

323 1844 807 1914 καὶάποστρέψει
843 1848 950 1902 τὸν
980 1853 1170 1920 θυμὲν
1196 1855 1501 1912 αὐτοῦάπ’
1525 1863 1737 1919 αὑτοῦ.
1773 1866 1892 1918 ’Ὁτι
1927 1850 1970 1908 Β

1927 1850 1970 1908 Β
2002 1873 2071 1936 ei,
2101 1884 2151 1926 et
2183 1873 2393 1940 auferat
2432 1874 2494 1926 ab
2537 1891 2595 1926 eo
2646 1877 2780 1926 iram
2825 1891 3000 1928 suam.
3051 1875 3189 1939 Quia
3239 1878 3573 1930 omnisciens

322 1935 350 2034 δ
379 1935 554 1988 πάντα
584 1938 738 2001 εἰδὼς
774 1942 1050 2012 Δεσπότης
1103 1945 1212 1999 τῶν
1251 1949 1388 2003 ὅλων
1420 1950 1571 2019 Θεὸς,
1605 1954 1890 2026 ἐπιϐλέψει

2000 1965 2382 2018 universorum
2417 1965 2678 2020 Dominus
2718 1966 2858 2019 Deus
2894 1966 3099 2018 videbit
3132 1967 3406 2034 quomodo
3437 1970 3574 2019 male

291 2039 296 2044 ‘
321 2024 472 2086 ὅπως
500 2026 686 2090 κακῶς
708 2045 800 2080 σου
831 2031 898 2082 τὰ
926 2031 1065 2083 κατά
1096 2030 1272 2104 ψυχὴν
1302 2035 1506 2106 ἔχουσι’
1543 2041 1637 2093 καὶ
1660 2040 1747 2095 οἷα
1777 2024 1899 2112 φιλ-

1999 2072 2057 2111 se
2082 2057 2286 2110 habeat
2312 2057 2492 2110 anima
2526 2066 2720 2122 tua;et
2743 2060 2868 2125 quia
2907 2058 3218 2111 misericors
3252 2066 3355 2120 est,
3387 2073 3492 2110 non
3521 2058 3568 2110 ei

322 2116 616 2187 ἀνθρώπῳ,
641 2119 738 2171 οὐκ
764 2119 1065 2174 ἀποδεκτέα
1089 2124 1384 2191 φανοῦνται
1405 2129 1573 2200 αύτῷ·
1608 2131 1729 2185 ὅθεν
1758 2135 1898 2187 ἐκεί-

1998 2147 2255 2215 placebit.
2296 2145 2448 2199 Unde
2485 2116 2644 2198 illuni
2683 2116 2902 2215 quidem
2957 2116 3353 2199 afﬂictionibus
3379 2162 3571 2200 emen-

322 2225 411 2300 νον
444 2209 941 2279 μὲν.διοροωθέντα
967 2215 1085 2275 ταῖς
1125 2218 1443 2287 ἐπαγωγαῖς
1472 2221 1579 2275 τῶν
1599 2225 1895 2295 ὀδυνηρῶν,

1997 2237 2183 2291 datum
2211 2237 2557 2291 miserebitur
2589 2256 2600 2300 ;
2642 2239 2693 2290 in
2728 2247 2778 2292 te
2815 2247 2999 2290 autem
3037 2253 3250 2291 omnem
3287 2240 3422 2290 iram
3448 2253 3571 2292 con-

321 2297 563 2366 ἐλεὴσει·
624 2301 717 2353 ἐπὶ
745 2302 804 2354 σέ
835 2302 892 2354 δὲ
921 2305 1136 2368 πάντως
1187 2309 1288 2376 τὴν
1331 2311 1502 2382 ὀργὴν
1542 2315 1710 2368 αὑτοῦ
1761 2319 1900 2372 ἀπο-

1898 2351 1900 2358 ι
1998 2337 2191 2396 vertet,
2253 2344 2376 2383 cum
2443 2329 2732 2399 disciplina
2794 2331 3040 2400 indigeas
3100 2329 3166 2382 ad
3221 2330 3564 2386 emendatio-

321 2391 562 2459 στρέψει,
600 2391 844 2456 παιδείας
866 2393 1117 2465 δεόμενον
1148 2400 1284 2470 πρὸς
1313 2401 1615 2472 διόρθωσιν.
1999 2436 2145 2476 nam

393 2478 478 2544 ιθ⁹,
517 2489 585 2536 κ’.
617 2484 713 2551 Μὴ
754 2485 920 2553 χαῖρε
941 2489 1039 2540 ἐπὶ
1094 2494 1462 2560 κακοποιοῖς,
1514 2497 1670 2565 μηδὲ
1715 2499 1898 2566 ζήλου

2068 2512 2237 2569 Vrsas.
2276 2511 2575 2575 19.20.!“
2625 2512 2855 2581 gaudeas
2897 2512 2950 2561 in
2995 2511 3444 2578 ntalefartoribus,
3496 2529 3574 2563 ne-

319 2573 724 2676 άμαρτωλούς·
747 2579 819 2630 οὐ
847 2579 956 2644 γὰρ
982 2580 1067 2647 μὴ
1091 2579 1327 2648 γένηται
1350 2586 1569 2654 ἔκγονα
1595 2591 1893 2658 πονηρῶν·

1997 2623 2094 2676 que
2134 2607 2397 2662 temuleris
2465 2615 2782 2673 peccatores.
2867 2603 2986 2655 Non
3017 2605 3152 2655 enim
3200 2604 3324 2669 ﬁent
3379 2605 3572 2669 posteri

318 2665 601 2732 λαμπτὴρ
627 2666 944 2721 δὲὰσεϐῶν
960 2671 1384 2737 σϐεσθήσεται.
1408 2680 1497 2747 Μὴ
1527 2682 1897 2751 ἑπευφραίνου

1999 2699 2304 2767 malignis;
2346 2708 2394 2750 et
2459 2697 2674 2749 lucerna
2729 2696 3008 2763 impiorum
3066 2694 3449 2761 exstinguetur.
3499 2692 3572 2745 Ne

318 2755 664 2820 διδασκάλοις
710 2758 880 2811 κακόν
917 2776 975 2812 σε
1011 2761 1332 2816 ἀποτελοῦσι
1362 2769 1481 2829 ταῖς
1511 2769 1721 2824 ἑαυτῶν
1752 2791 1899 2844 παρ-

1998 2793 2235 2860 gandeas
2268 2791 2320 2842 in
2353 2789 2652 2855 magistris,
2681 2788 2774 2856 qui
2826 2787 3072 2841 consiliis
3115 2787 3230 2839 suis
3278 2794 3329 2837 te
3371 2785 3570 2836 malum

319 2847 595 2914 αινέσεσι,
658 2851 793 2920 μηδέ
855 2852 1024 2922 μιμοῦ
1093 2855 1218 2918 τοὺς
1268 2859 1751 2930 ἀποτυγχάνοντας
1802 2866 1896 2918 τοῦ

1999 2879 2261 2943 eﬂicinnt,
2294 2887 2348 2932 et
2373 2879 2482 2931 noli
2539 2878 2737 2931 imitari
2762 2892 2856 2931 eos
2895 2877 2989 2946 qui
3041 2877 3091 2928 in
3136 2877 3352 2929 aclibus
3389 2893 3416 2928 a
3449 2891 3574 2927 vero

317 2938 487 3002 δντως
519 2939 686 2993 καλοῦ
710 2942 767 2992 ἐν
793 2945 911 3005 ταῖς
936 2943 1140 2996 ἑαυτῶν
1190 2947 1455 3016 πράξεσιν
1476 2967 1491 2982 ο
1540 2951 1666 3005 οὕτε
1695 2955 1804 3025 γάρ
1835 2958 1898 3009 ἐκ

2000 2968 2142 3022 bono
2168 2983 2288 3022 sese
2323 2973 2622 3031 avertunt;
2679 2981 2744 3019 ex
2801 2966 2892 3018 tali
2938 2965 3080 3019 enim
3140 2963 3390 3016 doctrina
3439 2962 3573 3015 nihil

318 3033 416 3098 τῆς
444 3031 793 3096 διδασκαλίας
821 3033 1048 3088 ἐκείνων
1108 3037 1445 3108 ἀποκυήσεις
1507 3041 1671 3094 καλόν
1704 3061 1777 3102 τι.
1805 3045 1898 3098 καὶ

2001 3038 2246 3130 proferes
2273 3077 2287 3125 ;
2315 3069 2367 3113 et
2404 3060 2714 3128 voluptates
2751 3057 2943 3111 breves
2967 3065 3020 3111 et
3055 3056 3230 3125 gloria
3260 3070 3448 3109 eorum
3481 3056 3566 3122 qui

318 3122 378 3219 τὲ
406 3123 760 3219 Ῡροσκαίρῳξ
779 3125 900 3194 ἡδὺν
932 3126 1029 3219 καὶ
1055 3127 1340 3219 ξτᾷερίδοξον
1369 3131 1476 3183 τῶν
1509 3131 1583 3202 μὴ
1611 3133 1897 3201 τιμώντων
1923 3191 1965 3219 ι,
2000 3169 2191 3206 verum
2226 3153 2429 3207 bonum
2465 3167 2571 3204 non
2613 3159 2867 3219 quzerunt
2903 3155 2957 3203 et
2992 3147 3269 3217 rejiciuut,
3302 3147 3413 3198 cito
3451 3160 3577 3199 eva-

1923 3191 1966 3248 C

317 3213 378 3264 τὸ
406 3212 573 3275 ὅντως
633 3213 818 3279 καλὸν,
883 3217 1176 3272 κάντεῦθεν
1198 3221 1686 3292 ἀποτυγχανόντων
1706 3227 1893 3290 αὐτοῦ,
1923 3212 1966 3248 ⁸³
2003 3257 2245 3300 ηοεοεηι.

317 3305 525 3374 ταχέως
548 3305 996 3376 ἀφανισθήσεται.

389 3402 499 3455 κα’.
525 3396 631 3466 κβ’.
664 3397 855 3451 Φοϐοῦ
891 3401 995 3451 τὸν
1021 3399 1190 3466 Θεὸν,
1221 3401 1333 3464 vis,
1361 3403 1459 3457 καὶ
1479 3404 1764 3470 βασιλέα,
1801 3409 1901 3463 καὶ

2075 3420 2239 3477 Vens.
2269 3422 2361 3483 21,
2386 3421 2475 3476 22.
2505 3420 2657 3474 Time
2698 3418 2998 3481 Dominum,
3032 3417 3109 3484 ﬁli
3163 3414 3255 3478 mi,
3287 3424 3333 3466 et
3386 3427 3575 3481 regem,

313 3487 618 3558 μηδετέρῳ
639 3488 837 3542 αὐτῶν
858 3491 1180 3560 ἀπειθήσῃ·
1201 3493 1492 3563 ἐξαίφνης
1506 3496 1617 3565 γὰρ
1633 3499 1902 3552 τίσωνται

2002 3525 2051 3567 et
2108 3514 2282 3566 neutri
2334 3529 2514 3566 eorum
2557 3514 2630 3565 sis
2683 3509 3006 3563 inobediens.
3064 3507 3248 3561 Subito
3301 3507 3439 3559 enim
3491 3503 3577 3556 ul-

317 3579 458 3646 τοὺς
518 3581 778 3646 ἀσεϐεῖς·
825 3581 932 3646 τὰς
988 3581 1055 3635 δὲ
1097 3585 1374 3652 τιμωρίας
1417 3587 1765 3657 ἀμφοτέρων
1812 3593 1903 3656 τίς

2003 3605 2264 3655 ciscentur
2299 3604 2508 3670 impios,
2545 3610 2593 3654 ct
2632 3601 2895 3667 supplicia
2939 3599 3212 3665 utriusque
3241 3597 3355 3663 quis
3393 3593 3579 3646 novit?

319 3672 646 3739 γνώσεται;
701 3672 904 3725 Τέκνον
963 3676 1356 3744 πνευματικὸν,
1392 3680 1528 3749 μήτε
1570 3680 1707 3732 Θεοῦ
1738 3699 1904 3735 κατα-

2005 3691 2104 3746 Ftli
2137 3694 2461 3762 spiritualis,
2517 3708 2584 3746 ne
2640 3702 2962 3745 contemnas
2992 3688 3163 3742 Deum
3197 3687 3290 3755 qui
3338 3694 3577 3753 potesta-

320 3763 508 3833 φρόνει
539 3763 632 3815 τοῦ
664 3764 1008 3834 κυριεύοντος
1052 3768 1146 3818 καὶ
1175 3769 1352 3837 ψυχῆς
1377 3786 1470 3822 σου
1497 3771 1589 3822 καὶ
1628 3771 1900 3840 σώματος,

2005 3794 2111 3840 tem
2145 3786 2310 3839 habet
2352 3793 2464 3836 tum
2497 3783 2690 3836 anima:
2722 3795 2832 3834 tum
2860 3781 3128 3845 corporis,
3156 3791 3333 3844 neque
3374 3789 3575 3842 regem,

325 3856 462 3924 μήτε
517 3854 782 3924 βασιλέως
808 3857 903 3908 τοῦ
939 3858 1102 3926 μόνου
1127 3857 1222 3910 τοῦ
1257 3859 1513 3929 σώματός
1544 3880 1634 3915 σου
1656 3864 1907 3926 ἐξουσιάο

2003 3877 2095 3946 qui
2150 3876 2399 3943 corporis
2452 3883 2662 3926 tantum
2733 3874 2893 3925 habet
2956 3876 3338 3940 potestatein;
3401 3881 3577 3930 neque

321 3945 541 4010 ζοντοςο
575 3947 669 4000 καὶ
712 3947 820 4000 τῶν
892 3950 1386 4020 παραγγελμάτων
1417 3953 1624 4006 τούτων
1658 3954 1801 4019 τινος
1827 3957 1902 4028 μὴ

2006 3945 2261 4021 mandata
2285 3967 2573 4035 utriusque
2591 3967 2778 4018 audire
2810 3980 2873 4017 ac
2900 3962 3124 4030 implere
3162 3958 3439 4028 negligas;
3483 3972 3578 4009 su-

323 4038 710 4109 παρακούσῃςο
740 4040 1005 4107 αἰφνίδιον
1044 4042 1154 4111 γὰρ
1213 4045 1620 4114 τιμωρήσονται
1664 4049 1789 4111 τοὺς
1827 4049 1902 4120 μὴ

2004 4059 2122 4114 bito
2150 4059 2296 4113 enim
2333 4073 2521 4127 paruas
2557 4058 2762 4110 dabunt
2794 4056 2886 4125 qui
2923 4069 3029 4108 non
3077 4062 3408 4105 venerantur
3447 4065 3575 4112 eos;

319 4132 602 4200 τιμῶντας
621 4131 817 4194 αὐτούς
836 4148 852 4163 ο
881 4133 980 4195 τάς
1005 4134 1062 4186 δὲ
1093 4135 1345 4198 κολάσεις
1376 4136 1442 4199 ἀς
1470 4137 1565 4190 καὶ
1594 4139 1903 4211 ἀμφότεροι

2004 4152 2278 4220 supplicia
2305 4161 2487 4204 autem
2539 4164 2660 4219 quae
2706 4149 2761 4201 in
2815 4157 3262 4214 transgressores
3294 4141 3579 4203 inducent,

319 4224 588 4290 ἐπάγουσι
615 4225 729 4286 τοῖς
760 4223 897 4294 πρὸς
921 4225 1120 4290 αὐτοὺς
1145 4228 1578 4298 ἁμαρτάνουσιν,
1607 4232 1783 4295 οὐδεὶς
1813 4233 1902 4287 διὰ

2004 4257 2166 4296 nemo
2195 4243 2265 4296 ob
2300 4242 2535 4296 obscura
2585 4249 2835 4310 tempora
2866 4238 3183 4307 exc0gitare
3217 4236 3451 4306 poterit;
3496 4242 3581 4296 ut,

317 4316 381 4368 τὸ
414 4317 613 4387 ἄδηλον
659 4314 756 4368 τοῦ
816 4316 1011 4387 καιροῦ
1064 4319 1376 4390 ύπονοήσει·
1407 4321 1483 4383 ὼς
1508 4321 1575 4375 ἂν
1602 4323 1902 4393 διορθωσά-

2004 4345 2296 4405 antequam
2328 4334 2588 4406 puniatur
2617 4333 2941 4387 emendatos
2964 4345 3060 4384 eos
3096 4329 3200 4383 sibi
3237 4326 3578 4382 reconciliet.

322 4424 483 4478 μενος
544 4406 652 4478 πρὸ
695 4405 788 4460 τοῦ
836 4408 1260 4480 τιμωρηθῆναι,
1303 4412 1619 4485 καταλλάξῃ
1673 4414 1900 4480 τούτους
2332 4405 2337 4406 ί
3044 4471 3051 4478 .
3122 4419 3133 4430 ’

316 4496 517 4567 ἐαυτῷ.
1928 4529 1982 4591 υ
3176 4586 3208 4599 μ
3244 4586 3256 4599 ⁸
3506 4584 3515 4594 _

388 4588 584 4657 Λόγον
643 4588 1120 4658 φυλασσόμενος
1184 4591 1346 4658 υἱὸς,
1390 4593 1695 4663 ἀπωλείας
1727 4599 1902 4666 ἐκτὸς
1929 4586 1963 4591 ν

1929 4586 1963 4591 ’
2089 4595 2307 4648 Verbum
2348 4591 2647 4646 custodiens
2680 4591 2824 4659 filius
2864 4598 3016 4642 extra
3060 4586 3407 4652 perditionem
3439 4586 3585 4649 erit;

314 4680 518 4733 ἔσται·
572 4680 897 4749 δεχόμενος
946 4680 1034 4745 δὲ,
1099 4679 1348 4744 ἐδέξατο
1398 4687 1606 4742 αὐτόν.
1654 4689 1765 4761 Τὴν
1807 4691 1902 4743 τοῦ

2003 4689 2263 4757 excipiens
2321 4695 2497 4739 autem
2551 4686 2751 4750 excepit
2799 4681 2956 4735 illud.
3002 4681 3105 4746 Qui
3141 4695 3238 4749 per
3276 4678 3584 4732 custodiam

314 4771 452 4824 Θεοῦ
483 4772 701 4842 ἐντολὴν
726 4772 910 4842 τηρῶν
933 4773 961 4824 ὁ
994 4772 1135 4826 κατὰ
1165 4772 1327 4844 χάριν
1355 4776 1485 4840 Υἱὸς
1510 4779 1698 4834 τούτου
1735 4785 1904 4850 γενέ-

2004 4779 2388 4834 mandatorum
2446 4771 2538 4831 Dei
2594 4776 2766 4831 Filius
2824 4776 3124 4829 secumlum
3177 4773 3410 4841 gratiam
3466 4770 3584 4824 ﬁeri

316 4862 443 4915 σθαι
466 4862 744 4929 ἀξιωθεὶς,
773 4862 868 4916 τοῦ
902 4863 1023 4917 καθ’
1059 4863 1338 4934 ἁμαρτίαν
1381 4868 1630 4924 κινδύνου
1665 4873 1905 4928 ἀπαλλα-

2004 4871 2228 4936 meruit,
2277 4885 2307 4924 a
2371 4869 2618 4940 periculo
2682 4867 2890 4937 peccati
2945 4865 3304 4929 liberabitur;
3371 4862 3586 4930 excepit

313 4953 580 5027 γὴσεται.
616 4956 1047 5029 προσδεχόμενος
1079 4955 1135 5010 δέ
1165 4956 1334 5028 αὐτὴν
1366 4961 1445 5024 είς
1480 4963 1543 5016 τὸ
1595 4963 1758 5035 βάθος
1801 4966 1903 5036 τῆς

1480 4963 1543 5016 τδ
1595 4963 1758 5035 βάθος
1801 4966 1903 5036 τῆς
2004 4971 2189 5019 autem
2225 4965 2317 5018 illa
2349 4964 2404 5017 in
2447 4962 2719 5032 profundo
2756 4961 2956 5015 mentis
2981 4960 3122 5029 ejus.

313 5048 554 5110 διανοίας
597 5048 785 5102 αὑτοῦ.

387 5139 597 5208 Μηδὲν
625 5139 855 5208 ψεῦδος
888 5141 1004 5197 ἀπὸ
1031 5145 1323 5217 γλώσσης
1344 5148 1598 5213 ,βασιλεῖ
1611 5149 1903 5219 λεγέσθω,

2078 5145 2230 5200 Nihil
2264 5147 2393 5216 falsi
2415 5147 2478 5200 de
2496 5164 2585 5201 ore
2605 5147 2714 5217 regi
2741 5147 2976 5209 dicatur,
3000 5157 3048 5201 et
3082 5146 3215 5199 nihil
3241 5146 3369 5215 falsi
3401 5162 3462 5199 ex
3493 5149 3589 5200 lino

314 5230 624 5285 καὶοῠὸὲν
670 5231 899 5300 ψεῦδος
942 5234 1062 5289 ἀπὸ
1133 5238 1420 5307 γλώσσης
1461 5241 1652 5295 αὑτοῦ
1701 5244 1772 5295 οὐ
1815 5241 1900 5310 μὴ

2005 5256 2106 5307 gua
2138 5240 2304 5308 ipsius
2333 5249 2504 5293 exeat.
2535 5240 2645 5295 Deo
2665 5240 3045 5295 universorum
3074 5239 3305 5292 Domino
3344 5241 3587 5308 nepolli-

313 5322 681 5395 ἑξέλθῃ.Μὴ
736 5324 948 5396 ὑπόσχῃ
1001 5328 1078 5398 τῷ
1119 5330 1365 5403 Δεσπότῃ
1414 5336 1508 5388 τοῦ
1555 5334 1753 5397 παντὸς
1785 5333 1903 5403 Θεῷ

2005 5333 2182 5386 cearis
2215 5332 2374 5397 falsa,
2408 5334 2500 5387 sed
2535 5334 2718 5387 omnia
2750 5341 2841 5386 tua
2867 5347 2990 5386 cum
3021 5333 3115 5385 illo
3155 5332 3358 5386 hedera
3408 5335 3585 5386 adim-

312 5415 404 5468 διά
427 5415 695 5481 στόματος
740 5415 936 5488 ψευδῆ,
989 5419 1126 5473 ἀλλά
1152 5423 1249 5485 τὰς
1284 5425 1419 5492 πρὸς
1459 5425 1622 5477 αὐτόν
1652 5442 1745 5477 σου
1777 5443 1903 5479 συν-

2004 5426 2114 5495 ple,
2144 5435 2197 5479 et
2231 5426 2463 5485 ﬁdeliter
2495 5427 2609 5494 ipse
2653 5424 2901 5496 implebit
2945 5425 2998 5478 in
3042 5433 3094 5478 te
3150 5425 3459 5478 futurorum
3487 5427 3586 5479 [ιο-

316 5507 494 5578 θήκας
532 5508 888 5580 ἐκπλήρωσον
919 5527 932 5539 ·
974 5513 1068 5564 καὶ
1105 5514 1386 5583 πληρώσει
1427 5502 1644 5580 πάντως
1689 5518 1783 5570 καὶ
1808 5519 1905 5570 αὺ-

2009 5535 2202 5572 normn
2257 5519 2673 5586 pronnssiones,
2724 5528 2777 5572 et
2835 5535 2942 5574 non
3005 5516 3424 5572 frustrabuntur
3479 5527 3586 5570 tua

314 5603 410 5666 τὸς
462 5605 556 5656 ἐπὶ
606 5606 689 5659 σοὶ
750 5605 849 5669 τὰς
908 5607 1016 5661 τῶν
1086 5610 1392 5678 μελλόντων
1455 5613 1678 5679 ἀγαθῶν
1731 5616 1904 5681 ἐπαγ-

1086 5610 1392 5678 μελλόντων
1455 5613 1678 5679 ἀγαθῶν
1731 5616 1904 5681 ἐπαγ·
2008 5605 2133 5679 ειν(τὲ
2166 5612 2230 5664 de
2265 5611 2372 5665 illis
2400 5621 2698 5679 conceptae.

320 5694 528 5761 γελίας,
558 5698 651 5751 καὶ
689 5699 747 5751 ού
773 5699 1176 5772 ψευσθήσονταί
1210 5720 1291 5756 σοι
1344 5706 1399 5757 αἱ
1437 5707 1526 5758 ἐπὶ
1563 5707 1901 5769 ταύταις

317 5790 490 5849 πίδες.
