4220 6462
696 363 834 431 1467

2032 364 2385 431 PROCOPII
2416 371 2658 431 GALEI

3817 368 3953 431 1488

765 483 989 535 Gladius
1016 483 1197 549 lingua
1223 480 1379 550 regis,
1421 487 1477 534 ἐι
1520 495 1621 534 non
1647 497 1857 535 carnea.
1908 482 2151 537 Verbum
2186 484 2240 536 Ι)ι

2345 525 2353 544 ι
2451 486 2726 554 Μάχαιρα
2754 460 3004 553 γλῶσσα
3046 486 3380 549 βασιλέων,
3421 489 3518 541 καί
3555 491 3628 543 οὐ
3669 492 3951 558 σαρκίνη.

687 574 940 628 omnium
967 571 1204 632 Domini.
1247 586 1357 625 non
1386 586 1689 639 corporeus
1717 581 1799 626 est
1838 586 2012 627 sonus
2060 588 2156 641 per
2181 588 2273 627 or-

694 679 833 732 galia
881 664 1086 715 vocalia
1133 662 1188 716 iu
1233 677 1415 717 acrem
1451 663 1685 718 diﬂ'usus
1726 677 1789 716 ac
1829 664 2125 727 resolutus,
2178 664 2274 719 sed

693 756 885 803 vivens
920 759 973 803 et
1019 751 1206 804 ellicax
1242 760 1295 804 et
1346 751 1520 821 magis
1572 751 1929 805 metuendum
1961 767 2123 821 cpiam
2157 753 2273 823 gla-

694 842 820 894 dius
847 843 1167 909 quicunque
1198 841 1455 911 utrinque
1499 852 1717 895 acutus.

764 933 1073 1000 Quicunque
1106 943 1280 986 autem
1314 934 1541 986 traditus
1567 934 1751 1001 fuerit,
1786 942 2103 988 conteretur.
2139 932 2272 998 Qui-

692 1040 913 1089 cunque
962 1036 1140 1076 autem
1180 1034 1342 1078 recte
1372 1025 1573 1077 rationi
1615 1025 1898 1079 contraria
1939 1040 2129 1094 agens.
2158 1024 2269 1079 Deo

690 1116 1002 1168 contrarius
1058 1116 1313 1168 inventus
1368 1116 1533 1170 fuerit
1582 1116 1634 1168 in
1683 1116 1771 1169 die
1823 1116 2169 1169 revelationis
2206 1130 2269 1168 ac

684 1207 817 1273 justi
860 1207 1080 1273 judicii,
1117 1216 1423 1260 extremum
1471 1208 1676 1261 subibit
1715 1208 2047 1275 supplicium
2092 1206 2161 1260 ab
2201 1222 2268 1261 eo

687 1300 1019 1367 redarguitus
1050 1300 1117 1352 de
1143 1302 1383 1367 peccatis
1418 1315 1540 1367 qua:
1568 1300 1869 1353 commisit.

758 1388 978 1443 Simim
1012 1400 1301 1443 commotus
1345 1390 1505 1459 fuerit
1555 1391 1708 1458 furor
1733 1391 1873 1458 ejus,
1927 1406 2046 1443 cum
2091 1390 2263 1443 nervis

682 1480 907 1532 hominis
932 1481 1182 1541 absumit,
1218 1489 1267 1531 et
1290 1496 1409 1532 ossa
1430 1480 1701 1533 hominum
1733 1484 1966 1533 devorat.
2005 1479 2087 1532 Ira
2116 1479 2261 1547 ejus,

683 1571 727 1625 si
782 1572 1133 1633 accendatur,
1166 1572 1446 1623 consumit
1502 1571 1756 1625 homines
1810 1572 1904 1639 qui
1952 1570 2261 1624 secundum

681 1664 1164 1729 tOltCtlpiSCL‘lIliaS
1204 1664 1414 1717 erroris
1447 1663 1691 1733 corrupti
1717 1672 1868 1729 sunt,
1912 1677 2037 1717 cum
2068 1675 2261 1716 eorum

679 1751 966 1805 alTectibus
1011 1752 1076 1803 ad
1114 1752 1410 1805 mundana.
1811 1753 1817 1759 ’

678 1847 734 1898 αἳ
762 1848 917 1915 δίκην
972 1847 1178 1917 νεύρων
1230 1847 1594 1919 συνδεσμοῦσι
1624 1849 1834 1912 τούτοις
1882 1845 2082 1907 αὐτούς

674 1938 979 1994 κατεσθίει.

2389 577 2447 628 ’0
2470 577 2626 643 λόγος
2661 576 2755 629 τοῦ
2788 578 3060 629 Δεσπότου
3084 576 3192 632 τῶν
3226 576 3363 630 ὅλων
3377 579 3535 642 Θεοῦ,
3553 581 3616 631 οὑ
3643 584 3953 647 σωματικάς

2375 666 2491 718 ἐστι
2522 665 2609 719 διὰ
2636 665 2961 734 φωνητικῶν
2989 666 3348 733 ὀργάωνέίς
3398 668 3535 735 ἀέρα
3575 668 3835 733 χεόμενος
3859 674 3954 722 καὶ

2373 755 2655 823 λυόμενος.
2684 755 2818 807 ἀλλά
2845 755 2951 818 ζῶν
2981 772 3040 808 τε
3076 756 3174 808 καὶ
3200 755 3451 825 ἐνεργὴς,
3497 758 3593 808 καὶ
3641 757 3952 827 τομώτερος

2373 847 2516 915 ὑπὲρ
2546 848 2727 898 πᾶσαν
2762 846 3038 914 μάχαιραν
3070 845 3343 914 δίστομον.

2447 939 2553 1001 Ὃς
2590 935 2641 987 δ’
2666 934 2742 988 ἂν
2768 934 3097 1003 παραδοθῇ,
3160 933 3645 1002 συντριϐήσεται.
3677 935 3870 997 Ὅστις
3895 934 3952 989 δὶ

2369 1028 2398 1079 ὀ
2447 1025 2517 1078 τὰ
2569 1025 2854 1094 παράλογα
2894 1025 3173 1095 πράττων,
3204 1026 3451 1090 ἀντίξους
3484 1024 3633 1093 αὑτῷ
3656 1024 3855 1095 εὑρεθῇ
3893 1027 3952 1076 tv

2369 1116 2553 1185 ἡμέρα
2584 1113 2982 1183 ἀποκαλύψεως
3005 1115 3097 1166 καὶ
3123 1114 3543 1183 δικαιοκρισίας,
3569 1116 3669 1182 τὴν
3708 1114 3950 1183 ἐσχάτην

2367 1205 2734 1271 ὑποστήσεται
2772 1204 3065 1273 τιμωρίαν,
3122 1203 3207 1271 ἐφ’
3252 1198 3336 1266 οἷς
3377 1204 3627 1273 ἦμαρτεν
3661 1203 3755 1256 ὑπ’
3780 1202 3950 1256 αὑτοῦ

2367 1296 2745 1365 ἔλεγχόμενος.

2448 1385 2585 1435 Ἐὰν
2604 1385 2713 1453 γὰρ
2749 1382 2977 1449 ὀξυνθῇ
3010 1386 3044 1437 ό
3068 1384 3256 1451 θυμὸς
3304 1383 3513 1448 αὐτοῦ,
3558 1383 3683 1439 σὺν
3708 1386 3954 1452 νεύροις

2365 1474 2715 1542 ἀνθρώπους
2731 1474 3118 1547 [ἁναλίσκει],
3144 1476 3240 1527 καί
3264 1475 3413 1531 ὀστᾶ
3429 1476 3755 1544 ἀνθρώπων
3770 1493 3951 1530 κατα·

2364 1566 2587 1634 τρώγει.
2640 1566 2767 1618 Ἐάν
2824 1566 2932 1636 γὰρ
2987 1566 3221 1636 ἐπιταθῇ
3256 1568 3289 1636 ή
3325 1566 3463 1637 ὀργὴ
3492 1567 3682 1631 αὑτοῦ,
3726 1564 3951 1638 δαπανᾷ

2362 1656 2707 1727 ἀνθρώπους,
2764 1659 2893 1719 τοὺς
2944 1656 3337 1725 φθειρομένους
3366 1658 3423 1708 ὲν
3467 1660 3589 1720 ταῖς
3622 1657 3950 1727 ἐπιθυμίαις

2361 1748 2461 1815 τῆς
2499 1747 2736 1816 ἀπάτης,
2760 1747 2856 1799 σὺν
2875 1749 2996 1808 ταῖς
3019 1763 3084 1799 πε
3096 1750 3148 1815 pi.
3172 1749 3237 1800 τά
3254 1746 3415 1801 ὑλικά
3445 1747 3694 1816 σχέσεοιν
3721 1748 3909 1800 αὐτῶν
3928 1764 3945 1777 ·

2110 1860 2123 1875 ³
2160 1842 2255 1897 καὶ
2314 1840 2414 1904 τάς
2450 1841 2750 1906 τονωτικάς
2788 1841 2946 1911 δίκην
2979 1840 3161 1894 ὀστῶν
3200 1840 3437 1911 ψυχικὰς
3468 1843 3726 1912 δυνάμεις
3762 1842 3950 1897 αὐτῶν

747 2030 815 2083 Et
856 2031 1113 2084 comburit
1163 2042 1412 2102 tanquam
1448 2035 1688 2101 ﬂamma,
1733 2036 1809 2087 ita
1859 2043 1914 2087 ιιι
1937 2036 2046 2087 sint
2077 2035 2240 2099 inepta

2426 2024 2532 2078 Kal
2559 2022 2838 2089 συγκαίει
2864 2019 3071 2087 ὥσπερ
3100 2019 3258 2087 φλόξ
3279 2036 3293 2051 ο
3337 2018 3496 2073 ὥστε
3526 2020 3760 2088 ἄϐρωτα
3789 2017 3949 2078 εἶναι

672 2123 791 2176 esui
819 2124 981 2190 pullis
1010 2124 1336 2193 aquilarum.
1374 2123 1438 2177 Et
1476 2127 1814 2181 comburens
1857 2124 2135 2179 consumit
2178 2125 2257 2177 ira

672 2216 833 2283 quasi
896 2217 1155 2285 stipulam
1208 2225 1262 2269 et
1324 2216 1537 2281 fenum,
1579 2219 1864 2272 materiam
1922 2217 1988 2271 ad
2033 2218 2258 2273 exarde-

671 2306 939 2361 scendum
966 2309 1205 2370 I'acilcm,
1242 2310 1595 2366 irrationales
1624 2326 1815 2365 eorum
1850 2312 2147 2381 appetitus,
2182 2311 2253 2364 ita

670 2408 731 2451 nt
764 2400 879 2453 esui
919 2401 1113 2469 ineptzu
1144 2401 1254 2454 sint
1286 2404 1648 2471 cogitationes
1677 2418 1818 2474 quas
1847 2404 1901 2457 in
1926 2404 2128 2457 animis
2158 2404 2255 2456 ho-

673 2490 883 2542 minum
940 2493 1189 2543 excitant
1222 2493 1446 2562 maligni
1493 2494 1726 2560 spiritus
1759 2496 1875 2562 qui,
1914 2493 2061 2548 sicut
2096 2493 2253 2560 aqui-

672 2582 733 2634 la:
764 2582 1132 2649 altivolantes,
1169 2583 1222 2636 in
1266 2584 1611 2647 altitudinem
1663 2585 1935 2654 superbia:
1978 2586 2249 2638 feruntur.

743 2758 903 2814 Vsus.
939 2760 1027 2814 25.
1074 2760 1203 2813 Ila'c
1244 2771 1416 2813 autem
1452 2761 1573 2815 dico
1620 2760 1762 2815 vobis
1794 2760 2122 2827 sapientibus
2156 2776 2249 2812 co-

664 2870 935 2922 gnoscere.
974 2852 1095 2906 ΙΙιεο
1122 2864 1304 2907 autem
1337 2856 1461 2908 dico
1490 2855 1647 2909 vobis
1677 2855 1770 2923 qui
1804 2856 2062 2909 doctores
2084 2856 2244 2920 estis,

667 2954 723 2995 ut
755 2948 1103 3014 cognoscatis
1163 2961 1256 2998 eos
1305 2962 1446 3015 quos
1498 2947 1707 3015 repellit
1769 2944 1933 3011 Dens,
1970 2958 2022 3000 et
2049 2962 2145 3001 eos
2177 2946 2245 3000 ad

665 3037 814 3088 illum
846 3038 1178 3092 convertatis
1211 3040 1700 3091 conuniuationum
1742 3047 1887 3092 metu
1926 3057 1939 3093 :
1988 3039 2246 3094 timentes

660 3138 841 3180 autem
879 3129 1235 3182 Consolemini
1266 3144 1331 3184 ne
1354 3132 1550 3183 cadant
1575 3130 1629 3182 in
1660 3128 2124 3197 desperationem.

734 3307 975 3362 Revereri
1036 3324 1315 3376 personam
1377 3309 1429 3359 in
1479 3307 1685 3376 judicio
1736 3325 1839 3361 non
1898 3318 1975 3361 est
2024 3308 2239 3362 bonum.

656 3398 1133 3464 Quemadmodum
1162 3397 1367 3449 malum
1398 3404 1483 3450 est
1512 3398 1562 3449 in
1591 3397 1821 3465 jndiciis
1860 3413 2087 3465 parcere
2126 3399 2241 3451 sive

658 3488 889 3554 potenti,
934 3487 1047 3540 sive
1098 3485 1342 3555 pauperi,
1412 3496 1464 3539 et
1520 3500 1549 3538 ει
1590 3487 1742 3553 justo
1810 3488 2123 3551 declinare,
2165 3488 2241 3540 ita

653 3578 890 3630 «Lemoni
924 3577 1150 3630 obedire
1186 3576 1503 3644 suggerenti
1545 3578 1661 3630 sive
1712 3588 1937 3646 peccata
1979 3580 2244 3651 commis-

646 3669 852 3732 sionis,
882 3668 999 3725 sive
1033 3680 1255 3733 peccata
1286 3668 1609 3723 omissionis
1632 3709 1645 3732 ,
1688 3678 1741 3724 et
1770 3669 1877 3723 hoc
1907 3678 1991 3724 est
2018 3686 2047 3724 a
2067 3670 2236 3740 justi-

654 3773 742 3814 tia:
783 3761 984 3815 virtute
1012 3759 1310 3815 declinare.

727 3939 890 3995 Vens.
920 3939 1009 3993 ει.
1046 3939 1149 4004 Qui
1195 3939 1375 3991 dicunt
1406 3940 1569 4004 impio
1601 3954 1619 3993 :
1646 3937 1838 3993 Justus
1896 3957 1973 4005 es,
2017 3942 2241 3996 maledi-

647 4044 765 4085 cent
796 4032 871 4084 eis
897 4031 1095 4097 populi,
1119 4039 1166 4082 et
1197 4030 1601 4082 detestabantur
1628 4046 1715 4083 eos
1751 4032 1940 4084 tribus.
1974 4031 2078 4097 Qui
2115 4033 2239 4086 lau-

647 4130 741 4176 dat
798 4124 999 4177 bonum
1068 4136 1313 4189 quaarerc
1376 4130 1431 4175 et
1486 4108 1673 4176 colere
1732 4133 2112 4188 recusantem,
2175 4138 2239 4178 ac

651 4214 881 4286 pt'nittdc
924 4215 1180 4285 proximo
1227 4222 1540 4280 nocentem,
1579 4230 1757 4285 neque
1804 4231 1833 4268 a
1886 4215 2238 4271 multitudine

649 4309 914 4369 tittelinm,
950 4321 1127 4373 neque
1161 4305 1465 4358 inlidelium
1495 4306 1777 4376 diligetur,
1824 4315 2008 4375 utpote
2041 4323 2234 4361 eorum

645 4398 832 4450 da‘mni
893 4405 1185 4464 operator;
1252 4398 1505 4465 quamvis
1564 4396 1810 4451 ﬁdelium
1865 4397 2022 4452 electi
2079 4398 2233 4452 illum

646 4499 829 4542 unwnt
861 4490 931 4543 ob
964 4487 1052 4541 Dei
1090 4489 1432 4543 mandatum.

720 4577 885 4631 Vsus.
912 4576 1004 4639 25,
1030 4575 1120 4629 26.
1156 4576 1262 4641 Qui
1288 4586 1517 4645 arguunt
1547 4593 1686 4639 eum,
1713 4577 1958 4631 meliores
2003 4592 2231 4646 appare-

2359 2113 2646 2177 νεοσσοῖς
2673 2108 2892 2164 αὐτῶν.
2921 2110 3033 2163 Καὶ
3055 2108 3358 2178 συμφλέγει
3391 2110 3561 2171 αὑτάς
3580 2104 3780 2178 οἷάπερ
3830 2110 3948 2179 πῦρ

2360 2203 2614 2272 καλάμην
2635 2202 2732 2253 καὶ
2762 2201 2972 2268 χόρτον,
3004 2197 3313 2269 εῡπρηστον
3349 2196 3503 2267 ὓλην,
3564 2198 3664 2259 τὰς
3702 2198 3950 2268 παραλό-

2356 2312 2487 2363 γους
2514 2292 2722 2345 τοὺτων
2750 2290 2927 2361 ὁρμάς
2961 2288 3100 2360 ὀργῆ
3126 2288 3507 2342 κατακαίουσα
3531 2303 3546 2318 ·
3579 2288 3721 2342 ὥστε
3754 2289 3829 2359 μὴ
3862 2289 3947 2358 βι-

2356 2385 2705 2456 ϐρώσκεσθαι
2735 2384 3043 2451 λογισμοῖς,
3073 2380 3166 2445 οὓς
3206 2383 3327 2443 ταῖς
3360 2380 3561 2450 ψυχαῖς
3585 2383 3694 2433 τῶν
3729 2382 3949 2451 ἀνθρώ.

2312 2479 2474 2530 ’πων
2541 2475 3004 2538 ὲναποτίκτουσι,
3065 2473 3131 2526 τά
3188 2473 3344 2540 δίκην
3394 2471 3673 2540 ὑψιπετῶν
3726 2472 3942 2539 ἀετῶν,

2352 2569 2433 2626 εἰς
2465 2565 2596 2634 ὕψος
2631 2564 3011 2633 ὑπερηφανίας
3040 2563 3308 2632 αίρόμενα
3337 2561 3439 2633 τῆς
3468 2562 3739 2632 πονηρίας
3770 2563 3945 2616 πνεὺά

2357 2675 2524 2730 ματα.

2424 2756 2529 2817 κγ’,
2574 2748 2763 2802 Ταῦτα
2795 2747 2865 2801 δὲ
2884 2747 3038 2817 λέγω
3092 2746 3239 2815 ὑμῖν
3280 2742 3407 2813 τοῖς
3429 2746 3644 2815 σοφοῖς
3665 2746 3946 2814 ἐπιτινώ-

2351 2858 2539 2894 σκειν.
2578 2840 2765 2898 Ταῦτα
2818 2839 2874 2891 δέ
2903 2856 3045 2908 φημι
3076 2840 3206 2908 ὑμῖν
3230 2840 3339 2901 τοῖς
3383 2837 3727 2901 διδασκάλοις
3750 2855 3764 2867 ·
3796 2837 3944 2891 ὥστε

2347 2933 2729 3001 διαγινώσκειν
2802 2931 2895 2993 οὓς
2953 2931 3360 3003 ἀποστρέφεται
3402 2930 3555 2994 Θεὸς,
3586 2931 3683 2983 καὶ
3712 2931 3945 2994 τούτους

2348 3029 2484 3099 πρὸς
2523 3028 2684 3080 αὑτὸν
2735 3026 3089 3096 ἐπιστρέφειν
3125 3024 3277 3093 φόϐῳ
3312 3024 3420 3077 τῶν
3449 3022 3615 3076 αὑτοῦ
3644 3022 3894 3076 ἀπειλῶν
3923 3040 3941 3057 ο

2346 3124 2472 3182 τοὺς
2500 3120 2556 3172 δὲ
2597 3119 2967 3188 φοϐουμένους
2998 3116 3472 3188 παραμυθεῖσθαι,
3495 3116 3637 3169 ὥστε
3670 3115 3746 3187 μὴ
3782 3132 3938 3187 περι-

2346 3214 2534 3264 πεσεῖν
2567 3213 2645 3273 εἰς
2675 3211 3009 3278 ἀπόγνωσιν.
3903 3203 3922 3222 ⁸

2417 3304 2724 3357 Αίδεῐσθαι
2746 3305 3041 3369 πρόσωπα
3070 3301 3138 3353 ἐν
3159 3304 3373 3369 κρίσει,
3390 3303 3463 3355 οὐ
3484 3303 3696 3355 καλόν.
3725 3301 3943 3372 Ὠσπερ

2347 3396 2518 3449 κακόν
2576 3398 2691 3449 ἐστι
2740 3395 2803 3447 τὸ
2856 3393 2966 3446 εἴτε
3022 3394 3287 3446 δυνάστου
3326 3395 3436 3445 είτε
3475 3393 3693 3463 πτωχοῦ
3733 3393 3796 3445 ἐν
3817 3396 3943 3456 ταῖς

2349 3486 2566 3558 κρίσεσι
2601 3484 2899 3553 φείδεσθαι,
2935 3476 3025 3535 καὶ
3076 3483 3455 3553 παραθεωρεῖν
3485 3483 3738 3536 ἐντεῦθεν
3766 3484 3827 3535 τὸ
3856 3485 3942 3538 δίο

2346 3596 2523 3638 καιον,
2554 3576 2699 3629 οῦτω
2749 3575 2844 3627 καὶ
2882 3573 2943 3625 τὸ
2974 3574 3273 3625 ὑπακούειν
3304 3572 3413 3624 εἴτε
3455 3571 3532 3641 τῷ
3558 3572 3943 3642 ὑποτιθεμένῳ

2343 3671 2559 3741 δαίμονι
2605 3668 2675 3721 τά
2732 3666 2851 3719 καθ’
2911 3665 3217 3734 ὑπερϐολὴν
3249 3665 3345 3734 τῆς
3378 3663 3581 3733 ἀρετῆς
3608 3664 3785 3734 πάθη,
3823 3666 3942 3717 είτε

2342 3764 2412 3818 τά
2442 3762 2564 3815 κατ’
2596 3759 2832 3826 ἔλλειψιν
2852 3757 3044 3825 αὑτῆς,
3101 3758 3193 3810 καὶ
3224 3757 3321 3826 τῆς
3352 3756 3474 3808 κατ’
3499 3754 3705 3826 ἀρετὴν
3726 3755 3946 3810 δικαιο-

2344 3850 2513 3918 σύνης
2545 3846 2927 3917 ἐκτρέπεσθαι.

2415 3938 2517 3992 κδ’.
2556 3938 2620 3990 Ὀ
2648 3936 2832 3990 εἰπὼν
2855 3939 2961 3989 τίν
2991 3935 3205 4003 ἀσεϐῆ,
3240 3936 3480 4000 Δίκαιός
3501 3936 3695 3997 ἐστιν,
3737 3937 3948 3991 tanta.

2342 4032 2599 4100 τάρατος
2647 4029 2821 4093 λαοῖς
2876 4030 3082 4083 ἔσται*
3139 4030 3235 4081 καὶ
3268 4030 3526 4097 μισητός
3554 4031 3643 4095 είς
3661 4029 3837 4096 ἔθνη.
3886 4031 3945 4085 '0

2340 4122 2635 4185 ἐπαινέσας
2659 4121 2752 4172 τὸν
2777 4119 2851 4190 μὴ
2887 4118 3134 4188 τιμῶντα
3156 4120 3216 4171 τὸ
3245 4119 3474 4185 ἀγαθὸν,
3532 4120 3633 4173 καὶ
3660 4119 3753 4173 διὰ
3776 4121 3944 4174 τοῦτο

2341 4213 2641 4285 βλαπτικὸν
2666 4211 2775 4265 τῶν
2805 4211 3083 4281 ὁμοφυῶν,
3115 4210 3240 4264 οὕτε
3283 4212 3386 4264 ὑπὸ
3412 4211 3508 4264 τοῦ
3546 4212 3792 4283 πλήθους
3826 4214 3945 4267 τῶν

2339 4308 2572 4369 πιστῶν,
2607 4305 2731 4359 οῦτε
2790 4306 2896 4358 ὑπὸ
2926 4305 3035 4357 τῶν
3077 4304 3323 4358 ἀπίστων
3361 4306 3809 4374 ἀγαπηθήσεται,
3863 4308 3943 4369 ὡς

2337 4400 2602 4471 συνεργὸς
2654 4399 2754 4467 τῆς
2788 4397 2994 4466 βλάϐης
3040 4397 3245 4461 αὑτῶν,
3302 4397 3408 4450 κᾶν
3456 4398 3506 4449 οἱ
3546 4398 3797 4451 ἐκλεκτοὶ
3828 4400 3943 4451 τῶν

2335 4494 2546 4546 πιστῶν
2591 4492 2848 4559 ἀγαπῶσι
2888 4491 3077 4542 τοῦτον
3128 4490 3214 4543 διὰ
3245 4491 3346 4562 τὴν
3379 4490 3475 4543 τοῦ
3509 4490 3646 4543 Θεοῦ
3686 4492 3941 4563 ἐντολήν.

2406 4590 2504 4643 κε’,
2544 4589 2657 4647 κς’.
2696 4585 2761 4635 οι
2797 4581 2866 4634 δὲ
2907 4580 3289 4649 ἐλέγχοντες,
3344 4583 3635 4647 βελτίους
3675 4584 3946 4650 ραι-οὗν.

640 4671 770 4722 bunt
787 4685 805 4722 :
821 4670 873 4722 in
892 4671 1031 4736 ipsos
1054 4678 1229 4721 autem
1256 4671 1419 4721 veniet
1448 4666 1936 4723 ben’edictio.Lubia
1955 4669 2232 4723 deoscula-

2345 4691 2429 4729 ται
2454 4692 2468 4706 ·
2499 4674 2593 4727 ἐπ’
2614 4673 2837 4736 αὐτοὺς
2866 4671 2935 4725 δὲ
2963 4672 3096 4738 ἥξει
3129 4674 3407 4741 εὐλογία·
3443 4674 3621 4740 χείλη
3644 4672 3715 4724 δὲ
3740 4676 3896 4740 αι.ιή
3916 4704 3933 4715 ο

638 4763 838 4815 buntur
860 4780 977 4827 qua:
1000 4768 1314 4832 respondent
1342 4761 1496 4815 verba
1520 4762 1679 4814 bona.
1702 4761 1806 4828 Qui
1835 4772 2017 4817 autem
2044 4763 2232 4817 redar-

640 4858 871 4924 gutoriis
920 4858 1104 4911 verbis
1149 4852 1301 4910 illum
1349 4870 1377 4908 a
1422 4856 1655 4925 proximi
1701 4856 1907 4910 damno
1952 4865 2232 4912 conantur

634 4958 908 5009 avertere.
956 4949 1213 5002 meliores
1262 4948 1593 5001 videbuntur
1634 4956 1687 5002 et
1741 4947 1958 5001 laudem
2014 4944 2233 5003 obtine-

640 5040 778 5093 bunt
812 5056 826 5093 :
862 5041 963 5110 ipsi
993 5050 1175 5093 autem
1219 5040 1693 5093 deosculabuntur
1722 5055 1819 5094 eos
1853 5042 1946 5109 qui
1986 5042 2055 5095 ad
2098 5056 2228 5111 pro-

635 5135 815 5202 priam
857 5134 1295 5188 emendationem
1352 5134 1625 5201 recipiunt
1667 5134 2131 5203 objurgationem.
2174 5144 2230 5189 et

633 5225 869 5296 benigna
917 5218 1255 5295 respondent
1304 5227 1434 5291 illis,
1457 5234 1646 5296 utpote
1688 5226 1753 5281 ad
1804 5226 2223 5281 conversionem

631 5316 834 5385 parati.

707 5409 869 5464 Vsus.
906 5409 995 5463 27.
1037 5408 1301 5471 Praepara
1334 5409 1388 5460 in
1423 5425 1635 5477 egressu
1678 5426 1839 5476 opera
1884 5417 1997 5461 tua.
2034 5408 2223 5461 Actio-

634 5516 732 5552 nes
765 5509 886 5553 tuas
915 5499 1222 5554 secundum
1254 5500 1511 5553 virtutem
1539 5502 1714 5570 dirige
1743 5504 1869 5553 dum
1896 5510 2221 5569 praesentem

631 5589 935 5659 put-transis
992 5592 1161 5645 vitam
1204 5610 1214 5644 :
1249 5600 1469 5661 tempus
1509 5592 1654 5645 enim
1706 5607 1969 5661 praesens,
2003 5599 2222 5661 tempus

629 5680 891 5749 actionis;
918 5683 1183 5745 futurum,
1213 5684 1698 5737 remunerationis.

703 5772 768 5827 Et
801 5791 1107 5845 pra'uarare
1140 5778 1191 5831 in
1223 5794 1374 5847 agro.
1410 5777 1469 5832 Et
1497 5779 1563 5831 'iu
1597 5778 1800 5832 trutqu
1833 5776 2094 5835 exteriori
2127 5780 2220 5849 qui

2336 4784 2561 4823 σουσιν
2597 4766 3284 4835 ἀποκρινόμεναλόγους
3324 4766 3609 4833 ἀγαθούς.
3651 4766 3718 4818 Oi
3756 4766 3816 4819 δὲ
3847 4766 3941 4819 λό-

2333 4878 2455 4929 γοις
2520 4859 2858 4927 ὲλεγκτικοῖς
2918 4856 3251 4909 ἀνακόπτειν
3313 4857 3477 4911 αὑτὸν
3508 4857 3606 4925 τῆς
3654 4858 3799 4909 κατά
3826 4858 3944 4909 τῶν

2332 4951 2592 5022 ὁμοφυῶν
2629 4950 2834 5021 βλάϐης
2865 4948 3295 5018 ἐπιχειροῦντες,
3342 4949 3653 5016 κρείττονες
3690 4948 3938 5011 δόξουσι,

2334 5040 2631 5095 κάντεῦθεν
2662 5041 2886 5103 ἔπαινος
2947 5039 3330 5109 καταλήψεται
3353 5058 3369 5072 ·
3406 5038 3753 5092 ἀσπάσονται
3781 5039 3841 5092 δὶ
3884 5040 3941 5091 οι

2335 5135 2489 5189 αὑτοὶ
2517 5136 2645 5199 τοὺς
2677 5135 2813 5204 πρὸς
2836 5133 3124 5203 διόρθωσιν
3149 5131 3329 5185 αὐτῶν
3375 5132 3599 5202 ἔλεγχον
3626 5133 3941 5201 ὑπομένον-

2335 5244 2455 5289 τας,
2490 5228 2585 5280 καὶ
2607 5225 2897 5296 προσηνῶς
2926 5223 3405 5295 ἀπολογουμένους
3431 5224 3638 5287 αὑτοῖς,
3680 5226 3761 5288 ὡς
3792 5225 3939 5295 πρὸς

2334 5318 2671 5389 ἐπιστροφὴν
2698 5318 2971 5385 ἑτοίμους.

2403 5411 2508 5473 κζ’.
2557 5410 2852 5479 Ἐτοίμαῖε
2878 5413 2965 5475 εις
2990 5412 3105 5477 τὴν
3130 5410 3351 5473 ἔξοδον
3377 5408 3448 5461 τὰ
3471 5409 3616 5477 ἔργα
3648 5426 3792 5463 σου.
3828 5409 3937 5463 se.

2329 5491 2560 5573 τρέπῖςέ
2594 5518 2688 5554 σου
2729 5501 2827 5562 τὰς
2876 5501 3107 5570 πράξεις
3156 5501 3276 5553 κατ’
3320 5498 3543 5570 ἀρετὴν,
3570 5499 3676 5560 ἕως
3706 5500 3791 5552 ἔτι
3829 5500 3937 5571 τὴν

2330 5593 2618 5663 παροῦσαν
2674 5591 2929 5665 διεξέρχῃ
2986 5593 3168 5662 ζωήνο
3216 5592 3474 5661 ἐργασίας
3510 5591 3623 5660 γάρ
3670 5590 3701 5643 6
3736 5591 3937 5662 παρὼν

2331 5686 2524 5758 καιρός
2548 5701 2561 5716 ⁶
2598 5685 2702 5738 ὁδὲ
2732 5685 2961 5754 μέλλων,
2999 5685 3431 5747 ἀνταποδόσεως.

2405 5780 2513 5835 Καὶ
2529 5776 2988 5848 παρασκευάζῖιυ
3005 5778 3052 5831 εί
3060 5798 3090 5842 ς
3114 5778 3217 5831 τὸν
3233 5777 3437 5843 ἀγρόν.
3458 5777 3565 5830 Καὶ
3585 5776 3644 5828 ἐν
3660 5776 3740 5846 τῷ
3768 5773 3935 5846 μερί-
