  <div class='ocr_page' id='page_1' title='image "/cluster/home/n/w/nwhite01/storage/ocr_20150623/87 pt.1/nnc1.0046979824/754.png"; bbox 0 0 4220 6462; ppageno 0'>
   <div class='ocr_carea' id='block_1_1' title="bbox 290 383 430 448">
    <p class='ocr_par' dir='ltr' id='par_1_1' title="bbox 290 383 430 448">
     <span class='ocr_line' id='line_1_1' title="bbox 290 383 430 448; baseline -0.007 0"><span class='ocrx_word' id='word_1_1' title='bbox 290 383 430 448; x_wconf 72' lang='grc'><strong>1469</strong></span> 
     </span>
    </p>
   </div>
   <div class='ocr_carea' id='block_1_2' title="bbox 1289 389 2440 451">
    <p class='ocr_par' dir='ltr' id='par_1_2' title="bbox 1289 389 2440 451">
     <span class='ocr_line' id='line_1_2' title="bbox 1289 389 2440 451; baseline -0.001 -1"><span class='ocrx_word' id='word_1_2' title='bbox 1289 389 1829 451; x_wconf 67' lang='lat' dir='ltr'><strong>COMMENTARII</strong></span> <span class='ocrx_word' id='word_1_3' title='bbox 1862 392 1940 449; x_wconf 74' lang='lat' dir='ltr'><strong>IN</strong></span> <span class='ocrx_word' id='word_1_4' title='bbox 1983 391 2440 451; x_wconf 56' lang='lat' dir='ltr'><strong>PROVERBIA.</strong></span> 
     </span>
    </p>
   </div>
   <div class='ocr_carea' id='block_1_3' title="bbox 3411 387 3550 453">
    <p class='ocr_par' dir='ltr' id='par_1_3' title="bbox 3411 387 3550 453">
     <span class='ocr_line' id='line_1_3' title="bbox 3411 387 3550 453; baseline 0.022 -3"><span class='ocrx_word' id='word_1_5' title='bbox 3411 387 3550 453; x_wconf 64' lang='lat'><strong>1470</strong></span> 
     </span>
    </p>
   </div>
   <div class='ocr_carea' id='block_1_4' title="bbox 291 494 1896 569">
    <p class='ocr_par' dir='ltr' id='par_1_4' title="bbox 291 494 1868 569">
     <span class='ocr_line' id='line_1_4' title="bbox 291 494 1868 569; baseline 0.004 -26"><span class='ocrx_word' id='word_1_6' title='bbox 291 512 428 562; x_wconf 83' lang='grc' dir='ltr'>μνας</span> <span class='ocrx_word' id='word_1_7' title='bbox 460 510 539 545; x_wconf 90' lang='grc' dir='ltr'><strong>σοι</strong></span> <span class='ocrx_word' id='word_1_8' title='bbox 573 494 831 562; x_wconf 82' lang='grc' dir='ltr'>βιωτικὰς</span> <span class='ocrx_word' id='word_1_9' title='bbox 855 497 1224 563; x_wconf 73' lang='grc' dir='ltr'><strong>ἀνατέλλοντι,</strong></span> <span class='ocrx_word' id='word_1_10' title='bbox 1271 500 1427 569; x_wconf 86' lang='grc' dir='ltr'>δίκην</span> <span class='ocrx_word' id='word_1_11' title='bbox 1472 500 1868 568; x_wconf 79' lang='grc' dir='ltr'>ὑλομανοῦντος</span> 
     </span>
    </p>
   </div>
   <div class='ocr_carea' id='block_1_5' title="bbox 2000 494 3548 569">
    <p class='ocr_par' dir='ltr' id='par_1_5' title="bbox 2000 496 3548 568">
     <span class='ocr_line' id='line_1_5' title="bbox 2000 496 3548 568; baseline 0.001 -16"><span class='ocrx_word' id='word_1_12' title='bbox 2000 501 2432 568; x_wconf 54' lang='grc' dir='ltr'>ιυειιιοάηιοόυιιι</span> <span class='ocrx_word' id='word_1_13' title='bbox 2473 514 2602 568; x_wconf 79' lang='lat' dir='ltr'><strong>ager</strong></span> <span class='ocrx_word' id='word_1_14' title='bbox 2637 498 2824 552; x_wconf 86' lang='lat' dir='ltr'><strong>insana</strong></span> <span class='ocrx_word' id='word_1_15' title='bbox 2872 496 3222 552; x_wconf 79' lang='lat' dir='ltr'><strong>frnticatione</strong></span> <span class='ocrx_word' id='word_1_16' title='bbox 3271 498 3548 564; x_wconf 80' lang='lat' dir='ltr'><strong>laborans.</strong></span> 
     </span>
    </p>
   </div>
   <div class='ocr_carea' id='block_1_6' title="bbox 290 584 1864 658">
    <p class='ocr_par' dir='ltr' id='par_1_6' title="bbox 290 584 1864 658">
     <span class='ocr_line' id='line_1_6' title="bbox 290 584 1864 658; baseline 0.003 -22"><span class='ocrx_word' id='word_1_17' title='bbox 290 584 483 651; x_wconf 75' lang='grc' dir='ltr'>ἀγροῦ,</span> <span class='ocrx_word' id='word_1_18' title='bbox 518 586 826 653; x_wconf 81' lang='grc' dir='ltr'><strong>φαινομένῳ</strong></span> <span class='ocrx_word' id='word_1_19' title='bbox 856 590 1065 657; x_wconf 80' lang='grc' dir='ltr'>κόσμῳ,</span> <span class='ocrx_word' id='word_1_20' title='bbox 1091 590 1381 658; x_wconf 74' lang='grc' dir='ltr'>ἑτοιμάζου</span> <span class='ocrx_word' id='word_1_21' title='bbox 1421 588 1498 657; x_wconf 84' lang='grc' dir='ltr'>τῷ</span> <span class='ocrx_word' id='word_1_22' title='bbox 1538 590 1753 658; x_wconf 79' lang='grc' dir='ltr'>ἀρότρῳ</span> <span class='ocrx_word' id='word_1_23' title='bbox 1773 587 1864 640; x_wconf 79' lang='grc' dir='ltr'>τοῦ</span> 
     </span>
    </p>
   </div>
   <div class='ocr_carea' id='block_1_7' title="bbox 290 674 1868 749">
    <p class='ocr_par' dir='ltr' id='par_1_7' title="bbox 290 674 1868 749">
     <span class='ocr_line' id='line_1_7' title="bbox 290 674 1868 749; baseline 0.003 -24"><span class='ocrx_word' id='word_1_24' title='bbox 290 674 815 745; x_wconf 75' lang='grc' dir='ltr'>λόγου,προρρίζους</span> <span class='ocrx_word' id='word_1_25' title='bbox 851 677 1017 738; x_wconf 72' lang='grc' dir='ltr'>αὑτὰς</span> <span class='ocrx_word' id='word_1_26' title='bbox 1040 679 1312 749; x_wconf 80' lang='grc' dir='ltr'>ἀνασπᾷν,</span> <span class='ocrx_word' id='word_1_27' title='bbox 1345 679 1481 749; x_wconf 74' lang='grc' dir='ltr'>πρὸς</span> <span class='ocrx_word' id='word_1_28' title='bbox 1499 679 1868 746; x_wconf 73' lang='grc' dir='ltr'><strong>καρπογονίαν</strong></span> 
     </span>
    </p>
   </div>
   <div class='ocr_carea' id='block_1_8' title="bbox 291 766 1870 840">
    <p class='ocr_par' dir='ltr' id='par_1_8' title="bbox 291 766 1870 840">
     <span class='ocr_line' id='line_1_8' title="bbox 291 766 1870 840; baseline 0.003 -23"><span class='ocrx_word' id='word_1_29' title='bbox 291 766 694 836; x_wconf 73' lang='grc' dir='ltr'>πνευματικὴν,</span> <span class='ocrx_word' id='word_1_30' title='bbox 749 769 808 819; x_wconf 80' lang='grc' dir='ltr'><strong>ἐν</strong></span> <span class='ocrx_word' id='word_1_31' title='bbox 860 767 938 837; x_wconf 85' lang='grc' dir='ltr'>τῷ</span> <span class='ocrx_word' id='word_1_32' title='bbox 981 769 1257 838; x_wconf 80' lang='grc' dir='ltr'>διανέμειν</span> <span class='ocrx_word' id='word_1_33' title='bbox 1303 787 1395 823; x_wconf 89' lang='grc' dir='ltr'><strong>σου</strong></span> <span class='ocrx_word' id='word_1_34' title='bbox 1449 769 1518 823; x_wconf 83' lang='grc' dir='ltr'>τὰ</span> <span class='ocrx_word' id='word_1_35' title='bbox 1557 770 1870 840; x_wconf 82' lang='grc' dir='ltr'>ὑπάρχοντα</span> 
     </span>
    </p>
   </div>
   <div class='ocr_carea' id='block_1_9' title="bbox 293 857 542 924">
    <p class='ocr_par' dir='ltr' id='par_1_9' title="bbox 293 857 542 924">
     <span class='ocr_line' id='line_1_9' title="bbox 293 857 542 924; baseline 0.008 -17"><span class='ocrx_word' id='word_1_36' title='bbox 293 857 542 924; x_wconf 76' lang='grc' dir='ltr'>πένησιν.</span> 
     </span>
    </p>
   </div>
   <div class='ocr_carea' id='block_1_10' title="bbox 364 948 1873 1017">
    <p class='ocr_par' dir='ltr' id='par_1_10' title="bbox 364 948 1873 1017">
     <span class='ocr_line' id='line_1_10' title="bbox 364 948 1873 1017; baseline 0.003 -17"><span class='ocrx_word' id='word_1_37' title='bbox 364 948 470 1000; x_wconf 77' lang='grc' dir='ltr'><strong>Καὶ</strong></span> <span class='ocrx_word' id='word_1_38' title='bbox 504 949 762 1013; x_wconf 79' lang='grc' dir='ltr'><strong>πορεύου</strong></span> <span class='ocrx_word' id='word_1_39' title='bbox 792 949 1162 1002; x_wconf 76' lang='grc' dir='ltr'>και-ὄπισθέν</span> <span class='ocrx_word' id='word_1_40' title='bbox 1193 967 1334 1016; x_wconf 80' lang='grc' dir='ltr'>μου.</span> <span class='ocrx_word' id='word_1_41' title='bbox 1385 949 1494 1004; x_wconf 77' lang='grc' dir='ltr'><strong>Καὶ</strong></span> <span class='ocrx_word' id='word_1_42' title='bbox 1548 949 1691 1003; x_wconf 79' lang='grc' dir='ltr'>οὕτω</span> <span class='ocrx_word' id='word_1_43' title='bbox 1732 951 1873 1017; x_wconf 75' lang='grc' dir='ltr'>ἄρας</span> 
     </span>
    </p>
   </div>
   <div class='ocr_carea' id='block_1_11' title="bbox 297 1034 1876 1109">
    <p class='ocr_par' dir='ltr' id='par_1_11' title="bbox 297 1034 1876 1109">
     <span class='ocr_line' id='line_1_11' title="bbox 297 1034 1876 1109; baseline 0.004 -23"><span class='ocrx_word' id='word_1_44' title='bbox 297 1051 390 1087; x_wconf 85' lang='grc' dir='ltr'><strong>σου</strong></span> <span class='ocrx_word' id='word_1_45' title='bbox 427 1034 517 1086; x_wconf 75' lang='grc' dir='ltr'>τὸν</span> <span class='ocrx_word' id='word_1_46' title='bbox 541 1036 791 1104; x_wconf 82' lang='grc' dir='ltr'>σταυρὸν,</span> <span class='ocrx_word' id='word_1_47' title='bbox 827 1036 923 1104; x_wconf 80' lang='grc' dir='ltr'><strong>τὴν</strong></span> <span class='ocrx_word' id='word_1_48' title='bbox 942 1038 1037 1089; x_wconf 76' lang='grc' dir='ltr'>τοῦ</span> <span class='ocrx_word' id='word_1_49' title='bbox 1058 1039 1320 1106; x_wconf 79' lang='grc' dir='ltr'>σαρκικοῦ</span> <span class='ocrx_word' id='word_1_50' title='bbox 1351 1040 1563 1101; x_wconf 84' lang='grc' dir='ltr'>πάντως</span> <span class='ocrx_word' id='word_1_51' title='bbox 1595 1043 1876 1109; x_wconf 80' lang='grc' dir='ltr'>φρονήμα-</span> 
     </span>
    </p>
   </div>
   <div class='ocr_carea' id='block_1_12' title="bbox 295 1125 1873 1199">
    <p class='ocr_par' dir='ltr' id='par_1_12' title="bbox 295 1125 1873 1199">
     <span class='ocr_line' id='line_1_12' title="bbox 295 1125 1873 1199; baseline 0.004 -23"><span class='ocrx_word' id='word_1_52' title='bbox 295 1139 389 1186; x_wconf 86' lang='grc' dir='ltr'><strong>τος</strong></span> <span class='ocrx_word' id='word_1_53' title='bbox 420 1125 707 1194; x_wconf 78' lang='grc' dir='ltr'><strong>νέκρωσιν,</strong></span> <span class='ocrx_word' id='word_1_54' title='bbox 735 1126 1014 1179; x_wconf 77' lang='grc' dir='ltr'>ἀκολούθει</span> <span class='ocrx_word' id='word_1_55' title='bbox 1046 1145 1137 1197; x_wconf 86' lang='grc' dir='ltr'><strong>μοι</strong></span> <span class='ocrx_word' id='word_1_56' title='bbox 1165 1129 1242 1198; x_wconf 80' lang='grc' dir='ltr'><strong>τῷ</strong></span> <span class='ocrx_word' id='word_1_57' title='bbox 1275 1128 1650 1199; x_wconf 78' lang='grc' dir='ltr'>πτωχεύσαντι</span> <span class='ocrx_word' id='word_1_58' title='bbox 1680 1129 1767 1182; x_wconf 84' lang='grc' dir='ltr'>διὰ</span> <span class='ocrx_word' id='word_1_59' title='bbox 1793 1126 1873 1193; x_wconf 76' lang='grc' dir='ltr'>σὲ,</span> 
     </span>
    </p>
   </div>
   <div class='ocr_carea' id='block_1_13' title="bbox 297 1216 1067 1286">
    <p class='ocr_par' dir='ltr' id='par_1_13' title="bbox 297 1216 1067 1286">
     <span class='ocr_line' id='line_1_13' title="bbox 297 1216 1067 1286; baseline 0.005 -18"><span class='ocrx_word' id='word_1_60' title='bbox 297 1216 392 1268; x_wconf 71' lang='grc' dir='ltr'><strong>καὶ</strong></span> <span class='ocrx_word' id='word_1_61' title='bbox 423 1217 655 1286; x_wconf 70' lang='grc' dir='ltr'>σταυρὸν</span> <span class='ocrx_word' id='word_1_62' title='bbox 688 1218 1067 1285; x_wconf 78' lang='grc' dir='ltr'><strong>ὑπομείναντι.</strong></span> 
     </span>
    </p>
   </div>
   <div class='ocr_carea' id='block_1_14' title="bbox 369 1305 1878 1378">
    <p class='ocr_par' dir='ltr' id='par_1_14' title="bbox 369 1305 1878 1378">
     <span class='ocr_line' id='line_1_14' title="bbox 369 1305 1878 1378; baseline 0.003 -19"><span class='ocrx_word' id='word_1_63' title='bbox 369 1306 476 1360; x_wconf 74' lang='grc' dir='ltr'><strong>Καὶ</strong></span> <span class='ocrx_word' id='word_1_64' title='bbox 494 1308 990 1376; x_wconf 61' lang='grc' dir='ltr'>ἀνοικοδομήσας</span> <span class='ocrx_word' id='word_1_65' title='bbox 1016 1311 1124 1361; x_wconf 82' lang='grc' dir='ltr'>τὸν</span> <span class='ocrx_word' id='word_1_66' title='bbox 1150 1305 1322 1363; x_wconf 79' lang='grc' dir='ltr'>οἶκόν</span> <span class='ocrx_word' id='word_1_67' title='bbox 1348 1327 1483 1364; x_wconf 88' lang='grc' dir='ltr'>σου.</span> <span class='ocrx_word' id='word_1_68' title='bbox 1517 1312 1628 1364; x_wconf 74' lang='grc' dir='ltr'><strong>Καὶ</strong></span> <span class='ocrx_word' id='word_1_69' title='bbox 1666 1311 1878 1378; x_wconf 81' lang='grc' dir='ltr'>ἀνεγεί-</span> 
     </span>
    </p>
   </div>
   <div class='ocr_carea' id='block_1_15' title="bbox 301 1400 1876 1471">
    <p class='ocr_par' dir='ltr' id='par_1_15' title="bbox 301 1400 1876 1471">
     <span class='ocr_line' id='line_1_15' title="bbox 301 1400 1876 1471; baseline 0.004 -24"><span class='ocrx_word' id='word_1_70' title='bbox 301 1414 400 1468; x_wconf 79' lang='grc' dir='ltr'>ρῃς</span> <span class='ocrx_word' id='word_1_71' title='bbox 428 1400 494 1465; x_wconf 75' lang='grc' dir='ltr'>τῇ</span> <span class='ocrx_word' id='word_1_72' title='bbox 529 1403 876 1468; x_wconf 79' lang='grc' dir='ltr'><strong>πνευματικῇ</strong></span> <span class='ocrx_word' id='word_1_73' title='bbox 928 1401 1194 1470; x_wconf 67' lang='grc' dir='ltr'>πολιτείᾳ,</span> <span class='ocrx_word' id='word_1_74' title='bbox 1231 1403 1290 1453; x_wconf 80' lang='grc' dir='ltr'><strong>τὸ</strong></span> <span class='ocrx_word' id='word_1_75' title='bbox 1325 1403 1630 1454; x_wconf 83' lang='grc' dir='ltr'>καταπεσόν</span> <span class='ocrx_word' id='word_1_76' title='bbox 1656 1419 1748 1454; x_wconf 92' lang='grc' dir='ltr'><strong>σου</strong></span> <span class='ocrx_word' id='word_1_77' title='bbox 1779 1402 1876 1471; x_wconf 85' lang='grc' dir='ltr'>τῆς</span> 
     </span>
    </p>
   </div>
   <div class='ocr_carea' id='block_1_16' title="bbox 303 1488 1878 1563">
    <p class='ocr_par' dir='ltr' id='par_1_16' title="bbox 303 1488 1878 1563">
     <span class='ocr_line' id='line_1_16' title="bbox 303 1488 1878 1563; baseline 0.004 -26"><span class='ocrx_word' id='word_1_78' title='bbox 303 1488 503 1555; x_wconf 78' lang='grc' dir='ltr'>σαρκὸς</span> <span class='ocrx_word' id='word_1_79' title='bbox 524 1489 845 1558; x_wconf 73' lang='grc' dir='ltr'>οίκητήριον</span> <span class='ocrx_word' id='word_1_80' title='bbox 865 1493 984 1552; x_wconf 85' lang='grc' dir='ltr'>ταῖς</span> <span class='ocrx_word' id='word_1_81' title='bbox 1002 1490 1330 1560; x_wconf 75' lang='grc' dir='ltr'>προσϐολαῖς</span> <span class='ocrx_word' id='word_1_82' title='bbox 1349 1493 1457 1544; x_wconf 78' lang='grc' dir='ltr'><strong>τῶν</strong></span> <span class='ocrx_word' id='word_1_83' title='bbox 1483 1494 1582 1562; x_wconf 83' lang='grc' dir='ltr'>τῆς</span> <span class='ocrx_word' id='word_1_84' title='bbox 1615 1492 1878 1563; x_wconf 77' lang='grc' dir='ltr'>πονηρίας</span> 
     </span>
    </p>
   </div>
   <div class='ocr_carea' id='block_1_17' title="bbox 303 1579 651 1644">
    <p class='ocr_par' dir='ltr' id='par_1_17' title="bbox 303 1579 651 1644">
     <span class='ocr_line' id='line_1_17' title="bbox 303 1579 651 1644; baseline 0.006 -16"><span class='ocrx_word' id='word_1_85' title='bbox 303 1579 651 1644; x_wconf 74' lang='grc' dir='ltr'><strong>πνευμάτων.</strong></span> 
     </span>
    </p>
   </div>
   <div class='ocr_carea' id='block_1_18' title="bbox 374 1670 1880 1742">
    <p class='ocr_par' dir='ltr' id='par_1_18' title="bbox 374 1670 1880 1742">
     <span class='ocr_line' id='line_1_18' title="bbox 374 1670 1880 1742; baseline 0.006 -23"><span class='ocrx_word' id='word_1_86' title='bbox 374 1675 480 1736; x_wconf 78' lang='grc' dir='ltr'>κη’.</span> <span class='ocrx_word' id='word_1_87' title='bbox 509 1672 564 1720; x_wconf 82' lang='grc' dir='ltr'><em>Μ</em></span> <span class='ocrx_word' id='word_1_88' title='bbox 575 1670 605 1734; x_wconf 75' lang='grc' dir='ltr'><strong><em>ὴ</em></strong></span> <span class='ocrx_word' id='word_1_89' title='bbox 647 1671 770 1722; x_wconf 83' lang='grc' dir='ltr'><strong>ἴσθι</strong></span> <span class='ocrx_word' id='word_1_90' title='bbox 803 1671 1031 1737; x_wconf 70' lang='grc' dir='ltr'>ψευδὴς</span> <span class='ocrx_word' id='word_1_91' title='bbox 1054 1673 1284 1740; x_wconf 80' lang='grc' dir='ltr'>μάρτυς</span> <span class='ocrx_word' id='word_1_92' title='bbox 1335 1675 1429 1726; x_wconf 77' lang='grc' dir='ltr'><strong>ἐπὶ</strong></span> <span class='ocrx_word' id='word_1_93' title='bbox 1461 1675 1576 1727; x_wconf 84' lang='grc' dir='ltr'><strong>σὸν</strong></span> <span class='ocrx_word' id='word_1_94' title='bbox 1601 1677 1880 1742; x_wconf 76' lang='grc' dir='ltr'>πολίτην,</span> 
     </span>
    </p>
   </div>
   <div class='ocr_carea' id='block_1_19' title="bbox 294 1757 1881 1834">
    <p class='ocr_par' dir='ltr' id='par_1_19' title="bbox 294 1757 1881 1834">
     <span class='ocr_line' id='line_1_19' title="bbox 294 1757 1881 1834; baseline 0.007 -26"><span class='ocrx_word' id='word_1_95' title='bbox 294 1757 451 1824; x_wconf 75' lang='grc' dir='ltr'>μηδέ</span> <span class='ocrx_word' id='word_1_96' title='bbox 471 1763 782 1813; x_wconf 74' lang='grc' dir='ltr'>πλατύνου</span> <span class='ocrx_word' id='word_1_97' title='bbox 848 1761 982 1826; x_wconf 81' lang='grc' dir='ltr'>σοῖς</span> <span class='ocrx_word' id='word_1_98' title='bbox 1015 1766 1303 1830; x_wconf 76' lang='grc' dir='ltr'>χείλεσιν.</span> <span class='ocrx_word' id='word_1_99' title='bbox 1340 1757 1430 1834; x_wconf 63' lang='lat' dir='ltr'><strong>Mi;</strong></span> <span class='ocrx_word' id='word_1_100' title='bbox 1469 1765 1680 1833; x_wconf 70' lang='grc' dir='ltr'>ψευδῶς</span> <span class='ocrx_word' id='word_1_101' title='bbox 1709 1784 1881 1818; x_wconf 83' lang='grc' dir='ltr'>κατα-</span> 
     </span>
    </p>
   </div>
   <div class='ocr_carea' id='block_1_20' title="bbox 305 1849 1883 1928">
    <p class='ocr_par' dir='ltr' id='par_1_20' title="bbox 305 1849 1883 1928">
     <span class='ocr_line' id='line_1_20' title="bbox 305 1849 1883 1928; baseline 0.006 -28"><span class='ocrx_word' id='word_1_102' title='bbox 305 1849 573 1918; x_wconf 83' lang='grc' dir='ltr'>μαρτύρει</span> <span class='ocrx_word' id='word_1_103' title='bbox 604 1851 696 1902; x_wconf 73' lang='grc' dir='ltr'>τοῦ</span> <span class='ocrx_word' id='word_1_104' title='bbox 731 1851 1258 1921; x_wconf 78' lang='grc' dir='ltr'>πολιτευομένου,ὠς</span> <span class='ocrx_word' id='word_1_105' title='bbox 1276 1856 1437 1918; x_wconf 74' lang='grc' dir='ltr'>αὐτὸς</span> <span class='ocrx_word' id='word_1_106' title='bbox 1471 1861 1730 1926; x_wconf 78' lang='grc' dir='ltr'>προαιρῇ,</span> <span class='ocrx_word' id='word_1_107' title='bbox 1753 1876 1883 1928; x_wconf 74' lang='grc' dir='ltr'>σαρ-</span> 
     </span>
    </p>
   </div>
   <div class='ocr_carea' id='block_1_21' title="bbox 304 1942 1882 2016">
    <p class='ocr_par' dir='ltr' id='par_1_21' title="bbox 304 1942 1882 2016">
     <span class='ocr_line' id='line_1_21' title="bbox 304 1942 1882 2016; baseline 0.006 -22"><span class='ocrx_word' id='word_1_108' title='bbox 304 1943 423 1996; x_wconf 85' lang='grc' dir='ltr'>κίου</span> <span class='ocrx_word' id='word_1_109' title='bbox 460 1961 552 1996; x_wconf 88' lang='grc' dir='ltr'><strong>σου</strong></span> <span class='ocrx_word' id='word_1_110' title='bbox 577 1961 589 1973; x_wconf 81' lang='lat'><strong><em>°</em></strong></span> <span class='ocrx_word' id='word_1_111' title='bbox 622 1945 885 1998; x_wconf 81' lang='grc' dir='ltr'>ἀδύνατον</span> <span class='ocrx_word' id='word_1_112' title='bbox 912 1942 1050 2000; x_wconf 85' lang='grc' dir='ltr'>εἶναι</span> <span class='ocrx_word' id='word_1_113' title='bbox 1096 1950 1320 2016; x_wconf 81' lang='grc' dir='ltr'>φάσκων</span> <span class='ocrx_word' id='word_1_114' title='bbox 1359 1953 1456 2012; x_wconf 75' lang='grc' dir='ltr'>τὰς</span> <span class='ocrx_word' id='word_1_115' title='bbox 1488 1951 1634 2014; x_wconf 81' lang='grc' dir='ltr'>Θείας</span> <span class='ocrx_word' id='word_1_116' title='bbox 1665 1953 1882 2015; x_wconf 79' lang='grc' dir='ltr'>ἐντολὰς</span> 
     </span>
    </p>
   </div>
   <div class='ocr_carea' id='block_1_22' title="bbox 304 2036 1884 2109">
    <p class='ocr_par' dir='ltr' id='par_1_22' title="bbox 304 2036 1884 2109">
     <span class='ocr_line' id='line_1_22' title="bbox 304 2036 1884 2109; baseline 0.005 -21"><span class='ocrx_word' id='word_1_117' title='bbox 304 2036 725 2106; x_wconf 72' lang='grc' dir='ltr'>κατορθοῦσθαι,</span> <span class='ocrx_word' id='word_1_118' title='bbox 780 2037 868 2089; x_wconf 75' lang='grc' dir='ltr'>διὰ</span> <span class='ocrx_word' id='word_1_119' title='bbox 905 2040 1004 2108; x_wconf 88' lang='grc' dir='ltr'>τὴν</span> <span class='ocrx_word' id='word_1_120' title='bbox 1050 2045 1370 2109; x_wconf 81' lang='grc' dir='ltr'>σωματικὴν</span> <span class='ocrx_word' id='word_1_121' title='bbox 1400 2043 1681 2100; x_wconf 81' lang='grc' dir='ltr'>ἀσθένειαν</span> <span class='ocrx_word' id='word_1_122' title='bbox 1709 2061 1721 2074; x_wconf 89' lang='grc'>·</span> <span class='ocrx_word' id='word_1_123' title='bbox 1749 2047 1884 2097; x_wconf 70' lang='grc' dir='ltr'><strong>κάν.</strong></span> 
     </span>
    </p>
   </div>
   <div class='ocr_carea' id='block_1_23' title="bbox 302 2118 1885 2202">
    <p class='ocr_par' dir='ltr' id='par_1_23' title="bbox 302 2118 1885 2202">
     <span class='ocr_line' id='line_1_23' title="bbox 302 2118 1885 2202; baseline 0.006 -22"><span class='ocrx_word' id='word_1_124' title='bbox 302 2127 497 2180; x_wconf 78' lang='grc' dir='ltr'>τεῦθεν</span> <span class='ocrx_word' id='word_1_125' title='bbox 521 2132 633 2185; x_wconf 80' lang='grc' dir='ltr'>τοῖς</span> <span class='ocrx_word' id='word_1_126' title='bbox 662 2132 778 2182; x_wconf 80' lang='grc' dir='ltr'>κατ’</span> <span class='ocrx_word' id='word_1_127' title='bbox 806 2118 1044 2198; x_wconf 64' lang='grc' dir='ltr'>ἔλλειψιν</span> <span class='ocrx_word' id='word_1_128' title='bbox 1076 2133 1172 2200; x_wconf 82' lang='grc' dir='ltr'>τῆς</span> <span class='ocrx_word' id='word_1_129' title='bbox 1206 2133 1406 2202; x_wconf 78' lang='grc' dir='ltr'>ἀρετῆς</span> <span class='ocrx_word' id='word_1_130' title='bbox 1441 2135 1672 2188; x_wconf 81' lang='grc' dir='ltr'>πάθεσιν</span> <span class='ocrx_word' id='word_1_131' title='bbox 1709 2136 1885 2189; x_wconf 74' lang='grc' dir='ltr'><strong>ὲνδιάο</strong></span> 
     </span>
    </p>
   </div>
   <div class='ocr_carea' id='block_1_24' title="bbox 303 2217 1884 2292">
    <p class='ocr_par' dir='ltr' id='par_1_24' title="bbox 303 2217 1884 2292">
     <span class='ocr_line' id='line_1_24' title="bbox 303 2217 1884 2292; baseline 0.009 -25"><span class='ocrx_word' id='word_1_132' title='bbox 303 2217 457 2285; x_wconf 80' lang='grc' dir='ltr'>τριὸε</span> <span class='ocrx_word' id='word_1_133' title='bbox 482 2235 493 2246; x_wconf 92' lang='grc'><strong>·</strong></span> <span class='ocrx_word' id='word_1_134' title='bbox 536 2219 665 2287; x_wconf 79' lang='grc' dir='ltr'>μηδ’</span> <span class='ocrx_word' id='word_1_135' title='bbox 703 2221 1070 2290; x_wconf 80' lang='grc' dir='ltr'>ἐμφιλοχὼρει</span> <span class='ocrx_word' id='word_1_136' title='bbox 1119 2227 1238 2286; x_wconf 87' lang='grc' dir='ltr'>ταῖς</span> <span class='ocrx_word' id='word_1_137' title='bbox 1265 2227 1386 2278; x_wconf 78' lang='grc' dir='ltr'>κατ’</span> <span class='ocrx_word' id='word_1_138' title='bbox 1418 2227 1583 2280; x_wconf 79' lang='grc' dir='ltr'>αὑτοῦ</span> <span class='ocrx_word' id='word_1_139' title='bbox 1609 2227 1884 2292; x_wconf 76' lang='grc' dir='ltr'>διαϐολαῖς</span> 
     </span>
    </p>
   </div>
   <div class='ocr_carea' id='block_1_25' title="bbox 305 2307 1408 2383">
    <p class='ocr_par' dir='ltr' id='par_1_25' title="bbox 305 2307 1408 2383">
     <span class='ocr_line' id='line_1_25' title="bbox 305 2307 1408 2383; baseline 0.014 -25"><span class='ocrx_word' id='word_1_140' title='bbox 305 2307 519 2376; x_wconf 77' lang='grc' dir='ltr'>ἔχοντος</span> <span class='ocrx_word' id='word_1_141' title='bbox 556 2311 650 2362; x_wconf 77' lang='grc' dir='ltr'><strong>καὶ</strong></span> <span class='ocrx_word' id='word_1_142' title='bbox 675 2311 839 2363; x_wconf 82' lang='grc' dir='ltr'>αυτοῦ</span> <span class='ocrx_word' id='word_1_143' title='bbox 870 2314 1098 2383; x_wconf 81' lang='grc' dir='ltr'>ποιητὴν</span> <span class='ocrx_word' id='word_1_144' title='bbox 1135 2317 1226 2368; x_wconf 81' lang='grc' dir='ltr'>τὸν</span> <span class='ocrx_word' id='word_1_145' title='bbox 1256 2318 1408 2374; x_wconf 85' lang='grc' dir='ltr'><strong>Θεὸν.</strong></span> 
     </span>
    </p>
   </div>
   <div class='ocr_carea' id='block_1_26' title="bbox 378 2398 1885 2483">
    <p class='ocr_par' dir='ltr' id='par_1_26' title="bbox 378 2398 1885 2483">
     <span class='ocr_line' id='line_1_26' title="bbox 378 2398 1885 2483; baseline 0.013 -33"><span class='ocrx_word' id='word_1_146' title='bbox 378 2398 480 2456; x_wconf 85' lang='grc' dir='ltr'>κθ’.</span> <span class='ocrx_word' id='word_1_147' title='bbox 515 2400 612 2466; x_wconf 84' lang='grc' dir='ltr'><strong>Μὴ</strong></span> <span class='ocrx_word' id='word_1_148' title='bbox 634 2401 833 2468; x_wconf 76' lang='grc' dir='ltr'>εἴπῃς,</span> <span class='ocrx_word' id='word_1_149' title='bbox 871 2404 981 2455; x_wconf 83' lang='grc' dir='ltr'><em>Ὃν</em></span> <span class='ocrx_word' id='word_1_150' title='bbox 1011 2408 1235 2472; x_wconf 84' lang='grc' dir='ltr'>τρόπον</span> <span class='ocrx_word' id='word_1_151' title='bbox 1263 2409 1573 2476; x_wconf 80' lang='grc' dir='ltr'><strong>ἐχρήσατό</strong></span> <span class='ocrx_word' id='word_1_152' title='bbox 1593 2431 1714 2481; x_wconf 79' lang='grc' dir='ltr'>μοι,</span> <span class='ocrx_word' id='word_1_153' title='bbox 1739 2415 1885 2483; x_wconf 74' lang='grc' dir='ltr'><strong>χρὴ·</strong></span> 
     </span>
    </p>
   </div>
   <div class='ocr_carea' id='block_1_27' title="bbox 303 2490 1881 2573">
    <p class='ocr_par' dir='ltr' id='par_1_27' title="bbox 303 2490 1881 2573">
     <span class='ocr_line' id='line_1_27' title="bbox 303 2490 1881 2573; baseline 0.011 -28"><span class='ocrx_word' id='word_1_154' title='bbox 303 2506 484 2560; x_wconf 82' lang='grc' dir='ltr'>σομαι</span> <span class='ocrx_word' id='word_1_155' title='bbox 517 2490 712 2556; x_wconf 78' lang='grc' dir='ltr'>αὐτῷ’</span> <span class='ocrx_word' id='word_1_156' title='bbox 777 2496 1015 2563; x_wconf 70' lang='grc' dir='ltr'>τίσομαι</span> <span class='ocrx_word' id='word_1_157' title='bbox 1053 2495 1121 2548; x_wconf 81' lang='grc' dir='ltr'>δὲ</span> <span class='ocrx_word' id='word_1_158' title='bbox 1157 2500 1342 2551; x_wconf 81' lang='grc' dir='ltr'>αὑτὸν</span> <span class='ocrx_word' id='word_1_159' title='bbox 1377 2501 1415 2555; x_wconf 83' lang='grc' dir='ltr'>ἅ</span> <span class='ocrx_word' id='word_1_160' title='bbox 1451 2521 1528 2569; x_wconf 82' lang='grc' dir='ltr'><strong>με</strong></span> <span class='ocrx_word' id='word_1_161' title='bbox 1558 2505 1881 2573; x_wconf 75' lang='grc' dir='ltr'>ἠδίκησεν.</span> 
     </span>
    </p>
   </div>
   <div class='ocr_carea' id='block_1_28' title="bbox 303 2584 1887 2667">
    <p class='ocr_par' dir='ltr' id='par_1_28' title="bbox 303 2584 1887 2667">
     <span class='ocr_line' id='line_1_28' title="bbox 303 2584 1887 2667; baseline 0.015 -38"><span class='ocrx_word' id='word_1_162' title='bbox 303 2584 397 2654; x_wconf 77' lang='grc' dir='ltr'><strong>Μὴ</strong></span> <span class='ocrx_word' id='word_1_163' title='bbox 423 2587 593 2656; x_wconf 78' lang='grc' dir='ltr'>ἐρεῖς.</span> <span class='ocrx_word' id='word_1_164' title='bbox 635 2587 716 2640; x_wconf 79' lang='grc' dir='ltr'>ὅτι</span> <span class='ocrx_word' id='word_1_165' title='bbox 745 2587 1010 2659; x_wconf 78' lang='grc' dir='ltr'>Καθάπερ</span> <span class='ocrx_word' id='word_1_166' title='bbox 1043 2607 1131 2659; x_wconf 90' lang='grc' dir='ltr'><strong>μοι</strong></span> <span class='ocrx_word' id='word_1_167' title='bbox 1157 2591 1316 2646; x_wconf 82' lang='grc' dir='ltr'>τοῦτο</span> <span class='ocrx_word' id='word_1_168' title='bbox 1351 2593 1553 2665; x_wconf 77' lang='grc' dir='ltr'>βλάϐης</span> <span class='ocrx_word' id='word_1_169' title='bbox 1584 2599 1754 2651; x_wconf 78' lang='grc' dir='ltr'>αἴτιον</span> <span class='ocrx_word' id='word_1_170' title='bbox 1793 2601 1887 2667; x_wconf 84' lang='grc' dir='ltr'><strong>γέ-</strong></span> 
     </span>
    </p>
   </div>
   <div class='ocr_carea' id='block_1_29' title="bbox 303 2678 1887 2756">
    <p class='ocr_par' dir='ltr' id='par_1_29' title="bbox 303 2678 1887 2756">
     <span class='ocr_line' id='line_1_29' title="bbox 303 2678 1887 2756; baseline 0.009 -26"><span class='ocrx_word' id='word_1_171' title='bbox 303 2694 452 2746; x_wconf 78' lang='grc' dir='ltr'>γονε,</span> <span class='ocrx_word' id='word_1_172' title='bbox 512 2678 705 2747; x_wconf 71' lang='grc' dir='ltr'>βλάψω</span> <span class='ocrx_word' id='word_1_173' title='bbox 755 2681 913 2746; x_wconf 79' lang='grc' dir='ltr'><strong>κάγὼ</strong></span> <span class='ocrx_word' id='word_1_174' title='bbox 951 2681 1084 2733; x_wconf 83' lang='grc' dir='ltr'>αὐτό</span> <span class='ocrx_word' id='word_1_175' title='bbox 1116 2698 1130 2713; x_wconf 80' lang='grc' dir='ltr'><strong><em>ο</em></strong></span> <span class='ocrx_word' id='word_1_176' title='bbox 1194 2688 1581 2756; x_wconf 85' lang='grc' dir='ltr'>τιμωρήσομαι</span> <span class='ocrx_word' id='word_1_177' title='bbox 1628 2690 1685 2742; x_wconf 89' lang='grc' dir='ltr'>δὲ</span> <span class='ocrx_word' id='word_1_178' title='bbox 1730 2691 1887 2745; x_wconf 73' lang='grc' dir='ltr'>τοῦτο</span> 
     </span>
    </p>
   </div>
   <div class='ocr_carea' id='block_1_30' title="bbox 305 2766 1887 2846">
    <p class='ocr_par' dir='ltr' id='par_1_30' title="bbox 305 2766 1887 2846">
     <span class='ocr_line' id='line_1_30' title="bbox 305 2766 1887 2846; baseline 0.008 -24"><span class='ocrx_word' id='word_1_179' title='bbox 305 2770 446 2839; x_wconf 81' lang='grc' dir='ltr'>ὑπὲρ</span> <span class='ocrx_word' id='word_1_180' title='bbox 496 2766 554 2823; x_wconf 76' lang='grc' dir='ltr'><strong>οὗ</strong></span> <span class='ocrx_word' id='word_1_181' title='bbox 618 2788 710 2838; x_wconf 89' lang='grc' dir='ltr'><strong>μοι</strong></span> <span class='ocrx_word' id='word_1_182' title='bbox 755 2772 1011 2840; x_wconf 76' lang='grc' dir='ltr'>ἀντέστη,</span> <span class='ocrx_word' id='word_1_183' title='bbox 1066 2774 1158 2826; x_wconf 76' lang='lat' dir='ltr'><strong>xai.</strong></span> <span class='ocrx_word' id='word_1_184' title='bbox 1208 2776 1393 2838; x_wconf 79' lang='grc' dir='ltr'>κακῶς</span> <span class='ocrx_word' id='word_1_185' title='bbox 1427 2779 1524 2846; x_wconf 84' lang='grc' dir='ltr'><strong>τὴν</strong></span> <span class='ocrx_word' id='word_1_186' title='bbox 1567 2781 1887 2835; x_wconf 74' lang='grc' dir='ltr'>δεσποτείαν</span> 
     </span>
    </p>
   </div>
   <div class='ocr_carea' id='block_1_31' title="bbox 302 2859 1886 2936">
    <p class='ocr_par' dir='ltr' id='par_1_31' title="bbox 302 2859 1886 2936">
     <span class='ocr_line' id='line_1_31' title="bbox 302 2859 1886 2936; baseline 0.005 -25"><span class='ocrx_word' id='word_1_187' title='bbox 302 2859 599 2926; x_wconf 73' lang='grc' dir='ltr'>ἀφείλετοο</span> <span class='ocrx_word' id='word_1_188' title='bbox 656 2859 752 2910; x_wconf 73' lang='grc' dir='ltr'>καὶ</span> <span class='ocrx_word' id='word_1_189' title='bbox 810 2859 981 2922; x_wconf 74' lang='grc' dir='ltr'>οὕτως</span> <span class='ocrx_word' id='word_1_190' title='bbox 1040 2863 1119 2922; x_wconf 89' lang='grc' dir='ltr'><strong>είς</strong></span> <span class='ocrx_word' id='word_1_191' title='bbox 1171 2864 1239 2913; x_wconf 77' lang='grc' dir='ltr'>τὰ</span> <span class='ocrx_word' id='word_1_192' title='bbox 1284 2863 1754 2936; x_wconf 33' lang='grc' dir='ltr'>καθ’λὺπερϐολὴν</span> <span class='ocrx_word' id='word_1_193' title='bbox 1786 2867 1886 2934; x_wconf 81' lang='grc' dir='ltr'>τῆς</span> 
     </span>
    </p>
   </div>
   <div class='ocr_carea' id='block_1_32' title="bbox 302 2951 1887 3025">
    <p class='ocr_par' dir='ltr' id='par_1_32' title="bbox 302 2951 1887 3025">
     <span class='ocr_line' id='line_1_32' title="bbox 302 2951 1887 3025; baseline 0.005 -23"><span class='ocrx_word' id='word_1_194' title='bbox 302 2952 509 3020; x_wconf 79' lang='grc' dir='ltr'>ἀρετῆς</span> <span class='ocrx_word' id='word_1_195' title='bbox 539 2953 821 3020; x_wconf 78' lang='grc' dir='ltr'>ἑκτραπῇς</span> <span class='ocrx_word' id='word_1_196' title='bbox 843 2951 1024 3021; x_wconf 85' lang='grc' dir='ltr'>πάθη·</span> <span class='ocrx_word' id='word_1_197' title='bbox 1053 2953 1168 3004; x_wconf 81' lang='grc' dir='ltr'>ἀλλ’</span> <span class='ocrx_word' id='word_1_198' title='bbox 1194 2955 1272 3016; x_wconf 88' lang='grc' dir='ltr'><strong>είς</strong></span> <span class='ocrx_word' id='word_1_199' title='bbox 1324 2954 1549 3022; x_wconf 81' lang='grc' dir='ltr'>ἀλόγους</span> <span class='ocrx_word' id='word_1_200' title='bbox 1598 2957 1887 3025; x_wconf 79' lang='grc' dir='ltr'>ἐπιθυμίας</span> 
     </span>
    </p>
   </div>
   <div class='ocr_carea' id='block_1_33' title="bbox 307 3041 1888 3120">
    <p class='ocr_par' dir='ltr' id='par_1_33' title="bbox 307 3041 1888 3120">
     <span class='ocr_line' id='line_1_33' title="bbox 307 3041 1888 3120; baseline 0.005 -27"><span class='ocrx_word' id='word_1_201' title='bbox 307 3041 383 3111; x_wconf 82' lang='grc' dir='ltr'>μὴ</span> <span class='ocrx_word' id='word_1_202' title='bbox 411 3042 705 3112; x_wconf 73' lang='grc' dir='ltr'>δουλεύσῃς</span> <span class='ocrx_word' id='word_1_203' title='bbox 756 3042 924 3112; x_wconf 83' lang='grc' dir='ltr'>αὐτῷ,</span> <span class='ocrx_word' id='word_1_204' title='bbox 987 3044 1244 3112; x_wconf 78' lang='grc' dir='ltr'>προνοίας</span> <span class='ocrx_word' id='word_1_205' title='bbox 1277 3045 1333 3098; x_wconf 80' lang='grc' dir='ltr'>δὲ</span> <span class='ocrx_word' id='word_1_206' title='bbox 1373 3047 1472 3116; x_wconf 80' lang='grc' dir='ltr'>τῆς</span> <span class='ocrx_word' id='word_1_207' title='bbox 1506 3048 1888 3120; x_wconf 78' lang='grc' dir='ltr'>προσηκούσης</span> 
     </span>
    </p>
   </div>
   <div class='ocr_carea' id='block_1_34' title="bbox 302 3133 1794 3206">
    <p class='ocr_par' dir='ltr' id='par_1_34' title="bbox 302 3133 1794 3206">
     <span class='ocr_line' id='line_1_34' title="bbox 302 3133 1794 3206; baseline 0.004 -20"><span class='ocrx_word' id='word_1_208' title='bbox 302 3133 480 3199; x_wconf 79' lang='grc' dir='ltr'>ἀξίου,</span> <span class='ocrx_word' id='word_1_209' title='bbox 526 3134 613 3184; x_wconf 84' lang='grc' dir='ltr'>ἴνα</span> <span class='ocrx_word' id='word_1_210' title='bbox 646 3135 904 3204; x_wconf 81' lang='grc' dir='ltr'>συνεργὸν</span> <span class='ocrx_word' id='word_1_211' title='bbox 927 3133 1055 3204; x_wconf 77' lang='grc' dir='ltr'>ἔχῃς</span> <span class='ocrx_word' id='word_1_212' title='bbox 1079 3136 1213 3188; x_wconf 79' lang='grc' dir='ltr'>αὐτὸ</span> <span class='ocrx_word' id='word_1_213' title='bbox 1243 3138 1380 3206; x_wconf 74' lang='grc' dir='ltr'>πρὸς</span> <span class='ocrx_word' id='word_1_214' title='bbox 1408 3137 1477 3190; x_wconf 78' lang='grc' dir='ltr'><strong>τὰ</strong></span> <span class='ocrx_word' id='word_1_215' title='bbox 1507 3139 1794 3193; x_wconf 76' lang='grc' dir='ltr'>κάλλιστα.</span> 
     </span>
    </p>
   </div>
   <div class='ocr_carea' id='block_1_35' title="bbox 375 3225 1889 3301">
    <p class='ocr_par' dir='ltr' id='par_1_35' title="bbox 375 3225 1889 3301">
     <span class='ocr_line' id='line_1_35' title="bbox 375 3225 1889 3301; baseline 0.005 -23"><span class='ocrx_word' id='word_1_216' title='bbox 375 3225 439 3278; x_wconf 86' lang='grc' dir='ltr'>λ’.</span> <span class='ocrx_word' id='word_1_217' title='bbox 475 3225 709 3292; x_wconf 79' lang='grc' dir='ltr'>’Ὥσπερ</span> <span class='ocrx_word' id='word_1_218' title='bbox 749 3226 1034 3294; x_wconf 76' lang='grc' dir='ltr'><strong>γεώργιον</strong></span> <span class='ocrx_word' id='word_1_219' title='bbox 1055 3227 1210 3296; x_wconf 81' lang='grc' dir='ltr'>ἀνὴρ</span> <span class='ocrx_word' id='word_1_220' title='bbox 1249 3229 1473 3296; x_wconf 72' lang='grc' dir='ltr'>ἄφρων.</span> <span class='ocrx_word' id='word_1_221' title='bbox 1517 3231 1785 3301; x_wconf 77' lang='grc' dir='ltr'>Καθάπερ</span> <span class='ocrx_word' id='word_1_222' title='bbox 1807 3249 1889 3297; x_wconf 86' lang='grc' dir='ltr'><strong>τις</strong></span> 
     </span>
    </p>
   </div>
   <div class='ocr_carea' id='block_1_36' title="bbox 303 3316 1890 3392">
    <p class='ocr_par' dir='ltr' id='par_1_36' title="bbox 303 3316 1890 3392">
     <span class='ocr_line' id='line_1_36' title="bbox 303 3316 1890 3392; baseline 0.004 -22"><span class='ocrx_word' id='word_1_223' title='bbox 303 3316 610 3385; x_wconf 72' lang='grc' dir='ltr'>ἐπιτήδειος</span> <span class='ocrx_word' id='word_1_224' title='bbox 630 3318 710 3379; x_wconf 87' lang='grc' dir='ltr'><strong>είς</strong></span> <span class='ocrx_word' id='word_1_225' title='bbox 739 3318 1014 3386; x_wconf 77' lang='grc' dir='ltr'>γεωργίαν</span> <span class='ocrx_word' id='word_1_226' title='bbox 1040 3318 1229 3389; x_wconf 73' lang='grc' dir='ltr'>ἀγρὸς,</span> <span class='ocrx_word' id='word_1_227' title='bbox 1278 3320 1481 3389; x_wconf 82' lang='grc' dir='ltr'>πολλῆς</span> <span class='ocrx_word' id='word_1_228' title='bbox 1519 3323 1737 3392; x_wconf 77' lang='grc' dir='ltr'>χρῄζων</span> <span class='ocrx_word' id='word_1_229' title='bbox 1766 3326 1890 3375; x_wconf 80' lang='grc' dir='ltr'>ὲπι-</span> 
     </span>
    </p>
   </div>
   <div class='ocr_carea' id='block_1_37' title="bbox 308 3407 1891 3486">
    <p class='ocr_par' dir='ltr' id='par_1_37' title="bbox 308 3407 1891 3486">
     <span class='ocr_line' id='line_1_37' title="bbox 308 3407 1891 3486; baseline 0.005 -24"><span class='ocrx_word' id='word_1_230' title='bbox 308 3411 553 3482; x_wconf 84' lang='grc' dir='ltr'>μελείας,</span> <span class='ocrx_word' id='word_1_231' title='bbox 577 3409 642 3461; x_wconf 79' lang='grc' dir='ltr'><strong>ἵν’</strong></span> <span class='ocrx_word' id='word_1_232' title='bbox 658 3407 933 3478; x_wconf 75' lang='grc' dir='ltr'>εὖκαρπος</span> <span class='ocrx_word' id='word_1_233' title='bbox 957 3411 1050 3462; x_wconf 76' lang='grc' dir='ltr'>καὶ</span> <span class='ocrx_word' id='word_1_234' title='bbox 1076 3411 1424 3482; x_wconf 78' lang='grc' dir='ltr'>πολύκαρπος</span> <span class='ocrx_word' id='word_1_235' title='bbox 1446 3414 1693 3485; x_wconf 86' lang='grc' dir='ltr'>γένηται,</span> <span class='ocrx_word' id='word_1_236' title='bbox 1714 3417 1891 3486; x_wconf 81' lang='grc' dir='ltr'>ὑπάρ-</span> 
     </span>
    </p>
   </div>
   <div class='ocr_carea' id='block_1_38' title="bbox 305 3502 1894 3574">
    <p class='ocr_par' dir='ltr' id='par_1_38' title="bbox 305 3502 1894 3574">
     <span class='ocr_line' id='line_1_38' title="bbox 305 3502 1894 3574; baseline 0.003 -19"><span class='ocrx_word' id='word_1_237' title='bbox 305 3505 450 3574; x_wconf 84' lang='grc' dir='ltr'><strong>χειὸ</strong></span> <span class='ocrx_word' id='word_1_238' title='bbox 486 3505 597 3564; x_wconf 79' lang='grc' dir='ltr'>τοῖς</span> <span class='ocrx_word' id='word_1_239' title='bbox 652 3502 1009 3571; x_wconf 81' lang='grc' dir='ltr'>προσκαίροις</span> <span class='ocrx_word' id='word_1_240' title='bbox 1069 3503 1254 3571; x_wconf 80' lang='grc' dir='ltr'>μόνοις</span> <span class='ocrx_word' id='word_1_241' title='bbox 1301 3505 1598 3570; x_wconf 82' lang='grc' dir='ltr'>πιστεύων,</span> <span class='ocrx_word' id='word_1_242' title='bbox 1648 3510 1894 3572; x_wconf 78' lang='grc' dir='ltr'>καὶτοῖς</span> 
     </span>
    </p>
   </div>
   <div class='ocr_carea' id='block_1_39' title="bbox 306 3594 1894 3668">
    <p class='ocr_par' dir='ltr' id='par_1_39' title="bbox 306 3594 1894 3668">
     <span class='ocr_line' id='line_1_39' title="bbox 306 3594 1894 3668; baseline 0.002 -22"><span class='ocrx_word' id='word_1_243' title='bbox 306 3595 440 3664; x_wconf 69' lang='grc' dir='ltr'>περὶ</span> <span class='ocrx_word' id='word_1_244' title='bbox 486 3595 658 3647; x_wconf 72' lang='grc' dir='ltr'>ταῦτα</span> <span class='ocrx_word' id='word_1_245' title='bbox 718 3594 898 3657; x_wconf 83' lang='grc' dir='ltr'>πόνοις</span> <span class='ocrx_word' id='word_1_246' title='bbox 937 3594 1232 3656; x_wconf 81' lang='grc' dir='ltr'>ἁνενδότως</span> <span class='ocrx_word' id='word_1_247' title='bbox 1273 3596 1643 3666; x_wconf 77' lang='grc' dir='ltr'>ὲγκαρτερῶν,</span> <span class='ocrx_word' id='word_1_248' title='bbox 1691 3599 1785 3649; x_wconf 67' lang='grc' dir='ltr'>καὶ</span> <span class='ocrx_word' id='word_1_249' title='bbox 1817 3598 1894 3668; x_wconf 82' lang='grc' dir='ltr'>τῷ</span> 
     </span>
    </p>
   </div>
   <div class='ocr_carea' id='block_1_40' title="bbox 306 3681 1892 3756">
    <p class='ocr_par' dir='ltr' id='par_1_40' title="bbox 306 3681 1892 3756">
     <span class='ocr_line' id='line_1_40' title="bbox 306 3681 1892 3756; baseline 0.003 -20"><span class='ocrx_word' id='word_1_250' title='bbox 306 3684 768 3754; x_wconf 68' lang='grc' dir='ltr'>ἐπαγγελλομένῳ</span> <span class='ocrx_word' id='word_1_251' title='bbox 800 3682 870 3736; x_wconf 78' lang='grc' dir='ltr'><strong>τὰ</strong></span> <span class='ocrx_word' id='word_1_252' title='bbox 908 3681 1102 3735; x_wconf 81' lang='grc' dir='ltr'>αίώνια</span> <span class='ocrx_word' id='word_1_253' title='bbox 1143 3683 1326 3751; x_wconf 80' lang='grc' dir='ltr'>ἀγαθὰ.</span> <span class='ocrx_word' id='word_1_254' title='bbox 1350 3684 1470 3756; x_wconf 80' lang='grc' dir='ltr'><strong>Θεῷ</strong></span> <span class='ocrx_word' id='word_1_255' title='bbox 1506 3685 1755 3739; x_wconf 79' lang='grc' dir='ltr'>ἀπιστῶν</span> <span class='ocrx_word' id='word_1_256' title='bbox 1787 3686 1892 3752; x_wconf 75' lang='grc' dir='ltr'><strong>ἔξω</strong></span> 
     </span>
    </p>
   </div>
   <div class='ocr_carea' id='block_1_41' title="bbox 306 3777 1726 3848">
    <p class='ocr_par' dir='ltr' id='par_1_41' title="bbox 306 3777 1726 3848">
     <span class='ocr_line' id='line_1_41' title="bbox 306 3777 1726 3848; baseline 0.001 -16"><span class='ocrx_word' id='word_1_257' title='bbox 306 3777 625 3848; x_wconf 77' lang='grc' dir='ltr'>ἄνθρωπος.</span> <span class='ocrx_word' id='word_1_258' title='bbox 1724 3789 1726 3792; x_wconf 78' lang='grc'><em>’</em></span> 
     </span>
    </p>
   </div>
   <div class='ocr_carea' id='block_1_42' title="bbox 382 3867 1893 3939">
    <p class='ocr_par' dir='ltr' id='par_1_42' title="bbox 382 3867 1893 3939">
     <span class='ocr_line' id='line_1_42' title="bbox 382 3867 1893 3939; baseline 0.002 -18"><span class='ocrx_word' id='word_1_259' title='bbox 382 3869 492 3922; x_wconf 83' lang='grc' dir='ltr'>Καί</span> <span class='ocrx_word' id='word_1_260' title='bbox 523 3867 726 3935; x_wconf 82' lang='grc' dir='ltr'>ὥσπερ</span> <span class='ocrx_word' id='word_1_261' title='bbox 747 3867 1034 3936; x_wconf 76' lang='grc' dir='ltr'>ἀμπελὼν</span> <span class='ocrx_word' id='word_1_262' title='bbox 1072 3867 1376 3936; x_wconf 80' lang='grc' dir='ltr'>ἅνθρωπος</span> <span class='ocrx_word' id='word_1_263' title='bbox 1396 3868 1610 3938; x_wconf 80' lang='grc' dir='ltr'>ἐνδεὴς</span> <span class='ocrx_word' id='word_1_264' title='bbox 1637 3871 1893 3939; x_wconf 71' lang='grc' dir='ltr'>φρενῶν.</span> 
     </span>
    </p>
   </div>
   <div class='ocr_carea' id='block_1_43' title="bbox 310 3955 1896 4033">
    <p class='ocr_par' dir='ltr' id='par_1_43' title="bbox 310 3955 1896 4033">
     <span class='ocr_line' id='line_1_43' title="bbox 310 3955 1896 4033; baseline 0 -19"><span class='ocrx_word' id='word_1_265' title='bbox 310 3960 426 4014; x_wconf 77' lang='grc' dir='ltr'><strong>Καὶ</strong></span> <span class='ocrx_word' id='word_1_266' title='bbox 454 3955 543 4012; x_wconf 78' lang='grc' dir='ltr'>οἷα</span> <span class='ocrx_word' id='word_1_267' title='bbox 572 3977 654 4022; x_wconf 88' lang='grc' dir='ltr'><strong>τις</strong></span> <span class='ocrx_word' id='word_1_268' title='bbox 687 3957 950 4028; x_wconf 81' lang='grc' dir='ltr'>ἁμπελὼν</span> <span class='ocrx_word' id='word_1_269' title='bbox 993 3959 1252 4029; x_wconf 81' lang='grc' dir='ltr'>φραγμοῦ</span> <span class='ocrx_word' id='word_1_270' title='bbox 1285 3961 1538 4032; x_wconf 78' lang='grc' dir='ltr'>δεόμενος</span> <span class='ocrx_word' id='word_1_271' title='bbox 1586 3964 1666 4025; x_wconf 89' lang='grc' dir='ltr'><strong>είς</strong></span> <span class='ocrx_word' id='word_1_272' title='bbox 1706 3963 1767 4014; x_wconf 82' lang='grc' dir='ltr'>τὸ</span> <span class='ocrx_word' id='word_1_273' title='bbox 1821 3963 1896 4033; x_wconf 83' lang='grc' dir='ltr'>μὴ</span> 
     </span>
    </p>
   </div>
   <div class='ocr_carea' id='block_1_44' title="bbox 308 4051 1897 4125">
    <p class='ocr_par' dir='ltr' id='par_1_44' title="bbox 308 4051 1897 4125">
     <span class='ocr_line' id='line_1_44' title="bbox 308 4051 1897 4125; baseline 0 -19"><span class='ocrx_word' id='word_1_274' title='bbox 308 4053 621 4123; x_wconf 76' lang='grc' dir='ltr'>τρυγᾶσθαι</span> <span class='ocrx_word' id='word_1_275' title='bbox 649 4052 805 4123; x_wconf 77' lang='grc' dir='ltr'>παρὰ</span> <span class='ocrx_word' id='word_1_276' title='bbox 843 4051 1062 4104; x_wconf 82' lang='grc' dir='ltr'>πάντων</span> <span class='ocrx_word' id='word_1_277' title='bbox 1093 4052 1201 4105; x_wconf 78' lang='grc' dir='ltr'><strong>τῶν</strong></span> <span class='ocrx_word' id='word_1_278' title='bbox 1235 4052 1334 4123; x_wconf 81' lang='grc' dir='ltr'><strong>τὴν</strong></span> <span class='ocrx_word' id='word_1_279' title='bbox 1363 4054 1480 4106; x_wconf 82' lang='grc' dir='ltr'><strong>ὁδὸν</strong></span> <span class='ocrx_word' id='word_1_280' title='bbox 1515 4070 1897 4125; x_wconf 83' lang='grc' dir='ltr'>παραπορευο-</span> 
     </span>
    </p>
   </div>
   <div class='ocr_carea' id='block_1_45' title="bbox 316 4143 1900 4216">
    <p class='ocr_par' dir='ltr' id='par_1_45' title="bbox 316 4143 1900 4216">
     <span class='ocr_line' id='line_1_45' title="bbox 316 4143 1900 4216; baseline 0.001 -20"><span class='ocrx_word' id='word_1_281' title='bbox 316 4146 521 4215; x_wconf 87' lang='grc' dir='ltr'>μένων,</span> <span class='ocrx_word' id='word_1_282' title='bbox 589 4143 739 4196; x_wconf 70' lang='grc' dir='ltr'>ἐστὶν</span> <span class='ocrx_word' id='word_1_283' title='bbox 776 4144 805 4196; x_wconf 84' lang='grc' dir='ltr'>ὁ</span> <span class='ocrx_word' id='word_1_284' title='bbox 860 4143 974 4196; x_wconf 77' lang='grc' dir='ltr'><strong>ἄνω</strong></span> <span class='ocrx_word' id='word_1_285' title='bbox 1011 4143 1108 4213; x_wconf 83' lang='grc' dir='ltr'><strong>μὲν</strong></span> <span class='ocrx_word' id='word_1_286' title='bbox 1172 4145 1307 4214; x_wconf 80' lang='grc' dir='ltr'>πρὸς</span> <span class='ocrx_word' id='word_1_287' title='bbox 1337 4146 1470 4198; x_wconf 79' lang='grc' dir='ltr'><strong>Θεὸν</strong></span> <span class='ocrx_word' id='word_1_288' title='bbox 1500 4147 1643 4216; x_wconf 84' lang='grc' dir='ltr'>ὁρῶν</span> <span class='ocrx_word' id='word_1_289' title='bbox 1690 4149 1781 4199; x_wconf 77' lang='grc' dir='ltr'>καὶ</span> <span class='ocrx_word' id='word_1_290' title='bbox 1805 4164 1900 4199; x_wconf 79' lang='grc' dir='ltr'>πι-</span> 
     </span>
    </p>
   </div>
   <div class='ocr_carea' id='block_1_46' title="bbox 316 4233 1900 4306">
    <p class='ocr_par' dir='ltr' id='par_1_46' title="bbox 316 4233 1900 4306">
     <span class='ocr_line' id='line_1_46' title="bbox 316 4233 1900 4306; baseline 0.001 -15"><span class='ocrx_word' id='word_1_291' title='bbox 316 4236 530 4291; x_wconf 84' lang='grc' dir='ltr'>στεύων</span> <span class='ocrx_word' id='word_1_292' title='bbox 556 4233 734 4304; x_wconf 80' lang='grc' dir='ltr'>αύτῷ·</span> <span class='ocrx_word' id='word_1_293' title='bbox 768 4237 866 4298; x_wconf 87' lang='grc' dir='ltr'>τὰς</span> <span class='ocrx_word' id='word_1_294' title='bbox 893 4235 937 4287; x_wconf 87' lang='grc' dir='ltr'>δ’</span> <span class='ocrx_word' id='word_1_295' title='bbox 984 4235 1444 4306; x_wconf 76' lang='grc' dir='ltr'>οἰκοδομουμένας</span> <span class='ocrx_word' id='word_1_296' title='bbox 1474 4237 1560 4291; x_wconf 81' lang='grc' dir='ltr'>διὰ</span> <span class='ocrx_word' id='word_1_297' title='bbox 1586 4238 1694 4291; x_wconf 79' lang='grc' dir='ltr'>τῶν</span> <span class='ocrx_word' id='word_1_298' title='bbox 1728 4239 1900 4306; x_wconf 82' lang='grc' dir='ltr'>ἁγίων</span> 
     </span>
    </p>
   </div>
   <div class='ocr_carea' id='block_1_47' title="bbox 313 4328 1897 4399">
    <p class='ocr_par' dir='ltr' id='par_1_47' title="bbox 313 4328 1897 4399">
     <span class='ocr_line' id='line_1_47' title="bbox 313 4328 1897 4399; baseline 0 -16"><span class='ocrx_word' id='word_1_299' title='bbox 313 4329 482 4384; x_wconf 79' lang='grc' dir='ltr'>αὐτοῦ</span> <span class='ocrx_word' id='word_1_300' title='bbox 529 4328 758 4382; x_wconf 75' lang='grc' dir='ltr'>ἐντολῶν</span> <span class='ocrx_word' id='word_1_301' title='bbox 797 4328 1141 4398; x_wconf 77' lang='grc' dir='ltr'>θεωρητικὰς</span> <span class='ocrx_word' id='word_1_302' title='bbox 1163 4345 1220 4380; x_wconf 80' lang='grc' dir='ltr'><strong>τε</strong></span> <span class='ocrx_word' id='word_1_303' title='bbox 1252 4329 1346 4381; x_wconf 72' lang='grc' dir='ltr'>καὶ</span> <span class='ocrx_word' id='word_1_304' title='bbox 1382 4331 1693 4399; x_wconf 70' lang='grc' dir='ltr'>πρακτικὰς</span> <span class='ocrx_word' id='word_1_305' title='bbox 1733 4332 1897 4396; x_wconf 76' lang='grc' dir='ltr'>ἕξεις,</span> 
     </span>
    </p>
   </div>
   <div class='ocr_carea' id='block_1_48' title="bbox 313 4420 1900 4492">
    <p class='ocr_par' dir='ltr' id='par_1_48' title="bbox 313 4420 1900 4492">
     <span class='ocr_line' id='line_1_48' title="bbox 313 4420 1900 4492; baseline -0.003 -14"><span class='ocrx_word' id='word_1_306' title='bbox 313 4421 806 4483; x_wconf 79' lang='grc' dir='ltr'>ἀνεπιϐουλεύτους</span> <span class='ocrx_word' id='word_1_307' title='bbox 859 4420 949 4473; x_wconf 82' lang='grc' dir='ltr'>διὰ</span> <span class='ocrx_word' id='word_1_308' title='bbox 1009 4421 1282 4492; x_wconf 72' lang='grc' dir='ltr'>ῥαθυμίαν</span> <span class='ocrx_word' id='word_1_309' title='bbox 1323 4423 1396 4490; x_wconf 84' lang='grc' dir='ltr'>μὴ</span> <span class='ocrx_word' id='word_1_310' title='bbox 1429 4422 1634 4492; x_wconf 80' lang='grc' dir='ltr'>τηρῶν,</span> <span class='ocrx_word' id='word_1_311' title='bbox 1673 4423 1781 4476; x_wconf 78' lang='grc' dir='ltr'>ἔσω</span> <span class='ocrx_word' id='word_1_312' title='bbox 1806 4425 1900 4478; x_wconf 76' lang='grc' dir='ltr'><strong>ἄν·</strong></span> 
     </span>
    </p>
   </div>
   <div class='ocr_carea' id='block_1_49' title="bbox 1969 589 3548 658">
    <p class='ocr_par' dir='ltr' id='par_1_49' title="bbox 1969 589 3548 658">
     <span class='ocr_line' id='line_1_49' title="bbox 1969 589 3548 658; baseline -0.003 -14"><span class='ocrx_word' id='word_1_313' title='bbox 1969 593 2369 645; x_wconf 88' lang='lat' dir='ltr'><strong>sollicitudines</strong></span> <span class='ocrx_word' id='word_1_314' title='bbox 2407 590 2501 642; x_wconf 92' lang='lat' dir='ltr'><strong>tibi</strong></span> <span class='ocrx_word' id='word_1_315' title='bbox 2549 589 2777 657; x_wconf 74' lang='lat' dir='ltr'><strong>profert,</strong></span> <span class='ocrx_word' id='word_1_316' title='bbox 2808 603 3118 656; x_wconf 67' lang='lat' dir='ltr'><strong>prmparare</strong></span> <span class='ocrx_word' id='word_1_317' title='bbox 3147 597 3331 640; x_wconf 83' lang='lat' dir='ltr'><strong>aratro</strong></span> <span class='ocrx_word' id='word_1_318' title='bbox 3377 590 3548 658; x_wconf 74' lang='lat' dir='ltr'><strong>verbi,</strong></span> 
     </span>
    </p>
   </div>
   <div class='ocr_carea' id='block_1_50' title="bbox 1970 681 3554 751">
    <p class='ocr_par' dir='ltr' id='par_1_50' title="bbox 1970 681 3554 751">
     <span class='ocr_line' id='line_1_50' title="bbox 1970 681 3554 751; baseline -0.002 -13"><span class='ocrx_word' id='word_1_319' title='bbox 1970 682 2094 739; x_wconf 86' lang='lat' dir='ltr'><strong>illas</strong></span> <span class='ocrx_word' id='word_1_320' title='bbox 2141 683 2408 736; x_wconf 74' lang='lat' dir='ltr'><strong>radicitus</strong></span> <span class='ocrx_word' id='word_1_321' title='bbox 2449 683 2692 746; x_wconf 78' lang='lat' dir='ltr'><strong>eradica,</strong></span> <span class='ocrx_word' id='word_1_322' title='bbox 2735 681 2801 733; x_wconf 90' lang='lat' dir='ltr'><strong>ad</strong></span> <span class='ocrx_word' id='word_1_323' title='bbox 2853 681 3334 734; x_wconf 77' lang='lat' dir='ltr'><strong>fructiﬁcationem</strong></span> <span class='ocrx_word' id='word_1_324' title='bbox 3390 684 3554 751; x_wconf 88' lang='lat' dir='ltr'><strong>spiri-</strong></span> 
     </span>
    </p>
   </div>
   <div class='ocr_carea' id='block_1_51' title="bbox 1975 771 3372 842">
    <p class='ocr_par' dir='ltr' id='par_1_51' title="bbox 1975 771 3372 842">
     <span class='ocr_line' id='line_1_51' title="bbox 1975 771 3372 842; baseline -0.001 -14"><span class='ocrx_word' id='word_1_325' title='bbox 1975 774 2200 837; x_wconf 86' lang='lat' dir='ltr'><strong>tualem,</strong></span> <span class='ocrx_word' id='word_1_326' title='bbox 2231 789 2354 842; x_wconf 78' lang='lat' dir='ltr'><strong>quae</strong></span> <span class='ocrx_word' id='word_1_327' title='bbox 2392 773 2557 827; x_wconf 81' lang='lat' dir='ltr'><strong>habes</strong></span> <span class='ocrx_word' id='word_1_328' title='bbox 2597 771 2929 841; x_wconf 82' lang='lat' dir='ltr'><strong>pauperibus</strong></span> <span class='ocrx_word' id='word_1_329' title='bbox 2965 771 3372 826; x_wconf 83' lang='lat' dir='ltr'><strong>distribuendo.</strong></span> 
     </span>
    </p>
   </div>
   <div class='ocr_carea' id='block_1_52' title="bbox 2049 945 3554 1012">
    <p class='ocr_par' dir='ltr' id='par_1_52' title="bbox 2049 945 3554 1012">
     <span class='ocr_line' id='line_1_52' title="bbox 2049 945 3554 1012; baseline 0 -12"><span class='ocrx_word' id='word_1_330' title='bbox 2049 946 2115 1000; x_wconf 82' lang='lat' dir='ltr'><strong>Et</strong></span> <span class='ocrx_word' id='word_1_331' title='bbox 2164 945 2294 1001; x_wconf 83' lang='lat' dir='ltr'><strong><em>vade</em></strong></span> <span class='ocrx_word' id='word_1_332' title='bbox 2334 957 2452 1012; x_wconf 81' lang='grc' dir='ltr'>ροςι</span> <span class='ocrx_word' id='word_1_333' title='bbox 2502 965 2602 1001; x_wconf 83' lang='lat' dir='ltr'><strong>me.</strong></span> <span class='ocrx_word' id='word_1_334' title='bbox 2649 947 2714 1001; x_wconf 84' lang='lat' dir='ltr'><strong>Et</strong></span> <span class='ocrx_word' id='word_1_335' title='bbox 2762 947 2832 1000; x_wconf 84' lang='lat' dir='ltr'><strong>ita</strong></span> <span class='ocrx_word' id='word_1_336' title='bbox 2883 947 3078 1002; x_wconf 86' lang='lat' dir='ltr'><strong>tollens</strong></span> <span class='ocrx_word' id='word_1_337' title='bbox 3120 962 3340 1000; x_wconf 90' lang='lat' dir='ltr'><strong>crucem</strong></span> <span class='ocrx_word' id='word_1_338' title='bbox 3378 954 3554 1010; x_wconf 86' lang='lat' dir='ltr'><strong>tuam,</strong></span> 
     </span>
    </p>
   </div>
   <div class='ocr_carea' id='block_1_53' title="bbox 1976 1039 3553 1105">
    <p class='ocr_par' dir='ltr' id='par_1_53' title="bbox 1976 1039 3553 1105">
     <span class='ocr_line' id='line_1_53' title="bbox 1976 1039 3553 1105; baseline 0.002 -15"><span class='ocrx_word' id='word_1_339' title='bbox 1976 1039 2158 1093; x_wconf 90' lang='lat' dir='ltr'><strong>omnis</strong></span> <span class='ocrx_word' id='word_1_340' title='bbox 2208 1039 2419 1091; x_wconf 81' lang='lat' dir='ltr'><strong>scilicet</strong></span> <span class='ocrx_word' id='word_1_341' title='bbox 2475 1039 2712 1092; x_wconf 80' lang='lat' dir='ltr'><strong>carnalis</strong></span> <span class='ocrx_word' id='word_1_342' title='bbox 2770 1040 3120 1105; x_wconf 75' lang='lat' dir='ltr'><strong>cogitationis</strong></span> <span class='ocrx_word' id='word_1_343' title='bbox 3169 1041 3553 1093; x_wconf 78' lang='lat' dir='ltr'><strong>mortiﬁcatio-</strong></span> 
     </span>
    </p>
   </div>
   <div class='ocr_carea' id='block_1_54' title="bbox 1978 1128 3558 1199">
    <p class='ocr_par' dir='ltr' id='par_1_54' title="bbox 1978 1128 3558 1199">
     <span class='ocr_line' id='line_1_54' title="bbox 1978 1128 3558 1199; baseline 0.003 -18"><span class='ocrx_word' id='word_1_344' title='bbox 1978 1142 2140 1192; x_wconf 88' lang='lat' dir='ltr'><strong>nem,</strong></span> <span class='ocrx_word' id='word_1_345' title='bbox 2181 1143 2425 1196; x_wconf 83' lang='lat' dir='ltr'><strong>.sequere</strong></span> <span class='ocrx_word' id='word_1_346' title='bbox 2479 1145 2564 1182; x_wconf 93' lang='lat' dir='ltr'><strong>me</strong></span> <span class='ocrx_word' id='word_1_347' title='bbox 2615 1130 2708 1197; x_wconf 86' lang='lat' dir='ltr'><strong>qui</strong></span> <span class='ocrx_word' id='word_1_348' title='bbox 2763 1141 2988 1199; x_wconf 90' lang='lat' dir='ltr'><strong>pr0pter</strong></span> <span class='ocrx_word' id='word_1_349' title='bbox 3051 1140 3102 1184; x_wconf 89' lang='lat' dir='ltr'><strong>te</strong></span> <span class='ocrx_word' id='word_1_350' title='bbox 3171 1131 3329 1199; x_wconf 89' lang='lat' dir='ltr'><strong>inops</strong></span> <span class='ocrx_word' id='word_1_351' title='bbox 3377 1128 3558 1187; x_wconf 78' lang='lat' dir='ltr'><strong>factus</strong></span> 
     </span>
    </p>
   </div>
   <div class='ocr_carea' id='block_1_55' title="bbox 1978 1222 2729 1288">
    <p class='ocr_par' dir='ltr' id='par_1_55' title="bbox 1978 1222 2729 1288">
     <span class='ocr_line' id='line_1_55' title="bbox 1978 1222 2729 1288; baseline 0.003 -14"><span class='ocrx_word' id='word_1_352' title='bbox 1978 1235 2120 1282; x_wconf 89' lang='lat' dir='ltr'><strong>sum,</strong></span> <span class='ocrx_word' id='word_1_353' title='bbox 2154 1235 2248 1273; x_wconf 85' lang='lat' dir='ltr'><strong>cru</strong></span> <span class='ocrx_word' id='word_1_354' title='bbox 2261 1235 2486 1288; x_wconf 86' lang='lat' dir='ltr'><strong>cemque</strong></span> <span class='ocrx_word' id='word_1_355' title='bbox 2516 1222 2729 1288; x_wconf 91' lang='lat' dir='ltr'><strong>pertuli.</strong></span> 
     </span>
    </p>
   </div>
   <div class='ocr_carea' id='block_1_56' title="bbox 2049 1311 3562 1386">
    <p class='ocr_par' dir='ltr' id='par_1_56' title="bbox 2049 1311 3562 1386">
     <span class='ocr_line' id='line_1_56' title="bbox 2049 1311 3562 1386; baseline 0.004 -22"><span class='ocrx_word' id='word_1_356' title='bbox 2049 1311 2120 1364; x_wconf 80' lang='lat' dir='ltr'><strong>Et</strong></span> <span class='ocrx_word' id='word_1_357' title='bbox 2159 1311 2450 1378; x_wconf 76' lang='lat' dir='ltr'><strong>adi/icabis</strong></span> <span class='ocrx_word' id='word_1_358' title='bbox 2484 1312 2700 1364; x_wconf 82' lang='lat' dir='ltr'><strong>domum</strong></span> <span class='ocrx_word' id='word_1_359' title='bbox 2743 1323 2909 1366; x_wconf 80' lang='lat' dir='ltr'><strong>tuam.</strong></span> <span class='ocrx_word' id='word_1_360' title='bbox 2950 1313 3014 1366; x_wconf 79' lang='lat' dir='ltr'><strong>Et</strong></span> <span class='ocrx_word' id='word_1_361' title='bbox 3058 1315 3362 1372; x_wconf 88' lang='lat' dir='ltr'><strong>constitues</strong></span> <span class='ocrx_word' id='word_1_362' title='bbox 3397 1317 3562 1386; x_wconf 79' lang='lat' dir='ltr'><strong>spiri-</strong></span> 
     </span>
    </p>
   </div>
   <div class='ocr_carea' id='block_1_57' title="bbox 1980 1401 3556 1462">
    <p class='ocr_par' dir='ltr' id='par_1_57' title="bbox 1980 1401 3556 1462">
     <span class='ocr_line' id='line_1_57' title="bbox 1980 1401 3556 1462; baseline 0.008 -12"><span class='ocrx_word' id='word_1_363' title='bbox 1980 1401 2116 1453; x_wconf 86' lang='lat' dir='ltr'><strong>tuali</strong></span> <span class='ocrx_word' id='word_1_364' title='bbox 2152 1404 2568 1454; x_wconf 69' lang='lat' dir='ltr'><strong>conversatione</strong></span> <span class='ocrx_word' id='word_1_365' title='bbox 2612 1403 2798 1456; x_wconf 88' lang='lat' dir='ltr'><strong>carnis</strong></span> <span class='ocrx_word' id='word_1_366' title='bbox 2834 1413 2940 1456; x_wconf 66' lang='lat' dir='ltr'><strong>tum</strong></span> <span class='ocrx_word' id='word_1_367' title='bbox 2975 1404 3317 1459; x_wconf 84' lang='lat' dir='ltr'><strong>domicilium</strong></span> <span class='ocrx_word' id='word_1_368' title='bbox 3364 1408 3556 1462; x_wconf 87' lang='lat' dir='ltr'><strong>incur-</strong></span> 
     </span>
    </p>
   </div>
   <div class='ocr_carea' id='block_1_58' title="bbox 1981 1492 3155 1562">
    <p class='ocr_par' dir='ltr' id='par_1_58' title="bbox 1981 1492 3155 1562">
     <span class='ocr_line' id='line_1_58' title="bbox 1981 1492 3155 1562; baseline 0.003 -17"><span class='ocrx_word' id='word_1_369' title='bbox 1981 1492 2134 1546; x_wconf 86' lang='lat' dir='ltr'>sibus</span> <span class='ocrx_word' id='word_1_370' title='bbox 2165 1493 2530 1562; x_wconf 80' lang='lat' dir='ltr'><strong>malignorum</strong></span> <span class='ocrx_word' id='word_1_371' title='bbox 2567 1493 2857 1560; x_wconf 74' lang='lat' dir='ltr'><strong>spirituum</strong></span> <span class='ocrx_word' id='word_1_372' title='bbox 2888 1496 3155 1551; x_wconf 90' lang='lat' dir='ltr'><strong>dirutum.</strong></span> 
     </span>
    </p>
   </div>
   <div class='ocr_carea' id='block_1_59' title="bbox 2055 1670 3560 1740">
    <p class='ocr_par' dir='ltr' id='par_1_59' title="bbox 2055 1670 3560 1740">
     <span class='ocr_line' id='line_1_59' title="bbox 2055 1670 3560 1740; baseline 0.001 -15"><span class='ocrx_word' id='word_1_373' title='bbox 2055 1672 2217 1726; x_wconf 66' lang='lat' dir='ltr'><strong>Vens.</strong></span> <span class='ocrx_word' id='word_1_374' title='bbox 2257 1673 2346 1725; x_wconf 79' lang='lat'><strong>‘28.</strong></span> <span class='ocrx_word' id='word_1_375' title='bbox 2394 1670 2475 1725; x_wconf 78' lang='lat' dir='ltr'><strong>Ne</strong></span> <span class='ocrx_word' id='word_1_376' title='bbox 2519 1674 2590 1725; x_wconf 75' lang='lat' dir='ltr'><strong>sis</strong></span> <span class='ocrx_word' id='word_1_377' title='bbox 2641 1674 2810 1738; x_wconf 76' lang='lat' dir='ltr'><strong>falsus</strong></span> <span class='ocrx_word' id='word_1_378' title='bbox 2867 1675 3016 1726; x_wconf 82' lang='lat' dir='ltr'><strong>testis</strong></span> <span class='ocrx_word' id='word_1_379' title='bbox 3068 1674 3120 1726; x_wconf 83' lang='lat' dir='ltr'><strong>in</strong></span> <span class='ocrx_word' id='word_1_380' title='bbox 3165 1676 3326 1727; x_wconf 73' lang='lat' dir='ltr'><strong>civem</strong></span> <span class='ocrx_word' id='word_1_381' title='bbox 3373 1685 3560 1740; x_wconf 86' lang='lat' dir='ltr'><strong>tuum,</strong></span> 
     </span>
    </p>
   </div>
   <div class='ocr_carea' id='block_1_60' title="bbox 1985 1762 3557 1830">
    <p class='ocr_par' dir='ltr' id='par_1_60' title="bbox 1985 1762 3557 1830">
     <span class='ocr_line' id='line_1_60' title="bbox 1985 1762 3557 1830; baseline 0.001 -15"><span class='ocrx_word' id='word_1_382' title='bbox 1985 1780 2146 1830; x_wconf 86' lang='lat' dir='ltr'><strong>neque</strong></span> <span class='ocrx_word' id='word_1_383' title='bbox 2201 1765 2440 1816; x_wconf 78' lang='lat' dir='ltr'><strong>dilaleris</strong></span> <span class='ocrx_word' id='word_1_384' title='bbox 2480 1764 2584 1815; x_wconf 79' lang='lat' dir='ltr'><strong>tuis</strong></span> <span class='ocrx_word' id='word_1_385' title='bbox 2633 1764 2805 1816; x_wconf 79' lang='lat' dir='ltr'><strong>labiis.</strong></span> <span class='ocrx_word' id='word_1_386' title='bbox 2837 1762 2912 1817; x_wconf 82' lang='lat' dir='ltr'><strong>Ne</strong></span> <span class='ocrx_word' id='word_1_387' title='bbox 2943 1762 3081 1817; x_wconf 79' lang='lat' dir='ltr'><strong>falso</strong></span> <span class='ocrx_word' id='word_1_388' title='bbox 3119 1766 3337 1817; x_wconf 79' lang='lat' dir='ltr'><strong>testeris</strong></span> <span class='ocrx_word' id='word_1_389' title='bbox 3365 1775 3557 1817; x_wconf 79' lang='lat' dir='ltr'><strong>contra</strong></span> 
     </span>
    </p>
   </div>
   <div class='ocr_carea' id='block_1_61' title="bbox 1985 1855 3564 1922">
    <p class='ocr_par' dir='ltr' id='par_1_61' title="bbox 1985 1855 3564 1922">
     <span class='ocr_line' id='line_1_61' title="bbox 1985 1855 3564 1922; baseline -0.002 -14"><span class='ocrx_word' id='word_1_390' title='bbox 1985 1871 2204 1909; x_wconf 78' lang='lat' dir='ltr'><strong>carnem</strong></span> <span class='ocrx_word' id='word_1_391' title='bbox 2241 1865 2414 1916; x_wconf 83' lang='lat' dir='ltr'><strong>tuam,</strong></span> <span class='ocrx_word' id='word_1_392' title='bbox 2461 1864 2514 1906; x_wconf 92' lang='lat' dir='ltr'><strong>ut</strong></span> <span class='ocrx_word' id='word_1_393' title='bbox 2559 1856 2670 1922; x_wconf 70' lang='lat' dir='ltr'><strong>ipse</strong></span> <span class='ocrx_word' id='word_1_394' title='bbox 2742 1855 2899 1922; x_wconf 74' lang='lat' dir='ltr'><strong>eligis</strong></span> <span class='ocrx_word' id='word_1_395' title='bbox 2959 1863 3376 1906; x_wconf 70' lang='lat' dir='ltr'><strong>conversmtcm</strong></span> <span class='ocrx_word' id='word_1_396' title='bbox 3414 1872 3427 1908; x_wconf 86' lang='lat'>:</span> <span class='ocrx_word' id='word_1_397' title='bbox 3460 1857 3564 1907; x_wconf 80' lang='lat' dir='ltr'><strong>im-</strong></span> 
     </span>
    </p>
   </div>
   <div class='ocr_carea' id='block_1_62' title="bbox 1988 1943 3559 2015">
    <p class='ocr_par' dir='ltr' id='par_1_62' title="bbox 1988 1943 3559 2015">
     <span class='ocr_line' id='line_1_62' title="bbox 1988 1943 3559 2015; baseline -0.001 -17"><span class='ocrx_word' id='word_1_398' title='bbox 1988 1945 2249 2015; x_wconf 86' lang='lat' dir='ltr'><strong>possibile</strong></span> <span class='ocrx_word' id='word_1_399' title='bbox 2298 1960 2416 1997; x_wconf 59' lang='lat' dir='ltr'><strong>esse</strong></span> <span class='ocrx_word' id='word_1_400' title='bbox 2476 1943 2737 1996; x_wconf 84' lang='lat' dir='ltr'><strong>dictitans</strong></span> <span class='ocrx_word' id='word_1_401' title='bbox 2779 1944 3033 1996; x_wconf 73' lang='lat' dir='ltr'><strong>tttztndula</strong></span> <span class='ocrx_word' id='word_1_402' title='bbox 3083 1943 3172 1994; x_wconf 78' lang='lat' dir='ltr'><strong>Dei</strong></span> <span class='ocrx_word' id='word_1_403' title='bbox 3239 1947 3559 2008; x_wconf 83' lang='lat' dir='ltr'><strong>observare,</strong></span> 
     </span>
    </p>
   </div>
   <div class='ocr_carea' id='block_1_63' title="bbox 1987 2036 3564 2106">
    <p class='ocr_par' dir='ltr' id='par_1_63' title="bbox 1987 2036 3564 2106">
     <span class='ocr_line' id='line_1_63' title="bbox 1987 2036 3564 2106; baseline -0.001 -17"><span class='ocrx_word' id='word_1_404' title='bbox 1987 2039 2056 2090; x_wconf 91' lang='lat' dir='ltr'><strong>ob</strong></span> <span class='ocrx_word' id='word_1_405' title='bbox 2103 2038 2352 2106; x_wconf 90' lang='lat' dir='ltr'><strong>corporis</strong></span> <span class='ocrx_word' id='word_1_406' title='bbox 2406 2036 2795 2088; x_wconf 84' lang='lat' dir='ltr'><strong>inlirmitatem.</strong></span> <span class='ocrx_word' id='word_1_407' title='bbox 2829 2036 2925 2088; x_wconf 71' lang='lat' dir='ltr'><strong>[hc</strong></span> <span class='ocrx_word' id='word_1_408' title='bbox 2976 2036 3024 2086; x_wconf 93' lang='lat' dir='ltr'><strong>in</strong></span> <span class='ocrx_word' id='word_1_409' title='bbox 3072 2037 3420 2103; x_wconf 71' lang='lat' dir='ltr'><strong>passionibus</strong></span> <span class='ocrx_word' id='word_1_410' title='bbox 3451 2038 3564 2088; x_wconf 85' lang='lat' dir='ltr'><strong>vir-</strong></span> 
     </span>
    </p>
   </div>
   <div class='ocr_carea' id='block_1_64' title="bbox 1988 2127 3566 2196">
    <p class='ocr_par' dir='ltr' id='par_1_64' title="bbox 1988 2127 3566 2196">
     <span class='ocr_line' id='line_1_64' title="bbox 1988 2127 3566 2196; baseline 0.001 -15"><span class='ocrx_word' id='word_1_411' title='bbox 1988 2128 2091 2181; x_wconf 89' lang='lat' dir='ltr'><strong>tuti</strong></span> <span class='ocrx_word' id='word_1_412' title='bbox 2127 2127 2392 2196; x_wconf 79' lang='lat' dir='ltr'><strong>oppositis</strong></span> <span class='ocrx_word' id='word_1_413' title='bbox 2433 2129 2571 2188; x_wconf 85' lang='lat' dir='ltr'><strong>vive.</strong></span> <span class='ocrx_word' id='word_1_414' title='bbox 2605 2143 2780 2195; x_wconf 74' lang='lat' dir='ltr'><strong>neque</strong></span> <span class='ocrx_word' id='word_1_415' title='bbox 2824 2128 3057 2179; x_wconf 86' lang='lat' dir='ltr'><strong>libenter</strong></span> <span class='ocrx_word' id='word_1_416' title='bbox 3089 2142 3309 2181; x_wconf 87' lang='lat' dir='ltr'><strong>carnem</strong></span> <span class='ocrx_word' id='word_1_417' title='bbox 3349 2131 3566 2183; x_wconf 88' lang='lat' dir='ltr'><strong>calum-</strong></span> 
     </span>
    </p>
   </div>
   <div class='ocr_carea' id='block_1_65' title="bbox 1989 2218 3303 2289">
    <p class='ocr_par' dir='ltr' id='par_1_65' title="bbox 1989 2218 3303 2289">
     <span class='ocr_line' id='line_1_65' title="bbox 1989 2218 3303 2289; baseline -0.002 -17"><span class='ocrx_word' id='word_1_418' title='bbox 1989 2219 2175 2282; x_wconf 88' lang='lat' dir='ltr'><strong>nieris,</strong></span> <span class='ocrx_word' id='word_1_419' title='bbox 2209 2220 2336 2289; x_wconf 85' lang='lat' dir='ltr'><strong>quia</strong></span> <span class='ocrx_word' id='word_1_420' title='bbox 2364 2229 2416 2273; x_wconf 88' lang='lat' dir='ltr'><strong>et</strong></span> <span class='ocrx_word' id='word_1_421' title='bbox 2445 2220 2559 2288; x_wconf 87' lang='lat' dir='ltr'><strong>ipsa</strong></span> <span class='ocrx_word' id='word_1_422' title='bbox 2587 2227 2890 2273; x_wconf 87' lang='lat' dir='ltr'><strong>creatorem</strong></span> <span class='ocrx_word' id='word_1_423' title='bbox 2919 2218 3086 2272; x_wconf 82' lang='lat' dir='ltr'><strong>Deum</strong></span> <span class='ocrx_word' id='word_1_424' title='bbox 3119 2219 3303 2273; x_wconf 81' lang='lat' dir='ltr'><strong>liabet.</strong></span> 
     </span>
    </p>
   </div>
   <div class='ocr_carea' id='block_1_66' title="bbox 2061 2392 3568 2464">
    <p class='ocr_par' dir='ltr' id='par_1_66' title="bbox 2061 2392 3568 2464">
     <span class='ocr_line' id='line_1_66' title="bbox 2061 2392 3568 2464; baseline 0.001 -16"><span class='ocrx_word' id='word_1_425' title='bbox 2061 2393 2226 2448; x_wconf 70' lang='lat' dir='ltr'><strong>Vsus.</strong></span> <span class='ocrx_word' id='word_1_426' title='bbox 2279 2394 2368 2448; x_wconf 75' lang='lat'><strong>&#39;29.</strong></span> <span class='ocrx_word' id='word_1_427' title='bbox 2426 2392 2507 2447; x_wconf 81' lang='lat' dir='ltr'><strong>Ne</strong></span> <span class='ocrx_word' id='word_1_428' title='bbox 2555 2395 2700 2447; x_wconf 82' lang='lat' dir='ltr'><strong>dicas</strong></span> <span class='ocrx_word' id='word_1_429' title='bbox 2735 2411 2751 2448; x_wconf 92' lang='lat'><strong><em>:</em></strong></span> <span class='ocrx_word' id='word_1_430' title='bbox 2785 2394 3060 2459; x_wconf 84' lang='lat' dir='ltr'><strong>Quomodo</strong></span> <span class='ocrx_word' id='word_1_431' title='bbox 3104 2394 3233 2464; x_wconf 75' lang='lat' dir='ltr'><strong>fecit</strong></span> <span class='ocrx_word' id='word_1_432' title='bbox 3291 2397 3439 2458; x_wconf 82' lang='lat' dir='ltr'><strong>mihi,</strong></span> <span class='ocrx_word' id='word_1_433' title='bbox 3491 2399 3568 2450; x_wconf 75' lang='lat' dir='ltr'><strong>sic</strong></span> 
     </span>
    </p>
   </div>
   <div class='ocr_carea' id='block_1_67' title="bbox 1989 2484 3568 2557">
    <p class='ocr_par' dir='ltr' id='par_1_67' title="bbox 1989 2484 3568 2557">
     <span class='ocr_line' id='line_1_67' title="bbox 1989 2484 3568 2557; baseline 0.001 -18"><span class='ocrx_word' id='word_1_434' title='bbox 1989 2486 2184 2556; x_wconf 81' lang='lat' dir='ltr'><strong>faciam</strong></span> <span class='ocrx_word' id='word_1_435' title='bbox 2234 2487 2300 2541; x_wconf 89' lang='lat' dir='ltr'><strong>ei.</strong></span> <span class='ocrx_word' id='word_1_436' title='bbox 2356 2484 2596 2538; x_wconf 81' lang='lat' dir='ltr'><strong>Ulciscar</strong></span> <span class='ocrx_word' id='word_1_437' title='bbox 2649 2496 2822 2539; x_wconf 84' lang='lat' dir='ltr'><strong>autem</strong></span> <span class='ocrx_word' id='word_1_438' title='bbox 2867 2503 2984 2539; x_wconf 85' lang='lat' dir='ltr'><strong>eum</strong></span> <span class='ocrx_word' id='word_1_439' title='bbox 3014 2485 3076 2540; x_wconf 86' lang='lat' dir='ltr'><strong>de</strong></span> <span class='ocrx_word' id='word_1_440' title='bbox 3117 2489 3330 2556; x_wconf 72' lang='lat' dir='ltr'><strong>injuriis</strong></span> <span class='ocrx_word' id='word_1_441' title='bbox 3376 2487 3568 2557; x_wconf 72' lang='lat' dir='ltr'><strong>quibus</strong></span> 
     </span>
    </p>
   </div>
   <div class='ocr_carea' id='block_1_68' title="bbox 1989 2578 3568 2646">
    <p class='ocr_par' dir='ltr' id='par_1_68' title="bbox 1989 2578 3568 2646">
     <span class='ocr_line' id='line_1_68' title="bbox 1989 2578 3568 2646; baseline 0.003 -14"><span class='ocrx_word' id='word_1_442' title='bbox 1989 2595 2069 2632; x_wconf 84' lang='lat' dir='ltr'><strong>me</strong></span> <span class='ocrx_word' id='word_1_443' title='bbox 2111 2580 2308 2646; x_wconf 73' lang='lat' dir='ltr'><strong>a/fecit.</strong></span> <span class='ocrx_word' id='word_1_444' title='bbox 2345 2579 2416 2632; x_wconf 73' lang='lat' dir='ltr'><strong>Ne</strong></span> <span class='ocrx_word' id='word_1_445' title='bbox 2463 2578 2639 2639; x_wconf 85' lang='lat' dir='ltr'><strong>dicas,</strong></span> <span class='ocrx_word' id='word_1_446' title='bbox 2676 2579 3145 2643; x_wconf 87' lang='lat' dir='ltr'><strong>Quemadmodum</strong></span> <span class='ocrx_word' id='word_1_447' title='bbox 3194 2582 3380 2634; x_wconf 89' lang='lat' dir='ltr'><strong>damni</strong></span> <span class='ocrx_word' id='word_1_448' title='bbox 3434 2581 3568 2637; x_wconf 86' lang='lat' dir='ltr'><strong>mihi</strong></span> 
     </span>
    </p>
   </div>
   <div class='ocr_carea' id='block_1_69' title="bbox 1989 2670 3571 2740">
    <p class='ocr_par' dir='ltr' id='par_1_69' title="bbox 1989 2670 3571 2740">
     <span class='ocr_line' id='line_1_69' title="bbox 1989 2670 3571 2740; baseline 0.003 -17"><span class='ocrx_word' id='word_1_449' title='bbox 1989 2686 2156 2723; x_wconf 79' lang='lat' dir='ltr'><strong>causa</strong></span> <span class='ocrx_word' id='word_1_450' title='bbox 2186 2670 2390 2723; x_wconf 80' lang='lat' dir='ltr'><strong>factum</strong></span> <span class='ocrx_word' id='word_1_451' title='bbox 2421 2679 2504 2724; x_wconf 88' lang='lat' dir='ltr'><strong>est</strong></span> <span class='ocrx_word' id='word_1_452' title='bbox 2531 2685 2755 2738; x_wconf 87' lang='lat' dir='ltr'><strong>corpus,</strong></span> <span class='ocrx_word' id='word_1_453' title='bbox 2781 2673 2827 2723; x_wconf 89' lang='lat' dir='ltr'><strong>ei</strong></span> <span class='ocrx_word' id='word_1_454' title='bbox 2860 2673 3065 2724; x_wconf 92' lang='lat' dir='ltr'><strong>nocebo</strong></span> <span class='ocrx_word' id='word_1_455' title='bbox 3087 2681 3139 2725; x_wconf 90' lang='lat' dir='ltr'><strong>et</strong></span> <span class='ocrx_word' id='word_1_456' title='bbox 3164 2674 3308 2740; x_wconf 83' lang='lat' dir='ltr'><strong>ipse:</strong></span> <span class='ocrx_word' id='word_1_457' title='bbox 3333 2674 3571 2727; x_wconf 85' lang='lat' dir='ltr'><strong>ulciscar</strong></span> 
     </span>
    </p>
   </div>
   <div class='ocr_carea' id='block_1_70' title="bbox 1991 2761 3569 2831">
    <p class='ocr_par' dir='ltr' id='par_1_70' title="bbox 1991 2761 3569 2831">
     <span class='ocr_line' id='line_1_70' title="bbox 1991 2761 3569 2831; baseline 0.001 -19"><span class='ocrx_word' id='word_1_458' title='bbox 1991 2761 2124 2813; x_wconf 87' lang='lat' dir='ltr'><strong>illud</strong></span> <span class='ocrx_word' id='word_1_459' title='bbox 2160 2761 2306 2828; x_wconf 91' lang='lat' dir='ltr'><strong>quod</strong></span> <span class='ocrx_word' id='word_1_460' title='bbox 2354 2761 2484 2812; x_wconf 79' lang='lat' dir='ltr'><strong>milii</strong></span> <span class='ocrx_word' id='word_1_461' title='bbox 2531 2761 2792 2814; x_wconf 89' lang='lat' dir='ltr'><strong>restiterit</strong></span> <span class='ocrx_word' id='word_1_462' title='bbox 2833 2762 3211 2829; x_wconf 87' lang='lat' dir='ltr'><strong>repuleritqne</strong></span> <span class='ocrx_word' id='word_1_463' title='bbox 3245 2763 3569 2831; x_wconf 86' lang='lat' dir='ltr'><strong>imperium;</strong></span> 
     </span>
    </p>
   </div>
   <div class='ocr_carea' id='block_1_71' title="bbox 1989 2853 3572 2922">
    <p class='ocr_par' dir='ltr' id='par_1_71' title="bbox 1989 2853 3572 2922">
     <span class='ocr_line' id='line_1_71' title="bbox 1989 2853 3572 2922; baseline 0.001 -17"><span class='ocrx_word' id='word_1_464' title='bbox 1989 2861 2042 2905; x_wconf 89' lang='lat' dir='ltr'><strong>et</strong></span> <span class='ocrx_word' id='word_1_465' title='bbox 2071 2853 2153 2905; x_wconf 89' lang='lat' dir='ltr'><strong>sic</strong></span> <span class='ocrx_word' id='word_1_466' title='bbox 2185 2853 2535 2920; x_wconf 85' lang='lat' dir='ltr'><strong>temetipsum</strong></span> <span class='ocrx_word' id='word_1_467' title='bbox 2583 2860 2878 2905; x_wconf 88' lang='lat' dir='ltr'><strong>convertas</strong></span> <span class='ocrx_word' id='word_1_468' title='bbox 2925 2853 2976 2904; x_wconf 91' lang='lat' dir='ltr'><strong>in</strong></span> <span class='ocrx_word' id='word_1_469' title='bbox 3015 2853 3299 2920; x_wconf 86' lang='lat' dir='ltr'><strong>passiones</strong></span> <span class='ocrx_word' id='word_1_470' title='bbox 3351 2869 3445 2922; x_wconf 90' lang='lat' dir='ltr'><strong>per</strong></span> <span class='ocrx_word' id='word_1_471' title='bbox 3478 2869 3572 2907; x_wconf 84' lang='lat' dir='ltr'><strong>ex-</strong></span> 
     </span>
    </p>
   </div>
   <div class='ocr_carea' id='block_1_72' title="bbox 1991 2945 3573 3016">
    <p class='ocr_par' dir='ltr' id='par_1_72' title="bbox 1991 2945 3573 3016">
     <span class='ocr_line' id='line_1_72' title="bbox 1991 2945 3573 3016; baseline 0.003 -18"><span class='ocrx_word' id='word_1_472' title='bbox 1991 2960 2208 3000; x_wconf 90' lang='lat' dir='ltr'><strong>cessum</strong></span> <span class='ocrx_word' id='word_1_473' title='bbox 2234 2947 2471 3008; x_wconf 82' lang='lat' dir='ltr'><strong>virtutis,</strong></span> <span class='ocrx_word' id='word_1_474' title='bbox 2501 2945 2593 2999; x_wconf 86' lang='lat' dir='ltr'><strong>sed</strong></span> <span class='ocrx_word' id='word_1_475' title='bbox 2643 2947 2694 2997; x_wconf 88' lang='lat' dir='ltr'><strong>in</strong></span> <span class='ocrx_word' id='word_1_476' title='bbox 2725 2945 3070 3000; x_wconf 80' lang='lat' dir='ltr'><strong>irrationales</strong></span> <span class='ocrx_word' id='word_1_477' title='bbox 3091 2947 3573 3016; x_wconf 84' lang='lat' dir='ltr'><strong>concupiscentias</strong></span> 
     </span>
    </p>
   </div>
   <div class='ocr_carea' id='block_1_73' title="bbox 1991 3020 3574 3108">
    <p class='ocr_par' dir='ltr' id='par_1_73' title="bbox 1991 3020 3574 3108">
     <span class='ocr_line' id='line_1_73' title="bbox 1991 3020 3574 3108; baseline 0.002 -16"><span class='ocrx_word' id='word_1_478' title='bbox 1991 3055 2059 3093; x_wconf 88' lang='lat' dir='ltr'><strong>ne</strong></span> <span class='ocrx_word' id='word_1_479' title='bbox 2115 3020 2189 3092; x_wconf 86' lang='lat' dir='ltr'><strong>illi</strong></span> <span class='ocrx_word' id='word_1_480' title='bbox 2251 3039 2461 3094; x_wconf 83' lang='lat' dir='ltr'><strong>servias</strong></span> <span class='ocrx_word' id='word_1_481' title='bbox 2512 3056 2524 3091; x_wconf 95' lang='lat'>:</span> <span class='ocrx_word' id='word_1_482' title='bbox 2585 3039 2676 3092; x_wconf 86' lang='lat' dir='ltr'><strong>sed</strong></span> <span class='ocrx_word' id='word_1_483' title='bbox 2736 3054 2978 3108; x_wconf 83' lang='lat' dir='ltr'><strong>eongrua</strong></span> <span class='ocrx_word' id='word_1_484' title='bbox 3033 3040 3170 3092; x_wconf 85' lang='lat' dir='ltr'><strong>illud</strong></span> <span class='ocrx_word' id='word_1_485' title='bbox 3231 3041 3574 3108; x_wconf 82' lang='lat' dir='ltr'><strong>providentia</strong></span> 
     </span>
    </p>
   </div>
   <div class='ocr_carea' id='block_1_74' title="bbox 1915 3129 3306 3218">
    <p class='ocr_par' dir='ltr' id='par_1_74' title="bbox 1915 3129 3306 3218">
     <span class='ocr_line' id='line_1_74' title="bbox 1915 3129 3306 3218; baseline 0.001 -34"><span class='ocrx_word' id='word_1_486' title='bbox 1915 3162 1959 3218; x_wconf 63' lang='grc' dir='ltr'><strong>ρ</strong></span> <span class='ocrx_word' id='word_1_487' title='bbox 1993 3131 2223 3199; x_wconf 78' lang='lat' dir='ltr'><strong>dignare</strong></span> <span class='ocrx_word' id='word_1_488' title='bbox 2252 3138 2309 3182; x_wconf 93' lang='lat' dir='ltr'><strong>ut</strong></span> <span class='ocrx_word' id='word_1_489' title='bbox 2337 3130 2402 3183; x_wconf 84' lang='lat' dir='ltr'><strong>ad</strong></span> <span class='ocrx_word' id='word_1_490' title='bbox 2427 3131 2632 3198; x_wconf 89' lang='lat' dir='ltr'><strong>optima</strong></span> <span class='ocrx_word' id='word_1_491' title='bbox 2664 3129 2795 3183; x_wconf 84' lang='lat' dir='ltr'><strong>illud</strong></span> <span class='ocrx_word' id='word_1_492' title='bbox 2826 3130 2922 3183; x_wconf 92' lang='lat' dir='ltr'><strong>tibi</strong></span> <span class='ocrx_word' id='word_1_493' title='bbox 2956 3140 3306 3200; x_wconf 89' lang='lat' dir='ltr'><strong>eoopcretur.</strong></span> 
     </span>
    </p>
   </div>
   <div class='ocr_carea' id='block_1_75' title="bbox 2067 3221 3573 3292">
    <p class='ocr_par' dir='ltr' id='par_1_75' title="bbox 2067 3221 3573 3292">
     <span class='ocr_line' id='line_1_75' title="bbox 2067 3221 3573 3292; baseline 0.004 -18"><span class='ocrx_word' id='word_1_494' title='bbox 2067 3221 2232 3277; x_wconf 72' lang='lat' dir='ltr'><strong>Vens.</strong></span> <span class='ocrx_word' id='word_1_495' title='bbox 2273 3223 2362 3276; x_wconf 72' lang='lat'><strong>30.</strong></span> <span class='ocrx_word' id='word_1_496' title='bbox 2408 3221 2682 3287; x_wconf 83' lang='lat' dir='ltr'><strong>Tanquam</strong></span> <span class='ocrx_word' id='word_1_497' title='bbox 2727 3239 2853 3292; x_wconf 82' lang='lat' dir='ltr'><strong>ager</strong></span> <span class='ocrx_word' id='word_1_498' title='bbox 2896 3224 2971 3276; x_wconf 88' lang='lat' dir='ltr'><strong>vir</strong></span> <span class='ocrx_word' id='word_1_499' title='bbox 3003 3224 3333 3290; x_wconf 77' lang='lat' dir='ltr'><strong>imprudens.</strong></span> <span class='ocrx_word' id='word_1_500' title='bbox 3369 3224 3573 3290; x_wconf 85' lang='lat' dir='ltr'><strong>Quem-</strong></span> 
     </span>
    </p>
   </div>
   <div class='ocr_carea' id='block_1_76' title="bbox 1994 3313 3571 3382">
    <p class='ocr_par' dir='ltr' id='par_1_76' title="bbox 1994 3313 3571 3382">
     <span class='ocr_line' id='line_1_76' title="bbox 1994 3313 3571 3382; baseline 0.003 -17"><span class='ocrx_word' id='word_1_501' title='bbox 1994 3313 2285 3366; x_wconf 79' lang='lat' dir='ltr'><strong>admodum</strong></span> <span class='ocrx_word' id='word_1_502' title='bbox 2317 3329 2442 3381; x_wconf 83' lang='lat' dir='ltr'><strong>agcr</strong></span> <span class='ocrx_word' id='word_1_503' title='bbox 2471 3315 2668 3381; x_wconf 84' lang='lat' dir='ltr'><strong>aliquis</strong></span> <span class='ocrx_word' id='word_1_504' title='bbox 2698 3314 3046 3382; x_wconf 74' lang='lat' dir='ltr'><strong>agricultura:</strong></span> <span class='ocrx_word' id='word_1_505' title='bbox 3070 3317 3321 3378; x_wconf 82' lang='lat' dir='ltr'><strong>idoneus,</strong></span> <span class='ocrx_word' id='word_1_506' title='bbox 3346 3318 3571 3369; x_wconf 81' lang='lat' dir='ltr'><strong>multam</strong></span> 
     </span>
    </p>
   </div>
   <div class='ocr_carea' id='block_1_77' title="bbox 1993 3405 3575 3476">
    <p class='ocr_par' dir='ltr' id='par_1_77' title="bbox 1993 3405 3575 3476">
     <span class='ocr_line' id='line_1_77' title="bbox 1993 3405 3575 3476; baseline 0 -16"><span class='ocrx_word' id='word_1_507' title='bbox 1993 3406 2226 3475; x_wconf 87' lang='lat' dir='ltr'><strong>requirit</strong></span> <span class='ocrx_word' id='word_1_508' title='bbox 2264 3405 2608 3476; x_wconf 83' lang='lat' dir='ltr'><strong>diligentiam</strong></span> <span class='ocrx_word' id='word_1_509' title='bbox 2654 3415 2712 3458; x_wconf 90' lang='lat' dir='ltr'><strong>ut</strong></span> <span class='ocrx_word' id='word_1_510' title='bbox 2764 3405 2959 3460; x_wconf 78' lang='lat' dir='ltr'><strong>fertilis</strong></span> <span class='ocrx_word' id='word_1_511' title='bbox 3003 3423 3065 3460; x_wconf 87' lang='lat' dir='ltr'><strong>ac</strong></span> <span class='ocrx_word' id='word_1_512' title='bbox 3105 3409 3426 3463; x_wconf 76' lang='lat' dir='ltr'><strong>fructuosus</strong></span> <span class='ocrx_word' id='word_1_513' title='bbox 3465 3411 3575 3472; x_wconf 81' lang='lat' dir='ltr'><strong>liat,</strong></span> 
     </span>
    </p>
   </div>
   <div class='ocr_carea' id='block_1_78' title="bbox 1996 3495 3579 3568">
    <p class='ocr_par' dir='ltr' id='par_1_78' title="bbox 1996 3495 3579 3568">
     <span class='ocr_line' id='line_1_78' title="bbox 1996 3495 3579 3568; baseline 0.003 -19"><span class='ocrx_word' id='word_1_514' title='bbox 1996 3498 2070 3549; x_wconf 90' lang='lat' dir='ltr'><strong>ita</strong></span> <span class='ocrx_word' id='word_1_515' title='bbox 2112 3506 2195 3550; x_wconf 88' lang='lat' dir='ltr'><strong>est</strong></span> <span class='ocrx_word' id='word_1_516' title='bbox 2225 3495 2390 3548; x_wconf 84' lang='lat' dir='ltr'><strong>homo</strong></span> <span class='ocrx_word' id='word_1_517' title='bbox 2428 3499 2669 3550; x_wconf 83' lang='lat' dir='ltr'><strong>exterior</strong></span> <span class='ocrx_word' id='word_1_518' title='bbox 2700 3498 2790 3564; x_wconf 92' lang='lat' dir='ltr'><strong>qui</strong></span> <span class='ocrx_word' id='word_1_519' title='bbox 2829 3498 2931 3551; x_wconf 91' lang='lat' dir='ltr'><strong>soli</strong></span> <span class='ocrx_word' id='word_1_520' title='bbox 2979 3501 3373 3568; x_wconf 88' lang='lat' dir='ltr'><strong>opportunitati</strong></span> <span class='ocrx_word' id='word_1_521' title='bbox 3445 3517 3579 3554; x_wconf 86' lang='lat' dir='ltr'><strong>con-</strong></span> 
     </span>
    </p>
   </div>
   <div class='ocr_carea' id='block_1_79' title="bbox 1997 3587 3579 3657">
    <p class='ocr_par' dir='ltr' id='par_1_79' title="bbox 1997 3587 3579 3657">
     <span class='ocr_line' id='line_1_79' title="bbox 1997 3587 3579 3657; baseline 0.004 -19"><span class='ocrx_word' id='word_1_522' title='bbox 1997 3587 2189 3647; x_wconf 86' lang='lat' dir='ltr'><strong>lidens.</strong></span> <span class='ocrx_word' id='word_1_523' title='bbox 2231 3597 2284 3640; x_wconf 88' lang='lat' dir='ltr'><strong>et</strong></span> <span class='ocrx_word' id='word_1_524' title='bbox 2328 3587 2396 3640; x_wconf 91' lang='lat' dir='ltr'><strong>de</strong></span> <span class='ocrx_word' id='word_1_525' title='bbox 2445 3588 2532 3642; x_wconf 89' lang='lat' dir='ltr'><strong>his</strong></span> <span class='ocrx_word' id='word_1_526' title='bbox 2583 3588 2801 3642; x_wconf 88' lang='lat' dir='ltr'><strong>labores</strong></span> <span class='ocrx_word' id='word_1_527' title='bbox 2853 3590 3012 3642; x_wconf 78' lang='lat' dir='ltr'><strong>enixe</strong></span> <span class='ocrx_word' id='word_1_528' title='bbox 3067 3592 3320 3657; x_wconf 89' lang='lat' dir='ltr'><strong>sustinet,</strong></span> <span class='ocrx_word' id='word_1_529' title='bbox 3373 3600 3427 3646; x_wconf 86' lang='lat' dir='ltr'><strong>et</strong></span> <span class='ocrx_word' id='word_1_530' title='bbox 3469 3591 3579 3645; x_wconf 77' lang='lat' dir='ltr'><strong>Deo</strong></span> 
     </span>
    </p>
   </div>
   <div class='ocr_carea' id='block_1_80' title="bbox 1997 3679 3090 3750">
    <p class='ocr_par' dir='ltr' id='par_1_80' title="bbox 1997 3679 3090 3750">
     <span class='ocr_line' id='line_1_80' title="bbox 1997 3679 3090 3750; baseline 0.004 -18"><span class='ocrx_word' id='word_1_531' title='bbox 1997 3679 2140 3733; x_wconf 89' lang='lat' dir='ltr'><strong>bona</strong></span> <span class='ocrx_word' id='word_1_532' title='bbox 2180 3679 2362 3733; x_wconf 83' lang='lat' dir='ltr'><strong>futura</strong></span> <span class='ocrx_word' id='word_1_533' title='bbox 2397 3680 2672 3750; x_wconf 87' lang='lat' dir='ltr'><strong>pollicenti</strong></span> <span class='ocrx_word' id='word_1_534' title='bbox 2707 3697 2814 3735; x_wconf 91' lang='lat' dir='ltr'><strong>non</strong></span> <span class='ocrx_word' id='word_1_535' title='bbox 2843 3683 3090 3736; x_wconf 87' lang='lat' dir='ltr'><strong>conlidit.</strong></span> 
     </span>
    </p>
   </div>
   <div class='ocr_carea' id='block_1_81' title="bbox 2062 3862 3581 3933">
    <p class='ocr_par' dir='ltr' id='par_1_81' title="bbox 2062 3862 3581 3933">
     <span class='ocr_line' id='line_1_81' title="bbox 2062 3862 3581 3933; baseline 0.005 -21"><span class='ocrx_word' id='word_1_536' title='bbox 2062 3862 2131 3912; x_wconf 83' lang='lat' dir='ltr'><strong>Et</strong></span> <span class='ocrx_word' id='word_1_537' title='bbox 2188 3870 2442 3930; x_wconf 78' lang='lat' dir='ltr'><strong>tanquam</strong></span> <span class='ocrx_word' id='word_1_538' title='bbox 2505 3864 2655 3917; x_wconf 74' lang='lat' dir='ltr'><strong>vinea</strong></span> <span class='ocrx_word' id='word_1_539' title='bbox 2707 3863 2859 3917; x_wconf 73' lang='lat' dir='ltr'><strong>homo</strong></span> <span class='ocrx_word' id='word_1_540' title='bbox 2925 3880 3078 3933; x_wconf 76' lang='lat' dir='ltr'><strong>egens</strong></span> <span class='ocrx_word' id='word_1_541' title='bbox 3166 3880 3346 3920; x_wconf 74' lang='lat' dir='ltr'><strong>sensu.</strong></span> <span class='ocrx_word' id='word_1_542' title='bbox 3410 3864 3581 3930; x_wconf 84' lang='lat' dir='ltr'><strong>Quasi</strong></span> 
     </span>
    </p>
   </div>
   <div class='ocr_carea' id='block_1_82' title="bbox 1999 3952 3579 4025">
    <p class='ocr_par' dir='ltr' id='par_1_82' title="bbox 1999 3952 3579 4025">
     <span class='ocr_line' id='line_1_82' title="bbox 1999 3952 3579 4025; baseline 0.005 -21"><span class='ocrx_word' id='word_1_543' title='bbox 1999 3952 2156 4006; x_wconf 86' lang='lat' dir='ltr'><strong>vinea</strong></span> <span class='ocrx_word' id='word_1_544' title='bbox 2215 3968 2336 4022; x_wconf 64' lang='lat' dir='ltr'><strong>qua:</strong></span> <span class='ocrx_word' id='word_1_545' title='bbox 2386 3963 2536 4008; x_wconf 78' lang='lat' dir='ltr'><strong>caret</strong></span> <span class='ocrx_word' id='word_1_546' title='bbox 2597 3964 2753 4024; x_wconf 82' lang='lat' dir='ltr'><strong>septo</strong></span> <span class='ocrx_word' id='word_1_547' title='bbox 2791 3972 2860 4010; x_wconf 89' lang='lat' dir='ltr'><strong>ne</strong></span> <span class='ocrx_word' id='word_1_548' title='bbox 2889 3957 2958 4010; x_wconf 87' lang='lat' dir='ltr'><strong>ab</strong></span> <span class='ocrx_word' id='word_1_549' title='bbox 2987 3957 3246 4011; x_wconf 90' lang='lat' dir='ltr'><strong>omnibus</strong></span> <span class='ocrx_word' id='word_1_550' title='bbox 3289 3972 3384 4025; x_wconf 80' lang='lat' dir='ltr'><strong>per</strong></span> <span class='ocrx_word' id='word_1_551' title='bbox 3435 3959 3579 4012; x_wconf 86' lang='lat' dir='ltr'><strong>viam</strong></span> 
     </span>
    </p>
   </div>
   <div class='ocr_carea' id='block_1_83' title="bbox 2001 4046 3584 4117">
    <p class='ocr_par' dir='ltr' id='par_1_83' title="bbox 2001 4046 3584 4117">
     <span class='ocr_line' id='line_1_83' title="bbox 2001 4046 3584 4117; baseline 0.004 -21"><span class='ocrx_word' id='word_1_552' title='bbox 2001 4046 2422 4100; x_wconf 86' lang='lat' dir='ltr'><strong>transeuntibus</strong></span> <span class='ocrx_word' id='word_1_553' title='bbox 2474 4046 2861 4111; x_wconf 81' lang='lat' dir='ltr'><strong>vindemielur,</strong></span> <span class='ocrx_word' id='word_1_554' title='bbox 2905 4058 2988 4102; x_wconf 84' lang='lat' dir='ltr'><strong>est</strong></span> <span class='ocrx_word' id='word_1_555' title='bbox 3022 4049 3187 4101; x_wconf 84' lang='lat' dir='ltr'><strong>homo</strong></span> <span class='ocrx_word' id='word_1_556' title='bbox 3218 4047 3309 4117; x_wconf 88' lang='lat' dir='ltr'><strong>qui</strong></span> <span class='ocrx_word' id='word_1_557' title='bbox 3358 4063 3584 4102; x_wconf 85' lang='lat' dir='ltr'><strong>sursum</strong></span> 
     </span>
    </p>
   </div>
   <div class='ocr_carea' id='block_1_84' title="bbox 2001 4134 3680 4207">
    <p class='ocr_par' dir='ltr' id='par_1_84' title="bbox 2001 4134 3680 4207">
     <span class='ocr_line' id='line_1_84' title="bbox 2001 4134 3680 4207; baseline 0.005 -21"><span class='ocrx_word' id='word_1_558' title='bbox 2001 4134 2219 4203; x_wconf 87' lang='lat' dir='ltr'><strong>quidem</strong></span> <span class='ocrx_word' id='word_1_559' title='bbox 2274 4135 2327 4187; x_wconf 93' lang='lat' dir='ltr'><strong>in</strong></span> <span class='ocrx_word' id='word_1_560' title='bbox 2382 4135 2549 4190; x_wconf 89' lang='lat' dir='ltr'><strong>Deum</strong></span> <span class='ocrx_word' id='word_1_561' title='bbox 2601 4138 2828 4205; x_wconf 87' lang='lat' dir='ltr'><strong>respicit</strong></span> <span class='ocrx_word' id='word_1_562' title='bbox 2880 4139 3069 4207; x_wconf 89' lang='lat' dir='ltr'><strong>illique</strong></span> <span class='ocrx_word' id='word_1_563' title='bbox 3115 4141 3316 4206; x_wconf 88' lang='lat' dir='ltr'><strong>credit;</strong></span> <span class='ocrx_word' id='word_1_564' title='bbox 3366 4141 3588 4194; x_wconf 82' lang='lat' dir='ltr'><strong>habitus</strong></span> <span class='ocrx_word' id='word_1_565' title='bbox 3670 4135 3680 4144; x_wconf 82' lang='grc'><em>’</em></span> 
     </span>
    </p>
   </div>
   <div class='ocr_carea' id='block_1_85' title="bbox 2003 4229 3622 4303">
    <p class='ocr_par' dir='ltr' id='par_1_85' title="bbox 2003 4229 3622 4303">
     <span class='ocr_line' id='line_1_85' title="bbox 2003 4229 3622 4303; baseline 0.006 -26"><span class='ocrx_word' id='word_1_566' title='bbox 2003 4233 2187 4278; x_wconf 90' lang='lat' dir='ltr'><strong>autem</strong></span> <span class='ocrx_word' id='word_1_567' title='bbox 2219 4233 2332 4279; x_wconf 93' lang='lat' dir='ltr'><strong>tum</strong></span> <span class='ocrx_word' id='word_1_568' title='bbox 2361 4229 2730 4295; x_wconf 86' lang='lat' dir='ltr'><strong>speculativos</strong></span> <span class='ocrx_word' id='word_1_569' title='bbox 2756 4238 2870 4282; x_wconf 89' lang='lat' dir='ltr'><strong>tum</strong></span> <span class='ocrx_word' id='word_1_570' title='bbox 2901 4233 3175 4299; x_wconf 88' lang='lat' dir='ltr'><strong>practicos</strong></span> <span class='ocrx_word' id='word_1_571' title='bbox 3203 4247 3299 4303; x_wconf 86' lang='lat' dir='ltr'><strong>per</strong></span> <span class='ocrx_word' id='word_1_572' title='bbox 3328 4233 3586 4287; x_wconf 83' lang='lat' dir='ltr'><strong>mandata</strong></span> <span class='ocrx_word' id='word_1_573' title='bbox 3616 4256 3622 4263; x_wconf 82' lang='lat'><em>-</em></span> 
     </span>
    </p>
   </div>
   <div class='ocr_carea' id='block_1_86' title="bbox 2004 4315 3589 4389">
    <p class='ocr_par' dir='ltr' id='par_1_86' title="bbox 2004 4315 3589 4389">
     <span class='ocr_line' id='line_1_86' title="bbox 2004 4315 3589 4389; baseline 0.005 -21"><span class='ocrx_word' id='word_1_574' title='bbox 2004 4315 2097 4369; x_wconf 89' lang='lat' dir='ltr'><strong>Dei</strong></span> <span class='ocrx_word' id='word_1_575' title='bbox 2148 4317 2451 4371; x_wconf 91' lang='lat' dir='ltr'><strong>instructos</strong></span> <span class='ocrx_word' id='word_1_576' title='bbox 2501 4327 2594 4387; x_wconf 84' lang='lat' dir='ltr'><strong>per</strong></span> <span class='ocrx_word' id='word_1_577' title='bbox 2629 4321 3017 4389; x_wconf 81' lang='lat' dir='ltr'><strong>negligentiam</strong></span> <span class='ocrx_word' id='word_1_578' title='bbox 3061 4338 3166 4375; x_wconf 88' lang='lat' dir='ltr'><strong>non</strong></span> <span class='ocrx_word' id='word_1_579' title='bbox 3213 4333 3399 4377; x_wconf 84' lang='lat' dir='ltr'><strong>servat</strong></span> <span class='ocrx_word' id='word_1_580' title='bbox 3430 4327 3589 4378; x_wconf 75' lang='lat' dir='ltr'><strong>inex—</strong></span> 
     </span>
    </p>
   </div>
   <div class='ocr_carea' id='block_1_87' title="bbox 2007 4406 3589 4482">
    <p class='ocr_par' dir='ltr' id='par_1_87' title="bbox 2007 4406 3589 4482">
     <span class='ocr_line' id='line_1_87' title="bbox 2007 4406 3589 4482; baseline 0.006 -26"><span class='ocrx_word' id='word_1_581' title='bbox 2007 4406 2349 4476; x_wconf 81' lang='lat' dir='ltr'><strong>pugnabiles.</strong></span> <span class='ocrx_word' id='word_1_582' title='bbox 2386 4407 2512 4460; x_wconf 76' lang='lat' dir='ltr'><strong>Sive</strong></span> <span class='ocrx_word' id='word_1_583' title='bbox 2551 4411 2696 4462; x_wconf 90' lang='lat' dir='ltr'><strong>enim</strong></span> <span class='ocrx_word' id='word_1_584' title='bbox 2739 4411 2980 4464; x_wconf 81' lang='lat' dir='ltr'><strong>exterior</strong></span> <span class='ocrx_word' id='word_1_585' title='bbox 3013 4413 3176 4466; x_wconf 83' lang='lat' dir='ltr'><strong>homo</strong></span> <span class='ocrx_word' id='word_1_586' title='bbox 3213 4415 3493 4482; x_wconf 74' lang='lat' dir='ltr'><strong>negligens</strong></span> <span class='ocrx_word' id='word_1_587' title='bbox 3522 4414 3589 4466; x_wconf 85' lang='lat' dir='ltr'><strong>ad</strong></span> 
     </span>
    </p>
   </div>
   <div class='ocr_carea' id='block_1_88' title="bbox 315 4497 1896 4588">
    <p class='ocr_par' dir='ltr' id='par_1_88' title="bbox 315 4511 1896 4588">
     <span class='ocr_line' id='line_1_88' title="bbox 315 4511 1896 4588; baseline 0.001 -22"><span class='ocrx_word' id='word_1_588' title='bbox 315 4517 537 4588; x_wconf 86' lang='grc' dir='ltr'>θρωπος</span> <span class='ocrx_word' id='word_1_589' title='bbox 557 4531 571 4544; x_wconf 78' lang='grc' dir='ltr'><strong>ο</strong></span> <span class='ocrx_word' id='word_1_590' title='bbox 603 4514 713 4566; x_wconf 80' lang='grc' dir='ltr'>εἴτε</span> <span class='ocrx_word' id='word_1_591' title='bbox 745 4513 855 4582; x_wconf 85' lang='grc' dir='ltr'><strong>γὰρ</strong></span> <span class='ocrx_word' id='word_1_592' title='bbox 913 4513 1005 4565; x_wconf 81' lang='grc' dir='ltr'><strong>τὸν</strong></span> <span class='ocrx_word' id='word_1_593' title='bbox 1028 4511 1132 4576; x_wconf 73' lang='grc' dir='ltr'><strong>ἔξω</strong></span> <span class='ocrx_word' id='word_1_594' title='bbox 1163 4512 1450 4582; x_wconf 81' lang='grc' dir='ltr'>ἄνθρωπον</span> <span class='ocrx_word' id='word_1_595' title='bbox 1489 4515 1626 4583; x_wconf 77' lang='grc' dir='ltr'>πρὸς</span> <span class='ocrx_word' id='word_1_596' title='bbox 1655 4515 1754 4582; x_wconf 64' lang='grc' dir='ltr'>τὴν</span> <span class='ocrx_word' id='word_1_597' title='bbox 1791 4515 1896 4567; x_wconf 85' lang='grc' dir='ltr'>τῶν</span> 
     </span>
    </p>
   </div>
   <div class='ocr_carea' id='block_1_89' title="bbox 2000 4497 3592 4588">
    <p class='ocr_par' dir='ltr' id='par_1_89' title="bbox 2007 4497 3592 4569">
     <span class='ocr_line' id='line_1_89' title="bbox 2007 4497 3592 4569; baseline 0.006 -20"><span class='ocrx_word' id='word_1_598' title='bbox 2007 4499 2388 4551; x_wconf 88' lang='lat' dir='ltr'><strong>mandatorum</strong></span> <span class='ocrx_word' id='word_1_599' title='bbox 2434 4497 2525 4551; x_wconf 85' lang='lat' dir='ltr'><strong>Dei</strong></span> <span class='ocrx_word' id='word_1_600' title='bbox 2576 4501 3042 4569; x_wconf 83' lang='lat' dir='ltr'><strong>adimpletionem,</strong></span> <span class='ocrx_word' id='word_1_601' title='bbox 3087 4505 3204 4558; x_wconf 89' lang='lat' dir='ltr'><strong>sive</strong></span> <span class='ocrx_word' id='word_1_602' title='bbox 3248 4505 3478 4557; x_wconf 82' lang='lat' dir='ltr'><strong>interior</strong></span> <span class='ocrx_word' id='word_1_603' title='bbox 3524 4509 3592 4559; x_wconf 85' lang='lat' dir='ltr'><strong>ad</strong></span> 
     </span>
    </p>
   </div>
   <div class='ocr_carea' id='block_1_90' title="bbox 315 4603 1904 4676">
    <p class='ocr_par' dir='ltr' id='par_1_90' title="bbox 315 4603 1904 4676">
     <span class='ocr_line' id='line_1_90' title="bbox 315 4603 1904 4676; baseline 0.001 -16"><span class='ocrx_word' id='word_1_604' title='bbox 315 4607 480 4660; x_wconf 79' lang='grc' dir='ltr'>θείων</span> <span class='ocrx_word' id='word_1_605' title='bbox 518 4606 749 4658; x_wconf 80' lang='grc' dir='ltr'>ἐντολῶν</span> <span class='ocrx_word' id='word_1_606' title='bbox 771 4603 992 4675; x_wconf 66' lang='grc' dir='ltr'>πρᾶξιν,</span> <span class='ocrx_word' id='word_1_607' title='bbox 1017 4605 1127 4656; x_wconf 79' lang='grc' dir='ltr'>εἴτε</span> <span class='ocrx_word' id='word_1_608' title='bbox 1162 4604 1254 4657; x_wconf 69' lang='grc' dir='ltr'>τὸν</span> <span class='ocrx_word' id='word_1_609' title='bbox 1281 4603 1388 4657; x_wconf 77' lang='grc' dir='ltr'>ἔσω</span> <span class='ocrx_word' id='word_1_610' title='bbox 1423 4605 1559 4674; x_wconf 83' lang='grc' dir='ltr'>πρὸς</span> <span class='ocrx_word' id='word_1_611' title='bbox 1583 4606 1681 4676; x_wconf 85' lang='grc' dir='ltr'>τὴν</span> <span class='ocrx_word' id='word_1_612' title='bbox 1698 4606 1904 4661; x_wconf 85' lang='grc' dir='ltr'>τούτων</span> 
     </span>
    </p>
   </div>
   <div class='ocr_carea' id='block_1_91' title="bbox 314 4695 1904 4766">
    <p class='ocr_par' dir='ltr' id='par_1_91' title="bbox 314 4695 1904 4766">
     <span class='ocr_line' id='line_1_91' title="bbox 314 4695 1904 4766; baseline 0.001 -15"><span class='ocrx_word' id='word_1_613' title='bbox 314 4697 556 4766; x_wconf 78' lang='grc' dir='ltr'>θεωρίαν</span> <span class='ocrx_word' id='word_1_614' title='bbox 596 4695 910 4765; x_wconf 75' lang='grc' dir='ltr'>καταλίπῃς</span> <span class='ocrx_word' id='word_1_615' title='bbox 952 4695 1383 4766; x_wconf 75' lang='grc' dir='ltr'>ἁνιπιμέλητον,</span> <span class='ocrx_word' id='word_1_616' title='bbox 1424 4697 1777 4762; x_wconf 78' lang='grc' dir='ltr'>ἀνεπίδεκτος</span> <span class='ocrx_word' id='word_1_617' title='bbox 1809 4699 1904 4752; x_wconf 86' lang='grc' dir='ltr'>τοῦ</span> 
     </span>
    </p>
   </div>
   <div class='ocr_carea' id='block_1_92' title="bbox 315 4787 1765 4858">
    <p class='ocr_par' dir='ltr' id='par_1_92' title="bbox 315 4787 1765 4858">
     <span class='ocr_line' id='line_1_92' title="bbox 315 4787 1765 4858; baseline 0.002 -16"><span class='ocrx_word' id='word_1_618' title='bbox 315 4792 377 4842; x_wconf 76' lang='grc' dir='ltr'><strong>ὲν</strong></span> <span class='ocrx_word' id='word_1_619' title='bbox 408 4787 780 4850; x_wconf 81' lang='grc' dir='ltr'>διδασκαλίαις</span> <span class='ocrx_word' id='word_1_620' title='bbox 806 4787 1176 4855; x_wconf 82' lang='grc' dir='ltr'>πνευματικοῦ</span> <span class='ocrx_word' id='word_1_621' title='bbox 1215 4788 1423 4856; x_wconf 82' lang='grc' dir='ltr'>σπόρου</span> <span class='ocrx_word' id='word_1_622' title='bbox 1449 4791 1765 4858; x_wconf 81' lang='grc' dir='ltr'>γενήσεται.</span> 
     </span>
    </p>
   </div>
   <div class='ocr_carea' id='block_1_93' title="bbox 392 4874 1901 4944">
    <p class='ocr_par' dir='ltr' id='par_1_93' title="bbox 392 4874 1901 4944">
     <span class='ocr_line' id='line_1_93' title="bbox 392 4874 1901 4944; baseline 0 -13"><span class='ocrx_word' id='word_1_623' title='bbox 392 4879 498 4933; x_wconf 86' lang='grc' dir='ltr'>λα’.</span> <span class='ocrx_word' id='word_1_624' title='bbox 527 4876 636 4931; x_wconf 79' lang='grc' dir='ltr'>Καί</span> <span class='ocrx_word' id='word_1_625' title='bbox 675 4877 785 4929; x_wconf 74' lang='grc' dir='ltr'><strong>ἐὰν</strong></span> <span class='ocrx_word' id='word_1_626' title='bbox 841 4874 1003 4944; x_wconf 69' lang='grc' dir='ltr'><strong>ἀφῇς</strong></span> <span class='ocrx_word' id='word_1_627' title='bbox 1042 4875 1250 4940; x_wconf 76' lang='grc' dir='ltr'>αὑτὸν,</span> <span class='ocrx_word' id='word_1_628' title='bbox 1311 4876 1755 4944; x_wconf 82' lang='grc' dir='ltr'>χερσωθήσεται</span> <span class='ocrx_word' id='word_1_629' title='bbox 1807 4878 1901 4932; x_wconf 80' lang='grc' dir='ltr'><strong>καί</strong></span> 
     </span>
    </p>
   </div>
   <div class='ocr_carea' id='block_1_94' title="bbox 318 4965 1907 5038">
    <p class='ocr_par' dir='ltr' id='par_1_94' title="bbox 318 4965 1907 5038">
     <span class='ocr_line' id='line_1_94' title="bbox 318 4965 1907 5038; baseline -0.004 -15"><span class='ocrx_word' id='word_1_630' title='bbox 318 4965 760 5038; x_wconf 81' lang='grc' dir='ltr'>χορτομανήσει</span> <span class='ocrx_word' id='word_1_631' title='bbox 818 4966 982 5030; x_wconf 80' lang='grc' dir='ltr'>ὅλος.</span> <span class='ocrx_word' id='word_1_632' title='bbox 1043 4965 1152 5018; x_wconf 80' lang='grc' dir='ltr'><strong>Καὶ</strong></span> <span class='ocrx_word' id='word_1_633' title='bbox 1206 4965 1361 5030; x_wconf 80' lang='grc' dir='ltr'>δίκην</span> <span class='ocrx_word' id='word_1_634' title='bbox 1388 4966 1606 5034; x_wconf 75' lang='grc' dir='ltr'>χόρτου,</span> <span class='ocrx_word' id='word_1_635' title='bbox 1641 4968 1907 5033; x_wconf 73' lang='grc' dir='ltr'>σαρκικὰς</span> 
     </span>
    </p>
   </div>
   <div class='ocr_carea' id='block_1_95' title="bbox 318 5055 1907 5130">
    <p class='ocr_par' dir='ltr' id='par_1_95' title="bbox 318 5055 1907 5130">
     <span class='ocr_line' id='line_1_95' title="bbox 318 5055 1907 5130; baseline -0.002 -17"><span class='ocrx_word' id='word_1_636' title='bbox 318 5059 517 5130; x_wconf 72' lang='grc' dir='ltr'>ἡδονὰς</span> <span class='ocrx_word' id='word_1_637' title='bbox 546 5058 705 5128; x_wconf 84' lang='grc' dir='ltr'>μόνον</span> <span class='ocrx_word' id='word_1_638' title='bbox 738 5057 1054 5126; x_wconf 81' lang='grc' dir='ltr'>βλαστήσει,</span> <span class='ocrx_word' id='word_1_639' title='bbox 1087 5056 1223 5128; x_wconf 78' lang='grc' dir='ltr'>πρὸς</span> <span class='ocrx_word' id='word_1_640' title='bbox 1271 5055 1329 5109; x_wconf 85' lang='grc' dir='ltr'>τὸ</span> <span class='ocrx_word' id='word_1_641' title='bbox 1358 5056 1622 5126; x_wconf 69' lang='grc' dir='ltr'>χορτάσαι</span> <span class='ocrx_word' id='word_1_642' title='bbox 1653 5055 1751 5126; x_wconf 84' lang='grc' dir='ltr'><strong>τὴν</strong></span> <span class='ocrx_word' id='word_1_643' title='bbox 1786 5057 1907 5110; x_wconf 82' lang='grc' dir='ltr'>ἄλο-</span> 
     </span>
    </p>
   </div>
   <div class='ocr_carea' id='block_1_96' title="bbox 320 5148 965 5222">
    <p class='ocr_par' dir='ltr' id='par_1_96' title="bbox 320 5148 965 5222">
     <span class='ocr_line' id='line_1_96' title="bbox 320 5148 965 5222; baseline -0.006 -16"><span class='ocrx_word' id='word_1_644' title='bbox 320 5171 420 5222; x_wconf 88' lang='grc' dir='ltr'><strong>γον</strong></span> <span class='ocrx_word' id='word_1_645' title='bbox 446 5149 745 5220; x_wconf 72' lang='grc' dir='ltr'>ἐπιθυμίαν</span> <span class='ocrx_word' id='word_1_646' title='bbox 776 5148 965 5202; x_wconf 77' lang='grc' dir='ltr'>αὐτοῦ.</span> 
     </span>
    </p>
   </div>
   <div class='ocr_carea' id='block_1_97' title="bbox 395 5235 1908 5311">
    <p class='ocr_par' dir='ltr' id='par_1_97' title="bbox 395 5235 1908 5311">
     <span class='ocr_line' id='line_1_97' title="bbox 395 5235 1908 5311; baseline -0.003 -13"><span class='ocrx_word' id='word_1_647' title='bbox 395 5245 504 5298; x_wconf 70' lang='grc' dir='ltr'><strong>Καὶ</strong></span> <span class='ocrx_word' id='word_1_648' title='bbox 560 5243 783 5311; x_wconf 75' lang='grc' dir='ltr'>γίνεται</span> <span class='ocrx_word' id='word_1_649' title='bbox 841 5241 1325 5309; x_wconf 75' lang='grc' dir='ltr'>ὲκλελειμμένος.</span> <span class='ocrx_word' id='word_1_650' title='bbox 1387 5241 1702 5295; x_wconf 81' lang='grc' dir='ltr'>Κὰντεῦθεν</span> <span class='ocrx_word' id='word_1_651' title='bbox 1755 5235 1908 5305; x_wconf 72' lang='grc' dir='ltr'>οὗτος</span> 
     </span>
    </p>
   </div>
   <div class='ocr_carea' id='block_1_98' title="bbox 326 5332 1907 5405">
    <p class='ocr_par' dir='ltr' id='par_1_98' title="bbox 326 5332 1907 5405">
     <span class='ocr_line' id='line_1_98' title="bbox 326 5332 1907 5405; baseline -0.001 -17"><span class='ocrx_word' id='word_1_652' title='bbox 326 5337 469 5405; x_wconf 67' lang='grc' dir='ltr'><strong>μὲνρ</strong></span> <span class='ocrx_word' id='word_1_653' title='bbox 515 5334 994 5403; x_wconf 70' lang='grc' dir='ltr'>καταλιμπάνεται</span> <span class='ocrx_word' id='word_1_654' title='bbox 1056 5332 1199 5386; x_wconf 77' lang='grc' dir='ltr'>κατὰ</span> <span class='ocrx_word' id='word_1_655' title='bbox 1256 5334 1578 5403; x_wconf 88' lang='grc' dir='ltr'>προαίρεσιν</span> <span class='ocrx_word' id='word_1_656' title='bbox 1640 5334 1907 5402; x_wconf 74' lang='grc' dir='ltr'>ἀνεπιμέο</span> 
     </span>
    </p>
   </div>
   <div class='ocr_carea' id='block_1_99' title="bbox 321 5429 507 5497">
    <p class='ocr_par' dir='ltr' id='par_1_99' title="bbox 321 5429 507 5497">
     <span class='ocr_line' id='line_1_99' title="bbox 321 5429 507 5497; baseline 0.011 -19"><span class='ocrx_word' id='word_1_657' title='bbox 321 5429 507 5497; x_wconf 79' lang='grc' dir='ltr'>λητος.</span> 
     </span>
    </p>
   </div>
   <div class='ocr_carea' id='block_1_100' title="bbox 399 5515 1908 5585">
    <p class='ocr_par' dir='ltr' id='par_1_100' title="bbox 399 5515 1908 5585">
     <span class='ocr_line' id='line_1_100' title="bbox 399 5515 1908 5585; baseline -0.003 -14"><span class='ocrx_word' id='word_1_658' title='bbox 399 5520 465 5571; x_wconf 88' lang='grc' dir='ltr'>Οί</span> <span class='ocrx_word' id='word_1_659' title='bbox 495 5517 564 5570; x_wconf 81' lang='grc' dir='ltr'>δὲ</span> <span class='ocrx_word' id='word_1_660' title='bbox 602 5515 858 5585; x_wconf 73' lang='grc' dir='ltr'>φραγμοί</span> <span class='ocrx_word' id='word_1_661' title='bbox 897 5515 1015 5568; x_wconf 80' lang='grc' dir='ltr'><strong>τῶν</strong></span> <span class='ocrx_word' id='word_1_662' title='bbox 1034 5517 1223 5571; x_wconf 76' lang='grc' dir='ltr'>λίθων</span> <span class='ocrx_word' id='word_1_663' title='bbox 1244 5518 1431 5572; x_wconf 86' lang='grc' dir='ltr'>αὐτοῦ</span> <span class='ocrx_word' id='word_1_664' title='bbox 1457 5518 1908 5571; x_wconf 60' lang='grc' dir='ltr'>κατασκάπτω-</span> 
     </span>
    </p>
   </div>
   <div class='ocr_carea' id='block_1_101' title="bbox 321 5606 1913 5680">
    <p class='ocr_par' dir='ltr' id='par_1_101' title="bbox 321 5606 1913 5680">
     <span class='ocr_line' id='line_1_101' title="bbox 321 5606 1913 5680; baseline -0.002 -16"><span class='ocrx_word' id='word_1_665' title='bbox 321 5627 442 5664; x_wconf 74' lang='lat' dir='ltr'><strong>rat.</strong></span> <span class='ocrx_word' id='word_1_666' title='bbox 503 5609 572 5662; x_wconf 81' lang='grc' dir='ltr'>Αί</span> <span class='ocrx_word' id='word_1_667' title='bbox 619 5609 676 5660; x_wconf 81' lang='grc' dir='ltr'>δὲ</span> <span class='ocrx_word' id='word_1_668' title='bbox 747 5609 839 5660; x_wconf 75' lang='grc' dir='ltr'><strong>ἐπὶ</strong></span> <span class='ocrx_word' id='word_1_669' title='bbox 894 5606 971 5676; x_wconf 83' lang='grc' dir='ltr'>τῷ</span> <span class='ocrx_word' id='word_1_670' title='bbox 1022 5608 1142 5678; x_wconf 84' lang='grc' dir='ltr'><strong>Θεῷ</strong></span> <span class='ocrx_word' id='word_1_671' title='bbox 1171 5609 1410 5680; x_wconf 84' lang='grc' dir='ltr'>θεμελίῳ</span> <span class='ocrx_word' id='word_1_672' title='bbox 1444 5613 1540 5680; x_wconf 81' lang='grc' dir='ltr'>τῆς</span> <span class='ocrx_word' id='word_1_673' title='bbox 1569 5611 1647 5673; x_wconf 89' lang='grc' dir='ltr'><strong>είς</strong></span> <span class='ocrx_word' id='word_1_674' title='bbox 1678 5609 1913 5678; x_wconf 79' lang='grc' dir='ltr'>Χριστὸν</span> 
     </span>
    </p>
   </div>
   <div class='ocr_carea' id='block_1_102' title="bbox 325 5696 1913 5767">
    <p class='ocr_par' dir='ltr' id='par_1_102' title="bbox 325 5696 1913 5767">
     <span class='ocr_line' id='line_1_102' title="bbox 325 5696 1913 5767; baseline 0.001 -14"><span class='ocrx_word' id='word_1_675' title='bbox 325 5697 567 5762; x_wconf 81' lang='grc' dir='ltr'>πίστεως</span> <span class='ocrx_word' id='word_1_676' title='bbox 595 5696 1066 5767; x_wconf 82' lang='grc' dir='ltr'>οίκοδομούμεναι,</span> <span class='ocrx_word' id='word_1_677' title='bbox 1084 5697 1160 5760; x_wconf 84' lang='grc' dir='ltr'>ὡς</span> <span class='ocrx_word' id='word_1_678' title='bbox 1189 5698 1245 5751; x_wconf 76' lang='grc' dir='ltr'><strong>ἐν</strong></span> <span class='ocrx_word' id='word_1_679' title='bbox 1264 5717 1370 5752; x_wconf 73' lang='grc' dir='ltr'>τισι</span> <span class='ocrx_word' id='word_1_680' title='bbox 1397 5699 1564 5763; x_wconf 88' lang='grc' dir='ltr'>λίθοις</span> <span class='ocrx_word' id='word_1_681' title='bbox 1592 5703 1709 5763; x_wconf 82' lang='grc' dir='ltr'>ταῖς</span> <span class='ocrx_word' id='word_1_682' title='bbox 1744 5701 1913 5765; x_wconf 84' lang='grc' dir='ltr'>θείαις</span> 
     </span>
    </p>
   </div>
   <div class='ocr_carea' id='block_1_103' title="bbox 325 5790 1912 5862">
    <p class='ocr_par' dir='ltr' id='par_1_103' title="bbox 325 5790 1912 5862">
     <span class='ocr_line' id='line_1_103' title="bbox 325 5790 1912 5862; baseline -0.001 -15"><span class='ocrx_word' id='word_1_683' title='bbox 325 5792 572 5854; x_wconf 65' lang='grc' dir='ltr'>ἐντολαῖς</span> <span class='ocrx_word' id='word_1_684' title='bbox 631 5790 959 5860; x_wconf 70' lang='grc' dir='ltr'>φυλακτικαὶ</span> <span class='ocrx_word' id='word_1_685' title='bbox 1011 5791 1202 5845; x_wconf 82' lang='grc' dir='ltr'>τούτου</span> <span class='ocrx_word' id='word_1_686' title='bbox 1253 5793 1394 5846; x_wconf 81' lang='grc' dir='ltr'>κατά</span> <span class='ocrx_word' id='word_1_687' title='bbox 1437 5810 1494 5846; x_wconf 86' lang='grc' dir='ltr'><strong>τε</strong></span> <span class='ocrx_word' id='word_1_688' title='bbox 1545 5793 1777 5862; x_wconf 85' lang='grc' dir='ltr'>θεωρίαν</span> <span class='ocrx_word' id='word_1_689' title='bbox 1818 5796 1912 5846; x_wconf 70' lang='grc' dir='ltr'>καὶ</span> 
     </span>
    </p>
   </div>
   <div class='ocr_carea' id='block_1_104' title="bbox 2013 4593 3593 4666">
    <p class='ocr_par' dir='ltr' id='par_1_104' title="bbox 2013 4593 3593 4666">
     <span class='ocr_line' id='line_1_104' title="bbox 2013 4593 3593 4666; baseline 0.006 -23"><span class='ocrx_word' id='word_1_690' title='bbox 2013 4606 2202 4644; x_wconf 84' lang='lat' dir='ltr'><strong>eorum</strong></span> <span class='ocrx_word' id='word_1_691' title='bbox 2274 4593 2770 4648; x_wconf 83' lang='lat' dir='ltr'><strong>considerationem</strong></span> <span class='ocrx_word' id='word_1_692' title='bbox 2837 4596 3150 4651; x_wconf 89' lang='lat' dir='ltr'><strong>incuriosus</strong></span> <span class='ocrx_word' id='word_1_693' title='bbox 3226 4599 3593 4666; x_wconf 86' lang='lat' dir='ltr'><strong>relinquatur,</strong></span> 
     </span>
    </p>
   </div>
   <div class='ocr_carea' id='block_1_105' title="bbox 2015 4686 3448 4760">
    <p class='ocr_par' dir='ltr' id='par_1_105' title="bbox 2015 4686 3448 4760">
     <span class='ocr_line' id='line_1_105' title="bbox 2015 4686 3448 4760; baseline 0.006 -25"><span class='ocrx_word' id='word_1_694' title='bbox 2015 4697 2120 4735; x_wconf 91' lang='lat' dir='ltr'><strong>non</strong></span> <span class='ocrx_word' id='word_1_695' title='bbox 2157 4692 2335 4753; x_wconf 88' lang='lat' dir='ltr'><strong>potest</strong></span> <span class='ocrx_word' id='word_1_696' title='bbox 2365 4686 2610 4760; x_wconf 79' lang='lat' dir='ltr'><strong>recipere</strong></span> <span class='ocrx_word' id='word_1_697' title='bbox 2636 4687 2902 4740; x_wconf 81' lang='lat' dir='ltr'><strong>doctrime</strong></span> <span class='ocrx_word' id='word_1_698' title='bbox 2927 4703 3114 4742; x_wconf 89' lang='lat' dir='ltr'><strong>semen</strong></span> <span class='ocrx_word' id='word_1_699' title='bbox 3143 4690 3448 4758; x_wconf 89' lang='lat' dir='ltr'><strong>spirituale.</strong></span> 
     </span>
    </p>
   </div>
   <div class='ocr_carea' id='block_1_106' title="bbox 2086 4855 3600 4931">
    <p class='ocr_par' dir='ltr' id='par_1_106' title="bbox 2086 4855 3600 4931">
     <span class='ocr_line' id='line_1_106' title="bbox 2086 4855 3600 4931; baseline 0.004 -21"><span class='ocrx_word' id='word_1_700' title='bbox 2086 4855 2252 4911; x_wconf 72' lang='lat' dir='ltr'><strong>VERS.</strong></span> <span class='ocrx_word' id='word_1_701' title='bbox 2299 4858 2387 4911; x_wconf 79' lang='grc'><strong>51.</strong></span> <span class='ocrx_word' id='word_1_702' title='bbox 2432 4856 2491 4911; x_wconf 87' lang='lat' dir='ltr'><strong>Si</strong></span> <span class='ocrx_word' id='word_1_703' title='bbox 2538 4858 2802 4912; x_wconf 76' lang='lat' dir='ltr'><strong>dimiseris</strong></span> <span class='ocrx_word' id='word_1_704' title='bbox 2837 4875 2977 4922; x_wconf 81' lang='lat' dir='ltr'><strong>eum,</strong></span> <span class='ocrx_word' id='word_1_705' title='bbox 3011 4861 3249 4916; x_wconf 72' lang='lat' dir='ltr'><strong>desertus</strong></span> <span class='ocrx_word' id='word_1_706' title='bbox 3295 4865 3383 4931; x_wconf 83' lang='lat' dir='ltr'><strong>[iet</strong></span> <span class='ocrx_word' id='word_1_707' title='bbox 3420 4873 3469 4917; x_wconf 78' lang='lat' dir='ltr'><strong>et</strong></span> <span class='ocrx_word' id='word_1_708' title='bbox 3503 4866 3600 4916; x_wconf 52' lang='lat' dir='ltr'><strong>sit-</strong></span> 
     </span>
    </p>
   </div>
   <div class='ocr_carea' id='block_1_107' title="bbox 2016 4954 3634 5028">
    <p class='ocr_par' dir='ltr' id='par_1_107' title="bbox 2016 4954 3634 5028">
     <span class='ocr_line' id='line_1_107' title="bbox 2016 4954 3634 5028; baseline 0.002 -19"><span class='ocrx_word' id='word_1_709' title='bbox 2016 4967 2179 5009; x_wconf 79' lang='lat' dir='ltr'><strong>rescet</strong></span> <span class='ocrx_word' id='word_1_710' title='bbox 2230 4967 2392 5009; x_wconf 78' lang='lat' dir='ltr'><strong>totus.</strong></span> <span class='ocrx_word' id='word_1_711' title='bbox 2437 4954 2501 5008; x_wconf 86' lang='lat' dir='ltr'><strong>Et</strong></span> <span class='ocrx_word' id='word_1_712' title='bbox 2546 4957 2688 5009; x_wconf 89' lang='lat' dir='ltr'><strong>sicut</strong></span> <span class='ocrx_word' id='word_1_713' title='bbox 2744 4957 2929 5010; x_wconf 81' lang='lat' dir='ltr'><strong>fenum</strong></span> <span class='ocrx_word' id='word_1_714' title='bbox 2981 4959 3232 5013; x_wconf 82' lang='lat' dir='ltr'><strong>carnales</strong></span> <span class='ocrx_word' id='word_1_715' title='bbox 3288 4960 3634 5028; x_wconf 82' lang='lat' dir='ltr'><strong>voluptates-</strong></span> 
     </span>
    </p>
   </div>
   <div class='ocr_carea' id='block_1_108' title="bbox 2017 5048 3604 5121">
    <p class='ocr_par' dir='ltr' id='par_1_108' title="bbox 2017 5048 3604 5121">
     <span class='ocr_line' id='line_1_108' title="bbox 2017 5048 3604 5121; baseline 0.004 -20"><span class='ocrx_word' id='word_1_716' title='bbox 2017 5057 2231 5101; x_wconf 92' lang='lat' dir='ltr'><strong>tantum</strong></span> <span class='ocrx_word' id='word_1_717' title='bbox 2267 5048 2523 5118; x_wconf 77' lang='lat' dir='ltr'><strong>proferet,</strong></span> <span class='ocrx_word' id='word_1_718' title='bbox 2561 5049 2627 5100; x_wconf 82' lang='lat' dir='ltr'><strong>ad</strong></span> <span class='ocrx_word' id='word_1_719' title='bbox 2661 5050 3026 5103; x_wconf 82' lang='lat' dir='ltr'><strong>saturaudum</strong></span> <span class='ocrx_word' id='word_1_720' title='bbox 3069 5051 3448 5106; x_wconf 76' lang='lat' dir='ltr'><strong>irrationalem</strong></span> <span class='ocrx_word' id='word_1_721' title='bbox 3480 5053 3604 5121; x_wconf 84' lang='lat' dir='ltr'><strong>ejus</strong></span> 
     </span>
    </p>
   </div>
   <div class='ocr_carea' id='block_1_109' title="bbox 2017 5143 2546 5211">
    <p class='ocr_par' dir='ltr' id='par_1_109' title="bbox 2017 5143 2546 5211">
     <span class='ocr_line' id='line_1_109' title="bbox 2017 5143 2546 5211; baseline -0.004 -15"><span class='ocrx_word' id='word_1_722' title='bbox 2017 5143 2546 5211; x_wconf 83' lang='lat' dir='ltr'><strong>concupiscentiam.</strong></span> 
     </span>
    </p>
   </div>
   <div class='ocr_carea' id='block_1_110' title="bbox 2087 5233 3603 5305">
    <p class='ocr_par' dir='ltr' id='par_1_110' title="bbox 2087 5233 3603 5305">
     <span class='ocr_line' id='line_1_110' title="bbox 2087 5233 3603 5305; baseline 0.002 -18"><span class='ocrx_word' id='word_1_723' title='bbox 2087 5233 2157 5288; x_wconf 83' lang='lat' dir='ltr'><strong>Et</strong></span> <span class='ocrx_word' id='word_1_724' title='bbox 2202 5235 2289 5302; x_wconf 80' lang='lat' dir='ltr'><strong>ﬁet</strong></span> <span class='ocrx_word' id='word_1_725' title='bbox 2341 5236 2644 5290; x_wconf 77' lang='lat' dir='ltr'><strong>derelictus.</strong></span> <span class='ocrx_word' id='word_1_726' title='bbox 2687 5234 2751 5287; x_wconf 82' lang='grc' dir='ltr'><strong>Ει</strong></span> <span class='ocrx_word' id='word_1_727' title='bbox 2791 5235 2991 5290; x_wconf 75' lang='lat' dir='ltr'><strong>exinde</strong></span> <span class='ocrx_word' id='word_1_728' title='bbox 3038 5236 3153 5305; x_wconf 88' lang='lat' dir='ltr'><strong>ipse</strong></span> <span class='ocrx_word' id='word_1_729' title='bbox 3198 5236 3421 5304; x_wconf 89' lang='lat' dir='ltr'><strong>quidem</strong></span> <span class='ocrx_word' id='word_1_730' title='bbox 3468 5252 3603 5290; x_wconf 84' lang='lat' dir='ltr'><strong>cort-</strong></span> 
     </span>
    </p>
   </div>
   <div class='ocr_carea' id='block_1_111' title="bbox 2019 5327 3419 5398">
    <p class='ocr_par' dir='ltr' id='par_1_111' title="bbox 2019 5327 3419 5398">
     <span class='ocr_line' id='line_1_111' title="bbox 2019 5327 3419 5398; baseline -0.003 -15"><span class='ocrx_word' id='word_1_731' title='bbox 2019 5328 2163 5383; x_wconf 89' lang='lat' dir='ltr'><strong>sulto</strong></span> <span class='ocrx_word' id='word_1_732' title='bbox 2191 5328 2543 5396; x_wconf 84' lang='lat' dir='ltr'><strong>relinquitur,</strong></span> <span class='ocrx_word' id='word_1_733' title='bbox 2575 5342 2674 5380; x_wconf 87' lang='lat' dir='ltr'><strong>nec</strong></span> <span class='ocrx_word' id='word_1_734' title='bbox 2701 5327 2994 5398; x_wconf 82' lang='lat' dir='ltr'><strong>quisquam</strong></span> <span class='ocrx_word' id='word_1_735' title='bbox 3023 5327 3088 5382; x_wconf 88' lang='lat' dir='ltr'><strong>de</strong></span> <span class='ocrx_word' id='word_1_736' title='bbox 3120 5327 3214 5379; x_wconf 89' lang='lat' dir='ltr'><strong>illo</strong></span> <span class='ocrx_word' id='word_1_737' title='bbox 3242 5335 3419 5381; x_wconf 88' lang='lat' dir='ltr'><strong>curat.</strong></span> 
     </span>
    </p>
   </div>
   <div class='ocr_carea' id='block_1_112' title="bbox 2095 5505 3604 5578">
    <p class='ocr_par' dir='ltr' id='par_1_112' title="bbox 2095 5505 3604 5578">
     <span class='ocr_line' id='line_1_112' title="bbox 2095 5505 3604 5578; baseline -0.005 -14"><span class='ocrx_word' id='word_1_738' title='bbox 2095 5510 2250 5578; x_wconf 72' lang='lat' dir='ltr'><strong>Sepes</strong></span> <span class='ocrx_word' id='word_1_739' title='bbox 2297 5521 2472 5563; x_wconf 79' lang='lat' dir='ltr'><strong>autem</strong></span> <span class='ocrx_word' id='word_1_740' title='bbox 2527 5509 2762 5577; x_wconf 80' lang='lat' dir='ltr'><strong>lapidum</strong></span> <span class='ocrx_word' id='word_1_741' title='bbox 2816 5509 2929 5571; x_wconf 75' lang='lat' dir='ltr'><strong>eius</strong></span> <span class='ocrx_word' id='word_1_742' title='bbox 2985 5507 3325 5577; x_wconf 77' lang='lat' dir='ltr'><strong>e/rodientur.</strong></span> <span class='ocrx_word' id='word_1_743' title='bbox 3374 5505 3604 5557; x_wconf 78' lang='lat' dir='ltr'><strong>Habitus</strong></span> 
     </span>
    </p>
   </div>
   <div class='ocr_carea' id='block_1_113' title="bbox 2023 5598 3602 5672">
    <p class='ocr_par' dir='ltr' id='par_1_113' title="bbox 2023 5598 3602 5672">
     <span class='ocr_line' id='line_1_113' title="bbox 2023 5598 3602 5672; baseline -0.006 -17"><span class='ocrx_word' id='word_1_744' title='bbox 2023 5616 2206 5657; x_wconf 89' lang='lat' dir='ltr'><strong>autem</strong></span> <span class='ocrx_word' id='word_1_745' title='bbox 2261 5606 2376 5657; x_wconf 87' lang='lat' dir='ltr'><strong>sive</strong></span> <span class='ocrx_word' id='word_1_746' title='bbox 2430 5603 2610 5672; x_wconf 76' lang='lat' dir='ltr'><strong>quond</strong></span> <span class='ocrx_word' id='word_1_747' title='bbox 2658 5603 2926 5654; x_wconf 86' lang='lat' dir='ltr'><strong>Ibeoriam</strong></span> <span class='ocrx_word' id='word_1_748' title='bbox 2975 5602 3089 5654; x_wconf 90' lang='lat' dir='ltr'><strong>sive</strong></span> <span class='ocrx_word' id='word_1_749' title='bbox 3138 5598 3318 5667; x_wconf 87' lang='lat' dir='ltr'><strong>quoad</strong></span> <span class='ocrx_word' id='word_1_750' title='bbox 3369 5598 3602 5667; x_wconf 79' lang='lat' dir='ltr'><strong>praxim,</strong></span> 
     </span>
    </p>
   </div>
   <div class='ocr_carea' id='block_1_114' title="bbox 2024 5690 3610 5766">
    <p class='ocr_par' dir='ltr' id='par_1_114' title="bbox 2024 5690 3610 5766">
     <span class='ocr_line' id='line_1_114' title="bbox 2024 5690 3610 5766; baseline -0.006 -16"><span class='ocrx_word' id='word_1_751' title='bbox 2024 5697 2115 5766; x_wconf 84' lang='lat' dir='ltr'><strong>qui</strong></span> <span class='ocrx_word' id='word_1_752' title='bbox 2166 5698 2216 5748; x_wconf 92' lang='lat' dir='ltr'><strong>iu</strong></span> <span class='ocrx_word' id='word_1_753' title='bbox 2255 5695 2444 5748; x_wconf 82' lang='lat' dir='ltr'><strong>divino</strong></span> <span class='ocrx_word' id='word_1_754' title='bbox 2485 5694 2840 5748; x_wconf 84' lang='lat' dir='ltr'><strong>fundamento</strong></span> <span class='ocrx_word' id='word_1_755' title='bbox 2895 5693 3015 5745; x_wconf 77' lang='lat' dir='ltr'><strong>fidei</strong></span> <span class='ocrx_word' id='word_1_756' title='bbox 3063 5693 3115 5746; x_wconf 88' lang='lat' dir='ltr'><strong>in</strong></span> <span class='ocrx_word' id='word_1_757' title='bbox 3152 5692 3431 5746; x_wconf 78' lang='lat' dir='ltr'><strong>Christum</strong></span> <span class='ocrx_word' id='word_1_758' title='bbox 3475 5690 3610 5742; x_wconf 70' lang='lat' dir='ltr'><strong>audt-</strong></span> 
     </span>
    </p>
   </div>
   <div class='ocr_carea' id='block_1_115' title="bbox 2027 5783 3645 5865">
    <p class='ocr_par' dir='ltr' id='par_1_115' title="bbox 2027 5783 3645 5865">
     <span class='ocr_line' id='line_1_115' title="bbox 2027 5783 3645 5865; baseline -0.007 -19"><span class='ocrx_word' id='word_1_759' title='bbox 2027 5792 2260 5846; x_wconf 80' lang='lat' dir='ltr'><strong>ftcantur</strong></span> <span class='ocrx_word' id='word_1_760' title='bbox 2293 5801 2344 5845; x_wconf 86' lang='lat' dir='ltr'><strong>et</strong></span> <span class='ocrx_word' id='word_1_761' title='bbox 2382 5789 2436 5845; x_wconf 88' lang='lat' dir='ltr'><strong>in</strong></span> <span class='ocrx_word' id='word_1_762' title='bbox 2475 5788 2748 5844; x_wconf 83' lang='lat' dir='ltr'><strong>mandatis</strong></span> <span class='ocrx_word' id='word_1_763' title='bbox 2781 5785 2874 5841; x_wconf 77' lang='lat' dir='ltr'><strong>Dei</strong></span> <span class='ocrx_word' id='word_1_764' title='bbox 2905 5786 3064 5856; x_wconf 85' lang='lat' dir='ltr'><strong>quasi</strong></span> <span class='ocrx_word' id='word_1_765' title='bbox 3111 5783 3440 5856; x_wconf 81' lang='lat' dir='ltr'><strong>quibusdam</strong></span> <span class='ocrx_word' id='word_1_766' title='bbox 3478 5785 3583 5852; x_wconf 79' lang='lat' dir='ltr'><strong>lapt</strong></span> <span class='ocrx_word' id='word_1_767' title='bbox 3641 5860 3645 5865; x_wconf 72' lang='lat'><strong>_</strong></span> 
     </span>
    </p>
   </div>
  </div>
