4220 6462
686 386 813 451 ll'll

2014 388 2365 447 PROCOPll
2407 388 2649 447 GAZEI

3806 383 3945 447 1472

681 501 845 553 dibus
902 496 1311 559 custodiuntur,
1364 503 1710 558 evertuntur,
1748 496 1878 551 dum
1933 495 2002 549 ad
2059 496 2263 564 cogita-

2367 495 2565 563 πρᾶξιν
2602 495 2766 558 ἐξεις.
2823 495 3245 564 καθαιροῦνταισ
3304 496 3386 558 εἰς
3439 496 3674 559 ἀτόπους
3704 495 3945 564 ἐνθυμήι

682 591 864 641 tiones
896 594 948 640 et
977 595 1135 638 actus
1166 587 1448 653 improbos
1482 586 1723 640 decidis.

756 678 923 730 Vens.
961 677 1049 729 δὲ.
1102 675 1405 729 Novissime
1448 693 1539 745 ego
1589 677 1948 744 pmnitentiam
1997 677 2101 744 egi.
2150 674 2262 744 Ego

684 778 863 819 autem
898 767 1062 818 homo
1101 766 1181 817 sic
1216 767 1577 828 constitutus,
1607 778 1750 833 saepe
1776 765 1830 817 in
1858 766 1966 818 tino
1992 764 2265 834 poeniten-

681 857 812 908 tiam
848 855 956 923 egi.

754 943 995 1007 Hesperi,
1015 950 1073 994 ut
1105 943 1347 1012 eligerem
1378 942 1738 1008 disciplinam.
1763 943 2001 1013 Scopttm
2028 929 2261 999 intuitus

681 1047 803 1084 sum
856 1033 927 1083 ita
980 1040 1038 1083 ut
1095 1033 1356 1085 omnibus
1403 1032 1717 1086 visibilibus
1770 1039 2157 1100 anteponerem
2208 1042 2265 1086 et

681 1123 918 1172 animam
944 1130 994 1173 et
1022 1135 1245 1174 carnem
1278 1123 1343 1173 ad
1378 1122 1579 1175 bonum
1606 1123 2116 1178 accommodantur)
2149 1124 2264 1178 elli-

681 1225 866 1263 cat'i-tn
907 1193 1290 1263 mandutinum
1328 1210 1416 1264 Dei
1451 1212 1743 1266 tlteoriam.

754 1301 916 1353 Vens.
966 1301 1054 1354 33.
1112 1300 1406 1353 Paululum
1457 1302 1722 1365 dormito,
1767 1305 2045 1371 paululum
2086 1318 2263 1361 autem

682 1410 927 1446 somnum
980 1394 1173 1458 capio;
1227 1394 1503 1459 paululum
1545 1410 1663 1447 vero
1701 1397 1975 1463 amplexor
2017 1400 2263 1453 manibus

680 1493 915 1550 pectora.
953 1481 1089 1534 Cum
1121 1497 1252 1535 caro
1286 1497 1381 1549 per
1415 1485 1720 1541 senectutis
1751 1487 2127 1545 inﬁrmitatem
2165 1491 2266 1544 im-

681 1574 894 1627 becillis
932 1573 1073 1624 facta
1110 1573 1203 1636 sit,
1240 1573 1391 1625 brevi
1428 1574 1651 1641 quidem
1688 1576 1833 1630 laadii
1875 1579 2266 1634 dormitatione

683 1679 804 1716 sum
856 1672 1189 1725 contentus;
1240 1662 1391 1716 brevi
1438 1675 1618 1718 autem
1676 1669 2023 1738 negligentia:
2071 1685 2266 1725 somno

681 1756 901 1818 servio;
945 1767 1251 1822 parumque
1278 1767 1429 1807 meas
1476 1757 1752 1823 practieas
1784 1756 2071 1814 facultates
2099 1740 2258 1815 eser-

2365 601 2479 646 σεις
2517 586 2611 636 καὶ
2650 584 2877 653 πράξεις
2908 585 3291 653 ἐμπίπτοντος.

2434 673 2848 743 λβ¹.Ὗστε,οον
2896 674 3012 742 ἐγὼ
3068 675 3429 743 μετενόησα.
3482 674 3640 726 Οῦτω
3694 674 3738 726 δ’
3778 675 3807 723 ὁ
3846 676 3946 727 ἀν-

2364 764 2581 831 θρωπος
2638 764 2751 832 ἐγὼ
2810 765 3176 834 διακείμενος,
3211 764 3472 826 πολλάκις
3501 764 3594 818 ἐπί
3643 764 3783 818 τέλει
3814 781 3947 831 μετ-

2365 854 2561 922 έγνων.

2448 946 2779 1015 anesum
2804 947 2912 1001 τοῦ
2939 946 3300 1010 ἐκλέξασθαι
3342 947 3640 1001 παιδείαν.
3693 946 3803 999 Καὶ
3840 946 3949 998 ἀπ-

2364 1038 2644 1106 εσκόπησα
2682 1038 2825 1091 ὥστε
2877 1039 3171 1107 προκρῖναι
3227 1037 3445 1089 πάντων
3482 1038 3590 1089 τῶν
3625 1036 3947 1105 δρωμένων,

2364 1129 2465 1198 τὴν
2495 1130 2588 1181 καὶ
2623 1128 2800 1197 ψυχὴν
2826 1128 2919 1180 καὶ
2951 1128 3131 1196 σάρκα
3160 1128 3293 1196 πρὸς
3319 1128 3379 1179 τὸ
3425 1129 3629 1194 ἀγαθὸν
3654 1126 3955 1197 ῥυθμίζου-

2368 1236 2469 1271 σαν
2501 1218 2821 1288 ἔμπρακτον
2851 1219 3088 1288 θεωρίαν
3118 1218 3229 1269 τῶν
3256 1217 3353 1269 τοῦ
3385 1218 3518 1270 Θεοῦ
3549 1218 3803 1269 ἐντολῶν.

2438 1310 2540 1378 λγ’.
2596 1310 2835 1377 Ὀλίγον
2882 1307 3190 1367 νυστάζὶο³
3224 1309 3435 1377 ὀλίγον
3492 1308 3561 1360 δὲ
3621 1306 3950 1361 καθυπνῶ-

2368 1403 2577 1471 (Miror
2606 1400 2676 1455 ee
2715 1400 3175 1470 ἐναγκαλίζομαι
3229 1401 3401 1467 χερσὶ
3454 1400 3671 1465 στήθη.
3734 1400 3847 1468 Τῆς
3897 1400 3956 1451 δὲ

2369 1493 2571 1562 σαρκὸς
2626 1493 2923 1561 ἀτονούσης
2960 1492 3050 1546 διὰ
3076 1493 3181 1562 τὴν
3228 1491 3323 1544 τοῦ
3363 1494 3568 1561 γήρους
3621 1489 3954 1551 ἀσθένειαν,

2371 1584 2566 1654 μικρὸν
2601 1584 2699 1653 μὲν
2749 1583 3050 1653 νυσταγμῷ
3082 1584 3320 1650 ἀκηδίας
3362 1582 3706 1651 ’συνέχομαι’
3756 1580 3958 1651 μικρὸν

2366 1675 2422 1728 δέ
2444 1675 2598 1744 ῦπνῳ
2634 1674 2909 1744 ῥᾳθυμίας
2937 1673 3175 1726 δουλεύω
3194 1689 3209 1703 ο
3238 1675 3333 1725 καὶ
3371 1673 3545 1742 βραχὺ
3592 1674 3695 1735 τὰς
3726 1688 3961 1741 πρακτι-
3985 1656 3993 1661 ’

2370 1768 2472 1827 κάς
2506 1783 2604 1834 μου
2638 1766 2900 1832 δυνάμεις
2929 1764 3205 1831 ἐνασχολῶ
3226 1766 3338 1827 τοῖς
3356 1763 3464 1816 ἀπὸ
3486 1763 3592 1833 γῆς
3619 1765 3698 1825 είς
3729 1762 3960 1833 καρδίαν

678 1862 778 1899 eeo
827 1846 879 1898 in
927 1844 1358 1913 cogitationibus
1392 1860 1515 1913 qua:
1565 1862 1594 1900 a
1644 1855 1791 1902 terra
1842 1851 1897 1905 in
1947 1860 2261 1908 cor'meum

2366 1856 2718 1909 ἀναὸαίνουσι
2750 1855 3146 1924 διαλογισμοῖς.

681 1936 1013 1991 ascendunt.

753 2028 913 2081 Vens.
944 2027 1033 2081 54.
1070 2026 1129 2081 Si
1173 2038 1351 2080 autem
1393 2029 1490 2081 hoc
1526 2029 1738 2095 feceris,
1775 2033 1941 2087 veniet
1978 2035 2264 2102 procedens

679 2127 967 2185 paupertas
996 2128 1125 2180 tua;
1149 2129 1196 2168 et
1225 2127 1430 2185 egestas
1461 2129 1551 2169 tua
1582 2129 1836 2186 tanquam
1864 2122 2028 2176 bonus
2054 2139 2261 2176 cursor.

681 2211 737 2264 Si
772 2218 955 2265 autem
989 2211 1101 2263 haec
1130 2207 1403 2269 lcceris,o
1433 2209 1619 2273 homo,
1641 2220 1695 2265 ut
1727 2214 1845 2281 ipse
1876 2216 2263 2283 mcmetipsum

678 2302 1034 2373 redarguam,
1072 2303 1148 2356 ad
1190 2313 1242 2359 te
1289 2306 1467 2360 veniet
1516 2305 1669 2373 plena
1715 2305 1901 2374 inopia
1943 2306 2263 2360 divitiarum

677 2395 936 2458 virtutis,
985 2397 1352 2466 perditionem
1427 2399 1523 2452 tibi
1584 2398 1901 2463 adducens;
1957 2407 2010 2453 et
2064 2400 2265 2469 imper-

678 2485 844 2540 fectio
889 2488 1275 2543 mandatorum
1332 2488 1422 2543 Dei
1472 2490 1749 2555 scientiae,
1796 2500 2022 2559 propter
2072 2506 2264 2545 eorum

678 2578 1060 2643 oinissionem,
1094 2580 1239 2637 sicut
1269 2596 1466 2636 cursor
1500 2582 1907 2639 velocissimus.

1300 2758 1452 2812 CAP.
1490 2758 1656 2813 XXV.

752 2846 919 2902 Vens.
964 2846 1017 2903 Ι.
1060 2846 1163 2904 Ha!
1211 2859 1334 2903 sunt
1389 2852 1689 2918 disciplina?
1750 2852 2060 2907 Salomonis
2122 2854 2268 2908 indi-

679 2942 908 3000 stincta,
942 2956 1074 3009 quas
1110 2942 1500 2994 transtulerunt
1534 2943 1632 2995 ιδίνὶ
1669 2941 1908 2998 Ezechiae
1936 2946 2070 3013 regis
2098 2945 2264 2999 Juda.

680 3030 991 3086 Praesentes
1036 3034 1325 3087 sententia:
1371 3033 1685 3089 Salomonis
1724 3039 2069 3105 sunt;prius
2113 3054 2270 3108 spar-

680 3125 784 3177 sim
827 3122 1168 3186 lerebantur,
1236 3126 1424 3178 multis
1465 3127 1776 3195 incognitat.
1814 3130 1965 3193 Quas
2003 3131 2269 3201 colligen-

679 3224 764 3269 tes
800 3225 924 3284 post
954 3226 1185 3270 mortem
1220 3217 1366 3284 ejus,
1394 3220 1487 3286 qui
1526 3217 1941 3288 Seripturarutn
1979 3238 2265 3277 sacrarum
2296 3217 2305 3243 ‘

679 3308 1027 3362 meditationi
1066 3310 1338 3362 vacabant
1378 3319 1433 3364 et
1472 3312 1680 3366 idcirco
1711 3314 1875 3367 amici
1916 3322 2077 3369 erant
2122 3316 2268 3385 regis

676 3398 994 3455 Judeeorum
1044 3399 1313 3468 Ezechiae,
1345 3404 1484 3458 libro
1526 3404 1953 3461 Proverbiorum
1997 3409 2268 3476 adjunxe-

680 3504 833 3547 runt.

753 3672 916 3727 Vens.
951 3672 1005 3726 2.
1047 3671 1232 3728 Gloria
1287 3674 1381 3729 Dei
1432 3685 1509 3729 est
1562 3676 1732 3731 celare
1786 3677 2020 3735 verbum.
2078 3680 2265 3736 Gloria

678 3778 855 3817 autem
903 3767 1040 3835 regis
1091 3767 1409 3838 investigare
1461 3785 1776 3825 sermonem.
1828 3770 2017 3826 Gloria
2069 3772 2160 3827 Dei
2207 3783 2267 3827 ut

677 3858 1272 3925 supersubstantialis,
1329 3858 1625 3915 ineﬂabilis
1681 3869 1785 3925 est,
1825 3864 1951 3932 quia
2010 3879 2259 3934 compre-

676 3952 842 4005 hendi
889 3953 1078 4021 nequit
1116 3952 1297 4015 Deus;
1343 3954 1516 4022 gloria
1551 3951 1645 4007 Dei
1679 3964 1739 4009 ut
1769 3957 2028 4011 universa
2072 3972 2267 4022 regen-

674 4047 745 4096 tis
783 4043 979 4098 suadet
1010 4059 1201 4112 parere
1229 4043 1351 4113 ejus
1372 4044 1664 4112 mandatis,
1684 4047 1755 4101 ob
1780 4047 2126 4114 timorem,et
2153 4065 2264 4103 non

672 4151 734 4190 ca
771 4147 1143 4191 contemnere.

747 4227 912 4282 Vens.
950 4230 1004 4282 5.
1042 4228 1247 4284 leum
1298 4245 1535 4295 sursum,
1556 4238 1605 4283 et
1655 4238 1798 4285 terra
1848 4232 2121 4297 deorsum,
2170 4248 2265 4286 cor

672 4337 851 4373 autem
889 4322 1025 4389 regis
1068 4321 1434 4375 inscrutabile.
1478 4321 1950 4386 Quemadmodum
1987 4323 2149 4377 nobis
2176 4330 2263 4376 est

669 4414 1251 4484 incomprehensibilis
1289 4416 1412 4469 coeli
1459 4415 1692 4468 altitudo
1736 4423 1789 4469 et
1834 4423 1995 4469 terra
2030 4415 2262 4485 profun-

2437 2034 2532 2088 λδ⁹.
2603 2034 2746 2087 Ἐὰν
2803 2035 2872 2086 δὲ
2930 2034 3106 2087 τοῦτο
3147 2032 3363 2101 ποιῇς,
3413 2034 3544 2100 ἥξει
3592 2050 3962 2103 προπορευο-

2360 2125 2516 2192 per"
2569 2125 2605 2191 ἡ
2645 2124 2824 2177 πενία
2868 2139 3024 2177 σου·
3089 2124 3187 2177 καὶ
3220 2126 3256 2191 ἡ
3300 2124 3504 2178 ἕνδειὰ
3557 2140 3698 2191 σου,
3730 2125 3963 2193 ὥσπερ

2366 2216 2590 2283 ἀγαθὸς
2626 2216 2901 2284 δρομεύς.
2945 2215 3119 2286 Εἴπερ
3150 2216 3206 2269 δὲ
3236 2215 3409 2269 ταῦτα
3446 2220 3642 2281 ποιεῖς,
3674 2219 3958 2288 ἄνθρωπε,

2370 2308 2457 2359 ἵνα
2488 2306 2692 2374 ἐλέγξω
2714 2308 2876 2369 αὐτὸς
2916 2307 3130 2371 ἐαυτὸν,
3156 2307 3437 2360 ἐλεύσεται
3472 2309 3563 2361 ἐπὶ
3595 2310 3655 2362 σὲ
3689 2310 3965 2379 παντελὴς

2367 2400 2571 2470 ἀπορία
2596 2399 2692 2453 τοῦ
2725 2400 2959 2452 πλούτου
2985 2399 3084 2468 τῆς
3118 2400 3322 2469 ἀρετῆς
3345 2416 3360 2431 ’
3406 2400 3837 2470 προοδοποιοῦσά
3880 2418 3963 2454 σοι

2333 2480 2465 2562 ’τὴν
2487 2491 2789 2545 ἀπώλειαν
2844 2492 2938 2545 καὶ
2979 2492 3197 2545 ἀτέλεια
3246 2490 3344 2561 τῆς
3400 2492 3508 2544 τῶν
3536 2491 3699 2545 θείων
3728 2493 3965 2545 ἐντολῶν

2368 2583 2647 2650 γνώσεως,
2672 2583 2761 2635 διὰ
2796 2583 2896 2652 τὴν
2923 2583 3198 2653 ἀπραξίαν
3224 2583 3425 2649 αὐτῶν,
3450 2582 3704 2653 καθάπερ
3735 2600 3819 2646 τις
3842 2584 3968 2653 δρο-

2372 2675 2508 2743 μεὺς
2543 2674 2869 2742 ταχύτατος.

2949 2764 3199 2816 ΚΕΦΑΛ.
3245 2762 3374 2817 κε’.

2441 2856 2510 2911 α’.
2551 2854 2739 2913 Αὗται
2773 2859 2835 2911 al
2878 2856 3141 2910 παιδεῖαι
3174 2854 3563 2924 Σολομῶντος
3599 2858 3659 2909 αἱ
3696 2854 3965 2923 ἀδιάκρι-

2371 2964 2493 3012 τοι,
2525 2948 2599 3012 ἅς
2620 2948 3035 3016 ἐξεγράψαντο
3068 2950 3122 3001 ol
3147 2948 3313 3016 φίλοι
3354 2946 3612 3007 Ἐζεκίου
3643 2946 3750 3001 τοῦ
3773 2948 3968 3011 ,ϐασι-

2371 3038 2524 3103 λέως
2553 3037 2663 3105 τῆς
2697 3038 3001 3102 Ἰουδαίας.
3045 3037 3111 3089 Δί
3163 3036 3439 3105 παροῦσαι
3480 3034 3753 3089 νουθεσίαι
3801 3036 3969 3088 Σολο-

2377 3128 2585 3197 μῶντος
2610 3130 2771 3191 εἰσιν,
2802 3132 2856 3181 αί
2889 3128 3083 3199 πρώην
3115 3128 3192 3189 ὡς
3222 3126 3650 3197 διεσπαρμέναι,
3682 3128 3797 3189 τοῖς
3830 3126 3969 3178 πολ-

2372 3220 2482 3284 λοῖς
2537 3220 2935 3289 ἀδιάγνωστοι⁸
2978 3219 3044 3281 ἃς
3091 3218 3480 3287 συλλεξάμενοι
3542 3210 3679 3288 μετὰ
3732 3218 3971 3272 θάνατον

2371 3313 2534 3366 αὑτοῦ
2562 3356 2576 3379 ,
2608 3317 2656 3367 οἱ
2692 3316 2823 3383 περὶ
2854 3313 2953 3383 τὴν
2987 3312 3220 3381 μελέτην
3250 3311 3360 3363 τῶν
3407 3310 3573 3363 θείων
3608 3312 3972 3379 ἐσχολακᾶτες

2371 3404 2626 3475 Γραφῶν,
2652 3407 2746 3457 καὶ
2773 3403 2864 3456 διὰ
2892 3403 3055 3475 τοῦτο
3084 3402 3340 3471 συνήθεις
3372 3402 3449 3471 τῷ
3488 3403 3700 3472 βασιλεῖ
3732 3403 3831 3472 τῆς
3859 3404 3975 3456 τῶν

2384 3497 2651 3549 Ἰουδαίων
2684 3496 2869 3565 χώρας
2901 3495 3142 3565 Ἐζεκία,
3174 3498 3241 3565 τῇ
3275 3494 3384 3547 τῶν
3425 3494 3749 3566 Παροιμιῶν
3801 3496 3976 3566 βίϐλῳ

2368 3589 2677 3641 τελευταῖον
2714 3585 3108 3656 ἐγκατέταξαν.

2442 3680 2507 3748 β’.
2546 3679 2700 3743 Δόξα
2717 3678 2865 3733 Θεοῦ
2886 3678 3131 3745 κρύπτει
3144 3677 3333 3746 λόγον
3349 3693 3364 3707 ’
3390 3675 3541 3740 δόξα
3561 3675 3629 3729 δὲ
3655 3676 3975 3745 ,βασιλέως

2367 3771 2508 3841 τιμᾷ
2534 3771 2986 3841 προστάγματα.
3018 3771 3087 3823 Ἦ
3115 3769 3209 3824 τοῦ
3233 3769 3370 3822 Θεοῦ
3397 3770 3546 3835 δόξα,
3573 3770 3649 3832 ὼς
3673 3770 3773 3838 μὲν
3796 3770 3976 3839 ὑπερ-

2367 3866 2575 3931 ουσίου,
2606 3863 2891 3934 ἄφραστος
2920 3863 3036 3914 ἐστι
3081 3860 3168 3914 διὰ
3218 3859 3281 3913 τὸ
3326 3860 3493 3913 αὐτοῦ
3528 3861 3924 3929 ἀκατάληπτον
3951 3877 3968 3892 ο

2366 3957 2443 4020 ὡς
2492 3956 2551 4009 δὲ
2598 3957 2820 4009 πάντων
2847 3952 3222 4017 δεσπόζοντος,
3254 3952 3437 4005 πείθει
3491 3952 3816 4021 πειθαρχεῖν
3845 3956 3977 4015 ταῖς

2367 4049 2533 4104 αὑτοῦ
2577 4050 2845 4111 ἐντολαῖς,
2879 4045 2970 4099 διὰ
3005 4046 3101 4098 τὸν
3146 4043 3316 4098 αὐτοῦ
3348 4044 3534 4111 φόϐον,
3573 4044 3669 4096 καὶ⁵
3719 4044 3797 4114 μὴ
3842 4045 3978 4115 περὶ

2365 4143 2569 4202 ταύτας
2609 4138 2915 4192 διακεῖσθαι
2953 4135 3470 4207 καταφρονητικῶς.

2437 4233 2505 4301 γ’.
2551 4230 2838 4298 Οὐρανὸς,
2862 4229 3136 4297 ὑψηλός·
3161 4227 3239 4295 τῆ
3268 4227 3356 4288 δὲ,
3384 4225 3603 4290 βαθεῖα
3623 4243 3637 4257 ’
3662 4225 3881 4292 καρδίαι
3904 4226 3979 4278 δὲ

2359 4323 2706 4388 βασιλέως,
2774 4317 3233 4383 ἀνεξέλεγκτος.
3290 4318 3505 4386 Ὠσπερ
3577 4316 3977 4383 ἀκατάληπτον

2367 4417 2502 4484 ἡμῖν
2539 4414 2602 4465 τό
2639 4430 2696 4465 τε
2738 4410 2872 4479 ὕψος
2905 4410 2999 4463 τοῦ
3024 4408 3284 4479 οὐρανοῦ,
3309 4409 3403 4460 καὶ
3428 4407 3489 4461 τὺ
3519 4406 3685 4476 βάθος
3715 4406 3816 4476 τῆς
3842 4408 3974 4475 γῆς,

670 4511 833 4570 dum,
885 4510 968 4563 sic
1016 4506 1503 4562 iudiscriminatitn
1558 4506 1739 4569 Deus.
1785 4516 1975 4576 utpo'te
2023 4508 2115 4577 qui
2161 4522 2262 4563 nec

2366 4506 2509 4559 οὕτω
2546 4507 2638 4557 καὶ
2668 4504 2728 4556 τὸ
2754 4502 2898 4554 θεῖον
2930 4500 3281 4571 ἀσυγκρίτως
3301 4539 3315 4562 ,
3358 4499 3435 4561 ὼς
3481 4497 3718 4565 ἀναργόν
3766 4513 3849 4548 τε,
3880 4498 3978 4549 καὶ

669 4601 889 4653 initium
918 4614 1017 4653 nec
1042 4599 1200 4652 linem
1227 4598 1582 4653 habet.Circa
1608 4608 1792 4652 autem
1820 4598 2043 4651 modum
2062 4598 2261 4653 futura:

667 4702 873 4746 nostra:
921 4707 1017 4761 per
1064 4692 1296 4761 gratiam
1353 4691 1745 4754 deilicationis,
1787 4691 2086 4745 consilium
2140 4691 2257 4757 Dei,

663 4786 916 4838 muniqu
953 4784 1191 4849 Domini,
1233 4784 1389 4838 nobis
1420 4785 1603 4838 adhuc
1637 4785 1914 4839 occultum
1951 4793 2035 4839 est
2066 4803 2078 4837 :
2111 4785 2258 4855 quod

662 4875 910 4930 Joannes
957 4876 1292 4945 evangelista
1334 4875 1635 4931 ostendens
1671 4876 1831 4940 dixit,
1871 4875 2125 4930 Nondum
2159 4892 2261 4947 ap-

664 4972 851 5039 paruit
882 4969 1012 5038 quid
1050 4969 1278 5023 erimus.

742 5062 904 5115 Vens.
950 5060 1003 5113 4.
1050 5057 1278 5114 I’ercule
1305 5070 1584 5130 argentum
1619 5063 2002 5129 improbatum.
2036 5072 2084 5113 et
2108 5077 2260 5113 mun-

660 5158 883 5211 dabitttr
943 5154 1196 5209 mundum
1259 5164 1453 5208 totum.
1513 5156 1663 5209 Tolle
1719 5156 2088 5226 cogitationes
2150 5152 2260 5205 Deo

662 5252 967 5319 injuriosas
1031 5250 1103 5303 ab
1158 5231 1344 5303 anima
1407 5256 1499 5303 tua
1561 5249 1851 5303 Dominieo
1933 5249 2262 5303 charactere

662 5350 958 5410 honorata,
1010 5354 1067 5400 et
1113 5346 1429 5400 intellectus
1469 5345 1592 5414 ejus
1635 5346 1686 5399 in
1721 5359 1832 5413 quo
1872 5343 2258 5397 universorum

662 5439 951 5498 Dominus,
991 5438 1134 5492 Deus
1180 5438 1334 5507 quasi
1392 5438 1591 5492 throno
1640 5436 1879 5506 quodam
1937 5435 2258 5504 requiescit,

660 5532 732 5584 ob
787 5530 1207 5584 similitudinem
1266 5530 1469 5584 bonum
1529 5529 1885 5598 operabitur,
1943 5544 2050 5581 non
2109 5528 2261 5595 engi-

663 5624 836 5676 tundo
865 5620 1009 5690 quod
1040 5624 1281 5693 cogitare
1318 5640 1427 5677 non
1462 5631 1701 5693 oportet,
1736 5636 1913 5691 neque
1946 5636 2042 5690 per
2087 5620 2259 5672 virtu-

662 5718 737 5769 lis
774 5715 1069 5776 delectum,
1114 5732 1289 5786 neque
1338 5733 1434 5788 per
1476 5730 1803 5780 excessum;
1852 5714 1945 5768 sed
1991 5712 2261 5783 sapit-mlo

669 5808 737 5862 atl
774 5810 1151 5865 sobrietatem.

2366 4600 2757 4667 ἀτελεύτητον·
2809 4598 2842 4667 ἡ
2888 4596 2946 4648 δὲ
2975 4596 3108 4666 περὶ
3136 4595 3230 4648 τὸν
3259 4594 3464 4665 τρόπον
3507 4594 3605 4661 τῆς
3660 4592 3979 4661 μελλούσης

2365 4692 2507 4744 κατά
2528 4691 2689 4759 χάριν
2714 4688 2966 4749 θεώσεως
2987 4685 3168 4756 ἡμῶν,
3191 4685 3358 4755 βουλὴ
3382 4682 3551 4735 αὑτοῦ
3574 4683 3669 4735 τοῦ
3689 4684 3973 4734 Δεσπότου

2363 4781 2472 4835 τῶν
2502 4780 2639 4835 ὅλων
2665 4778 2824 4843 Θεοῦ,
2862 4778 2941 4831 ἔτι
2971 4778 3120 4831 ἐστὶν
3170 4778 3304 4844 ἡμῖν
3350 4775 3569 4843 ἀφανής
3594 4790 3609 4805 ·
3644 4774 3741 4825 δπε
3753 4790 3784 4842 ρ
3816 4772 3915 4823 καὶ
3943 4772 3975 4823 ὁ

2364 4872 2756 4941 εύαγγελιστὴς
2792 4870 3053 4939 Ἰωάννης
3097 4867 3312 4937 δηλῶν,
3364 4866 3608 4935 εἴρηκεν,
3645 4865 3726 4915 ὅτι
3798 4862 3974 4916 Οΰπω

2365 4962 2690 5035 ἐφανερώθη
2729 4963 2782 5013 τί
2828 4960 3095 5031 ἐσόμεθα.
3186 5016 3209 5037 ο

2434 5055 2494 5109 δ’.
2538 5057 2777 5124 Κρύπτε
2803 5055 3099 5123 ἀδόκιμον
3129 5050 3437 5119 ἀργύριον,
3469 5047 3567 5100 καὶ
3598 5046 3976 5113 καθαρίσθη-

2366 5165 2538 5203 σεται
2590 5152 2856 5216 καθαρὸν
2896 5146 3079 5201 ἅπαν.
3123 5142 3380 5212 Ἀφὰνιζε
3424 5143 3553 5203 τοὺς
3588 5140 3663 5211 μὴ
3692 5139 3975 5208 τιμῶντας

2365 5242 2499 5294 Θεὸν
2534 5241 2851 5309 λογισμοὺς,
2883 5238 2994 5290 ἀπὸ
3033 5236 3134 5307 τῆς
3181 5233 3260 5304 τῷ
3295 5229 3614 5298 Δεσποτικῴ
3652 5228 3974 5298 χαρακτῆρι

2365 5334 2737 5403 τετιμημένης
2770 5330 2955 5400 ψυχῆς
2986 5346 3103 5390 σου,
3131 5328 3225 5379 καὶ
3259 5325 3321 5378 τὸ
3353 5323 3543 5393 νοερὸν
3577 5320 3810 5389 ταύτης,
3842 5320 3901 5371 ἐν
3928 5311 3975 5386 ᾧ

2368 5426 2530 5488 αὐτὸς
2561 5428 2588 5477 ὁ
2614 5424 2724 5476 τῶν
2757 5423 2896 5475 ὅλων
2922 5420 3209 5489 Δεσπότης
3244 5416 3397 5477 Θεὸς,
3415 5408 3504 5467 οἷά
3533 5430 3641 5465 τινι
3668 5410 3850 5481 θρόνῳ
3879 5412 3976 5461 ἐπ-

2366 5517 2735 5578 αναπαύεται,
2765 5515 2887 5569 καθ’
2912 5514 3176 5583 ὁμοίωσιν
3201 5509 3394 5564 τούτου
3427 5506 3725 5576 ἐργάσεται
3750 5503 3812 5557 τὸ
3834 5504 3977 5569 ἀγα-

2368 5616 2459 5667 θὸν
2492 5616 2548 5665 ἐν
2576 5612 2653 5681 τῷ
2684 5610 2757 5680 μὴ
2785 5610 3003 5679 φρονεῖν
3038 5605 3166 5676 παρ’
3196 5603 3225 5656 ὃ
3255 5603 3335 5657 δεῖ
3372 5601 3612 5669 φρονεῖν,
3646 5594 3771 5648 κατ’
3797 5595 3977 5647 {licet

2366 5708 2458 5774 ιῖριν
2513 5709 2735 5765 πάντως
2788 5703 2885 5771 τῆς
2933 5699 3159 5769 ἀρετῆς,
3206 5696 3238 5766 ἢ
3278 5692 3400 5747 καθ’
3429 5687 3783 5760 ὑπερϐολήν·
3835 5685 3977 5740 ἀλλὰ

2373 5802 2591 5869 φρονεῖν
2634 5800 2710 5858 εἰς
2752 5797 2810 5848 τὸ
2853 5796 3176 5864 σωφρονεῖν.
