4220 6462
343 328 476 393 1473

331 535 403 588 ἐν
451 538 657 597 τόποις
706 533 1025 587 δυναστῶν
1070 536 1406 601 ὑφίστασο·
1452 535 1742 603 κρεῖσσον
1794 537 1905 604 γάρ

332 638 430 675 σοι
454 626 520 675 τὸ
541 622 828 691 ῥηθῆναι,
850 625 1149 677 Ἀνάϐιιινε
1176 627 1324 692 πρός
1344 643 1440 694 με,
1470 628 1506 694 ἢ
1540 627 1906 681 ταπεινῶσαί

332 732 407 768 σε
437 716 506 767 ἐν
537 715 833 781 προσώπῳ
861 715 1189 769 δυνάστου.
1233 717 1324 785 Μὴ
1355 718 1464 769 οἵου
1500 719 1721 771 σεαυτὸν
1751 718 1905 780 ἀξίας

329 804 473 864 τινὸς
504 804 678 867 ἀξιον,
713 804 821 872 πρὸ
863 805 957 857 τοῦ
990 805 1288 874 ἀξιωθῆναι
1321 807 1523 875 ταύτης
1554 808 1704 875 παρά
1730 808 1863 860 Θεοῦ
1888 824 1900 837 ’

334 896 455 962 μηδ’
485 895 737 965 ὲπίτρεχε
767 898 985 965 ἀρχαῖς,
1012 897 1385 967 ἁρμοζούσαις
1405 899 1630 969 ἀνδράσι
1663 898 1905 952 καθυπο-

329 988 583 1038 τάττουσι
611 987 686 1055 τῷ
716 990 1027 1056 φρονήματι
1058 989 1154 1041 τοῦ
1188 989 1497 1059 πνεύματος
1517 1032 1530 1055 ,
1564 990 1625 1042 τὸ
1650 992 1906 1061 φρόνημα.

327 1077 427 1146 τῆς
461 1078 665 1147 σαρκός
685 1096 699 1109 ·
732 1079 953 1131 κάλλιον
980 1078 1088 1149 γάρ
1119 1082 1233 1133 ἔστι
1263 1082 1792 1151 ταπεινοφρονοῦντά
1821 1100 1903 1146 σε,

330 1169 425 1220 καὶ
479 1167 697 1232 ἀνάξιον
748 1170 942 1223 ἑαυτὸν
988 1171 1243 1239 κρίνοντα
1293 1173 1471 1241 πάσης
1524 1174 1717 1242 ἀρχῆς,
1769 1174 1906 1242 πρὸς

326 1258 535 1327 ταύτην
570 1259 836 1329 κληθῆναι
868 1260 1020 1331 παρὰ
1048 1261 1205 1325 Θεοῦ,
1231 1263 1263 1331 ἢ
1300 1248 1676 1333 ὲπιτρέᾑοντα,
1702 1264 1905 1332 ταύτης

326 1349 705 1419 άπορῤιφῆναι
721 1367 735 1380 υ
761 1351 947 1421 ἐτέρου
970 1352 1100 1421 παρ’
1124 1353 1286 1405 αὐτοῦ
1314 1353 1744 1424 προσκληθέντος
1767 1355 1904 1423 πρὸς

325 1440 555 1510 ταύτην,
595 1439 688 1492 τοῦ
729 1442 995 1511 πρότερον
1033 1442 1296 1513 ἄρξαντος
1335 1445 1548 1498 ἑαυτοῦ.

307 1555 313 1561 ν
402 1533 470 1584 Ἀ
508 1528 672 1585 εἶδον
709 1535 761 1586 oi
797 1534 1093 1602 ὀφθαλμοί
1116 1551 1255 1597 σου,
1283 1536 1441 1603 λέγε.
1474 1536 1651 1605 Ἀπερ
1676 1538 1732 1591 αἱ
1766 1536 1902 1591 θεω-

329 1622 550 1691 ρητικαί
574 1640 667 1675 σου
688 1624 949 1693 δυνάμεις
973 1627 1275 1679 κατέλαϐον
1296 1627 1414 1680 θεῖα
1442 1628 1743 1699 θελήματα,
1770 1632 1873 1684 καθ
1891 1631 1904 1650 ¹

326 1714 361 1767 ἀ
408 1715 477 1766 τὰ
521 1716 699 1769 πάντα
742 1717 1021 1786 γεγόνασι,
1056 1718 1237 1788 λόγοις
1269 1737 1330 1773 τε
1360 1700 1453 1773 καί.
1482 1720 1667 1792 ἔργοις
1695 1722 1899 1786 αὐτοῖς,

325 1806 566 1859 δίδασκε.

396 1894 520 1965 η-ι’.
563 1896 657 1964 Μὴ
701 1898 1042 1965 πρόσπιπτε
1072 1902 1158 1967 είς
1178 1900 1386 1971 μάχην
1410 1904 1654 1972 ταχέως,
1684 1905 1784 1957 ἵνα
1818 1908 1903 1972 μὴ

318 1990 742 2057 μεταμεληθῆς
768 1992 859 2043 ἐπ’
881 1992 1155 2061 ἐσχάτων
1174 2012 1187 2027 ο
1222 1996 1402 2061 ἡνίκα
1426 1996 1503 2047 ἄν
1532 2011 1604 2049 σε
1632 1996 1903 2064 ὀνειδίσῃ

324 2084 357 2133 ὀ
396 2083 577 2149 φίλος
607 2098 760 2145 σου,
788 2084 1079 2150 ἀναχὼρει
1109 2089 1195 2151 είς
1235 2088 1307 2141 τὰ
1333 2089 1526 2141 ὀπίσω
1549 2104 1562 2118 ·
1596 2089 1680 2156 μὴ
1725 2107 1903 2141 κατα-

321 2172 549 2237 φρόνει,
574 2174 658 2240 μή
696 2190 769 2226 σε
800 2174 1067 2243 ὀνειδίσῃ
1096 2176 1212 2244 μὲν
1248 2181 1280 2231 ὀ
1320 2181 1519 2246 φίλος.
1551 2180 1586 2245 ἡ
1634 2180 1701 2230 δὲ
1739 2180 1902 2248 μάχη

322 2278 439 2315 σου
463 2264 559 2316 καὶ
597 2265 634 2330 ἡ
666 2266 852 2333 ἔχθρα
880 2270 992 2321 οὐκ
1015 2268 1295 2332 ἀπέσται,
1313 2271 1450 2324 ἀλλ’
1474 2272 1642 2324 ἔσται
1670 2287 1767 2325 σοι
1797 2272 1901 2339 ἴση

321 2354 575 2421 θανάτῳ.
619 2356 709 2426 Μὴ
741 2358 1146 2426 ἀσυλλογίστως
1174 2362 1321 2431 ὅρμα
1348 2363 1482 2432 πρὸς
1512 2362 1730 2431 ἔχθραν,
1755 2362 1900 2428 ὅπως

324 2445 397 2513 μὴ
426 2446 606 2515 ἐαυτῷ
645 2447 940 2521 ὲπιμέμφῃ
969 2452 1027 2511 ἐς
1056 2450 1315 2521 ὕστερον
1347 2451 1461 2503 ἀλλ’
1484 2454 1614 2505 ὅταν
1663 2454 1753 2505 ἐπί
1797 2473 1901 2507 τινι

319 2534 462 2603 λόγῳ
488 2535 520 2605 ἢ
544 2536 690 2607 ἔργῳ
718 2538 871 2606 φίλος
898 2557 978 2592 σοι
1007 2542 1313 2611 μέμψηται,
1336 2542 1443 2596 ἀπὸ
1471 2544 1575 2596 τῶν
1602 2547 1901 2615 ἐπταισμέ-

319 2644 426 2678 νων
483 2645 563 2681 σοι
612 2629 828 2682 ἔκκλινε
874 2632 1368 2704 ὲξασφαλιζόμενος
1416 2638 1665 2703 σεαυτὸν,
1705 2639 1902 2709 μηκέτι

317 2721 433 2780 τοῖς
467 2702 678 2787 ὁμοίοις
707 2725 1030 2791 περιπεσεῖν
1052 2739 1065 2752 ⁶
1098 2726 1190 2777 καὶ
1212 2702 1308 2794 ἡμὴ
1350 2725 1449 2794 τὴν
1478 2728 1611 2796 πρὸς
1649 2702 1738 2780 τὸν
1768 2702 1903 2801 πλη-

319 2809 435 2861 σίον
463 2811 685 2889 ἀγάπην
718 2813 916 2885 μικρὸν
947 2816 1179 2885 πρᾶγμα
1200 2816 1334 2885 ήγοῦ
1359 2833 1372 2847 ο
1391 2818 1545 2880 ὅπως
1575 2819 1646 2889 μὴ
1682 2820 1902 2889 μέμψη-

316 2918 409 2954 ται
459 2881 558 2971 μέν
611 2921 693 2955 σοι
725 2881 888 2966 αὐτὸς
908 2949 922 2968 ,
949 2881 1034 2973 ἐφ’
1064 2881 1115 2973 ᾧ⁷
1140 2881 1487 2977 μήδιετέθῃς
1535 2881 1718 2971 uetiti)..-
1758 2881 1901 2982 apd;

318 2993 503 3055 αὐτὸν,
542 2996 575 3061 ὴ
621 2994 676 3046 δὲ
717 2995 941 3059 διένεξις
967 2997 1059 3050 καὶ
1085 2992 1155 3049 τὸΔ
1182 3001 1358 3066 μῖσος,
1395 3001 1494 3053 οὐκ
1526 3002 1898 3072 ἀποστήσεται

316 3082 427 3134 ἀπὸ
468 3084 565 3137 σοῦ
589 3102 602 3115 ·
640 3086 775 3138 ἀλλὰ
806 3085 983 3155 ψυχῆς
1019 3089 1232 3158 ὑπάρξῃ
1269 3108 1350 3143 σοι
1384 3090 1631 3155 θάνατος.

387 3178 567 3244 Χάρις
597 3180 693 3230 καὶ
723 3179 897 3247 φιλία
929 3180 1267 3249 ἐλευθεροῖ·
1306 3182 1377 3248 ἂς
1408 3185 1680 3252 τήρησον
1717 3202 1900 3242 σεαυ-

316 3268 418 3332 τῷ,
472 3270 571 3321 ἵνα
605 3269 691 3337 μὴ
734 3270 1149 3337 ἐπ‹νείδιστος
1195 3272 1373 3342 γένῃ·
1418 3276 1577 3329 ἀλλὰ
1624 3279 1903 3346 φύλαξον

320 3362 422 3423 τὰς
450 3360 631 3425 ὁδούς
664 3377 780 3414 σου
809 3365 1339 3431 εὐσυναλλάκτως.
1382 3366 1455 3418 Τὸ
1508 3372 1753 3439 χάρισμα
1803 3372 1896 3441 τῆς

318 3452 509 3519 σοφίας
541 3454 635 3504 καὶ
671 3454 701 3521 ὴ
727 3454 913 3524 ἀγάπη
933 3495 947 3518 ,
977 3456 1201 3522 ἀγνοίας
1232 3458 1633 3513 ἀπαλλάττουσι
1664 3462 1758 3514 καὶ
1798 3480 1898 3515 κα-

319 3540 478 3605 κίας·
518 3543 584 3604 ἃς
618 3545 857 3612 φύλαξον
895 3546 1043 3616 παρὰ
1074 3548 1309 3618 σεαυτῷ,
1343 3550 1490 3613 ὅπως
1528 3551 1601 3622 μὴ
1647 3554 1899 3627 ὑπάρξῃς

315 3636 649 3703 κατάκριτος
674 3653 686 3664 ·
721 3636 859 3687 ἀλλά
889 3639 1152 3707 τήρησον,
1173 3639 1449 3710 ἄνθρωπε,
1475 3644 1573 3706 τὰς
1620 3646 1755 3714 πρὸς
1799 3646 1898 3716 τὴν

316 3726 509 3792 σοφίαν
542 3727 637 3779 καὶ
665 3726 763 3796 τήν
806 3729 1025 3797 ἀγάπην
1074 3730 1417 3801 θεωρητικὰς
1450 3734 1544 3786 καὶ
1586 3738 1898 3805 πρακτικὰς

313 3818 541 3886 πορείας
574 3836 693 3884 σου,
725 3820 905 3884 καλῶς
935 3822 1192 3891 ἀλλήλαις
1213 3825 1323 3877 τῶν
1344 3826 1559 3880 οίκείων
1583 3829 1898 3898 μεταδιδού-

313 3926 444 3968 σαςο
486 3912 628 3963 αἰτεῖ
666 3911 766 3981 μὲν
799 3914 1076 3983 πρακτικὴ
1108 3915 1206 3986 τὴν
1234 3915 1593 3989 θεωρητικὴν,
1614 3921 1724 3973 τῶν
1756 3922 1897 3976 κατὰ

310 4001 514 4069 γνῶσιν
548 4001 723 4070 λόγων
746 4022 760 4034 ·
794 4005 826 4073 ή
855 4004 911 4056 δὲ
947 4006 1257 4078 θεωρητικὴ
1286 4010 1385 4078 τὴν
1417 4012 1760 4085 πρακτικὴνξ,
1788 4016 1895 4069 τῶν

311 4094 432 4144 κατ’
468 4094 668 4163 ἀρετὴν
694 4095 915 4165 τρόπων
936 4112 950 4127 ·
998 4097 1139 4150 ὥστε
1167 4098 1471 4169 φυκοῦσθαι
1509 4103 1607 4171 μὲν
1634 4105 1734 4174 τὴν
1764 4107 1895 4175 ἀρε-

308 4184 406 4254 τὴν
439 4186 582 4238 κατὰ
613 4186 769 4253 λόγον
790 4202 803 4214 ·
839 4189 1223 4258 σωματοῠσθαι
1246 4193 1302 4244 δὲ
1322 4192 1413 4245 τὸν
1439 4193 1595 4262 λόγον
1621 4197 1744 4249 κατ’
1766 4199 1895 4268 ἀρε-

307 4276 429 4345 τήν.

382 4374 471 4421 ια’.
514 4367 724 4435 Μῆλον
763 4373 1040 4439 χρυσοῦν
1074 4374 1143 4427 ἐν
1172 4377 1436 4442 ὀρμίσκῳ
1473 4379 1748 4445 σαρδίων,
1789 4384 1887 4435 οὔ·

1301 329 1763 387 (ΣΗΜΜΕΝΤΛΒ
1778 329 1827 385 ΙΙ
1866 329 1945 387 ΙΝ
1990 331 2444 398 ῘἮΟΥΕΠΒΙΑ.

409 461 432 496 ε
467 444 531 507 ζ’.
575 443 667 508 Μὴ
715 442 1075 504 ἀλαζονεύου
1125 442 1380 495 ἐνώπιον
1396 443 1701 509 βασιλέως
1724 484 1737 507 ,
1764 438 1912 513 μηδέ
1939 437 1989 494 Α

3451 356 3585 420 1474

2090 444 2247 498 Vens.
2286 446 2397 501 5-7.
2435 449 2516 504 Ne
2573 455 2800 521 gloriose
2853 470 2898 511 te
2948 472 3172 515 ostentes
3226 482 3401 517 coram
3448 486 3582 535 rege,

2010 548 2169 599 neque
2198 537 2251 588 in
2285 538 2412 591 locis
2441 544 2735 610 principum
2768 552 2999 603 steteris.
3028 552 3220 606 Melius
3255 567 3329 608 est
3358 560 3495 609 enim
3526 570 3578 609 ut

2008 626 2215 676 dicatur
2236 630 2349 689 tibi,
2370 631 2604 687 Ascende
2618 639 2686 686 ad
2706 654 2801 699 me,
2820 655 2973 707 quam
2994 653 3049 694 ut
3079 644 3373 699 lmmilieris
3399 665 3578 699 coram

2005 715 2258 783 principe.
2315 716 2391 772 Ne
2450 735 2606 789 putes
2666 731 3013 797 temetipsum
3077 734 3255 801 aliqua
3315 737 3579 803 dignitate

2007 805 2256 873 dignum,
2288 810 2605 881 priusquam
2652 816 2742 868 illa
2782 819 2980 888 dignus
3011 838 3039 874 a
3072 823 3178 876 Deo
3224 825 3395 879 l'ueris
3428 828 3582 879 habi-

2009 904 2137 961 tus;
2199 912 2376 967 neque
2435 902 2728 971 dignitates
2784 911 3000 977 require
3059 928 3179 981 quae
3247 918 3581 969 conveniunt

2009 984 2321 1042 hominibus
2379 998 2664 1059 sapienti:e
2716 999 2946 1067 spiritus
3011 1004 3194 1057 cannis
3258 1008 3577 1074 sapientiam

2008 1078 2527 1135 subordinantibus.
2564 1083 2753 1140 Melius
2797 1097 2880 1143 est
2931 1092 3075 1144 enim
3127 1102 3177 1148 te
3230 1098 3576 1164 temetipsum

2008 1164 2389 1222 ltumiliantem
2422 1180 2475 1225 et
2509 1173 2789 1241 indignum
2847 1182 2993 1233 omni
3039 1183 3302 1251 dignitate
3343 1195 3391 1237 te
3433 1187 3581 1253 judi-

2007 1266 2224 1311 cantem
2265 1276 2293 1313 a
2336 1261 2446 1314 Deo
2492 1265 2558 1317 ad
2607 1265 2776 1333 ipsam
2828 1272 3011 1324 vocari
3056 1288 3217 1342 quam
3269 1289 3579 1330 currentem

2006 1346 2074 1397 ab
2103 1362 2165 1398 ca
2201 1350 2559 1417 repelli,clmn
2600 1356 2740 1408 alius
2776 1358 2869 1425 qui
2914 1360 3065 1427 prius
3108 1362 3432 1432 sibimetipsi
3478 1365 3575 1417 im-

2007 1442 2219 1505 peravit
2251 1440 2315 1493 ad
2350 1441 2496 1495 illam
2530 1456 2757 1500 vocatus
2797 1447 2974 1502 fuerit.

2078 1528 2211 1592 Qua:
2261 1531 2500 1586 viderunt
2552 1538 2691 1590 oculi
2739 1541 2843 1603 tui,
2896 1541 3001 1594 dic.
3049 1544 3195 1607 Quas
3244 1546 3440 1598 animat
3478 1558 3581 1601 tnze

2007 1624 2359 1689 speculativa:
2412 1626 2703 1683 facultates
2732 1632 2948 1688 divinas
2991 1649 3354 1704 perceperunt
3386 1640 3580 1691 volun-

2009 1720 2167 1774 tates.
2204 1715 2404 1782 quibus
2436 1720 2620 1770 Omnia
2662 1720 2804 1775 facta
2845 1734 2992 1788 sunt,
3023 1727 3204 1781 verbis
3235 1736 3288 1782 et
3319 1731 3580 1799 operibus

2010 1804 2144 1872 ipsis
2173 1809 2461 1860 annuntia.

2079 1895 2243 1952 Vens.
2286 1901 2437 1954 8-10.
2484 1900 2565 1955 Ne
2612 1921 2897 1972 procurras
2945 1909 3013 1961 ad
3050 1911 3290 1979 jurgium
3335 1917 3474 1977 cito;
3525 1928 3578 1969 ut

2006 2004 2109 2040 non
2146 2000 2191 2042 te
2224 1994 2473 2057 pmniteat
2530 1997 2582 2047 in
2634 1999 2931 2053 novissimis
2972 2017 2990 2053 .'
3031 2002 3160 2056 Cum
3204 2016 3249 2059 te
3287 2010 3579 2073 exprobra-

2005 2080 2132 2129 vcrit
2170 2082 2371 2135 amicus
2409 2095 2548 2147 tuus,
2582 2088 2759 2140 recede
2790 2091 2843 2140 in
2876 2095 3195 2156 posteriora.
3235 2096 3313 2149 Nc
3345 2110 3579 2150 contem-

2006 2183 2123 2234 nas,
2169 2185 2232 2221 ne
2268 2179 2314 2223 te
2352 2174 2558 2241 quidem
2592 2179 2865 2243 exprobret
2901 2184 3126 2245 amicus,
3167 2187 3285 2238 rixa
3321 2200 3492 2239 autem
3528 2200 3577 2240 et

2004 2260 2298 2315 inimicitia:
2352 2282 2453 2318 non
2510 2268 2751 2333 aberunt,
2803 2273 2893 2327 sed
2946 2288 3098 2329 erunt
3153 2280 3249 2331 tibi
3301 2297 3461 2348 usque
3509 2282 3578 2334 ad

2004 2360 2243 2405 mortem.
2298 2352 2376 2408 Ne
2421 2356 2793 2424 imprudenter
2845 2365 2992 2419 irrne
3042 2367 3479 2432 in'inimiritias,
3518 2383 3578 2425 ιιι

2006 2455 2110 2493 non
2162 2450 2212 2494 te
2262 2446 2524 2510 paeniteat
2580 2446 2632 2499 in
2679 2454 2961 2506 extremis.
3017 2457 3120 2509 Sed
3169 2473 3290 2510 cum
3355 2462 3577 2513 verbum

2004 2543 2097 2585 aut
2132 2543 2310 2587 actmn
2343 2537 2629 2604 quemdam
2665 2541 2761 2595 tibi
2792 2550 3201 2613 exprobraverit
3248 2553 3478 2615 amicus,
3513 2556 3579 2606 ab

2003 2627 2090 2681 his
2121 2642 2241 2696 qua:
2271 2633 2600 2707 commisisti
2648 2636 2861 2690 declina
2909 2640 3134 2696 ﬁrmans
3175 2660 3397 2713 gressus
3433 2660 3577 2710 Inus,

2004 2734 2073 2773 ne
2118 2721 2171 2773 in
2232 2722 2432 2775 similia
2491 2725 2723 2782 incidas.
2772 2729 3109 2787 Charitatcm
3164 2736 3215 2788 in
3268 2741 3575 2806 proximnzu

2004 2813 2278 2880 negotium
2326 2830 2552 2882 parvum
2595 2834 2662 2871 ne
2710 2831 2964 2888 reputes;
3010 2834 3067 2876 ιιι
3118 2842 3224 2880 ιιοιι
3271 2846 3579 2898 conquera-

2002 2911 2094 2955 tur
2126 2906 2213 2958 illc
2249 2909 2393 2974 quod
2440 2908 2493 2961 in
2544 2910 2721 2977 ipsum
2761 2915 2902 2966 male
2941 2920 3148 2983 egeris;
3180 2921 3451 2975 dissensio
3480 2941 3577 2976 au-

2003 3002 2108 3049 tem
2141 3004 2195 3048 et
2228 2996 2410 3050 odium
2441 3013 2470 3052 a
2503 3007 2555 3054 te
2587 3016 2692 3054 non
2724 3005 3014 3071 recedent;
3055 3008 3149 3061 sed
3193 3026 3340 3063 nmrs
3384 3016 3580 3068 anima:

1927 3106 1969 3164 ο
2005 3095 2055 3139 te
2085 3088 2348 3143 manebit.

2075 3176 2264 3233 Gratia
2304 3190 2353 3233 et
2402 3182 2642 3235 amicitia
2703 3184 2928 3239 liberant
2960 3203 2976 3239 .'
3008 3189 3103 3241 Itas
3155 3192 3247 3243 tibi
3307 3210 3453 3247 serra
3518 3214 3581 3250 ne

2002 3271 2251 3337 reprobus
2315 3273 2417 3339 ﬁas
2469 3290 2488 3326 :
2544 3276 2633 3327 sed
2682 3281 2890 3331 custodi
2939 3282 3049 3334 eius
3103 3292 3221 3337 tuas
3269 3290 3576 3352 composite.

2000 3360 2212 3414 Donum
2255 3365 2541 3433 sapientia:
2573 3375 2627 3419 et
2665 3368 2907 3424 Charitas
2955 3374 3022 3427 ab
3072 3376 3379 3443 ignorantia
3425 3396 3581 3433 aver-

2001 3462 2121 3507 tunt
2145 3464 2199 3509 et
2235 3470 2262 3507 a
2296 3456 2537 3522 malitia;
2570 3458 2667 3514 has
2699 3461 2795 3515 tibi
2829 3478 2987 3517 serva
3028 3481 3093 3519 ne
3124 3470 3201 3521 sis
3241 3470 3532 3523 damnatus
3561 3515 3576 3537 ,

1999 3547 2092 3601 sed
2130 3550 2369 3615 custodi,
2399 3564 2432 3604 ο
2472 3550 2658 3618 homo,
2702 3554 2769 3607 ad
2804 3557 3130 3625 sapientiam
3166 3569 3220 3613 et
3252 3562 3576 3618 cliaritatem

1999 3639 2369 3707 speeuiativas
2399 3658 2464 3697 ac
2494 3646 2770 3713 practicas
2802 3648 2916 3702 vias
2948 3649 3051 3703 sibi
3091 3651 3323 3705 invicem
3359 3658 3579 3723 propria

1998 3729 2318 3800 largientes.
2368 3731 2560 3791 Praxis
2605 3738 2750 3791 enim
2800 3739 3069 3795 tbeoriam
3120 3745 3352 3813 requirit
3387 3748 3449 3799 ad
3483 3762 3579 3799 eo-

1996 3825 2346 3890 gnoscendas
2401 3829 2677 3894 rationes;
2726 3830 2939 3885 tlieoria
2998 3843 3179 3888 autem
3241 3838 3450 3905 praxim
3510 3841 3575 3893 ad

1997 3915 2252 3970 instituta
2288 3918 2552 3973 virtutum
2598 3923 2872 3990 operanda
2905 3942 2917 3978 :
2946 3925 3019 3979 ita
3063 3937 3120 3980 ut
3156 3928 3333 3984 virtus
3376 3946 3576 3985 seenn-

1997 4007 2126 4061 dum
2158 4011 2427 4065 rationem
2458 4013 2616 4083 quasi
2648 4015 2853 4079 anima,
2887 4019 3025 4072 ratio
3062 4028 3243 4075 autem
3274 4028 3575 4079 secundum

1999 4101 2253 4156 virtutem
2291 4104 2455 4158 veluti
2487 4119 2722 4175 corpore
2758 4106 3045 4163 induatur.

2067 4369 2229 4423 Vens.
2278 4371 2358 4426 Η.
2405 4370 2558 4426 Μαίη
2592 4390 2752 4427 aurea
2794 4378 2846 4428 in
2888 4380 3073 4432 monili
3106 4382 3277 4434 sardii
3310 4425 3323 4447 ,
3365 4387 3453 4453 qui
3491 4387 3571 4438 la-

306 4475 419 4523 τως
444 4460 637 4512 εἰπεῖν
660 4465 850 4529 λόγον
882 4463 1001 4535 [ἐπὶ
1032 4466 1391 4533 ἁρμόζουσα·
1429 4470 1631 4542 uerti].
1672 4474 1756 4536 Ὡς
1784 4476 1891 4544 μῆ-

1996 4464 2178 4530 quilur
2208 4464 2419 4515 verbum
2448 4466 2500 4517 in
2529 4477 2757 4533 tempore
2781 4485 2896 4521 suo.
2941 4474 3414 4535 Quemadmodum
3452 4496 3567 4530 ma-

306 4549 395 4602 λον
445 4552 704 4619 χρυσοῦν,
735 4554 1025 4625 ἐμπρέπον
1076 4560 1487 4630 περιτραχηλίῳ
1539 4563 1746 4633 κόσμῳ,
1782 4568 1890 4618 ἀπὸ

304 4639 458 4691 λίθου
488 4641 729 4709 σαρδίου,
763 4643 938 4707 οὕτως
982 4645 1043 4697 τὸ
1078 4646 1307 4717 λαλῆσαι
1363 4648 1520 4717 λόγον
1569 4652 1890 4709 διδάσκοντα

304 4734 575 4801 σωτήρια,
604 4736 883 4804 ἐμπρέπει
908 4737 985 4807 τῷ
1008 4740 1250 4809 κοσμίως
1279 4740 1485 4809 βιοῦντι
1509 4747 1632 4796 κατ’
1651 4748 1851 4817 ἀρετήν
1871 4767 1885 4781 ο

298 4820 379 4888 τῷ
412 4820 513 4890 βίῳ
545 4823 654 4891 γὰρ
686 4826 713 4875 ὁ
742 4824 899 4892 λόγος
931 4826 1426 4898 συναρμοζόμενος,
1462 4831 1663 4902 πολλὴν
1691 4835 1888 4886 ἀποτε-

298 4913 383 4966 λεῖ
417 4916 517 4983 τὴν
559 4918 920 4987 ἐμπρέπειαν.

373 5008 438 5074 ιβ’
507 5011 607 5073 Εὶς
661 5009 906 5063 ἐνώτιον
950 5013 1224 5079 χρυσοῦν
1260 5013 1512 5082 σάρδιον
1552 5020 1888 5085 πολυτελὲς

296 5096 559 5159 δέδεται.
599 5100 784 5169 λόγος
840 5106 1064 5171 σοφίας
1105 5108 1192 5171 είς
1230 5106 1492 5172 εὐήχοον
1520 5105 1651 5175 οὖς.
1691 5112 1776 5174 Ὠς
1807 5115 1886 5174 εἰς

296 5192 519 5244 ἐνώτιον
545 5193 777 5260 χρύσεον
805 5196 1022 5263 σάρδιον
1051 5197 1282 5262 δέδεται,
1317 5200 1597 5271 διαφόροις
1629 5203 1886 5272 χρώμασι

294 5284 725 5353 πεποικιλμένον
748 5326 762 5348 ,
795 5285 967 5349 οὕτως
997 5290 1078 5352 είς
1117 5290 1287 5360 ἀκοὴν
1316 5295 1381 5362 τῇ
1414 5294 1697 5365 εὐπειθείᾳ
1728 5314 1884 5348 κεκο-

295 5378 608 5446 σμημένην,
638 5377 703 5430 δι’
729 5380 907 5447 ἔργων
933 5382 1271 5452 κεκράτηται
1301 5380 1533 5449 ἄληστος
1554 5426 1568 5448 ,
1606 5389 1634 5439 ὁ
1666 5387 1882 5441 πολυει-

290 5471 390 5540 ii};
427 5475 539 5535 τοῖς
579 5471 803 5540 τρόποις
843 5472 955 5525 τῶν
994 5474 1206 5543 ἀρετῶν
1243 5475 1625 5543 διδασκαλικὸς
1664 5479 1841 5550 λόγος.

367 5660 448 5720 ιγ’.
490 5652 713 5723 Ὠσπερ
740 5654 952 5720 ἔξοδος
974 5657 1177 5724 χιόνος
1195 5658 1265 5711 ἐν
1283 5659 1487 5727 ἁμητῷ
1510 5662 1661 5715 κατὰ
1681 5664 1880 5733 καῦμα

287 5743 477 5812 ἀμέρ-λοι
491 5745 527 5812 ῖ,
548 5750 733 5813 οὕτως
760 5750 1014 5818 ἅγγελος
1045 5750 1262 5818 πιστὸς
1286 5752 1409 5820 τοῖς
1436 5755 1875 5813 ἀποστείλασιν

1996 4555 2104 4607 lum
2141 4570 2371 4610 auremn
2411 4559 2640 4624 pulchre
2689 4569 2909 4629 aptatur
2955 4565 3077 4615 colli
3148 4568 3437 4623 muliebris
3480 4588 3571 4621 nr-

1994 4649 2143 4700 natni
2178 4663 2241 4700 ex
2291 4649 2470 4717 lapide
2507 4651 2719 4719 .sardio,
2766 4655 2845 4705 sie
2877 4655 3024 4722 loqui
3055 4658 3279 4709 verbum
3307 4662 3571 4715 Salutana

1992 4738 2220 4803 docens,
2255 4744 2512 4795 convenit
2546 4745 2592 4797 ei
2637 4748 2729 4813 qui
2784 4747 3045 4801 decenter
3083 4751 3135 4803 in
3172 4753 3371 4805 virtute
3418 4771 3571 4808 cmu—

1993 4844 2257 4885 moralur.
2312 4835 2545 4887 Verbum
2592 4838 2735 4889 enim
2770 4841 2914 4906 quod
2948 4857 3071 4894 cum
3110 4846 3217 4896 vita
3256 4850 3569 4913 consentit,

1992 4926 2217 4977 multam
2260 4937 2483 4992 pra-stat
2530 4932 2995 4985 ermvenientntm.

2063 5014 2227 5070 VERS.
2283 5017 2366 5071 19..
2413 5017 2477 5070 In
2547 5036 2764 5072 auream
2829 5024 3066 5076 inaurem
3124 5029 3285 5080 etiam
3354 5031 3569 5085 sardius

1989 5111 2253 5177 pretiosus
2275 5111 2495 5176 ligatur,
2519 5128 2689 5165 sermo
2712 5117 2923 5178 sapiens
2942 5117 2994 5166 in
3016 5133 3197 5169 aurem
3217 5121 3563 5173 obedientem.

1988 5202 2464 5265 Quemadmodum
2500 5204 2551 5256 in
2575 5219 2795 5257 auream
2821 5206 3067 5260 inanrem
3104 5209 3316 5278 legatur
3350 5216 3568 5265 sardius

1985 5295 2219 5348 diversis
2254 5295 2533 5349 coloribus
2569 5290 2881 5366 variegatus
2909 5338 2923 5362 ,
2963 5304 3044 5353 sit:
3094 5301 3146 5353 in
3204 5317 3388 5355 aurem
3420 5310 3567 5357 doei-

1985 5386 2135 5441 litate
2187 5398 2459 5451 ornatam,
2500 5390 2684 5444 varius
2732 5392 3022 5462 multiplici
3068 5396 3241 5449 forma
3300 5399 3563 5453 virtutum

1983 5479 2308 5534 doetrinalis
2336 5495 2517 5534 sermo
2557 5480 2836 5539 detinetur
2866 5499 2965 5553 per
2996 5500 3160 5554 opera
3214 5505 3321 5542 non
3360 5491 3567 5548 oblite-

1983 5574 2204 5628 randns.

2058 5664 2220 5720 Vens.
2268 5667 2353 5720 15.
2398 5665 2545 5720 Sicut
2576 5669 2751 5721 exitus
2789 5670 2923 5723 nivis
2965 5670 3017 5723 in
3049 5687 3214 5725 messe
3246 5689 3337 5740 per
3376 5684 3563 5727 a‘stum

1986 5763 2225 5832 prodest,
2279 5766 2356 5817 sic
2388 5766 2605 5818 nuntius
2643 5766 2815 5833 ﬁdelis
2872 5768 2935 5822 iis
2987 5767 3073 5835 qui
3105 5769 3365 5823 miserunt
3398 5784 3561 5826 eum:
