4220 6462
681 338 815 406 14τ9

2018 330 2360 391 ΡΠΟΟΟΡΙΙ
2415 333 2656 392 ΟΛΖΕΙ

3818 329 3957 397 1480

676 451 768 518 qui
818 446 1226 516 pulchritudine
1258 444 1528 496 virtutum
1576 450 1831 502 ornatur.
1867 442 1920 494 in
1960 442 2103 493 lucta
2163 440 2255 491 ad-

2361 442 2599 511 ἀπρεπὲς
2644 442 2735 492 τὸν
2763 442 3183 510 κεκοσμημένον
3229 440 3307 510 τῷ
3359 443 3543 496 κάλλει
3575 443 3681 495 τῶν
3715 444 3954 512 ἀρετῶν,

674 553 868 592 νριειιε
899 537 1178 590 ίιιίιιιὶςιιιη
1239 535 1547 586 animarum
1607 540 1923 585 IIUSlI'aI’UIII
1976 538 2030 583 ει
2084 528 2254 580 DCIII“

674 629 1065 697 despicientem
1101 665 1116 687 .
1168 627 1413 679 incidere
1472 627 1523 677 in
1578 632 1824 692 peccata,
1876 621 2258 689 virtutumque

675 721 896 789 spoliari
931 722 1283 772 ornamento.

746 807 911 864 Vens.
955 809 1044 861 27.
1097 808 1381 861 Comedere
1434 807 1538 858 mel
1584 805 1831 863 multum,
1873 818 1976 855 non
2028 809 2107 854 est
2169 800 2258 853 bo-

675 915 837 962 mtm;
870 916 1135 952 sermones
1167 909 1342 951 autem
1388 899 1617 965 insignes
1657 896 1921 949 honorare
1984 892 2148 947 decet.
2175 892 2259 946 Ad

672 1005 985 1044 mensuram
1063 988 1169 1042 frui
1233 988 1504 1057 spirituali
1556 986 1648 1039 Dei
1700 984 2085 1054 mysteriorum
2135 982 2260 1037 dul-

671 1082 866 1136 eedine
920 1097 1027 1135 non
1088 1079 1333 1150 prodest.
1381 1076 1455 1131 De
1494 1077 1580 1130 his
1640 1075 1788 1128 enim
1826 1072 2094 1126 eﬂ'renata
2146 1087 2262 1126 me-

669 1173 872 1226 ditatio
905 1173 1008 1224 fert
1054 1169 1118 1222 ad
1179 1168 1567 1238 pra-cipitium.
1628 1164 1901 1218 Convenit
1947 1170 2130 1214 autem
2183 1158 2262 1212 al-

671 1263 881 1317 tissima
910 1258 1114 1316 de'Deo
1148 1260 1402 1328 dogmata
1438 1257 1610 1309 vereri
1637 1264 1691 1310 et
1736 1269 1842 1307 non
1888 1251 2079 1306 conari
2112 1265 2262 1304 como
2294 1260 2297 1261 '

670 1355 1009 1424 prehendere
1043 1347 1654 1419 iucomprebeusibilem
1697 1346 1819 1415 ejus
1862 1343 2184 1398 essentiam.

743 1526 909 1579 Vnus.
952 1525 1038 1578 28.
1096 1523 1246 1577 Sicut
1284 1524 1407 1575 urbs
1442 1530 1625 1589 patens
1662 1530 1708 1571 et
1761 1517 1956 1585 absque
1986 1532 2258 1569 murorum

670 1619 874 1670 ambitu
906 1658 919 1677 ,
982 1619 1056 1668 sic
1105 1617 1182 1668 t'ir
1215 1616 1303 1683 qui
1362 1630 1464 1665 non
1534 1627 1649 1663 cum
1691 1608 1914 1662 consilio
1971 1606 2097 1674 quid
2128 1610 2256 1674 agit.

670 1707 1139 1773 Quemadmodum
1175 1706 1306 1758 urbs
1335 1719 1455 1772 qua:
1486 1718 1593 1755 non
1628 1700 1796 1753 habet
1845 1712 2055 1761 muros,
2081 1706 2133 1750 et
2159 1698 2259 1748 mi-

2365 534 2422 582 ὲν
2454 535 2528 600 τῇ·
2553 534 2686 600 πρὸς
2715 534 2804 582 τὶν
2851 533 2926 600 μὴ
2956 532 3207 599 τιμῶντα
3233 531 3366 583 Θεὸν
3389 574 3403 595 ,
3435 534 3628 603 ἐχθρὸν
3662 535 3773 586 τῶν
3816 536 3959 605 ἡμε-

2363 621 2538 691 τέρων
2570 622 2759 689 ψυχῶν
2790 624 2966 691 πάλῃ,
3015 623 3289 690 ἁμαρτίας
3322 627 3648 692 περιπεσεῖν,
3675 626 3959 691 πτώματι,

2365 709 2458 760 καὶ
2491 708 2581 760 τὸν
2618 709 2821 777 κόσμον
2856 708 3229 761 ἀποϐαλέσθαι
3260 710 3367 761 τῶν
3399 711 3631 779 ἀρετῶν.

2436 799 2540 863 κζ’.
2578 798 2839 881 Ἐσθίειν
2873 799 3013 867 μέλι
3059 800 3240 865 πολὺ,
3292 784 3364 854 οὺ
3410 803 3636 853 καλόνο
3670 800 3849 870 τιμᾷν
3887 802 3961 853 δὲ

2365 889 2483 959 χρὴ
2514 893 2736 959 λόγους
2759 890 3068 956 ἐνδόξους.
3088 892 3178 953 Et;
3200 892 3361 959 κόρον
3394 891 3831 961 μεταλαμϐάνειν
3854 892 3961 962 τῆς

2365 982 2750 1049 πνευματικῆς
2810 983 2918 1035 τῶν
2982 982 3141 1035 θείων
3209 983 3523 1053 μυστηρίων
3589 983 3958 1054 γλυκύτητος,

2364 1071 2686 1142 ἀσύμφορον
2706 1086 2722 1102 ⁶
2755 1075 2788 1143 ἠ
2838 1073 2969 1143 περὶ
2991 1074 3187 1128 ’ταῦτα
3219 1075 3328 1145 γὰρ
3358 1075 3692 1144 ἀχαλίνωτος
3722 1076 3957 1144 θεωρία,

2367 1165 2523 1233 φέρει
2557 1165 2698 1217 κατά
2730 1166 2976 1235 κρημνοῦ
2994 1165 3020 1196 ·’
3039 1167 3384 1219 εὐλαϐεῖσθαι
3427 1166 3472 1219 δ’
3495 1167 3731 1236 ὑπάρχει
3777 1165 3964 1235 ἁρμό-

2365 1255 2478 1309 διον
2510 1255 2580 1307 τὰ
2613 1256 2747 1325 περὶ
2782 1256 2917 1308 Θεοῦ
2949 1256 3263 1325 ὑψηλότατα
3291 1256 3572 1324 δόγματα·
3605 1256 3698 1306 καὶ
3729 1254 3803 1323 μὴ
3833 1257 3963 1309 ἑπι-

2365 1348 2570 1416 χειρεῖν
2608 1346 3053 1417 καταλαμϐάνειν
3089 1348 3150 1400 τὸ
3187 1347 3307 1400 κατ’
3330 1347 3516 1398 οὐσίαν
3545 1345 3710 1398 αὑτοῦ
3744 1345 3963 1398 ἀκατά-

2366 1438 2593 1506 ληπτον.

2440 1530 2548 1599 κη’.
2600 1532 2830 1597 Ὠσπερ
2886 1531 3066 1595 πόλις
3124 1530 3195 1583 τὰ
3247 1530 3414 1597 τείχη
3466 1528 3956 1599 καταϐεϐλημένη,

2366 1622 2465 1674 καὶ
2497 1623 2857 1689 ἀτείχιστος,
2894 1624 3083 1688 οὕτως
3110 1622 3268 1688 ἀνὴρ
3304 1622 3371 1686 ὃς
3408 1624 3480 1674 οὐ
3517 1620 3669 1689 μετὰ
3707 1618 3961 1688 ,ϐουλῆς

2368 1723 2421 1758 τι
2456 1706 2736 1774 πράσσει.
2780 1709 3046 1777 Καθάπερ
3073 1726 3158 1771 τις
3189 1710 3340 1772 πόλις
3370 1708 3729 1779 καθῃρημένη
3757 1710 3821 1763 τὰ
3844 1709 3959 1762 τεί-

668 1800 819 1853 nime
875 1799 1206 1857 custoditur,
1266 1794 1445 1847 facilis
1480 1801 1792 1860 oppugnatu
1830 1797 1950 1853 est;
1986 1788 2066 1841 sic
2093 1787 2257 1841 etiam

2368 1815 2434 1864 χη
2472 1799 2565 1850 καὶ
2595 1798 2907 1865 ἀφύλακτος
2938 1798 3155 1860 τέλεον,
3191 1800 3363 1861 οὕτως
3399 1800 3647 1869 ὑπάρχει·
3667 1799 3960 1851 εύεπιὸού-

669 1888 760 1941 ille
810 1888 900 1955 qui
929 1887 1047 1941 sine
1090 1884 1349 1937 rationali
1386 1881 1721 1935 discretione
1772 1879 2016 1931 luctatur
2063 1876 2260 1929 adver-

669 1996 764 2034 sus
800 1980 986 2032 hostes
1043 1976 1370 2029 invisibiles.
1434 1975 1542 2026 Aut
1575 1972 1747 2034 enim,
1788 1977 1977 2036 utpote
2034 1967 2261 2021 minime

667 2070 980 2123 custoditus
1007 2109 1020 2128 .
1070 2069 1232 2120 facile
1260 2073 1567 2133 occupatur
1599 2060 1955 2130 passionibus
2013 2074 2110 2128 per
2163 2058 2259 2112 de-

669 2160 871 2211 let-tum
906 2159 1146 2217 virtutis.
1188 2165 1280 2207 aut
1309 2156 1471 2224 quasi
1541 2152 1852 2206 custoditus
1889 2150 1957 2202 ab
2017 2150 2102 2203 his
2132 2149 2259 2217 qui-

668 2252 770 2303 l.us
799 2250 903 2303 sibi
960 2251 1312 2302 securitatem
1349 2246 1684 2302 vindicabat.
1726 2244 1794 2294 ab
1832 2243 1944 2293 alto
1994 2242 2255 2293 deorsum

666 2343 881 2396 delatus
925 2342 976 2393 in
1015 2351 1337 2409 peccatum.
1403 2336 1759 2407 passionibus
1820 2346 1917 2401 per
1965 2346 2256 2385 excessum

668 2438 887 2491 \irtutis
922 2434 1161 2503 capitur.

1267 2522 1421 2577 CAP.
1468 2519 1660 2574 XXVI.

740 2617 902 2672 Vens.
927 2620 971 2670 Ι.
999 2617 1144 2671 Sirut
1166 2633 1247 2666 ros
1270 2618 1319 2666 in
1347 2631 1530 2673 messe,
1552 2622 1599 2665 et
1618 2613 1751 2664 sicut
1773 2613 1952 2680 pluvia
1974 2614 2027 2665 in
2048 2621 2256 2672 testate,

668 2715 744 2767 sic
780 2730 882 2765 non
918 2722 993 2763 est
1047 2710 1314 2776 insipienti
1355 2714 1541 2758 nonor.
1578 2702 2050 2768 Quemadmodum
2089 2718 2178 2755 ros
2206 2702 2257 2754 in

667 2805 963 2874 manipulis
1010 2804 1310 2871 spicarum,
1341 2808 1395 2851 et
1447 2797 1643 2867 pluviae
1676 2798 1729 2849 in
1779 2804 2028 2864 tempore
2062 2794 2259 2849 messis

665 2912 852 2951 earum
878 2912 983 2949 non
1014 2892 1442 2949 suntlaudandze
1465 2893 1556 2961 qui
1593 2908 1700 2946 nou
1728 2899 1989 2962 prosunt;
2012 2892 2086 2944 ita
2115 2890 2257 2943 irra-

665 2990 947 3043 tionaliter
974 2995 1396 3042 conversantem
1438 3000 1546 3038 non
1575 2994 1760 3037 manet
1780 2984 1975 3054 gloria,
2002 2971 2179 3051 neque
2204 2983 2255 3035 in

665 3094 864 3149 morte,
924 3098 1100 3151 neque
1138 3087 1260 3149 post
1306 3085 1557 3134 mortem.
1620 3075 1751 3128 Nam
1796 3077 1971 3147 gloria
2038 3075 2255 3145 quidem
2284 3117 2327 3176 ε

662 3176 962 3231 immortali
1016 3174 1247 3227 orbatus
1302 3179 1385 3226 est
1424 3211 1437 3233 ,
1474 3172 1602 3239 quia
1655 3184 1762 3256 npn
1794 3169 2073 3223 festinavit
2106 3167 2255 3220 illam

661 3271 893 3341 adipisci
943 3284 1042 3339 per
1115 3269 1287 3320 vitam
1368 3266 1675 3320 virtutibus
1733 3273 2035 3324 ornatam,
2085 3260 2257 3331 gloria

662 3372 846 3417 autem
912 3371 1267 3429 temporanea
1329 3356 1532 3411 accidit
1585 3357 1747 3410 etiam
1803 3353 1937 3408 illud
2003 3351 2253 3422 spoliari.

738 3541 903 3596 Vens.
944 3542 999 3594 2.
1046 3538 1195 3593 Sicut
1227 3555 1344 3591 aves
1372 3537 1607 3591 volantes
1646 3546 1693 3589 et
1722 3550 1962 3602 passeres
1985 3575 1999 3599 ,
2048 3534 2124 3587 sic
2154 3552 2258 3587 ma-

661 3634 915 3687 ledictum
946 3647 1141 3685 vanum
1175 3646 1281 3683 non
1336 3628 1663 3695 superveniet
1717 3628 1837 3679 ulli.
1889 3626 2256 3691 Quemadmo-

660 3731 789 3781 dum
823 3742 949 3781 aves
979 3740 1175 3779 omnes
1211 3730 1325 3776 tum
1367 3737 1577 3791 magna:
1608 3736 1732 3773 cum
1768 3736 1948 3789 parvae
1978 3720 2200 3773 avolant
2226 3736 2255 3773 a

660 3815 785 3868 loco
822 3814 875 3867 in
905 3828 1013 3882 quo
1042 3812 1330 3879 quiescere
1364 3826 1473 3863 non
1504 3817 1773 3880 possunt;
1830 3810 1911 3862 sic
1944 3824 2106 3863 omne
2136 3826 2255 3863 ma-

661 3907 925 3959 ledictum
977 3906 1093 3959 sine
1141 3905 1462 3957 rationabili
1512 3918 1681 3956 causa
1716 3904 1770 3955 in
1807 3902 1960 3955 illum
2010 3903 2102 3971 qui
2140 3918 2256 3956 ma-

663 3999 919 4052 ledicitur
967 3997 1265 4065 prolatum.
1298 4010 1409 4048 non
1464 3996 1646 4047 veniet
1702 3993 1828 4062 ipsi.
1876 3993 1968 4047 sed
2031 3995 2257 4048 omnino

660 4090 1013 4159 superveniet
1040 4090 1115 4141 illi
1142 4088 1259 4157 qui,
1294 4087 1547 4155 quamvis
1580 4102 1609 4137 ιι
1649 4085 1869 4138 nemine
1907 4083 2254 4151 maledic-tus,

659 4183 919 4253 operibus
960 4181 1348 4234 maledictione
1378 4180 1563 4250 dignis
1602 4178 1891 4233 incumbit.

730 4364 899 4419 Vens.
955 4365 1009 4418 5.
1054 4363 1203 4417 Sicut
1252 4363 1527 4434 ﬂagellum
1576 4378 1705 4431 equo
1755 4371 1803 4415 et
1847 4378 2029 4415 camus
2079 4362 2251 4426 asino,

2363 1888 2548 1949 λευτος
2577 1891 2669 1941 καὶ
2693 1892 2720 1942 ὁ
2750 1890 2823 1959 μὴ
2858 1890 2994 1959 μετά
3019 1889 3244 1957 λογικῆς
3268 1890 3615 1959 διακρίσεως,
3657 1890 3791 1959 πρὸς
3822 1890 3957 1953 τοὺς

2361 1980 2628 2049 ἀοράτους
2655 1980 2883 2051 ἐχθροὺς
2913 1981 3415 2051 ἀνταγωνιζόμενος
3432 1997 3445 2011 ο
3472 1982 3504 2051 ἧ
3536 1980 3647 2051 γὰρ
3670 1981 3746 2043 ὡς
3768 1983 3953 2052 πάντη

2361 2071 2694 2139 ἀφύλακτος,
2728 2072 3144 2141 εὐεπιχείρητός
3166 2074 3283 2124 ἐστι
3308 2075 3421 2133 τοῖς
3444 2075 3563 2124 κατ’
3590 2073 3826 2141 ἔλλειψιν
3854 2074 3957 2141 τῆς

2361 2163 2561 2229 ἀρετῆς
2592 2161 2853 2213 πάθεσιν
2898 2162 2929 2232 ἦ
2976 2163 3051 2225 ὡς
3086 2162 3193 2215 ἀπὸ
3226 2162 3432 2214 τούτων
3470 2163 3568 2231 μὲν
3604 2163 3957 2231 φυλασσόμεο

2360 2269 2470 2315 νος,
2498 2253 2582 2319 ἐφ’
2605 2246 2685 2314 οἷς
2714 2252 2760 2305 δ’
2785 2252 3038 2305 ἐντεῦθεν
3070 2254 3129 2305 τὸ
3160 2253 3402 2317 ἀσφαλὲς
3424 2253 3602 2322 ἑαυτῷ
3627 2255 3956 2325 περιεποιή-

2301 2421 2308 2427 .
2362 2362 2512 2407 σατο,
2548 2345 2898 2411 κατενεχθεὶς
2946 2345 3023 2413 τῷ
3068 2349 3166 2415 τῆς
3196 2347 3484 2417 ὲπάρσεως
3520 2346 3799 2415 πτώματι.
3834 2350 3954 2413 τοῖς

2361 2438 2483 2491 καθ’
2517 2437 2823 2509 ύπερὸολὴν
2862 2439 2959 2508 τῆς
2998 2440 3202 2507 ἀρετῆς
3239 2440 3522 2491 ἁλίσκεται
3562 2438 3809 2491 πάθεσιν.

2538 2592 2546 2604 ,
2929 2530 3182 2583 ΚΕΦΑΑ.
3228 2529 3373 2596 κεῖν.

2432 2630 2499 2676 α’.
2536 2624 2765 2689 ’Ὠσπερ
2793 2621 3012 2689 δρόσος
3037 2622 3107 2674 ἐν
3146 2622 3370 2689 ἀμητῷ,
3410 2622 3509 2675 καί
3546 2622 3751 2690 ὥσπερ
3778 2624 3957 2691 ὑετὸς

2360 2713 2431 2765 ἐν
2456 2712 2628 2779 θέρει,
2681 2713 2868 2777 οὕτως
2896 2715 3007 2765 οὐκ
3040 2712 3211 2765 ἔστιν
3242 2712 3457 2780 ἇρρονι
3480 2714 3639 2782 τιμή.
3684 2716 3957 2787 Καθάπερ

2360 2806 2551 2875 δρόσος
2588 2806 2645 2854 ὲν
2673 2806 2786 2865 τοῖς
2837 2803 3116 2874 δράγμασι
3158 2799 3269 2855 τῶν
3300 2805 3611 2873 ἀσταχύων,
3653 2807 3750 2858 καὶ
3797 2808 3953 2873 ὑετὸς

2361 2897 2421 2949 ὲν
2478 2896 2660 2966 καιρῷ
2709 2895 2906 2965 θέρους
2954 2895 3157 2958 αὐτῶν,
3215 2896 3316 2949 οὐκ
3356 2897 3495 2949 εἰσὶν
3548 2898 3829 2961 ἐπαινετά,
3878 2900 3955 2959 ὡς

2364 2989 2488 3060 μηδ’
2540 2988 2793 3041 ὁπωσοῦν
2832 2987 3171 3055 ὠφελοῦνταο
3222 2988 3396 3051 οὓτως
3453 2989 3550 3059 οὐχ
3594 2991 3831 3060 ὑπάρχει
3874 2990 3956 3061 τῷ

2360 3082 2662 3152 ἀλογίστως
2719 3082 2929 3154 βιοῦντι
2986 3084 3110 3136 οὔτε
3175 3083 3429 3149 θανόντι,
3490 3085 3614 3138 οὔτε
3662 3085 3957 3156 θνήσκοντι

2368 3176 2524 3240 κλέος
2549 3193 2562 3207 ·
2592 3176 2849 3230 ἐντεῦθεν
2878 3178 2991 3249 γὰρ
3037 3179 3135 3246 τῆς
3170 3179 3271 3246 μὲν
3305 3179 3499 3248 ἀγήρω
3522 3178 3682 3248 δόξης
3724 3181 3960 3250 ἐστερη-

2369 3269 2534 3339 μένος
2580 3269 2873 3322 ἐστίνὸτι
2929 3269 3004 3339 μὴ
3040 3269 3274 3322 ἔσπευσε
3322 3270 3523 3333 ταύτας
3574 3271 3641 3323 δι’
3692 3272 3957 3338 ἐναρέτου

2366 3361 2673 3431 κτήσασθαι
2712 3361 3029 3424 πολιτείας·
3066 3360 3357 3431 συμϐαίνει
3388 3363 3433 3414 δ’
3484 3364 3633 3433 αὐτῷ
3677 3363 3960 3418 ἀποσαλε-

2370 3451 2495 3503 σθαι
2525 3451 2621 3503 καὶ
2642 3451 2742 3521 τὴν
2766 3452 3060 3522 ἐπίκηρον.

2440 3541 2501 3611 β’.
2536 3543 2766 3610 ’Ὠσπερ
2788 3542 2965 3609 ἔρνεα
2994 3541 3275 3595 aretur-tat
3304 3542 3401 3595 καί
3430 3543 3732 3611 στρουθοί,
3767 3544 3963 3612 οὕτως

2364 3634 2479 3701 ἀρὰ
2530 3634 2755 3702 ματαία
2795 3636 2909 3688 οὐκ
2960 3634 3355 3689 ἐπελεύσεται
3395 3634 3620 3688 οὐδενί.
3680 3636 3958 3707 Καθάπερ

2365 3729 2704 3797 ἀφίπτανται
2733 3728 2949 3781 ἅπαντα
2978 3726 3048 3778 τὰ
3081 3725 3283 3796 πτηνὰ,
3312 3725 3383 3779 τά
3413 3741 3473 3777 τε
3508 3725 3723 3795 μεγάλα
3758 3725 3861 3778 καὶ
3888 3727 3960 3779 τὰ

2369 3821 2565 3891 μικρά,
2602 3818 2694 3873 τοῦ
2730 3820 2899 3872 τόπου
2953 3820 3009 3872 ὲν
3049 3812 3094 3886 ᾧ
3123 3817 3508 3887 ἀναπαυθῆναι
3564 3816 3638 3887 μὴ
3664 3816 3956 3872 δύνανται·

2364 3913 2538 3975 οὕτως
2566 3911 2919 3980 ἀφισταμένη
2956 3912 3105 3963 πᾶσα
3142 3910 3377 3977 κατάρα,
3411 3909 3501 3961 διὰ
3554 3908 3829 3977 μηδεμίαν
3858 3908 3959 3962 εῦ-

2363 4005 2524 4072 λογον
2552 4003 2733 4057 αἰτίαν
2763 4002 2909 4054 κατὰ
2932 4000 3027 4054 τοῦ
3065 3999 3457 4070 κατηραμένον
3495 4001 3819 4069 κινουμένη,
3856 3999 3960 4054 οὐκ

2364 4095 2579 4147 ἐπέλθοι
2619 4093 2770 4163 αὐτῷ
2797 4108 2810 4122 ο
2863 4092 3059 4161 ἐκείνῳ
3102 4092 3160 4144 δὲ
3195 4092 3416 4154 πάντως
3470 4089 3805 4161 ἐπέρχεται,
3852 4091 3959 4146 κᾶν

2366 4188 2441 4257 μή
2474 4204 2554 4249 τις
2596 4184 2748 4255 αὐτῷ
2786 4184 3192 4255 καταράσηται,
3222 4182 3301 4254 τῷ
3349 4182 3536 4255 ἔργοις
3570 4183 3825 4253 κατάρας
3854 4186 3961 4255 ιμ-

2365 4279 2607 4347 μένοντι.

2434 4374 2506 4436 γ’.
2540 4357 2772 4435 Ὠσπὲρ
2807 4365 3033 4435 μάστιξ
3063 4365 3230 4428 ἵππῳ
3264 4365 3363 4418 καὶ
3395 4364 3650 4434 κέντρον
3684 4364 3825 4430 ὄνῳ,
3858 4366 3962 4419 οὓς

659 4464 735 4509 ita
784 4459 928 4525 virga
992 4456 1135 4526 genti
1182 4457 1400 4523 iniqua.
1457 4454 1930 4519 Quemadmodum
1980 4453 2251 4524 ﬂagellum

2363 4476 2478 4525 τως
2502 4457 2727 4526 ῥάϐδος
2758 4459 2918 4511 ἔθνει
2950 4457 3295 4524 παρανόμῳ.
3334 4455 3607 4526 Καθάπερ
3639 4455 3961 4521 πλήττουσα

659 4549 877 4601 eaedens
917 4562 1145 4613 equum,
1194 4546 1477 4601 libidinem
1523 4545 1645 4614 ejus
1702 4555 1756 4598 et
1812 4544 2255 4614 pervicacitatem

658 4647 901 4704 coercet,
925 4649 981 4693 et
1007 4654 1198 4693 camus
1237 4653 1486 4708 pungens
1520 4638 1741 4692 asinum
1781 4638 1931 4690 illum
1970 4636 2035 4689 ad
2092 4636 2256 4691 citius

657 4732 1054 4786 ambulandum
1086 4732 1293 4785 excitat
1321 4746 1332 4779 :
1363 4731 1437 4783 ita
1468 4729 1629 4797 quasi
1682 4728 1833 4796 virga
1865 4727 2117 4797 quaedam
2166 4742 2257 4780 ra-

656 4823 885 4879 tionalis
916 4824 1104 4877 carnis
1149 4836 1313 4893 paena
1374 4822 1559 4876 erudit
1616 4821 1881 4889 populum
1940 4820 2254 4885 divinarum

658 4918 842 4987 legum
893 4925 1392 4985 transgressorem.
1467 4911 1636 4967 Sedat
1696 4913 1918 4981 quidem
1978 4913 2256 4981 appetitus

657 5008 1116 5079 concupiscibilis
1177 5005 1688 5076 intemperantiam,
1720 5012 1774 5058 et
1806 5004 2084 5074 appetitus
2141 5005 2253 5057 ira-

658 5103 871 5158 scibilis
919 5102 1342 5165 contentiones;
1373 5100 1579 5154 excitat
1607 5108 1789 5152 autem
1826 5098 2100 5169 pigritiam
2135 5096 2254 5166 ejus

658 5193 1025 5248 imbecillitati
1078 5192 1268 5247 carnis
1324 5192 1685 5246 inhaerentem
1749 5199 1805 5245 ut
1841 5189 2099 5243 mandata
2161 5189 2254 5243 Dei

657 5296 814 5342 curet
858 5287 913 5341 in
956 5288 1113 5358 praxi
1160 5284 1464 5356 implenda.

726 5470 895 5526 Vens.
939 5470 995 5535 ὁ,
1029 5470 1083 5525 5.
1111 5468 1189 5524 Ne
1218 5467 1540 5540 respondeas
1584 5468 1746 5520 stulto
1766 5468 1929 5537 juxta
1957 5466 2252 5519 stultitiam

656 5579 830 5626 suam,
871 5579 933 5617 ne
962 5562 1207 5631 eﬂ'ieiaris
1240 5564 1287 5615 ei
1316 5562 1550 5626 similis;
1608 5561 1699 5615 sed
1764 5559 2021 5628 responde
2083 5559 2252 5612 stulto

652 5670 840 5709 contra
866 5656 1148 5709 stultitiam
1175 5674 1355 5723 suam,
1385 5674 1446 5709 ne
1485 5656 1585 5709 sibi
1609 5654 1823 5722 sapiens
1850 5670 1961 5707 esse
1986 5651 2248 5705 rideatur.

650 5748 737 5803 Illi
781 5751 873 5820 qui
903 5750 1071 5805 Deum
1113 5751 1163 5803 iu
1211 5750 1378 5805 corde
1431 5766 1539 5803 non
1598 5748 1763 5803 habet
1805 5763 1871 5802 nc
1923 5744 2244 5802 consentias

2367 4550 2565 4620 μάστιξ
2596 4550 2787 4615 ἵππον,
2816 4546 2880 4598 τὸ
2911 4545 3228 4615 θηλυμανὲς
3271 4547 3464 4598 τούτου
3500 4547 3596 4597 καὶ
3645 4545 3962 4615 φιλόνεικον

2360 4637 2754 4709 ἀποκρούεται,
2809 4637 2905 4689 καί⁵
2954 4635 3143 4689 νύττον
3216 4636 3444 4706 κέντρον
3491 4635 3645 4700 δνον,
3690 4634 3959 4703 διεγείρει

2358 4729 2552 4783 τοῦτον
2590 4729 2727 4799 πρὸς
2760 4727 3067 4797 ταχυτέραν
3118 4728 3370 4797 πορείαν·
3407 4726 3551 4778 οὕτω
3597 4726 3853 4778 παιδεύει
3884 4725 3960 4788 ὤς

2356 4840 2441 4885 τις
2478 4820 2698 4893 ῥάϐδος,
2732 4822 2765 4889 ἡ
2798 4819 2941 4873 κατά
2969 4820 3130 4888 λόγον
3155 4819 3258 4888 τῆς
3291 4818 3497 4889 σαρκὸς
3541 4820 3790 4888 τιμωρία
3828 4813 3958 4871 λαόν

2358 4918 2448 4968 τὸν
2490 4916 2617 4976 τοὺς
2655 4913 2835 4975 θείους
2888 4910 3308 4983 παραϐαίνοντα
3362 4908 3596 4979 νόμους’
3631 4910 3728 4961 καὶ
3782 4926 3960 4962 κατα-

2360 5006 2526 5060 παύει
2571 5005 2671 5076 μὲν
2700 5004 2762 5057 τὸ
2791 5004 2983 5057 τούτου
3022 5003 3165 5056 κατά
3200 5000 3261 5054 τὸ
3297 5000 3727 5071 ἐπιθυμητικὸν,
3754 5002 3960 5054 ἀκόλα-

2361 5116 2512 5163 στον,
2556 5096 2655 5151 καὶ
2687 5096 2747 5150 τὸ
2788 5098 2931 5149 κατά
2963 5094 3025 5148 τὸ
3060 5094 3325 5164 θυμικὸν,
3376 5092 3653 5163 μάχιμον·
3692 5093 3960 5161 διεγείρει

2357 5193 2415 5245 δὲ
2447 5191 2506 5244 τὸ
2549 5190 2636 5243 διά
2668 5190 2767 5260 τὴν
2800 5189 3093 5243 ἀσθένειαν
3140 5187 3243 5256 τῆς
3276 5187 3480 5257 σαρκὸς
3514 5185 3727 5257 νωθρὸν
3765 5186 3958 5247 αὐτοῦ,

2359 5281 2496 5348 πρὸς
2519 5279 2843 5349 ἐπιμέλειαν
2870 5279 2969 5347 τῆς
2993 5277 3137 5331 κατά
3159 5277 3363 5348 πρᾶξιν
3394 5276 3502 5329 τῶν
3529 5276 3694 5329 θείων
3721 5276 3958 5329 ἐντολῶν

2358 5364 2574 5443 τρίϐου.

2428 5465 2491 5527 δ’,
2531 5464 2595 5518 ε’.
2636 5462 2731 5531 Μὴ
2771 5465 3110 5531 ἀποκρίνου
3139 5463 3357 5531 ἄφρονι
3390 5462 3539 5529 πρὸς
3570 5460 3688 5527 τὴν
3720 5459 3959 5513 ἐκείνου

2356 5557 2737 5626 ἀφροσύνην,
2782 5556 2880 5608 ἵνὰ
2898 5553 2985 5624 μὴ
3011 5554 3216 5623 ὅμοιος
3244 5554 3392 5622 γένῃ
3418 5550 3580 5615 αὐτῷ
3601 5592 3614 5613 ,
3642 5551 3787 5606 ἀλλ’
3816 5554 3959 5604 ἀπο-

2361 5650 2574 5716 κρίνου
2610 5645 2831 5715 ἄφρονι
2867 5644 3021 5701 κατὰ
3056 5643 3173 5712 τὴν
3200 5644 3562 5713 ἀφροσύνην
3610 5641 3826 5701 αὑτοῦ,
3862 5643 3961 5694 ἵνα

2361 5739 2448 5811 μὴ
2498 5739 2783 5809 φαίνηται
2819 5736 3015 5806 σοφὸς
3054 5734 3191 5806 παρ’
3222 5733 3435 5798 ἐαυτῷ.
3469 5734 3562 5805 Μὴ
3609 5732 3691 5805 τῷ
3729 5736 3869 5786 θεὸν
3897 5732 3953 5784 οὗ
