4220 6462
642 322 772 383 1195

1924 327 2275 387 PROCUPII
2329 327 2567 395 (ΞΑΖιΕΙ

3770 309 3885 371 li‘Jl

633 432 856 484 nabitnr
906 445 1090 485 rerum
1120 430 1320 487 natura
1375 435 1429 488 in
1481 433 1767 489 intellectu
1797 435 2204 504 contemplata;

2327 436 2495 505 λαύσῃ
2523 452 2615 487 σου
2639 436 2670 505 ἡ
2696 434 2839 503 ψυχή
2862 448 2874 461 ·
2900 431 3273 500 καθαιρομένη
3300 443 3355 479 τε
3390 425 3475 478 διὰ
3498 422 3768 492 πράξεως,
3806 437 3874 471 κα

633 531 798 590 atque
825 521 891 575 ad
927 529 1234 577 extremum
1270 524 1493 593 quando
1528 540 1681 580 mens
1706 540 1870 595 super
1899 526 2016 581 haec
2040 527 2225 578 omnia

630 613 965 679 elevabitur,
1005 614 1060 667 in
1119 614 1297 670 locum
1335 616 1691 688 tranquillum
1742 617 2080 687 ingredietur
2134 616 2223 671 ubi

634 704 782 756 circa
840 702 1010 758 Deum
1055 704 1226 774 fulget
1258 708 1347 760 lux
1397 718 1602 763 aeterna
1639 718 1693 763 et
1721 709 1900 774 beata,
1941 715 2105 777 atque
2133 708 2226 763 de-

638 793 924 849 liciabitur
963 794 1341 851 indesinenter
1370 799 1486 853 visa
1531 799 1716 853 divina
1755 800 2060 868 juventutis
2105 798 2222 868 pul-

632 881 963 937 chritudine.
1011 881 1151 937 Num
1204 894 1387 940 autem
1446 885 1613 942 Deum
1653 887 1855 942 timens
1903 898 1958 943 et
2005 887 2224 943 deside-

637 984 785 1034 rans,
826 986 1188 1042 quascunque
1218 989 1247 1025 a
1281 974 1501 1028 diabolo
1532 984 1708 1029 motas
1744 976 1799 1029 in
1840 987 2042 1042 mente,
2103 992 2217 1029 ma-

634 1076 852 1130 gnoque
879 1071 1197 1133 contemptu
1236 1074 1288 1118 ct
1315 1064 1778 1121 condemnatione
1810 1065 2011 1137 dignas
2044 1076 2220 1121 lenta-

634 1153 813 1208 tiones
837 1156 1091 1224 repelles.

708 1322 876 1379 Vens.
921 1326 1009 1381 12.
1034 1328 1256 1383 Astutus
1284 1331 1439 1384 malis
1481 1332 1964 1399 supervenientibus
1997 1348 2053 1385 se
2092 1333 2218 1386 abs-

637 1417 836 1483 rondit,
874 1420 1231 1485 imprudentes
1273 1433 1446 1476 autem
1511 1425 1926 1490 supervenientes
1962 1426 2219 1479 daumum

638 1512 932 1579 patientur.
952 1511 1047 1566 Vir
1074 1512 1336 1581 prudens,
1363 1513 1511 1566 omni
1538 1515 1700 1569 modo
1726 1517 1928 1570 bonum
1955 1532 2217 1586 operans,

636 1615 762 1653 cum
785 1603 920 1655 scite
952 1602 1201 1669 providet
1219 1604 1361 1658 mala
1386 1604 1488 1659 sibi
1509 1605 1896 1661 adtemonibus
1914 1608 1997 1660 vel
2017 1608 2085 1660 ab
2116 1609 2216 1663 lto-

638 1689 883 1745 minibus
907 1690 1154 1746 seductis
1173 1692 1538 1759 imminentia,
1559 1692 1674 1746 hrec
1704 1694 1871 1747 evitat
1889 1693 1956 1747 ad
1971 1695 2213 1749 divinum

2327 524 2670 593 φωτιζομένη
2700 522 2789 575 διὰ
2810 523 2907 590 τῆς
2932 520 3040 572 τῶν
3075 519 3246 571 ὄντων
3271 517 3508 584 φυσικῆς
3550 514 3607 564 ὲν
3632 510 3910 576 πνεύματι

2327 615 2560 683 θεωρίας
2589 631 2601 641 ·
2635 614 2730 666 καὶ
2774 610 3123 679 τελειουμένη
3181 610 3238 660 ὲν
3282 608 3361 675 τῷ
3400 604 3573 658 ταῦτα
3606 603 3745 653 κατά
3781 598 3905 651 νοῦ»

2324 704 2642 769 διαϐαίνειν,
2665 704 2759 757 καὶ
2786 704 2865 766 εἰς
2887 702 2980 754 τὸν
3009 697 3465 754 ἀνεπιϐούλευτον
3488 693 3653 745 τόπον
3670 692 3769 759 τῆς
3804 705 3913 757 μα-

2324 801 2521 871 καρίας
2548 800 2676 869 περὶ
2696 799 2828 853 Θεὸν
2842 795 3162 865 ἀειφεγγίας
3184 792 3409 861 φθάνειν
3426 788 3521 843 καὶ
3546 784 3913 844 ἀδιαλείπτως

2323 891 2417 946 τοῦ
2449 891 2681 954 κάλλους
2713 891 2811 960 τῆς
2853 888 3002 950 θείας
3032 883 3199 939 αὑτοῦ
3241 879 3595 951 κατατρυφᾷν
3636 875 3912 944 ὡραιότη-

2322 1001 2448 1047 τος”
2478 984 2573 1037 καὶ
2640 980 2968 1051 ἀπόπεμψον
3028 975 3283 1031 ἐντεῦθεν
3335 972 3445 1026 ἀπὸ
3494 968 3588 1022 σοῦ
3609 968 3685 1035 τῷ
3715 966 3912 1019 τούτου

2323 1076 2474 1145 φόϐῳ
2506 1076 2600 1128 καὶ
2631 1074 2801 1143 πόθῳ,
2835 1071 3045 1133 πάντας
3066 1069 3166 1131 τὰς
3196 1066 3255 1132 ἐξ
3287 1063 3570 1132 ὑποθήκης
3600 1057 3694 1111 τοῦ
3732 1059 3915 1126 Πονη-

2326 1169 2419 1239 ροῦ
2437 1167 2792 1236 κινουμένους
2823 1166 2880 1216 ὲν
2903 1166 2967 1232 τῇ
3001 1163 3066 1230 σῇ
3091 1161 3239 1229 ψυχῇ
3278 1156 3480 1223 πολλῆς
3540 1153 3725 1218 ἀξίους
3769 1147 3916 1217 μέμ-

2320 1261 2465 1329 ψεως
2492 1260 2585 1311 καὶ
2612 1256 2996 1323 κατακρίσεως
3024 1248 3342 1319 λογισμούς.

2394 1350 2483 1420 ιβ’.
2510 1342 3090 1414 Πανοῦρπυς,κακῶν
3104 1335 3545 1406 ἐπερχομένων,
3576 1331 3910 1397 ἁπεκρύὸψ

2318 1443 2572 1512 ἄφρονες
2590 1439 2658 1491 δὲ
2669 1438 3023 1499 ἐπελθόντες
3038 1434 3065 1495 ,¹
3074 1430 3285 1499 ζημίαν
3300 1429 3601 1481 τίσουσιν.
3619 1425 3679 1475 '0
3692 1420 3783 1475 οἷα
3793 1420 3916 1490 ἐχέο

2319 1549 2491 1601 φρων,
2512 1529 2675 1582 παντὶ
2702 1528 2910 1597 τρόπῳ,
2929 1525 2991 1576 τὸ
3022 1521 3188 1575 καλὸν
3212 1516 3583 1589 ἐργαζόμενος
3601 1513 3913 1581 ἄνθρωπος,

2320 1620 2685 1693 στοχαστικῶς
2702 1614 2935 1687 προϊδὼν
2951 1613 3019 1666 τὰ
3034 1616 3130 1665 ὲπε
3141 1611 3379 1681 ρχόμενα
3390 1606 3538 1675 αὐτῷ
3555 1604 3705 1673 παρά
3723 1620 3781 1655 τε
3795 1601 3916 1693 δαι-

2326 1715 2505 1785 μόνων
2524 1713 2618 1765 καὶ
2650 1708 2955 1779 ἀνθρώπων
2973 1706 3079 1759 ὑπὸ
3106 1702 3313 1757 τούτων
3341 1698 3714 1769 ἠπατημένων
3739 1692 3913 1755 κακά,

637 1778 901 1835 auxilium
950 1782 1299 1851 confugiens,
1355 1798 1529 1852 eaque
1581 1786 1718 1840 bene
1772 1796 2217 1855 praztercurrens.

2637 1762 2802 1864 αύτά,
2833 1798 2939 1853 ὑπὸ
2972 1796 3075 1867 τὴν
3116 1794 3268 1847 θείαν
3297 1762 3604 1855 τεΙσκέπην
3664 1802 3914 1853 καταφυ-

641 1872 732 1927 lsti
764 1881 945 1926 autent
976 1874 1065 1944 qui
1105 1874 1563 1931 irrationabiliter
1591 1877 1802 1941 vivunt,
1848 1878 2029 1947 iisque
2062 1880 2220 1934 malis

637 1962 900 2019 audacter
938 1978 998 2019 se
1032 1964 1322 2033 objiciunt,
1370 1967 1471 2035 ipsi
1514 1983 1706 2036 poenas
1735 1984 1848 2024 suae
1896 1977 1950 2025 et
1992 1986 2218 2025 suorum

639 2066 973 2111 sectatorum
1008 2056 1181 2113 ruina:
1212 2059 1515 2127 spiritualis
1548 2061 1782 2116 solvent.

715 2234 879 2293 Vens.
899 2237 982 2293 I3.
1002 2238 1167 2309 Aufer
1190 2241 1551 2294 vestimentum
1577 2244 1716 2310 ejus,
1739 2244 2053 2309 prtelerierit
2084 2246 2220 2298 enim

637 2331 928 2401 injurioaus
981 2333 1072 2402 qui
1127 2334 1337 2404 quidem
1381 2335 1558 2389 aliena
1604 2345 1794 2389 vastel.
1858 2336 2222 2406 Corripiemlu

639 2423 789 2491 aperi
827 2440 1116 2481 sermones
1148 2434 1203 2481 et
1242 2426 1436 2497 agendi
1490 2428 1759 2481 rationem
1800 2429 2119 2483 mendacem
2154 2429 2224 2485 ab

638 2515 861 2572 homine
901 2518 995 2587 qui
1043 2534 1106 2573 ea
1138 2527 1198 2572 ut
1246 2519 1440 2588 pellem
1488 2519 1707 2573 ovinam
1753 2519 1948 2584 induit,
1998 2521 2222 2590 lupique

638 2624 793 2664 more
820 2611 1076 2665 credulas
1104 2613 1317 2666 animas
1350 2612 1513 2681 rapit.
1553 2612 1821 2667 Virtutem
1859 2613 2080 2681 quidem
2115 2629 2223 2683 pra:

637 2717 697 2754 se
730 2700 855 2764 fert,
901 2704 995 2757 sed
1029 2702 1192 2759 modo
1219 2705 1341 2774 ejus
1376 2704 1605 2760 fortnam
1632 2714 1923 2759 externam
1970 2706 2221 2761 interimi

637 2812 752 2850 suae
782 2799 1071 2853 sententia:
1104 2800 1413 2869 oppositam
1460 2801 1694 2871 accepit.
1726 2800 1827 2864 Qui
1863 2800 2027 2855 simul
2079 2803 2223 2856 veri-

634 2895 807 2939 tatem
860 2896 915 2942 et
950 2889 1209 2945 virtutem
1257 2889 1601 2954 dehonestat,
1635 2891 1831 2959 quierit
1881 2906 1987 2945 non
2026 2891 2222 2956 videri,

632 2986 689 3030 et
745 2979 1002 3034 mentitur
1060 2996 1275 3036 amtena
1336 2991 1389 3037 et
1452 2983 1691 3037 verenda
1757 2963 1939 3051 specie
2006 2985 2226 3038 virtutis

2323 1900 2458 1969 γὼν,
2489 1899 2583 1951 καὶ
2631 1894 2807 1948 ταῦτα
2840 1889 3059 1959 εὐφυῶς
3099 1882 3375 1957 μετελθών
3406 1899 3421 1912 ·
3455 1883 3502 1934 οἱ
3533 1881 3577 1932 δ’
3609 1877 3917 1945 ἀλογίστως

2326 1989 2599 2060 βιοῦντες,
2650 1982 2901 2055 θρασέως
2950 1979 3166 2035 τούτοις
3214 1972 3689 2043 ἐπιπηδήσαντες,
3755 1969 3916 2030 δίκας

2326 2082 2465 2151 ὑπέρ
2498 2097 2556 2132 τε
2593 2081 2692 2144 τῆς
2727 2073 2956 2136 ἑαυτῶν,
2987 2071 3084 2123 καὶ¹
3117 2072 3215 2136 τῆς
3243 2067 3353 2119 τῶν
3382 2064 3689 2117 διωκόντων
3714 2061 3917 2123 αὐτοὺς

2323 2173 2628 2243 ἀνθρώπιον
2659 2166 2901 2239 ψυχικῆς
2934 2162 3162 2233 βλάϐης,
3195 2158 3502 2227 ύιξέξουσιν.

2398 2262 2489 2332 ιγ’.
2537 2257 2787 2329 Ἀρελοῦ
2812 2257 2878 2308 τὸ
2915 2253 3149 2323 ἱμάτιον
3200 2247 3425 2303 αὐτοῦ’
3475 2244 3749 2312 παρῆλθε
3798 2243 3916 2311 γὰρ

2323 2351 2636 2420 ὑϐριστὴς,
2671 2350 2841 2413 ὅστις
2862 2347 2929 2400 τὰ
2961 2344 3254 2409 ἀλλότρια
3282 2339 3656 2407 λυμαίνεται.
3683 2334 3918 2405 Περίελε

2324 2446 2391 2499 δι’
2419 2444 2657 2511 ἐλέγχων
2685 2440 2746 2492 τὸ
2779 2434 3260 2508 ἐσχηματισμένον
3285 2430 3379 2484 τοῦ
3415 2430 3577 2498 λόγου
3603 2445 3661 2480 τε
3695 2427 3793 2479 καὶ
3816 2424 3916 2477 τοῦ

2324 2540 2551 2610 τρόπου,
2585 2532 2875 2605 ἀνθρώπου
2900 2530 2994 2584 τοῦ
3030 2525 3381 2593 ὲνδεδυμένου
3416 2523 3548 2576 αὐτὸ
3589 2516 3677 2573 οἷα
3701 2518 3917 2589 προϐά-

2325 2650 2419 2685 του
2466 2629 2651 2700 δοράν,
2693 2627 2787 2679 καὶ
2829 2626 2929 2686 τὰς
2959 2622 3070 2675 τῶν
3108 2617 3486 2688 εὐηθεστέρων
3515 2614 3713 2684 ψυχὰς,
3754 2611 3919 2679 δίκην

2326 2725 2489 2777 λύκου
2521 2716 2881 2791 ἁρπάζοντος·
2918 2711 3237 2783 παρέδραμε
3270 2709 3380 2776 γὰρ
3408 2707 3507 2775 τὴν
3542 2703 3769 2773 ἀρετὴν,
3811 2701 3917 2769 μό-

2327 2833 2417 2867 νον
2447 2813 2506 2865 τὸ
2541 2806 2997 2881 παρηλλαγμένον
3026 2803 3126 2870 τῆς
3169 2799 3564 2869 κεκρυμμένης
3594 2794 3764 2848 αὐτοῦ
3794 2793 3919 2846 δια-

2329 2905 2531 2966 θέσεως
2588 2900 2787 2965 ἔξωθεν
2824 2897 3010 2966 σχῆμα
3060 2892 3231 2960 αὐτῆς
3285 2888 3585 2960 μετελθὼν,
3642 2888 3787 2946 ὅστις
3830 2886 3921 2937 ὲν-

2329 2996 2518 3051 τεῦοεν
2586 2988 2905 3058 καθυϐρίζει
2959 2987 3057 3055 τὴν
3114 2982 3373 3053 ἀλήθειαν
3418 2980 3511 3032 καὶ
3565 2978 3626 3031 τὸ
3678 2975 3916 3043 ἀγαθόν’

634 3071 794 3140 louge
830 3087 858 3123 a
893 3088 952 3127 se
989 3074 1215 3141 alienae;
1245 3089 1365 3142 qua:
1396 3075 1477 3130 sic
1511 3074 1695 3130 habita
1720 3074 1947 3129 omnino
1980 3090 2223 3130 corrum-

2331 3084 2627 3155 ἐπιχειρῶν
2655 3097 2714 3132 τε
2750 3077 3032 3131 λανθάνειν
3066 3074 3162 3126 καὶ
3193 3068 3489 3138 ἀπατηλῶς
3514 3066 3836 3137 περιφέρων
3858 3065 3921 3116 τὺ

635 3163 800 3232 pitur.

704 3430 871 3487 Vens.
916 3432 1002 3485 M.
1046 3431 1152 3496 Qui
1197 3431 1521 3485 benedixerit
1569 3431 1800 3483 amicum
1837 3447 1990 3485 mane
2029 3432 2219 3502 grandi

632 3540 774 3588 voce,
814 3542 847 3579 a
878 3525 1223 3579 maledicente
1264 3524 1397 3578 nihil
1429 3524 1644 3592 di/ferre
1676 3524 1904 3577 videtur.
1943 3523 2046 3590 Qui
2085 3525 2222 3579 ami-

632 3633 757 3672 cum
790 3634 953 3673 suum
984 3628 1239 3689 prompte
1274 3627 1328 3673 et
1362 3618 1541 3688 palam
1564 3618 1771 3683 laudat,
1806 3619 1969 3688 eique
1994 3618 2223 3689 profun-

630 3711 762 3765 dum
790 3712 1014 3777 vulnus,
1047 3718 1225 3764 ortam
1256 3725 1323 3765 ex
1346 3708 1601 3763 laudibus
1624 3710 1965 3780 superbiam,
1999 3710 2221 3780 ingerit,

631 3803 771 3857 nihil
797 3802 1021 3857 diﬂerre
1048 3818 1077 3856 a
1119 3801 1481 3857 maledicente
1519 3799 1857 3870 judicandus
1882 3811 1984 3857 est.
2037 3802 2225 3857 Nemi-

630 3911 756 3950 nem
795 3895 1013 3950 beatum
1055 3905 1183 3950 ante
1214 3904 1445 3949 mortem
1481 3891 1725 3959 dixeris,
1770 3906 1995 3964 propter
2037 3902 2223 3949 muta-

635 3988 798 4042 bilem
834 3988 1201 4041 voluntatem.

707 4081 876 4137 Vzns.
924 4082 1008 4135 15.
1048 4080 1341 4136 Stillicidia
1386 4084 1606 4153 ejiciuut
1652 4084 1914 4138 hominem
1954 4084 2019 4138 de
2067 4084 2224 4138 domo

632 4190 730 4227 sua
769 4175 825 4227 in
866 4174 951 4227 die
990 4175 1228 4239 hiemali,
1265 4177 1517 4231 similiter
1544 4187 1594 4231 et
1640 4177 1833 4231 mulier
1863 4176 2124 4231 maledica
2160 4175 2224 4231 de

631 4267 847 4334 propria
873 4268 1052 4320 domo.
1091 4268 1331 4321 Verbum
1365 4267 1459 4322 Dei
1488 4269 1557 4323 de
1585 4270 1729 4324 coelo
1759 4269 2042 4339 delapsum
2080 4285 2229 4323 men-

636 4364 744 4411 t‘cm
782 4358 1023 4413 hominis
1053 4358 1297 4413 tribulati
1329 4375 1496 4428 supra
1527 4377 1733 4430 corpus
1776 4364 1828 4416 in
1867 4377 1978 4433 quo
2014 4363 2225 4417 habitat

2320 3182 2417 3249 τῆς
2461 3169 2901 3244 ἠλλοτριωμένης
2932 3166 2991 3229 ἐξ
3032 3161 3197 3217 αὑτοῦ
3258 3161 3460 3229 ἀρετῆς
3507 3158 3773 3228 μειλίχιον
3820 3156 3921 3209 καὶ

2326 3270 2520 3340 σεμνόν
2543 3283 2557 3296 ’
2590 3265 2735 3332 άπερ
2763 3261 2979 3318 πάντως
3012 3257 3105 3308 καὶ
3143 3251 3451 3322 διαφθείρει
3492 3253 3549 3303 ἐν
3581 3250 3656 3319 τῷ
3681 3264 3924 3301 τοιουτο-

2324 3361 2542 3431 τρόπως
2572 3352 2895 3424 περιφέρειν
2925 3349 3084 3402 αὑτά.

2401 3452 2479 3505 ιδ’.
2514 3451 2619 3513 Ὃς
2647 3445 2724 3499 ἂν
2756 3440 3001 3510 εὐλογεῖ
3049 3440 3234 3507 φίλον
3264 3439 3330 3490 τὸ
3376 3435 3527 3503 πρωῒ
3580 3433 3815 3503 μεγάλῃ
3845 3428 3923 3499 τῇ

2329 3540 2520 3614 φωνῇ,
2555 3535 2976 3605 καταρωμένου
3003 3532 3185 3587 οὐδὲν
3238 3530 3546 3598 διαφέρειν
3592 3526 3778 3590 διέξει.
3821 3526 3923 3584 '0:

2329 3636 2395 3690 ἂν
2421 3633 2630 3703 ταχέως
2656 3630 2716 3682 ὃν
2740 3627 2932 3697 ἀγαπᾷ
2963 3626 3175 3677 ἐπαινεῖ
3221 3625 3301 3686 εἰς
3331 3623 3392 3675 τὸ
3426 3620 3683 3690 φανερὸν,
3745 3617 3926 3687 μεγά-

2326 3725 2426 3795 λην
2461 3720 2665 3793 βλάϐην
2710 3718 2931 3782 ὲπάγων
2958 3712 3110 3782 αύτῷ
3138 3752 3153 3774 ,
3213 3714 3312 3783 τὴν
3356 3711 3465 3766 ἀπὸ
3517 3711 3628 3762 τῶν
3676 3708 3925 3761 ἐπαίνων

2328 3813 2613 3881 φυσίωσιν,
2643 3806 3047 3876 κατευχομένου
3087 3804 3241 3857 οὐδὲν
3284 3802 3567 3871 διαφέρειν
3603 3798 3929 3868 ὐποληφθή-

2329 3922 2520 3959 σεται·
2547 3904 2628 3956 διδ
2659 3903 2721 3956 οὐ
2744 3902 2825 3954 δεῖ
2856 3899 2963 3971 πρὸ
2988 3898 3253 3965 τελευτῆς
3290 3894 3619 3966 μακαρίζειν
3656 3892 3806 3955 τινὰ,
3835 3890 3928 3945 διὰ

2327 3998 2390 4050 τὸ
2422 3996 2520 4063 τῆς
2550 3992 2926 4064 προαιρέσεως
2957 3989 3334 4043 εύαλλοίωτον.

2404 4083 2484 4137 ιε’.
2510 4083 2806 4150 Σταγόνες
2841 4078 3256 4133 ἐκϐάλλουσιν
3284 4076 3600 4143 ἄνθρωπον
3630 4073 3700 4125 ἐν
3730 4069 3927 4140 ἡμέρᾳ

2330 4169 2635 4243 χειμερινῇ
2661 4170 2730 4223 ἐκ
2751 4168 2857 4223 τοῦ
2889 4168 3061 4220 οἴκου
3087 4165 3272 4219 αὑτοῦ
3293 4182 3304 4195 ·
3335 4166 3621 4229 ὡσαύτως
3639 4163 3734 4216 καὶ
3762 4163 3925 4230 γυνὴ

2329 4263 2609 4330 λοίδορος
2631 4263 2699 4315 ἐκ
2733 4260 2841 4315 τοῦ
2870 4260 3026 4314 ἰδίου
3056 4259 3248 4312 οἴκου.
3283 4258 3347 4310 Oi
3388 4255 3593 4309 ἄνωθεν
3624 4256 3927 4324 φερόμενοι

2333 4355 2465 4407 θεῖοι
2488 4354 2660 4421 λόγοι,
2693 4351 2786 4406 τὸν
2820 4350 3108 4421 ἄνθρωπον
3145 4351 3203 4401 ὲν
3237 4346 3415 4418 καιρῷ
3466 4345 3806 4416 πειρασμοῦ,
3836 4345 3927 4408 ἐξ-

636 4449 853 4503 cxtollit
888 4450 1134 4520 illudque
1173 4449 1592 4521 despiciendam
1632 4453 1793 4509 docet
1820 4469 1932 4524 prae
1972 4456 2223 4510 mercede

2339 4445 2527 4497 ιστῶσι
2576 4442 2719 4496 κατά
2751 4440 2900 4507 νοῦν,
2934 4442 3143 4511 σαρκὸς
3167 4440 3227 4491 ὲν
3324 4438 3600 4508 παροικεῖ·
3634 4434 3925 4497 πείθοντες

637 4530 850 4595 futura.
885 4541 1097 4597 Sensus
1126 4550 1331 4607 autem,
1362 4544 1698 4598 calumniata
1732 4555 1955 4616 propter
1978 4545 2225 4600 laborem

640 4633 996 4688 inhaerentem
1056 4633 1281 4696 virtute,
1340 4634 1394 4687 in
1443 4649 1507 4689 ea
1546 4649 1902 4703 perseverare
1944 4643 2222 4699 amovent,

643 4724 1047 4793 prohibentque
1114 4724 1236 4793 ejus
1278 4723 1629 4782 diﬂicultates
1687 4726 1962 4796 superari.
2002 4725 2221 4781 Utinam

639 4815 878 4885 quisque
913 4815 1277 4871 mutationem
1324 4817 1610 4872 meliorem
1647 4817 1864 4881 subeat,
1889 4818 2225 4873 deteriorem

641 4921 749 4961 non
778 4906 1061 4977 patiatur!
1103 4906 1217 4962 haec
1258 4908 1404 4962 enim
1446 4909 1686 4963 animam
1732 4908 1800 4964 ad
1835 4908 2003 4965 Deum
2047 4909 2227 4964 elevat

639 5014 920 5068 t'vgttnque
971 4999 1091 5067 eius
1138 4998 1354 5069 dignam
1408 4998 1596 5066 efficit,
1646 5000 1816 5054 altera
1865 5016 1993 5057 vero
2036 5000 2228 5072 dejicit

640 5092 706 5145 ad
746 5100 948 5145 terram
972 5099 1025 5145 et
1058 5092 1123 5143 ad
1155 5091 1460 5161 gehennam
1488 5090 1843 5146 condemnat.

714 5358 878 5415 Vens.
938 5358 1023 5411 16.
1069 5359 1261 5427 Aquilo
1304 5358 1473 5412 durus
1524 5371 1729 5421 ventus,
1784 5359 1992 5413 nomine
2024 5368 2224 5427 autem,

639 5447 824 5501 dextrr
853 5460 1091 5503 vocatur.
1128 5449 1304 5519 Supra
1334 5464 1486 5503 mare
1522 5449 1687 5518 hujus
1717 5449 1860 5513 vitae,
1896 5464 2049 5505 more
2080 5452 2227 5505 venti

646 5540 940 5608 aquilonis,
968 5540 1199 5610 spiritus
1237 5540 1633 5610 nequissimus,
1662 5540 1923 5596 excitatis
1966 5540 2228 5597 ﬂuctibus

642 5631 984 5700 probationis
1016 5641 1070 5687 et
1111 5639 1293 5685 mente
1330 5631 1554 5701 agitata,
1591 5646 1741 5686 nunc
1771 5632 1969 5687 animm
1997 5634 2226 5689 insidia-

642 5731 731 5776 tur
776 5723 982 5778 odiosis
1020 5724 1305 5792 perii-tilia,
1345 5736 1487 5776 nunc,
1526 5737 1681 5778 carm
1738 5724 2102 5782 illecebrosis.
2146 5726 2221 5781 Ex

2330 4537 2522 4590 τοῦτον
2562 4536 2765 4605 ταύτης
2805 4535 3108 4604 ὑπερορᾷν,
3161 4532 3248 4584 διά
3278 4532 3377 4602 τὴν
3414 4531 3716 4601 μέλλουσαν
3757 4529 3923 4599 μισθ-

2332 4627 2626 4680 αποδοσίαν
2650 4642 2664 4656 ο
2699 4624 2960 4686 ὡσαύτως
2993 4623 3049 4675 δὲ
3079 4624 3172 4675 καὶ
3194 4622 3227 4690 ὴ
3258 4620 3535 4689 αἴσθησις,
3585 4620 3685 4689 τὴν
3718 4619 3926 4689 ἀρετὴν

2331 4718 2421 4771 διά
2441 4719 2503 4770 τὸ
2533 4718 2788 4770 ἐπίπονον
2820 4713 3202 4777 διαϐάλλουσα,
3241 4713 3341 4783 τῆς
3369 4713 3425 4763 ὲν
3450 4711 3626 4783 ταύτῃ
3656 4710 3929 4779 διαμονῆς

2332 4809 2497 4861 αὐτὸν
2556 4806 2765 4877 tem-ce,
2804 4807 2921 4867 τοῖς
2980 4804 3165 4866 πόνοις
3201 4804 3276 4874 μὴ
3305 4805 3666 4876 ἐγκαρτερεῖν
3690 4803 3928 4855 ἀναπεί-

2332 4895 2500 4948 θουσα
2524 4912 2538 4927 σ
2571 4894 2657 4963 εἴη
2692 4893 2748 4946 δὲ
2774 4891 3050 4963 ἀνθρώπῳ
3114 4893 3279 4945 παντὶ
3310 4892 3544 4961 πάσχειν
3589 4893 3690 4962 τὴν
3735 4892 3927 4959 κρείτ-

2330 5003 2459 5039 τονα
2484 4985 2762 5046 ἔκστασιν,
2801 4986 2895 5036 καὶ
2924 4982 2998 5054 μὴ
3022 4982 3313 5052 πειρᾶσθαι
3345 4983 3443 5051 τῆς
3472 4982 3736 5051 χείρονος
3767 4986 3801 5051 ή
3831 4983 3930 5050 μὲν

2330 5082 2439 5150 γάρ
2475 5081 2668 5146 ἀνάγει
2699 5078 2792 5130 τὸν
2822 5078 2947 5129 νοῦν
2985 5077 3120 5145 πρὸς
3162 5076 3317 5137 Θεὸν,
3356 5076 3453 5127 καὶ⁸
3504 5074 3605 5143 τῆς
3645 5074 3930 5143 βασιλείας

2334 5171 2500 5226 αὑτοῦ
2525 5170 2666 5235 ἀξιοῖ
2685 5186 2697 5198 ⁸
2740 5171 2773 5239 ἡ
2802 5169 2857 5222 δὲ
2881 5168 3020 5238 πρὸς
3046 5167 3151 5237 γῆν
3180 5167 3462 5237 κατασπᾷ,
3494 5166 3590 5218 καὶ
3616 5166 3927 5218 καταδικά-

2330 5265 2413 5329 ζει
2439 5267 2519 5328 είς
2549 5264 2795 5333 γέενναν.

2408 5365 2502 5424 ις’.
2533 5356 2758 5425 Βορέας
2800 5351 3076 5419 σκληρός
3101 5350 3323 5419 ᾶνεμος
3344 5367 3355 5378 ·
3409 5350 3653 5417 ὀνόματι
3680 5348 3771 5411 δὲ,
3796 5350 3924 5402 itm-

2330 5448 2529 5515 δέξιος
2572 5445 2866 5501 καλεῖται.
2902 5444 2974 5496 Τὸ
3002 5443 3145 5496 κατὰ
3199 5440 3298 5509 τὴν
3335 5440 3429 5493 τοῦ
3473 5438 3591 5509 βίου
3618 5439 3924 5503 θάλασσαν),

2330 5539 2487 5609 δίκην
2512 5537 2719 5607 ἀνέμου
2746 5536 2941 5607 βορέου
2976 5534 3264 5604 ἀνεγεῖρον
3299 5532 3547 5584 κλύδωνα
3567 5532 3923 5601 πειρασμῶν,

2332 5632 2425 5683 καὶ
2451 5630 2712 5701 χειμάζον
2731 5628 2829 5691 τὰς
2858 5626 3044 5697 ψυχάς
3077 5623 3299 5693 πνεῦμα
3325 5623 3427 5692 τῆς
3462 5625 3752 5693 πονηρίας,
3773 5625 3927 5675 ἀντι-

2338 5724 2501 5788 nti;
2558 5722 2795 5795 ὑπάρχει
2826 5724 2890 5793 τῇ
2934 5720 3030 5791 μὲν
3080 5718 3250 5790 ψυχῇ,
3318 5718 3429 5782 τοῖς
3477 5717 3759 5780 dixe-.3592;
3808 5733 3923 5771 πει-
