4220 6462
307 337 437 399 1507

304 450 555 516 ρασμοίς,
580 445 691 505 τοῖς
727 443 989 505 ἑκουσίοις
1020 442 1077 495 δὲ
1105 445 1170 512 τῇ
1205 446 1365 512 σαρκί
1386 462 1398 473 ’

302 532 560 593 ἑκούσιοι,
591 534 638 583 εἰ
656 533 747 583 καὶ
781 532 1191 599 περιποιοῦνται
1219 534 1413 603 ἡδονὴν
1436 536 1501 602 τῇ
1528 536 1709 602 σαρκὶ,
1739 534 1872 587 ἀλλά

302 638 363 688 γε
396 622 429 690 ἠ
460 621 627 690 ψύχη,
660 620 736 690 τῷ
765 620 858 673 τοῦ
894 621 1191 685 συνειδότος
1248 624 1341 675 ἐπὶ
1378 623 1585 684 τούτοις
1644 625 1870 693 ἐλέγχῳ,

301 712 396 762 καὶ
429 711 507 780 τῷ
536 711 645 763 τῶν
696 711 1003 779 μελλουσῶν
1054 712 1331 765 κολάσεων
1385 712 1559 781 φόϐῳ,
1600 714 1699 765 οὐκ
1741 715 1875 768 ἀνα-

305 802 535 853 παύεται
557 817 568 831 ·
603 801 651 852 οί
677 800 721 852 δ’
751 802 1020 865 ἀκούσιοι,
1058 804 1107 855 εί
1159 803 1253 855 καὶ
1290 807 1357 874 τῇ
1390 804 1563 856 ἑλπίδι
1617 804 1717 874 τῆς
1765 805 1876 858 τῶν

305 890 609 958 μελλόντων
640 890 860 958 ἀγαθῶν
915 893 1340 963 μισθαποδοσίας
1390 895 1745 965 εὐφραίνουσι
1777 900 1879 965 τὴν

301 980 500 1048 ψυχὴν,
557 980 674 1032 ἀλλ’
712 983 745 1049 ἡ
778 982 915 1051 σάρξ
974 982 1314 1052 δυσχεραίνει
1358 984 1451 1036 ἐπὶ
1493 985 1568 1053 τῷ
1636 985 1878 1054 ὲπιπόνῳ

302 1073 368 1124 αὑ
382 1072 509 1123 τῶν
535 1072 823 1141 ἀμφότερα
845 1073 901 1125 δὲ
939 1074 1005 1125 τά
1037 1071 1261 1125 τοιαῦτα
1286 1073 1400 1143 εἴδη
1430 1072 1539 1125 τῶν
1558 1075 1877 1144 πειρασμῶν

301 1163 557 1232 περιέπει
590 1163 909 1233 κακούργως
934 1167 961 1217 ὁ
992 1165 1229 1234 Πονηρὸς
1252 1181 1266 1196 ·
1292 1164 1354 1216 τὸ
1386 1164 1484 1233 μὲν
1508 1166 1751 1233 ἐπαίρων
1781 1166 1876 1217 καὶ

300 1253 611 1321 διερεθίζων
640 1252 738 1322 τῆν
775 1253 975 1322 ψυχὴν,
1011 1254 1401 1323 μηχανώμενος
1450 1254 1662 1322 ἡδοναῖς
1691 1254 1875 1324 σώμα-

300 1356 389 1400 τος
420 1339 725 1409 ἀποστῆσαι
756 1340 856 1407 τῆς
897 1342 1045 1404 Οείας
1080 1344 1298 1410 ἀγάπης
1326 1343 1424 1412 τὴν
1456 1343 1641 1409 ἔφεσιν
1663 1361 1677 1375 ·
1705 1345 1764 1396 τὸ
1797 1345 1874 1409 δὲ,

302 1437 633 1501 σοφιστικῶς
665 1436 1067 1505 ἐξαιτούμενος,
1098 1437 1172 1499 ὡς
1195 1437 1261 1489 δι’
1290 1438 1483 1507 ὀδύνης
1524 1436 1742 1507 φθεῖραι
1779 1437 1877 1509 τὴν

1330 336 1740 397 COMMENTA
1754 336 1862 395 RIl
1912 337 1990 396 ΙΝ
2031 338 2484 400 PROVERBIA.

3430 346 3556 400 1m.-

1440 446 1531 497 καὶ
1564 446 1671 515 γὰρ
1703 446 1751 497 οἱ
1783 446 1878 513 μὲν

1994 446 2335 500 illecebrosis
2393 448 2566 509 enim,
2603 457 2705 500 etsi
2759 455 2989 515 gaudeat
3045 462 3193 514 caro,
3236 448 3413 501 anima
3450 467 3566 518 qua-

1975 538 2311 590 conscientia
2338 541 2636 601 tuordetur,
2669 539 3020 607 futuramque
3041 555 3255 608 pinnam
3289 540 3569 609 formidat,

1978 626 2203 679 minime
2254 628 2527 695 quiescit;
2582 644 2643 681 ex
2682 630 2895 683 odiosis
2932 639 3137 692 autem,
3188 629 3313 681 licet
3363 629 3571 683 la‘tclur

1978 733 2135 772 mens
2163 734 2285 785 ουδ’
2329 727 2514 788 sperat
2555 719 2695 772 bona
2746 721 2930 771 lntnra
2982 721 3035 773 in
3082 720 3365 787 praemium
3412 721 3571 773 retri-

1981 806 2218 869 bnenda,
2255 820 2384 859 caro
2424 818 2732 860 murmurat
2769 815 2992 874 propter
3043 808 3312 861 laborem.
3348 805 3568 860 Utram-

1979 912 2086 967 que
2145 899 2338 951 liarum
2399 898 2759 951 tentationum
2815 900 3010 952 faciem
3064 899 3321 952 diabolus
3383 906 3569 952 astute

1975 988 2269 1057 expandit;
2299 989 2462 1043 modo
2507 990 2743 1043 animam
2774 991 2987 1043 extollit
3016 998 3071 1044 et
3106 990 3372 1055 incendit,
3417 1006 3568 1045 cani-

1974 1096 2081 1151 que
2136 1082 2455 1136 carnalibus
2510 1083 2895 1150 voluptatibus
2950 1090 3124 1137 tentat
3175 1086 3455 1137 remittere
3501 1084 3569 1133 ali

1974 1173 2171 1227 ardore
2215 1172 2416 1227 divina:
2451 1175 2771 1237 cliaritatis;
2804 1174 2965 1227 modo
3008 1174 3279 1227 malitiose
3321 1174 3570 1243 queritur

1976 1273 2223 1316 naturam
2260 1263 2450 1318 dolore
2472 1265 2705 1323 conteri,
2740 1264 3047 1332 animatque
3080 1265 3275 1318 suadet
3303 1273 3361 1316 ut
3396 1264 3565 1315 male-

1982 1355 2128 1407 dicat
2155 1354 2426 1418 Creatori,
2451 1367 2615 1425 atque
2644 1357 2862 1410 devicta
2889 1354 3104 1409 defectu
3131 1356 3336 1409 laboris
3367 1356 3420 1409 in
3453 1370 3568 1407 ser-

1981 1445 2209 1498 vitutem
2238 1447 2539 1515 redigatur.

302 1535 464 1597 φύσιν
517 1537 840 1606 βουλόμενος
896 1538 981 1590 ἵνα
1022 1537 1277 1606 βιάσηται
1307 1537 1403 1608 τὴν
1438 1538 1637 1607 ψυχὴν,
1678 1538 1867 1607 ἀτονία
1934 1540 2114 1594 πόνων
2165 1542 2622 1612 καταϐληθείσαν,
2661 1544 2799 1613 πρὸς
2851 1544 2948 1615 τὴν
2978 1543 3072 1598 τοῦ
3115 1545 3413 1602 κτίσαντος
3451 1540 3568 1594 δια-

303 1624 465 1695 ϐολὴν
496 1632 715 1689 κινῆσαι
743 1634 869 1694 τοὺς
896 1631 1208 1700 λογισμούς.

373 1722 457 1785 ιζ’.
482 1721 735 1789 Σίδηρος
776 1722 1028 1787 σίδηρον
1066 1720 1270 1785 ὀξύνει
1296 1735 1309 1749 ’
1353 1719 1506 1787 ἀνὴρ
1531 1719 1598 1773 δε
1618 1721 1878 1789 παροξύ-
1912 1729 1952 1783 Β

300 1831 387 1867 νει
415 1814 741 1879 πρόσωπον
781 1812 1009 1880 ἐτέρου.
1057 1814 1271 1883 Σιδήρῳ
1322 1812 1421 1882 μὲν
1445 1813 1799 1882 χαλκευτικόν
1827 1830 1882 1868 τι

304 1908 546 1975 σιὶήριον
578 1905 1051 1976 παρατριϐόμενον
1105 1905 1392 1975 τεχνικῶς,
1444 1905 1631 1958 τοῦτον
1663 1906 1840 1970 όξύνει
1867 1923 1880 1936 ·

298 1998 447 2068 ψυχὴ
473 1998 527 2050 δὲ
553 1997 799 2068 ἀνδρεία,
831 1998 925 2049 καὶ
968 1996 1104 2067 πρὸς
1155 1996 1353 2060 πόνους
1388 1997 1685 2060 ἀνένδοτος,
1714 1998 1884 2067 αὐτὴν

300 2090 401 2160 τὴν
453 2088 712 2157 συνεργὸν
769 2088 904 2159 αὐτῇ
958 2090 1135 2159 σάρκα
1180 2091 1300 2141 κατ’
1345 2090 1686 2160 ἐπιστήμονα
1727 2087 1883 2156 λόγον

300 2181 664 2246 λεπτύνουσα,
692 2181 949 2251 διεγείρει
972 2183 1108 2252 πρὸς
1133 2182 1355 2253 ἀρετήν.

373 2277 465 2342 ιη’.
495 2273 601 2338 ’ος
620 2273 907 2340 φυτεύσει
936 2271 1160 2337 συκῆν,
1194 2271 1441 2341 φάγεται
1465 2270 1606 2337 τοὺς
1621 2270 1886 2339 καρποὺς

300 2362 494 2431 αὐτῆς
518 2379 530 2392 ·
562 2363 629 2429 ὃς
646 2364 715 2416 δὲ
736 2363 1043 2432 φυλάσσει
1065 2364 1170 2416 τὸν
1192 2363 1409 2417 ἑαυτοῦ
1440 2363 1658 2430 Κύριον
1683 2402 1696 2427 ,
1720 2378 1886 2430 τιμη-

303 2450 571 2517 θήσεται.
614 2450 674 2503 '0
711 2450 803 2503 τὸν
829 2450 971 2504 θεῖον
1000 2450 1157 2519 λόγον
1186 2450 1581 2520 καταφυτεύων
1610 2453 1674 2522 τῇ
1705 2451 1886 2503 πίστει

303 2544 362 2595 ὲν
394 2544 462 2612 τῇ
485 2542 630 2613 ψυχῇ
664 2541 853 2607 αὑτοῦ,
884 2544 1043 2614 δίκην
1082 2545 1253 2615 συκῆς
1297 2546 1531 2616 φέροντα
1566 2547 1777 2615 καρπὸν
1810 2545 1888 2615 τῷ

304 2631 458 2701 φόϐῳ
499 2632 608 2684 τῶν
638 2632 899 2697 ἀπειλῶν,
930 2634 1155 2705 ὕστερον
1210 2637 1267 2689 δὲ
1316 2637 1681 2705 γλυκαίνοντα
1729 2638 1888 2706 δίκην

307 2722 545 2793 μέλιτος,
575 2725 639 2794 τῇ
673 2723 850 2777 ἑλπίδι
885 2724 995 2779 τῶν
1018 2726 1381 2794 ἐπαγγελιῶν,
1433 2727 1735 2782 ἀπολαύσει
1762 2728 1887 2780 τού-

302 2832 397 2869 του
429 2815 535 2879 ἔξω
582 2817 783 2887 σαρκὸς
820 2817 963 2870 κατά
1016 2819 1214 2889 πρᾶξιν
1246 2820 1545 2889 γενόμενος
1570 2837 1583 2851 ο
1612 2821 1887 2891 γευσάμε-

303 2907 394 2969 νός
416 2923 476 2959 τε
500 2908 596 2961 καὶ
630 2908 817 2977 μαθὼν
838 2911 901 2962 ὲκ
930 2910 1028 2979 τῆς
1084 2912 1281 2981 πείρας
1311 2912 1503 2981 αὐτῆς,
1536 2915 1616 2967 ὅτι
1651 2915 1890 2984 χρηστὸς

303 3000 331 3051 6
366 2998 591 3070 Κύριος
616 3002 644 3052 6
666 3001 722 3053 δὲ
756 3001 942 3073 τηρῶν
971 3002 1061 3055 τὸν
1100 3003 1265 3056 αὑτοῦ
1301 3004 1545 3074 ἡγεμόνα
1611 3006 1736 3057 νοῦν
1781 3006 1889 3059 ἀπὸ

2050 1721 2216 1779 Vens.
2251 1724 2334 1777 l7.
2381 1723 2605 1775 Ferrum
2632 1724 2773 1776 acuit
2802 1724 3026 1791 ferrum,
3053 1724 3127 1778 vis
3159 1734 3336 1779 autent
3361 1729 3573 1780 exacuit

1987 1816 2179 1885 facient
2214 1817 2393 1869 amici.
2431 1814 2656 1868 Ferrum
2701 1831 2911 1870 aeneum
2943 1816 3013 1870 ab
3047 1817 3259 1871 artiﬁce
3292 1818 3437 1872 ferro
3471 1822 3573 1872 tri-

1985 1916 2142 1966 tnui,
2197 1905 2327 1958 illtid
2378 1906 2525 1957 acuit
2570 1920 2582 1955 :
2628 1906 2712 1959 sic
2766 1908 2975 1958 amicus
3025 1907 3198 1960 virilis
3252 1907 3575 1977 patiensque

1984 2001 2191 2056 laboris
2215 2016 2415 2070 corpus
2439 2016 2563 2053 cum
2590 2015 2701 2070 quo
2731 2000 2946 2054 laborat
2980 2000 3328 2057 inacilentius
3356 2004 3575 2072 sapic-n-

1985 2100 2068 2145 ter
2106 2091 2301 2151 reddit.
2337 2091 2640 2159 virtutique
2673 2092 2877 2159 aptius.

2059 2265 2220 2321 Vnus.
2249 2266 2333 2321 18.
2361 2267 2464 2333 Qui
2493 2268 2700 2336 plantat
2732 2269 2914 2336 ficum,
2938 2271 3169 2323 comedet
3194 2269 3401 2337 fructus
3420 2274 3573 2337 (jus;

1984 2359 2075 2427 qui
2110 2368 2283 2411 autem
2314 2360 2544 2411 custodit
2580 2359 2865 2412 Dominum
2898 2376 3072 2425 suum,
3107 2360 3570 2427 ltouorificabitur.

1987 2449 2043 2505 Si
2071 2451 2119 2502 vi
2153 2451 2273 2505 liilei
2296 2451 2349 2504 in
2375 2452 2555 2504 anima
2582 2459 2672 2503 tua
2695 2452 2993 2505 inserueris
3018 2451 3241 2506 verbum
3267 2449 3385 2513 Dei,
3404 2451 3571 2514 quod,

1989 2542 2134 2597 sicut
2184 2544 2344 2605 licus,
2374 2543 2586 2596 fructus
2617 2545 2901 2610 producet,
2949 2552 3166 2612 propter
3214 2541 3572 2595 formidinem

1990 2637 2288 2700 minarum,
2338 2643 2395 2688 et
2436 2633 2635 2689 deinde
2665 2645 2883 2703 propter
2923 2650 3077 2705 spem
3116 2636 3386 2689 mercedis
3430 2634 3578 2688 sicut

1992 2726 2096 2780 mel
2123 2725 2525 2788 dulcescet,his
2552 2724 2829 2780 fructibus
2858 2726 3110 2780 elevatus
3146 2741 3311 2796 supra
3347 2741 3570 2780 carnem

1992 2817 2045 2870 in
2082 2817 2313 2886 agendo,
2355 2828 2404 2871 et
2443 2817 2695 2887 gustatus
2729 2827 2987 2887 expertus
3018 2819 3137 2888 ipse
3171 2817 3429 2888 quoniam
3479 2818 3576 2870 bo-

1994 2923 2096 2961 nus
2127 2907 2414 2962 Dominus.
2444 2908 2500 2961 Si
2526 2910 2649 2977 quis
2688 2909 2933 2962 animum
2962 2926 2992 2963 a
3020 2924 3130 2979 quo
3162 2911 3370 2980 regitur
3394 2924 3578 2964 serva-

1992 3001 2130 3054 verit
2164 3001 2397 3055 illzesum
2429 3016 2457 3054 a
2503 3018 2683 3057 rerum
2716 3004 3051 3059 exteriorum
3082 3002 3438 3071 deceptione,
3486 3001 3577 3055 ille

301 3091 402 3160 τῆς
465 3093 574 3145 τῶν
629 3094 972 3163 φαινομένων
1014 3095 1223 3164 πλάνης
1251 3096 1725 3158 ἀνεπιϐούλευτον,
1784 3097 1887 3161 ἔξω

1990 3095 2449 3163 contemplatione
2503 3104 2657 3149 extra
2720 3096 2988 3150 mundum
3031 3111 3385 3167 progressus,
3427 3103 3480 3149 ct
3520 3096 3575 3148 itt

304 3178 513 3247 κόσμου
544 3181 684 3233 κατά
722 3181 955 3251 Θεωρίαν
1007 3183 1317 3252 γενόμενος,
1354 3185 1448 3238 καὶ
1475 3187 1532 3237 ὲν
1569 3184 1687 3253 Θεῷ
1727 3204 1888 3239 κατα-

304 3266 541 3333 παύσας,
567 3268 959 3341 δοξασθήσεται
993 3273 1050 3323 ὲν
1077 3271 1153 3342 τῷ
1174 3272 1405 3343 ὀφθῆναι
1428 3273 1576 3344 αύτῷ
1596 3274 1695 3343 τὴν
1726 3275 1887 3339 δόξαν

302 3358 493 3414 αὑτοῦ.

381 3450 464 3506 ιϐ’.
496 3451 727 3519 Ὠσπερ
767 3454 879 3521 Οὐχ
940 3452 1113 3522 ὅμοια
1169 3456 1461 3524 πρόσωπα
1518 3459 1883 3527 προσώποις,

302 3542 494 3606 οὕτως
521 3540 664 3595 οὐδὲ
695 3543 755 3594 αἱ
785 3541 1017 3610 καρδίαι
1074 3544 1192 3597 τῶν
1229 3546 1579 3614 ἀνθρώπων.
1616 3551 1888 3621 Καθάπερ

303 3632 553 3703 διάφοροι
582 3632 691 3685 τῶν
720 3632 1032 3703 προσώπων
1058 3636 1105 3687 οἱ
1132 3638 1503 3708 χαρακτῆρες,
1536 3640 1886 3693 διαλλάττον-

302 3740 396 3785 τες
451 3724 595 3775 κατά
644 3724 713 3776 τὰ
752 3723 1034 3794 ἀχώριστα
1096 3728 1505 3798 συμϐεϐηκότα,
1536 3731 1597 3783 τό
1628 3748 1687 3783 τε
1730 3732 1887 3799 σιμὸν

302 3814 491 3868 καὶτὸ
534 3816 768 3883 γρυπὸν,
821 3817 881 3869 τὸ
936 3816 1129 3870 λευκὸν
1178 3821 1273 3871 καὶ
1314 3821 1376 3873 τὸ
1414 3822 1603 3891 μέλαν,
1671 3826 1764 3877 καὶ
1820 3824 1888 3877 τά

302 3906 487 3975 ὅμοια,
534 3906 679 3960 οὕτω
727 3908 1106 3961 διαλλάττουσι
1141 3912 1235 3963 καὶ
1255 3914 1308 3963 αἱ
1334 3913 1441 3965 τῶν
1480 3912 1667 3982 ψυχῶν
1710 3914 1887 3967 διαθέ-

305 4016 419 4061 σεις
461 4000 603 4052 κατά
637 4000 734 4063 τάς
764 4000 1056 4071 διαφόρους
1106 4004 1501 4073 προαιρετικάς
1549 4005 1748 4075 ἀρετὰς
1795 4007 1888 4059 καὶ

304 4106 527 4151 κακιας.

374 4185 445 4232 κ’,
483 4177 669 4247 ’ᾼὸης
690 4178 786 4231 καὶ
810 4178 1077 4233 ἀπώλεια
1104 4181 1215 4233 οὐκ
1243 4181 1670 4250 ἐμπίπλανται·
1692 4186 1887 4239 ὠσαύο

302 4293 418 4341 τως
454 4276 553 4329 καὶ
584 4279 639 4329 οι
670 4276 967 4344 ὀφθαλμοὶ
1022 4274 1140 4329 τῶν
1182 4278 1513 4345 ἀνθρώπων
1561 4280 1883 4347 ἄπληστοι.

304 4366 574 4435 Καθάπερ
599 4368 628 4418 6
656 4365 754 4427 τὰς
799 4365 978 4435 ψυχὰς
1035 4366 1174 4435 μετά
1207 4368 1305 4438 τὴν
1337 4370 1444 4420 ἀπὸ
1475 4371 1582 4422 τῶν
1617 4371 1887 4438 σωμάτων

1993 3187 2101 3241 Deo
2122 3190 2433 3256 quiescens,
2461 3189 2692 3259 gloriam
2716 3204 2746 3243 e
2776 3191 3142 3259 contemplata
3166 3189 3336 3258 gloria
3361 3187 3576 3241 Domini

1991 3282 2235 3349 recipiet.

2061 3455 2229 3510 \‘izns.
2254 3456 2338 3509 l9.
2379 3456 2531 3519 Sicut
2558 3471 2659 3508 non
2693 3456 2892 3510 similes
2915 3456 3077 3524 facies
3104 3454 3363 3522 faciebas,
3390 3455 3464 3505 ita
3488 3470 3575 3506 ne-

1988 3567 2085 3619 que
2099 3551 2441 3619 cogitationes
2458 3550 2753 3602 hominum.
2774 3549 3244 3614 Quemadmodum
3268 3547 3399 3599 varii
3421 3546 3576 3600 diﬂ'e-

1992 3650 2120 3693 runt
2178 3640 2265 3693 alii
2308 3640 2377 3692 ab
2413 3640 2538 3693 aliis
2572 3640 2818 3693 vultuum
2861 3640 3231 3700 characteres,
3270 3637 3577 3691 secundum

1990 3733 2295 3787 accidentia
2348 3732 2582 3795 infinita,
2639 3742 2753 3784 tum
2798 3734 3000 3786 simum
3052 3748 3273 3795 nasum,
3331 3740 3446 3785 tum
3481 3731 3580 3785 ad-

1991 3836 2221 3884 uncum;
2256 3820 2338 3875 sic
2387 3820 2501 3874 sive
2552 3820 2757 3885 album,
2783 3823 2899 3875 sive
2953 3822 3165 3891 nigrum
3226 3822 3487 3882 colorem,
3522 3830 3578 3873 et

1988 3924 2184 3965 caetera
2210 3949 2226 3975 ,
2258 3920 2389 3965 sunt
2441 3910 2743 3965 dissimiles
2791 3911 3100 3964 animarum
3141 3908 3534 3980 dispositioncs
3559 3951 3575 3973 ,

1991 4012 2153 4073 prout
2190 4004 2283 4057 alii
2322 4007 2603 4067 virtutem,
2641 4003 2733 4055 alii
2766 4002 2958 4056 vitium
2988 4003 3289 4073 elegerunt.

2059 4181 2223 4237 Vens.
2250 4182 2339 4237 20.
2372 4180 2622 4248 Infernus
2655 4192 2702 4233 et
2734 4184 2957 4249 perditio
2982 4199 3250 4251 nunquam
3274 4183 3576 4250 implentur,

1989 4275 2067 4325 sic
2103 4284 2151 4326 et
2189 4273 2326 4326 oculi
2374 4274 2645 4326 hominum
2710 4273 3063 4328 insatiabiles.
3122 4274 3277 4328 Sicut
3330 4274 3577 4329 infernus

1991 4363 2084 4432 qui
2119 4372 2272 4415 vorat
2317 4364 2527 4415 animas
2574 4378 2602 4414 a
2644 4377 2875 4431 corpore
2912 4364 3146 4427 solutas,
3200 4365 3283 4417 vel
3325 4363 3578 4421 diabolus

303 4455 582 4520 διάζευξιν
608 4454 1003 4524 ὑποδεχόμενος
1033 4454 1190 4525 ᾅδης,
1219 4457 1314 4509 καὶ
1344 4458 1373 4509 6
1407 4458 1609 4520 ταύτας
1641 4460 1888 4521 ἀπατῶν,

1998 4454 2089 4521 qui
2130 4453 2251 4505 illas
2290 4450 2425 4504 fallit
2480 4452 2763 4529 Deumque
2812 4452 3131 4522 dereliquit,
3173 4470 3453 4523 nunquam
3494 4470 3580 4507 sa-

303 4549 397 4602 καὶ
422 4546 559 4600 Θεοῦ
613 4546 843 4610 ἑξιστῶν
885 4547 1117 4618 δαίμων,
1161 4550 1263 4602 κᾶν
1290 4550 1498 4611 πάντας
1527 4552 1887 4614 καταπίωσιν,

302 4640 365 4693 ού
389 4640 740 4709 κορὲννυνται
763 4655 777 4669 ⁸
804 4638 945 4693 κατὰ
974 4640 1067 4693 τὸν
1090 4640 1254 4694 αὑτὸν
1283 4642 1485 4711 τρόπον
1512 4644 1610 4696 καὶ
1645 4643 1700 4695 αἱ
1740 4646 1891 4696 ὀπτι-

305 4727 401 4781 καὶ
433 4727 544 4780 τῶν
572 4725 881 4797 ἀνθρώπων
914 4727 1193 4798 δυνάμεις,
1226 4730 1327 4782 οὺκ
1354 4730 1728 4799 ἐμπίπλανται
1789 4733 1891 4801 τῆς

301 4836 368 4872 πε
380 4823 432 4891 pi.
456 4818 529 4872 τά
560 4819 861 4889 φαινόμενα
890 4820 1124 4891 ἀπάτης·
1153 4821 1258 4884 ἕως
1280 4820 1345 4875 ἂν
1366 4821 1574 4877 τούτων
1604 4823 1889 4893 ὑπεριδοῦ-

305 4928 418 4972 σαι.
454 4910 553 4978 τὴν
591 4908 750 4973 δόξαν
784 4909 1027 4979 ὅψωνται
1055 4910 1151 4964 τοῦ
1192 4910 1357 4965 Θεοῦ·
1390 4912 1485 4966 τοῦ
1511 4912 1621 4983 γὰρ
1658 4896 1890 4983 ἐσχάτου

301 5002 529 5074 δρεκτοῦ
592 5002 838 5071 φυσικῶς
898 5003 1080 5055 πάντα
1126 5002 1372 5071 ἐφίεται·
1404 5004 1506 5056 κᾶν
1554 5003 1713 5056 τοῦτό
1742 5021 1892 5068 τινες

300 5098 370 5149 δι’
395 5095 513 5149 άπά
551 5112 617 5163 ην
642 5096 1177 5164 παραγνωρίζοντες,
1211 5096 1302 5149 τοῦ
1336 5098 1413 5167 μὴ
1439 5096 1593 5159 ὄντος
1629 5096 1706 5161 ώς
1737 5098 1890 5162 ὄντος

302 5186 447 5240 κατά
470 5186 695 5257 γνώμην
726 5187 1065 5255 ἀντέχονται.

376 5278 698 5347 Βδέλυγμα
740 5278 937 5345 Κυρίῳ
970 5276 1268 5346 στηρίζων
1315 5280 1627 5349 ὀφθαλμόν
1652 5299 1664 5311 ·
1712 5284 1808 5336 καὶ
1840 5286 1893 5336 ol

301 5368 677 5431 ἀπαίδευτοι,
703 5368 981 5435 ἀκρατεῖς
1006 5368 1273 5437 γλώσσῃ.
1326 5372 1443 5424 Οὐκ
1497 5372 1787 5443 εὐάρεστος
1818 5372 1895 5445 τῷ

304 5462 525 5515 πάντων
582 5461 889 5530 κυριεύοντι
916 5461 1036 5530 Θεῴ
1085 5464 1193 5524 πᾶς
1224 5466 1251 5514 6
1280 5462 1341 5516 τὸ
1374 5464 1557 5534 νοερὸν
1604 5464 1759 5533 δμμα
1795 5466 1895 5534 τῆς

301 5552 483 5622 ψυχῆς
511 5551 842 5621 ἀπασχολῶν
896 5554 1017 5604 κατ’
1067 5554 1321 5623 αἴσθησιν
1353 5556 1419 5626 τῇ
1445 5556 1742 5625 ἐπιφανείᾳ
1785 5554 1896 5608 τῶν

304 5644 519 5714 ὁρατῶν
544 5658 556 5669 ·
586 5644 680 5696 καὶ
719 5644 792 5713 μὴ
843 5642 1145 5697 διαϐαίνων
1178 5646 1237 5697 ἐν
1270 5646 1543 5715 πνεύματι
1611 5648 1748 5717 πρὸς
1797 5648 1895 5718 τὴν

304 5739 394 5793 διὰ
422 5740 637 5796 πᾶντων
669 5740 739 5803 ώς
778 5740 1057 5809 συμϐόλων
1100 5743 1446 5814 μηνύομένην
1464 5743 1718 5812 ἀλήθειαν
1745 5760 1757 5772 ’
1792 5742 1883 5795 καὶ

1992 4545 2233 4609 tiantur,
2272 4543 2398 4597 licet
2449 4558 2643 4598 omnes
2686 4544 3113 4612 absorbuerint;
3161 4547 3243 4602 sic
3291 4548 3579 4600 hominum

1992 4637 2135 4690 oculi
2188 4652 2295 4690 non
2347 4646 2668 4691 saturantur
2710 4647 2961 4693 errantes
3009 4639 3217 4693 circum
3268 4639 3577 4704 exteriora;

1993 4729 2167 4783 denec
2193 4729 2316 4785 istis
2338 4730 2668 4797 contemptis
2688 4729 2932 4784 divinam
2976 4730 3202 4799 gloriam
3239 4731 3575 4785 intueantur.

1994 4821 2197 4875 Natura
2228 4822 2374 4875 enim
2413 4836 2603 4876 omnes
2634 4820 2701 4875 ad
2730 4822 2978 4875 ultimum
3020 4821 3182 4877 linem
3218 4822 3467 4887 tendunt,
3492 4822 3575 4874 in-

1996 4915 2169 4969 veniri
2204 4923 2438 4983 possunt
2469 4914 2561 4983 qui
2591 4914 2646 4967 in
2682 4913 2786 4969 hoc
2815 4913 3070 4983 eligendo
3100 4927 3306 4981 errant,
3340 4914 3444 4971 sibi
3474 4914 3581 4985 ipsi

1996 5013 2173 5059 autem
2199 5019 2297 5074 pro
2326 5005 2474 5059 veris
2510 5006 2646 5059 falsa
2677 5006 3103 5075 amplectuntur.

2068 5271 2405 5323 Abominatio
2464 5268 2690 5323 Domino
2748 5270 3036 5337 obﬁrmaus
3090 5269 3301 5322 oculum
3342 5280 3391 5324 et
3436 5272 3577 5324 indi—

1998 5365 2268 5433 sciplinati
2296 5365 2529 5431 linguam
2564 5379 2668 5415 non
2722 5364 3013 5415 continent.
3063 5359 3185 5415 Non
3234 5364 3416 5430 placet
3468 5362 3578 5415 Dco

1998 5459 2243 5511 omnium
2279 5456 2528 5517 Domino,
2586 5455 2677 5520 qui
2728 5455 3069 5523 spiritualem
3106 5456 3304 5508 anima:
3356 5457 3577 5510 oculum

2000 5558 2197 5608 avertit
2228 5550 2293 5604 ad
2341 5566 2431 5605 res
2476 5550 2783 5603 exteriores
2813 5548 3188 5616 aspiciendas,
3238 5564 3340 5603 nec
3378 5551 3579 5603 verita-

2001 5656 2105 5701 tem
2146 5648 2199 5699 in
2241 5644 2390 5698 omni
2416 5652 2689 5707 creatura,
2726 5644 2885 5711 quasi
2922 5643 2975 5695 in
3027 5643 3222 5711 ligura,
3257 5642 3578 5711 impressam

2003 5739 2249 5810 inquirit.
2279 5735 2384 5793 Ner
2423 5739 2637 5808 placent
2683 5735 2770 5791 isti
2806 5735 3083 5805 loquaces,
3118 5734 3209 5804 qui
3240 5734 3423 5789 divina
3455 5735 3579 5791 inde
