4220 6462
305 350 437 413 1501

302 554 498 621 κερεῖς
553 556 741 607 πόαν·
784 556 880 609 καὶ
936 558 1164 626 σύναγε
1211 561 1430 627 χόρτον
1473 565 1727 631 ερεινὸν,
1780 568 1881 619 ἵνα

300 645 449 711 ἔχῃς
508 646 773 710 πρόϐατα
829 648 916 711 εἰς
964 649 1281 717 Ιματισμόν
1308 667 1319 679 ·
1350 654 1488 721 τίμα
1512 654 1743 719 πεδίον,
1778 658 1883 709 ἵνα

302 730 456 789 ὦσιν
481 736 680 805 ἄρνες.
736 738 1109 807 Καταφρονῶν
1141 742 1241 811 τῆς
1284 745 1403 796 κατ’
1436 746 1687 815 αἴσθησιν
1734 751 1883 802 ἀντι-

308 828 522 897 λήψεως
550 829 658 882 τῶν
689 832 745 882 ἐν
772 831 853 901 τῷ
884 832 1075 886 πλάτει
1110 834 1211 903 τῆς
1242 839 1479 908 φυσικῆς
1513 839 1606 892 καὶ
1633 841 1730 910 τῆς
1753 859 1887 911 γρα-

310 925 477 994 φικῆς
538 924 772 994 θεωρίας
827 926 1245 998 παλαιουμένων
1308 946 1367 983 τε
1436 934 1529 983 καὶ
1608 951 1884 1003 παρερχο-

311 1016 513 1084 μένων,
546 1014 644 1085 τῆς
673 1019 995 1084 ἐπιφανείας
1030 1020 1245 1083 πάντως
1270 1021 1379 1073 τῶν
1408 1023 1639 1091 ὁρατῶν,
1672 1025 1766 1075 καὶ
1796 1023 1887 1076 τοῦ

310 1104 436 1158 καθ’
466 1107 709 1176 ἱστορίαν
744 1109 1076 1177 γράμματος
1108 1112 1369 1180 ἐπιμελοῦ
1418 1114 1561 1166 κατά
1607 1114 1731 1166 νοῦν
1780 1115 1889 1166 τῶν

311 1199 369 1249 ἐν
399 1198 475 1267 τῷ
506 1200 736 1270 τοιούτῳ
763 1201 956 1255 πλάτει
980 1203 1278 1266 νεαζόντων
1300 1204 1381 1274 τῷ
1401 1207 1698 1278 καινοποιῷ
1722 1208 1890 1261 Πνεύ-

314 1306 445 1357 ματι
508 1290 681 1356 λόγων
713 1292 822 1342 τῶν
882 1292 1071 1357 ὄντων,
1104 1294 1196 1345 καὶ
1228 1294 1520 1363 Γραφικῶν
1553 1299 1842 1367 νοημάτων
1876 1315 1887 1327 ⁸

318 1383 411 1433 καὶ
447 1380 621 1451 δρέψῃ
654 1384 774 1434 κατ’
814 1384 1094 1452 ἐνέργειαν
1120 1385 1229 1437 τῶν
1270 1386 1482 1457 ἀρετῶν
1516 1388 1615 1457 τὴν
1665 1388 1891 1456 ἀειθαλῆ

306 1473 514 1540 γνῶσιν
542 1474 652 1525 τῶν
709 1477 768 1527 ἐν
802 1474 948 1544 πάσῃ
981 1479 1045 1545 τῇ
1076 1477 1265 1547 Γραφῇ
1303 1479 1395 1529 καὶ
1434 1481 1499 1549 τῇ
1534 1480 1710 1531 κτίσει
1772 1480 1891 1531 διας

309 1567 680 1637 δεικνυμένων
718 1567 1050 1636 πσναγάθων
1074 1570 1168 1621 τοῦ
1207 1569 1344 1623 Θεοῦ
1376 1571 1730 1642 θελημάτων*
1760 1570 1897 1624 ἀλλά

311 1660 405 1711 καὶ
456 1659 628 1730 αὐτὴν
656 1658 881 1727 σύλλεγε
946 1659 1284 1729 πανταχόθεν
1309 1660 1409 1730 τὴν
1440 1661 1783 1731 εῦμάραντον
1810 1655 1897 1713 οἷα

311 1752 507 1820 χόρτον
558 1750 1073 1821 παραδειγματικὴν
1126 1753 1368 1822 ἱστορίαν
1400 1754 1508 1805 τῶν
1545 1755 1895 1824 ὑψηλοτέρων

1305 364 1833 425 ῌᾺΞΜΕΧΤΑΒΙΙ
1876 368 1952 427 IN
1986 370 2438 428 PROV'EiIBI.-\-

375 461 474 527 κε’,
493 468 604 526 κς’.
640 464 952 532 Ἐπιμελοῦ
977 465 1094 518 τῶν
1110 466 1178 519 ὸν
1200 467 1277 531 τῷ
1302 471 1483 537 πεδίῳ
1508 475 1774 542 χλωρῶν,
1800 480 1894 529 καὶ
1931 483 1969 534 .-\

3436 380 3571 442 1502

2073 476 2216 531 Vnus
2242 478 2331 542 ‘25,
2363 479 2451 533 ‘26.
2497 477 2639 533 Cura
2672 496 2787 547 qun:
2819 480 2869 532 in
2900 484 3096 549 eampis
3146 486 3328 547 rirenl.
3371 499 3416 538 et
3456 500 3567 539 ton-

1983 569 2125 621 debis
2160 569 2415 632 herbam;
2454 587 2709 639 rongregu
2743 573 2917 639 [eumn
2947 575 3009 625 de
3056 576 3316 627 montibus
3379 589 3431 629 ut
3478 579 3573 631 ita-

1985 665 2102 713 θεαί
2148 680 2264 714 ores
2317 664 2370 715 in
2435 666 2836 729 vestimentum;
2889 666 2997 719 Col:
3042 683 3310 733 campum,
3366 680 3421 721 ut
3468 671 3573 723 sint

1988 754 2080 805 tibi
2108 758 2249 822 agni.
2288 754 2493 820 Sperne
2526 757 2785 810 scientias
2828 766 3041 811 veteres
3062 769 3114 812 et
3147 758 3427 827 fugitivus,
3458 778 3576 830 qua:

1988 847 2243 899 sensibus
2282 846 2628 910 ediscuntur,
2661 864 2783 916 quae
2813 859 2942 902 sunt
2972 849 3038 904 de
3084 850 3306 918 planitie
3340 853 3577 922 physica:

1988 948 2038 987 et
2084 938 2395 1004 scriptun-re,
2446 954 2531 991 res
2571 940 2773 1007 ubique
2826 942 2969 993 visas
3024 953 3435 1009 repraesentant.
3495 947 3576 998 vel

1992 1037 2223 1077 nazrant
2271 1028 2596 1094 historiam;
2637 1030 2731 1083 Sed
2782 1038 2935 1083 curet
2988 1046 3142 1085 mens
3191 1042 3280 1084 tua
3335 1034 3385 1085 in
3428 1046 3580 1088 tanto

1990 1130 2184 1185 campo
2240 1134 2411 1171 novos
2465 1134 2752 1174 sermones
2806 1121 3102 1186 IIISIIII'HIHS
3152 1138 3181 1175 a
3228 1122 3432 1190 Spiritu
3486 1126 3577 1192 qui

1994 1224 2131 1262 nova
2168 1210 2319 1273 facit.
2355 1228 2573 1265 necnon
2622 1221 2674 1266 et
2704 1213 2952 1281 scriptas
2984 1217 3308 1269 sententias.
3352 1218 3479 1270 lude
3514 1219 3579 1270 ad

1989 1302 2314 1356 exercitium
2348 1304 2565 1357 virtutis
2583 1306 2809 1374 colliges
2839 1323 3056 1374 semper
3081 1306 3364 1362 ﬂorentem
3399 1311 3579 1362 scien—

1995 1395 2123 1448 tiam
2182 1405 2498 1448 sanctorum
2550 1395 2643 1448 Dei
2711 1398 3094 1451 mamlatorum
3151 1414 3270 1467 qua:
3326 1400 3377 1452 in
3433 1402 3583 1453 onmi

1993 1485 2269 1551 scriptura
2308 1494 2362 1538 et
2393 1495 2647 1538 creatura
2696 1488 3070 1556 reperiuntur.
3113 1488 3365 1560 Undique
3392 1492 3585 1561 Collige

1994 1573 2157 1626 etiam
2185 1578 2435 1645 exempla
2456 1578 2714 1631 altiormn
2742 1579 3009 1633 factorum
3038 1581 3159 1635 l'euo
3192 1582 3407 1637 facilius
3438 1599 3579 1635 mar-

1997 1668 2294 1731 ccsccutia,
2328 1668 2531 1737 quibus
2568 1671 2633 1723 ad
2680 1672 3021 1738 spiritualcm
3053 1675 3339 1727 scientiam
3382 1677 3587 1728 ducan-

2003 1765 2092 1809 tur
2121 1772 2251 1811 oves
2289 1760 2644 1815 rationabiles
2690 1772 2865 1816 nactae
2896 1766 3038 1832 apud
3090 1772 3141 1817 te
3173 1768 3584 1818 accinnmlatum

312 1819 719 1913 θεωρημάτων·
756 1845 907 1906 ὅπως
953 1819 1216 1912 κέκτηται
1246 1819 1315 1895 τὰ
1344 1819 1602 1913 ἀγόμενά⁷
1643 1819 1727 1897 σοι
1772 1819 1896 1899 κατ’

2005 1849 2109 1903 sibi
2164 1848 2350 1902 cibum
2402 1850 2676 1907 historiae
2724 1853 3049 1923 disciplina‘,
3093 1856 3329 1911 ferentes
3375 1856 3590 1911 Irin-tus

313 1936 631 2006 ἐπιστήμην
664 1933 1066 2005 πνευματικὴν,
1100 1934 1294 2002 λογικά
1322 1934 1573 2005 πρόὸατα
1599 1954 1612 1967 ο
1647 1936 1896 2007 ἀναλόγῳ

312 2030 527 2093 τούτοις
553 2033 727 2100 τροφῇ
763 2031 830 2100 τῇ
859 2028 981 2083 καθ’
1028 2030 1273 2099 ἱστορίαν
1314 2028 1658 2100 διδασκαλίᾳ,
1693 2032 1894 2099 τρεφό-

311 2139 451 2193 μενα
488 2123 639 2193 παρά
675 2121 791 2188 σοῦ,
849 2124 943 2176 καὶ
966 2122 1125 2193 δίκην
1158 2123 1361 2193 μαλλοῦ
1390 2124 1515 2187 τοὺς
1564 2123 1666 2193 τῆς
1696 2123 1895 2192 ἠθικῆς

307 2215 629 2285 φιλοσοφίας
656 2216 892 2286 τρόπους
939 2215 1171 2285 φύοντα·
1204 2214 1345 2268 ὥστε
1376 2217 1469 2269 καὶ
1498 2217 1627 2280 τοῦς
1667 2216 1893 2287 χρῄζον-

306 2320 405 2370 τας
436 2308 666 2375 ταύτης.
714 2306 851 2377 πρὸς
884 2306 1079 2376 θάλψιν
1111 2307 1547 2378 μεταλαμϐάνειν
1589 2325 1894 2378 πνευματι-

308 2401 431 2471 κήν·
461 2402 535 2471 μὴ
562 2396 657 2454 οὖν
683 2400 915 2465 ἀπαξίου
940 2402 1040 2473 τὴν
1069 2401 1503 2472 χθαμαλωτέραν
1524 2401 1894 2470 διδασκαλίαν,

2003 1942 2231 1997 moralis
2264 1942 2625 2014 phil050phia:
2655 1948 2815 2015 quasi
2850 1949 3125 2010 vellerem,
3163 1951 3233 2001 ita
3279 1958 3334 2002 ut
3369 1952 3593 2019 partiri-

2004 2048 2099 2102 pes
2129 2033 2293 2103 hujus
2323 2036 2569 2089 scientia:
2608 2054 2715 2107 qua
2750 2039 3090 2109 indigebant,
3139 2042 3390 2095 ardorem
3436 2041 3591 2110 spri-

2004 2129 2203 2181 tualem
2226 2130 2564 2198 concipiant.
2585 2123 2849 2199 Neliergo
2871 2132 3216 2186 humiliorem
3244 2133 3591 2201 disciplinam

2002 2220 2159 2290 parvi
2202 2219 2405 2284 facere,
2447 2221 2588 2275 hanc
2644 2222 2887 2292 loquere,
2940 2232 2998 2276 ut
3039 2227 3290 2277 rudiores
3338 2224 3594 2292 discipuli

2006 2312 2093 2366 illa
2129 2327 2226 2382 pro
2260 2312 2399 2366 laete
2428 2313 2744 2366 nutriantur
2776 2314 2844 2368 de
2876 2314 2964 2367 die
2998 2315 3050 2368 in
3092 2316 3235 2369 diem
3272 2316 3445 2386 magis
3480 2330 3598 2385 pro-

2008 2404 2217 2471 ﬁciant,
2252 2414 2308 2460 et
2332 2413 2546 2460 crescat
2573 2415 2725 2460 tuum
2763 2406 2905 2460 ovile
2942 2391 3286 2463 rationabile.

256 2518 267 2533 κ
308 2494 446 2548 ἀλλά
498 2496 593 2546 καὶ
646 2494 855 2565 ταύτης
908 2494 1068 2562 λόγον
1128 2494 1436 2549 ποιοῦ’ῖνα
1470 2496 1758 2567 ὑπάρχωσι
1817 2514 1898 2549 σοι
1931 2498 2025 2550 καὶ
2054 2497 2397 2569 ἀτελέστεροι
2432 2498 2695 2568 μαθηταὶ,
2727 2499 2802 2563 ὡς
2863 2500 3096 2566 γάλακτι
3163 2499 3339 2571 ταύτῃ
3396 2498 3597 2568 1952;6-

313 2604 486 2657 μενοι,
522 2589 618 2640 καὶ
638 2590 759 2651 ταῖς
780 2586 902 2640 καθ’
944 2586 1158 2658 ἡμέραν
1184 2587 1400 2641 ἐπιδόσε
1418 2606 1498 2641 σιν
1527 2591 1660 2658 πρὸς
1696 2588 2013 2659 τελειότητα
2067 2591 2419 2661 ἀναγόμενοι,
2448 2594 2539 2645 καὶ
2574 2592 2718 2647 οὕτω
2754 2595 2815 2647 τὸ
2876 2594 3093 2661 λογικόν
3131 2610 3225 2647 σου
3264 2596 3602 2665 πλατύνηται

310 2684 581 2753 ποίμνιον.

384 2780 486 2843 κζ’.
530 2777 646 2841 Υἱὲ,
680 2774 817 2845 παρ’
841 2776 987 2846 ἐμοῦ
1036 2776 1196 2845 ἔχεις
1258 2777 1475 2845 ῥήσεις
1524 2777 1782 2845 ἰσχυρὰς
1814 2780 1892 2839 sit,

312 2870 429 2938 τὴν
450 2868 604 2936 ζωήν
629 2886 767 2945 σοι),
794 2869 893 2921 καὶ
925 2870 1013 2934 εἰς
1038 2868 1154 2935 τὴν
1197 2866 1352 2936 ζωὴν
1418 2866 1548 2921 σῶν
1614 2868 1901 2935 θεραπόν-

311 2976 450 3017 των.
497 2962 555 3015 '0
589 2959 813 3030 πνεῦμα
844 2959 1121 3021 υἱοθεσίας
1151 2958 1355 3020 λαὸὼν,
1385 2961 1816 3029 ἀναντιρρήτους
1846 2959 1903 3023 ἐξ

315 3054 451 3126 ἐμοῦ
494 3053 597 3123 τῆς
632 3054 825 3121 σοφίας
866 3052 1133 3121 κέκτησαι
1163 3051 1513 3114 διδασκαλίας
1545 3050 1818 3122 φερούσας
1844 3067 1904 3103 σε

312 3148 459 3203 κατὰ
495 3146 732 3219 θεωρίαν
764 3148 859 3198 καὶ
890 3146 1112 3217 πρᾶξιν,
1147 3145 1228 3208 εἷς
1257 3163 1316 3199 τε
1351 3145 1449 3216 τὴν
1477 3148 1533 3198 ἐν
1565 3146 1786 3217 Χριστῷ
1809 3163 1903 3199 xs-

3589 2665 3603 2704 ‘.

2083 2754 2249 2826 Vens.
2281 2772 2372 2827 27.
2440 2772 2571 2837 Fili,
2608 2792 2639 2827 a
2671 2792 2749 2829 me
2779 2776 2937 2831 habes
2972 2778 3122 2831 verba
3154 2780 3316 2843 fortia
3345 2782 3411 2834 ad
3446 2784 3601 2834 ritmu

2009 2875 2179 2929 tuam,
2208 2876 2256 2918 et
2287 2866 2355 2918 ad
2407 2868 2568 2920 vitam
2600 2869 2968 2923 ministrorum
3017 2882 3248 2926 tuorttm.
3289 2876 3390 2939 Qui
3438 2878 3603 2943 spiri-

2012 2966 2126 3010 tum
2162 2958 2472 3026 adoptionis
2499 2961 2780 3028 accepisti,
2806 2970 2952 3016 certa
2981 2964 3249 3033 principia
3278 2981 3305 3017 a
3335 2968 3602 3035 sapientia

2016 3063 2132 3102 mea
2166 3048 2364 3104 doetus
2392 3064 2475 3113 es,
2508 3051 2713 3117 quibus
2751 3049 2911 3105 factis
2942 3062 2994 3105 et
3028 3056 3253 3109 creditis
3282 3056 3501 3110 dureris
3538 3061 3603 3111 aal

2014 3138 2305 3191 vivendum
2339 3139 2393 3193 in
2444 3140 2639 3209 spiritu
2675 3142 2838 3195 vitam
2860 3143 3240 3198 absconditam
3272 3148 3325 3199 in
3358 3148 3603 3210 Christo,

313 3242 645 3312 κρυμμένην
678 3240 887 3293 οἰκείαν
920 3255 1000 3291 σοι
1056 3237 1198 3291 κατά
1240 3237 1459 3307 πνεῦμα
1489 3237 1633 3309 ζωὴν
1660 3257 1672 3268 ·
1698 3242 1791 3291 καὶ
1824 3241 1903 3301 είς

2010 3237 2173 3299 atque
2198 3230 2263 3284 ad
2308 3230 2601 3284 vivendum
2635 3231 2935 3286 secundum
2986 3236 3291 3289 naturalem
3338 3237 3510 3305 legem
3553 3242 3607 3291 in

312 3335 413 3404 τὴν
443 3333 584 3387 κατά
610 3334 701 3385 τὸν
723 3332 824 3401 τῆς
880 3331 1098 3400 φύσεως
1159 3332 1323 3403 νόμον
1379 3332 1588 3384 οίκείαν
1620 3331 1765 3402 ζωὴν
1790 3334 1903 3395 τοῖς

313 3429 628 3484 δουλεύουσί
669 3446 750 3481 σοι
784 3430 921 3498 πρὸς
966 3428 1228 3498 ἐργασίαν
1257 3427 1365 3479 τῶν
1392 3426 1485 3480 τοῦ
1516 3427 1650 3479 Θεοῦ
1674 3426 1905 3479 ἐντολῶν

319 3522 506 3593 μέλεσι
538 3522 636 3591 τῆς
676 3521 879 3593 σαρκός
927 3537 1043 3573 σου·
1074 3520 1465 3591 παροιμιωδῶς
1486 3519 1597 3590 γάρ
1622 3536 1682 3571 σε
1714 3518 1783 3572 τά
1810 3536 1905 3572 κε-

316 3613 611 3685 κρυμμένα
635 3612 724 3665 διὰ
753 3613 861 3665 τῶν
890 3613 1235 3682 φαινομένων
1266 3611 1626 3679 διδάσκουσαν
1674 3612 1874 3681 ἐπιστή
1896 3639 1909 3651 -

320 3725 429 3777 μην
478 3706 641 3760 θείων
680 3706 776 3760 καὶ
801 3706 1166 3777 ἀνθρωπίνων
1201 3705 1546 3777 πραγμάτων
1574 3703 1906 3775 χαρίζομαιο

314 3800 391 3865 ὡς
427 3802 493 3854 ἂν
527 3801 707 3862 καλῶς
768 3799 905 3869 πρὸς
952 3798 1087 3851 Θεὸν
1140 3798 1233 3851 καὶ
1260 3799 1586 3869 ἀνθρώπους
1612 3798 1909 3865 διάκεισαι,

314 3894 542 3966 εἰρήνην
569 3891 709 3962 μετά
746 3892 965 3946 πάντων
990 3890 1204 3943 διώκων
1231 3891 1325 3945 καὶ
1353 3891 1444 3945 τὸν
1474 3892 1764 3960 ἁγιασμόν.

910 3984 1161 4038 ΚΕΦΔΛ.
1190 3985 1329 4049 κη’,

388 4078 458 4133 α’.
489 4078 699 4147 Φεύγει
722 4079 755 4131 ό
776 4075 1004 4143 ἀσεϐὴς
1033 4076 1297 4145 μηδενός
1317 4074 1659 4141 διώκοντος·
1683 4075 1913 4143 δίκαιος

314 4172 405 4235 δὲ,
429 4170 807 4239 ὦσπερλέων
840 4168 1147 4245 πέποιθεν.
1179 4169 1391 4241 Ὥσπερ
1416 4167 1486 4222 τά
1520 4169 1656 4239 πρὸς
1688 4170 1914 4241 ἀτιμίαν

317 4264 628 4337 ἀνθρώπων
659 4263 851 4328 ποιῶν,
881 4262 1049 4315 πτοού
1060 4279 1221 4332 μενος
1249 4264 1446 4333 μήπως
1478 4262 1591 4333 ἁλῷ
1615 4263 1911 4334 φωραθεὶς,

317 4359 413 4410 καὶ
450 4356 609 4419 δίκας
666 4355 857 4425 ὑφέξει
888 4349 963 4409 ὧν
995 4354 1132 4424 πρὸς
1199 4355 1399 4418 αὐτοὺς
1447 4355 1913 4426 πεπλημμέληκε,

316 4448 665 4522 δραπετεύει,
714 4449 820 4503 κᾶν
880 4448 1035 4519 παρά
1066 4465 1212 4511 τινος
1265 4449 1432 4519 μήπω
1475 4446 1771 4516 διώκηται’
1805 4450 1832 4501 ὁ
1860 4446 1916 4500 δὲ

322 4546 455 4615 μήτι
484 4543 622 4613 πρὸς
647 4543 828 4613 λύπην
876 4541 1022 4605 τινὸς
1047 4541 1456 4611 ἐργασάμενος,
1493 4541 1598 4593 κᾶν
1636 4539 1743 4592 ὑπό
1769 4556 1915 4603 τινος

319 4636 701 4707 διαϐάλληται,
756 4637 851 4689 καὶ
886 4635 965 4699 είς
1005 4634 1362 4705 δικαστήριον
1388 4634 1641 4703 ἕλκηται,
1692 4632 1831 4702 ἔχων
1858 4631 1919 4685 τὸ

320 4732 523 4784 οἰκεῖον
556 4729 794 4793 συνειδὸς
827 4728 1288 4798 ἀκατάγνωστον,
1322 4727 1517 4799 θαρρεῖ
1544 4729 1734 4796 ὥσπερ
1768 4726 1916 4797 θὴρὸ

318 4822 456 4878 λέων
486 4823 580 4877 ἐπὶ
606 4826 670 4895 τῇ
701 4822 806 4895 ἰδία
838 4822 1214 4893 ρωμαλεότητι
1238 4837 1253 4855 ·
1296 4820 1439 4873 οῦτω
1468 4820 1560 4873 καὶ
1584 4822 1611 4873 ὁ
1631 4819 1699 4872 τά
1734 4820 1807 4889 μὴ
1839 4835 1921 4871 τι-

323 4919 511 4993 μῶντα
552 4917 688 4970 Θεδν
734 4916 874 4986 ἔργα
919 4916 1416 4987 διαπραττόμενος,
1483 4915 1578 4967 καὶ
1635 4913 1769 4985 πρὶν
1800 4912 1832 4983 ἦ
1864 4914 1923 4965 τδ

324 5012 517 5082 μέλλον
536 5013 733 5082 ἐπιστῇ
766 5011 1145 5081 δικαστήριον,
1171 5009 1271 5079 ἤδη
1299 5007 1784 5072 καταδεδίκασται,
1816 5006 1925 5058 ὑπὸ

316 5104 415 5159 τοῦ
448 5104 578 5158 ίδίου
611 5104 919 5167 συνειδότος
952 5102 1416 5172 κατακρινόμενος
1436 5115 1449 5128 ·
1484 5101 1513 5153 ό
1535 5100 1579 5153 δ’
1611 5099 1919 5170 ἀμέμπτως

314 5192 763 5261 πολιτευόμενος,
794 5191 900 5245 κᾶν
920 5190 1193 5255 ἑκουσίοις
1223 5192 1552 5260 πειρασμοῖς
1585 5191 1915 5259 περιπείρη-

318 5302 434 5348 ται,
468 5284 608 5338 ἀλλά
637 5301 699 5353 γε
732 5284 831 5355 τὴν
887 5284 1080 5338 ἐλπίδα
1108 5285 1209 5353 τῆς
1243 5283 1546 5355 μελλούσης
1583 5280 1918 5351 μισθαποδο-

322 5376 446 5441 σίας
477 5377 578 5430 οὐκ
628 5376 1035 5431 ἀποϐάλλεται·
1067 5378 1205 5448 ὅπερ
1246 5377 1422 5447 δηλῶν
1468 5376 1562 5430 καὶ
1586 5377 1614 5428 ὀ
1650 5376 1921 5447 μακάριος

2012 3323 2275 3376 membris
2295 3324 2485 3378 carnis
2518 3331 2647 3387 tum,
2676 3341 2797 3394 qua:
2830 3326 2926 3380 tibi
2962 3328 3028 3377 ad
3061 3328 3309 3381 l'arienda
3342 3327 3433 3382 Dei
3462 3346 3611 3384 man-

2010 3414 2138 3484 data
2180 3415 2519 3470 ministrant.
2562 3418 2773 3471 Etenim
2807 3420 2860 3471 in
2902 3420 3230 3488 proverbiis.
3282 3420 3609 3475 absroudita

2013 3524 2109 3578 per
2153 3524 2241 3563 res
2277 3510 2582 3564 exteriores
2644 3509 2935 3565 docentem
2990 3512 3277 3565 scientiam
3308 3513 3374 3565 de
3418 3512 3527 3566 Deo
3556 3522 3610 3565 et

2011 3602 2078 3657 de
2117 3602 2340 3655 homine
2378 3602 2582 3656 tradidi
2637 3603 2757 3669 tibi,
2807 3611 2867 3657 ut
2911 3618 3037 3672 erga
3076 3601 3243 3656 Deum
3278 3613 3331 3658 et
3359 3604 3611 3658 homines

2014 3693 2154 3748 bene
2185 3694 2413 3760 sentias,
2454 3701 2619 3763 atque
2652 3708 2841 3764 pacem
2872 3708 2998 3749 cum
3030 3695 3290 3751 omnibus
3317 3704 3371 3749 et
3405 3698 3613 3751 sancti-

2013 3794 2180 3841 tatem
2211 3786 2591 3856 consequaris.

2582 3984 2735 4041 CAP.
2773 3984 3012 4042 XXVIII.

2085 4077 2254 4136 Vsus.
2291 4080 2341 4134 I.
2382 4078 2542 4150 Fugit
2578 4080 2772 4149 impius
2805 4082 3010 4135 nemine
3036 4092 3403 4151 persequente.
3430 4084 3613 4151 justus

2014 4181 2190 4226 autem
2224 4182 2477 4240 tauquam
2510 4173 2588 4225 leo
2619 4170 2862 4238 confidit.
2899 4170 3057 4226 Sicut
3080 4172 3174 4240 qui
3210 4173 3350 4227 alios
3383 4174 3614 4229 inhono-

2017 4274 2137 4330 rat,
2174 4275 2425 4320 metuens
2466 4278 2535 4319 nc
2566 4264 2621 4318 in
2661 4272 2787 4317 actu
2828 4263 3271 4331 deprehendatur
3317 4280 3617 4335 poenasque

2015 4359 2107 4415 det
2131 4358 2577 4421 machinationis,
2606 4356 2747 4427 fugit
2766 4358 2930 4411 etiam
2958 4358 3178 4412 nemine
3204 4367 3575 4429 persequente
3600 4378 3613 4425 ;

2018 4459 2072 4506 et
2112 4450 2203 4504 ille
2248 4449 2340 4519 qui
2388 4448 2696 4519 proximum
2754 4449 2808 4502 in
2860 4449 3011 4502 nullo
3056 4450 3432 4513 contristavit,
3490 4451 3617 4504 licet

1952 4576 1994 4631 ι)
2022 4544 2127 4615 ipsi
2153 4542 2505 4604 detrahatur,
2533 4549 2697 4611 atque
2724 4549 2855 4595 ante
2884 4540 3101 4611 iudices
3128 4542 3405 4606 trahatur,
3434 4554 3615 4597 tamen

2024 4642 2252 4706 propter
2306 4634 2510 4688 bonum
2566 4632 2926 4687 conscientiae
2992 4633 3373 4689 testimonium
3429 4644 3488 4687 ut
3537 4634 3623 4687 leo

2024 4727 2252 4784 conﬁdit
2299 4726 2352 4781 in
2392 4726 2508 4781 suis
2555 4722 2764 4781 viribus
2799 4742 2811 4778 :
2846 4725 2928 4781 sic
2962 4726 3054 4780 ille
3097 4727 3192 4796 qui
3240 4725 3401 4781 Iactis
3453 4725 3621 4782 Deum

2026 4820 2274 4885 offendit,
2308 4818 2556 4873 nondum
2589 4827 2720 4874 ante
2748 4834 3072 4889 supremum
3106 4819 3344 4873 tribunal
3375 4834 3624 4885 vocatus,

2024 4914 2136 4985 jam
2161 4912 2452 4983 judicatur
2480 4923 2643 4983 atque
2667 4911 3076 4966 condeumatur
3095 4912 3316 4981 pr0pria
3336 4916 3629 4966 conscien-

2032 5009 2141 5071 tia;
2172 5015 2225 5060 et
2257 5006 2460 5059 iterum
2495 5006 2588 5074 qui
2635 5004 3148 5074 irreprehensibilis
3194 5014 3302 5069 est,
3349 5005 3481 5060 licet
3511 5016 3630 5059 teu-

2027 5097 2236 5151 tatione
2278 5096 2508 5149 libenter
2546 5094 2808 5164 probetur
2851 5110 3002 5167 spem
3058 5094 3258 5150 futurae
3307 5109 3632 5150 remunera-

2030 5192 2198 5245 tionis
2250 5204 2359 5243 nou
2407 5190 2629 5241 amittit.
2669 5186 2782 5241 IIoc
2848 5189 3171 5258 signiﬁcans
3212 5188 3412 5242 beatus
3461 5186 3630 5241 David

2028 5282 2249 5337 dicebat
2296 5302 2309 5338 :
2367 5301 2384 5333 ι
2446 5282 2570 5336 Ideo
2619 5297 2727 5335 non
2783 5274 3102 5335 timebimus
3153 5283 3284 5335 dum
3318 5282 3633 5335 turbabilur

2032 5384 2200 5437 terra,
2235 5384 2289 5427 et
2320 5372 2722 5429 transferentur
2753 5383 2969 5429 montes
3001 5376 3052 5429 in
3087 5390 3184 5430 cor
3218 5376 3387 5430 utaris
3408 5376 3449 5428 ’.
3493 5394 3510 5426 ι

324 5470 476 5540 λέγει
536 5471 733 5523 Δαϐίδ¹
773 5489 791 5520 ι
817 5469 914 5522 ,ὶιά
969 5470 1129 5523 τοῦτο
1163 5470 1221 5523 οῦ
1270 5467 1696 5540 φοϐηθησόμεθα
1743 5470 1801 5521 ἐν
1840 5467 1918 5537 τῷ
1956 5468 2323 5541 ταράσσεσθαι
2353 5470 2451 5538 τὴν
2480 5470 2601 5539 γῆν,
2633 5469 2729 5521 καὶ
2764 5468 3149 5538 μετατίθεσθαι
3192 5470 3292 5542 ὅρη
3358 5473 3415 5523 ἐν
3499 5487 3608 5540 καρ

321 5564 467 5629 δίαις
501 5565 815 5619 θαλασσῶν.
845 5586 861 5615 ι

396 5658 459 5728 β’,
494 5658 573 5711 Δι’
628 5656 917 5727 ἁμαρτίας
970 5658 1224 5721 (ἓως-θῶν,
1280 5661 1504 5726 μιίσεσις
1559 5661 1919 5727 Ξ“;⁹.’-“¹’δ((’ξ¹ῗ((ι’

392 5837 411 5862 ’³
452 5840 598 5895 ιι-ιιι.
642 5856 764 5904 an,
800 5838 854 5893 5.

2111 5655 2269 5709 Vens.
2311 5652 2363 5706 ἒ.
2409 5650 2629 5721 Propter
2661 5665 2875 5721 peccata
2920 5656 3199 5722 impiorum
3224 5657 3437 5727 judicia
3472 5656 3629 5711 sturi-
