4220 6462
629 321 765 385 1515

1990 314 2346 376 PltOCOPII
2386 312 2629 373 GAZ/E-I

3786 315 3929 377 1516

628 430 993 490 crudelitate.
1034 430 1104 483 ob
1158 429 1430 483 tlillit-ilt-m
1494 428 1876 483 mandatorum
1928 427 2226 481 observan-

2332 424 2423 476 τδν
2455 424 2661 493 Κύριον
2681 422 2886 489 ἀγαθόν
2910 441 2921 453 ’
2964 424 3101 478 ἀλλὰ
3133 424 3432 477 διαϐαλλων
3466 426 3625 479 αὑτὸν
3649 427 3724 488 ὡς
3758 427 3932 497 σκλη-

624 522 783 573 tiam.

703 700 866 755 \‘Ens.
905 700 960 754 8.
1032 697 1144 751 Viri
1193 697 1360 765 iniqui
1407 704 1724 749 exusserant
1772 693 2082 753 civitatem,
2136 704 2223 741 sa-

628 795 825 862 pientes
874 803 1052 845 autem
1102 799 1403 844 averterunt
1452 805 1609 841 iram.
1663 786 1991 847 Sermones,
2026 789 2221 836 contra

630 885 814 938 divina
846 890 1115 953 praecepta
1152 882 1354 935 acriter
1388 876 1711 934 circumfusi
1741 877 1794 930 in
1826 882 2031 941 mente,
2063 871 2221 942 quasi

633 977 688 1030 in
726 975 897 1037 utbe,
931 972 1250 1027 hominibus
1276 970 1445 1026 irasci
1496 984 1616 1024 eam
1656 975 1897 1037 cogunt;
1931 979 2071 1034 quos
2118 963 2220 1016 lto-

632 1068 813 1122 tuint-s
864 1064 955 1119 alii
998 1078 1287 1118 sermones
1331 1060 1426 1115 Dei
1476 1059 1681 1114 timore
1726 1057 1930 1112 ibident
1980 1055 2118 1110 mcti
2155 1054 2221 1107 ad

632 1156 1094 1226 tranquillitatem
1148 1154 1456 1217 reducunt,
1492 1150 1709 1206 leniunt
1750 1148 2029 1211 animant,
2067 1157 2221 1198 eaut-

630 1264 739 1320 que
773 1248 1204 1303 tumultuantem
1228 1248 1603 1314 compescunt.

708 1339 849 1395 Vens
902 1340 956 1393 9.
1005 1337 1097 1391 Vir
1125 1337 1338 1403 sapiens
1377 1334 1640 1400 iudicabit
1678 1340 1893 1401 gentes;
1926 1329 2008 1382 vir
2041 1335 2219 1380 autem

631 1447 915 1485 succensus
970 1429 1267 1491 deridetur,
1318 1437 1367 1481 et
1423 1441 1528 1479 non
1572 1412 1770 1477 terret.
1808 1419 1985 1475 Homo
2017 1419 2221 1473 ductus

630 1526 833 1577 timore
866 1521 1109 1584 Domini,
1162 1520 1257 1589 qui
1282 1529 1363 1573 est
1396 1519 1616 1571 initium
1654 1513 1963 1584 sapientiae,
1994 1519 2049 1566 et
2083 1510 2221 1564 bene

630 1631 830 1687 agens,
871 1618 1011 1669 duas
1040 1613 1335 1667 distinctas
1364 1611 1656 1679 passiones
1693 1610 2036 1667 moderatur,
2062 1602 2219 1671 cupi-

632 1711 859 1762 tlitatt-m
900 1716 953 1760 et
1008 1707 1185 1769 iram;
1233 1705 1433 1772 quibus
1479 1695 1788 1757 secundum
1825 1699 2095 1751 rationem
2125 1694 2228 1749 do-

634 1815 825 1853 rentur
896 1813 1159 1869 superare
1211 1797 1474 1865 impetum
1540 1794 1922 1862 voluptatum,
1979 1796 2033 1842 et
2087 1787 2226 1839 iram

630 1889 921 1944 tolerando
974 1902 1277 1941 aerumnas.
1334 1884 1634 1954 Operarius
1681 1891 1863 1935 autem
1920 1876 2229 1948 iniquitatis

631 1984 685 2036 in
728 1997 928 2048 unum
1002 1981 1174 2035 iratus
1225 1978 1378 2033 fratri
1444 1991 1545 2033 suo
1585 1974 1833 2029 illuditur
1913 1986 1942 2024 a
2002 1968 2227 2029 Satana,

631 2090 739 2128 non
777 2084 997 2128 veretur
1060 2074 1242 2126 dicere
1289 2071 1493 2141 quibus
1552 2067 1868 2122 Saucieutur
1918 2064 2145 2125 animae,
2175 2070 2229 2116 et

631 2168 817 2221 odium
853 2167 956 2220 sibi
988 2172 1339 2234 congeratur.

710 2344 870 2398 Vsus.
908 2343 995 2396 10.
1052 2340 1163 2393 Viri
1194 2342 1515 2410 sanguinttm
1550 2336 1837 2407 participes
1875 2332 1996 2386 odio
2030 2329 2224 2383 habent

630 2448 897 2500 sanctum,
930 2435 1057 2488 recti
1099 2444 1272 2486 autem
1301 2433 1584 2501 exquirunt
1643 2429 1876 2481 animam
1940 2425 2074 2493 ejus.
2118 2421 2225 2487 Qui

632 2529 898 2581 fratribus
923 2528 1061 2587 suis,
1098 2526 1255 2594 quasi
1289 2522 1604 2591 iniquitatis
1638 2518 1934 2589 operarits,
1998 2517 2225 2578 instant,

630 2634 835 2688 (rusque
867 2617 1165 2672 crudeliter
1190 2622 1449 2686 quazruut
1482 2611 1818 2671 interficere,
1882 2608 2062 2662 virum
2114 2620 2229 2661 etne

632 2714 805 2781 ipsius
833 2710 960 2765 vitae
994 2724 1104 2763 non
1137 2714 1460 2778 parcentem
1499 2704 1563 2758 ad
1585 2702 1937 2765 salvandum,
1963 2714 2073 2753 non
2108 2712 2226 2752 sus-

633 2802 914 2865 tinebunt,
946 2802 1075 2869 quia
1126 2799 1237 2852 illis
1271 2795 1651 2851 contradicit:
1710 2790 1978 2847 Homines
2037 2796 2225 2843 autem

633 2893 686 2945 itt
725 2909 784 2947 se
813 2892 951 2946 bene
980 2890 1232 2959 dispositi
1276 2890 1423 2941 illius
1464 2888 1710 2940 animum
1745 2885 1896 2938 intus
1929 2880 2228 2936 abscondi-

632 2978 747 3040 ιιιιῇ
789 2983 1202 3055 deprehendere
1242 2980 1545 3036 studebant
1572 2992 1734 3047 quem
1778 2974 2094 3029 imitentur.

707 3180 872 3235 Vens.
916 3180 1005 3234 il.
1069 3177 1259 3233 Totam
1307 3179 1443 3231 irant
1505 3192 1659 3230 suam
1694 3174 1898 3245 profert
1950 3173 2226 3243 insipiens,

632 3275 846 3345 sapiens
882 3283 1058 3327 autem
1088 3272 1362 3339 dispensat
1404 3286 1496 3338 per
1534 3278 1762 3337 partem.
1814 3268 1952 3322 Cum
2016 3273 2229 3337 partem

634 3367 1075 3426 irrationabilem
1113 3366 1315 3419 animae
1366 3363 1674 3419 secundum
1709 3360 1978 3415 rationem
2027 3358 2231 3427 aliquis

634 3479 743 3518 non
779 3461 940 3533 regit,
970 3469 1045 3526 et,
1085 3458 1469 3530 qualicunque
1521 3457 1672 3509 illata
1718 3455 1920 3523 injuria
1972 3453 2025 3506 in
2064 3452 2229 3505 verba

631 3564 687 3610 t-t
717 3568 885 3626 opera
920 3552 1194 3607 iracunda
1231 3550 1565 3620 prorumpit,
1607 3548 1709 3601 iste
1742 3545 1989 3600 ostendit
2019 3551 2229 3614 quanta

633 3651 704 3704 sit
734 3647 936 3719 cupido
968 3646 1270 3717 amigcntcs
1300 3660 1358 3699 sc
1384 3641 1681 3713 aﬂligendi.
1721 3638 1826 3694 Sed
1879 3653 2008 3693 cum
2069 3636 2230 3690 intel-

632 3743 886 3797 lectuaiis
955 3740 1160 3794 mentis
1235 3737 1437 3791 oculus
1506 3732 1684 3804 gratia
1743 3730 1921 3785 sancti
1986 3726 2232 3796 Spiritus

632 3835 1005 3893 illuminatur,
1044 3838 1098 3886 et
1132 3829 1281 3899 quod
1316 3825 1699 3881 necessarium
1738 3830 1823 3877 est
1866 3819 2039 3882 videt,
2100 3827 2231 3871 tunc

632 3928 769 3980 iram
800 3927 961 3979 homo
978 3923 1191 3976 ratione
1212 3920 1555 3989 comprimit,
1578 3918 1728 3972 illam
1755 3915 1992 3984 singulis
2011 3911 2232 3980 injuriis

630 4015 1039 4080 at'L‘Olllandal,
1094 4014 1222 4082 quia
1278 4013 1364 4069 his
1395 4010 1654 4066 omnibus
1680 4008 1876 4062 fortior
1906 4016 2010 4060 est.

702 4190 871 4246 Vsus.
904 4189 992 4246 i2.
1019 4188 1155 4260 Rege
1184 4188 1499 4243 exaudiente
1529 4188 1741 4242 verbum
1773 4187 2033 4256 injustam
2055 4222 2069 4247 ,
2122 4199 2235 4237 om-

628 4303 717 4338 nes
749 4285 839 4353 qui
876 4282 970 4336 sub
1007 4300 1067 4336 eo
1121 4282 1308 4352 iniqui.
1344 4279 1815 4346 Quemadmodum
1877 4294 1941 4332 ex
2000 4276 2236 4331 ltotuini-

2335 514 2451 583 ρον,
2496 515 2585 567 διὰ
2613 516 2673 567 τὸ
2704 514 2970 567 ἐπίπονον
3000 516 3097 582 τῆς
3137 516 3400 583 ἐργασίας
3432 516 3545 568 τῶν
3572 516 3741 569 αὑτοῦ
3777 520 3932 571 ἐντο-

2327 602 2455 657 λῶν.

2399 693 2466 762 η’.
2504 694 2756 763 Ἀνδρες
2809 696 3023 765 ἄνομοι
3083 696 3427 761 ἐξέκαυσαν
3477 698 3699 751 κύλικ’
3744 700 3931 767 σοφοὶ

2326 786 2396 840 δὲ
2444 788 2843 855 ἀπέστρεψαν
2874 789 3083 858 ὀργήν.
3152 791 3217 843 Oi
3264 790 3416 859 παρὰ
3464 790 3565 859 τὴν
3592 790 3745 843 θείαν
3777 794 3930 843 ἐντο-

2326 878 2445 948 λὴν,
2470 878 2545 941 ὠς
2571 878 2628 930 ἐν
2648 896 2757 931 τινι
2788 880 2944 932 πόλει
2977 884 3046 949 τῇ
3091 879 3238 951 ψυχῇ
3289 880 3540 950 θρασέως
3568 882 3935 950 στρεφόμενοι

2326 971 2599 1041 λογισμοὶ,
2654 972 2779 1025 κατ’
2830 971 3139 1043 ἀνθρώπων
3196 972 3403 1043 ταύτην
3442 974 3755 1044 ὲξέμηναν·
3804 976 3935 1026 τού-

2323 1080 2450 1126 τους
2495 1062 2553 1115 δὲ
2577 1063 2629 1115 οἱ
2657 1063 2793 1133 θείῳ
2830 1063 2982 1133 φόϐῳ
3020 1068 3077 1117 ὲν
3102 1064 3242 1133 αὑτῇ
3274 1063 3609 1133 κινούμενοι,
3653 1065 3734 1127 είς
3762 1064 3939 1132 γαλή-

2326 1172 2425 1224 νην
2455 1155 2859 1226 μετέστρεψαν,
2903 1157 3429 1226 εἰρηνοποιήσαντες
3460 1157 3654 1226 αὐτὴν,
3704 1157 3803 1209 καὶ
3843 1158 3939 1207 τὸν

2324 1244 2567 1315 τάραχον
2590 1244 2686 1297 τοῦ
2726 1244 2901 1315 θυμοῦ
2930 1245 3398 1308 κατασϐέσαντες.

2394 1335 2460 1389 θ’.
2500 1336 2673 1405 Ἀνὴρ
2707 1338 2923 1406 σοφὸς,
2957 1338 3148 1406 κρίνει
3188 1338 3336 1406 ἔθνη
3367 1355 3381 1370 ο
3413 1339 3572 1407 ἀνὴρ
3598 1338 3668 1392 δὲ
3689 1339 3927 1408 φαῦλος

2324 1428 2731 1497 ὀργιζόμενος,
2764 1428 3186 1500 καταγελᾶται,
3216 1431 3317 1485 καί
3360 1435 3433 1486 οὐ
3484 1431 3934 1498 κατωττήοσει.

2338 1518 2398 1570 'U
2425 1519 2559 1589 θείῳ
2590 1520 2767 1590 φόϐῳ,
2796 1521 2855 1583 ὃς
2882 1522 3027 1591 ἀρχὴ
3061 1524 3257 1589 σοφίας
3300 1524 3442 1587 ἐστὶ,
3490 1524 3552 1575 τὸ
3587 1522 3796 1591 ἀγαθον
3839 1527 3939 1592 ὲρ-

2327 1612 2652 1682 γαζόμενος,
2704 1612 2927 1677 κολάζει
2974 1616 3044 1667 τὰ
3078 1614 3355 1683 ἀλλόφυλα
3385 1615 3560 1685 πάθη,
3612 1616 3713 1685 τὴν
3744 1617 3940 1667 ἐπιθυ-

2335 1703 2466 1773 μῖαν
2493 1704 2589 1756 καὶ
2618 1704 2710 1757 τὸν
2745 1704 2918 1775 θυμόν
2943 1720 2954 1732 ·
2988 1706 3134 1758 κατὰ
3185 1705 3343 1773 λόγον
3392 1706 3673 1767 πείθοντα,
3705 1705 3807 1775 τὴν
3837 1706 3940 1774 μὲν

2331 1793 2652 1864 ἐπιθυμίαν,
2695 1796 2807 1847 τῶν
2837 1795 3043 1865 ἡδονῶν
3080 1796 3522 1867 ὲγκρατεύεσθαι
3548 1811 3565 1827 ⁶
3604 1797 3697 1849 τὸν
3724 1796 3781 1849 δὲ
3836 1797 3939 1848 θυε-

2334 1884 2458 1955 μδν,
2487 1885 2554 1938 τὰ
2581 1884 2820 1956 ὀδυνηρά
2847 1887 3144 1957 ὑπομένειν
3171 1903 3184 1917 ·
3236 1890 3265 1940 ὁ
3296 1888 3353 1940 δὲ
3385 1887 3487 1957 τῆς
3521 1888 3724 1949 κακίας
3767 1889 3941 1957 ἔργά-

2329 1993 2452 2043 της,
2507 1977 2631 2045 εἱκῆ
2693 1978 2814 2029 κατ’
2869 1978 3106 2047 ἀδελφοῦ
3157 1978 3538 2050 ὀργιζόμενος,
3598 1979 3940 2047 ὲμπαίζεται

2332 2069 2438 2122 ὑπὸ
2479 2068 2573 2121 τοῦ
2605 2069 2861 2122 Σατανᾶ·
2909 2070 3006 2122 καὶ
3061 2072 3162 2141 οὑχ
3212 2071 3607 2123 ὑποστέλλεται
3646 2071 3837 2139 λέγων
3869 2073 3944 2126 τὰ

2330 2160 2639 2229 πλήττοντα
2664 2160 2865 2229 ψυχας,
2896 2162 2992 2215 καὶ
3017 2162 3099 2225 εἰς
3128 2163 3286 2231 μῖσος
3314 2160 3511 2215 ἑαυτοῦ
3538 2162 3711 2225 αὑτὰς
3736 2162 3943 2230 διεγεί-

2330 2269 2521 2323 ροντα.

2399 2351 2452 2397 ι’.
2482 2344 2726 2412 Ἄνδρες
2745 2344 3013 2413 alneier
3033 2344 3299 2413 μέτοχοι,
3320 2344 3708 2414 μισήσουσιν
3736 2345 3941 2399 ὅσιον·

2288 2420 2383 2491 ὀι
2417 2436 2485 2489 δὲ
2545 2437 2741 2503 εὺϐεἴς
2786 2436 3195 2505 ἐκζητήσουσι
3246 2437 3463 2506 ψυχὴν
3505 2438 3718 2491 αὐτοῦ.
3753 2441 3817 2490 υξ
3862 2439 3943 2501 ὡς

2325 2532 2436 2592 τοῖς
2484 2528 2717 2598 ἀνομίας
2767 2530 3055 2598 ἐργάταις,
3089 2532 3201 2593 τοῖς
3252 2529 3504 2598 ἀδελφοῖς
3556 2530 3942 2599 ἐπιτιθέμενοι

2330 2621 2424 2673 καὶ
2473 2620 2723 2691 φθείρειν
2774 2622 3001 2681 τούτους
3051 2622 3444 2692 ἀπανθρώπως
3497 2623 3942 2692 ἐπιχειροῦντες,

2326 2712 2420 2763 τὸν
2446 2713 2587 2782 ὑπὲρ
2619 2716 2718 2783 τῆς
2776 2713 3057 2783 σωτηρίας
3088 2714 3212 2783 μηδ’
3262 2716 3433 2784 αὐτῆς
3485 2715 3807 2784 φειδόμενον
3840 2714 3945 2782 τῆς

2327 2804 2497 2873 ζωῆς,
2538 2807 3087 2877 ἀποστραφήσονται,
3118 2808 3314 2877 ἐπειδὴ
3340 2809 3698 2878 ἀντιπράττει
3728 2810 3940 2869 αὐτοῖς·

2327 2899 2377 2949 οἱ
2405 2899 2449 2950 δ’
2483 2894 2541 2949 εὑ
2581 2898 2952 2967 τιθέμενοιτὰ
3002 2900 3237 2962 ἑαυτῶν,
3276 2900 3611 2953 καταλαὸεῖν
3639 2900 3947 2954 σπεύσουσι

2256 3002 2300 3061 C
2336 2990 2676 3060 μιμητικῶς,
2728 2990 2828 3060 τὴν
2877 2991 3021 3044 κατὰ
3063 2993 3245 3063 ψυχὴν
3295 2993 3694 3063 κεκρυμμένην
3745 2993 3944 3046 τούτου

2331 3084 2596 3139 διάθεσιν.

2404 3182 2493 3230 ια’.
2533 3180 2724 3231 Ὄλον
2765 3177 2874 3231 τὸν
2918 3179 3113 3247 θυμὸν
3160 3178 3354 3233 αὐτοῦ
3399 3177 3639 3247 ἐκφέρει
3686 3179 3942 3247 ἄφρων·

2332 3271 2531 3339 σορὸς
2572 3269 2642 3323 δὲ
2673 3270 3009 3339 ταμιεύεται
3048 3271 3202 3324 κατὰ
3231 3270 3442 3340 μέρος.
3484 3272 3544 3324 ’0
3573 3271 3648 3342 μὴ
3681 3271 3829 3324 κατὰ
3854 3271 3945 3324 λό-

2332 3376 2431 3427 γον
2466 3360 2528 3412 τὸ
2559 3359 2662 3427 τῆς
2700 3358 2883 3429 ψυχῆς
2915 3360 3112 3427 ἄλογον
3157 3361 3325 3431 μέρος
3373 3359 3833 3423 καθυποτάσσων,
3870 3361 3947 3429 μὴ

2334 3451 2520 3520 φέρων
2572 3452 2757 3503 ὁποῖον
2786 3450 2853 3503 ἂν
2898 3452 2983 3519 εἴη
3035 3452 3098 3504 τὸ
3138 3451 3293 3521 παρά
3341 3468 3493 3515 τινος
3541 3452 3948 3522 ὲπισυμδαῑνον

2335 3542 2484 3612 αὑτῷ
2517 3542 2791 3613 θλιϐερὸν,
2811 3543 3053 3611 ὀργίλοις
3074 3545 3285 3614 ῥήμασί
3310 3562 3369 3597 τε
3411 3544 3507 3597 καὶ
3524 3544 3711 3614 ἔργοις
3731 3546 3946 3607 αὐτοῖς,

2336 3638 2567 3705 φανεροί
2593 3635 2728 3705 ὅσην
2755 3634 2871 3705 ἔχει
2901 3634 2999 3706 τὴν
3026 3636 3218 3707 ὄρεξιν
3240 3640 3339 3706 τῆς
3361 3637 3504 3689 κατὰ
3535 3635 3633 3690 τοῦ
3662 3637 3947 3707 λυπήσαν-

2333 3743 2425 3788 τος
2453 3726 2644 3779 τοῦτον
2672 3727 3093 3797 ἀντιλυπήσεως
3115 3745 3132 3758 ·
3164 3732 3191 3781 ὀ
3231 3728 3289 3781 δὲ
3324 3729 3384 3781 τὸ
3412 3729 3598 3798 νοερὸν
3625 3730 3725 3799 τῆς
3764 3731 3947 3800 ψυχῆς

2334 3818 2490 3888 ὄμμα
2517 3821 2582 3887 τῇ
2611 3821 2797 3890 χάριτι
2817 3819 2911 3872 τοῦ
2932 3821 3206 3888 παναγίου
3239 3821 3558 3891 Πνεύματοξ
3584 3825 3950 3893 πεφωτισμέ-

2336 3928 2446 3973 νος,
2486 3912 2581 3964 καὶ
2612 3911 2673 3964 τὸ
2705 3911 2828 3965 δέον
2867 3912 3035 3984 ὁρῶν,
3085 3913 3231 3984 λόγῳ
3267 3914 3361 3968 τὸν
3393 3915 3567 3986 θυμὸν
3590 3917 3945 3981 ὑποτάσσων,

2338 4002 2630 4055 συστέλλει
2658 4003 2853 4057 τοῦτον
2899 4005 3024 4057 καθ’
3060 4006 3294 4058 ἕκαστον
3348 4007 3459 4059 τῶν
3517 4007 3815 4080 θὶιὸερῶν,
3856 4005 3946 4063 οἷα

2337 4096 2474 4146 πᾶσι
2502 4094 2717 4157 τούτοις
2746 4096 3013 4163 γενναίως
3043 4099 3422 4169 ὲγκαρτερῶν.

2415 4185 2503 4256 ιβ’.
2537 4186 2844 4252 Βασιλέως
2865 4188 3281 4255 ἐπακούοντος
3311 4192 3503 4259 ,λόγον
3523 4190 3759 4256 ἄδικον,
3794 4193 3951 4244 :ta'r-

2339 4296 2439 4344 τες
2482 4282 2536 4333 οί
2587 4279 2690 4334 ὑπ’
2720 4280 2911 4336 αὐτὸν
2946 4280 3304 4351 παράνομοι.
3339 4282 3553 4353 Ὥσπερ
3597 4284 3747 4345 τινὸς
3794 4285 3947 4353 βασι·

630 4365 757 4443 lnts,
793 4393 915 4446 rege
957 4375 1191 4430 consilia
1212 4350 1347 4427 uiris
1374 4373 1562 4443 probis
1591 4371 1843 4441 opposita
1876 4369 2226 4431 admittente,

2335 4372 2587 4436 λεύοντος
2634 4372 2979 4444 ἀνθρώπων,
3028 4350 3480 4444 παραδεχομένου
3525 4350 3817 4449 ὑποθήκην
3867 4379 3947 4447 τῷ

627 4485 823 4526 omnes
861 4468 1151 4523 inferiores
1188 4466 1337 4521 docti
1372 4466 1440 4519 ab
1471 4480 1538 4520 eo
1572 4456 1871 4533 illegitima
1898 4469 2228 4532 operantur;

624 4566 708 4620 sic
749 4563 839 4617 ubi
872 4563 1062 4633 regina
1102 4562 1352 4615 omnium
1395 4559 1594 4612 anima:
1640 4557 2011 4626 potentiarum
2069 4555 2232 4609 intel-

628 4656 855 4726 ligentia
889 4656 1039 4710 cedit
1071 4652 1471 4708 teutationibus
1506 4648 1712 4702 diaboli
1738 4654 1935 4702 contra
1973 4647 2231 4701 mandata

628 4748 750 4811 Dei,
775 4762 968 4802 omnes
1012 4753 1317 4817 potestates
1347 4742 1626 4813 praedictae
1661 4740 1927 4811 praedicta
1965 4739 2223 4793 mandata

631 4841 1138 4913 transgrediuntur,
1174 4847 1231 4894 et
1257 4839 1402 4892 male
1435 4848 1758 4907 operantur.

699 5022 866 5078 Vsus.
898 5022 984 5076 i3.
1031 5018 1355 5074 Feneratorc
1392 5028 1437 5072 et
1469 5018 1703 5072 debitore
1733 5015 1954 5069 invicem
2004 5028 2232 5067 concur-

628 5117 869 5172 rentibus
902 5115 1265 5173 visitationem
1298 5115 1576 5181 utriusque
1617 5111 1747 5180 facit
1773 5108 2056 5164 Dominus.
2095 5109 2233 5162 Ani-

629 5225 740 5275 ma,
776 5211 889 5263 vita
922 5208 1073 5262 carni
1111 5206 1402 5277 inspirata,
1434 5206 1592 5274 quasi
1638 5201 1892 5258 debitum
1922 5202 2129 5271 repetit
2173 5211 2233 5255 ut

628 5300 734 5355 sibi
782 5299 849 5352 ad
884 5297 1261 5369 pulcherrima
1319 5297 1393 5351 sit
1422 5295 1576 5350 socia
1628 5309 1839 5363 operis,
1895 5293 2228 5362 quibusdam

627 5406 759 5446 vero
778 5392 929 5447 curis
996 5391 1227 5445 omnino
1282 5388 1519 5444 distrahi
1550 5401 1660 5441 non
1705 5386 1854 5451 vult;
1889 5386 1970 5441 sic
1996 5394 2053 5439 et
2094 5399 2229 5437 caro

625 5482 970 5554 providentia
1004 5482 1201 5536 animm
1233 5490 1356 5550 eget
1399 5479 1465 5533 ad
1504 5493 1663 5533 suam
1714 5479 2225 5541 conservationetn,

620 5580 672 5633 ei
704 5592 835 5631 vero
871 5575 1101 5629 omnino
1133 5575 1359 5629 obedire
1406 5574 1457 5626 in
1496 5572 1887 5625 observatione
1942 5571 2230 5624 tttandato-

620 5684 744 5726 I'unt
776 5668 892 5732 Dei,
945 5676 1132 5737 utpote
1164 5667 1328 5722 nimis
1361 5666 1557 5728 ardua,
1587 5674 1825 5718 recusat.
1846 5662 2225 5720 Cousetttienti

622 5778 753 5833 ergo
801 5771 1058 5832 utraque,
1120 5761 1306 5817 anima
1354 5760 1511 5815 carni
1569 5762 1622 5813 itt
1685 5759 1957 5829 parandis
1991 5761 2132 5813 cibis
2168 5769 2223 5815 et

2335 4464 2532 4533 δικαίῳ
2582 4464 2884 4529 ἀντίθετον,
2930 4466 2983 4519 oi.
3016 4465 3108 4518 ὑπ’
3138 4466 3305 4519 αὑτὸν
3346 4468 3497 4539 αὐτῷ
3540 4469 3944 4535 ὑπακούοντες,

2335 4555 2397 4607 τὸ
2440 4554 2754 4625 παράλογον
2797 4554 3250 4625 διαπράττονται·
3297 4556 3443 4610 οὕτω
3475 4559 3572 4611 καὶ
3606 4559 3703 4612 τοῦ
3751 4563 3945 4613 πασῶν

2334 4646 2443 4700 τῶν
2477 4645 2728 4716 ψυχικῶν
2754 4645 3042 4717 δυνάμεων
3072 4649 3507 4718 ἡγεμονεύοντος
3563 4649 3677 4715 νοῦ,
3732 4651 3942 4704 ὑποκύ·

2338 4757 2563 4803 πτοντος
2594 4742 2660 4810 τῇ
2720 4739 2987 4811 ἀντιθέτῳ
3035 4742 3102 4811 τῇ
3167 4740 3291 4813 θείᾳ
3321 4741 3508 4812 ἐντολῇ
3547 4743 3807 4814 ὑποθήκῃ
3850 4742 3944 4796 τοῦ

2338 4830 2578 4894 Σατανᾶ,
2603 4829 2780 4882 πᾶσαι
2808 4829 2866 4881 ai
2892 4830 3187 4901 εἰρημέναι
3216 4832 3481 4900 δυνάμεις
3506 4831 3609 4902 τὴν
3640 4834 3943 4904 εἰρημένην

2337 4919 2559 4986 ἐντολὴν
2593 4920 3028 4991 παραϐαίνουσι,
3058 4923 3121 4976 τὸ
3147 4923 3319 4977 κακὸν
3350 4924 3754 4995 ἐργαζόμεναι.

2412 5012 2499 5081 ιγ’.
2532 5014 2862 5070 Δανειστοῦ
2882 5017 2982 5070 καὶ
3003 5018 3774 5087 χρεωφειλέτουιιιλήλοις
3793 5038 3945 5075 συν-

2336 5112 2663 5176 ελθόντων,
2696 5112 3051 5181 ἐπισκοπὴν
3074 5115 3428 5184 ἀμφοτέρων
3469 5116 3729 5170 ποιεῖται
3767 5122 3799 5171 ό
3830 5121 3944 5172 Κύ-

2328 5222 2487 5273 ριος.
2528 5205 2591 5257 Ἠ
2616 5204 2767 5275 ψυχὴ
2809 5205 3178 5276 μεταδιδοῦσα
3221 5208 3369 5278 ζωῆς
3400 5211 3466 5278 τῇ
3499 5208 3691 5280 σαρκὶ,
3724 5210 3945 5263 ἀπαιτεί

2340 5299 2443 5368 μὲν
2483 5297 2655 5370 αὐτὴν
2682 5298 2758 5363 ὥς
2791 5316 2846 5352 τι
2878 5299 3041 5372 χρέος
3074 5300 3136 5354 τὸ
3172 5301 3562 5371 συνεργεῖσθαι
3598 5302 3737 5372 παρ’
3777 5304 3945 5372 αὐτῆς

2337 5391 2476 5462 πρὸς
2512 5394 2579 5444 τὰ
2630 5390 2927 5446 κάλλιστα·
2970 5393 3033 5446 οὑ
3067 5391 3321 5463 βούλεται
3362 5393 3420 5447 δὲ
3447 5394 3589 5458 ὄσλως
3646 5398 3944 5468 μερίμναις

2335 5482 2401 5536 δι’
2430 5481 2603 5553 αὐτὴν
2636 5484 3017 5554 περισπᾶσθαι
3041 5500 3217 5539 τισιν’
3243 5487 3383 5556 αὑτὴ
3418 5485 3475 5539 δὲ
3500 5489 3531 5557 ἡ
3556 5485 3698 5558 σὰρξ
3752 5490 3943 5559 χρῄζει

2341 5576 2437 5645 μὲν
2467 5575 2565 5643 τῆς
2593 5575 2748 5644 παρὰ
2769 5577 2867 5646 τῆς
2901 5577 3083 5647 ψυχῆς
3126 5579 3409 5649 προνοίας,
3446 5579 3586 5648 πρὸς
3615 5580 3717 5650 τὴν
3748 5583 3942 5650 ἑαυτῆς

2339 5668 2602 5722 σύστασιν
2624 5688 2636 5702 ·
2670 5672 3035 5725 ἀπαναίνεται
3071 5671 3128 5726 δὲ
3158 5673 3411 5727 ὑπείκειν
3444 5673 3584 5739 ὅλως
3626 5676 3769 5747 αὐτῇ
3812 5676 3941 5746 πρὸς

2298 5814 2302 5819 .
2338 5761 2437 5825 τὴν
2461 5763 2570 5817 τῶν
2597 5763 2759 5817 θείων
2792 5765 3026 5820 ἐντολῶν
3054 5766 3343 5837 ἐργασίαν,
3377 5765 3465 5821 διὰ
3496 5767 3559 5821 τὸ
3584 5768 3799 5841 ταύτης
3824 5771 3935 5822 ἐπί-
