4220 6462
321 407 457 473 1517
1346 402 1878 465 COMMENTARII
1917 404 1999 465 IN
2031 401 2489 464 PROVERBIA.
3451 399 3586 463 1513

318 540 515 578 πονον·
557 520 930 575 συνελθουσῶν
974 514 1065 573 οὖν
1117 518 1398 590 ἀλλήλαις.
1435 520 1534 587 τῆς
1579 520 1679 588 μὲν
1726 518 1949 587 ψυκῆἶλ

2054 516 2356 571 estimentis
2415 515 2651 569 maxime
2706 514 3080 575 necessariis;
3132 521 3181 565 et
3243 529 3406 568 carne
3461 531 3588 569 cum

317 621 384 685 τῇ
418 617 599 685 σαρκὶ,
648 613 784 684 πρὸς
834 614 895 665 τὸ
949 612 1352 681 περιποιεῖσθαι
1399 611 1537 679 αὐτῇ
1583 610 1901 679 διατροφὰς,

2054 608 2195 660 nima
2228 608 2283 661 in
2333 605 2641 662 obediendo
2685 616 2741 659 et
2784 604 3030 659 facienda
3083 605 3309 668 virtute,
3372 606 3591 672 utriqzm

320 709 415 759 καὶ
456 706 822 776 σκεπάσματα
875 704 944 757 τά
1002 705 1163 774 μόνον
1217 702 1658 769 ἀναγκαιότατα·
1705 701 1805 769 τῆς
1846 700 1903 752 δὲ

2058 699 2291 767 rospicit
2357 696 2499 753 Deus
2570 698 2752 751 omnis
2807 706 3076 750 creatura:
3136 696 3479 751 rationabilis
3539 708 3594 749 tt

325 799 526 867 σαρκὸς
551 800 617 868 τῇ
649 797 819 869 ψυχῇ,
867 798 946 859 είς
986 796 1047 848 τὸ
1071 796 1318 848 ὑπείκειν
1349 793 1520 865 ταύτῃ
1544 793 1679 864 πρὸς
1708 791 1907 860 πρᾶξιν

2054 791 2309 856 :nsitivze,
2340 803 2395 845 et
2426 789 2589 845 saluti
2638 788 2949 844 necessaria
2980 788 3202 856 utrique
3234 787 3459 855 praebet.

320 892 430 944 τῶν
487 891 725 960 ἀρετῶν,
778 889 1098 959 ἀμφοτέρας
1149 888 1522 959 προνοητικῶς
1579 884 1864 939 ἐπιϐλέπει
1908 884 1936 937 ό
1974 885 2259 953 Δεσπότης
2329 886 2510 949 πάσης
2580 884 2680 953 τῆς
2769 883 2969 952 νοητῆς
3018 881 3114 934 κα)⁵
3166 880 3264 949 τῆς
3325 880 3599 949 αἰσθητῆς

323 986 575 1051 κτίσεως,
610 986 865 1057 χορηγῶν
888 988 1080 1049 αὐταῖς
1109 985 1176 1038 τὰ
1200 986 1437 1055 ἑκατέρᾳ
1460 984 1596 1055 πρὸς
1626 984 1901 1054 σωτηρίαν
1940 980 2248 1053 πρόσφορα.

395 1079 476 1132 ιδ’.
511 1078 819 1142 Βασιλέως
862 1077 931 1129 ἐν
957 1077 1210 1143 ἀληθείᾳ
1259 1076 1576 1144 κρίνοντος
1608 1075 1903 1142 πτωχοὺς,

2091 1069 2260 1124 Vnus.
2298 1071 2387 1125 N.
2416 1069 2572 1140 Regis
2603 1072 2656 1123 in
2709 1072 2932 1125 ueritate
2965 1071 3265 1138 judicautts
3317 1089 3599 1140 pauperes,

325 1173 358 1224 ό
380 1171 592 1238 θρόνος
632 1168 820 1223 αὐτοῦ
868 1169 955 1233 είς
983 1167 1314 1235 μαρτύριον
1365 1166 1905 1232 κατασταθήσεται.

2054 1161 2163 1216 edes
2206 1162 2318 1231 ejus
2370 1164 2424 1215 in
2466 1164 2825 1217 testimonium
2875 1165 3246 1221 constituetur.
3295 1166 3447 1220 Sicut
3511 1182 3600 1219 τω(

327 1258 541 1327 Ὠσπερ
568 1257 835 1327 βασιλέως
864 1254 1006 1317 τινὸς
1032 1253 1177 1307 κατὰ
1218 1252 1316 1311 τὰς
1346 1252 1587 1321 ψυχικὰς
1613 1250 1907 1313 διαθέσεις,

2054 1252 2293 1321 ubjectos
2312 1252 2519 1321 indie-tt
2542 1255 2763 1309 attentis
2790 1255 2983 1308 animae
2999 1256 3468 1324 dispositionibus,
3496 1272 3603 1309 non

323 1350 453 1410 τοὺς
481 1349 573 1401 ὑπ’
594 1348 758 1401 αὑτὸν
781 1349 1082 1420 κρίνοντος,
1110 1346 1204 1399 καὶ
1224 1345 1345 1415 οὐχὶ
1368 1346 1509 1398 κατά
1536 1345 1636 1406 τὰς
1654 1342 1912 1413 φαινομέ-

2055 1354 2245 1399 xterna
2271 1345 2558 1416 dignitate,
2587 1348 2667 1400 vel
2699 1346 3015 1401 hominibus
3045 1363 3107 1401 ca
3142 1349 3377 1411 vestitis,
3414 1349 3504 1417 qui
3539 1350 3605 1401 ad

325 1458 424 1504 νας
451 1441 627 1504 ἀξίας,
662 1440 769 1492 κᾶν
792 1437 999 1492 τούτων
1033 1437 1382 1505 ὑπάρχοντας
1428 1436 1555 1498 τοὺς
1604 1435 1695 1487 ὑπ’
1748 1433 1912 1488 αὑτὸν

2054 1452 2082 1492 e
2104 1438 2350 1502 veniunt,
2380 1437 2547 1509 hujus
2572 1437 2715 1508 regis
2745 1440 3015 1493 sententia
3037 1456 3065 1493 e
3090 1441 3289 1493 throno
3307 1440 3605 1510 refulgens.

327 1532 630 1596 ἐνδεεῖς,τδ
665 1528 945 1601 βασιλικὸν
989 1528 1185 1580 τούτου
1232 1527 1475 1596 ἀξίωμα,
1500 1527 1638 1596 ὅπερ
1676 1528 1703 1579 ό
1725 1526 1916 1596 θρόνος

2054 1530 2151 1583 toni
2187 1538 2242 1585 et
2270 1529 2399 1583 mali
2424 1532 2550 1584 erit
2600 1529 2887 1585 iudicium.
2925 1530 2999 1584 Ita
3028 1532 3248 1601 quando
3278 1534 3607 1595 intellectus,

328 1622 653 1692 παραδηλοῖ,
694 1622 776 1684 είς
838 1621 1060 1688 ἔλεγχον
1104 1618 1257 1671 ἐσται
1287 1618 1398 1670 τῶν
1430 1634 1490 1669 τε
1530 1615 1779 1684 ἀγαθῶν,
1821 1617 1917 1671 καὶ

2054 1640 2135 1695 [uo
2160 1624 2442 1689 ducimur,
2476 1626 2545 1680 ad
2566 1627 2845 1688 latentem.
2885 1642 2993 1680 non
3026 1628 3090 1680 ad
3119 1641 3467 1697 apparentem
3494 1631 3613 1697 pul-

327 1717 441 1769 τῶν
477 1718 553 1788 μὴ
582 1714 863 1779 τοιούτων,
918 1712 1063 1767 οὕτω
1093 1712 1189 1765 καὶ⁵
1230 1710 1326 1763 τοῦ
1358 1710 1623 1801 ἡγεμόνος
1665 1707 1805 1780 [νοῦ]
1842 1708 1917 1801 μή

331 1808 471 1877 πρὸς
513 1807 583 1861 τά
617 1806 922 1876 φαινόμενα
975 1801 1174 1871 κάλλη,
1222 1800 1359 1855 ἀλλά
1416 1798 1555 1871 πρὸς
1610 1799 1682 1851 τά
1733 1798 1917 1869 ἀφανῆ

332 1898 652 1969 βλέποντος,
707 1898 802 1951 καὶ
854 1895 925 1949 τά
977 1894 1149 1956 ὅντως
1173 1891 1354 1961 ἁγαθά
1394 1890 1505 1945 τῶν
1545 1889 1922 1960 νομιζομένων

2028 1716 2405 1771 chritudinem
2441 1718 2669 1787 respicit
2698 1726 2754 1772 et
2783 1733 2912 1772 vere
2950 1719 3090 1773 bona
3134 1719 3407 1774 illusnriis
3473 1735 3614 1787 prm-

2028 1805 2202 1875 ponit,
2239 1806 2380 1862 liber
2395 1819 2479 1861 est
2512 1823 2541 1860 a
2569 1808 2922 1875 passionihus
2946 1811 3118 1879 gratia
3150 1811 3389 1879 Spiritus
3413 1813 3613 1873 sancti,

2029 1903 2085 1951 et
2118 1898 2311 1967 recipit
2364 1898 2547 1954 lumen
2586 1900 2652 1954 ad
2708 1900 3072 1969 iudicandum
3132 1903 3274 1955 inter
3324 1905 3526 1957 bonum
3563 1913 3619 1956 et.

333 1992 749 2063 προκρίνοντος,
800 1990 833 2058 ἡ
883 1988 1028 2041 κατά
1080 1985 1191 2039 τῶν
1227 1983 1422 2039 παθῶν
1448 1982 1668 2050 ἐξουσία
1699 1982 1917 2050 τούτου,
1946 1978 1995 2037 Β
2024 1989 2251 2044 malum.

333 2088 456 2157 ἥτις
484 2084 579 2137 τοῦ
609 2082 877 2151 παναγίου
924 2077 1427 2159 Πνεῦματοςχάρις
1457 2076 1577 2129 ἐστὶ
1640 2075 1759 2143 φῶς
1820 2075 2145 2149 ὑπάρχουσα
2197 2079 2455 2151 γνώσεως
2511 2082 2693 2153 λόγοις
2773 2083 3182 2148 διδασκαλικοῖς
3232 2085 3496 2154 διελέγξει
3559 2092 3621 2142 τό

334 2196 394 2232 τε
420 2178 647 2247 ἀγαθὸν,
687 2177 782 2229 καὶ
820 2175 880 2227 το
908 2173 1168 2242 πονηρόν.

410 2274 496 2328 ιε’,
524 2272 753 2343 tumul
784 2269 883 2322 καὶ
921 2269 1162 2337 ἔλεγχοι
1212 2265 1448 2320 διδόασι
1501 2265 1727 2334 σοφίαν
1749 2280 1761 2295 ³
1784 2265 1927 2331 παῖς

336 2368 405 2422 δὲ
426 2366 841 2434 πλανώμενος,
869 2360 1149 2429 αἰσχύνει
1179 2358 1375 2429 γονεῖς
1413 2356 1620 2412 αὑτοῦ.
1652 2356 1929 2429 Τιμωρίαι

340 2458 443 2529 ult?)
487 2458 708 2519 πάντως
774 2454 927 2526 παρὰ
977 2452 1185 2521 πατρὸς
1238 2450 1604 2519 ἐπαγόμεναι,
1656 2451 1749 2502 καὶ
1780 2449 1929 2517 λόγοι

254 2606 272 2620 λ
345 2550 484 2621 μετά
510 2547 826 2619 παρρησίας
849 2543 1213 2614 ιρανεροῦντε.⁸
1244 2543 1312 2596 τά
1340 2543 1491 2595 αἴτια
1510 2542 1622 2595 τῶν
1643 2542 1929 2613 τιμωριῶν

343 2642 772 2714 ἁμαρτήματα,,
794 2638 888 2691 καὶ
918 2634 1383 2705 καταισχύνοντες
1413 2634 1576 2687 αὑτὸν
1610 2634 1747 2704 πρὸς
1784 2634 1930 2704 διόρ-

343 2732 532 2795 θωσιν,
566 2728 828 2800 ἀληθείας
888 2726 1091 2795 γνῶσιν
1128 2727 1305 2795 τούτῳ
1353 2724 1659 2795 χαρίζεται.
1700 2725 1827 2788 Υἱὸς
1849 2724 1929 2789 δὲ,

342 2823 443 2888 τῆς
475 2818 734 2889 ἀληθείας
792 2814 1286 2885 ἀποπλανώμενος,
1309 2814 1404 2867 καὶ
1436 2812 1547 2868 τῶν
1590 2814 1759 2877 ὅντως
1790 2816 1931 2883 ἀγα-

346 2912 454 2964 θῶν
476 2910 543 2964 τά
572 2909 909 2981 νομιζόμενα
940 2906 1390 2977 προτιμώμενος,
1442 2907 1506 2959 ἐκ
1536 2904 1632 2959 τοῦ
1667 2905 1932 2979 πράττειν

345 3007 415 3058 τὰ
443 3004 755 3075 παράλογα,
784 3002 913 3064 τοὺς
974 3000 1138 3069 ἰδίους
1188 3000 1543 3069 καταισχύνει
1578 3000 1935 3070 γεννήτορας,

348 3100 565 3155 πολλῶν
631 3097 893 3169 μέμψεων
969 3093 1185 3156 τούτοις
1247 3094 1511 3164 ὑπάρχων
1611 3094 1937 3163 παραίτιοςο

352 3198 446 3248 ἐπε
459 3194 542 3265 ιδὴ
580 3194 655 3265 μὴ
687 3192 787 3263 τῆς
822 3187 1211 3261 προσηκούσης
1236 3186 1486 3252 παιδείας
1514 3185 1783 3257 τετύχηκε
1808 3186 1940 3256 παρ’

351 3286 556 3339 αὐτῶν.
1162 3350 1166 3355 η

430 3378 515 3443 ιζ’.
549 3374 805 3431 Πολλῶν
845 3375 1035 3428 ὄντων
1079 3369 1337 3437 ἀσεϐῶν,
1398 3369 1622 3426 πολλαὶ
1676 3371 1945 3441 γίνονται

355 3470 633 3537 ἁμαρτίαι
649 3485 663 3498 ’
702 3469 756 3520 oi
772 3466 841 3518 δὲ
861 3465 1098 3526 δίκαιοι,
1124 3463 1374 3517 ἐκείνων
1394 3462 1753 3523 πιπτόντων,
1768 3458 1949 3514 κατά-

356 3563 530 3631 φοϐοι
557 3561 844 3629 γίνονται.
901 3557 1024 3610 Τῶν
1073 3555 1285 3609 πολλῶν
1345 3555 1421 3626 μή
1471 3554 1539 3608 δι’
1578 3552 1946 3623 ἀγαθοεργίας

356 3651 645 3723 τιμώντων
679 3650 834 3714 Θεὸν,
887 3648 1059 3701 πο).λά
1113 3646 1287 3715 τούτῳ
1327 3647 1402 3718 μὴ
1431 3646 1736 3719 ἀρέσκοντα
1774 3645 1949 3716 πράτ-

356 3760 578 3799 τονται·
630 3743 856 3807 τούτους
906 3741 962 3795 δέ
1026 3742 1076 3795 οἱ
1155 3742 1465 3813 ἀμέμπτως
1539 3740 1949 3810 πολιτευόμενοι

361 3837 642 3897 ἐλεοῦντες
689 3834 784 3888 τοῦ
849 3833 1165 3903 πτώματος,
1224 3832 1453 3895 ἑαυτοὺς
1511 3830 1590 3901 τῷ
1634 3830 1763 3900 θείῳ
1800 3830 1952 3901 φόϐῳ

359 3926 889 3997 κατασφαλίςονται,
941 3924 1082 3977 ὥστε
1146 3922 1223 3993 μὴ
1252 3924 1362 3986 τοῖς
1409 3921 1617 3992 ὁμοίοις
1649 3923 1949 3993 περιπέσῃ.

438 4019 524 4084 ις’.
551 4018 805 4072 Παίδευε
834 4017 971 4071 υἱόν
1022 4033 1162 4081 σου,
1197 4014 1294 4069 καί
1329 4015 1671 4069 ἀναπαύσει
1705 4028 1812 4068 σε·
1850 4015 1951 4070 καί

361 4108 541 4163 δώσει
567 4109 802 4178 κόσμον
854 4105 928 4175 τῇ
979 4104 1152 4175 ψυχῇ
1185 4122 1324 4159 σου.
1360 4105 1496 4173 Ἀγε
1541 4104 1632 4157 τὸν
1659 4104 1750 4157 σὺν
1787 4103 1955 4158 παῖδα

361 4198 726 4270 ψυχωφελῶς,
757 4198 823 4253 ἀν
845 4212 903 4249 τε
932 4196 1194 4265 σαρκικὺς
1231 4196 1337 4265 εἴη,
1366 4194 1433 4248 ἀν
1465 4210 1526 4247 τε
1560 4193 1954 4265 πνευματικὸς,

363 4290 591 4358 ἀγνοίας
619 4289 717 4343 καὶ
747 4290 953 4351 κακίας
981 4287 1256 4349 ἐπιπόνως
1315 4286 1594 4356 καθαίρων
1624 4286 1789 4341 αὐτόν
1808 4301 1821 4315 ο
1864 4285 1960 4339 καὶ

364 4383 703 4455 θεραπεύσει
730 4399 812 4443 σε,
846 4380 1073 4451 πληρῶν
1130 4380 1192 4433 τὸ
1225 4380 1309 4432 ἐπ’
1366 4380 1517 4450 αὒτῷ
1548 4381 1617 4434 τά
1645 4380 1745 4451 τῆς
1776 4379 1958 4452 ψυχῆς

366 4495 463 4531 σου
488 4476 847 4546 βουλήματα·
894 4474 989 4527 καὶ
1043 4473 1319 4545 προσάψει
1371 4472 1512 4543 αὐτῇ
1567 4471 1643 4535 ὡς
1674 4472 1824 4543 αἰτίᾳ
1859 4473 1959 4544 τὴν

364 4570 453 4639 ἐφ’
490 4567 673 4638 ἑαυτῷ
698 4565 978 4620 ποικιλίαν
1001 4564 1111 4617 τῶν
1147 4564 1383 4635 ἀρετῶν.

443 4668 534 4733 ιη’.
566 4660 754 4730 Οὺμὴ
782 4658 1027 4727 ὑπάρξῃ
1067 4655 1375 4726 ἐξηγητὴς
1406 4656 1565 4711 ἔθνει
1593 4656 1919 4726 παρανόμῳ
1944 4672 1958 4688 ο

366 4756 402 4808 ό
424 4751 493 4807 δὲ
515 4750 859 4822 φυλάσσων
882 4748 989 4803 τὸν
1016 4750 1224 4818 νόμον,
1241 4750 1634 4817 μακαριστίς.
1669 4747 1785 4800 υὺκ
1810 4746 1963 4799 ἔσται

369 4842 649 4915 ἑρμηνεὺς
704 4840 816 4895 τῶν
876 4840 1129 4911 νομίμων
1205 4839 1426 4902 πάντως
1471 4838 1823 4909 διδαγμάτων
1868 4836 1965 4891 τοῦ

367 4933 716 5005 Πνεῦματος,
752 4932 870 5004 λαῷ
895 4932 1009 4987 ἔθει
1048 4930 1250 4995 κακίας
1276 4931 1371 4985 καὶ
1402 4930 1599 5001 ἀγνοίᾳ
1629 4929 1965 4993 δουλεύοντι,

366 5027 467 5082 καὶ
500 5024 749 5097 μηδόλως
795 5023 1232 5097 παραδεχομένῳ
1262 5022 1355 5075 τὸν
1385 5023 1551 5091 νόμον
1580 5020 1677 5074 τοῦ
1712 5020 1968 5090 Πνεύμα-

366 5136 463 5183 τος
484 5133 498 5148 ⁸
524 5118 575 5172 οἱ
608 5121 716 5189 γὰρ
768 5117 844 5189 μὴ
894 5116 1086 5171 τοῦτον
1118 5114 1578 5187 παραδεχόμενοι,
1615 5114 1717 5167 οὐκ
1748 5114 1812 5166 ἂν
1844 5112 1971 5183 δεη-

360 5209 516 5265 ⁸θεῖεν
549 5210 652 5280 τῆς
685 5208 851 5263 αὑτοῦ
888 5207 1208 5279 ἐξηγήσεως
1228 5224 1241 5239 ο
1264 5208 1352 5261 ἴνα
1375 5207 1471 5260 καὶ
1497 5205 1773 5276 ἐξηγητὴν
1801 5206 1969 5258 αὐτοῦ

371 5304 593 5371 ’ἐξουσισ
628 5302 711 5356 διὸ
736 5302 799 5356 τὸ
828 5302 1022 5365 σκότος
1065 5294 1166 5371 τῆς
1197 5300 1428 5370 ἀγνοίας
1458 5300 1862 5371 περικείμενοι,
1892 5298 1972 5369 τῷ

370 5398 581 5469 ὀλέθρῳ
604 5397 704 5467 τῆς
738 5397 937 5460 κακίας
968 5397 1432 5469 περιπίπτουσιν·
1464 5393 1523 5457 ὃς
1550 5393 1607 5447 δὲ
1629 5391 1738 5446 τῶν
1762 5391 1973 5462 ἀνθρώ-

372 5508 518 5555 πων,
548 5490 643 5544 τὸν
679 5488 923 5543 τοιοῦτον
954 5489 1121 5558 νόμον
1137 5489 1317 5558 τηρεῖ,
1352 5484 1660 5555 ἀνώλεθρός
1692 5486 1862 5549 ἐστιν,
1896 5484 1972 5546 ὡς

366 5582 450 5654 τῷ
473 5582 693 5652 θανάτῳ
724 5583 823 5650 τῆς
856 5580 1131 5652 ἁμαρτίας
1159 5581 1457 5643 ἀνάλωτος.
1846 5618 1849 5619 ν

448 5675 535 5729 .0’.
564 5676 868 5745 Λόγοιςω)
889 5673 1362 5739 παιδευθήσεται
1390 5672 1629 5739 οἰκέτης
1656 5671 1928 5737 σκληρός
1955 5683 1967 5696 ·

343 5760 472 5824 ’ἰὰν
512 5767 624 5838 γὰρ
654 5769 750 5823 καί
768 5768 992 5838 νοήσῃ,
1019 5768 1285 5835 ἀλλὀὐχ
1316 5763 1972 5833 ὑπακούσεται.”Ωσπερ

369 5863 562 5934 μόνοις
596 5863 812 5935 ῥήμασι
852 5862 1211 5926 σκωπτικοῖς,
1242 5859 1432 5923 δοῦλος
1470 5856 1707 5929 ἀπειθὴς
1730 5856 1792 5908 οὐ
1823 5855 1973 5926 διορ-

2110 2264 2273 2321 Vt-zas.
2312 2268 2397 2322 15.
2429 2266 2611 2338 Plaga:
2649 2277 2700 2322 et
2735 2270 3086 2337 correptiones
3109 2270 3238 2325 dant
3280 2272 3619 2339 sapientiam,

2033 2375 2163 2427 puer
2201 2371 2378 2413 autem
2424 2377 2610 2415 errans
2642 2362 2921 2430 confundit
2953 2373 3200 2438 parentes
3232 2380 3380 2418 suos.
3442 2364 3623 2418 Pmna‘.

2035 2466 2157 2521 quae
2221 2451 2331 2506 lilio
2355 2465 2383 2504 a
2441 2462 2594 2521 patre
2626 2452 2966 2523 inﬂigentur,
3004 2463 3059 2508 et
3090 2469 3381 2528 sermones
3425 2458 3626 2527 quibus

2040 2542 2215 2599 libere
2272 2544 2705 2598 tnanifeslantur
2765 2556 2988 2614 peccata
3032 2547 3211 2615 poenis
3268 2547 3456 2617 digna,
3491 2565 3626 2612 quo.

2038 2651 2271 2707 rutnque
2301 2637 2508 2706 pudore
2559 2637 2626 2691 ad
2676 2638 3121 2693 emendationem
3173 2640 3418 2705 ducitur,
3484 2642 3630 2698 hunc

2039 2730 2105 2783 ad
2137 2730 2580 2799 cognoscendam
2615 2730 2907 2784 veritatem
2942 2731 3228 2786 erudiunt.
3266 2730 3439 2787 Filius
3488 2749 3623 2787 vero

2038 2823 2132 2893 qui
2166 2834 2371 2879 errata
2399 2825 2657 2889 veritate,
2686 2824 2778 2892 qui
2824 2817 2967 2880 veris
3004 2823 3143 2879 falsa
3196 2826 3444 2895 praefert,
3502 2844 3629 2881 cum

2043 2916 2245 2986 injusta
2302 2916 2515 2980 fecerit,
2568 2917 2687 2971 suis
2737 2917 3066 2987 parentibus
3127 2918 3358 2989 pudoris
3423 2920 3631 2974 multo-

2048 3024 2281 3078 rumque
2309 3010 2707 3077 vituperiorum
2735 3024 2905 3066 causa
2925 3012 3051 3077 erit,
3088 3025 3116 3064 a
3155 3013 3357 3083 quibus
3413 3013 3635 3084 dignum

2053 3099 2403 3170 disciplinam
2438 3116 2548 3155 non
2582 3091 2815 3171 accepit.

2122 3367 2288 3424 Vens.
2327 3368 2408 3425 16,
2450 3368 2585 3425 Cum
2626 3370 2782 3423 multi
2803 3380 2925 3424 sunt
2959 3370 3133 3440 impii,
3166 3372 3336 3425 multa
3368 3382 3490 3427 stt-nt
3521 3390 3645 3442 pec-

2050 3466 2207 3521 cata;
2244 3456 2385 3525 justi
2451 3466 2650 3521 autem,
2689 3457 2800 3511 illis
2837 3457 3175 3523 cadentibus,
3250 3461 3425 3513 timidi
3480 3462 3640 3531 ﬁunt.

2049 3544 2185 3600 Cum
2241 3546 2395 3599 tnulti
2454 3557 2586 3602 sunt
2648 3547 2740 3617 qui
2776 3546 2946 3602 Deum
3002 3549 3263 3617 operibus
3320 3552 3480 3606 Lonis
3536 3569 3643 3605 non

2052 3639 2353 3704 honorant,
2388 3640 2568 3693 multa
2608 3640 2747 3693 ίὶυιιι
2771 3656 2893 3711 ηοω
2927 3641 3003 3695 illi
3036 3641 3359 3711 displicent.
3394 3645 3641 3710 Quorum

2052 3745 2216 3787 casus
2246 3746 2371 3786 cum
2404 3732 2744 3787 miserentur
2776 3734 3031 3790 homines
3064 3736 3499 3802 sancti,‘timore
3552 3738 3646 3794 Dei

2053 3826 2379 3882 muniuntur
2400 3842 2467 3882 ne
2497 3830 2552 3883 in
2571 3829 2769 3884 similia
2803 3829 3068 3885 incidant.

2131 4010 2294 4066 Vsus.
2329 4010 2418 4064 17.
2455 4009 2629 4064 Erudi
2666 4010 2839 4079 ﬁlium
2893 4021 3065 4076 tuum,
3096 4020 3145 4066 et
3192 4014 3425 4082 requiem
3496 4014 3646 4068 dabit

2056 4105 2172 4169 tibi,
2206 4114 2255 4160 et
2294 4104 2442 4158 dabit
2484 4115 2731 4159 ornatum
2784 4106 2977 4159 anima:
3045 4114 3168 4159 tute.
3221 4104 3339 4160 Filii
3405 4108 3483 4161 tui
3536 4108 3652 4163 sive
3710 4152 3720 4162 .

2057 4198 2320 4262 carnalis,
2339 4198 2455 4253 sive
2474 4197 2778 4266 spiritualis
2796 4201 3042 4251 animum
3062 4196 3264 4268 dirige;
3287 4198 3651 4267 ignorantiam

2057 4293 2111 4342 et
2138 4287 2435 4357 nequitiam
2470 4287 2537 4340 ab
2567 4301 2635 4355 eo
2670 4288 2912 4343 studiose
2940 4288 3161 4357 repelle,
3204 4299 3258 4343 et
3325 4289 3414 4344 ille
3468 4300 3519 4344 te
3568 4308 3656 4345 rc-

2059 4379 2360 4443 verebitur,
2390 4374 2644 4434 adducti‘s
2699 4381 2755 4433 in
2803 4380 3038 4449 praxim,
3073 4391 3340 4450 quantum
3375 4382 3427 4436 in
3453 4400 3512 4438 se.
3551 4394 3655 4444 est,

2064 4472 2260 4527 animae
2290 4479 2397 4525 tuae
2429 4471 2701 4533 consiliis,
2737 4472 2824 4525 cui
2858 4482 2916 4525 ut
2960 4475 3195 4542 propria:
3234 4489 3415 4530 causa:
3446 4476 3659 4547 copiam

1996 4591 2040 4647 υ
2066 4579 2291 4620 suarum
2313 4556 2581 4618 .v‘trtutum
2621 4565 2907 4619 attribnet.

2137 4655 2307 4713 Vens.
2346 4656 2430 4710 18.
2477 4654 2599 4710 Non
2625 4658 2724 4711 erit
2756 4657 3007 4725 propheta
3039 4658 3179 4728 genti
3237 4659 3453 4729 iniqua',
3486 4672 3660 4715 custo-

2065 4749 2215 4804 diens
2272 4758 2451 4804 autem
2500 4751 2660 4819 legem
2722 4749 3081 4805 beatissimus.
3130 4751 3457 4821 Pmphetam
3495 4769 3522 4807 a
3554 4772 3665 4822 quo

2067 4843 2242 4914 legem
2267 4840 2509 4913 Spiritus
2530 4841 2815 4909 doceatur,
2839 4857 2948 4897 non
2975 4842 3200 4898 habebit
3226 4844 3460 4914 populus
3484 4849 3666 4915 pravis

2070 4935 2351 4991 habilibus
2410 4943 2465 4989 et
2524 4936 2701 4990 errori
2751 4936 3019 4997 serviens,
3098 4936 3381 5009 legemque
3427 4937 3667 5009 Spiritus

2073 5026 2297 5081 minime
2368 5026 2685 5096 recipiens;
2747 5027 2841 5096 qui
2906 5026 3052 5081 enim
3126 5027 3269 5082 hanc
3328 5029 3501 5100 legem
3560 5048 3667 5085 non

2071 5118 2370 5189 recipiunt,
2432 5134 2551 5173 eam
2615 5120 2718 5174 sibi
2770 5120 3036 5189 explicari
3096 5136 3203 5174 non
3274 5123 3576 5191 postulant,
3613 5135 3671 5178 ut

2073 5211 2398 5281 prophetam
2422 5210 2720 5281 accipiant;
2747 5221 2798 5265 et
2822 5212 2902 5266 sic
2945 5212 3179 5267 involuti
3209 5216 3455 5269 tenebris
3513 5232 3671 5271 erro-

2073 5317 2195 5355 rum
2237 5301 2293 5383 in
2351 5302 2616 5374 abyssum
2680 5303 2951 5358 malorum
3017 5305 3292 5359 incidunt.
3328 5306 3422 5362 Ille
3488 5321 3671 5364 autem

2078 5396 2246 5450 homo
2311 5396 2403 5467 qui
2461 5396 2633 5467 legem
2670 5406 2879 5460 servat,
2938 5399 3272 5454 immortalis
3325 5412 3429 5468 est,
3487 5415 3676 5474 ulpnte

2078 5497 2255 5546 morte
2285 5493 2495 5561 peccati
2528 5506 2637 5545 non
2672 5492 3071 5548 absumendus.

2155 5667 2319 5724 Vens.
2360 5668 2444 5723 19.
2494 5666 2675 5724 Verbis
2701 5688 2803 5724 non
2826 5669 3097 5724 erudielur
3117 5688 3295 5725 scrt'us
3324 5674 3527 5737 durus;
3558 5692 3682 5728 nam

2076 5760 2177 5813 etsi
2202 5760 2553 5823 intelletrerit,
2602 5779 2704 5815 non
2744 5774 2922 5817 tamen
2976 5763 3173 5817 audiet.
3209 5763 3682 5829 Quemadmodum

2079 5853 2262 5908 verbis
2285 5854 2495 5925 jocosis
2545 5870 2738 5911 servus
2780 5856 3037 5915 indocilis
3091 5873 3198 5913 non
3232 5857 3510 5929 dirigitur,
3555 5874 3695 5915 num'
