4220 6462
312 414 443 478 1521

1341 413 1876 473 COMMENTARII
1914 415 1989 474 IN

2055 416 2485 476 PRUVERBIA
3438 403 3573 467 159.2

307 523 738 594 φανερωθέντες,
774 524 839 592 τῇ
868 523 996 593 παρ’
1018 521 1322 593 ἀνθρώπων
1342 523 1697 594 προσηκούσῃ
1727 541 1894 592 τιμω-
1925 593 1928 601 1

2036 541 2142 591 ius,
2183 527 2404 583 noluisti
2440 527 2731 580 imminens
2764 512 2929 577 menti
2956 532 3005 575 et
3031 520 3246 589 corpori
3276 519 3576 587 periculurn

311 616 426 683 ρὶᾳ,
463 615 552 666 και
596 613 827 682 αἰσχύνῃ
869 612 1215 675 ὐποπέσοιεν,
1251 612 1612 681 ἠπατήθησαν
1637 626 1648 637 ·
1672 611 1760 664 διὰ
1792 612 1891 680 τὴν

306 705 609 776 εἰρημένην
629 705 830 768 αἰτίαν,
866 704 958 756 τὸν
1010 704 1373 771 ἀποκείμενον
1429 703 1613 765 αὐτοῖς
1662 702 1894 772 ψυχικόν

315 814 366 848 ιε
395 797 489 850 καὶ
512 796 823 866 σωματικὸν
854 796 1096 850 κίνδυνον
1126 798 1387 863 ἐκφυγεῖν
1434 795 1508 865 μὴ
1542 794 1889 865 θελήσαντες.

318 883 448 937 Ὀδὲ
498 884 717 954 θαρρῶν
777 887 869 939 ἐπὶ
919 886 997 956 τῷ
1058 886 1452 956 παντοδυνὰμιμ
1498 885 1637 954 Θεῷ,
1666 885 1889 938 καὶτοῦ

309 974 654 1045 ἀνθρωπίνου
687 977 853 1043 φόϐου
890 976 1269 1047 καταφρονῶν,
1302 977 1603 1045 χαρήσεται
1621 975 1720 1044 τῆς
1750 974 1888 1029 κατὰ

308 1067 488 1136 ψυχὴν
522 1070 615 1121 καὶ
642 1068 803 1137 σῶμα
830 1068 1034 1137 βλάϐης
1060 1068 1394 1135 ἀπαλλαγείς
1429 1082 1443 1097 ’
1470 1067 1689 1135 καὶγὰρ
1719 1067 1746 1118 6
1785 1068 1889 1139 πρὸ

2006 616 2265 686 cﬂ‘ugere.
2303 619 2404 683 Qui
2442 624 2623 670 autem
2666 615 2892 669 conlidit
2930 615 2982 665 in
3033 610 3143 664 Deo
3189 607 3579 676 omnipotenti,

2006 708 2415 776 humanumque
2448 709 2701 761 timorem
2736 704 2971 775 spernit,
3009 703 3287 756 laetabitur
3338 714 3582 753 securus

2002 814 2030 851 a
2069 798 2314 868 pernicie
2344 799 2546 853 mentis
2582 806 2636 851 et
2667 795 2918 865 corporis
2950 813 2962 847 :
2997 793 3090 864 qui
3134 794 3276 846 enim
3333 788 3579 842 nomium

2000 889 2291 943 convictus
2353 903 2514 943 suum
2584 893 2867 956 peccatum
2925 884 3240 940 conﬁtetur,
3282 895 3392 931 nun
3422 875 3583 927 modo

1999 982 2304 1049 spirituale,
2344 979 2439 1035 scd
2498 982 2663 1034 etiam
2709 975 2989 1046 corporale
3025 973 3324 1043 periculum
3367 971 3408 1021 si
3439 968 3586 1018 acci-

1995 1066 2155 1130 derit,
2187 1066 2394 1120 vitabit.

310 1160 418 1213 τῶν
460 1160 700 1229 ἐλέγχων
739 1159 799 1211 τὸ
827 1161 1026 1212 οἰκεῖον
1047 1159 1354 1229 ἀμάρτημα
1375 1156 1893 1228 ἐξομολογούμενος,
1932 1157 1991 1209 οὐ
2022 1158 2180 1227 μόνον
2213 1158 2305 1210 τοῦ
2329 1156 2559 1227 ψυχικοῦ
2586 1156 2854 1219 κινδύνου,
2890 1153 3024 1207 ἀλλὰ
3071 1152 3163 1203 καὶ
3238 1148 3331 1200 τοῦ
3402 1164 3588 1216 σωμα-

312 1252 488 1317 τικοῦ,
520 1254 568 1305 εί
604 1241 913 1321 πρόκειταί,
940 1251 1361 1304 ἀπαλλάττεται.
1388 1306 1402 1321 _

396 1344 656 1398 Ἆσέσεια
678 1344 850 1411 ἀνδρὶ
903 1342 1114 1396 δίδωσι
1147 1343 1401 1411 σφάλμα
1427 1360 1439 1373 ·
1482 1341 1549 1408 ὃς
1590 1341 1659 1394 δὲ
1703 1341 1902 1395 πέποι-

315 1443 422 1491 θεν
447 1436 546 1489 ἐπὶ
567 1434 646 1499 τῷ
675 1436 970 1503 Δεσπότῃ,
1003 1434 1365 1502 σωθήσεται.
1398 1435 1470 1487 Τὸ
1503 1433 1579 1505 μὴ
1609 1435 1785 1504 τιμᾷν
1812 1433 1903 1485 τὸν

315 1528 469 1589 Θεὸν,
511 1528 568 1579 ὲν
596 1525 675 1596 τῷ
702 1526 777 1595 μὴ
800 1525 1117 1595 προκρίνειν
1142 1526 1364 1578 πάντων
1389 1524 1485 1596 τὴν
1514 1523 1681 1577 αὑτοῦ
1709 1522 1904 1594 εὐαρέ-

321 1635 532 1687 στησιν,
570 1618 708 1687 μηδὲ
742 1616 967 1687 θαρρεῖν
997 1617 1084 1668 ἐπ’
1133 1616 1283 1685 αὐτῷ
1313 1618 1369 1668 ὲν
1407 1618 1542 1668 πᾶσι
1572 1616 1684 1675 τοῖς
1724 1615 1905 1682 ἐγχει-

321 1711 589 1780 ρήμασιν,
620 1706 876 1778 προξενεῖ
895 1706 971 1776 τῷ
1004 1707 1149 1760 κατά
1193 1706 1497 1788 θεωρίαν.ἢ
1522 1704 1725 1776 πρᾶξιν
1768 1721 1903 1773 καρ-

2072 1342 2326 1411 Impietas
2362 1343 2470 1397 viro
2517 1342 2608 1393 dat
2649 1341 3061 1409 prolapsionem;
3097 1337 3187 1403 qui
3220 1344 3392 1385 nutent
3428 1332 3584 1395 con/i-

2002 1438 2077 1489 dit
2105 1438 2157 1489 in
2194 1436 2446 1495 Domino.
2472 1432 2789 1487 salvabitur.
2825 1431 2880 1484 Si
2906 1431 3031 1499 quis
3065 1428 3231 1480 Deum
3272 1440 3376 1477 non
3415 1425 3592 1474 honu-

2005 1535 2109 1591 rat,
2167 1541 2362 1595 nempe
2416 1526 2463 1581 si
2516 1524 2919 1590 heueplacitum
2973 1519 3093 1585 ejus
3151 1517 3303 1570 omni
3364 1515 3438 1567 rei
3480 1528 3588 1565 n-=u

2005 1616 2292 1686 praeponit,
2354 1615 2399 1670 si
2453 1629 2562 1667 non
2628 1614 2682 1665 in
2735 1611 2991 1664 omnibus
3046 1607 3164 1662 suis
3223 1601 3457 1671 inceptis
3503 1600 3593 1651 ille

2014 1705 2419 1776 cupidissimus
2469 1702 2847 1774 intelligentiae
2904 1707 2959 1754 et
3021 1696 3243 1751 virtutis
3299 1702 3479 1746 meme
3540 1700 3594 1743 et

319 1801 492 1872 τερῶς
542 1798 929 1869 ἐπιχειροῦντι,
976 1800 1178 1865 γνῶσιν
1225 1798 1258 1868 ἢ
1302 1784 1504 1867 ἀρετὴν
1558 1794 1894 1867 κατορθοῦν,

2035 1798 2279 1851 oluntate
2314 1796 2797 1864 acquirendarum,
2840 1808 2868 1845 a
2903 1806 3029 1846 vero
3059 1797 3113 1843 et
3136 1790 3277 1843 bono
3302 1784 3536 1842 decidet,
3568 1799 3596 1834 λ

321 1893 770 1963 παρασφαλῆναι,
811 1892 921 1945 εἴτε
948 1892 1044 1961 τῆς
1076 1891 1355 1960 ἀληθείας,
1392 1890 1500 1943 εἴτε
1528 1890 1622 1942 τοῦ
1653 1888 1858 1957 ἀγαθοῦ
1890 1904 1903 1917 ο

320 1988 420 2056 τῆς
450 1986 570 2056 μὲν,
633 1988 792 2055 εἰπερ
840 1986 925 2054 εἴη
969 1984 1031 2037 τὸ
1081 1985 1390 2055 ἐγχείρημα
1437 1982 1791 2052 θεωρητικὸν,
1824 1981 1907 2033 ὅτι

320 2080 472 2141 τέλος
504 2080 538 2148 ή
570 2070 797 2147 ἀλήθεια
844 2077 957 2129 τῶν
987 2076 1295 2144 γνωστῶν,
1344 2074 1421 2137 ὼς
1462 2074 1732 2145 ἀλάθητον
1767 2090 1907 2140 γνωα

324 2173 449 2226 στόν
470 2188 482 2201 ·
515 2172 608 2225 τοῦ
639 2172 715 2235 δὲ,
749 2172 907 2242 εἴπερ
955 2171 1071 2223 ἐστὶ
1136 2170 1461 2241 πρακτικὸν,
1500 2169 1581 2221 ὅτι
1617 2167 1769 2229 τέλος
1799 2158 1907 2218 τῶν

325 2266 650 2339 πρακτικῶν
703 2265 763 2319 τὸ
832 2265 1057 2333 ἀγαθὸν,
1107 2265 1182 2328 ὡς
1234 2265 1462 2334 ἔσχατον
1502 2262 1761 2332 ὀρεκτόν·
1793 2263 1821 2314 ὁ
1851 2259 1908 2313 δὲ

324 2357 546 2427 θαρρῶν
585 2355 677 2407 ἐπὶ
700 2354 777 2424 τῷ
830 2354 1143 2424 κυριεύοντι
1192 2354 1409 2406 πάντων
1447 2352 1591 2422 Θεῷ,
1619 2351 1693 2414 ὡς
1717 2352 1911 2404 τοῦτον

324 2450 381 2501 ὲν
411 2448 585 2501 ἆπασι
644 2445 952 2515 προτιμῶν,
1014 2446 1109 2498 καὶ
1140 2444 1387 2497 σπεύδων
1436 2444 1530 2497 ἐπὶ
1576 2444 1711 2496 πᾶσι
1739 2443 1915 2513 τούτῳ

328 2539 667 2611 εὐαρεστεῖν,
713 2538 960 2607 μετάσχῃ
988 2536 1094 2589 τῶν
1123 2535 1265 2604 ὑπὲρ
1286 2534 1452 2604 φύσιν
1481 2534 1645 2587 αὑτοῦ
1675 2532 1915 2604 δωρεῶν,

328 2635 463 2703 ὅπερ
492 2633 565 2695 ὡς
596 2631 833 2692 πίστεως
867 2630 1021 2691 τέλος
1042 2628 1286 2698 σωτηρία
1321 2628 1457 2691 ἐστὶ,
1483 2628 1663 2680 πᾶσαν
1687 2626 1916 2694 ἄγνοιαν

330 2726 422 2779 καὶ
449 2722 645 2776 κακίαν
666 2720 964 2789 διαφυγὼν,
1002 2715 1199 2788 οἷάπερ
1246 2718 1321 2787 μὴ
1351 2717 1737 2787 διαμαρτήσας
1754 2715 1912 2780 Θεοῦ,

330 2816 467 2871 ἀλλά
497 2815 635 2868 κατά
669 2812 871 2881 γνῶσιν
924 2811 1019 2863 καὶ
1074 2809 1275 2879 ἀρετὴν
1307 2806 1501 2860 τούτου
1533 2805 1831 2875 ἐπιτυχὼν,
1856 2806 1928 2875 ὃς,

332 2909 479 2961 ἐστιν
513 2909 547 2977 ἡ
583 2903 811 2974 ἀλήθεια
842 2903 935 2956 και¹
959 2901 1018 2954 τὸ
1044 2900 1245 2972 ἀδγαθὸν
1267 2917 1280 2930 ’
1312 2900 1372 2952 τὸ
1435 2900 1531 2970 μὲν
1560 2899 1688 2951 ὅταν
1720 2898 1785 2949 ὲκ
1815 2896 1917 2965 τῆς

2016 1904 2147 1944 vero
2174 1890 2417 1958 quidem,
2440 1888 2485 1942 si
2524 1886 2767 1942 scientia:
2792 1885 2983 1946 instat,
3015 1881 3141 1952 quia
3168 1880 3288 1933 tinis
3322 1876 3488 1936 studii
3517 1884 3601 1928 est

2015 1982 2236 2041 veritas,
2264 1977 2475 2033 etDeus
2505 1975 2911 2031 estnecessaria
2929 1973 3153 2035 veritas;
3175 1985 3201 2020 a
3230 1967 3455 2027 buno,si
3480 1982 3603 2033 aga-

2017 2082 2106 2124 tur
2129 2069 2195 2123 de
2224 2069 2461 2131 actibus,
2494 2067 2617 2135 quia
2658 2065 2778 2119 linis
2811 2075 2965 2117 actus
3004 2072 3083 2116 est
3124 2062 3348 2122 bonum,
3373 2064 3424 2109 ct
3463 2054 3602 2109 Deus

2016 2171 2099 2217 cst
2128 2175 2443 2231 supremum
2492 2161 2718 2214 bonum.
2754 2157 2856 2225 Qui
2891 2162 3071 2210 autem
3124 2152 3345 2207 contidit
3394 2152 3446 2202 in
3495 2147 3601 2198 ὓιτυ

2018 2253 2653 2323 oumiputcuti,eumque
2678 2250 2729 2302 in
2767 2248 2912 2302 omni
2956 2262 3011 2301 re
3042 2246 3298 2307 honorat,
3331 2250 3383 2293 et
3417 2239 3601 2292 studet

1992 2343 2067 2398 ‘ei
2097 2342 2384 2412 placerein
2414 2340 2689 2405 omnibus,
2719 2338 2991 2409 particeps
3017 2334 3257 2402 eritcjus
3285 2338 3608 2399 supernatu—

2025 2434 2220 2489 ralium
2246 2432 2516 2487 donorum
2538 2472 2552 2498 ,
2583 2430 2633 2487 id
2663 2440 2747 2486 est
2800 2428 2984 2485 salvus
3015 2425 3145 2491 erit,
3168 2425 3231 2478 ad
3258 2422 3402 2492 quod
3436 2419 3609 2472 tendit

2030 2525 2204 2591 ﬁdes;
2231 2525 2379 2579 onmi
2420 2538 2608 2578 errore
2650 2530 2703 2577 et
2735 2520 2986 2590 nequitia
3026 2516 3267 2577 evitatis,
3301 2510 3419 2567 'nou
3446 2510 3609 2563 amit-

2026 2627 2121 2682 tet,
2156 2618 2250 2673 scd
2303 2617 2407 2671 ﬁde
2441 2624 2494 2670 et
2547 2616 2753 2669 virtute
2812 2613 2977 2666 Deum
3033 2609 3325 2665 obtinebit.
3382 2606 3474 2674 qui
3531 2612 3615 2656 est

2033 2710 2239 2763 veritas
2274 2716 2328 2763 ct
2363 2709 2613 2773 bonum;
2655 2721 2821 2760 unum
2874 2720 2936 2757 ex
2992 2711 3209 2762 natura,
3269 2702 3498 2753 alterunt
3551 2711 3614 2745 cx

2024 2802 2300 2871 operibus,
2367 2798 2637 2869 siquidem
2675 2797 2877 2851 veritas
2899 2805 2984 2849 est
3018 2790 3377 2846 immutabilis
3413 2797 3465 2840 et
3519 2786 3616 2837 ho-

2024 2909 2152 2947 num
2185 2907 2305 2948 sese
2336 2892 2497 2945 nobis
2536 2887 2981 2943 accommodans.

333 2972 546 3063 ούσίας,
593 2972 750 3050 τὸδ’
794 2997 922 3049 ὅταν
957 2994 1021 3045 ἐκ
1071 2994 1171 3062 τῆς
1208 2991 1491 3062 ἐνεργείας
1541 2991 1690 3045 δοκεῖ
1717 2986 2113 3060 σημαίνεσθαι⁸
2144 2984 2414 3055 ἄτρεπτον
2448 2982 2556 3052 γὰρ
2612 2979 2931 3051 ἡάλὴθεια·
3006 2974 3360 3046 εὖαρεστικδν
3432 2972 3487 3024 δὲ
3562 2972 3621 3024 τὸ

334 3098 568 3168 ἀγαθόν.

407 3195 522 3255 κς¹.
549 3186 770 3242 Πολλοὶ
810 3187 1212 3256 θεραπεύουσι
1230 3185 1524 3253 πρόσωπα
1545 3180 1914 3250 ἡγουμένων·

2094 3172 2262 3228 Vsus.
2306 3169 2398 3224 26.
2444 3166 2602 3220 Multi
2639 3164 2815 3217 coluut
2850 3160 3012 3229 {acies
3048 3158 3261 3221 ductim,
3307 3173 3338 3209 a
3403 3154 3625 3208 Domino

337 3283 497 3352 παρὰ
517 3281 580 3334 δὲ
612 3280 831 3347 Κυρίου
854 3279 1079 3347 γίνεται
1105 3277 1171 3331 τὸ
1200 3275 1436 3330 δίκαιον
1457 3273 1651 3342 ἀνδρί.
1681 3272 1928 3325 Πλεῖστοι

339 3378 466 3439 τοῦς
492 3372 845 3443 προεστῶτας
890 3372 971 3434 εἰς
1015 3370 1309 3439 πρόσωπον
1357 3366 1687 3437 θεραπεύειν
1720 3367 1930 3434 ἐπιχει-

344 3464 529 3534 ροῦσιν
553 3504 567 3526 ,
608 3462 937 3525 ἶν’,εὺνοῖκοὶ
961 3461 1171 3523 τούτοις
1211 3459 1486 3523 δόξαντες,
1517 3459 1616 3527 τὴν
1645 3456 1930 3526 εὐμένειαν

343 3555 524 3610 αὐτῶν
549 3554 975 3608 ἐπισπάσωνται
1002 3568 1017 3584 ο
1054 3552 1206 3623 παρά
1232 3551 1288 3603 δὲ
1312 3548 1407 3603 τοῦ
1432 3551 1503 3603 τὰ
1536 3549 1715 3602 πάντα
1732 3548 1933 3608 εἰδότος

343 3647 626 3701 Δεσπὸτου
647 3645 755 3699 τῶν
772 3645 909 3699 ὅλων
931 3643 1091 3707 Θεοῦ,
1124 3642 1438 3696 ἀποδίδοται
1480 3640 1697 3710 ὲκάστῳ
1736 3641 1770 3712 ή
1800 3639 1932 3693 ἀνά-

344 3741 503 3808 λογος
528 3737 843 3809 ἀντιμισθία
870 3738 935 3806 τῇ
992 3735 1230 3803 διαθέσει
1262 3732 1429 3788 αὑτοῦ
1458 3748 1471 3762 ·
1510 3732 1606 3786 καὶ
1634 3728 1935 3809 ούκὶἔσται

346 3833 456 3888 τινὶ
482 3831 543 3897 ἐξ
561 3831 905 3903 ὐποκμσεως
935 3830 1197 3898 ὠφέλεια.

420 3922 521 3989 κζ’.
551 3923 867 3991 Βδέλυγμα
888 3920 1116 3986 δικαίῳ,
1138 3919 1294 3987 ἀνὴρ
1347 3918 1556 3984 ἄδικος
1574 3934 1585 3948 υ
1613 3915 1938 3983 ,ϐδέλυγμα

347 4016 417 4070 δὲ
458 4015 695 4084 -ἀνόμῳ,
726 4012 1181 4066 κατευθύνουσα
1231 4010 1391 4075 ὁδός.
1434 4009 1681 4078 Μισητὸς
1716 4007 1835 4076 Θεῷ
1861 4005 1939 4076 τῷ

349 4107 655 4164 ἀποδιδόντι
676 4106 896 4175 ἑκάστῳ
926 4103 1071 4158 κατὰ
1097 4104 1167 4156 τὰ
1192 4103 1331 4173 ἔργα
1363 4101 1550 4165 αὑτοῦ,
1598 4104 1625 4153 6
1668 4100 1743 4170 μὴ
1796 4099 1939 4151 κατά

350 4198 478 4259 τοὺς
512 4196 713 4267 νόμους
760 4193 951 4247 τούτου
1008 4193 1462 4262 πολιτευόμενος,
1500 4191 1575 4252 ὡς
1611 4189 1943 4260 παραϐάτης

351 4291 459 4345 τῶν
488 4289 649 4342 θείων
693 4286 859 4342 αὑτοῦ
920 4285 1148 4339 ἐντολῶν
1172 4300 1188 4315 ·
1238 4283 1442 4355 μισητὴ
1468 4282 1524 4334 δὲ
1557 4282 1635 4350 τῷ
1668 4279 1944 4350 παραϐαί-

354 4398 499 4437 νοντι
528 4381 750 4447 ταύτας,
783 4382 815 4449 ἡ
836 4380 971 4450 πρὸς
1000 4378 1273 4448 σωτηρίαν
1296 4374 1715 4445 ἀπαρεγκλίτως
1737 4374 1944 4440 ἄγουσι

331 4462 609 4547 ’ἐνάρετος
640 4474 908 4537 πολιτεία,
934 4461 1254 4542 ῶςτραχεῖά
1282 4487 1339 4522 τε
1374 4471 1467 4522 καὶ
1502 4466 1787 4528 ἐπίπονος.

961 4603 1215 4656 ΚΕΦΑΛ.
1261 4603 1339 4654 Λ’.

430 4752 498 4798 α’.
520 4744 664 4809 Τοὺς
685 4742 1124 4811 ἑμοίλνςλόγους,
1158 4740 1271 4800 υἱὲ,
1300 4736 1613 4807 φοϐήθητι,
1650 4733 1747 4786 καὶ
1778 4729 1953 4796 δεξά-

355 4854 543 4909 μενος
567 4835 794 4900 αὐτοὺς
822 4835 1123 4902 μετανόει.
1150 4832 1261 4892 Τάς
1286 4830 1423 4899 εμὰς
1450 4826 1692 4887 ἐντολὰς,
1716 4823 1951 4884 τεκνίον,

366 4930 442 5001 μὴ
470 4925 832 4996 περιφρόνει·
862 4926 975 4986 τοῖς
1005 4924 1049 4976 δ’
1080 4921 1184 4974 ὠσί
1211 4938 1304 4973 σου
1330 4918 1535 4980 ταύτας
1564 4912 1954 4986 παραδεξάμε-

362 5040 475 5083 νον,
510 5021 594 5088 ὲιῤ’
629 5015 712 5081 οἷς
743 5019 1014 5087 ἥμαρτες.
1058 5015 1467 5085 μετα-γίνωσκε.

435 5112 590 5167 Τάδε
623 5110 784 5179 λέγει
834 5112 866 5162 ὁ
916 5108 1072 5177 ἀνὴρ
1116 5106 1240 5171 τοῖς
1274 5103 1637 5158 πιστεύουσι
1683 5100 1826 5165 Θεῷ,
1861 5098 1957 5153 καὶ

369 5205 651 5268 παύομαι.
680 5200 867 5253 Ταῦτα
897 5201 924 5251 ὁ
951 5198 1248 5266 ἀνδρωθεὶς
1269 5198 1328 5248 ἐν
1356 5195 1434 5265 τῷ
1461 5194 1712 5262 γενέσθαι
1744 5193 1960 5260 ἀληθῶς

364 5295 675 5363 ἄνθρωπος,
714 5292 1013 5363 μονογενὴς
1044 5289 1137 5344 τοῦ
1171 5288 1305 5341 Θεοῦ
1338 5287 1465 5349 Υἱὸς
1516 5286 1611 5339 καὶ
1656 5286 1847 5353 Λὸγος,
1883 5285 1961 5336 δι-

363 5390 554 5441 δάσκει
579 5388 715 5456 ,τοὺς
761 5385 1121 5445 πιστεύοντας
1152 5380 1328 5452 αὐτῷ,
1364 5381 1439 5444 ὡς
1474 5379 1625 5448 Θεῷ·
1664 5381 1757 5431 καὶ
1791 5396 1963 5430 κατα-

366 5478 563 5532 παύσω
620 5476 784 5537 αὐτὸς
843 5475 936 5529 τοῦ
995 5478 1214 5544 φρονεῖν
1263 5474 1483 5535 πάντως
1538 5471 1607 5523 τὰ
1673 5472 1770 5540 τῆς
1829 5488 1956 5541 σαρ-

367 5568 483 5631 κᾶς.

441 5661 505 5730 β’.
550 5659 1032 5729 Ἀέςρονέστατος
1062 5660 1168 5728 γάρ
1200 5661 1315 5727 εἶμι
1341 5657 1584 5711 πάντων
1607 5656 1959 5723 ἀνθρώπων,

368 5752 466 5805 καὶ
499 5755 798 5820 φρόνησις
828 5750 1159 5819 ἀνθρώπων
1191 5752 1303 5803 οὐκ
1336 5750 1508 5803 ἔστιν
1536 5751 1605 5801 ἐν
1636 5748 1788 5817 ἐμοί.
1826 5748 1967 5799 Πάν-

367 5862 476 5898 των
517 5845 626 5915 γὰρ
679 5845 786 5896 τῶν
819 5845 886 5895 τὰ
940 5843 1180 5916 σαρκικᾶ
1232 5842 1576 5912 φρονούντων
1634 5840 1962 5911 ἀνθρώπων,

2035 3278 2210 3322 autem
2239 3266 2297 3333 ﬁt
2326 3263 2537 3332 justum
2602 3258 2737 3311 viro.
2770 3254 2925 3309 Multi
2962 3252 3304 3324 principibus
3340 3249 3405 3303 ad
3432 3258 3622 3300 nutum

2035 3359 2241 3415 servire
2271 3361 2565 3415 conantur,
2610 3358 2689 3409 ut.
2718 3347 2975 3403 simulata
3026 3345 3167 3399 bona
3205 3343 3504 3399 voluntate,
3530 3338 3625 3391 he-

2038 3450 2397 3508 ucvoleutiam
2444 3462 2632 3501 eorum
2687 3444 2789 3496 sibi
2845 3440 3156 3508 acquirunt.
3206 3438 3249 3490 Α
3297 3437 3403 3491 lico
3450 3446 3629 3488 autem

2036 3541 2406 3605 omniscienti,
2454 3538 2545 3607 qui
2578 3536 2847 3607 gubernat
2879 3531 3084 3592 omnia,
3122 3530 3418 3597 unicuique
3452 3527 3631 3581 reddi-

2038 3644 2128 3690 tur
2166 3632 2470 3702 prtemium,
2496 3630 2644 3697 iuxta
2674 3625 2923 3681 meritum
2956 3622 3074 3692 ejus
3103 3642 3113 3675 :
3148 3622 3351 3676 tn-miui
3397 3620 3634 3690 proderit

2041 3740 2140 3783 sua
2174 3723 2516 3804 hypocrisis.

2114 3904 2281 3960 Vens.
2342 3902 2432 3955 2'7.
2483 3899 2826 3954 Abominatio
2879 3897 3029 3966 justo
3080 3895 3189 3947 viro
3240 3891 3316 3945 vir
3368 3889 3635 3957 injustas;

2045 3997 2368 4053 abominatio
2400 3995 2575 4064 iniquo
2612 4001 2747 4047 recte
2768 4006 2998 4061 pergens
3026 3987 3130 4042 tia.
3169 3984 3311 4038 Deus
3339 3983 3430 4052 qui
3465 3981 3642 4034 reddit

2049 4090 2343 4154 unicuique
2365 4087 2519 4156 juxta
2563 4099 2729 4152 opera
2763 4097 2881 4145 sua,
2915 4079 3030 4133 odit
3061 4077 3340 4132 hominem
3374 4088 3484 4127 non
3526 4085 3638 4123 am-
3709 4138 3719 4148 .

2048 4183 2325 4239 hulautem
2384 4180 2438 4232 in
2473 4177 2589 4246 lege
2618 4191 2741 4238 sua,
2786 4180 2973 4243 utpote
3029 4174 3461 4235 contemptorem
3519 4177 3648 4216 suo-

2047 4291 2169 4330 rum
2199 4281 2616 4344 praceptorum,
2645 4269 2779 4322 Nam
2806 4267 2894 4320 hic
2922 4264 3143 4334 quidem
3174 4260 3341 4313 vitam
3377 4246 3647 4310 immach

2050 4368 2236 4431 latam,
2274 4380 2394 4432 qua:
2438 4371 2588 4416 certo
2610 4360 2769 4413 ilueit
2801 4358 2865 4412 ad
2897 4358 3147 4417 satutem,
3183 4358 3370 4422 utpote
3398 4360 3649 4417 asperam

2052 4473 2105 4516 ct
2136 4460 2428 4521 dillicilem,
2463 4457 2597 4509 odit.

2664 4587 2819 4642 CAP.
2863 4585 3034 4639 XXX.

2126 4726 2292 4781 Vens.
2325 4726 2367 4779 i.
2411 4723 2579 4786 Time,
2610 4722 2721 4790 ﬁli,
2758 4736 2873 4793 mea
2937 4715 3115 4780 verba,
3145 4722 3194 4767 et
3246 4711 3539 4779 suscipiens
3598 4724 3658 4761 ea

2056 4818 2415 4889 pwuiteulinm
2458 4831 2570 4884 age.
2603 4810 2859 4864 Mandata
2892 4822 3032 4871 mea,
3076 4806 3174 4869 tili,
3204 4820 3269 4857 ne
3294 4811 3616 4854 contemnas
3646 4816 3657 4855 1

2060 4914 2292 4967 auribus
2322 4917 2513 4964 autem
2542 4904 2827 4976 excipiens
2855 4918 2942 4965 ea,
2968 4901 3045 4976 de
3102 4898 3346 4969 peccatis
3390 4896 3501 4949 tuis
3565 4908 3664 4961 age

2062 5003 2467 5075 paenitentiam.
2963 4975 2973 4984 ’

2140 5094 2267 5149 "(vc
2303 5092 2431 5145 dicit
2462 5091 2541 5144 vir
2581 5085 2916 5142 credentibus
2954 5083 3084 5146 Deo,
3145 5090 3194 5135 et
3228 5079 3462 5150 quiesco.
3538 5074 3665 5127 "me

2065 5184 2387 5253 unigenitus
2451 5180 2544 5236 Dei
2575 5179 2748 5233 Filius
2782 5192 2846 5230 ac
2884 5174 3123 5228 Verbum
3158 5172 3324 5225 homo
3378 5185 3505 5223 vere,
3556 5170 3667 5219 lac-

2067 5288 2157 5330 tus
2185 5277 2344 5328 docct
2373 5275 2662 5327 credentes
2696 5270 2750 5323 in
2789 5283 2915 5323 eum
2959 5275 3016 5317 ut
3052 5262 3248 5317 Deum.
3283 5261 3467 5329 Etego
3507 5272 3663 5328 pror-

2071 5385 2165 5423 sus
2194 5360 2477 5437 quiescam
2528 5362 2738 5418 sentire
2776 5358 3045 5417 carnalia.

2062 5688 2065 5691 ι
2151 5656 2315 5708 Vnus.
2365 5651 2421 5706 2.
2461 5649 2940 5719 ιηεὲρὶεηιὶδδίηιιιε
2979 5647 3118 5701 enim
3148 5662 3262 5699 sum
3294 5642 3531 5697 omnium
3572 5640 3668 5693 ησ-

2077 5750 2271 5814 miuuru
2306 5757 2353 5798 et
2386 5742 2674 5813 prudentia
2705 5741 2977 5795 hominum
3010 5755 3109 5792 non
3135 5746 3210 5791 est
3264 5737 3317 5789 in
3368 5752 3465 5787 me.
3535 5734 3670 5784 (lin-

2079 5842 2227 5893 niuiu
2264 5838 2405 5893 enim
2468 5834 2752 5889 hominum
2792 5831 3035 5888 carnalia
3091 5827 3479 5889 scuticntimu,
3541 5823 3693 5878 iusio.
