4220 6462
606 372 752 436 1523

1951 361 2303 424 PROCOPII
2336 361 2581 423 GAZEI

3752 355 3889 418 1531

602 480 985 554 pientissimus
1015 492 1161 543 sum,
1198 474 1326 548 quia
1359 480 1420 531 ut
1468 472 1777 545 spiritualia
1803 471 2059 528 sentienti
2085 484 2174 523 not

2298 469 2705 539 ἀφρονέστατος
2741 453 2991 525 ἐντεῦθέν
3022 467 3161 540 εἰμι,
3192 468 3382 540 έπειδὴ
3407 468 3481 533 ὡς
3508 467 3793 539 φρονοῦντι
3819 468 3891 520 τὰ

601 574 738 629 mihi
773 574 1027 629 subsistit
1066 569 1312 626 carnalis
1351 576 1404 623 et
1436 568 1677 622 ltumana
1728 564 2011 632 cogitatio.

673 743 839 800 Vsus.
877 745 930 799 3.
967 743 1107 798 Deus
1166 743 1347 796 docuit
1408 757 1487 793 me
1528 736 1872 807 sapientiam,
1903 745 1952 789 et
2018 734 2189 788 scien-

603 838 737 890 tiam
769 851 1080 889 sunmotum
1138 835 1376 903 cognovi.
1418 832 1563 887 Deus
1599 840 1782 886 autem
1816 829 2021 885 divinae
2074 842 2191 885 sua

601 927 912 997 disciplina:
940 941 1026 982 me
1062 927 1389 995 participem
1432 924 1642 980 em‘eit.
1687 923 1754 978 Et
1783 922 1975 992 excepi
2002 920 2188 975 divina

600 1020 862 1089 mysteria
903 1031 1027 1089 qua:
1070 1024 1276 1071 norunt
1310 1015 1499 1070 mundi
1539 1015 1726 1071 corde.

672 1108 842 1164 Vens.
879 1109 934 1162 L
970 1108 1102 1173 Quis
1157 1106 1397 1161 ostendit
1439 1108 1491 1159 iu
1522 1107 1711 1158 calum
1766 1113 1819 1158 et
1868 1102 2135 1158 descendit
2164 1104 2191 1157 2

596 1197 735 1263 Quis
769 1214 796 1253 a
831 1207 979 1262 terra
1021 1199 1086 1253 ad
1115 1198 1316 1253 cmlum
1348 1195 1652 1253 ascendit?
1686 1194 1790 1261 Qui
1833 1194 2067 1264 primum
2120 1192 2186 1246 ad

598 1298 851 1343 nostrum
883 1288 1169 1344 descendit
1203 1289 1397 1349 lutum,
1439 1297 1497 1340 ιιι
1532 1286 1667 1339 illud
1705 1285 1771 1339 ad
1798 1299 1956 1339 suam
2016 1283 2191 1338 extol-

599 1382 733 1434 lt-ret
763 1380 1214 1447 supractelcstem
1252 1378 1621 1439 altitudinem,

671 1470 803 1535 Quis
838 1469 1169 1539 congregavit
1199 1477 1375 1522 ventos
1420 1468 1473 1519 in
1516 1468 1691 1520 sinu?
1733 1464 1795 1518 Et
1844 1479 2037 1520 omnes
2081 1465 2191 1534 spi-

600 1564 827 1618 rituales
867 1563 1144 1633 potentias
1175 1562 1228 1615 in
1257 1562 1455 1614 animae
1484 1560 1704 1615 aerario.

670 1740 801 1806 Quis
855 1740 1111 1793 convertit
1157 1754 1351 1806 aquam
1408 1740 1461 1789 in
1516 1734 1961 1789 restimento?Et
1996 1750 2191 1791 omnes

2286 560 2383 611 τοῦ
2415 560 2751 630 πνεύματος,
2795 562 2897 631 οὐχ
2950 560 3189 631 ὑπάρχει
3234 563 3290 613 ὲν
3320 560 3444 629 ἐμοὶ
3488 559 3753 627 σαρκικδν
3794 560 3889 611 καὶ

2286 650 2633 721 ἀνθρώπινον
2668 653 2946 721 φρόνημα.

2361 747 2428 807 γ’.
2474 744 2621 807 Θεὸς
2669 742 2739 794 δέ
2771 740 3013 805 serenae
3074 759 3152 810 με
3200 742 3449 810 σοφίαν,
3504 743 3603 795 καὶ
3659 739 3891 809 γνῶσιν

2289 830 2474 899 ἁγίων
2507 831 2762 900 ἔγνωκα.
2800 832 2931 895 Θεὸς
2966 831 3021 883 δέ
3074 849 3167 899 μοι
3204 835 3302 901 τῆς
3338 832 3491 893 Θείας
3528 830 3696 884 αύτοῦ
3739 830 3887 881 διδα-

2292 920 2521 985 σκαλίας
2554 923 2863 992 μετέδωκε·
2921 924 3015 976 καὶ
3045 923 3350 976 κατέλαϐον
3404 924 3526 976 θεῖα
3584 922 3883 992 μυστήρια,

2289 1004 2486 1081 οἷάπερ
2508 1011 2813 1081 ἐγνώκασιν
2833 1013 2882 1065 οἰ
2912 1013 3148 1081 καθαροὶ
3176 1015 3274 1084 τὴν
3300 1014 3563 1067 διάνοιαν.

2358 1103 2421 1156 δ’.
2464 1104 2561 1169 Τίς
2598 1103 2785 1170 ἀνέϐη
2836 1105 2922 1169 εἰς
2958 1105 3066 1157 τὸν
3111 1104 3413 1171 οὐρανὸν,
3469 1103 3565 1155 καὶ
3628 1101 3891 1164 κατέϐη;

2289 1190 2387 1254 Τίς
2416 1192 2525 1245 ἀπὸ
2554 1192 2657 1261 γῆς
2704 1192 2894 1261 ὑψώθη
2922 1192 3058 1263 πρὸς
3100 1193 3366 1262 ούρανόνς
3417 1192 3476 1254 ὃς
3528 1191 3622 1244 καὶ
3670 1189 3892 1259 πρῶτον

2292 1282 2604 1353 συγκατέϐη
2635 1283 2715 1354 τῷ
2745 1284 3003 1354 ἡμετέρῳ
3044 1285 3348 1355 φυράματι,
3386 1283 3528 1336 ὥστε
3583 1280 3890 1335 ἀνελκῦσαι

2290 1373 2449 1427 τοῦτο
2484 1373 2621 1443 πρὸς
2646 1374 2709 1427 τδ
2740 1374 3138 1446 ύπερουράνιον
3173 1375 3342 1427 αύτοῦ
3378 1373 3534 1443 ὕψος.

2369 1462 2464 1527 Τίς
2496 1462 2852 1533 συνήγαγεν
2894 1462 3159 1532 ἀνέμους
3194 1463 3265 1516 ἐν
3293 1460 3538 1528 κόλπῳξ
3573 1458 3682 1513 Καὶ
3706 1458 3891 1519 πάσας

2293 1552 2392 1616 τὰς
2436 1555 2723 1624 ἐνεργείας
2772 1554 2868 1608 τοῦ
2916 1554 3231 1627 πνεύματος
3282 1556 3344 1608 ἐν
3392 1554 3473 1625 τῷ
3518 1552 3661 1607 κατά
3708 1550 3892 1622 ψυχὴν

2292 1646 2553 1717 ταμιείῳ.

2368 1741 2467 1806 Τίς
2498 1742 2923 1811 συνέστρεψεν
2942 1741 3100 1808 ὕδωρ
3131 1740 3201 1795 ἐν
3227 1740 3479 1810 ἰματίῳ;
3527 1739 3639 1792 Καὶ
3664 1740 3794 1801 τοὺς
3828 1738 3891 1789 ἐν

599 1845 887 1885 sermones
919 1832 971 1883 in
1008 1844 1174 1883 carne
1202 1828 1564 1887 circumtulit.
1586 1827 1637 1880 in
1668 1841 1808 1895 aqua
1834 1826 2174 1895 congregavit

2287 1828 2365 1901 τῷ
2420 1830 2589 1884 παντὶ
2646 1830 2840 1899 λόγους
2903 1832 3388 1903 συμπεριήνεγκεν
3440 1831 3500 1884 ὲν
3657 1828 3891 1899 ὲφόρεσε

596 1934 730 1986 eos;
786 1937 983 1977 omnes
1022 1920 1396 1991 complectens
1456 1919 1718 1990 mysterio
1788 1918 2188 1974 incarnationis

593 2030 692 2085 [er
722 2029 863 2069 eam.

669 2104 801 2169 Quis
831 2105 1108 2159 suscitavit
1129 2103 1307 2155 omnia
1332 2111 1567 2155 extrema
1601 2101 1879 2156 tert'tht
1903 2109 1962 2155 ttt
2006 2099 2188 2156 omnis

592 2197 891 2251 creationis
930 2196 1214 2249 Dominus.
1260 2210 1435 2264 usque
1465 2194 1530 2247 ad
1558 2194 1825 2247 terminos
1864 2201 2024 2246 terra:
2058 2206 2187 2262 pro-

594 2289 815 2359 pagavit
853 2287 1208 2357 Evangeliutu
1261 2301 1420 2340 suum
1445 2326 1458 2347 ,
1501 2295 1802 2354 gentesque
1839 2285 1986 2355 ipsas
2021 2283 2191 2366 iulia:

592 2364 833 2436 hiantes
869 2379 1099 2450 imperio
1139 2377 1377 2446 subegit,
1428 2385 1624 2446 spunlc
1660 2375 1907 2447 regimen
1944 2377 2065 2445 ejus
2088 2364 2185 2430 adé

597 2476 903 2527 Itziltelttt-s.

667 2647 830 2699 Vt-‘ns.
877 2646 930 2699 5.
975 2644 1128 2711 Quod
1161 2660 1350 2697 nomen
1386 2646 1433 2697 ei
1460 2646 1485 2696 .’
1516 2654 1605 2696 aut
1640 2644 1779 2711 quod
1811 2659 1998 2697 nomen
2034 2644 2180 2713 [ilius

588 2739 704 2807 [jus-
730 2740 752 2791 ἱ)
783 2739 963 2791 omnia
990 2739 1124 2789 enim
1156 2737 1311 2788 uerba
1386 2735 1477 2786 Dei
1545 2736 1737 2803 ignita.
1778 2734 2039 2800 Quaenam
2096 2741 2182 2790 est

590 2830 891 2879 stumnaria
936 2827 1229 2896 appellatio
1262 2825 1585 2894 qualitatem
1618 2826 1740 2893 ejus
1764 2824 2183 2880 demonstrans?

587 2930 636 2969 et
675 2934 924 2988 qua‘natu
978 2920 1176 2972 iterum
1227 2916 1528 2986 appellatio
1561 2915 1959 2987 discipulorum
2018 2915 2182 2985 ejus?

585 3010 844 3063 t.nristus
910 3009 1098 3078 utique
1151 3015 1207 3061 et
1242 3007 1563 3061 Christiani.
1637 3006 1894 3063 Christus
1959 3007 2178 3077 quidem

2293 1921 2489 1992 σαρκί·
2542 1921 2622 1993 τῷ
2679 1926 2802 1976 κατ’
2862 1922 3036 1994 αὐτὴν
3073 1923 3174 1994 τῆς
3225 1922 3547 1995 οἰκονομίας
3600 1922 3893 1993 μυστηρίῳ

2290 2015 2500 2079 πάντας
2538 2033 2605 2069 πε
2614 2014 2873 2087 ριλαϐών.

2366 2108 2460 2173 Τίς
2492 2106 2794 2176 ἐκράτησε
2827 2107 2947 2162 τῶν
2972 2107 3176 2177 ἄκρων
3206 2106 3319 2176 τῆς
3348 2104 3463 2177 γῆς
3488 2124 3508 2172 ;
3535 2104 3646 2159 Καὶ
3673 2101 3765 2157 οἷα
3793 2106 3893 2156 Δε-

2291 2198 2499 2269 σπότης
2547 2201 2730 2270 πάσης
2756 2200 2857 2270 τῆς
2894 2200 3151 2265 κτίσεως,
3195 2199 3303 2264 ἓως
3351 2199 3463 2251 τῶν
3499 2198 3756 2269 περάτων
3785 2196 3892 2266 τῆς

2287 2292 2391 2363 γῆς
2426 2290 2750 2356 ὲξαπλὼσας
2780 2293 2842 2345 τὸ
2872 2290 3069 2346 ἑαυτοῦ
3106 2294 3397 2363 κήρυγμα,
3428 2291 3500 2345 τὰ
3548 2290 3715 2361 μέχρι
3756 2288 3891 2342 τού-

2285 2398 2397 2433 των
2446 2382 2705 2436 οἰκοῦντα
2760 2383 2913 2455 ἔθνη,
2981 2383 3087 2437 ὑπὸ
3140 2385 3243 2455 τὴν
3307 2382 3504 2437 ἑαυτοῦ
3562 2381 3893 2435 δεσποτείαν

2246 2478 2255 2487 ’
2287 2470 2567 2542 ἐποίησεν,
2603 2476 2869 2541 ἑκουσίως
2904 2476 3163 2531 ἐντεῦθεν
3194 2476 3468 2549 δεξάμενα
3494 2475 3558 2529 τὸ
3598 2475 3693 2528 ὑπ’
3717 2474 3889 2528 αὑτοῦ

2288 2564 2699 2635 βασιλεύεσθαι.

2357 2664 2419 2711 ε’.
2467 2659 2528 2713 Τί
2577 2659 2766 2730 ὄνομα
2813 2661 3018 2729 αὐτῷ;
3050 2662 3088 2732 ἢ
3140 2663 3199 2715 τί
3242 2662 3431 2731 ὄνομα
3470 2660 3597 2727 τοῖς
3651 2661 3892 2725 τέκνοις

2284 2748 2474 2803 αὐτοῦ
2491 2766 2513 2815 ;
2547 2751 2771 2819 πάντες
2799 2754 2908 2822 γὰρ
2938 2756 3111 2823 λόγοι
3146 2754 3297 2807 Θεοῦ
3328 2751 3764 2821 πεπυρωμένοι.
3790 2751 3891 2815 Τίς

2283 2839 2345 2893 τέ
2368 2841 2486 2893 ἐστι
2516 2844 2902 2916 κεφαλαιώδης
2933 2845 3284 2917 προσηγορία
3331 2845 3431 2916 τῆς
3466 2844 3759 2913 ποιότητος
3789 2843 3892 2897 αύ-

2284 2931 2379 2984 τοῦ
2405 2937 2789 3007 παραστατικὴ
2812 2954 2825 3003 ;
2854 2937 2950 2990 καὶ
2971 2938 3055 3001 τίς
3075 2936 3242 2991 πάλιν
3266 2936 3372 2990 τῶν
3396 2936 3562 2990 αὑτοῦ
3589 2935 3887 3005 μαθητῶν;

2284 3023 2521 3092 Χριστὸς
2549 3027 2767 3091 πάντως
2810 3029 2906 3081 καὶ
2939 3028 3291 3098 Χριστιανοί·
3317 3031 3346 3082 ό
3378 3029 3512 3098 μὲν,
3551 3027 3628 3093 ὡς
3665 3031 3733 3100 τῇ
3760 3028 3888 3082 Θεόο

585 3103 712 3170 quia
759 3101 1045 3155 divinitate
1079 3102 1234 3154 unxit
1287 3099 1683 3153 humanitatem
1718 3142 1733 3164 ,
1778 3114 1875 3169 per
1919 3100 2174 3155 unionem

589 3194 989 3218 l_......-a-s:.......
1057 3195 1346 3218 "uulua"..-
1430 3199 1639 3218 ηλίιιιικι
1722 3193 1775 3218 2..
1860 3193 2154 3218 ηλ...ιιιζ.ι..ιι

2282 3131 2407 3185 τητι
2442 3117 2638 3187 χρίσας
2669 3119 2768 3189 τὴν
2790 3120 3215 3191 ἀνθρωπότητα,
3243 3120 3331 3173 διά
3364 3120 3464 3190 τὴν
3490 3122 3548 3173 ὲν
3578 3099 3729 3190 αύτῷ
3761 3120 3888 3174 καθ’

588 3194 990 3263 hyposmtitam
1057 3195 1347 3263 utriusque
1430 3199 1641 3247 naturte
1722 3193 1776 3247 in
1860 3193 2178 3261 semetipso.

583 3284 887 3341 Christiani
965 3296 1173 3351 autem,
1242 3288 1368 3357 quia
1437 3288 1639 3343 Christi
1702 3289 1996 3359 participes
2060 3302 2183 3357 gra-

583 3380 715 3432 tiam
750 3378 992 3447 Spiritus
1037 3395 1133 3449 per
1162 3395 1288 3433 eum
1326 3390 1660 3450 acceperunt
1710 3389 1765 3436 et
1806 3381 1897 3435 lilii
1948 3380 2040 3436 Dei
2072 3379 2179 3435 Pa-

581 3483 684 3525 trts
713 3479 843 3525 sunt
873 3469 1075 3526 effecti.
1124 3470 1422 3527 Sermones
1458 3473 1605 3527 enim
1638 3474 1825 3527 omnia
1857 3474 2019 3529 verba
2057 3473 2176 3543 Dei,

660 3564 750 3616 tita
794 3563 845 3615 in
884 3562 1009 3634 igne
1042 3562 1377 3634 cognitionis
1425 3564 1515 3620 Dei
1547 3580 1763 3619 omnem
1812 3567 2177 3638 ignorantiam

576 3664 626 3705 ιιι
694 3653 1019 3723 pravitatem
1103 3655 1475 3711 consumenti.
1543 3655 1647 3721 Qui
1715 3655 1803 3711 liis
1832 3645 2172 3725 detinentur,

578 3745 680 3799 l.os
719 3758 1004 3799 sermones
1040 3752 1269 3815 tangere
1296 3761 1406 3799 non
1449 3758 1698 3815 possunt.

654 3833 890 3904 Protegit
934 3844 1112 3889 autent
1182 3838 1293 3906 ipse
1353 3853 1441 3890 eos
1472 3839 1561 3906 qui
1618 3849 1918 3894 reverentur
1976 3842 2169 3911 ipsum,

578 3923 697 3994 Ipse
753 3926 1082 3983 timentibus
1116 3942 1176 3984 se
1208 3938 1432 3999 prmstat
1464 3929 1731 3986 auxilium
1762 3942 1958 3990 contra
1994 3950 2171 4005 Oppu-

573 4028 812 4086 g'mnies
851 4034 969 4074 eos.

646 4130 812 4188 V'nns.
857 4133 906 4186 6.
953 4132 1037 4188 Ne
1069 4134 1240 4189 addas
1292 4138 1460 4192 verbis
1494 4140 1631 4207 ejus,
1667 4150 1722 4194 ut
1766 4156 1870 4195 non
1900 4152 2093 4214 arguat
2123 4154 2171 4201 te

568 4237 615 4281 ct
640 4226 739 4285 [ias
775 4228 1026 4283 mendax.
1063 4228 1185 4284 Noli
1217 4232 1520 4302 quidquam
1574 4235 1820 4306 cogitare
1876 4245 2076 4306 prmter
2103 4254 2168 4295 ea

566 4338 620 4388 ψ
646 4340 690 4373 ευ
722 4331 773 4374 te
808 4319 1037 4385 docuit,
1094 4338 1163 4377 ne
1199 4323 1319 4392 ipse
1351 4331 1443 4394 qui
1493 4327 1698 4382 veritas
1759 4337 1867 4393 est,
1896 4330 2169 4387 mendacii

567 4404 639 4464 ια’
664 4423 883 4480 arguat,
920 4421 1110 4482 utpote
1144 4428 1173 4467 a
1212 4416 1439 4471 veritate
1466 4418 1583 4489 ipsa
1607 4419 1971 4478 excidentem.
2008 4421 2165 4480 Illum

565 4518 749 4559 a.;tem
774 4507 1080 4574 deprecans
1107 4504 1260 4560 addit
1295 4525 1306 4560 :
1814 4512 1821 4518 ’

635 4721 803 4779 Vens.
842 4723 892 4778 7.
931 4723 1048 4778 Duo
1076 4736 1196 4795 peto
1226 4744 1258 4779 a
1284 4735 1352 4793 te,
1386 4744 1451 4782 ne
1476 4730 1696 4799 auferas
1731 4749 1764 4787 a
1800 4750 1880 4788 me
1929 4736 2162 4803 gratiam

560 4826 843 4887 antequam
879 4833 973 4888 ego
1004 4820 1226 4873 moriar.
1276 4818 1394 4875 Duo
1433 4822 1547 4877 haec
1596 4834 1707 4881 ate
1750 4826 1999 4896 recipere
2060 4842 2161 4885 cu-

557 4925 692 4979 pzo,
724 4910 965 4966 Verbum
1029 4910 1148 4976 Del,
1183 4912 1426 4984 Spiritus
1490 4917 1669 4973 sancti
1711 4918 1940 4985 donum,
1976 4922 2163 4979 lumen

558 5005 979 5069 iti'ellectuale,
1013 5006 1159 5077 quod
1214 5008 1592 5077 speculativas
1633 5012 1833 5069 anima:
1876 5029 2017 5070 mea!
2060 5030 2161 5087 p0-

554 5099 760 5155 t-ntias
792 5139 808 5164 ,
846 5098 1189 5155 intellectum
1218 5101 1432 5158 scilicet
1478 5118 1545 5159 ac
1582 5112 1821 5161 mentem
1855 5108 2157 5177 illuminat,

554 5207 624 5247 ne
648 5187 873 5247 auferas
912 5206 939 5244 a
977 5206 1063 5245 me
1096 5206 1194 5260 per
1226 5192 1399 5249 totius
1443 5195 1570 5251 vitae
1612 5213 1751 5254 mea:
1780 5208 2017 5271 tempus.

624 5304 796 5361 Vens.
833 5306 885 5361 8.
937 5306 1160 5361 Verbum
1212 5326 1401 5363 vanum
1431 5322 1478 5365 et
1512 5315 1741 5367 mendae:
1786 5315 1938 5386 longe
1983 5317 2071 5386 [ac
2126 5336 2157 5371 a

552 5416 651 5453 me.
726 5398 835 5455 Sed
899 5401 1057 5470 quasi
1124 5402 1178 5456 in
1245 5402 1368 5458 luce
1430 5405 1771 5477 redarguens
1807 5407 2057 5465 inutilem
2104 5420 2159 5466 et

553 5492 875 5547 ntenlacem
908 5506 973 5547 ex
1036 5496 1399 5565 suggestione
1432 5498 1563 5552 mali
1616 5499 2101 5557 ratiocinationem
2139 5543 2153 5567 ,

549 5600 670 5638 εαξη
707 5584 868 5656 longe
905 5584 987 5640 fac
1019 5600 1047 5638 a
1083 5602 1188 5639 me.

627 5698 742 5752 Iitn'
771 5700 851 5752 ias
903 5708 1079 5753 autem
1107 5710 1154 5753 et
1186 5713 1553 5769 paupertatem
1602 5721 1663 5760 ne
1733 5707 1943 5764 dederis
1999 5712 2148 5766 nti/ti.

547 5786 625 5848 lit:
661 5790 872 5846 (tum-tl
898 5812 939 5845 ts
971 5790 1145 5846 lilcro
1192 5810 1311 5847 meo
1378 5794 1613 5853 at‘bttt'io
1644 5837 1659 5866 ,
1712 5799 1831 5855 sive
1868 5801 2141 5857 inutiliter

2287 3206 2591 3262 ὑπόστασιν
2623 3210 2730 3263 τῶν
2776 3212 3039 3266 τοιούτων
3070 3211 3290 3280 φύσεων
3334 3211 3531 3264 ἕνωσιν
3553 3229 3567 3244 ο
3617 3212 3668 3265 οἱ
3697 3212 3777 3278 δὲ,
3806 3212 3888 3276 ὡς

2285 3298 2480 3353 τούτου
2514 3302 2756 3373 μέτοχοι,
2792 3304 2887 3357 καὶ
2938 3305 3006 3357 δι’
3059 3303 3231 3357 αύτοῦ
3262 3304 3522 3368 λαϐόντες
3566 3303 3668 3375 τὴν
3716 3308 3885 3374 χάριν

2284 3393 2379 3448 τοῦ
2408 3396 2753 3468 Πνεύματος,
2795 3400 2901 3479 καὶ.
2924 3400 3335 3471 υἰοϐετηοέντες
3363 3401 3443 3472 τῷ
3475 3398 3596 3470 Θεῷ
3635 3401 3730 3453 καί⁵
3764 3400 3883 3452 Πα-

2281 3488 2394 3558 τρί.
2428 3489 2594 3559 Λόγοι
2635 3493 2743 3564 γὰρ
2772 3493 2840 3546 τά
2885 3495 3155 3564 εἰρημένα
3208 3495 3388 3548 πάντα
3435 3493 3594 3558 Θεοῦ,
3629 3512 3885 3565 πεπυρα-

2282 3581 2559 3652 κτωμένοι
2612 3585 2673 3638 ὲν
2712 3585 2791 3657 τῷ
2826 3587 3008 3640 πᾶσαν
3059 3586 3285 3655 ἄγνοιαν
3331 3588 3426 3661 καὶ
3458 3587 3659 3640 κακίαν
3709 3604 3885 3640 κατα·

2281 3674 2496 3728 καίοντι
2524 3678 2625 3747 τῆς
2654 3677 2993 3745 θεογνωσίας
3025 3679 3163 3750 πυρί
3184 3696 3197 3710 ο
3232 3681 3327 3734 καὶ
3350 3682 3463 3744 τοῖς
3488 3680 3885 3750 κατεχομένοις

2277 3766 2507 3830 ταύταις
2539 3769 2980 3839 ἀπρόσψαυστοι.

2362 3858 2786 3928 ’Υπερασπίζει
2809 3862 2878 3917 δὲ
2908 3864 3094 3930 αὐτὸς
3115 3864 3239 3918 τῶν
3272 3862 3739 3933 εὐλαϐουμένων
3769 3864 3883 3917 αὐ-

2276 3952 2405 4007 τόν,
2446 3947 2618 4017 Οὗτος
2655 3955 2712 4007 δὲ
2753 3957 2867 4020 τοῖς
2898 3955 3261 4027 φοϐουμένοις
3294 3956 3459 4010 αὑτὸν
3490 3954 3698 4027 βοηθεῖ,
3737 3954 3884 4008 κατὰ

2275 4043 2386 4099 τῶν
2410 4045 2802 4118 πολεμούντων
2833 4050 3063 4113 τούτοις.

2350 4158 2426 4224 ς’.
2465 4158 2565 4228 Μὴ
2617 4160 2896 4229 προσθῇς
2949 4161 3079 4229 τοῖς
3130 4162 3339 4231 λόγοις
3381 4161 3595 4227 αὐτοῦ,
3647 4162 3751 4215 ἵνα
3788 4159 3879 4230 μὴ

2272 4251 2498 4325 ἐλέγξῃ
2552 4267 2629 4307 σε
2670 4252 2772 4307 καὶ
2816 4253 3059 4323 ψευδὴς
3106 4254 3276 4323 γένῃ.
3328 4254 3421 4325 Μὴ
3464 4253 3629 4306 πλέον
3680 4252 3883 4325 ἐθέλῃς

2273 4346 2419 4396 νοεῖν
2442 4344 2553 4398 τῶν
2587 4345 2720 4417 παρ’
2752 4344 2920 4399 αὑτοῦ
2948 4345 3310 4415 διδαχθέντων
3335 4361 3441 4411 σοι,
3463 4345 3554 4398 ἵνα
3579 4344 3655 4415 μὴ
3685 4344 3881 4417 ἐπειδὴ

2272 4435 2439 4499 αὐτός
2475 4436 2625 4491 ἐστιν
2657 4439 2692 4509 ὴ
2720 4436 2977 4507 ἀλήθεια,
3000 4437 3335 4508 ψευδόμενον
3367 4435 3654 4509 ἀπελέγξῃ
3688 4452 3774 4501 σε,
3802 4437 3882 4500 ὡς

2197 4527 2242 4583 D
2275 4524 2451 4596 αὐτῆς
2500 4526 2759 4581 ἐντεῦθεν
2797 4530 2898 4599 τῆς
2944 4528 3209 4599 ἀληθείας
3270 4527 3646 4582 ἐκπίπτοντα*
3705 4545 3881 4600 προσ-

2276 4617 2577 4689 ευχόμενος
2611 4619 2669 4673 δὲ
2700 4618 2872 4691 αὐτῷ,
2903 4619 3054 4688 λέγει
3082 4620 3211 4674 τάδε
3242 4635 3260 4651 ο

2343 4731 2408 4797 ζ’.
2451 4734 2568 4787 Δύο
2600 4733 2880 4803 αἰτοῦμαι
2909 4734 3072 4803 παρὰ
3096 4734 3239 4799 σοῦ,
3265 4734 3354 4805 μὴ
3393 4733 3632 4805 ἀφέλῃς
3659 4750 3740 4804 με
3769 4732 3879 4802 χό-

2259 4844 2365 4896 ριν
2388 4827 2506 4896 πρὸ
2525 4827 2637 4882 τοῦ
2661 4828 2995 4887 ἀποθανεῖν
3012 4846 3113 4898 με.
3131 4828 3238 4883 Δύο
3263 4828 3461 4894 ταῦτα,
3478 4822 3525 4883 ὧ
3544 4828 3689 4897 Δόγε
3712 4826 3877 4891 Θεοῦ,

2264 4920 2464 4993 δέομαι
2500 4920 2693 4976 λαϐεῖν
2730 4922 2841 4977 ἀπὸ
2872 4921 2970 4976 σοῦ
2991 4938 3006 4954 ·
3042 4921 3144 4993 τὴν
3165 4921 3264 4976 τοῦ
3302 4921 3577 4990 παναγίου
3612 4920 3875 4992 Πνεῦμα-

2261 5031 2355 5080 τος
2392 5015 2631 5087 δωρεὰν,
2673 5016 2735 5070 τὸ
2769 5016 2962 5087 νοερὸν
2999 5015 3141 5085 φῶς,
3170 5015 3199 5069 δ
3238 5016 3341 5080 τὰς
3379 5014 3734 5087 θεωρητικὰς
3773 5015 3877 5085 τῆς

2262 5107 2446 5179 ψυχῆς
2478 5125 2581 5178 μου
2615 5108 2901 5180 δυνάμεις,
2934 5107 3063 5163 νοῦν
3093 5108 3191 5162 καὶ
3233 5108 3476 5164 διάνοιαν
3516 5108 3767 5178 φωτίζει,
3798 5106 3875 5180 μὴ

2262 5200 2471 5272 ἀφέλῃς
2493 5200 2590 5255 ἀπ’
2615 5200 2751 5273 ἐμοῦ
2773 5201 2843 5255 δι’
2873 5201 3007 5273 ὅλης
3037 5218 3141 5274 μου
3165 5201 3267 5271 τῆς
3300 5199 3472 5265 ζωῆς.

2332 5325 2404 5389 η’.
2466 5318 2740 5373 Μάταιον
2780 5318 2972 5389 λόγον
3044 5319 3145 5372 καί
3197 5315 3397 5388 ψευδῆ
3438 5314 3685 5388 μακράν
3752 5334 3873 5386 μου

2261 5412 2546 5480 ποίησον.
2584 5411 2729 5465 Ἀλλ’
2764 5410 2841 5475 ὼς
2879 5413 2938 5466 ὲν
2971 5411 3114 5480 φωτὶ
3154 5410 3453 5481 διελέγχων
3496 5409 3591 5463 τὸν
3636 5407 3699 5475 ἐξ
3735 5410 3871 5464 ὑπο-

2261 5504 2439 5575 οήκης
2466 5503 2564 5557 τοῦ
2590 5504 2834 5576 πονηροῦ
2870 5504 3129 5575 ἀνωφελῆ
3160 5506 3257 5559 καὶ
3283 5505 3360 5576 μὴ
3397 5502 3737 5575 ἀληθεύοντα
3784 5502 3873 5557 lo-

2259 5596 2481 5667 γισμὺν,
2516 5595 2713 5668 πόρρω
2744 5596 2847 5665 τῆς
2880 5596 3059 5668 ψυχῆς
3106 5613 3212 5667 μου
3243 5596 3539 5650 ἁπέλασον.
3667 5607 3671 5609 ‘

2331 5714 2612 5769 Πλοῦτον
2639 5713 2709 5768 δὲ
2734 5713 2833 5768 καὶ
2868 5713 3085 5767 πενίαν
3123 5712 3210 5782 μή
3236 5730 3339 5782 μοι
3361 5708 3501 5777 δῷς.
3529 5709 3625 5781 Μὴ
3654 5727 3867 5781 συγχω-

2263 5806 2437 5877 ρήςῃς
2492 5804 2551 5859 δέ
2590 5821 2691 5874 μου
2742 5805 2819 5875 τῷ
2893 5802 3235 5875 αύτεξονσίῳ
3288 5805 3388 5875 τῆς
3446 5800 3859 5874 προαιρέσεως,
