4220 6462
309 396 332 462 1
346 397 450 460 535

1378 390 1913 452 COMMENTARII
1957 388 2035 447 IN
2068 384 2518 447 PROVERBIA.

3442 366 3579 431 1526

306 510 407 559 εἶθ’
446 504 752 575 ὑπερϐῆναι
783 502 925 556 κατά
961 502 1163 573 πρᾶξιν
1190 502 1483 571 ἀνωφελῶς
1528 504 1628 572 τὴν
1657 503 1883 573 ἀρετὴν,

2028 502 2249 551 irtutem
2312 490 2667 562 transgredi,
2743 489 2857 543 sive
2898 486 2964 537 ab
3026 479 3377 537 camendose
3444 478 3581 529 defl-

308 598 408 648 είτ⁹
436 595 675 663 ἐλλεῖψαι
699 593 906 660 ταύτης
928 592 1248 661 ἀπατηλῶς.

380 724 694 787 Σύνταξον
713 721 781 775 δέ
799 740 899 789 μοι
925 723 995 774 τὰ
1016 722 1232 775 δέοντα
1261 720 1357 773 καί
1387 720 1678 788 αὐτάρκη.
1723 716 1892 787 Ὀμοῦ

304 817 350 870 δ’
392 818 477 868 ἐπ’
514 817 641 886 ἐμοὶ
685 814 847 878 τάξον
892 814 964 867 τά
1000 814 1047 865 θ’
1098 813 1416 883 ἁρμόζοντα
1469 812 1546 880 τῷ
1600 812 1771 881 νοερῷ
1797 811 1893 879 τῆς

306 909 483 976 ψυχῆς
511 924 613 976 μου
663 904 837 975 ἀληθῆ
893 903 1245 973 θεωρήματα,
1295 906 1388 956 καὶ
1433 904 1568 973 πρὸς
1618 904 1894 972 σωτηρίαν

308 998 501 1066 αὐτῆς,
530 995 781 1066 αὐτάρκη
813 998 878 1065 τῇ
909 994 1139 1063 δυνάμει
1174 995 1271 1046 τοῦ
1310 994 1561 1066 σώματός
1606 1012 1709 1065 μου
1763 996 1895 1064 περὶ

305 1090 408 1158 τὴν
441 1089 549 1141 τῶν
582 1087 794 1158 ἀρετῶν
821 1086 1088 1156 ἐργασίαν
1126 1085 1569 1155 φιλοπονήματα.

381 1204 448 1257 θ’.
491 1203 617 1256 Ἵνα
670 1201 758 1270 μὴ
807 1202 1127 1267 πλησθεὶς,
1164 1200 1403 1268 ψευδὴς
1455 1200 1743 1269 γένωμαι,
1796 1199 1892 1251 καὶ

307 1295 476 1345 εἴπω·
509 1292 608 1357 Τίς
640 1309 717 1360 με
745 1291 886 1358 όρᾷ;
921 1292 958 1359 ἢ
991 1292 1185 1358 πένης
1216 1292 1512 1361 γεγηθεὶς,
1543 1292 1770 1357 κλέψω,
1795 1290 1894 1342 καί

309 1383 513 1447 ὀμόσω
542 1382 608 1433 τὸ
657 1380 847 1448 ὄνομα
895 1379 1002 1433 τοῦ
1036 1380 1209 1433 Θεοῦ.
1239 1381 1432 1441 Ὅπως
1482 1380 1619 1449 μήτε
1651 1377 1897 1443 ύπερϐἁς

308 1475 401 1525 τὸν
435 1474 561 1542 ὅρον
593 1472 689 1525 καὶ
736 1472 797 1524 τὸ
826 1472 1025 1541 μέτρον
1068 1471 1161 1525 τοῦ
1193 1473 1479 1542 χρήματος
1522 1472 1621 1540 τῆς
1666 1472 1895 1540 ἀρετῆς,

308 1562 601 1630 διαμάρτω
630 1560 724 1614 τοῦ
744 1563 885 1615 κατά
905 1561 1039 1614 Θεὸν
1061 1561 1295 1630 ἀληθοῦς
1323 1561 1527 1614 σκοποῦ
1545 1578 1557 1589 ’
1582 1561 1650 1613 δι’
1676 1561 1897 1614 ἔπαινον

310 1651 639 1723 ἀνθρώπων,
671 1653 767 1705 καὶ
798 1652 860 1705 ού
901 1652 990 1705 διὰ
1038 1652 1193 1717 Θεὸν,
1227 1654 1483 1723 ἀμέτρως
1513 1654 1737 1722 κάμνων
1768 1652 1897 1721 περὶ

310 1742 410 1813 τὴν
435 1742 699 1811 ἐργασίαν
719 1743 818 1814 τῆς
837 1742 1040 1814 ἀρετῆς
1058 1761 1070 1774 ·
1099 1744 1395 1797 κάντεῦθεν
1411 1744 1773 1817 ἐπικρύπτων
1800 1745 1899 1815 τὴν

1995 605 2141 643 CCI’C.

2066 720 2340 774 Constitue
2370 725 2543 769 autem
2583 712 2711 764 mihi
2739 725 2854 779 qua:
2881 716 3003 761 sunt
3035 702 3332 758 necessaria
3358 711 3405 755 et
3438 700 3584 767 sum-

1995 811 2206 863 tientia.
2248 807 2423 860 Simul
2454 815 2635 858 autem
2672 801 2947 856 constitue
2979 797 3111 850 milii
3151 796 3403 849 veritatis
3446 808 3589 861 prm-

1995 910 2149 969 cepta
2176 913 2299 967 qua:
2333 894 2632 950 intellectui
2688 891 2883 943 animae
2950 902 3082 940 mea:
3141 885 3499 944 conveniunt,
3536 887 3590 935 et

2002 998 2224 1060 propter
2266 988 2501 1041 salutem
2535 985 2659 1051 ejus
2684 981 2752 1034 de
2779 978 3101 1047 operatione
3133 975 3403 1027 virtutum
3437 971 3591 1025 labo-

1999 1099 2088 1137 res
2129 1096 2250 1150 qua:
2279 1077 2534 1147 corporis
2576 1074 2679 1126 mei
2710 1072 2920 1125 viribus
2948 1066 3249 1126 sulliciunt,

2074 1192 2237 1248 γῦπε.
2271 1191 2327 1245 9.
2362 1189 2443 1242 Ne
2501 1201 2776 1241 saturatas
2818 1187 3047 1235 mendax
3080 1188 3212 1248 [tam
3258 1186 3307 1230 et
3366 1177 3543 1228 dicam
3575 1190 3592 1227 :

1999 1282 2127 1348 Quis
2183 1299 2264 1335 me
2317 1280 2498 1333 videt?
2534 1286 2628 1329 aut
2672 1290 2824 1343 egens
2883 1272 3029 1339 [urer
3079 1278 3128 1322 et
3179 1266 3443 1334 prrjurem
3497 1281 3593 1316 no-

2000 1391 2115 1428 men
2174 1373 2285 1427 Dei.
2323 1370 2397 1424 Ne
2442 1364 2905 1438 praetergrediens
2960 1360 3256 1415 terminum
3289 1365 3343 1410 et
3373 1369 3597 1409 mensu-

1998 1482 2116 1521 ram
2164 1464 2295 1519 boni
2332 1462 2556 1515 virtutis
2585 1501 2598 1521 ,
2631 1472 2659 1509 a
2716 1469 2855 1509 vero
2876 1467 3046 1522 scepo
3078 1449 3385 1506 secundum
3426 1446 3595 1499 Deum

2004 1557 2279 1618 excidam,
2319 1560 2544 1624 propter
2584 1549 2775 1605 laudes
2805 1548 3091 1600 hominum
3130 1552 3182 1597 et
3218 1557 3327 1596 non
3377 1549 3599 1608 propter

2008 1644 2198 1709 Deum,
2239 1642 2535 1698 immodice
2591 1637 2915 1693 incumbens
2966 1634 3187 1687 virtutis
3255 1629 3598 1699 operationi:

2004 1738 2130 1792 inde
2155 1749 2375 1808 pravam
2410 1733 2606 1786 anima:
2636 1744 2767 1783 mem
2816 1725 3237 1795 dispositionem
3259 1724 3557 1798 peeultans
3583 1759 3599 1784 ,

312 1810 559 1905 πονηράν
607 1835 707 1904 τῆς
736 1810 916 1904 ψυχῆς
949 1810 1050 1905 μου
1080 1835 1341 1899 διάθεσιν,
1388 1835 1527 1901 δόξω
1558 1810 1894 1890 λανθάνειν·

2025 1837 2173 1882 atere
2202 1824 2429 1879 videbor
2450 1822 2559 1887 ποῖ
2595 1836 2662 1874 ne
2692 1833 2721 1871 a
2746 1818 2983 1872 termino
3021 1830 3084 1868 ac
3108 1828 3367 1868 mensura
3387 1810 3603 1865 virtutis

316 1926 441 1997 μήτ’
473 1925 725 1994 ἐλλείψας
753 1928 848 1979 τοῦ
881 1926 1009 1997 ὅρου
1044 1928 1138 1980 καὶ
1169 1926 1263 1978 τοῦ
1315 1926 1516 1997 μέτρου
1566 1927 1661 1980 τοῦ
1691 1928 1899 1980 τοιοῦδε

218 2104 219 2107 η
314 2023 622 2089 χρήματος,
661 2018 802 2071 κατὰ
852 2019 1172 2088 προαίρεσιν
1223 2018 1323 2089 τὴν
1369 2019 1731 2089 ὀφειλομένην
1781 2019 1901 2089 Θεῷ

314 2109 536 2178 συλήσω
586 2110 869 2181 λατρείαν,
912 2110 1078 2183 σαρκὶ
1108 2111 1202 2163 καὶ
1249 2112 1439 2181 κόσμῳ
1477 2111 1763 2175 δουλεύων,
1808 2112 1902 2163 καὶ

318 2202 528 2272 στέρξω
555 2204 619 2272 τῇ
686 2202 955 2275 θεραπείᾳ
990 2203 1088 2272 τῆς
1142 2203 1379 2273 γαστρὸς
1420 2204 1651 2257 καὶτῶν
1695 2204 1903 2271 ὑπογα-

316 2297 543 2366 στρῖων,
580 2297 935 2367 ἡγησάμενος
960 2297 1059 2366 τὴν
1094 2296 1303 2349 κοιλίαν
1326 2297 1485 2352 Θεὸν.

392 2413 442 2460 ι’.
486 2411 583 2474 Μὴ
623 2408 906 2476 παραδῷς
934 2408 1179 2476 οἰκέτην
1210 2411 1298 2476 είς
1325 2409 1531 2478 χεῖρας
1559 2412 1867 2466 Δεσπότου
1888 2427 1902 2441 °

310 2499 551 2569 μήποτε
581 2500 995 2569 κατίίράσηταί
1025 2516 1119 2564 σε,
1159 2502 1257 2554 καί
1293 2502 1663 2571 ἀφανισθῇς.
1702 2505 1793 2575 Μὴ
1831 2503 1907 2574 τῷ

316 2595 570 2665 τυράννῳ
599 2594 709 2647 τῶν
738 2596 1025 2665 ἡμετέρων
1053 2594 1242 2665 ψυχῶν
1270 2595 1526 2666 διαϐόλῳ,
1561 2596 1652 2651 τὸν
1684 2594 1910 2650 δουλεύ-

323 2701 496 2738 σαντα
528 2684 722 2738 τοῦτον
769 2689 837 2755 τῇ
882 2686 1151 2757 ἁμαρτία,
1187 2687 1281 2739 καὶ
1311 2687 1536 2755 φεύγειν
1591 2686 1795 2757 ταύτην
1846 2688 1911 2741 ἐκ

323 2773 694 2845 μεταμελείας
736 2776 1159 2846 ἐπιχειροῦντα,
1209 2778 1606 2849 καταπροδῴς,
1656 2776 1911 2847 ἐμϐαλῶν

323 2866 489 2919 αὑτὸν
553 2870 631 2931 είς
701 2868 1059 2936 ἀπόγνωσιν,
1119 2869 1416 2922 κάντεῦθεν
1476 2870 1913 2941 παρασκευάσας

322 2960 513 3014 τοῦτον
547 2961 939 3033 τιμωρηθῆναι
991 2963 1143 3033 παρὰ
1172 2963 1267 3016 τοῦ
1299 2965 1575 3017 Δεσπότου
1626 2965 1734 3018 τῶν
1774 2964 1913 3018 ὅλων

322 3050 482 3105 Θεοῦο
507 3051 597 3105 ἵνα
617 3054 692 3123 μὴ
714 3053 846 3123 παρ’
863 3052 1031 3106 αὑτοῦ
1064 3054 1325 3125 ἀκούσῃς’
1351 3073 1369 3105 ι
1411 3056 1530 3108 Ἀπ’
1548 3054 1683 3124 ἐμοῦ
1705 3056 1754 3107 οἱ
1782 3072 1916 3108 κατ’

333 3147 605 3215 ηραμένοι
626 3160 641 3177 ο
672 3163 689 3196 ι
720 3147 817 3197 καὶ
855 3147 936 3209 εις
968 3146 1029 3199 τὸ
1062 3146 1251 3210 σκότος
1282 3149 1599 3219 ἁπορῥιφῇς
1624 3149 1685 3201 τὸ
1718 3148 1915 3214 ἐξώτε-

332 3253 456 3306 ρον·
485 3235 562 3298 ὼς
588 3237 679 3288 τὸν
708 3235 981 3288 πεινῶντα
1006 3236 1104 3305 τὴν
1150 3239 1432 3308 σωτηρίαν
1466 3238 1659 3304 αὐτοῦ,
1700 3240 1795 3294 καὶ
1833 3240 1915 3293 δι-

325 3329 516 3398 ψῶντα
546 3328 707 3396 λόγου
756 3328 1035 3399 σωτηρίαν
1062 3328 1317 3395 ἀκοῦσαι,
1361 3329 1606 3400 ἀνηλεῶς
1651 3330 1922 3401 καταλιμ-

328 3422 519 3476 πὰνων
545 3420 906 3476 ἀπόλλυσθαι.

404 3542 493 3589 ια’.
543 3538 835 3607 Ἕκτον-ον
873 3540 1066 3593 κακὸν
1108 3541 1334 3608 πατέρα
1387 3540 1746 3609 καταρᾶται,
1809 3540 1925 3608 τὴν

330 3627 399 3680 δὲ
423 3628 656 3699 μητέρα
707 3632 820 3684 οὐκ
879 3631 1140 3701 εὐλογεῐ.
1186 3632 1432 3702 Μισητὸς
1472 3633 1585 3702 γὰρ
1641 3634 1775 3698 υίὸς,
1825 3635 1927 3687 ούκ

332 3722 659 3791 ἐπιστρέφει
692 3722 781 3775 διὰ
832 3723 1126 3792 μετανοίας
1169 3723 1306 3795 πρὸς
1336 3724 1491 3789 Θεὸν,
1539 3725 1632 3778 τὸν
1674 3726 1925 3796 υἱοθετη-

335 3817 575 3886 σάμενον
599 3816 793 3869 τοῦτον
816 3817 874 3868 ἐν
899 3815 979 3885 τῷ
1020 3817 1225 3869 πλάσαι
1264 3816 1387 3869 κατ’
1416 3817 1601 3869 είκόνα
1633 3817 1800 3870 αὑτοῦ
1834 3820 1929 3870 καὶ

333 3910 634 3980 ὁμοίωσιν·
671 3907 788 3960 ἀλλ’
834 3907 911 3971 ὼς
965 3908 1204 3978 σκληρὸν
1254 3909 1348 3962 τὸν
1396 3908 1594 3963 ἐαυτοῦ
1646 3910 1927 3965 διαϐάλλει

333 4006 584 4075 πατέρα·
625 4004 726 4075 τὴν
758 4005 816 4058 δὲ
864 4006 1067 4075 τροφὸν
1118 4005 1316 4059 ἑαυτοῦ
1353 4006 1498 4059 κατὰ
1540 4006 1741 4076 ψυχὴν,
1775 4007 1930 4061 θείαν

332 4098 529 4150 τούτου
576 4095 933 4150 διδασκαλίαν
972 4097 1074 4150 οὐκ
1124 4098 1358 4164 ἐπαινεῖ,
1391 4098 1466 4162 ῶς
1512 4097 1674 4166 δῆθεν
1722 4098 1929 4168 δυσφύ-

334 4191 557 4244 λακτον.

409 4302 499 4372 ιβ’.
540 4303 842 4372 Ἔκγονον
886 4300 1108 4365 κακὸν,
1144 4300 1381 4356 δίκαιον
1423 4302 1643 4357 ἑαυτὸν
1703 4304 1926 4371 κρίνει·

336 4396 457 4465 τὴν
487 4396 557 4450 δὲ
599 4396 823 4461 ἔξοδον
854 4395 1043 4464 αὐτοῦ
1083 4397 1195 4449 οὐκ
1228 4395 1549 4465 ἀπένιψεν.
1592 4397 1652 4449 Ὀ
1688 4397 1931 4460 τοιοῦτος

336 4490 452 4553 υίὸς
484 4490 746 4559 ἐνάρετον
796 4488 988 4541 ἑαυτὸν
1035 4488 1243 4541 οἴεται·
1280 4490 1380 4559 τὴν
1425 4490 1481 4542 δὲ
1526 4491 1664 4559 πρὸς
1692 4491 1752 4543 τὸ
1778 4492 1931 4553 τέλος

336 4582 573 4648 διέξοδον
596 4583 698 4654 τῆς
748 4582 899 4653 ζωῆς
946 4582 1133 4649 αὐτοῦ,
1176 4582 1330 4636 οὔπω
1359 4583 1470 4637 τῶν
1506 4584 1629 4638 καθ’
1656 4586 1937 4655 ἁμαρτίαν

341 4674 581 4745 κηλίδων
615 4673 912 4746 ἐκάθηρεν.

416 4793 513 4857 ιγ’.
573 4787 876 4855 Ἕκγονον
941 4786 1174 4850 κακόν,
1227 4787 1512 4856 ὑψηλοὺς
1590 4785 1943 4856 ὀφθαλμοὺς

339 4882 507 4947 έχειο
568 4876 696 4943 τοῖς
747 4877 818 4930 δὲ
872 4877 1209 4945 ,ϐλεφάροις
1262 4879 1452 4932 αὑτοῦ
1504 4880 1831 4945 ἐπαίρεται.
1885 4879 1943 4932 Ὀ

340 4968 590 5033 τοιοῦτος
630 4968 771 5036 υἱὸς,
825 4970 901 5041 μὴ
947 4968 1334 5037 ἐπιγινώσκων
1390 4970 1490 5038 τὴν
1537 4970 1748 5022 οἰκείαν
1779 4968 1944 5023 ἀσθέ-

342 5081 512 5128 νειαν,
558 5054 797 5135 θεωρίαν
831 5063 1169 5134 ἀχαλίνωτον
1218 5062 1519 5132 κέκτηται·
1556 5065 1650 5117 καὶ
1701 5066 1768 5117 τὰ
1804 5064 1945 5135 βρα-

343 5154 554 5224 χύτατα
584 5152 950 5225 ἐλαττώματα
982 5154 1092 5206 τῶν
1132 5152 1413 5224 ὁμοφυῶν,
1445 5157 1569 5218 ταῖς
1609 5154 1685 5218 ὡς
1716 5156 1773 5208 ἐν
1821 5154 1946 5225 βλε-

346 5247 547 5317 φάροις
571 5245 888 5313 ἐξετάσεσιν
912 5246 1082 5299 αὑτοῦ
1106 5248 1420 5318 ἀνακρίνων
1452 5249 1546 5301 καὶ
1569 5250 1943 5319 κατακρίνων,

347 5341 754 5412 κατεπαίρεται
775 5339 985 5394 τούτων
1012 5339 1089 5404 ὡς
1120 5340 1447 5411 ἐλαχίστων.

421 5456 505 5511 ιδ’.
551 5458 854 5526 Ἕκτονον
888 5456 1105 5521 κακὸν,
1144 5447 1447 5526 μαχαίρας
1481 5456 1626 5524 τοὺς
1694 5458 1949 5524 ὀδόντας

348 5550 508 5617 ἔχει,
542 5546 644 5601 καὶ
680 5548 786 5614 τὰς
812 5548 1039 5617 μύλας,
1071 5548 1322 5618 τομίδας
1347 5588 1362 5613 ,
1399 5547 1557 5603 ὥστε
1587 5551 1953 5605 ἀναλίσκειν

350 5641 452 5697 καί
479 5642 824 5695 κατεσθίειν
849 5642 992 5708 τοὺς
1023 5642 1351 5707 ταπεινοὺς
1378 5642 1498 5697 ἀπὸ
1533 5642 1649 5710 τῆς
1685 5643 1820 5713 τῆς,
1853 5643 1953 5698 καὶ

353 5735 497 5802 τοὺς
540 5732 811 5803 πένητας
843 5733 1048 5789 αὐτῶν
1082 5735 1152 5799 ἐξ
1181 5734 1534 5805 ἀνθρώπων.
1598 5737 1660 5789 ὐ
1706 5737 1953 5801 τοιοῦτος

363 5828 469 5892 θεὸς
500 5826 693 5898 λόγους
726 5827 1049 5899 προσφέρει,
1095 5826 1255 5898 δίκην
1290 5828 1578 5898 μαχαιρῶν
1625 5831 1741 5891 ταῖς
1771 5829 1951 5881 διαϐο-

2004 1919 2261 1973 consulto
2287 1916 2455 1970 Deum
2519 1911 2705 1966 debito
2764 1909 2913 1963 cultu
2969 1908 3200 1976 spoliem
3240 1946 3254 1971 ,
3321 1904 3472 1958 carni
3551 1910 3605 1954 et

2004 2010 2210 2063 mundo
2258 2005 2550 2065 serviens.
2607 2013 2661 2056 et
2718 1999 2934 2054 ventris
3004 2013 3067 2052 ac
3121 1997 3415 2050 libidinum
3485 2009 3601 2049 ser-

2007 2104 2179 2155 vitute
2207 2100 2453 2154 delecter
2477 2138 2492 2161 ,
2532 2105 2780 2149 ventrem
2818 2090 2988 2145 Deum
3043 2098 3328 2160 reputans.

2082 2401 2250 2456 νεεις.
2295 2399 2382 2454 10.
2421 2394 2504 2450 Ne
2534 2394 2718 2447 tradas
2743 2390 3006 2461 famulum
3036 2391 3091 2442 in
3124 2403 3322 2441 manus
3362 2384 3609 2463 Domini.

2025 2513 2085 2551 ue
2117 2494 2334 2566 quando
2363 2488 2651 2544 maledicat
2690 2498 2737 2540 te
2766 2498 2815 2539 ct
2855 2483 3106 2537 delcaris.
3141 2479 3372 2534 Diabolo
3404 2479 3614 2531 anima-

2013 2603 2133 2642 rum
2180 2594 2494 2640 nostrarum
2528 2590 2786 2653 tyranno,
2820 2593 2945 2633 cum
2983 2576 3074 2646 qui
3109 2580 3338 2645 peccato
3394 2572 3561 2627 servit
3596 2609 3611 2635 ,

2011 2687 2066 2735 et
2118 2679 2452 2749 negligenter
2482 2674 2617 2728 illud
2682 2672 2872 2741 fugere
2941 2675 3191 2732 conatur,
3255 2680 3324 2720 ne
3379 2664 3613 2727 tradas,

2014 2778 2224 2849 pellens
2250 2788 2375 2827 eum
2418 2771 2473 2825 in
2552 2769 2994 2837 desperationem
3035 2802 3050 2827 ,
3089 2776 3485 2831 exponensmte
3548 2760 3615 2812 ad

2015 2868 2315 2924 vindictam
2349 2862 2444 2917 Dei
2476 2860 2865 2916 universorqu
2918 2853 3135 2908 Domini
3184 2891 3197 2915 ,
3234 2867 3305 2907 ne
3373 2852 3441 2906 ah
3499 2852 3619 2920 ipso

2017 2960 2247 3027 audias:
2284 2957 2360 3011 ite
2390 2971 2420 3009 a
2455 2969 2560 3018 me,
2597 2948 2897 3013 maledicti,
2926 2954 2979 3002 et
2998 2945 3313 3016 projiciaris
3356 2944 3409 2997 in
3471 2953 3617 2996 tene-

2019 3052 2151 3107 bras
2177 3049 2492 3105 exteriores
2524 3043 2654 3113 quia
2709 3041 2831 3097 sine
2880 3036 3263 3093 misericordia
3315 3034 3495 3106 perire
3544 3035 3619 3087 si-

2018 3143 2144 3197 visti
2178 3154 2303 3197 eum
2333 3138 2428 3208 qui
2468 3136 2700 3192 salutem
2744 3131 3030 3187 esuriebat
3069 3137 3125 3185 et
3155 3128 3353 3184 salutis
3388 3128 3618 3182 verbum

2026 3234 2247 3289 sitiebat
2276 3230 2492 3286 audire.

2104 3546 2267 3600 Vens.
2314 3543 2400 3600 ll.
2447 3541 2621 3595 Filius
2656 3539 2829 3592 malus
2856 3547 3061 3606 patrem
3085 3533 3378 3596 maledicit,
3403 3538 3622 3582 matrem

2031 3651 2209 3694 autem
2241 3655 2343 3692 non
2375 3634 2659 3690 benedicit.
2695 3632 2935 3688 Odiosus
2976 3629 3123 3685 enim
3168 3627 3314 3681 filius
3355 3639 3464 3679 non
3490 3638 3627 3676 con-

2029 3734 2195 3786 venit
2236 3744 2331 3798 per
2370 3725 2755 3796 pmnitentiam
2795 3721 2863 3776 ad
2894 3720 3065 3774 Deum
3106 3718 3199 3790 qui
3262 3716 3417 3772 illum
3456 3715 3628 3768 lilium

2037 3822 2189 3885 fecit,
2223 3819 2465 3874 creando
2504 3832 2628 3872 eum
2675 3814 2742 3869 ad
2784 3813 3078 3880 imaginem
3109 3820 3160 3864 et
3207 3807 3628 3865 similitudinem

2033 3928 2211 3977 Suam,
2240 3911 2335 3966 sed
2374 3908 2659 3979 proprium
2682 3914 2891 3976 patrem
2921 3910 2978 3955 ut
3008 3901 3208 3956 durum
3238 3900 3630 3955 calumniatur.

2032 4002 2317 4057 Nutricem
2351 4008 2533 4053 autem
2566 3999 2762 4052 anima:
2815 4009 2965 4059 sum,
3032 3992 3273 4047 divinam
3344 3992 3463 4059 ejus
3502 3991 3635 4044 doe-

2035 4094 2237 4147 trinam
2274 4104 2383 4145 non
2418 4088 2644 4152 laudat,
2682 4093 2874 4156 utpote
2902 4093 3124 4140 servatu
3156 4081 3454 4136 difficilem.

2112 4287 2279 4343 Vsus.
2319 4286 2399 4341 l2.
2434 4284 2614 4351 Filius
2642 4285 2819 4338 malus
2845 4282 3058 4351 justum
3091 4298 3147 4335 se
3166 4281 3401 4351 judicat,
3437 4281 3638 4333 exitum

2037 4394 2157 4430 vero
2200 4392 2356 4430 suum
2392 4390 2496 4427 nou
2528 4350 2677 4426 lauit.
2726 4371 2880 4424 Talis
2922 4368 3069 4424 ﬁlius
3102 4350 3310 4422 virtute
3352 4367 3637 4437 praeditum

2038 4485 2159 4524 sese
2191 4474 2374 4537 putat;
2403 4466 2612 4521 exitum
2646 4473 2829 4517 autem
2883 4459 3008 4514 vitae
3067 4474 3183 4515 sua:
3229 4474 3338 4514 non
3385 4456 3641 4529 purificat

1967 4540 2015 4599 ι)
2042 4574 2073 4613 a
2108 4563 2460 4627 peccatorum
2488 4552 2743 4608 maculis.

2114 4745 2283 4801 Vnus.
2324 4746 2410 4799 15.
2457 4742 2636 4797 Filius
2682 4744 2858 4797 malus
2907 4742 3160 4797 sublimes
3208 4740 3390 4796 oculos
3442 4738 3598 4793 habet
3627 4778 3642 4798 .

2043 4834 2311 4905 palpebris
2344 4842 2521 4887 autem
2549 4830 2987 4885 suis'extollitur.
3022 4829 3196 4884 Filius
3222 4829 3367 4891 talis.
3392 4828 3648 4897 ignorans

2046 4924 2327 4993 propriam
2359 4920 2762 4984 inﬁrmitatem,
2797 4920 2853 4973 in
2890 4919 3307 4973 meditationem
3326 4913 3647 4969 cll‘reuatam

2047 5025 2170 5065 sese
2220 5006 2452 5062 ell‘undit
2488 5024 2501 5060 :
2539 5015 2593 5060 et
2643 5006 2923 5061 levissima
2966 5014 3195 5075 peccata
3249 5003 3528 5074 proximi,
3568 5000 3651 5054 in-

2048 5097 2447 5169 quisitiouibus
2481 5102 2540 5149 ut
2589 5096 2641 5150 in
2690 5095 2969 5166 palpebris
3012 5102 3271 5148 scrutans
3301 5109 3367 5150 ac
3391 5093 3655 5165 judicans

2051 5189 2314 5243 adversus
2341 5200 2437 5241 eos
2457 5194 2648 5253 utpote
2679 5184 2940 5238 minimos
2974 5182 3288 5267 extollitur.

2127 5387 2296 5442 Vsus.
2333 5386 2419 5441 M.
2458 5384 2632 5440 Filius
2673 5386 2848 5439 malus
2888 5383 3097 5456 gladios
3139 5383 3323 5437 dentes
3360 5380 3516 5434 habet
3543 5404 3572 5447 ,-
3606 5391 3656 5433 et

2063 5480 2263 5533 cultros
2311 5476 2508 5539 molas,
2545 5484 2603 5528 ut
2651 5484 2933 5529 consumat
2984 5481 3033 5527 et
3051 5472 3292 5527 comedat
3322 5470 3548 5523 humiles
3594 5468 3659 5521 de.

2057 5575 2200 5619 terra
2220 5573 2299 5623 .et
2322 5577 2580 5632 pauperes
2597 5578 2782 5616 eorum
2822 5576 2887 5615 ex
2904 5559 3229 5613 hominibus.
3259 5558 3435 5613 Filius
3467 5556 3657 5611 istius—

2056 5653 2201 5708 modi
2266 5666 2557 5707 sermones
2615 5649 2828 5718 profert
2883 5648 2991 5717 qui.
3036 5640 3331 5703 calumniis
3379 5644 3661 5713 sieutgl'a-

2060 5743 2133 5796 dii
2189 5741 2441 5795 homines
2489 5738 2729 5802 la'dunt,
2766 5747 2823 5791 et
2877 5735 3244 5807 cogitationes
3303 5731 3661 5797 circumfert,

2068 5846 2187 5901 quae
2217 5832 2375 5900 quasi
2420 5828 2614 5884 drntcs
2656 5828 2893 5883 molares
2931 5835 3145 5883 secreto
3185 5824 3485 5879 fraternam
3524 5816 3689 5874 arui--
