4220 6462
618 385 756 453 1531

1963 391 2314 452 PROCOPII
2354 391 2598 451 (ἰΑΖΕΙ

3767 387 3905 450 1532

621 495 871 559 humilia,
934 496 1272 564 sapientiora
1332 495 1698 553 ostendentur
1742 496 2064 555 hominibus
2115 517 2183 567 qn

2314 501 2410 553 ἐπὶ
2443 503 2543 570 τῆς
2571 500 2675 569 γῆς
2705 498 2899 566 εὐτελῆ
2941 496 3138 561 ταῦτα,
3180 515 3470 567 σοφω.ερα
3509 497 3619 550 τῶν
3670 499 3732 550 ἐκ
3764 499 3903 552 θεοῦ

621 601 648 635 a
698 585 809 636 Deo
850 585 1071 653 quidem
1130 587 1402 640 rationem
1469 598 1524 643 et
1575 588 1861 656 sapientia:
1905 592 2210 659 potentiam

619 683 975 743 acceperunt,
1006 684 1211 729 temere
1256 685 1440 732 autem
1492 690 1921 734 conversantttr.

696 765 856 821 Vnus.
894 768 985 819 ‘25.
1030 767 1322 832 Formica',
1354 768 1543 836 quibus
1573 787 1675 823 non
1708 782 1783 825 est
1813 772 1997 838 robur,
2029 781 2079 827 et
2110 788 2211 841 pa-

619 868 741 908 rant
774 873 826 909 tu
866 875 1029 911 messe
1068 860 1239 911 cibum
1273 860 1395 913 sibi.
1448 859 1736 925 Formica},
1771 863 2006 933 populus
2054 864 2210 917 inﬁr-

616 966 761 1013 mus,
800 950 855 1004 in
900 959 1091 1005 aestate
1113 952 1312 1006 hiemis
1343 952 1529 1005 cibum
1578 964 1795 1024 parant,
1837 969 1927 1020 ne,
1962 964 2211 1026 tempore

615 1042 834 1100 fructus
860 1044 1156 1114 colligendi
1194 1046 1496 1114 prxterito,
1528 1048 1804 1103 esuriant.

682 1326 849 1381 Vnus.
881 1320 971 1381 26.
1007 1326 1382 1398 Cluerogrylli,
1428 1346 1554 1399 gens
1587 1346 1690 1384 uon
1714 1331 1918 1395 valida,
1948 1335 2041 1400 qui
2070 1334 2207 1401 fecs-

611 1429 732 1470 ruut
757 1418 811 1470 in
848 1418 1009 1485 petris
1038 1418 1222 1472 domos
1264 1436 1415 1473 suas.
1444 1421 1747 1491 liystrices,
1781 1424 2079 1478 invalidum
2115 1442 2207 1495 ge-

608 1524 736 1573 nus,
773 1508 969 1565 domos
1005 1508 1110 1564 sibi
1150 1510 1205 1563 in
1241 1512 1412 1580 petris
1443 1511 1718 1568 ell'odiunt
1760 1524 1819 1568 ut
1848 1515 1985 1584 ipsis
2019 1528 2205 1586 prote-

607 1610 831 1670 gantur.

675 1797 839 1853 Vens.
871 1799 959 1855 27.
1005 1798 1196 1870 Regem
1244 1801 1451 1857 locusta
1486 1821 1589 1859 non
1634 1767 1813 1869 habet,
1848 1819 1900 1864 et
1930 1813 2199 1880 egreditur

2320 593 2418 660 μὲν
2440 589 2633 658 σοφίας
2652 589 2885 658 δύναμιν
2908 588 3186 642 λαϐόντων
3206 588 3303 641 ἀνθ
3314 587 3511 657 ρώπων
3541 586 3616 651 ὠς
3644 586 3901 655 λογικῶν,

2313 677 2540 742 ζώντων
2572 680 2631 734 δὲ
2659 679 2735 742 ὡς
2766 681 2983 750 ἔτυχεν,
3022 678 3476 735 ἀποδείκνυνται.

2384 778 2484 825 κε’.
2528 775 2592 825 Ol
2611 774 2944 840 μύρμηκες,
2968 766 3060 835 οἷς
3085 768 3172 838 μὴ
3197 769 3372 822 ἔστιν
3396 770 3601 838 ίσχὺς,
3625 770 3723 822 καὶ
3752 769 3905 823 ἐτοι-

2306 856 2591 924 μιὶζοι·ται
2630 858 2845 926 θέρους
2895 858 3009 919 τὴν
3042 856 3296 925 τροφήν.
3352 858 3419 909 Οἶ
3463 874 3523 910 τε
3584 858 3902 928 μύρμηκες.

2312 948 2454 999 πάνυ
2513 950 2878 1018 τυγχάνοντες
2932 949 3202 1011 ἀσθενεῖς,
3242 952 3302 1001 ἐν
3348 948 3500 1018 θέρει
3552 949 3611 1001 δὲ
3658 950 3757 1019 τὴν
3805 949 3901 1002 τοῦ

2311 1040 2579 1109 χειμῶνος
2614 1042 2823 1111 τροφὴν
2866 1040 3285 1110 εὐτρεπίζοντες
3311 1058 3324 1070 ⁸
3358 1042 3508 1104 ὅπως
3547 1043 3622 1109 μὴ
3648 1042 3743 1094 τοῦ
3775 1061 3899 1096 και-

2314 1132 2407 1200 ρἰῦ
2440 1133 2537 1202 τῆς
2574 1134 2683 1185 τῶν
2711 1132 2942 1203 καρπῶν
2986 1132 3254 1201 συλλογῆς
3287 1131 3677 1201 παρελθόντος,
3726 1133 3902 1203 λιμώ-

2312 1223 2497 1288 ξωσιν.

2377 1336 2489 1402 κςῖ
2537 1340 2601 1391 Ol
2645 1340 3108 1407 lmpomtultor,
3163 1338 3340 1406 ἔθνος
3376 1342 3488 1393 οὑκ
3536 1342 3813 1409 ίσχιιοὸν,
3845 1341 3905 1394 οι

2306 1428 2697 1493 ἐποιήσαντο
2726 1431 2798 1482 ἐν
2822 1429 3066 1495 πέτραις
3097 1430 3240 1494 τοὺς
3268 1429 3502 1483 ἑαυτῶν
3529 1432 3760 1497 οἴκους.
3791 1433 3900 1490 Καὶ

2304 1519 2354 1569 oi
2387 1517 2793 1588 ἀκανθόχοιροι,
2825 1518 2980 1585 γένος
3013 1519 3165 1580 ὄντες
3187 1518 3475 1583 ἀδύνατον,
3501 1520 3598 1570 καὶ
3618 1521 3719 1581 τὰς
3748 1522 3902 1587 οἰκή-

2307 1626 2419 1669 σεις
2471 1612 2530 1661 ἐν
2576 1610 2811 1678 πέτραις
2858 1609 3217 1679 ποιούμενοι,
3268 1609 3356 1662 ἴνα
3394 1609 3751 1679 φυλάττοιντο
3794 1612 3902 1665 ὑπὸ

2303 1701 2510 1753 τούτων
2543 1700 2900 1769 σκεπόμενοι.

2372 1809 2475 1875 κζ’.
2524 1811 2960 1864 Ἀΰασίλευτόν
3002 1812 3177 1865 ἐστιν
3208 1813 3403 1879 ἀκρίς,
3442 1812 3542 1867 καὶ
3583 1814 3901 1881 στρατεύει

603 1890 659 1942 in
689 1891 804 1944 acie
843 1891 911 1944 ab
941 1908 1046 1945 una
1077 1893 1339 1960 iussione.
1387 1896 1450 1949 Et
1487 1897 1701 1954 locusta
1736 1916 1858 1969 qua:
1888 1908 2183 1972 sapicnten

2301 1903 2401 1972 dy‘
2457 1903 2599 1969 ἐνὸς
2630 1903 3050 1973 κελεύσματος
3097 1903 3422 1971 εὐτάκτως.
3477 1906 3588 1959 Καὶ
3633 1908 3667 1973 ἡ
3710 1906 3898 1974 ἀκρὶς,

600 1984 974 2038 ordinatorem
1019 2000 1127 2039 non
1161 1985 1349 2049 habet,
1399 1996 1453 2042 et
1487 1990 1698 2045 ratione
1737 2002 1908 2059 caret,
1943 1997 2098 2064 quissi
2128 1998 2196 2051 ab

598 2090 706 2128 una
727 2074 985 2144 jussione
1014 2075 1299 2133 dominica
1331 2078 1386 2133 in
1424 2081 1623 2136 ordine
1666 2094 1940 2140 movetur.

669 2272 838 2329 Vnus.
874 2275 963 2330 28.
1000 2276 1069 2329 Et
1105 2278 1377 2335 calabotes
1408 2284 1652 2338 manibus
1683 2286 1916 2341 innitens
1963 2306 2007 2342 et
2032 2304 2193 2361 captu

542 2442 545 2443 ν
580 2369 794 2436 facilis,
820 2370 1033 2424 habitat
1066 2374 1118 2426 iu
1157 2376 1549 2432 munitionibus
1598 2381 1755 2449 regis.
1790 2381 1855 2437 l'It
1888 2386 2069 2439 stellio
2095 2402 2193 2442 au-

590 2463 892 2517 tvrioribus
925 2464 1160 2533 pedibus
1189 2468 1414 2522 obuium
1438 2472 1709 2543 quidquid
1739 2477 1899 2544 quasi
1934 2480 2193 2537 manibus

588 2557 907 2625 prehendit,
945 2559 1127 2612 lirmat
1165 2570 1333 2629 atque
1376 2564 1564 2635 dirigit
1612 2582 1841 2637 gressus
1877 2586 2052 2634 suos;
2095 2588 2191 2628 ca-

588 2662 684 2719 p'u
720 2651 897 2705 facilis
927 2652 997 2705 ob
1029 2654 1488 2721 imbecillitatem,
1541 2660 1595 2712 in
1642 2660 1975 2719 ﬁrmissimis
2022 2669 2188 2721 etiam

587 2742 844 2796 cluiuilius
878 2758 1067 2811 regum
1111 2743 1344 2799 habitat.
1395 2749 1476 2802 Ad
1532 2750 1647 2804 haec
1700 2752 1868 2817 igitur
1915 2755 2019 2809 etsi
2069 2757 2191 2810 ani-

587 2834 753 2887 malia
799 2835 1015 2890 ratione
1055 2838 1303 2891 carentia
1347 2841 1584 2911 respice,
1620 2844 1810 2907 homo,
1854 2849 1947 2916 qui
1979 2850 2192 2905 ratione

586 2931 888 2986 honoratus
918 2946 998 2994 es.
1032 2942 1087 2988 et
1149 2942 1209 2987 ut
1273 2935 1454 3006 imago
1510 2937 1603 2993 Dei
1654 2941 2012 3012 archetypum
2046 2946 2191 3013 aspi-

583 3040 709 3075 cere
760 3024 952 3092 jussus
989 3042 1071 3087 es,
1130 3043 1197 3081 ne
1242 3030 1429 3083 carnis
1479 3029 1910 3087 imbecillitatem
1942 3036 2007 3089 ad
2061 3037 2188 3107 reji-

583 3116 841 3169 cicndum
880 3116 971 3171 Dei
1025 3120 1631 3183 mandatumcauseris
1660 3165 1675 3189 ,
1714 3127 1808 3180 sed
1857 3128 1909 3180 iu
1938 3138 2186 3199 tempore

584 3211 850 3277 μαιευτιιὶ
904 3213 1279 3280 Operationis,
1320 3228 1569 3283 prmpara
1605 3216 1703 3269 tibi
1740 3218 1791 3270 iu
1827 3217 2017 3273 futuro
2046 3221 2183 3275 frui-

2290 3216 2579 3269 ἀσθένειαν
2648 3214 2752 3284 τῆς

583 3308 809 3360 Izonem,
859 3306 913 3352 et
968 3299 1020 3352 itt
1085 3303 1457 3355 tentationum
1501 3304 1843 3371 incursibus,
1905 3309 2030 3378 iuge
2078 3312 2184 3367 sub

582 3400 826 3444 tutamen
860 3392 1173 3461 Spiritualis
1194 3403 1390 3463 petrae,
1429 3411 1552 3465 quae
1575 3407 1659 3452 est
1685 3398 1976 3468 Christus;
2008 3402 2183 3473 Spiri-

580 3495 668 3533 ltts
703 3482 880 3535 sancti
912 3493 1252 3537 armaturam
1293 3485 1544 3553 indutus,
1579 3488 1724 3541 bono
1764 3491 1962 3547 ordine
1998 3510 2180 3565 pugna

580 3576 849 3630 adversus
908 3577 1124 3632 hostem
1194 3579 1468 3635 malorqu
1536 3592 1881 3650 auctorem;
1943 3587 2181 3655 prinnnn

577 3670 799 3737 quidem
836 3670 1107 3725 mundare
1135 3670 1225 3726 Dei
1255 3673 1489 3741 timore;
1527 3673 1727 3732 deinde
1773 3693 1870 3747 spe
1909 3660 2180 3735 honorum

578 3763 896 3817 futurorum
926 3766 1295 3831 illuminatus,
1327 3768 1602 3825 charitate
1639 3772 1859 3827 tandem
1898 3774 1965 3827 ad
1994 3774 2183 3843 perfe-

573 3862 816 3911 ctionem
857 3859 1168 3926 pervenies.
1207 3857 1472 3914 Practicis
1517 3861 1715 3917 animae
1752 3872 1858 3917 tuze
1896 3866 2179 3934 potentiis,

575 3952 822 4021 appetitur
871 3953 1081 4007 scilicet
1104 3954 1533 4022 concupiscibili
1564 3963 1619 4009 et
1652 3955 1919 4011 irascibili
1953 3998 1967 4020 ,
2019 3959 2179 4027 quasi

572 4044 906 4112 quihusdam
937 4046 1219 4109 manibus,
1250 4046 1518 4111 innitens,
1556 4063 1706 4103 reete
1739 4050 1957 4103 ambula
2001 4052 2053 4105 in
2084 4051 2179 4107 Dei

574 4138 875 4201 mandatis,
910 4148 994 4202 ut,
1023 4139 1283 4208 quamvis
1318 4140 1387 4193 ab
1428 4140 1653 4196 inimico
1676 4141 1747 4195 ob
1788 4144 1980 4197 carnis
2028 4143 2181 4197 inﬁr-

570 4232 818 4282 mitatem
870 4228 1033 4284 facile
1091 4231 1212 4301 capi
1275 4234 1497 4300 possis,
1550 4234 2003 4305 inexpugnabilis
2077 4237 2180 4307 ipsi

570 4335 796 4375 maneas
825 4320 880 4374 in
912 4322 1118 4377 divinis
1149 4324 1463 4393 praeceptis,
1503 4325 1556 4379 in
1583 4326 1788 4395 quibus
1826 4342 2183 4383 commoran-

564 4411 966 4479 tur-sapientes
1016 4412 1387 4483 cogitationes
1447 4431 1571 4485 qua:
1628 4416 1876 4487 legitime
1931 4418 2179 4490 pratiatis

566 4503 839 4569 pnlt'tttiis
869 4516 1136 4573 praesunt.
1819 4527 1824 4534 '

2299 1996 2392 2048 τὸν
2443 1996 2688 2065 ἐννόμως
2731 1994 3136 2049 ἐπιστατοῦντα
3196 1997 3270 2065 μὴ
3324 1996 3546 2065 ἔχουσα,
3607 1996 3703 2049 an
3756 1996 3901 2060 ζῶον

2298 2088 2647 2155 τυγχάνουσα
2673 2086 2888 2154 ἄλογον,
2913 2087 3007 2139 καὶ
3035 2086 3112 2147 ὡς
3139 2087 3233 2155 ἀφ’
3269 2086 3389 2149 ἑνὸς
3427 2087 3523 2139 τοῦ
3557 2086 3896 2141 Δεσποτικοῦ

2299 2179 2581 2242 εὐτάκτως
2616 2195 2766 2230 κινου
2778 2178 2915 2248 μένη
2954 2180 3409 2248 προστάγματος.

2369 2299 2476 2363 κη’.
2516 2292 2625 2346 Καὶ
2664 2291 3020 2359 καλασώτης
3066 2293 3283 2361 χερσὶν
3340 2291 3744 2360 ἐρειδόμενος.
3793 2293 3895 2345 καὶ

2296 2383 2600 2449 εὐάλωτος
2625 2382 2729 2449 ὢν,
2773 2383 3043 2437 κατοικεῖ
3069 2385 3140 2436 ἐν
3176 2385 3524 2453 ὀχυρώμασι
3557 2383 3894 2449 βασιλέως.

2245 2491 2255 2500 ·
2296 2478 2407 2531 Καὶ
2439 2478 2468 2530 6
2494 2479 2610 2539 τοῖς
2641 2476 3002 2547 ἐμπροσθίοις
3040 2475 3201 2529 ποσὶν
3230 2470 3318 2528 οἷα
3351 2476 3535 2545 χερσὶ,
3579 2474 3676 2527 τοῦ
3711 2492 3897 2546 παρα-

2293 2571 2551 2639 τυχόντος
2586 2569 2979 2639 δραττόμενος,
3013 2567 3315 2622 κάντεῦθεν
3342 2567 3764 2638 στηριζόμενος,
3802 2570 3899 2622 καὶ

2294 2665 2481 2728 καλῶς
2514 2665 2612 2728 τάς
2642 2664 2834 2733 βάσεις
2872 2663 3197 2734 ποιούμενος
3222 2662 3531 2733 γαλεώτης,
3564 2663 3900 2732 εὐχείρωτος

2292 2759 2380 2811 διὰ
2419 2758 2518 2828 τὴν
2552 2757 2765 2810 οἰκείαν
2799 2756 3070 2827 ὑπάρχων
3121 2756 3435 2818 ἀσθένειαν,
3468 2756 3565 2808 καὶ
3610 2756 3669 2807 ἐν
3710 2756 3900 2816 αὑτοῖς

2292 2852 2405 2913 τοῖς
2481 2848 2857 2918 ὀχυρωτάτοις
2924 2848 3100 2909 οἴκοις
3170 2847 3280 2900 τῶν
3347 2846 3619 2916 βασιλέων
3694 2846 3898 2899 οἰκῶν*

2290 2941 2587 3011 τοιγαροῦν
2646 2940 2787 3009 πρὸς
2838 2936 3049 3003 ταῦτα,
3109 2937 3213 2991 κᾶν
3263 2938 3333 2991 τὰ
3375 2938 3549 3005 ἄλογα
3601 2937 3721 3001 ζῶα
3778 2937 3902 3007 βλέο

2293 3050 2433 3096 πων,
2494 3031 2788 3103 ἄνθρωπε,
2850 3031 2877 3083 ὁ
2912 3030 3057 3097 λόγῳ
3113 3029 3406 3099 τιμηθεὶς,
3451 3030 3547 3082 καὶ
3599 3028 3677 3092 ὡς
3729 3028 3903 3081 εἰκὼν

2292 3122 2432 3176 Θεοῦ
2478 3125 2619 3193 πρὸς
2670 3123 2730 3175 τὸ
2777 3122 3258 3193 ἀρχέτυπονλὸρᾷν
3304 3120 3643 3185 κελευσθεὶς,
3678 3122 3754 3190 μὴ
3797 3122 3902 3190 τὴν

2831 3213 3038 3283 σαρκὸς
3107 3215 3188 3275 εἰς
3256 3212 3519 3283 ἀθέτησιν
3584 3212 3902 3283 προδάλλου

2286 3308 2390 3378 τῆς
2448 3306 2546 3361 τοῦ
2596 3306 2735 3361 Θεοῦ
2787 3305 3049 3375 ἐντολῆς·
3108 3304 3229 3358 ἀλλ’
3268 3308 3328 3358 ἐν
3377 3304 3457 3375 τῷ
3511 3303 3747 3374 παρόντι
3794 3305 3904 3372 τῆς

2289 3400 2554 3470 ἐργασίας
2605 3398 2829 3470 καιρῷ,
2886 3395 3180 3466 εὐτρέπιζε
3240 3395 3458 3466 σεαυτῷ
3526 3395 3628 3467 τὴν
3700 3397 3783 3457 είς
3841 3396 3904 3449 τὸ

2289 3494 2489 3563 μέλλον
2545 3491 2852 3545 ἀπόλαυσιν
2872 3484 2903 3521 ·’
2940 3491 3034 3543 καὶ
3090 3492 3148 3543 ἐν
3208 3494 3328 3553 ταῖς
3396 3489 3507 3542 τῶν
3567 3488 3902 3559 πειρασμῶν

2287 3583 2644 3655 προσϐολαῖς,
2701 3581 2809 3635 ὑπὸ
2858 3579 2960 3651 τὴν
3007 3580 3221 3650 σκέπην
3274 3580 3374 3650 τῆς
3434 3581 3637 3650 νοητῆς
3688 3582 3901 3651 πέτρας

2286 3678 2597 3746 κατάφυγε,
2632 3676 2756 3747 ἥτις
2816 3674 2968 3727 ἐστὶν
3016 3674 3045 3726 6
3100 3672 3370 3743 Χριστός·
3424 3673 3518 3726 καὶ
3545 3671 3901 3736 αὑτεξούσιος

2286 3770 2386 3835 ὢν,
2411 3770 2546 3822 ἕπου
2574 3767 2652 3839 τῷ
2684 3766 2817 3836 θείῳ
2856 3766 3249 3835 προστάγματι
3274 3781 3288 3794 ο
3314 3765 3417 3834 τὴν
3447 3762 3761 3818 πανοπλίαν
3802 3762 3902 3818 τοῦ

2288 3862 2610 3931 Πνεύματος
2662 3858 3075 3928 ἐνδυσάμενος,
3129 3857 3229 3911 καὶ
3266 3857 3551 3921 εὐτάκτως
3606 3855 3689 3926 τῷ
3733 3857 3904 3927 ἀρχεο

2288 3955 2443 4025 κάκῳ
2469 3953 2650 4024 ἐχθρῷ
2688 3950 3225 4020 ἀνταγωνιζόμενος,
3255 3951 3315 4002 ἐν
3344 3952 3423 4020 τῷ
3450 3949 3672 4020 πρῶτον
3702 3952 3806 4020 μέν
3840 3967 3903 4003 σε

2285 4047 2365 4120 τῷ
2404 4046 2497 4100 τοῦ
2523 4047 2661 4099 θεοῦ
2684 4044 2837 4114 φόϐῳ
2865 4042 3239 4115 καθαίρεσθαι
3266 4059 3278 4073 ’
3306 4041 3502 4096 ἔπειτα
3535 4043 3593 4096 δὲ
3618 4045 3685 4112 τῇ
3718 4043 3902 4096 ἐλπίδι

2285 4142 2395 4193 τῶν
2431 4140 2744 4210 μελλόντων
2794 4136 3021 4205 ἀγαθῶν
3072 4135 3437 4205 φωτίζεσθαι,
3483 4137 3579 4189 καὶ
3627 4135 3777 4189 οὓτω
3830 4138 3901 4208 τῇ

2285 4233 2478 4305 ἀγάπῃ
2508 4230 2759 4299 γίνεσθαι
2804 4229 3051 4282 τέλειον’
3101 4229 3196 4281 καὶ
3236 4229 3358 4291 ταῖς
3408 4230 3752 4296 πρακτικαῖς
3797 4230 3902 4295 τῆς

2282 4325 2464 4396 ψυχῆς
2488 4324 2778 4393 δυνάμεσι,
2818 4324 2887 4392 τῇ
2918 4339 2979 4375 τε
3015 4320 3289 4391 ἐπιθυμίᾳ.
3332 4320 3428 4373 καὶ
3462 4318 3542 4391 τῷ
3577 4318 3767 4388 θυμῷ,
3808 4314 3902 4372 οἷά

2284 4435 2396 4471 τισι
2429 4417 2588 4487 χερσὶ
2640 4414 3061 4486 στηριζόμενος,
3100 4411 3287 4476 καλῶς
3334 4410 3487 4480 βαῖνε
3528 4410 3620 4463 διὰ
3649 4409 3765 4462 τῶν
3802 4409 3901 4463 τοῦ

2289 4509 2427 4564 Θεοῦ
2482 4509 2754 4561 ἐντολῶνο
2811 4508 2878 4561 ἵν’
2927 4507 2977 4559 εί
3021 4506 3118 4560 καὶ
3168 4504 3442 4576 ὑπάρχεις
3488 4504 3768 4569 εὐάλωτος
3822 4504 3901 4575 τῷ

563 4595 745 4666 ἐχθρῷ
774 4596 864 4651 διὰ
891 4597 990 4668 τὴν
1018 4597 1308 4654 ἀσθένειαν
1329 4601 1431 4670 τῆς
1454 4599 1679 4670 σαρκὸς,
1711 4602 2171 4667 ἀνεπιϐούλευτος
2201 4604 2354 4675 αὑτῷ
2382 4603 2652 4675 διαμένῃς
2690 4603 2749 4654 ἐν
2777 4602 2893 4664 τοῖς
2921 4600 3092 4661 θείοις
3160 4599 3587 4670 προστάγμασιν
3614 4613 3628 4626 ·
3678 4600 3743 4651 ἐν
3808 4592 3893 4657 οἷς

562 4693 952 4761 παραμένουσι
982 4693 1076 4746 καὶ
1115 4693 1165 4745 οἱ
1193 4692 1619 4756 ἐπιστατοῦντες
1654 4694 1902 4764 ἐννόμως
1932 4696 2051 4759 ταῖς
2083 4695 2413 4766 εἰρημέναις
2439 4695 2741 4764 δυνάμεσιν
2772 4691 3049 4762 ἔμφρονες
3085 4688 3370 4761 λογισμοί.

621 4808 785 4864 Vens.
803 4807 896 4872 9.9,
912 4808 1002 4864 50.
1030 4809 1154 4862 Tria
1170 4817 1294 4862 sunt
1309 4825 1427 4877 quw
1444 4810 1567 4863 bene
1584 4809 1931 4878 gradiuntur,
1952 4819 2000 4865 et
2016 4827 2182 4881 quar-

2357 4810 2548 4875 κθ’,λ’.
2588 4810 2729 4878 Τριά
2764 4808 2833 4862 δέ
2855 4808 3031 4862 ἐστιν
3068 4804 3107 4861 ἁ
3134 4806 3362 4872 εὐόδως
3400 4806 3748 4874 πορεύεται,
3796 4808 3895 4861 καί

561 4912 674 4955 tum
696 4903 837 4971 quod
863 4900 1059 4954 incedat
1081 4900 1352 4969 feliciter:
1389 4898 1614 4955 Catulus
1640 4901 1807 4955 leonis
1834 4901 2167 4970 fortissimus

552 4994 993 5061 vl~estiarum,qui
1041 5010 1147 5048 non
1170 4994 1433 5047 avertitur
1481 5010 1645 5064 neque
1679 4993 1861 5047 horret
1915 4994 2163 5049 bestiam.

554 5087 1037 5154 Quemadmodum
1072 5086 1179 5140 tria
1224 5085 1340 5140 Inec
1386 5086 1509 5141 sine
1549 5087 1850 5143 obstaculo
1901 5088 2168 5158 gradinn:

558 5196 667 5243 tlll‘,
694 5188 748 5235 et
774 5186 1034 5249 quartum
1062 5177 1307 5243 ~feliciter
1332 5180 1537 5235 incedit
1570 5198 1582 5234 :
1620 5190 1674 5236 et
1713 5181 1933 5236 catulus
1968 5181 2168 5245 leonis,

555 5274 898 5330 fortissimus
958 5273 1264 5328 bestiarum
1328 5288 1395 5327 ac
1418 5273 1487 5327 ab
1523 5274 1709 5343 aliqua
1761 5274 1942 5329 bestia
1986 5290 2168 5345 neque

556 5367 783 5419 territus
828 5380 1009 5435 neque
1040 5365 1222 5421 victus
1256 5382 1269 5431 ;
1305 5374 1361 5420 et
1412 5366 1592 5436 gallus
1628 5365 1964 5437 impavidus,
2018 5368 2167 5422 inter

551 5462 791 5530 gallinas
823 5460 1230 5525 deambulans;
1267 5467 1321 5514 et
1366 5460 1559 5515 hircus
1590 5476 1911 5530 caprarum,
1943 5476 2165 5532 gregem

552 5556 605 5607 in
648 5554 756 5607 alta
815 5553 933 5608 loca
975 5553 1041 5605 ad
1079 5551 1278 5622 palmla
1325 5552 1635 5619 deducens;
1699 5552 1930 5623 insuper
1967 5561 2023 5608 et
2071 5569 2165 5608 rex

554 5649 818 5717 populum
858 5647 1193 5718 sibimetipsi
1249 5646 1532 5702 subditum
1582 5647 1828 5714 docens;
1877 5648 1949 5701 ita
1982 5663 2167 5703 sermo

549 5742 714 5808 qui‘e
754 5749 937 5794 mente
971 5739 1131 5809 cujus
1193 5739 1563 5810 principatum
1643 5741 1727 5794 lea
1782 5740 2159 5802 subostendit,

548 5832 827 5905 procedit.
865 5832 1121 5905 graditur
1155 5833 1207 5887 in
1248 5832 1529 5899 virtutem,
1557 5849 1653 5889 nec
1689 5834 1839 5907 timet
1879 5835 2166 5903 paSsEones
2200 5874 2203 5877 ς

2269 4903 2557 4972 τέταρτον
2605 4902 2637 4956 ὃ
2678 4900 2886 4966 καλῶς
2924 4899 3222 4955 διαϐαίνει
3247 4914 3261 4928 ’
3289 4897 3569 4966 σκύμνος
3612 4897 3893 4965 λέοντος,

2272 5000 2376 5065 ίσχ
2387 4996 2669 5064 υρότερος
2692 4991 2936 5059 κτηνῶν
2955 5008 2969 5022 ·
3004 4990 3075 5057 ὃς
3111 4992 3224 5045 οὐκ
3250 4988 3729 5058 ἀποστρέφεται,
3749 4990 3895 5046 οὐδὲ

2272 5084 2692 5151 καταπτήσσει
2716 5080 2966 5151 κτῆνος.
2989 5079 3264 5150 Καθάπερ
3280 5079 3347 5133 τά
3372 5079 3499 5150 τρία
3522 5078 3721 5147 ταῦτα,
3742 5082 3891 5134 ἀκω-

2272 5179 2447 5241 λύτως
2469 5178 2771 5248 διέρχεται,
2807 5175 2906 5228 καὶ
2928 5174 2988 5226 τὸ
3013 5173 3283 5243 τέταρτον
3309 5171 3581 5226 διαϐαίνει
3608 5171 3799 5236 καλῶς
3825 5188 3839 5202 ⁸
3863 5174 3892 5228 ὅ

2272 5291 2332 5328 τε
2375 5272 2617 5344 σκύμνος
2642 5269 2738 5323 τοῦ
2770 5268 3007 5333 λέοντος,
3041 5267 3309 5338 ὑπάρχων
3345 5265 3456 5319 τῶν
3487 5267 3708 5335 κτηνῶν
3737 5269 3890 5338 ἰσχυ-

2278 5368 2525 5438 ρότερος,
2553 5364 2653 5419 καὶ
2680 5364 2819 5434 μήτε
2844 5360 3180 5431 πτοοὺμενος
3206 5360 3429 5430 κτῆνος,
3463 5362 3604 5431 μήτε
3628 5360 3742 5414 ἀπὸ
3764 5361 3889 5415 τού-

2274 5477 2369 5512 του
2396 5461 2717 5527 ἡττώμενος
2736 5471 2752 5488 ⁸
2781 5455 2878 5509 καὶ
2896 5455 2926 5506 6
2950 5451 3274 5524 ἀλεκτρυὼν
3300 5453 3361 5506 ἐν
3385 5453 3706 5523 άλεκτορίσι
3731 5470 3889 5525 περι-

2278 5549 2463 5603 πατῶν
2496 5546 2699 5617 άςοεος
2725 5561 2738 5576 ’
2802 5545 2901 5599 καὶ
2955 5546 2985 5597 6
3014 5544 3242 5615 τράγος,
3284 5542 3490 5613 ἀγέλης
3540 5544 3723 5612 αἰγῶν
3752 5544 3890 5617 πρὸς

2276 5643 2376 5707 τὰς
2413 5644 2471 5694 ἐν
2500 5643 2613 5704 τοῖς
2643 5638 2999 5709 ὑψηλοτέροις
3024 5636 3213 5700 τόποις
3236 5636 3412 5707 νομὰς
3434 5635 3890 5706 προηγούμενος·

2277 5735 2415 5805 πρὸς
2438 5734 2516 5796 δὲ,
2535 5734 2628 5787 καὶ⁵
2660 5730 2934 5802 βασιλεὺς,
2963 5732 2992 5783 6
3013 5729 3188 5801 δῆμον
3204 5729 3394 5792 ἔθνους
3424 5728 3677 5799 ὑπηκόου
3706 5729 3890 5802 ἑαυτῷ

2268 5829 2564 5894 διδάσκων,
2595 5825 2741 5880 οὑτω
2777 5825 2871 5879 καὶ
2896 5826 2924 5879 ὁ
2953 5824 3019 5879 ἐκ
3052 5822 3149 5877 τοῦ
3181 5823 3321 5888 νοὸς,
3349 5815 3412 5879 οὗ
3444 5822 3507 5876 τὸ
3545 5824 3889 5895 ἡγεμονικὸν
