4220 6462
310 347 453 416 1533

1301 366 1831 430 (ΣΟΜΜΕΝΤΛΠΙΙ
1894 372 1972 429 1N
2030 374 2477 436 PROVERBH.

3437 383 3453 443 Ῑ
3468 381 3572 443 furii!

298 458 630 529 ὑπεμφαίνει
651 467 678 516 ό
709 464 865 528 λέων,
892 468 1211 538 τικτόμενος
1240 471 1415 540 λόγος,
1446 475 1722 545 διέρχεται
1758 479 1879 531 κατ’

1992 496 2079 550 per
2108 482 2378 537 defcctqu
2430 493 2523 538 aut
2569 500 2663 554 per
2712 502 3003 542 excessum
3050 491 3151 559 ipsi
3186 491 3567 562 adltazremcs;

296 554 500 622 ἀρετὴν
527 555 796 624 ἀπτόητος
827 560 937 620 τοῖς
976 562 1403 630 παρακειμένοις
1446 565 1583 634 αὑτῇ
1634 566 1754 618 κατ’
1794 566 1879 618 ἔλ-

296 642 474 710 λειψιν
506 647 599 697 καὶ
632 648 941 718 ὑπερϐολὴν
986 650 1214 704 πάθεσι·
1256 655 1352 706 καὶ
1402 656 1554 717 τέλος
1592 657 1703 709 τῶν
1738 675 1880 727 πρα-

298 734 440 785 κτῶν
469 736 715 805 εὑρίσκει
738 741 799 791 τὸ
833 741 1061 808 ἀγαθόν.

367 824 468 879 λα’.
503 827 612 881 Καὶ
636 830 904 899 ἀλέκτωρ
949 834 1365 900 ἐμπεριπατῶν
1398 840 1666 906 θηλείαις
1694 843 1882 910 εὔψυ-

298 932 425 981 χος.
458 919 565 971 Καὶ
597 921 760 983 αὑτὸς
784 922 839 975 δὲ
872 926 899 976 ό
932 923 1079 987 νοῦς,
1110 926 1168 987 ὃς
1194 929 1292 990 τὰς
1327 928 1618 985 τοῦἹΙλίου
1664 934 1763 1002 τῆς
1806 934 1882 986 δι.

297 1009 590 1080 καιοσὺνης
620 1013 867 1077 ἀκτῖνας,
906 1010 993 1068 ι,ἶά
1022 1034 1106 1079 τις
1138 1019 1458 1089 ἁλεκτρυὼν
1496 1024 1727 1093 προορᾷ,
1762 1026 1883 1087 ταῖς

297 1099 615 1170 αἰσθήσεσιν
662 1104 1036 1176 ἐνδιατρίϐων,
1072 1108 1166 1160 καὶ
1216 1110 1352 1180 πρὸς
1380 1112 1506 1174 τοὺς
1553 1112 1746 1181 λόγους
1774 1116 1884 1167 τῶν

296 1190 465 1244 ὄντων
491 1193 927 1258 διαδαίνων,’καὶ
979 1198 1132 1261 τέλος
1171 1200 1280 1253 τῶν
1320 1203 1579 1269 γνωστῶν
1614 1205 1885 1274 εὑρίσκων

295 1284 393 1352 τὴν
427 1285 707 1353 ἀλήθειαν,
746 1290 805 1341 οὑ
843 1288 1047 1342 δέδοικε
1075 1291 1175 1352 τὰς
1206 1295 1581 1358 κατασπωσας
1611 1298 1676 1365 τῇ
1701 1296 1883 1365 σχέσει

295 1374 404 1428 τῶν
432 1376 633 1430 ὑλικῶν
668 1382 990 1447 ἐπιφανείας
1019 1384 1128 1435 τῶν
1156 1384 1391 1454 ὁρατῶν.

364 1468 473 1521 Καὶ
508 1467 721 1537 τράγος
759 1473 1095 1541 ἡγούμενος
1115 1476 1429 1529 αἰπολίου·
1460 1478 1557 1530 καὶ
1581 1478 1885 1545 ,ϐασιλεὺς

292 1556 649 1627 δημηγορῶν
687 1560 757 1614 ἐν
786 1562 967 1617 ἔθνει.
1010 1564 1068 1618 Ὀ
1095 1565 1141 1617 δ’
1172 1563 1345 1629 οὕτως
1366 1566 1600 1639 ἔμφρονι
1623 1569 1770 1640 λόγῳ
1790 1572 1885 1625 καὶ

293 1648 395 1716 νοῒ,
419 1653 560 1705 κατά
582 1652 783 1722 πρᾶξιν
810 1656 906 1708 καὶ
927 1654 1163 1726 θεωρίαν
1186 1656 1427 1725 ἐνεργῶν
1451 1659 1547 1727 τὴν
1572 1661 1775 1730 ἀρετὴν
1793 1664 1886 1716 καὶ

293 1738 393 1809 τὴν
417 1740 639 1808 γνῶσιν,
679 1742 901 1810 βεϐαίαν
922 1760 979 1796 τε
1010 1744 1149 1814 ἔχων
1186 1742 1571 1815 πληροφὸρίαν
1623 1747 1715 1800 τοῦ
1750 1751 1887 1817 ἀγα-

1986 582 2036 624 et
2072 573 2234 626 linem
2277 577 2608 644 agendorum
2647 577 2847 632 invenit
2884 581 3106 636 bonum.

2059 839 2225 895 Vnus.
2263 842 2353 894 3|.
2404 840 2471 895 Et
2522 843 2695 912 gallus
2752 843 3103 900 deambulans
3150 847 3286 899 inter
3336 849 3566 917 gallinas

1988 934 2185 985 alacer.
2232 932 2381 986 Meus
2416 943 2595 987 autem
2644 950 2763 1003 qua:
2802 937 2959 1003 quasi
2998 937 3177 1005 gallus
3203 938 3427 1006 quidam
3467 938 3567 993 So-

1988 1025 2056 1079 lis
2097 1025 2326 1093 justitia:
2376 1025 2559 1079 radios
2597 1027 2857 1095 prospicit
2891 1069 2906 1093 ,
2951 1029 3205 1083 sensibus
3242 1031 3565 1091 immorans.

1987 1116 2053 1170 ad
2087 1116 2329 1170 rationes
2358 1131 2542 1169 rerum
2578 1118 2908 1183 ascendens,
2942 1129 2995 1172 et
3029 1121 3322 1173 terminum
3359 1136 3569 1189 cogno-

1986 1207 2313 1262 scendorum
2361 1208 2651 1263 inveniens
2685 1211 2996 1275 veritatem,
3030 1227 3140 1264 non
3189 1212 3342 1266 timet
3372 1212 3568 1268 visibi-

1985 1299 2118 1354 lium
2146 1299 2493 1369 apparentias
2521 1298 2716 1353 aﬂectu
2745 1310 3087 1356 terrenarum
3106 1302 3495 1362 distrahentes.

2061 1476 2129 1530 Ει
2184 1477 2361 1531 hircus
2392 1477 2587 1532 ducens
2638 1495 2925 1547 caprarum
2966 1496 3218 1548 gregem;
3260 1489 3307 1533 et
3353 1496 3448 1534 rex
3478 1482 3569 1551 qui

1986 1571 2331 1624 conciouatur
2362 1570 2414 1623 iu
2448 1582 2622 1640 gente.
2677 1571 2767 1623 Sic
2798 1579 2980 1624 autem
3024 1571 3119 1639 qui
3168 1552 3452 1640 sapienter
3504 1588 3571 1629 ac

1988 1665 2285 1733 prudenter
2342 1665 2601 1721 virtutem
2658 1662 2873 1716 actibus
2935 1671 3217 1730 operatur,
3277 1665 3566 1719 scientiam

1990 1756 2343 1812 meditatione
2382 1756 2632 1826 acquirit,
2683 1757 2894 1807 tirmam
2940 1754 3149 1808 habens
3180 1764 3235 1807 et
3276 1756 3403 1810 boni
3447 1771 3567 1812 cer-

294 1829 415 1894 θοῦ,
450 1833 545 1885 καὶ
576 1833 807 1903 ἄληστον
838 1835 1043 1904 γνῶσιν
1076 1836 1174 1905 τῆς
1210 1835 1497 1908 ἀληθείας·
1556 1842 1885 1910 ⁸προηγεῖται

1995 1847 2368 1909 tiorationem,
2399 1860 2451 1900 et
2486 1861 2592 1899 non
2627 1844 3051 1899 oblitterandam
3087 1846 3336 1902 veritatis
3382 1850 3571 1917 rogui-

292 1922 403 1975 τῶν
430 1925 529 1994 τῆς
558 1927 858 1997 ἀριστερᾶς
880 1928 970 1981 διά
1000 1928 1099 1998 τὴν
1122 1929 1403 1998 ἁμαρτίαν
1431 1929 1602 1983 ὄντων
1636 1931 1855 2000 μερίδος
1874 1933 1887 1947 ⁸

294 2016 585 2084 ἐπανάγων
609 2017 833 2082 τούτους
856 2020 963 2072 ἀπὸ
984 2019 1094 2072 τῶν
1117 2023 1268 2074 κάτω
1296 2022 1391 2074 καὶ
1421 2022 1727 2090 σαρκικῶν,
1753 2024 1891 2092 πρὸς

292 2104 366 2159 τὰ
394 2107 743 2175 πνευματικά
775 2109 871 2161 καὶ
899 2104 1127 2180 οὐράνια
1149 2126 1162 2139 ·
1197 2109 1292 2162 καὶ
1321 2108 1422 2172 τάς
1446 2109 1540 2162 τοῦ
1586 2110 1890 2181 μαθητευθ-

296 2199 461 2269 μένου
495 2201 645 2273 αὑτῷ
686 2202 922 2273 πλήθους
974 2204 1321 2275 θεωρητικὰς
1352 2221 1411 2257 τε
1444 2191 1538 2257 καὶ
1588 2206 1888 2275 ὀρεκτικὰς

290 2292 573 2361 δυνάμεις,
607 2294 751 2349 κατά
798 2295 957 2365 λόγον
986 2296 1279 2367 ῥυθμίζει*
1329 2296 1425 2349 καὶ
1469 2298 1650 2352 πείθει
1700 2300 1775 2373 μή
1808 2302 1884 2366 ὼς

292 2385 455 2456 ἔτυχε
483 2387 770 2456 φέρεσθαι.

362 2476 463 2548 λβ’.
514 2478 657 2532 Ἐὰν
696 2480 849 2549 πρόῃ
888 2481 1152 2536 σεαυτόν
1194 2486 1282 2549 εἷς
1326 2488 1742 2557 εὐφροσύνην,
1785 2491 1883 2543 καὶ

289 2570 568 2639 ἐκτείνῃς
597 2572 713 2639 τὴν
733 2572 900 2641 χεῖρά
926 2590 1043 2628 σου
1060 2576 1213 2643 μετὰ
1227 2576 1450 2647 μάχης,
1474 2581 1881 2652 ἀτιμασθήσῃ.

374 2662 500 2715 Ἐὰν
527 2662 670 2716 κατά
690 2664 750 2716 τὸ
778 2664 1176 2734 ἐπιθυμητικὸν
1200 2669 1299 2740 τῆς
1327 2670 1507 2740 ψυχῆς
1556 2688 1672 2734 σου.
1712 2672 1885 2744 suae;

292 2755 522 2808 σεαυτὸν
550 2758 673 2819 ταῖς
704 2759 997 2827 σαρκικαῖς
1047 2758 1268 2828 ἡδοναῖς
1292 2804 1305 2825 ,
1343 2762 1441 2815 καὶ
1479 2762 1539 2815 τὸ
1584 2762 1678 2816 τοῦ
1708 2763 1883 2835 θυμοῦ

289 2848 583 2918 δραστικὸν
611 2849 755 2901 κατά
784 2848 896 2901 τῶν
925 2850 1185 2920 ὁμοφυῶν
1207 2853 1458 2927 ὁπλίσῃς,
1485 2857 1598 2917 τοῖς
1633 2857 1883 2926 ἀνοήτοις

289 2938 551 3009 κτήνεσιν
589 2939 900 3010 όμοιωθεὶς,
938 2940 1268 3014 ὑὸρισθήσῃ,
1290 2942 1366 3008 ὡς
1394 2944 1579 2998 δοῦλον
1612 2946 1801 3001 παθῶν
1822 2949 1883 3002 τὸ

287 3031 602 3101 λογιστικὸν
631 3035 1007 3106 καταστήσας.

359 3215 464 3283 λγ’.
483 3217 743 3287 Ἀμελγε
761 3218 939 3286 τάλα,
954 3219 1050 3273 καὶ
1066 3220 1237 3274 ἔσται
1252 3220 1579 3290 βούτυρον.
1595 3221 1741 3296 [οοιί.
1757 3241 1873 3280 σου

288 3308 520 3380 τυρόν].
539 3309 834 3379 ’Υποδέχου
852 3309 925 3374 ὡς
937 3312 1098 3379 γάλα,
1114 3302 1294 3366 πίστει
1309 3314 1580 3387 ἀπλῇ,τὴν
1596 3316 1704 3370 τῶν
1722 3318 1883 3372 θείων

288 3399 488 3467 λογίων
505 3399 882 3455 διδασκαλίαν·
904 3404 999 3456 καὶ
1024 3402 1440 3473 συλλέγοντι;τδν
1462 3404 1584 3460 νοῦν
1602 3407 1804 3478 ταύτης
1826 3412 1884 3463 ἐν

290 3490 582 3560 πνεύματι,
617 3492 852 3563 ὑπάρξει
884 3511 964 3546 σοι
992 3493 1134 3547 οὑτω
1156 3496 1353 3566 στερεὰ
1387 3498 1481 3549 καὶ
1516 3498 1655 3551 πίων
1684 3501 1881 3570 τροφή.

380 3583 522 3637 Ἐὰν
549 3582 618 3637 δὲ
646 3584 925 3654 ἐκπιέζῃς
943 3585 1278 3655 μυκτῆρας,
1303 3589 1688 3653 ἐξελεύσεται
1720 3588 1882 3662 αἵμα’

290 3675 402 3730 ἐὰν
451 3675 521 3729 δὲ
572 3677 833 3746 essum
876 3678 1137 3747 λόγους,
1188 3680 1617 3743 ἐξελεύσονται
1655 3686 1887 3753 κρίσεις

290 3771 389 3823 καὶ
427 3768 639 3839 μάχαι.
674 3770 887 3842 ’Ὠσπερ
930 3772 985 3825 δὲ
1019 3775 1066 3826 εἰ
1122 3774 1352 3847 ὲκϐιάζῃ
1404 3773 1887 3848 μυκτῆρας,ἀῖμα

289 3859 735 3931 ἐξενεχθήσεται,
776 3862 921 3917 οὕτω
956 3864 1051 3916 καὶ
1094 3865 1444 3929 διστάζοντός
1480 3871 1575 3920 σου
1618 3869 1744 3940 περὶ
1787 3872 1887 3942 τὴν

290 3953 502 4018 πίστιν,
533 3955 627 4006 καὶ
657 3953 851 4021 λόγους
879 3957 1241 4021 ἀπαιτοῦντος
1264 3959 1643 4025 διαλεκτικῶς,
1671 3960 1884 4033 ἐξενεχ-

288 4048 556 4120 θήσονται
586 4049 845 4117 διενέξεις
876 4051 971 4105 καὶ
997 4050 1196 4122 ἔριδες.

883 4185 1134 4241 ΚΕΦΔΛ.
1179 4190 1308 4244 AA'.

367 4328 436 4387 α’,
458 4321 525 4393 β’.
557 4322 625 4375 οι
649 4320 782 4391 ἐμοὶ
816 4322 990 4392 λόγοι
1024 4322 1293 4392 εἴρηνται
1322 4326 1443 4382 ὑπὸ
1483 4327 1655 4395 Θεοῦ,
1701 4329 1890 4394 βασι..

291 4413 447 4481 λέως
472 4413 890 4483 χρηματισμὸς
909 4413 982 4468 ὃν
1000 4414 1369 4471 ἐπαίδευσεν
1387 4418 1425 4486 ἡ
1460 4420 1662 4489 μήτηρ
1681 4422 1891 4477 αὑτοῦ·

1901 3172 1944 3231 C

1996 1936 2220 1996 tionem,
2250 1935 2400 1988 ducit
2449 1949 2544 1988 eos
2592 1934 2680 2001 qui
2712 1934 2781 1987 ob
2824 1942 3105 2001 pet-catum
3162 1934 3228 1988 ad
3278 1936 3564 1990 sinistram

1996 2036 2201 2097 partem
2257 2027 2554 2095 pertinent,
2614 2026 2735 2078 illos
2772 2026 3012 2079 educens
3063 2027 3132 2079 ab
3179 2028 3476 2083 humilibus
3515 2037 3571 2082 et

1990 2117 2307 2171 earnalibus
2342 2117 2407 2170 ad
2454 2115 2763 2183 spiritualia
2795 2122 2847 2167 et
2882 2116 3152 2167 coelestia.
3207 2115 3571 2172 Multitudinis

1990 2226 2152 2279 quam
2185 2210 2344 2264 docet
2396 2208 2668 2277 potentias
2717 2208 3087 2276 speculativas
3138 2215 3195 2261 et
3226 2211 3571 2277 concupisci-

1988 2301 2126 2355 biles
2161 2299 2462 2355 secundum
2509 2300 2778 2351 rationem
2843 2297 3052 2367 dirigit,
3090 2298 3327 2368 illosque
3363 2303 3562 2356 suadet

1988 2410 2095 2449 non
2133 2404 2336 2448 temere
2377 2407 2440 2446 ac
2478 2390 2706 2445 fortuito
2747 2392 2970 2443 mutari.

2059 2479 2226 2533 Vens.
2260 2478 2350 2532 52.
2392 2476 2448 2531 Si
2484 2475 2785 2545 profuderit;
2828 2484 2876 2527 te
2910 2477 2960 2526 iu
2993 2475 3180 2527 lu‘titia
3203 2512 3221 2539 ,
3255 2475 3571 2530 etexteude—

1986 2573 2061 2625 ris
2102 2587 2318 2625 manum
2358 2581 2503 2623 tuam
2539 2585 2658 2622 cum
2694 2570 2838 2633 rixa,
2899 2570 3321 2623 iulionoraberis.
3366 2571 3421 2625 Si
3478 2587 3569 2626 se-

1985 2664 2226 2721 cundum
2287 2662 2483 2716 anima:
2544 2672 2652 2715 tuae
2714 2660 3207 2729 concupimibilem
3271 2664 3567 2730 appetitum

1984 2754 2334 2823 temetipsum
2391 2755 2708 2807 carnalibus
2787 2751 3163 2820 voluptatibus
3239 2754 3568 2815 tradideris,

1983 2852 2038 2899 et
2068 2843 2365 2897 irascibilis
2391 2842 2666 2912 appetitus
2697 2840 2994 2895 emeaciam
3031 2848 3223 2895 contra
3256 2840 3570 2911 proximum

1984 2936 2309 3007 armaveris,
2375 2934 2799 2988 irrationalibus
2854 2933 3049 2988 bestiis
3094 2934 3292 2988 similis
3366 2934 3568 2996 factus.

1984 3028 2409 3081 inbonoraberis
2441 3037 2630 3094 ulpulc
2668 3025 2762 3095 qui
2814 3024 3084 3079 rationem
3145 3024 3250 3081 sub
3307 3026 3573 3081 servitute

1983 3120 2307 3189 passionum
2348 3118 2645 3187 redegeris.

2056 3209 2224 3265 Vsus.
2270 3210 2361 3263 35.
2397 3208 2572 3279 Mulge
2615 3208 2698 3262 lac
2727 3221 2775 3262 et
2820 3210 2919 3263 erit
2974 3208 3244 3279 butyrum.
3282 3208 3483 3279 Accipe
3514 3219 3574 3265 ut

1987 3303 2092 3362 lac.
2128 3304 2182 3355 in
2227 3302 2578 3369 simplicitate
2606 3302 2753 3367 ﬁdei,
2781 3301 3100 3355 divinorum
3134 3317 3453 3356 sermonum
3476 3301 3575 3353 do-

1986 3397 2243 3450 ctrinam.
2278 3394 2565 3463 Colligenti
2608 3395 2727 3461 ejus
2767 3410 2990 3449 sensum
3013 3394 3066 3446 in
3103 3402 3319 3458 mente,
3366 3393 3575 3448 solidus

1988 3488 2082 3541 tibi
2110 3496 2163 3539 et
2209 3488 2424 3555 pinguis
2455 3488 2644 3539 evadet
2677 3488 2857 3540 cibus.

2062 3576 2119 3632 Si
2153 3588 2327 3630 autem
2371 3579 2691 3641 expresseris
2750 3593 2903 3629 nares
2930 3616 2944 3636 ,
2987 3575 3149 3628 exibit
3209 3575 3475 3645 sanguis:
3530 3576 3578 3628 si

1991 3682 2164 3724 autem
2208 3671 2505 3723 extraxeris
2551 3686 2855 3731 sermones,
2908 3668 3126 3720 exibunt
3182 3668 3298 3721 lites
3343 3676 3393 3722 et
3420 3668 3571 3721 rixae.

1992 3762 2463 3829 Quemadmodum
2512 3769 2692 3814 autem
2724 3761 2769 3815 si
2804 3777 2966 3813 nares
2996 3761 3361 3830 expresseris,
3402 3761 3575 3814 exibit

1994 3857 2239 3925 sanguis,
2271 3855 2343 3908 ita
2383 3855 2426 3908 si
2464 3855 2531 3908 de
2574 3855 2678 3908 lide
2706 3854 3049 3908 dubitaveris
3081 3860 3134 3905 et
3169 3853 3459 3909 dialectice
3490 3870 3577 3908 re-

1996 3948 2220 4020 petieris
2263 3948 2527 4017 rationes,
2564 3947 2796 4001 exibunt
2829 3946 2952 4000 lites
2986 3955 3041 3999 et
3072 3946 3223 3999 rixae.

2580 4178 2735 4236 CAP.
2792 4175 2989 4235 XXXI.

2069 4314 2237 4370 Vens.
2270 4316 2395 4381 με.
2413 4310 2599 4368 νει-ὑὸς
2619 4329 2733 4366 mea
2763 4312 2909 4364 dicta
2934 4321 3057 4364 sunt
3085 4327 3117 4364 a
3150 4309 3275 4377 Deo,
3312 4312 3445 4381 regis
3481 4312 3585 4365 ad-

2000 4410 2220 4463 monitio
2241 4423 2390 4478 quem
2408 4406 2632 4461 erudivit
2682 4412 2852 4458 mater
2887 4420 3010 4458 sua.
3060 4402 3224 4465 Quid,
3273 4404 3374 4472 ﬁli,
3411 4420 3588 4457 serva-

291 4505 373 4570 τί,
395 4504 631 4570 τέκνον,
655 4505 972 4574 τηρήσεις;
996 4506 1053 4559 τί
1064 4507 1268 4579 ;”Δπερ
1287 4527 1370 4563 σοι
1391 4511 1553 4574 αὐτὸς
1566 4513 1886 4581 ἀπαγγέλλω

2002 4500 2124 4556 bis?
2153 4499 2331 4565 Quid?
2361 4497 2493 4563 Qua:
2525 4498 2620 4551 tibi
2652 4497 2770 4566 ipsc
2805 4494 3080 4549 annuntio
3129 4496 3369 4563 eloquia,
3421 4497 3585 4549 didici

292 4597 473 4664 λόγια,
518 4596 820 4667 μεμάθηκα
844 4596 1017 4651 ταῦτα
1048 4598 1203 4668 παρά
1242 4598 1377 4653 Θεοῦ
1399 4619 1412 4632 ο
1447 4601 1482 4655 ἆ
1516 4605 1622 4655 είσι
1661 4606 1893 4666 πλοῦτος

294 4688 431 4759 ἐμοῦ
468 4688 561 4741 τοῦ
604 4688 865 4758 λαχόντος
924 4688 1166 4759 ἐννόμως
1222 4691 1533 4762 ἀνθρώποις
1579 4695 1892 4749 ἐπιστατεῖν

294 4780 449 4850 παρά
471 4779 572 4850 τῆς
604 4780 764 4850 δίκην
797 4780 1002 4851 μητρὸς
1037 4781 1386 4855 θρεψαμένης
1423 4787 1616 4853 σοφίας
1638 4803 1651 4816 ’
1699 4787 1752 4841 τί
1781 4786 1894 4841 λοι-

293 4871 400 4923 πὸν
428 4870 710 4939 φυλάξεις,
738 4871 860 4938 υἱέ;
896 4872 1170 4941 φύλασσον
1193 4874 1262 4926 τὰ
1288 4874 1398 4943 ὲμά
1426 4875 1605 4946 λόγια.

379 4962 621 5032 Ῥἠσεις
638 4963 810 5032 Θεοῦ,
838 4968 1230 5035 πρωτογενὴ,
1255 4966 1354 5020 σοὶ
1369 4967 1547 5038 λέγω,
1565 4970 1659 5025 υἱέ
1674 4989 1685 5001 ·
1705 4972 1782 5039 τί,
1802 4972 1895 5026 τέ-

296 5074 447 5111 κνον
479 5056 632 5128 ἐμῆς
664 5059 902 5125 κοιλίας
921 5074 941 5123 ;
979 5059 1051 5112 Ἢ
1078 5059 1237 5127 λόγια
1292 5061 1510 5125 πάντως
1556 5062 1727 5132 Θεοῦ;
1760 5064 1895 5137 πρὸς

298 5150 360 5203 σὲ
383 5151 644 5222 ποιοῦμαι
670 5152 763 5207 τὸν
784 5150 976 5222 λόγον,
1003 5153 1108 5215 υἱὲ.
1133 5153 1196 5215 ὃς
1226 5152 1292 5207 ἂν
1322 5153 1414 5206 καὶ
1456 5154 1595 5225 εἴης,
1636 5156 1728 5210 τὸν
1756 5156 1896 5210 ἀπο-

295 5245 563 5316 τεχθέντα
590 5263 681 5316 μοι
714 5246 858 5299 κατὰ
886 5246 984 5318 τὴν
1003 5245 1231 5318 πρώτην
1259 5248 1352 5301 καὶ
1370 5250 1753 5322 πνευματικὴν
1775 5252 1899 5321 γέν-

298 5353 488 5407 νησιν’
524 5339 599 5407 τί,
640 5339 852 5406 τέκνον,
905 5338 933 5392 ὃ
963 5342 1083 5405 ταῖς
1112 5339 1213 5411 τῆς
1239 5340 1381 5412 ἐμῆς
1418 5341 1663 5409 διανοίας
1711 5345 1899 5399 ὠδῖσιν

300 5434 572 5505 ἐγέννησα
599 5434 1037 5503 διδασκαλικῶς;

371 5522 443 5594 γ’.
475 5527 537 5581 Τί
542 5546 557 5592 ,
575 5526 794 5582 τέκνον
811 5526 973 5599 ἐμῶν
994 5528 1228 5598 εὐχῶν-ς
1251 5528 1339 5594 Τί,
1354 5528 1565 5598 τέκνον,
1588 5530 1700 5585 οἴου
1717 5534 1901 5604 τυχεῖν

306 5618 652 5690 ιιαρεκάλουν
680 5621 837 5689 Θεὸν,
872 5623 1171 5695 τηρήσεις;

508 5798 616 5867 δὸς
653 5802 887 5862 1'03th
926 5801 1042 5856 σὸν
1084 5803 1373 5859 πλοῦτον.
1409 5804 1502 5876 Μὴ
1552 5806 1643 5860 τὸν
1676 5804 1902 5860 πλοῦτον

1997 4607 2024 4645 a
2058 4590 2169 4646 Deo
2200 4610 2212 4645 :
2249 4592 2362 4645 haec
2391 4598 2517 4644 sunt
2542 4604 2679 4644 mea:
2706 4588 2914 4643 divitim
2936 4589 3029 4657 qui
3058 4586 3291 4643 sortitus
3315 4604 3437 4643 sum
3463 4588 3588 4656 jure

1997 4683 2314 4736 ItOtninibus
2373 4695 2607 4751 praeesse
2662 4680 2732 4734 ob
2771 4678 3095 4748 sapientiam
3154 4676 3313 4745 quasi
3357 4685 3592 4730 tttalreut

1999 4776 2348 4830 nutrientem.
2374 4773 2517 4840 Quid
2549 4774 2727 4827 adbuc
2759 4769 3026 4835 servabis,
3049 4767 3160 4822 fili?
3186 4783 3344 4822 serva
3370 4767 3591 4836 eloquia

1999 4883 2140 4923 mea.

2064 4961 2335 5015 Dictioues
2372 4958 2485 5022 Dei,
2508 4957 2978 5028 primogeuite,tibi
3008 4954 3245 5023 ὀπωρίὶ
3278 4953 3482 5018 :Quid,
3514 4952 3595 5019 ﬁli

1999 5055 2101 5109 mei
2130 5054 2321 5108 ventris
2343 5055 2367 5108 ?
2389 5050 2581 5107 Nonne
2629 5052 2815 5106 omnia
2844 5050 3063 5121 eloquia
3101 5049 3194 5103 Dei
3221 5048 3243 5102 ?
3280 5047 3362 5101 Ad
3387 5056 3440 5101 te
3472 5062 3599 5101 ver-i

1999 5149 2128 5205 bum
2163 5147 2329 5213 facio,
2363 5148 2434 5202 illi
2459 5188 2473 5211 ,
2503 5148 2764 5218 quisquis
2796 5146 2898 5210 sis,
2933 5146 3091 5210 quia
3142 5158 3227 5198 me
3268 5143 3487 5213 genitus
3527 5156 3590 5194 es

2001 5242 2305 5298 secundum
2367 5242 2599 5312 primam
2648 5250 2705 5296 et
2755 5239 3104 5309 spiritualem
3158 5238 3593 5309 generationem.

2001 5338 2180 5405 Quid,
2222 5334 2293 5390 iiii
2325 5379 2338 5402 ,
2373 5350 2536 5406 quem
2594 5334 2949 5406 cogitationis
2996 5347 3131 5390 mea:
3167 5332 3453 5387 doloribus
3501 5330 3599 5405 do-

2003 5430 2176 5487 cendo
2208 5430 2369 5500 genui
2392 5430 2416 5483 Ἰ

2075 5524 2244 5578 Vens.
2282 5525 2333 5578 5.
2378 5522 2539 5588 Quid,
2567 5522 2648 5591 [ili
2673 5536 2911 5575 mearum
2947 5519 3297 5575 orationum?
3326 5516 3468 5585 Quid
3499 5519 3601 5571 0b-

2008 5618 2281 5683 servabis,
2336 5615 2432 5679 tili,
2473 5616 2693 5684 qualem
2735 5614 2988 5669 obtinere
3048 5612 3218 5668 Deum
3273 5612 3604 5682 dt‘preCatus

2008 5708 2173 5765 sum?
3420 5754 3423 5757 -

2084 5802 2165 5857 Μ
2197 5802 2402 5858 dederis
2442 5803 2747 5856 mulieribus
2783 5803 3140 5856 substantiam
3188 5812 3350 5855 tuan'.
3405 5800 3607 5855 lutelli-
3649 5843 3656 5851 .
