4220 6462
651 391 668 452 i
684 386 782 450 5'39

1955 395 2300 452 PROCUPH
2341 395 2582 453 GAZEI

3792 396 3929 461 1540

650 505 868 557 fortiter
922 506 1187 572 alligavit,
1232 507 1330 557 has
1373 505 1668 558 facultates
1714 507 1920 557 activas
1965 521 1990 556 a
2036 522 2094 560 se
2128 523 2223 558 mo

2341 514 2694 579 προσκαίρων
2718 509 2968 577 ὀρέξεως,
3008 512 3100 563 καὶ
3133 511 3540 580 περισῳίγξασα
3561 508 3766 577 ταύτην
3787 514 3928 565 κατὰ

651 602 878 661 vendas,
916 600 967 650 in
1015 599 1401 650 observatione
1445 597 1827 648 mandatorum
1869 596 1959 648 Dei
1998 599 2234 664 pruden-

650 699 734 744 ter
785 694 1095 743 ('Oltlit'lllﬂl.
1133 689 1213 742 Ad
1269 689 1563 740 amandum
1616 686 1784 739 Deum
1835 695 1887 738 et
1926 687 2234 754 proximum

648 782 926 848 Cupiditas
991 796 1206 847 semper
1254 786 1526 837 movetur,
1573 779 1653 831 ira
1701 793 1826 830 vero
1875 779 1938 830 ad
1988 793 2237 844 pugnan-

647 870 779 919 dum
816 881 1008 920 contra
1043 878 1355 935 serpentem
1390 878 1653 929 astutum,
1689 869 1781 934 qui
1827 869 1874 920 ei
1922 868 2233 920 insidiatur.

648 959 724 1012 lix
762 961 979 1012 artibus
1030 961 1283 1029 probavit
1339 960 1656 1013 intellectus
1711 961 1913 1013 bonum
1963 975 2087 1013 esse
2140 959 2232 1014 llei

647 1051 923 1105 mandatis
978 1051 1225 1104 obedire.
1279 1050 1342 1102 Et
1391 1052 1574 1104 lumen
1627 1052 1878 1105 scientia:
1933 1051 1985 1104 in
2033 1052 2152 1120 ipso
2204 1066 2231 1102 a

649 1144 858 1212 Spiritu
919 1142 1296 1195 illuminatum
1356 1143 1420 1194 ad
1482 1143 1780 1211 agendum,
1823 1158 2038 1210 semper
2096 1142 2234 1194 luci-

645 1233 776 1287 dum
814 1241 1018 1295 servat,
1053 1233 1157 1285 hoc
1191 1241 1298 1296 est,
1341 1237 1512 1302 legem
1552 1235 1783 1302 spiritus
1819 1233 2031 1302 fulgore
2066 1233 2234 1286 bono-

645 1337 766 1376 rum
795 1321 1023 1388 Operu'm
1053 1323 1350 1389 fulgentem
1385 1333 1438 1374 et
1467 1325 1727 1378 tenebras
1756 1334 1989 1378 terrena:
2022 1325 2232 1392 sapien-

644 1419 736 1471 tiae
768 1418 819 1468 in
857 1430 1021 1469 carne
1053 1417 1436 1484 dissipantem.
1992 1402 1994 1404 V

2344 602 2515 667 θυμὸν
2548 601 2839 670 ἀνδρικῶς,
2896 602 3151 672 ἐστήριξε
3199 602 3524 662 ταύταςτὰς
3571 602 3703 670 παρ’
3758 602 3930 668 αὐτῆς

2342 693 2671 759 κινουμένας
2696 693 3008 761 πρακτικὰς
3035 693 3316 761 δυνάμεις,
3340 694 3457 743 κατ’
3477 693 3725 761 ἔμφρονα
3746 693 3926 758 λόγον,

2342 784 2400 833 ἐν
2433 785 2498 851 τῇ
2529 784 2764 853 ἐργασίᾳ
2795 785 2906 835 τῶν
2935 783 3030 835 τοῦ
3062 783 3197 836 Θεοῦ
3225 784 3453 836 ἐντολῶν
3480 801 3492 814 ο
3523 783 3582 835 τὸ
3609 785 3705 850 μὲν
3741 781 3931 834 ἐπεθυ-

2346 875 2596 944 μητικὺν,
2627 876 2763 943 πρὸς
2786 876 2884 943 τὴν
2907 874 3003 926 τοῦ
3034 874 3170 926 Θεοῦ
3203 877 3296 925 καὶ
3323 874 3417 926 τοῦ
3449 873 3678 942 πλησίον
3707 865 3932 939 άγάπην

2342 965 2618 1032 ἐπιμόνως
2651 969 2924 1030 κινήσασα
2947 984 2957 994 ·
2991 965 3051 1030 τὸ
3079 965 3134 1016 δέ
3159 964 3412 1032 θυμικὸν,
3449 963 3590 1014 κατὰ
3616 962 3712 1014 τοῦ
3745 963 3929 1012 ποικὶ-

2341 1056 2447 1115 λως
2482 1053 2652 1123 ταύτῃ
2679 1053 3128 1115 ἐπιϐουλεύοντος
3167 1053 3359 1121 νοητοῦ
3385 1051 3559 1118 ὃφεως
3610 1053 3705 1102 καὶ
3747 1050 3931 1120 ἔργοις

2341 1145 2528 1204 αὐτοῖς
2561 1145 2702 1197 κατὰ
2727 1143 2852 1197 νοῦν
2875 1145 3166 1213 ἐπειράθη,
3195 1145 3277 1196 ὅτι
3322 1143 3528 1208 ἀγαθὸν
3547 1143 3609 1194 τὸ
3654 1144 3831 1194 ποιεῖν
3864 1142 3930 1193 τὰ

2343 1235 2463 1286 θεῖα
2496 1236 2934 1302 προστάγματα·
2980 1237 3077 1288 καὶ
3129 1234 3483 1301 διαφυλάττει
3534 1232 3802 1288 ἄσϐεστον
3841 1234 3931 1284 τὶν

2338 1324 2473 1393 παρ’
2506 1325 2678 1393 αὐτῆς
2719 1329 2786 1395 τῇ
2819 1327 2963 1394 ψυχῇ
2996 1327 3408 1396 πυρσευόμενου
3443 1326 3584 1378 κατὰ
3638 1324 3842 1395 πρᾶξιν
3874 1326 3932 1375 ἐν

2339 1415 2612 1482 πνεύματι
2641 1416 2800 1484 λόγον
2829 1420 2927 1486 τῆς
2953 1417 3208 1484 γνώσεως
3227 1433 3239 1444 ·
3295 1419 3466 1486 ἡγουν
3505 1417 3597 1467 τὸν
3643 1416 3808 1483 νόμον
3836 1415 3932 1466 τοῦ

642 1510 976 1576 πνεύματος,
1005 1508 1291 1575 λάμποντα
1319 1509 1441 1568 ταῖς
1467 1507 1777 1575 ἀστραπαῖς
1798 1506 1905 1558 τῶν
1928 1505 2105 1576 ἔργων
2121 1506 2222 1576 τῆς
2256 1506 2628 1577 δικαιοσύνης,
2663 1509 2760 1560 καὶ
2819 1509 2940 1561 ὅλον
2969 1509 3393 1570 διασκεδάζοντα
3461 1508 3554 1560 τὸν
3620 1505 3933 1574 σκοτασμδν

640 1600 734 1654 τοῦ
763 1599 949 1667 χοϊκοῦ
973 1599 1324 1666 φρονήματος
1352 1598 1452 1667 τῆς
1480 1598 1703 1667 σαρκός.

713 1689 880 1742 Vens.
914 1690 998 1743 19.
1041 1689 1256 1743 Cubitos
1288 1707 1411 1743 suos
1439 1692 1674 1743 extendit
1709 1695 1776 1742 ad
1804 1691 1981 1753 utilia,
2017 1701 2070 1744 et
2111 1709 2228 1746 ma-

641 1801 739 1836 nus
788 1799 911 1835 suas
959 1783 1140 1849 ﬁrmat
1177 1783 1244 1834 ad
1284 1783 1484 1850 fusum.
1525 1768 1817 1853 Proprium
1851 1784 2120 1853 judicium
2164 1786 2231 1839 de

2413 1691 2498 1744 ιθν.
2535 1690 2683 1754 Τοὺς
2712 1688 2929 1757 πήχεις
2961 1688 3154 1756 αὐτῆς
3179 1689 3429 1742 ἐκτείνει
3462 1686 3562 1740 ἐπὶ
3601 1686 3672 1739 τὰ
3693 1687 3930 1756 συμφέ-

2331 1798 2521 1848 ροντα
2541 1796 2554 1809 °
2590 1781 2698 1846 τὰς
2725 1779 2795 1833 δὲ
2813 1780 3017 1849 χεῖρας
3035 1779 3232 1847 αὐτῆς
3259 1779 3471 1848 ἐρείδει
3497 1782 3585 1844 εις
3607 1779 3931 1848 ἄτρακτον.

642 1877 948 1930 virtutibus
981 1891 1102 1944 qua:
1133 1877 1346 1929 salvant
1383 1877 1622 1940 animas,
1662 1877 1748 1930 liis
1781 1878 2078 1933 sententiis
2112 1893 2223 1931 om-

2335 1873 2446 1934 Τὰς
2469 1873 2683 1941 κρίσεις
2714 1873 2935 1941 ἑαυτῆς,
2977 1871 3114 1942 πρὸς
3134 1872 3233 1934 τὰς
3277 1871 3661 1932 συντεινούσας
3693 1872 3778 1944 εἰς
3823 1886 3928 1923 σω-

641 1969 772 2022 nino
819 1968 1116 2029 submittit,
1162 1969 1330 2020 veluti
1405 1985 1677 2023 mensurae
1740 1971 1990 2032 cubitali,
2033 1971 2228 2025 dextro

639 2062 852 2114 scilicet
883 2071 937 2114 et
969 2061 1220 2121 sinistro,
1255 2060 1320 2111 ad
1363 2059 1718 2128 indicandam
1760 2063 2024 2115 virtutum
2072 2079 2228 2117 men-

638 2165 851 2211 suram,
891 2161 944 2203 et
995 2151 1142 2217 quod
1184 2150 1337 2204 deest
1367 2137 1443 2202 'ad
1500 2151 1804 2214 dexteram,
1841 2153 1984 2220 quod
2033 2153 2100 2205 ad
2151 2154 2226 2208 si-

637 2247 869 2296 nistram
926 2244 1176 2305 excedit,
1229 2244 1726 2310 compensandum.
1768 2243 1876 2297 Illa:
1904 2246 2097 2298 activa:
2148 2245 2229 2298 fa-

636 2336 873 2388 cultates
925 2336 999 2387 ita
1049 2350 1076 2386 a
1123 2350 1181 2389 se
1232 2343 1412 2396 motm,
1453 2343 1509 2387 ut
1546 2345 1753 2388 temere
1797 2350 1910 2388 non
1956 2335 2226 2401 ferantur,

636 2434 1050 2480 connectuntur
1081 2442 1202 2477 trum
1239 2441 1298 2478 ea
1328 2428 1696 2493 rationequm,
1732 2433 1789 2478 ut
1823 2424 2000 2488 fusus,
2035 2442 2228 2481 sensa-
2278 2492 2287 2500 _

636 2520 817 2570 tiones
863 2517 1162 2571 intellectui
1198 2518 1416 2578 nniunt,
1454 2533 1576 2571 cum
1622 2517 1881 2571 meditata
1915 2519 2225 2587 perceptio,

635 2627 662 2661 τι
713 2611 973 2664 sensibus
1014 2618 1266 2680 accepta,
1310 2610 1376 2663 ad
1430 2611 1680 2665 veritatis
1719 2611 2093 2681 cognitionem
2137 2614 2226 2666 in-

636 2705 913 2755 tellectum
949 2703 1222 2772 perducit.

709 2880 870 2934 Vens.
907 2882 1000 2936 ‘20.
1047 2879 1246 2934 Manus
1286 2890 1460 2934 autem
1497 2892 1616 2936 tuas
1657 2884 1864 2950 aperuit
1904 2884 2145 2952 pauperi,
2175 2895 2225 2938 et

631 2975 841 3040 palmus
875 2973 1110 3024 extendit
1156 2974 1325 3039 inopi.
1357 2972 1658 3043 Postquam
1698 2983 1920 3043 operata
1954 2986 2036 3029 est
2065 2974 2224 3044 juxta

632 3065 925 3118 scientiam
971 3075 1130 3117 actus
1180 3064 1468 3124 virtutum,
1515 3065 1606 3117 illa
1651 3080 1878 3119 suarum
1930 3066 2223 3120 moralium

629 3155 949 3209 divitiarum
1001 3155 1326 3223 participem
1371 3156 1534 3209 eﬂicit
1573 3170 1824 3218 carnem,
1855 3171 1963 3225 qua
2008 3157 2221 3210 ratione

630 3248 846 3317 privata
892 3248 1100 3299 eisdem
1147 3247 1472 3315 indigebat:
1509 3248 1655 3300 illam
1699 3248 1912 3301 ratione
1942 3246 2219 3312 formavit,

628 3348 796 3408 atque
838 3353 868 3392 e
914 3339 1288 3407 voluptatibus
1334 3337 1668 3406 corruptelae
1712 3337 1924 3391 eduxit.
1959 3336 2222 3391 Contem-

632 3433 936 3501 plationem
990 3447 1019 3483 c
1068 3445 1176 3499 qua
1231 3430 1434 3499 pendet
1485 3433 1707 3498 praxis,
1760 3429 1912 3484 velut
1964 3443 1993 3482 a
2041 3429 2222 3484 fructu

628 3537 846 3582 manus,
879 3523 1064 3575 docuit
1103 3524 1471 3584 intellectum,
1508 3523 1600 3590 qui
1649 3522 1719 3574 ob
1762 3537 2009 3576 amorem
2051 3531 2223 3577 mate-

630 3629 724 3665 rzze
761 3613 938 3680 ipsum
988 3628 1118 3665 vere
1166 3613 1368 3664 bonum
1401 3612 1711 3681 ignorabat,
1746 3612 2220 3680 illumrexcitavit,

624 3709 1066 3774 prolapsumque
1099 3706 1297 3768 erexit,
1325 3713 1512 3772 utpote
1541 3705 1663 3773 ejus
1693 3704 1951 3772 adjutrix.

703 3884 872 3937 Vens.
913 3884 1004 3936 2!.
1052 3884 1171 3935 Non
1203 3892 1279 3935 est
1313 3883 1573 3934 sollicitus
1605 3882 1669 3935 de
1704 3882 1768 3935 iis
1799 3898 1918 3950 qua:
1967 3883 2021 3935 in
2062 3881 2219 3935 domo

622 3981 701 4030 rir
722 3995 859 4045 qus,
886 3977 1055 4028 sicubi
1086 3985 1324 4027 moratus
1345 3975 1529 4042 fuerit,
1558 3991 1737 4030 omnes
1760 3975 1900 4027 enim
1922 3974 2010 4042 qui
2038 3975 2136 4030 sub
2156 3991 2220 4028 ea

620 4071 794 4123 induti
839 4078 983 4122 sunt.
1037 4067 1110 4122 De
1152 4046 1436 4121 doloribus
1491 4067 1699 4130 carnis,
1733 4066 1786 4118 in
1827 4083 1934 4135 qua
1985 4051 2216 4133 habitat,

621 4178 728 4214 non
765 4170 849 4214 cst
891 4161 1168 4213 sollicitus
1222 4158 1562 4219 intellectus,
1595 4157 1816 4224 quando
1859 4157 1911 4209 in
1951 4157 2216 4226 spiritua-

620 4252 766 4304 libus
818 4248 1384 4315 contemplationibus
1443 4255 1745 4300 moratur:
1787 4227 2020 4315 quaique
2067 4250 2213 4302 enim

618 4340 941 4393 considerat
982 4341 1131 4391 illum
1168 4339 1460 4408 prudentia
1491 4348 1545 4390 et
1577 4337 1902 4391 fortitudine
1931 4338 2210 4403 muniunt,

620 4427 965 4501 ue'patiatur
998 4433 1177 4498 ignem
1214 4432 1563 4500 probationis
1589 4431 1850 4499 jucunda:
1886 4440 1940 4482 et
1969 4432 2213 4502 volupta-

618 4527 710 4589 tis,
745 4527 826 4578 vel
861 4525 1034 4595 frigus
1073 4525 1266 4578 invisae
1297 4535 1352 4577 et
1384 4522 1616 4577 doloris.
1852 4528 1857 4535 '

687 4706 855 4761 Vens.
910 4706 1002 4760 ‘29..
1054 4704 1302 4773 Duplices
1355 4715 1519 4758 vestes
1571 4705 1694 4772 fecit
1737 4705 1846 4758 viro
1880 4720 1996 4759 suo.
2049 4701 2214 4757 Soeio

606 4815 712 4854 suo
762 4798 1067 4852 intellectui
1123 4799 1175 4848 in
1231 4797 1502 4848 tlteoriam
1547 4806 1602 4848 et
1647 4798 1700 4849 in
1745 4798 1956 4865 praxim
1999 4796 2214 4864 paravit

600 4896 721 4946 -duo
752 4892 1104 4954 vestimenta,
1128 4899 1182 4942 et
1226 4890 1459 4942 scientia
1493 4904 1700 4950 rerum.
1730 4897 1782 4942 et
1808 4888 2029 4941 virtutis
2057 4902 2213 4961 exer-

607 4986 878 5038 citatione
912 4993 1196 5037 contexta.

692 5180 761 5232 De
793 5181 946 5246 bysso
991 5191 1167 5245 autem
1208 5189 1257 5232 et
1303 5194 1542 5246 purpura
1576 5180 1676 5231 sibi
1717 5179 2047 5232 indumenta.
2093 5180 2206 5233 Sibi

608 5287 739 5324 vero
778 5272 925 5323 velut
957 5270 1252 5340 quamdam
1307 5281 1512 5322 restem
1568 5270 1777 5337 paravit
1827 5269 2080 5339 dogmata
2124 5286 2209 5322 re-

603 5365 1034 5434 demptionis,et
1059 5365 1346 5431 theologia:
1370 5362 1971 5430 incompreliensibilis.
2001 5362 2206 5432 Byssus

602 5457 749 5506 ιιιιίιιι
798 5455 889 5522 qui
944 5472 972 5506 e
1023 5463 1172 5506 terra
1224 5455 1402 5506 oritur
1445 5463 1530 5506 est
1583 5456 1763 5521 imago
1813 5453 2205 5520 redemptionis

609 5546 772 5598 Verbi
810 5546 901 5599 Dei
937 5546 1248 5600 incarnati:
1281 5559 1523 5614 purpura
1552 5553 1732 5596 autem
1770 5560 1891 5613 qua:
1922 5545 2068 5614 regia
2098 5556 2201 5608 est.

602 5638 912 5692 divinitatis
943 5638 1107 5692 trium
1138 5652 1501 5708 personarum
1535 5638 1684 5692 omni
1724 5645 1994 5690 creatura:
2020 5636 2197 5689 duini.

603 5733 815 5789 nanus.

680 5824 848 5878 Vens.
882 5827 971 5881 25.
1010 5825 1340 5894 Conspicuus
1373 5837 1545 5880 autem
1576 5826 1633 5896 ﬁt
1667 5825 1744 5878 rir
1771 5825 1883 5894 ejus
1919 5825 1970 5878 in
1999 5825 2192 5894 portis,

2332 1965 2526 2032 τηρίαν
2549 1963 2738 2033 ψυχῶν
2771 1964 2997 2034 ἀρετάς,
3027 1964 3271 2032 ὑφαπλοῖ
3295 1962 3525 2024 ταύταις
3558 1962 3779 2024 πάντως
3807 1964 3932 2023 ταῖς

2331 2056 2697 2128 διακρίσεσιν,
2721 2057 2798 2117 ῶς
2820 2073 2930 2110 τισι
2966 2058 3178 2126 πήχεσι
3217 2057 3381 2127 δεξιῷ
3411 2073 3470 2110 τε
3508 2057 3602 2109 καὶ
3634 2054 3928 2125 εὐωνύμῳ,

2334 2147 2611 2218 μετροῦσα
2639 2147 2736 2211 τὰς
2764 2148 2875 2200 τῶν
2908 2147 3121 2218 ἀρετῶν
3149 2148 3526 2218 συμμετρίας*
3563 2148 3656 2200 καὶ
3703 2163 3927 2228 περιαι-

2334 2237 2503 2306 ροῦσα
2531 2238 2630 2300 τὰς
2662 2240 2727 2290 ἐκ
2755 2238 2949 2301 δεξιῶν
2975 2239 3306 2308 ὑπερϐολὰς,
3345 2240 3444 2292 καὶ
3486 2238 3582 2301 τὰς
3617 2239 3676 2304 ἐξ
3721 2239 3938 2303 εὑωνύτ

2333 2345 2452 2396 μων
2481 2328 2752 2398 ἐλλείψεις
2781 2327 2965 2382 αὐτῶν
2986 2346 2999 2361 ·
3028 2329 3130 2392 τὰς
3164 2330 3221 2383 δὲ
3245 2331 3572 2400 κινουμένας
3605 2331 3698 2384 ὑπ’
3727 2330 3944 2410 eam“,
3969 2321 3974 2323 λ

2329 2419 2471 2472 ῶστε
2499 2421 2572 2490 μὴ
2598 2422 2808 2487 ἀλόγως
2830 2422 3098 2491 φέρεσθαι
3128 2423 3445 2491 πρακτικὰς
3476 2423 3757 2490 δυνάμεις,
3799 2439 3930 2488 στη-

2331 2512 2472 2582 ρίξει
2503 2516 2579 2575 εἰς
2615 2513 2707 2564 τὸν
2736 2514 2892 2582 δίκην
2923 2514 3199 2582 ἀτράκτου
3227 2513 3612 2584 συμπλέκοντα
3643 2514 3803 2582 λόγον
3828 2514 3928 2583 τὴν

2329 2604 2582 2672 αἴσθησιν
2612 2605 2690 2674 τῷ
2720 2604 2822 2667 νοῒ,
2872 2607 2930 2658 ἐν
2963 2605 3042 2674 τῷ
3067 2606 3193 2668 τοὺς
3248 2606 3369 2659 κατ’
3410 2606 3666 2674 αἴσθησιν
3716 2606 3925 2668 τύπους

2330 2697 2470 2766 πρὸς
2497 2697 2597 2766 τὴν
2643 2697 2784 2751 κατὰ
2820 2697 2947 2751 νοῦν
2987 2700 3214 2767 ἀνάγειν
3251 2698 3515 2769 ἀλήθειαν
3566 2702 3686 2761 ταῖς
3726 2699 3925 2751 ἑαυτοῦ

2330 2790 2681 2858 συστροφαῖς.

2398 2886 2468 2934 κ’.
2511 2879 2722 2946 Χεῖρας
2753 2879 2945 2946 αὐτῆς
2972 2879 3241 2946 διήνοιξε
3276 2880 3524 2946 πένητι·
3575 2881 3812 2947 καρπὸν
3856 2881 3928 2933 δέ

2326 2969 2586 3032 ἐξέτεινε
2618 2969 2855 3039 πτωχῷ.
2899 2970 3154 3037 Δαψιλῶς
3181 2973 3301 3033 ταῖς
3335 2971 3456 3024 κατ’
3482 2973 3799 3040 ἐπιστήμην
3825 2972 3927 3023 αῦ-

2326 3062 2424 3130 τῆς
2449 3063 2758 3131 ἐνεργείαις
2787 3062 2898 3115 τῶν
2931 3063 3051 3116 κατ’
3074 3063 3276 3133 ἀρετὴν
3296 3062 3536 3132 τρόπων,
3561 3062 3658 3115 τοῦ
3684 3063 3922 3116 πλούτου

2331 3151 2604 3220 μετέδωκε
2638 3150 2733 3202 τοῦ
2766 3151 2906 3204 κατὰ
2929 3153 3132 3220 πρᾶξιν
3151 3151 3336 3221 ἤθους,
3361 3151 3441 3220 τῷ
3465 3151 3830 3222 συντραφέντι
3853 3133 3920 3221 τῇ

2324 3244 2518 3298 τούτου
2564 3246 2743 3317 ἐνδείᾳ
2775 3248 2841 3299 δι’
2866 3247 3098 3315 ἀλογίαν
3121 3247 3356 3316 σαρκίῳ,
3389 3248 3535 3300 κατὰ
3561 3248 3720 3315 λόγον
3761 3247 3924 3300 τοῦτο

2326 3333 2669 3404 ρυθμίσασα“
2724 3338 2822 3389 καὶ
2852 3337 2952 3408 τῆς
2988 3336 3316 3409 φθοροποιωῦ
3349 3338 3690 3406 ἡδυπαθείας
3718 3339 3919 3404 ἐξανα-

2325 3427 2574 3495 στή-σασα
2596 3443 2611 3458 °
2645 3429 2706 3480 τὸ
2733 3429 2787 3480 δὲ
2809 3429 3162 3500 θεωρητἰκδν,
3184 3422 3244 3481 οῦ
3269 3429 3568 3500 ἐξήρτηται
3599 3431 3658 3483 τὸ
3685 3449 3928 3501 πρακτέ-

2322 3518 2419 3570 κδν
2447 3513 2534 3572 οἷα
2567 3519 2784 3590 καρποῦ
2814 3521 2958 3589 χεὶρ,
2991 3519 3273 3589 ἐξήπλωσε
3305 3520 3445 3574 κατὰ
3474 3521 3700 3588 γνῶσιν,
3730 3522 3808 3590 τῷ
3841 3527 3921 3584 είς

2322 3613 2548 3678 ἄγνοιαν
2602 3613 2698 3665 τοῦ
2755 3612 2927 3675 ὅντως
2963 3610 3129 3664 καλοῦ
3152 3645 3166 3670 ,
3197 3611 3287 3664 διὰ
3314 3610 3417 3680 τὴν
3450 3610 3587 3680 πρὸς
3637 3612 3707 3664 τὰ
3757 3610 3922 3664 ὑλικά

2323 3706 2509 3775 σχέσιν
2533 3723 2600 3758 πε
2613 3706 2890 3775 ριπεσόντι
2912 3707 2990 3758 νοΐ
3007 3720 3019 3733 °
3043 3702 3505 3772 άνακαλεσαμένη
3533 3703 3626 3754 καὶ
3651 3702 3922 3773 ὲγείραεα

2319 3798 2509 3851 τοῦτον
2547 3798 2640 3850 τοῦ
2682 3799 3009 3866 πτώματος,
3049 3797 3125 3858 ὡς
3163 3793 3330 3850 αὑτοῦ
3374 3793 3593 3865 βοηθός.

2390 3896 2496 3945 κα’.
2544 3887 2952 3958 Οὐ’φροντίζει
2985 3885 3104 3941 τῶν·
3145 3888 3216 3941 ἐν
3249 3888 3393 3948 οικφ
3437 3886 3654 3953 όάνὶιρ
3701 3883 3915 3950 αὐτῆς,

2319 3980 2467 4032 ὅταν
2502 3996 2622 4033 που
2651 3978 2922 4047 χρενίζῃ·
2955 3977 3179 4043 πάντες
3222 3977 3332 4047 γὰρ
3358 3979 3413 4030 οὶ
3442 3976 3579 4044 παρ’
3617 3975 3777 4043 αὐτῇ
3822 3979 3917 4028 ἐν-

2317 4070 2734 4124 διδύσκογται.
2777 4069 2852 4121 Οὐ
2907 4069 3151 4139 μεριμνᾷ
3195 4070 3223 4122 ὁ
3262 4067 3440 4138 ταύτῃ
3486 4065 3737 4128 σύνοικος
3790 4066 3918 4128 νοῦς

2317 4162 2448 4231 περὶ
2469 4161 2577 4214 τῶν
2601 4162 2658 4212 ἐν
2685 4159 2760 4230 τῷ
2788 4160 3093 4228 οἰκητηρίῳ
3120 4158 3285 4212 αὑτοῦ
3307 4159 3522 4228 σαρκίῳ
3545 4157 3914 4228 παθημάτων,

2316 4251 2523 4304 όπόταν
2579 4253 2698 4312 ταῖς
2747 4252 3152 4320 πνευματικαῖς
3200 4250 3461 4320 θεωρίαις
3507 4250 3913 4319 ἐνασχολῆται·

2317 4341 2517 4402 πάντες
2548 4343 2656 4409 γὰρ
2684 4343 2732 4393 0!
2761 4339 2952 4393 τούτου
2979 4343 3038 4394 ἐν
3065 4338 3214 4410 αὑτῷ
3242 4340 3516 4410 λογισμοὶ,
3552 4341 3918 4412 περιϐάλλον-

2314 4451 2404 4486 ται
2456 4434 2544 4486 διὰ
2595 4432 2952 4503 σωφροσύνην
2998 4434 3095 4486 καὶ
3142 4432 3432 4502 ἀνδρείαν,
3490 4431 3552 4483 τὸ
3596 4432 3662 4486 ἐκ
3714 4449 3775 4486 τε
3819 4433 3916 4486 τοῦ

2243 4553 2288 4607 D
2317 4524 2564 4593 φλογμοῦ
2603 4524 2711 4574 τῶν
2749 4523 2870 4575 καθ’
2902 4523 3100 4592 ἡδονὴν
3133 4522 3399 4574 ἑκουσίων
3426 4522 3786 4591 πειρασμῶν.
3819 4525 3914 4576 καὶ

2315 4616 2410 4670 τοῦ
2446 4615 2661 4687 κρυμοῦ
2703 4617 2810 4668 τῶν
2850 4615 2969 4668 κατ’
2999 4614 3192 4683 ὀδύνην
3229 4613 3526 4674 ἀκουσίων,
3566 4614 3807 4675 ἀπαθές.

2387 4709 2494 4778 κβθ.
2535 4708 2766 4773 Δισσὰς
2798 4693 3058 4774 χλαίνας
3090 4706 3344 4771 ἐποίησε
3381 4703 3464 4769 τῷ
3499 4704 3673 4772 ἀνδρὶ
3696 4701 3909 4768 αὐτῆς.

2314 4799 2705 4855 Κατεσκεύασε
2734 4798 2813 4866 τῷ
2845 4796 3076 4865 συνοίκῳ
3105 4792 3274 4865 αὐτῆς
3299 4795 3400 4852 νοῒ,
3426 4795 3572 4848 κατά
3592 4809 3651 4845 τε
3677 4794 3914 4864 θεωρίαν

2313 4893 2409 4945 καὶ⁵
2455 4891 2657 4961 πρᾶξιν
2692 4889 2847 4941 διττὰ
2899 4886 3315 4957 περιϐλήματαο
3351 4887 3462 4946 τοῖς
3509 4883 3690 4950 λόγοις
3740 4884 3914 4938 ταῦτα

2311 4985 2421 5037 τῶν
2460 4984 2651 5047 ὄντων,
2695 4982 2790 5036 καὶ
2843 4983 2958 5042 τοῖς
3012 4979 3240 5049 τρόποις
3292 4975 3403 5030 τῶν
3453 4975 3666 5048 ἀρετῶν
3707 4973 3911 5043 ἐξυφά·

2312 5101 2470 5137 νασα.

2393 5178 2495 5230 Ἐκ
2517 5175 2587 5228 δὲ
2602 5175 2855 5237 ,ϐύσσου
2879 5171 2975 5225 καὶ
3003 5170 3317 5238 πορφύρας
3367 5164 3555 5233 ἑαυτῇ
3580 5165 3909 5234 ἐνδύματα.

2390 5267 2590 5335 Ἑαυτῆ
2623 5265 2679 5316 δὲ
2713 5257 2803 5316 οἷά
2829 5280 2951 5315 τινα
2985 5261 3333 5329 περιϐόλαια,
3362 5261 3430 5312 τὰ
3458 5259 3584 5326 περί
3617 5274 3677 5310 τε
3706 5259 3810 5327 τῆς
3839 5261 3914 5310 oi-

2309 5359 2567 5425 κονομίας
2594 5357 2811 5424 καὶτῆς
2838 5354 3115 5421 θεολογίας
3148 5353 3289 5421 ὑπὲρ
3319 5351 3446 5404 νοῦν
3475 5350 3729 5420 δόγματα
3754 5366 3768 5379 °
3809 5366 3911 5402 m-

2310 5451 2536 5521 ραόηλοῖ
2581 5450 2690 5518 γὰρ
2731 5447 2929 5516 βύσσος
2958 5446 3046 5498 διὰ
3076 5447 3138 5498 τὸ
3169 5446 3278 5498 ἀπὸ
3302 5446 3405 5513 γῆς
3441 5444 3586 5513 ἔχειν
3625 5443 3728 5513 τὴν
3755 5443 3911 5510 γένε-

2309 5559 2421 5603 σιν,
2451 5541 2518 5594 τὰ
2555 5542 2680 5610 περὶ
2710 5539 2808 5608 τῆς
2837 5537 2931 5590 τοῦ
2960 5537 3097 5589 Θεοῦ
3127 5538 3298 5604 Λόγου
3328 5537 3387 5587 ἐν
3404 5535 3568 5604 σαρκὶ
3593 5535 3910 5604 οἰκονομίας

2305 5635 2553 5703 δόγματα
2577 5651 2590 5665 ·
2626 5635 2658 5702 η
2696 5632 2753 5684 δὲ
2789 5633 3077 5702 πορφύρα,
3113 5630 3203 5683 διὰ
3236 5630 3300 5681 τὸ
3331 5627 3646 5698 βασιλικὸν,
3679 5627 3748 5680 τὰ
3780 5632 3909 5695 περὶ

2305 5729 2402 5796 τῆς
2439 5727 2659 5780 πάντων
2698 5723 3014 5784 δεσπότιδος
3054 5721 3498 5792 τρισυποστάτου
3519 5717 3815 5788 Θεότητος.

2376 5827 2478 5888 κγ’.
2527 5821 2932 5888 ΙΙερίὸλεπτος
2962 5816 3029 5868 δὲ
3067 5817 3289 5887 γίνεται
3323 5815 3392 5868 ἐν
3421 5815 3646 5878 πύλαις
3681 5815 3714 5865 ὀ
3752 5810 3908 5878 ἀνὴρ
