4220 6462
338 383 468 450 1541

1376 375 1785 437 (ῚΟΜΜΕΝΤΛ
1800 372 1909 430 RH
1959 372 2036 428 IN
2082 373 2459 434 PROVERBl
2474 381 2540 435 .\.

3462 394 3600 455 1542

322 493 503 560 αὐτῆς
551 494 733 559 ἡνίκα
782 493 857 543 ἂν
909 492 1132 556 καθίσῃ
1177 488 1245 541 ἐν
1280 487 1576 553 συνεδρίῳ
1613 484 1761 549 μετὰ
1802 478 1921 532 τῶν

2025 482 2439 551 quandoeunqnc
2481 487 2673 537 sederit
2718 488 2768 537 in
2805 504 3074 556 consessu,
3120 507 3240 545 cum
3272 495 3480 547 senibus
3511 497 3610 549 lia-

324 586 619 653 γερόντων
644 583 941 641 stato/mor
968 581 1077 645 τῆς
1106 578 1230 648 γῆς.
1276 577 1593 642 Περιφανὴς
1621 575 1675 625 δὲ
1705 572 1911 638 γίνεται

320 674 350 723 ό
383 673 554 743 ταύτῃ
586 670 854 723 συνοικῶν
882 671 1004 732 νοῦς
1026 710 1040 733 ,
1074 670 1133 722 ἐν
1172 671 1294 730 ταῖς
1325 666 1401 728 ὣς
1437 681 1546 717 τισι
1577 664 1772 724 πύλαις
1804 661 1915 712 εἰσ-

321 767 557 829 αγωγοίς
588 766 686 832 τῆς
716 763 826 815 τῶν
857 760 1070 831 ὁρατῶν
1094 757 1397 828 φαντασίας
1424 755 1765 825 αἰσθήσεσιν.
1790 750 1917 803 ens-

320 870 418 905 ταν
468 853 600 921 περὶ⁵
646 852 853 914 ταύτας
891 851 1219 921 συνεδριάσῃ
1265 852 1333 920 τῇ
1375 846 1642 916 ἐπιθυμίᾳ
1691 844 1785 897 καὶ
1839 840 1917 910 τῷ

321 942 499 1011 θυμῷ,
535 944 651 1006 ταῖς
690 936 777 995 οἷα
808 944 1254 1014 προηγουμέναις
1290 941 1355 992 ἐκ
1389 938 1659 1006 γενέσεως
1699 934 1798 1003 τῆς
1825 932 1915 984 λο-

320 1034 485 1102 γικῆς
534 1034 819 1102 ἐνεργείας
868 1032 1274 1103 πρεσϐυτέραις
1315 1031 1612 1099 δυνάμεσιν
1638 1042 1651 1056 ·
1686 1026 1917 1094 ἔμφρονι

321 1124 571 1195 λογισμῷ
619 1125 686 1177 δι’
724 1126 1055 1196 ἐγκρατείας
1106 1125 1202 1178 καὶ
1255 1121 1540 1191 ὑπομονῆς
1596 1116 1918 1171 ὑποτάσσων

323 1216 526 1278 αὐτάς·
583 1216 749 1286 αἴπερ
797 1217 1032 1286 ψυχικαὶ
1083 1216 1367 1284 δυνάμεις,
1419 1213 1497 1283 τῷ
1538 1209 1771 1280 παθητῷ
1823 1206 1918 1261 τοῦ

321 1306 509 1377 χοϊκοῦ
542 1306 703 1376 ἡμῶν
736 1309 963 1377 σαρκίου
1012 1306 1458 1375 παραμένουσιν,
1489 1302 1565 1366 ὡς
1609 1304 1709 1370 τῆς
1738 1298 1920 1368 ψυχῆς

320 1400 513 1468 φύσει,
545 1400 644 1468 τῆς
682 1399 783 1469 μὲν
820 1401 1135 1462 συστάσεως
1166 1398 1263 1451 τοῦ
1297 1397 1553 1465 σώματος
1584 1393 1709 1447 κατ’
1732 1389 1923 1444 ἐπιθυ-

320 1491 449 1557 μίας
475 1490 815 1562 ὀρεγομένης
840 1531 855 1555 ,
887 1490 985 1561 τὴν
1019 1491 1076 1543 δὲ
1113 1488 1324 1559 φθοράν
1348 1485 1541 1540 τούτου
1576 1482 1721 1537 κατά
1747 1478 1922 1550 θυμὸν

317 1586 497 1637 ἀποστ
508 1583 839 1652 ρεφομένην.

289 1665 297 1670 ’
388 1674 491 1725 κδ’.
535 1674 827 1740 Σινδόνας
860 1674 1116 1741 ἐποίησε
1137 1672 1238 1726 καὶ
1273 1670 1534 1727 ἀπέδοτο
1563 1668 1689 1734 τοῖς
1715 1665 1918 1721 Φοίνι-

320 1764 379 1829 Et
401 1782 413 1795 ·
452 1763 841 1833 περιζώματα.
871 1764 999 1831 τοῖς
1043 1761 1792 1831 Χαναναίοις.⁴Νεκρὼσεως
1814 1756 1923 1809 τῶν

2020 573 2333 625 bitatoribns
2382 585 2556 628 terru'.
2599 576 3056 645 Conspicuusftt
3097 585 3410 640 intellectus
3453 588 3611 643 babi-

2018 670 2145 717 tans
2191 678 2315 716 eum
2364 681 2446 726 ea,
2482 668 2623 720 inter
2664 670 2874 736 primas
2918 686 3099 725 rermn
3145 675 3444 733 visibilium
3486 693 3611 746 per-

2018 754 2325 822 ceptiones,
2356 758 2513 826 quasi
2559 760 2613 811 in
2659 763 2835 828 portis
2880 774 3152 829 versatus,
3184 782 3309 819 cum
3355 769 3422 821 ad
3458 769 3603 836 judi-

2020 847 2255 901 candum
2286 847 2352 902 de
2383 850 2462 904 eis
2494 853 2749 905 convenit
2779 868 2901 906 cum
2938 858 3243 923 cupiditate
3276 871 3329 912 et
3364 861 3463 922 ira,
3498 878 3609 930 qua

2022 939 2217 992 anima:
2244 939 2534 997 facultates
2563 946 2749 1010 primae
2784 956 3112 1003 exercentur
3142 958 3196 1003 et
3227 966 3339 1019 quo
3372 954 3611 1006 rationa-

2022 1031 2205 1085 biliter
2250 1046 2411 1099 agere
2478 1035 2808 1103 incepimus,
2854 1050 2905 1092 et
2950 1041 3107 1109 quasi
3152 1043 3403 1097 seniores
3454 1053 3605 1098 sunt.

2022 1119 2118 1174 Illa
2164 1121 2572 1175 rationabiliter
2612 1139 2876 1194 reguntur
2915 1131 3272 1198 temperantia
3302 1145 3365 1203 et.
3399 1134 3609 1200 patien-

2023 1212 2122 1275 tia,
2182 1218 2239 1266 et
2280 1212 2481 1267 deinde
2524 1217 2745 1284 corpori
2790 1226 3009 1273 terreno
3044 1232 3099 1274 et
3128 1222 3376 1290 passibili
3423 1224 3609 1278 ﬁdeles

2023 1312 2207 1367 erunt,
2242 1303 2292 1356 id
2312 1312 2423 1370 est,
2454 1310 2707 1377 corporis
2737 1310 2968 1363 salutem
2992 1313 3295 1381 cupiditate
3325 1326 3610 1382 promovet

2025 1396 2225 1463 anima,
2260 1396 2491 1468 ejusque
2529 1401 2941 1471 corruptionem
2976 1404 3055 1457 ira
3091 1416 3358 1459 removet.

2098 1664 2267 1719 Vsus.
2308 1663 2399 1718 24.
2432 1664 2698 1720 Sindonas
2732 1668 2874 1734 fecit,
2906 1678 2955 1721 et
2988 1670 3215 1724 vendidit
3252 1672 3610 1737 Pliarnicibns,

2028 1756 2243 1825 cingula
2267 1753 2609 1811 Chanana'is.
2636 1756 2905 1813 Funebria
2937 1762 3254 1830 passionum
3286 1764 3606 1819 indumenta

320 1827 585 1925 ἐμνπαθιῦν
616 1827 893 1926 λογισμῶν
924 1827 1222 1927 εἰργάσατο
1266 1827 1622 1927 περιϐόλαια·
1664 1855 1760 1906 καὶ
1798 1854 1909 1916 τοῖς

2025 1848 2253 1903 :oniccit
2292 1864 2469 1917 eaque
2512 1850 2830 1907 hominibus
2865 1861 2988 1908 actu
3035 1859 3357 1924 passionum
3394 1859 3606 1924 liberis,

321 1942 649 2019 καθαρθεῖσι
685 1948 784 2017 μὲν
815 1947 925 2001 ἀπὸ
954 1947 1064 2001 τῶν
1098 1947 1220 2001 κατ’
1250 1948 1530 2017 ἐνέργειαν
1566 1944 1779 2009 παθῶν,
1814 1960 1913 1996 πε-

321 2042 691 2111 φοινιγμένοις
720 2042 764 2094 δ’
791 2042 870 2095 ἔτι
895 2045 1009 2106 τοῖς
1042 2044 1184 2096 κατά
1213 2044 1479 2106 διάνοιαν,
1509 2042 1909 2112 ἀπημπόλησε·

318 2134 693 2187 καταϐαλοῦσι
730 2135 868 2205 πρὸς
895 2129 1065 2207 αὐτὴν
1091 2130 1202 2191 οἷόν
1225 2155 1276 2190 τι
1299 2137 1519 2206 τίμημα
1547 2137 1644 2203 τὴν
1673 2135 1780 2188 ἀπὸ
1804 2131 1914 2186 τῶν

226 2272 233 2280 .
320 2225 442 2279 κατ’
466 2226 750 2294 ἐνέργειαν
782 2228 974 2281 παθῶν
1000 2230 1525 2299 ἐγκρατευσαμένην
1551 2227 1877 2300 προαίρεσιν
1896 2244 1911 2259 ·

320 2317 651 2389 ἐγκράτειαν
682 2320 739 2373 δὲ
774 2320 867 2374 καὶ
901 2322 1184 2393 ὑπομονὴν
1211 2324 1308 2391 τῆς
1337 2321 1477 2375 κατὰ
1505 2321 1639 2374 Θεὸν
1661 2321 1917 2392 ’σκληρᾶς

236 2400 241 2404 ί
320 2412 570 2482 ἀγωγῆς,
605 2414 1082 2482 περισφιγγούσας
1129 2414 1191 2467 τὸ
1242 2413 1547 2485 παθητικὸν
1585 2413 1688 2483 τῆς
1737 2414 1918 2484 ψυχῆς

323 2508 492 2577 μέρος
546 2507 1011 2578 ἀπεργασαμένη,
1053 2509 1175 2561 κατ’
1200 2508 1448 2578 ἔμφρονα
1502 2508 1762 2577 λογισμὸν
1808 2506 1918 2559 τῶν

319 2600 434 2660 τοῖς
488 2599 609 2652 κατ’
676 2600 962 2668 ἐνέργειαν
1013 2600 1378 2670 ἁμαρτήμασι
1431 2599 1920 2669 τεταπεινωμένων

323 2693 594 2757 (ταπεινοὶ
615 2690 725 2761 γὰρ
772 2691 824 2743 οἱ
867 2692 1163 2745 Χαναναῖοι
1213 2692 1658 2762 ἐρμηνεύονται),
1690 2691 1922 2744 ἀπέδοτο

321 2781 532 2845 τούτοις
563 2782 754 2845 αύτάς,
790 2781 1032 2836 λαϐοῦσα
1065 2784 1127 2835 τὸ
1160 2782 1561 2853 ἐπιθυμητικὸν
1592 2783 1795 2848 αὐτῶν,
1825 2782 1921 2835 καὶ

321 2874 384 2927 τὸ
424 2874 657 2942 θυμικὸν
693 2874 774 2945 τῷ
813 2873 957 2943 λόγῳ
995 2873 1281 2943 ἐπιπειθῆ.

280 3022 323 3039 ,,
396 2967 595 3034 Στόμα
629 2965 698 3018 δὲ
722 2965 916 3033 αὐτῆς
953 2964 1221 3029 διήνοιξε
1250 2965 1671 3033 προσεχόντως
1703 2964 1801 3017 καὶ
1828 2964 1924 3016 ἐν·

284 3128 297 3139 .
324 3063 521 3127 νόμως
542 3076 555 3091 ³
604 3060 703 3115 καὶ
750 3059 925 3124 τάξιν
956 3059 1273 3113 ἐστείλατο
1304 3058 1380 3127 τῇ
1409 3058 1666 3125 γλώσσῃ
1711 3055 1922 3123 αὐτῆς.

326 3152 510 3222 Στόμα
565 3153 626 3206 τὸ
680 3155 913 3222 ἐκφέρον
962 3153 1031 3204 τά
1066 3152 1268 3221 ταύτης
1316 3151 1646 3220 διδάγματα,
1682 3148 1995 3248 ἐκώλυσε(³

330 3248 430 3317 μὲν
466 3248 767 3318 προφέρειν
794 3248 863 3299 τά
896 3246 970 3309 ὡς
1008 3245 1164 3314 ἔτυχε
1206 3245 1688 3315 παρεμπίπτοντα,
1714 3244 1922 3297 διέθετο

326 3340 383 3393 δέ
428 3340 497 3392 τά
545 3338 641 3391 τοῦ
691 3337 827 3390 Θεοῦ
872 3328 1187 3407 ἐντάλματα
1223 3336 1593 3405 φθέγγεσθαι*
1626 3334 1923 3387 κάντεῦθεν

327 3430 488 3495 ἔταξε
541 3430 640 3501 τὴν
695 3430 943 3497 γλῶτταν
998 3424 1185 3483 λαλεῖν
1234 3428 1376 3482 κατὰ
1416 3428 1606 3499 καιρὸν
1645 3427 1715 3481 τὰ
1756 3444 1921 3497 προσ-

327 3526 557 3595 ήκοντα.

401 3625 500 3672 κε’.
540 3616 754 3683 Ἰσχὺν
781 3613 879 3667 καὶ
912 3612 1276 3679 εὐπρέπειαν
1305 3610 1659 3673 ἐνεδύσατο,
1693 3610 1792 3664 καὶ
1825 3611 1923 3663 εὑ-

328 3712 565 3782 sepsiqu
598 3710 666 3763 ἐν
695 3708 944 3778 ἡμέραις
978 3704 1289 3773 ἐσχάταις.
1332 3702 1572 3773 Δύναμιν
1604 3702 1701 3756 καλ⁸
1726 3702 1922 3766 κάλλος

327 3804 713 3873 περιεϐάλετο,
745 3800 869 3854 καθ’
892 3800 1006 3865 ἕξιν
1036 3798 1127 3852 τοῦ
1151 3796 1361 3864 ἀγαθοῦ
1385 3797 1577 3867 νοεράν
1597 3795 1694 3865 τῆς
1718 3796 1920 3865 ψυχῆς,

328 3900 425 3952 καὶ
449 3900 507 3950 ἐν
533 3894 703 3966 σαρκὶ
729 3894 1009 3963 ἐνέργειαν
1027 3908 1039 3921 ’
1066 3889 1268 3961 σχοῦσα
1289 3888 1397 3960 γάρ
1420 3888 1559 3942 κατὰ
1584 3888 1645 3941 τὸ
1666 3887 1923 3959 τριμερὲς

327 3991 427 4059 τῆς
460 3987 647 4058 ψυχῆς
678 3985 985 4038 ἐνδιάθετον
1014 3974 1075 4036 το
1104 3982 1332 4051 ἀγαθὸν,
1369 3980 1673 4034 ἐνδιάθετον
1699 3980 1756 4033 δέ
1783 3982 1920 4048 ἀγα-

328 4083 486 4150 θδνθή
524 4079 710 4141 πίστις
738 4079 876 4141 ἐστὶ,
911 4076 1119 4144 ταύτην
1148 4074 1415 4143 κέκτηται
1440 4073 1671 4143 δύναμιν
1698 4074 1921 4145 ἐνεργη-

326 4173 491 4239 τικὴν
526 4173 584 4223 ἐν
618 4170 857 4238 σώματι,
894 4168 987 4221 τοῦ
1023 4168 1229 4237 κόσμου
1260 4166 1370 4219 τῶν
1402 4167 1636 4237 ἀρετῶν,
1668 4166 1922 4235 ἐνεργου-

333 4266 505 4336 μένην
546 4263 754 4332 ταύτην
782 4264 895 4323 τοῖς
928 4261 1134 4313 τούτων
1177 4260 1403 4330 τρόποις
1450 4258 1879 4313 ἀποδεικνύουσα
1905 4274 1917 4288 ·

331 4354 633 4409 κάντεῦθεν
681 4356 741 4407 ἐν
786 4346 1038 4405 οἷστισιν
1067 4350 1245 4414 οὕτως
1299 4350 1470 4421 αὐτὴν
1515 4350 1920 4416 ἀποδεικνύει,

328 4446 707 4516 ἠγαλλιάσατο
757 4445 886 4515 περὶ
926 4444 997 4495 ’τὸ
1047 4443 1199 4505 τέλος
1253 4443 1352 4513 τῆς
1403 4442 1689 4512 παρούσης
1744 4442 1923 4495 αὐτῶν

332 4540 503 4607 ζωῆς,
543 4537 618 4599 ὡς
657 4536 751 4588 τὸν
792 4534 939 4588 κατά
976 4534 1109 4588 Θεὸν
1147 4534 1350 4603 δρόμον
1389 4534 1778 4587 τετελεκότων.

404 4630 653 4701 Στεγναί
695 4629 987 4697 διατριϐαὶ
1028 4629 1211 4689 οικων
1238 4626 1450 4695 αὐτῆς.
1488 4626 1926 4698 Ἐπιμελουμένη

330 4725 425 4779 τοῦ
475 4723 620 4778 κατά
667 4722 848 4793 ψυχὴν
890 4719 1080 4791 νοεροῦ
1113 4719 1433 4790 οίκητηρίου
1472 4719 1665 4788 αὐτῆς,
1695 4718 1789 4771 καὶ
1833 4716 1928 4770 τοῦ

330 4819 477 4872 κατὰ
527 4816 690 4884 σῶμα
735 4812 1080 4884 αἰσθητικοῦ,
1126 4810 1492 4881 ἀποκαθαίρει
1551 4810 1779 4873 τούτων,
1811 4813 1931 4873 ταῖς

332 4909 489 4963 κατὰ⁴
514 4908 754 4976 θεωρίαν
804 4907 898 4959 καὶ
948 4904 1151 4975 πρᾶξιν
1183 4906 1242 4958 ἐν
1275 4903 1487 4967 τούτοις
1520 4908 1797 4973 κινήσεσιν
1830 4905 1930 4954 αύ-

335 5002 434 5069 τῆς
460 5041 475 5065 ,
508 5000 691 5053 πάντα
719 4997 917 5068 χαῦνον
948 5000 1041 5050 καὶ
1070 4996 1330 5067 ἄνανδρον
1360 4994 1623 5065 λογισμὸν
1645 5037 1659 5061 ,
1693 4995 1785 5048 καὶ
1818 4994 1931 5063 βίον

334 5092 729 5163 διακεχυμένον
770 5091 867 5144 καὶ
909 5089 1242 5161 βορϐορώδη.

411 5186 553 5241 Σῒτα
582 5184 652 5237 δὲ
708 5185 937 5252 ὀκνηρὰ
984 5185 1096 5238 οὐκ
1139 5184 1343 5251 ἔφαγε.
1386 5181 1695 5251 Λογισμοὶις
1725 5181 1780 5233 δέ
1808 5181 1935 5250 τρέ-

330 5294 529 5343 φοντας
545 5277 665 5332 κατ’
692 5278 894 5349 ἀρετὴν
922 5274 1019 5345 τὴν
1048 5276 1226 5346 ψυχὴν
1257 5274 1650 5340 ἀνεξετάστως,
1683 5273 1933 5340 οὐδαμῶς

339 5372 711 5442 παρεδέξατο·
772 5369 1152 5440 φυλαττομένη
1198 5369 1261 5419 ἐκ
1312 5366 1418 5419 τῶν
1468 5366 1575 5419 άπὸ
1631 5365 1813 5428 δεξιᾶς
1857 5366 1935 5416 δι’

338 5463 674 5533 ἀπροσεξίαν
713 5461 776 5514 ἐκ
817 5459 1091 5531 ῥᾳθυμίας
1132 5461 1230 5527 τὴν
1267 5459 1448 5528 ψυχὴν
1488 5456 1846 5509 ἀπατώντων.

410 5562 524 5619 κς”.
568 5557 765 5623 Στόμα
792 5552 860 5605 δὲ
890 5552 1115 5619 ἀνοίγει
1149 5549 1352 5619 σοφῶς
1384 5550 1479 5601 καὶ
1522 5545 1931 5616 νομοθέσμως.

340 5649 594 5704 Διδάσκει
641 5647 698 5701 δέ
741 5648 809 5701 τὰ
839 5645 1015 5718 ἀληθῆ
1047 5646 1290 5715 δόγματα
1312 5683 1327 5707 ,
1362 5643 1457 5697 καὶ
1487 5642 1554 5695 τά
1589 5640 1706 5693 θεῖα
1744 5641 1934 5693 ἐντάλ-

344 5758 513 5809 ματα.

1957 4554 2004 4611 ι)

2014 1940 2213 1994 aliectu
2244 1956 2375 1995 vero
2404 1942 2584 1997 adhuc
2617 1945 2951 2001 rubentibus
2997 1951 3261 2011 vendidit,
3294 1954 3388 2021 qui
3422 1955 3469 2006 ei
3506 1957 3607 2007 ol-

2011 2031 2212 2102 jiciunt
2278 2032 2422 2086 hanc
2493 2034 2821 2089 electionem
2867 2054 2973 2107 qua
3051 2043 3354 2095 exercitum
3399 2047 3607 2113 passio-

2016 2140 2148 2179 uum
2182 2134 2607 2194 superaverunt.
2641 2126 3049 2183 Continenliam
3087 2144 3141 2185 et
3184 2134 3503 2201 patientiam
3542 2138 3605 2188 rd

2018 2217 2183 2270 vitam
2216 2217 2269 2270 in
2304 2217 2415 2272 Deo
2447 2232 2697 2287 asperam
2734 2223 3098 2283 necessarias.
3128 2226 3329 2293 quibus
3361 2228 3609 2280 munitur

2017 2325 2148 2380 pars
2194 2312 2392 2365 animae
2432 2312 2786 2381 passionibus
2829 2317 3037 2383 dedita,
3069 2319 3322 2386 producit
3349 2322 3510 2374 etiam
3541 2324 3606 2373 ad

2020 2403 2359 2458 voluntatem
2397 2404 2699 2472 sapientem
2742 2408 3025 2462 hominum
3072 2410 3189 2465 suis
3228 2413 3470 2480 peccatis
3512 2413 3611 2464 In:-

2022 2496 2358 2551 miliatorum
2390 2500 2648 2569 (humiles
2676 2501 2821 2553 enim
2856 2500 3105 2555 feruntur
3134 2503 3459 2574 Cliananmi)
3501 2510 3611 2557 eis-

1989 2603 2129 2657 .que
2183 2588 2307 2643 illas
2351 2589 2577 2644 donavit
2626 2590 2911 2648 confectas
2954 2608 3021 2647 ex
3078 2593 3384 2663 cupiditate
3423 2603 3478 2649 et
3530 2598 3609 2650 iia

2027 2680 2225 2737 rationi
2258 2682 2549 2753 subjectis.

2100 2944 2172 2998 Os
2218 2961 2370 2998 suum
2419 2945 2871 3012 apernit'atlente
2916 2958 2963 3001 et
3012 2948 3263 3019 legitime,
3284 2961 3329 3003 et
3378 2951 3613 3003 ordinem

2026 3032 2205 3103 posuit
2237 3036 2431 3105 linguae
2470 3053 2599 3091 sum.
2642 3035 2736 3091 Ori
2782 3055 2893 3109 quo
2948 3043 3187 3108 cogitata
3236 3042 3613 3111 proferuntur,

2030 3144 2097 3181 ne
2132 3128 2404 3198 quidquid
2444 3145 2502 3184 se
2541 3130 2837 3187 obtulisset
2885 3133 3476 3202 prodiret,prohilmit;
3506 3135 3616 3203 jlls-

2030 3218 2213 3286 sitque
2247 3216 2338 3271 Dei
2375 3218 2628 3271 tnandata
2659 3219 2837 3288 loqui,
2875 3220 3067 3289 sicque
3096 3220 3337 3291 linguam
3365 3220 3615 3274 decentia

2031 3318 2340 3380 opportune
2373 3311 2734 3380 pronuntiare
2763 3310 3021 3366 erudivit.

2105 3597 2275 3655 Vens.
2302 3598 2395 3654 25.
2431 3598 2832 3655 Fortitudinem
2868 3612 2915 3656 et
2947 3603 3187 3658 decorent
3218 3607 3409 3671 induit,
3440 3618 3488 3661 et
3520 3609 3618 3661 lte-

2037 3703 2150 3746 tata
2179 3703 2257 3748 est
2287 3694 2341 3747 in
2369 3693 2552 3749 diebus
2579 3696 2903 3750 novissimis.
2932 3696 3262 3753 Potestatem
3293 3709 3345 3753 et
3374 3701 3618 3769 pulchri—

2035 3788 2280 3843 tudinem
2319 3788 2500 3843 induit
2534 3804 2630 3859 per
2659 3805 2901 3845 amorem
2942 3791 3066 3844 boui
3109 3792 3160 3845 in
3199 3802 3401 3853 mente.
3434 3806 3485 3847 et
3524 3810 3621 3863 per

2032 3882 2487 3937 exercitationem
2547 3883 2600 3937 in
2650 3898 2903 3952 corpore.
2949 3882 3165 3937 Etenim
3202 3900 3325 3938 cum
3375 3886 3427 3939 in
3473 3889 3618 3940 trina

2034 3976 2217 4029 anima
2248 3975 2319 4029 sit
2347 3974 2553 4029 bonum
2581 3975 2826 4028 innatum
2869 3978 2943 4044 (et
2970 3974 3100 4028 illud
3127 3978 3329 4029 bonum
3367 3978 3617 4031 innatum

2032 4068 2169 4124 ﬁdes
2200 4068 2330 4135 est),
2365 4068 2509 4123 hanc
2557 4068 2858 4137 potentiam
2894 4069 3132 4122 assumit
3170 4068 3237 4122 ad
3280 4071 3619 4138 operandum

2034 4162 2087 4215 in
2137 4176 2373 4230 corpore
2424 4160 2834 4231 pulcherrimas
2880 4161 3135 4227 virtutes,
3187 4172 3622 4231 operantemth
3687 4154 3697 4164 ’

2034 4254 2197 4309 factis
2225 4252 2489 4308 ostendit.
2521 4250 2696 4317 Quam
2726 4252 2773 4307 si
2798 4252 2942 4321 apud
2972 4252 3269 4307 nonnullos
3292 4254 3620 4315 ostenderit.

2031 4350 2276 4402 exsultat
2309 4346 2363 4398 in
2406 4346 2514 4400 line
2560 4340 2685 4400 vita:
2719 4360 2936 4409 eorum,
2974 4346 3245 4415 siquidem
3273 4362 3497 4401 cursum
3531 4363 3622 4402 sc-

2031 4441 2273 4494 cundum
2312 4437 2482 4493 Deum
2519 4445 3071 4493 consummaverunt.

2105 4611 2421 4668 Constricta:
2477 4614 2779 4667 mansiones
2848 4615 3126 4667 domorum
3178 4616 3313 4683 ejus.
3375 4616 3625 4673 Sollicita

2031 4706 2099 4760 de
2131 4707 2300 4760 domo
2334 4721 2435 4760 sua
2477 4706 2840 4774 intellectuali
2876 4708 2928 4761 in
2962 4707 3145 4760 anima
3179 4717 3234 4762 et
3268 4708 3335 4764 de
3370 4713 3623 4765 sensibili

2035 4800 2089 4852 in
2123 4812 2379 4866 corpore,
2416 4799 2538 4852 illas
2568 4808 2750 4853 movet
2781 4799 2847 4852 ad
2877 4800 3324 4870 cognoscendum
3362 4812 3416 4855 et
3454 4818 3623 4873 agen-

2033 4893 2187 4958 dum,
2223 4906 2431 4962 easque
2473 4891 2544 4946 ab
2576 4893 2727 4946 omni
2757 4907 2898 4946 vana
2918 4901 2971 4947 et
3005 4895 3234 4948 remissa
3270 4896 3634 4965 cogitatione,

2034 5002 2248 5040 necnon
2299 4994 2356 5039 et
2405 4984 2697 5041 dissolutis
2741 4994 2797 5040 et
2842 4984 3145 5042 fetentibus
3187 4988 3435 5043 moribus
3471 4990 3630 5063 puti-

2035 5081 2177 5135 fucat.

2106 5169 2267 5224 Cibos
2329 5179 2505 5224 autem
2558 5171 2738 5239 pigros
2792 5187 2896 5224 non
2952 5171 3317 5227 manducauit.
3370 5175 3635 5231 ltatioues

2036 5262 2240 5332 quibus
2294 5263 2361 5317 ad
2411 5264 2675 5317 virtutem
2721 5264 2902 5317 anima
2954 5278 3238 5322 moveatur
3283 5284 3391 5322 non
3429 5279 3637 5325 temere

2039 5354 2259 5424 recipit,‘
2345 5356 2450 5409 sibi
2483 5365 2639 5411 cavet
2665 5357 2734 5411 ab
2775 5357 2841 5411 iis
2867 5373 2989 5426 qua:
3022 5360 3237 5414 animas
3262 5360 3328 5414 de
3370 5359 3474 5415 liti'c
3504 5362 3633 5415 data

2038 5449 2107 5501 ob
2140 5448 2416 5502 levitatem
2459 5457 2510 5502 et
2548 5450 2820 5520 ignaviam
2856 5460 3128 5506 avertunt.
3540 5436 3546 5439 A

2117 5540 2278 5593 Vsus.
2321 5540 2412 5597 ‘26.
2453 5540 2525 5595 Os
2594 5554 2771 5598 autem
2819 5545 3025 5611 aperuit
3088 5545 3355 5613 sapienter
3410 5557 3455 5600 et
3512 5563 3635 5601 cm:-

2038 5643 2285 5701 grnenter
2337 5634 2560 5702 legibus.
2623 5634 2786 5689 Docet
2847 5653 2968 5690 vera
3028 5636 3305 5707 dogmata,
3353 5648 3399 5691 et
3455 5638 3637 5691 (“Mla

2045 5726 2325 5780 mandata.
2384 5726 2739 5800 Eleemosyna
2778 5738 2959 5784 autem
3004 5731 3125 5800 ejus
3172 5732 3463 5785 suscitavit
3496 5732 3636 5787 filios

2042 5822 2186 5889 eius,
2219 5830 2271 5873 et
2302 5820 2461 5874 dilati
2497 5831 2649 5884 sunt,
2683 5829 2735 5875 et
2768 5822 2847 5876 vir
2880 5823 3003 5887 eius
3035 5823 3276 5877 laudavit
3311 5838 3452 5877 cum.
