2072 3157
213 191 244 222 17
924 195 1031 225 PRJEF

1026 196 1131 226 ‘ATIO.
1811 198 1844 231 18

927 267 1840 283 =..;m==

218 264 925 279 Μ

985 266 1714 286 am:

663 359 800 405 ANG.
876 359 979 404 MAI
1041 360 1382 408 ΡΒλίΕῈΑΤΙΟ.

784 453 884 487 (Class.
911 454 990 481 Auct.
1003 457 1023 481 t.
1041 453 1083 486 VI,
1100 455 1207 490 Proles.
1227 456 1266 490 5.)

246 607 274 634 1η
295 605 410 634 exordio
426 605 520 640 operis
536 604 611 640 quod
636 612 652 632 a
665 604 746 633 nobis
765 605 817 632 hoc
832 605 972 633 volumine
987 605 1089 638 editur,
1114 610 1210 633 narrat
1237 604 1387 640 Procopius
1404 606 1540 640 duplicem
1571 613 1586 632 a
1617 614 1646 634 se
1678 614 1845 635 connnenta-

210 650 282 677 rium
297 650 330 677 ad
346 648 546 677 Octateuchum
560 648 645 676 fuisse
657 648 840 682 adornatum;
856 649 976 683 primum
996 649 1105 684 quidem
1125 649 1338 684 amplissimum,
1363 657 1396 676 ex
1427 650 1549 684 antiquis
1574 649 1702 678 Patribus
1729 651 1844 686 aliisque

209 693 393 729 scriptoribus
419 693 591 728 decerptum,
618 696 646 720 et
672 696 787 725 catenae,
819 696 849 720 ut
876 693 1027 728 loquimur,
1050 694 1105 721 ritu
1128 694 1304 721 ordinatum:
1339 694 1453 722 retentis
1476 694 1598 729 ipsorum
1625 700 1767 722 auctorum
1796 695 1846 722 ad-

209 737 344 765 amussim
362 736 472 769 verbis;
489 737 547 764 sive
565 737 710 770 opiniones
735 737 806 763 inter
821 744 851 764 se
878 742 1071 772 congruerent,
1105 738 1163 765 sive
1180 745 1271 765 secus.
1295 737 1392 765 Postea
1418 742 1507 765 tamen
1536 738 1599 773 quia
1626 738 1708 773 hujus
1738 738 1847 774 generis

208 780 368 808 lucubratio
395 780 424 808 in
442 780 607 808 immensum
635 787 798 807 excrescere
822 780 978 812 videbatur,
1008 782 1154 809 consilium
1175 781 1245 816 cepit
1270 781 1342 808 hanc
1365 781 1398 808 ad
1423 781 1514 816 aptius
1538 782 1729 816 compendium
1753 781 1847 809 confe-

209 824 288 852 rendi
307 834 313 851 :
345 828 429 859 atque
460 825 497 851 ita
521 824 683 859 plerumque
707 823 821 851 omissis
839 824 1168 856 auctorumnominibus,
1186 829 1213 851 et
1234 831 1281 851 ore
1299 824 1411 859 proprio
1422 825 1548 859 loquens,
1564 832 1621 852 rem
1645 825 1729 853 semel
1755 825 1848 852 dicere

209 867 317 900 maluit,
347 868 392 895 ubi
416 873 491 895 certe
513 871 640 895 auctores
659 867 731 895 inter
754 875 785 895 se
817 869 1032 903 conspirabant;
1061 869 1106 896 ubi
1131 874 1221 896 autem
1245 868 1361 896 invicem
1385 869 1565 901 dissidebant,
1591 877 1647 896 rem
1668 869 1847 896 nihilominus

209 911 348 939 concinna
365 911 502 939 brevitate
514 911 680 944 edisseruit;
698 919 753 946 quo
769 911 899 939 videlicet
920 919 989 947 opus
1006 912 1163 940 concretius
1188 911 1273 945 fieret,
1290 916 1317 940 et
1333 920 1388 939 uno
1416 912 1499 939 veluti
1514 917 1628 940 auctore
1658 912 1843 947 progenitum.

208 955 294 990 Major
318 955 365 982 illa
388 954 516 990 Procopii
531 955 688 982 lucubratio
712 955 739 982 in
757 962 824 983 mss.
850 955 1024 984 bibliothecis
1054 961 1161 984 exstare
1183 956 1292 984 videtur
1316 956 1366 991 (l);
1399 956 1446 983 sed
1466 956 1560 983 Graece
1587 956 1675 983 lucem
1698 961 1771 983 certe
1791 964 1847 983 non

208 999 297 1026 vidit:
320 999 410 1026 minor
429 1003 518 1026 autent
547 1007 624 1034 atque
647 999 749 1026 inedita
768 999 796 1026 in
827 999 934 1028 duobus
955 999 1101 1034 pontificize
1127 1000 1298 1028 bibliotheca:
1317 1000 1458 1027 codicibus
1481 999 1547 1027 mihi
1568 1007 1599 1027 se
1631 999 1741 1033 obtulit,
1766 1003 1794 1026 et
1818 1000 1846 1026 in

208 1051 265 1070 uno
293 1043 375 1070 etiam
391 1043 564 1070 bibliothecae
588 1042 766 1070 Albaniorum
795 1042 830 1070 ab
852 1043 912 1077 ejus
928 1044 1059 1078 perdocto
1080 1043 1197 1078 praeside
1221 1044 1366 1071 observata
1385 1043 1483 1076 fuerat,
1500 1043 1549 1078 qui
1573 1047 1600 1070 et
1615 1043 1719 1071 codicis
1751 1050 1845 1075 usum,

208 1091 238 1113 nt
250 1094 313 1113 cum
329 1085 472 1113 Vaticanis
483 1086 649 1119 conferrem,
674 1086 742 1112 mihi
770 1087 919 1114 concessit.
939 1085 998 1114 Una
1033 1092 1124 1114 tamen
1149 1087 1233 1114 trium
1258 1087 1385 1114 codicum
1415 1087 1492 1123 origo
1511 1087 1582 1114 fuit:
1603 1094 1666 1114 nam
1694 1091 1721 1114 et
1747 1086 1847 1114 iisdem

208 1137 325 1164 prorsus
341 1130 449 1157 lacunis
474 1130 562 1162 hiant,
588 1133 615 1156 et
644 1130 740 1157 eodem
776 1129 829 1157 ﬁne
848 1130 1032 1164 clauduntur;
1062 1135 1090 1159 et
1106 1131 1161 1158 dno
1180 1131 1276 1158 saltem
1298 1131 1324 1158 in
1350 1131 1472 1159 minimis
1485 1131 1568 1158 etiam
1586 1131 1661 1157 vitiis
1675 1131 1846 1165 conspirant,

210 1173 362 1202 Vaticanus
387 1174 495 1202 scilicet
522 1174 627 1208 primus
641 1177 669 1201 et
687 1174 870 1207 Albanensis;
895 1181 959 1201 nam
988 1174 1150 1202 Vaticanum
1167 1175 1283 1201 alterum
1304 1174 1337 1202 ab
1361 1174 1488 1209 imperita
1513 1183 1595 1202 manu
1622 1174 1777 1202 confectum
1803 1173 1848 1200 vix

209 1225 433 1246 commemorem.
464 1216 497 1244 Et
518 1217 594 1244 illum
623 1217 734 1252 quidem
757 1218 910 1253 principem
927 1218 1026 1245 saeculo
1050 1226 1084 1245 xv
1101 1218 1235 1253 scriptum
1255 1218 1361 1252 judico,
1379 1218 1561 1246 Albanensem
1575 1224 1668 1246 autem
1682 1223 1707 1246 et
1729 1218 1847 1245 alterum

211 1259 376 1289 Vaticanum
393 1266 525 1297 sequente
540 1261 658 1295 sarculo;
674 1265 862 1289 verumtamen
882 1263 987 1296 primus
1008 1261 1156 1289 Vaticanus
1175 1270 1190 1289 e
1214 1266 1373 1297 pervetusto
1392 1262 1483 1296 aliquo
1508 1262 1659 1297 exemplari
1689 1262 1843 1296 exscriptus

211 1304 274 1338 fuit,
295 1305 397 1333 detrito
422 1306 479 1341 jam
496 1309 523 1333 et
539 1305 704 1341 quandoque
727 1305 831 1338 lacero,
857 1305 929 1340 quod
947 1314 1009 1333 cum
1042 1305 1101 1340 ipso
1125 1305 1251 1340 Procopii
1277 1306 1448 1341 autographo
1468 1305 1597 1333 collatum
1626 1305 1726 1336 fuerat,
1753 1308 1782 1332 ut
1806 1304 1850 1331 in-

211 1349 329 1384 scriptio
342 1349 460 1385 insignis
480 1353 599 1377 testatur
623 1349 649 1376 in
665 1350 742 1377 calce
755 1348 859 1377 codicis
871 1349 996 1384 Procopii
1017 1356 1029 1376 ll

1030 1349 1122 1377 lomini
1143 1349 1274 1385 adjecta:
1300 1349 1435 1386 Ἐξισώθη
1466 1349 1538 1377 κατὰ
1555 1349 1585 1376 τδ
1611 1349 1710 1376 ἑαυτοῦ
1740 1347 1848 1384 πρωτό-

210 1401 244 1419 TD
247 1402 307 1422 πον.

249 1439 328 1467 Nunc
343 1437 410 1466 illud
425 1438 554 1466 dubitare
574 1438 648 1470 licet,
674 1442 765 1465 utrum
789 1438 941 1473 Procopius
955 1438 1027 1465 hanc
1049 1446 1130 1473 quam
1147 1439 1280 1468 habemus
1300 1441 1327 1468 in
1346 1439 1474 1467 manibus
1500 1438 1722 1466 lucubrationem
1755 1438 1849 1466 absol-

213 1484 295 1516 verit,
312 1491 348 1510 an
365 1482 447 1510 taedio
475 1486 523 1509 aut
542 1482 636 1509 labore
659 1482 748 1509 victus
768 1482 930 1516 abruperit:
951 1489 1014 1508 nam
1032 1482 1059 1509 in
1075 1482 1208 1511 Romanis
1227 1484 1338 1519 quidem
1361 1483 1504 1512 codicibus
1526 1482 1599 1510 haud
1614 1483 1684 1510 ultra
1711 1482 1850 1510 Geneseos

215 1528 368 1564 capitulum
380 1533 448 1554 xvtn
462 1526 599 1562 procedit.
615 1525 706 1559 Quare
728 1529 854 1560 superest
866 1530 896 1552 ut
910 1525 1025 1552 aliarum
1040 1527 1280 1562 ,bibliothecarum
1305 1526 1427 1563 praefecti
1461 1526 1572 1554 codices
1598 1534 1665 1554 suos
1687 1525 1848 1560 inspiciam,

214 1577 242 1600 et
257 1573 329 1600 hanc
347 1572 428 1599 nobis
444 1571 643 1599 dubitationem
654 1571 783 1605 eripiant.
798 1569 908 1597 Interim
924 1577 989 1597 vero
1017 1570 1168 1599 Christiani
1186 1571 1307 1599 rhetoris
1326 1576 1408 1606 atque
1437 1571 1633 1602 hermeneuta’,
1652 1574 1732 1598 sexto
1746 1569 1850 1597 Christi

215 1617 317 1644 sarculo
332 1615 410 1648 clari,
428 1615 509 1650 cujus
522 1614 579 1650 jam
592 1614 620 1641 in
634 1619 732 1648 quarto
747 1613 886 1640 volumine
912 1613 972 1648 plus
1005 1619 1115 1642 centum
1133 1615 1265 1649 epistolas
1284 1615 1433 1650 divulgavi,
1457 1614 1606 1643 classicum
1627 1613 1739 1649 oppido,
1770 1613 1850 1640 lucu-

215 1660 333 1693 lentum,
348 1660 530 1692 uberrimum,
543 1663 571 1686 et
582 1659 687 1694 jamdiu
708 1662 867 1693 exoptatum
881 1658 914 1685 ad
930 1658 1060 1686 Genesim
1085 1659 1313 1686 commentarium
1336 1659 1452 1686 libenter
1478 1657 1627 1685 admodum
1660 1656 1848 1684 commoditati

216 1705 333 1739 publica:
345 1704 483 1732 exhibeo:
502 1703 583 1739 cujus
602 1702 713 1738 quidem
736 1703 832 1730 laudes
844 1702 993 1736 praedicare
1007 1702 1072 1736 quid
1089 1702 1213 1735 interest,
1236 1710 1298 1729 cum
1321 1710 1361 1730 ea:
1384 1701 1537 1737 legentibus
1572 1700 1694 1728 cordatis
1725 1703 1848 1735 pateant,

217 1748 322 1783 Ignaris
334 1754 426 1775 autem
442 1751 470 1775 et
485 1746 603 1782 illepidis
629 1754 683 1773 non
703 1745 909 1781 sum-agentur?
923 1745 1004 1772 Certe
1018 1745 1110 1779 operis
1130 1749 1321 1780 argumentum
1354 1748 1436 1780 atque
1451 1743 1579 1771 tractatio
1597 1743 1739 1778 permagni
1757 1743 1845 1770 inter-

216 1798 277 1824 est,
297 1792 331 1820 de
358 1792 454 1819 mundi
481 1796 580 1818 natura
604 1790 744 1822 videlicet,
770 1790 804 1817 de
829 1794 891 1816 ortu
906 1789 1025 1816 hominis
1045 1792 1128 1823 atque
1143 1789 1204 1824 ejus
1230 1786 1317 1816 libero
1336 1788 1462 1821 arbitrio,
1483 1787 1517 1815 de
1547 1787 1628 1821 culpa
1655 1786 1790 1821 principe,
1819 1786 1851 1813 de

217 1835 366 1863 homicidio
380 1835 481 1871 primo,
499 1835 533 1862 de
547 1834 651 1862 diluvio
665 1838 693 1861 et
706 1841 781 1866 arca,
797 1833 831 1861 de
847 1833 960 1860 humani
980 1832 1089 1867 generis
1117 1833 1288 1860 incremento
1311 1839 1342 1859 ac
1375 1831 1533 1859 diﬂ‘usione.
1551 1830 1694 1858 Accedunt
1721 1830 1852 1865 antiquo-

218 1888 279 1907 rum
297 1880 479 1915 interpretum
506 1883 589 1913 atque
614 1878 765 1906 editionum
795 1877 930 1904 lectiones
959 1876 1042 1903 variae
1057 1884 1090 1903 ex
1115 1875 1241 1912 Origenis
1259 1876 1389 1911 Hexaplis
1407 1883 1422 1902 a
1437 1873 1573 1909 Procopio
1598 1874 1664 1902 olim
1684 1873 1848 1908 desumpta,

218 1932 281 1960 qua:
293 1932 368 1952 nunc
389 1924 424 1952 ad
438 1924 534 1951 eadem
558 1922 681 1958 Hexapla
701 1923 773 1958 (qua:
788 1930 837 1957 pro
870 1921 974 1949 viribus
1003 1919 1225 1949 Montfauconius
1259 1918 1393 1955 restituit)
1419 1918 1588 1954 postliminio
1618 1917 1756 1945 redibunt.
1781 1917 1850 1944 Cum

219 1974 312 1996 autem
333 1972 390 1995 tota
408 1967 567 1995 lucubratio
601 1975 634 1994 ex
651 1966 828 2002 antiquorum
846 1966 957 1993 Patrum
977 1965 1088 1999 scriptis
1105 1968 1234 1998 congesta
1252 1963 1299 1995 sit,
1325 1962 1450 1998 profecto
1467 1962 1602 1989 habemus
1627 1961 1849 1988 hermeneutices

219 2019 308 2048 genus
322 2010 454 2043 solidum.
485 2010 694 2045 doctrinamque
717 2010 917 2043 authentieam,
941 2016 1024 2044 quam
1048 2015 1098 2044 ego
1112 2007 1221 2043 quidem
1245 2014 1301 2042 prae.
1322 2006 1464 2035 hodiernis
1487 2005 1581 2033 multis
1605 2004 1850 2040 grammaticorum

220 2055 339 2089 argutiis
357 2059 385 2083 et
401 2055 601 2090 philologorutn
618 2053 780 2082 commentis
795 2054 873 2089 sequi
889 2053 993 2080 malim.

257 2099 351 2135 Longe
372 2099 425 2125 alia
443 2099 514 2126 ratio
538 2102 580 2125 est
599 2097 790 2125 commentarii
812 2097 965 2132 imperfecti
988 2097 1016 2124 in
1036 2096 1181 2124 Canticum
1203 2095 1370 2129 Salomonis,
1385 2102 1466 2130 quem
1505 2094 1556 2122 sub
1581 2093 1705 2129 ejusdem
1723 2091 1849 2126 Procopii

220 2143 267 2170 vix
283 2143 368 2170 dubio
396 2142 507 2170 nomine
533 2149 567 2169 ex
590 2141 645 2168 alio
672 2141 767 2169 codice
790 2142 934 2169 eruimus:
961 2141 985 2168 is
1004 2141 1077 2169 enim
1097 2141 1131 2168 ob
1155 2140 1351 2168 declarandam
1374 2137 1566 2166 tantummodo
1592 2136 1740 2164 scribentis
1766 2136 1852 2170 pieta-

221 2193 278 2215 tem
295 2187 428 2222 scriptus,
454 2194 544 2222 neque
565 2185 648 2213 ullam
665 2186 826 2214 historicam
842 2194 897 2221 prae
913 2193 942 2213 se
963 2185 1016 2213 fert
1042 2184 1237 2221 eruditionem,
1257 2190 1345 2219 neque
1371 2183 1404 2210 ad
1420 2182 1513 2218 operis
1539 2181 1689 2217 superioris
1715 2185 1851 2216 praestan-

223 2231 291 2258 tiam
307 2238 424 2266 prorsus
436 2230 567 2265 assurgit.

263 2308 302 2344 (1)
317 2307 341 2335 ,1.
357 2307 389 2335 Δ.
406 2307 564 2336 Fabricius.
581 2307 631 2334 Bib
645 2306 692 2334 Gr.
710 2307 755 2334 ed.
770 2315 832 2334 nov.
854 2311 873 2333 t.
891 2305 948 2336 VII,
961 2314 986 2340 p.
1005 2305 1066 2333 565.
