2072 3157
216 200 249 234 19
871 196 1047 227 PROCOPII
1067 196 1188 226 GALEI
1807 191 1845 224 90

370 266 1831 290 Μ

561 359 1079 480 Paocoru
1131 387 1500 478 GAZfEI

887 562 1200 609 SOPHISTJE

664 687 743 750 IN
798 681 1396 748 OCTATEUCHUM

329 816 415 847 SIVE
435 816 600 847 PBIORES
618 814 712 846 OCTO
731 814 894 845 VETERES
912 811 1158 843 TESTAMENTI
1179 810 1316 842 LIBROS
1335 810 1514 847 ANTIQU/E
1540 809 1742 841 LECTIONIS

782 906 1284 965 COMMENTARII

943 1024 1008 1044 Μ]Νο
1028 1024 1127 1043 PRIMUM

473 1111 506 1130 IX
534 1109 719 1134 ικτιρυιδειιο
746 1107 838 1130 ΩΠΕΕΟ
855 1108 940 1131 ευρυε
954 1107 1131 1127 ΜΛΝΟΒΟΜΡΤΟ
1148 1107 1262 1128 CODICEM
1286 1109 1311 1128 IN
1336 1107 1452 1127 ιΑΤιΝυκ
1472 1107 1600 1127 (ζοΜΕςιθι

829 1191 914 1217 Claud.
930 1191 1085 1222 Thrasybulo
1103 1193 1251 1223 interprete.

583 1352 765 1383 JACOBUS
786 1352 1002 1384 GESNERUS
1034 1353 1294 1386 CHRISTIANO
1317 1353 1511 1386 LECTORI.

268 1435 430 1470 Quanquam
445 1439 472 1463 et
499 1439 594 1463 nostra
611 1436 690 1463 nobis
709 1435 879 1464 conscientia
897 1442 923 1465 et
936 1437 1029 1465 emissi
1050 1438 1076 1465 in
1095 1439 1183 1466 lucem
1200 1447 1232 1466 ex
1253 1441 1359 1468 ofﬁcina
1375 1443 1469 1467 nostra
1491 1438 1553 1466 libri
1575 1438 1761 1467 testimonium
1778 1439 1854 1467 locu-

234 1480 416 1516 pletissimum
439 1479 600 1515 perhibeant
617 1479 823 1515 typographicis
847 1480 890 1507 his
909 1479 1062 1513 laboribus,
1077 1489 1127 1509 nos
1142 1489 1197 1509 non
1217 1487 1271 1510 lam
1293 1487 1415 1511 nostram
1434 1489 1516 1518 quam
1541 1481 1701 1509 litterariam
1717 1481 1853 1517 publicam

233 1531 292 1550 rem
313 1527 438 1558 spectare
453 1523 633 1551 consuevisse
654 1532 660 1550 :
683 1530 715 1550 ac
731 1527 873 1558 propterea
897 1531 951 1550 non
968 1531 1080 1551 necesse
1098 1525 1213 1553 habeam
1238 1526 1366 1561 cuiquam
1389 1526 1431 1554 vel
1447 1529 1543 1553 nostra
1563 1525 1653 1553 studia
1667 1526 1794 1560 probare,
1811 1525 1854 1551 vel

233 1568 335 1594 librum
351 1567 425 1594 hunc
444 1567 552 1602 magnis
564 1567 692 1594 laudibus
709 1567 808 1594 vehere
822 1576 827 1593 :
845 1567 893 1594 sed
909 1567 1019 1594 credam
1033 1568 1122 1602 potius
1134 1569 1198 1596 vino
1215 1569 1346 1597 vendibiii
1357 1576 1495 1604 suspensa
1511 1569 1612 1596 hedera
1629 1576 1698 1603 opus
1709 1575 1762 1595 non
1780 1575 1854 1600 esse,

234 1615 325 1639 tamen
345 1616 374 1638 ut
392 1611 541 1647 intelligas,
557 1611 680 1639 studiose
701 1611 797 1642 lector.
809 1615 918 1646 quanta:
931 1619 964 1638 cx
981 1611 1033 1639 hoc
1044 1612 1116 1638 libro
1132 1612 1278 1648 diligenter
1289 1612 1361 1640 lecto
1379 1612 1515 1640 utilitates
1529 1611 1632 1647 percipi
1651 1615 1764 1646 queam,
1780 1611 1853 1646 quod

233 1655 323 1682 solent
338 1655 383 1682 alii
398 1655 488 1682 facere
503 1655 678 1690 typographi.
694 1655 823 1690 quodque
840 1663 902 1682 cum
921 1655 988 1682 mihi
1005 1659 1063 1681 tum
1079 1655 1196 1683 Andreae
1212 1655 1289 1683 fratri
1307 1656 1380 1684 facto
1399 1663 1468 1690 opus
1491 1663 1553 1683 esse
1567 1655 1724 1686 videbatur,
1745 1653 1848 1686 aliquid

233 1698 268 1726 de
278 1699 413 1733 Procopio
428 1702 510 1733 atque
525 1699 606 1726 etiam
624 1698 674 1725 hoc
694 1699 755 1733 ejus
773 1698 974 1726 Commentario
995 1698 1141 1733 praefahor.
1158 1699 1197 1726 Ac
1212 1700 1244 1727 de
1271 1700 1332 1735 ipso
1357 1699 1468 1735 quidem
1490 1698 1637 1733 Procopio,
1654 1698 1786 1733 quoniam
1802 1705 1854 1724 nec

233 1742 360 1770 Photium
374 1743 569 1778 patriarcham,
587 1743 633 1777 qui
658 1750 720 1770 cum
742 1742 776 1770 de
793 1750 826 1770 eo
843 1743 903 1777 ipso
918 1746 976 1770 tum
994 1743 1027 1770 de
1045 1743 1119 1770 omni
1138 1743 1306 1778 scriptorum
1324 1751 1423 1778 genere
1440 1743 1550 1770 duobus
1565 1743 1644 1770 libris
1670 1741 1764 1769 Grmce
1788 1741 1856 1768 scri-

234 1788 302 1822 psit,
321 1788 348 1814 in
375 1792 501 1822 promptu
517 1786 604 1814 habeo
620 1796 625 1813 :
644 1794 694 1814 nec
713 1786 898 1821 praedicandis
924 1786 993 1814 tanti
1010 1787 1060 1813 viri
1083 1786 1210 1814 laudibus
1229 1787 1288 1821 ipse
1309 1787 1427 1820 sufﬁcio,
1445 1794 1534 1822 pauca
1554 1794 1667 1822 possunt
1684 1786 1785 1812 dicere.
1803 1784 1856 1812 Sed

236 1831 380 1865 quoniam,
396 1833 427 1857 ut
443 1829 536 1857 Ovidii
553 1830 644 1857 verbis
660 1833 730 1861 utar,
744 1829 912 1857 conveniunt
926 1829 991 1857 fatis
1003 1829 1115 1856 nomina
1128 1837 1200 1864 saepe
1216 1831 1275 1858 suis
1290 1839 1297 1857 ε
1314 1831 1377 1866 quis
1392 1831 1445 1858 sibi
1458 1838 1512 1858 non
1528 1831 1611 1861 ausit,
1624 1829 1665 1857 vel
1683 1829 1776 1856 audito
1791 1828 1858 1855 Pro-

235 1875 308 1909 copii
327 1874 448 1907 nomine,
467 1873 590 1909 μεγάλην
607 1873 760 1909 προκοπήν,
777 1873 831 1900 hoc
846 1877 888 1900 est
905 1873 1029 1908 ingentes
1045 1881 1209 1908 progressus
1225 1875 1359 1909 polliceri,
1378 1875 1400 1902 si
1414 1875 1525 1910 quidem
1543 1874 1627 1902 hosce
1641 1873 1702 1908 ejus
1715 1873 1742 1900 in
1755 1872 1857 1900 Mosem

237 1923 321 1952 atque
349 1918 376 1944 in
403 1925 512 1945 sacram
535 1917 684 1944 Historiam
712 1917 928 1944 commentarios
953 1921 1080 1944 accurate
1096 1917 1259 1952 perlegerit?
1283 1917 1350 1950 Quis
1376 1917 1478 1945 Gazam
1503 1918 1618 1953 patriam
1639 1917 1753 1944 audiens
1769 1935 1777 1949 ,
1797 1923 1858 1950 qua

236 1961 346 1994 civitas,
367 1961 436 1994 sive,
452 1960 486 1987 de
502 1968 557 1995 quo
581 1960 662 1988 divus
682 1959 863 1996 Hieronymus
883 1960 1029 1994 dubitavit,
1046 1965 1126 1988 vetus
1145 1960 1191 1987 illa
1211 1961 1263 1988 fuit
1278 1961 1306 1988 in
1326 1969 1406 1996 quam
1422 1961 1493 1988 bello
1513 1966 1608 1988 contra
1629 1960 1776 1996 Egyptum
1798 1967 1860 1987 sus-

239 2009 322 2039 cepto
336 2011 351 2031 a
367 2003 502 2039 Cambyse
519 2003 663 2031 Persarum
683 2012 745 2039 rege
758 2012 824 2039 opes
846 2004 929 2039 regiae
940 2008 1118 2039 comportatte
1130 2003 1270 2032 Persicum
1292 2005 1345 2032 hoc
1358 2012 1458 2032 nomen
1475 2005 1536 2032 urbi
1557 2004 1683 2032 indidere
1701 2013 1708 2031 :
1729 2004 1787 2031 sive
1801 2003 1860 2030 hmc

239 2048 300 2083 ipsa
318 2047 369 2074 fuit
386 2055 468 2082 quam
489 2050 598 2074 constat
613 2048 695 2074 etiam
718 2052 874 2082 expugnata
889 2046 982 2074 Iudaea
1001 2046 1137 2075 celebrem
1167 2052 1194 2076 et
1211 2047 1357 2076 fecundam
1371 2048 1486 2076 Christo
1513 2048 1599 2075 fuisse
1615 2057 1622 2074 :
1642 2055 1695 2074 non
1723 2046 1860 2081 intelligat

236 2098 396 2126 sane-quam
415 2092 575 2126 praeclaram
592 2091 721 2126 utrinque
739 2090 870 2126 aﬂulgere
888 2091 983 2118 divitis
994 2091 1117 2118 thesauri
1129 2098 1205 2126 spem
1217 2095 1243 2119 et
1259 2092 1515 2127 exspectationem?
1530 2092 1563 2119 Et
1580 2091 1643 2118 vita:
1657 2091 1730 2126 quod
1747 2095 1861 2118 secutus

236 2139 279 2162 est
292 2143 379 2170 genus
391 2135 474 2162 etiam
488 2135 577 2169 ipsum
591 2138 754 2169 argumento
765 2138 808 2161 est
821 2134 985 2169 Procopium
1007 2134 1092 2166 hunc,
1108 2142 1163 2162 non
1183 2135 1265 2163 modo
1286 2135 1434 2163 multarum
1454 2140 1482 2162 et
1501 2135 1639 2162 variarum
1657 2143 1749 2162 rerum
1765 2134 1860 2169 cogni-

238 2180 352 2211 tionem,
367 2186 460 2206 verum
473 2179 557 2206 etiam
575 2186 713 2206 summam
729 2178 758 2205 in
773 2178 938 2213 exponendo
952 2177 1112 2206 facultatem
1124 2182 1151 2206 et
1163 2178 1323 2207 felicitatem
1338 2179 1391 2207 sibi
1405 2186 1568 2215 comparare
1581 2179 1716 2214 potuisse.
1726 2178 1862 2212 Sophistae

238 2224 311 2250 enim
327 2223 355 2250 in
370 2222 474 2251 Cra-cia
491 2223 628 2258 quondam
653 2222 860 2258 appellabantur
877 2223 904 2249 hi
925 2223 971 2257 qui
992 2222 1073 2251 ludos
1088 2223 1260 2258 aperiebant,
1284 2223 1312 2250 in
1328 2223 1430 2258 quibus
1447 2223 1488 2251 sic
1511 2222 1699 2258 philosophari
1724 2222 1860 2253 solebant,

241 2274 272 2293 ut
290 2267 432 2301 sapientiae
448 2267 549 2300 pariter
563 2271 645 2301 atque
657 2267 820 2301 eloquentia:
840 2266 976 2301 principia
989 2266 1123 2294 docerent
1137 2275 1145 2294 :
1164 2267 1261 2301 quales
1277 2266 1390 2294 fuerunt
1413 2267 1560 2298 Isocrates,
1575 2267 1679 2300 Theon,
1697 2265 1861 2300 Aphtonius,

241 2311 436 2345 Hermogenes.
453 2310 595 2342 Libanius,
611 2310 806 2342 Philostratus,
821 2315 848 2338 et
865 2311 911 2338 alii
929 2311 1082 2342 innumeri.
1093 2311 1140 2346 qui
1157 2311 1211 2338 sibi
1224 2310 1347 2339 creditos
1373 2310 1563 2338 adolescentes
1577 2318 1639 2337 cuin
1662 2309 1788 2337 doctrina
1805 2314 1862 2336 tum

241 2356 343 2389 pietate
356 2354 523 2380 imbuerant.
539 2352 598 2385 Quo
622 2353 745 2387 profecto
767 2355 858 2381 studio
875 2354 928 2381 hoc
951 2355 1094 2383 consecuti
1116 2360 1191 2387 sunt,
1209 2359 1239 2382 ut
1257 2355 1293 2382 ob
1310 2354 1456 2390 praebitum
1475 2354 1534 2382 suis
1552 2354 1727 2381 auditoribus
1741 2352 1863 2380 salubris

240 2397 413 2424 educationis
436 2396 567 2426 ndicium.
583 2397 711 2424 omnibus
734 2397 892 2424 hominibus
908 2399 935 2424 in
963 2398 1114 2433 primisque
1132 2399 1303 2433 principibus
1321 2397 1506 2432 undequaque
1531 2397 1600 2424 viris
1625 2396 1772 2423 venerandi
1786 2395 1863 2431 juxta

240 2449 273 2468 ac
288 2441 364 2468 chari
382 2440 472 2467 forent
488 2449 495 2468 :
515 2440 645 2475 deinceps
657 2444 683 2467 et
709 2441 851 2475 sapientiae
866 2441 978 2468 nomine
997 2442 1112 2469 Inuitum
1131 2441 1298 2468 auctoritate
1313 2441 1437 2469 valerent
1457 2441 1529 2476 apud
1548 2439 1744 2475 philosophos,
1760 2442 1787 2466 et
1805 2439 1864 2466 elo-

241 2485 360 2520 quentize
375 2483 482 2511 laudem
496 2484 567 2519 apud
590 2488 714 2511 oratores
736 2484 902 2511 obtinerent.
924 2484 1111 2517 Quamobrem
1130 2493 1226 2512 eorum
1252 2485 1386 2513 orationis
1404 2493 1491 2520 genus
1512 2485 1539 2512 in
1565 2484 1685 2512 Oratore
1695 2491 1747 2511 suo
1767 2482 1865 2510 Cicero

241 2529 342 2555 mirum
357 2528 383 2554 in
409 2527 519 2554 modum
536 2527 639 2559 laudat,
656 2535 687 2554 ac
702 2527 771 2554 dicit
794 2535 855 2555 esse
871 2528 962 2560 dulce.
981 2529 1115 2562 solutum,
1132 2529 1255 2562 efﬂuens,
1274 2529 1422 2557 sententiis
1438 2533 1579 2565 argutum,
1593 2528 1686 2556 verbis
1710 2535 1822 2560 sonans,
1837 2530 1865 2554 et

242 2577 331 2600 totum
345 2571 481 2606 epidictici
497 2571 615 2606 generis,
634 2571 706 2605 quod
724 2571 777 2598 sibi
789 2571 916 2599 videatur
932 2573 1074 2607 proprium
1093 2573 1279 2608 sophistarum
1298 2581 1371 2601 esse.
1388 2572 1453 2606 Quae
1467 2580 1530 2600 cum
1549 2573 1586 2600 ita
1604 2572 1671 2604 sint,
1686 2572 1769 2600 etiam
1790 2571 1864 2598 hunc

243 2616 393 2651 sophistam
418 2620 545 2642 nostrum
569 2619 596 2642 et
621 2622 712 2642 rerum
730 2615 762 2642 ad
781 2615 890 2644 divinas
915 2624 959 2644 res
974 2617 1165 2652 percipiendas
1179 2617 1238 2644 utili
1257 2618 1417 2652 cognitione
1443 2616 1599 2651 praeditum,
1628 2620 1655 2643 et
1671 2615 1700 2642 in
1719 2615 1776 2648 illo,
1790 2613 1864 2649 quod

242 2667 383 2688 sacrarum
397 2659 562 2686 Litterarum
579 2659 737 2686 tractationi
755 2659 781 2686 in
798 2660 894 2694 primis
905 2664 947 2688 est
963 2661 1210 2694 accommodatum,
1226 2661 1388 2696 ὲκφράσεως
1404 2661 1461 2688 sive
1478 2660 1568 2688 tenuis
1590 2664 1617 2687 et
1633 2659 1744 2687 subtilis
1756 2657 1866 2694 exposi-

242 2705 326 2733 tionis
343 2711 442 2740 genere
462 2703 530 2731 bene
543 2706 682 2730 versatum
696 2702 786 2731 fuisse
803 2711 917 2732 necesse
934 2709 985 2732 est.
1006 2704 1121 2732 Tantam
1135 2712 1200 2732 vero
1217 2704 1372 2732 doctrinam
1390 2709 1417 2732 et
1440 2703 1627 2739 eloquentiam
1645 2702 1679 2730 ad
1702 2702 1867 2730 Christiana:

241 2748 423 2784 philosophiae
433 2748 626 2775 tractationem
639 2747 766 2775 attulisse
779 2748 875 2782 quanti
891 2747 1002 2781 referat,
1018 2749 1146 2783 quoniam
1165 2748 1316 2784 Gregorius
1335 2747 1537 2780 Nazianzenus,
1548 2747 1775 2782 Chrysostomus,
1791 2746 1868 2773 Basi-

243 2795 306 2827 lins,
325 2793 446 2828 itemque
468 2800 501 2819 ex
519 2791 624 2819 Latinis
639 2792 822 2827 Augustinus.
853 2792 1054 2828 Hieronymus,
1081 2792 1254 2826 Lactantius,
1282 2793 1385 2827 aliique
1413 2792 1505 2826 magni
1533 2792 1560 2818 in
1585 2791 1707 2818 Ecclesia
1733 2791 1783 2817 viri
1807 2790 1867 2817 suis

241 2837 375 2872 exemplis
397 2836 448 2871 ipsi
460 2836 599 2871 ;prohant,
617 2844 671 2863 non
689 2844 759 2871 opus
775 2840 817 2864 est
834 2844 878 2863 me
895 2836 972 2871 plura
994 2837 1096 2864 dicere.
1113 2836 1248 2864 Caeterum
1270 2840 1300 2863 ut
1322 2837 1428 2863 leonem
1445 2843 1476 2863 ex
1501 2835 1639 2870 unguibus
1652 2834 1781 2866 aestimes,
1797 2841 1868 2868 opus

243 2880 335 2916 ipsum
354 2880 461 2916 inspice
475 2884 503 2908 et
520 2880 665 2907 considera
680 2889 687 2906 :
702 2885 728 2908 et
742 2880 880 2914 intelliges
899 2879 1000 2908 factam
1018 2888 1079 2908 esse
1097 2881 1145 2908 tibi
1169 2888 1245 2916 spem
1267 2881 1380 2907 minime
1395 2887 1493 2907 vanam
1517 2880 1688 2914 minimeque
1701 2878 1823 2905 dubiam.
1839 2878 1866 2904 In

247 2931 314 2959 quo,
330 2925 354 2953 si
379 2931 449 2960 quas
464 2931 518 2958 res,
533 2924 680 2959 quomodo,
698 2924 800 2959 quibus
813 2924 902 2950 verbis
925 2930 1043 2960 exponat
1061 2924 1220 2952 consideres
1239 2933 1246 2950 :
1265 2925 1389 2960 proiecto
1406 2929 1431 2951 et
1449 2923 1480 2951 ad
1506 2923 1643 2958 publicam
1664 2922 1821 2954 utilitatem,
1839 2925 1867 2948 et
