2072 3157
181 172 214 204 ει
751 172 1021 203 COMMENTARlI
1044 172 1083 202 IN
1097 173 1280 204 GENESIM.
1784 171 1821 205 22

183 228 394 257 delectationem
412 229 585 264 singulorum
603 228 675 256 facta
689 229 858 257 videbuntur
875 229 979 256 omnia.
993 227 1047 257 Ea's
1062 230 1134 257 enim
1148 238 1192 257 res
1208 229 1287 257 aﬂ‘ert
1309 237 1379 264 quas
1395 237 1450 257 non
1469 229 1572 263 passim
1589 229 1693 258 habeas
1709 230 1819 264 obvias,

184 273 233 301 sed
249 281 320 309 quas
333 273 394 309 ipse
405 281 438 301 ex
453 274 554 309 priscis
570 274 660 309 iisque
678 274 827 309 praecipuis
844 274 992 309 theologis,
1005 278 1033 300 ut
1047 273 1224 309 Symmacho,
1237 273 1438 306 Theodotione,
1453 273 1569 309 Aquila.
1583 277 1611 301 et
1626 273 1687 301 aliis
1702 281 1821 308 quorum

184 324 238 344 non
259 317 378 353 amplius
393 321 504 346 exstant
519 325 615 353 opera,
632 317 813 353 depromptas
837 317 931 345 habet.
949 317 1010 344 Jam
1027 317 1050 345 si
1073 317 1155 344 laude
1172 317 1249 352 digni
1265 320 1340 349 sunt,
1357 321 1385 344 et
1406 316 1490 345 utiles
1517 317 1591 345 lectu
1614 316 1688 350 libri.
1701 317 1749 352 qui
1777 324 1822 345 res

183 369 218 388 ex
233 361 268 389 iis
282 368 352 396 quos
367 361 436 390 alias
452 362 480 388 in
498 366 627 397 promptu
654 362 788 389 habemus
804 362 990 397 scriptoribus
1010 361 1143 389 collectas
1156 365 1183 388 ct
1199 368 1249 388 suo
1263 361 1325 388 loco
1345 360 1477 388 adductas
1491 360 1615 388 habent:
1632 365 1739 395 quanto
1764 367 1823 387 ma-

181 404 246 439 jore
262 404 344 432 laude
358 405 443 441 digna
461 405 546 433 fuerit
561 410 589 434 et
605 406 700 434 utilior
711 406 881 440 lucubratio,
898 406 925 433 in
940 413 994 440 qua
1010 411 1061 432 ceu
1083 411 1149 439 gaza
1173 402 1283 431 Persica
1299 403 1447 431 thesaurus
1465 404 1561 438 ingens
1578 403 1677 438 priscae
1695 403 1823 431 lectionis

183 454 212 476 et
226 448 405 484 antiquitatis
420 450 597 477 ostenditur?
617 450 671 478 Sed
687 454 713 477 et
731 458 792 477 eam
808 450 836 477 in
852 449 1016 485 exponendo
1036 449 1172 475 rationem
1192 451 1296 480 servat,
1311 452 1341 474 ut
1357 448 1427 475 citra
1445 447 1589 475 fastidium
1602 447 1738 482 quidquid
1753 446 1824 475 scitu

183 492 303 528 dignum
328 497 373 520 est
397 493 528 529 cognosci
551 497 634 529 queat
651 502 658 527 ;
675 493 787 529 quando
809 494 838 521 in
859 494 992 530 gravibus
1011 497 1040 521 et
1063 493 1154 527 magni
1180 492 1313 520 momenti
1341 491 1542 527 quaestionibus
1562 491 1693 526 copiosus
1718 495 1771 525 est,
1795 491 1824 519 in

184 536 276 570 planis
291 540 318 564 et
342 536 470 565 facilibus
491 537 594 570 brevis,
609 537 637 564 in
655 537 691 566 iis
705 545 766 573 quae
782 537 859 573 prius
875 542 970 565 essent
988 537 1060 565 dicta
1082 537 1151 565 adeo
1166 536 1305 569 succisus,
1323 540 1354 564 ut
1375 536 1445 564 nibil
1461 536 1572 563 omnino
1595 536 1639 564 bis
1651 535 1757 564 dixisse
1780 536 1823 563 vi-

185 581 297 608 deatur.
311 580 389 614 Quod
405 582 448 608 vel
475 590 509 609 ex
521 589 555 609 eo
571 583 632 617 ipso
661 582 838 617 perspicuum
866 586 921 616 est,
941 581 1015 617 quod
1041 581 1069 608 in
1084 580 1192 616 priores
1215 580 1302 608 libros
1328 580 1415 608 multo
1440 588 1523 615 quam
1550 580 1578 607 in
1598 579 1770 615 posteriores
1788 580 1825 607 sit

186 625 299 660 longior
316 625 466 660 expositio.
484 626 519 652 At
535 629 592 653 toto
608 626 661 653 hoc
684 626 756 654 libro
769 633 868 662 puram
885 630 913 654 et
928 625 1113 653 inall‘ectatam
1127 624 1239 652 dicendi
1259 623 1374 651 formam
1391 627 1494 655 servat,
1512 631 1629 658 eamque
1653 628 1679 650 et
1694 631 1824 651 sermone

186 668 315 704 populari
328 669 486 702 tersiorem,
500 674 528 697 et
545 669 657 698 sublimi
669 670 803 705 gravitate
817 670 904 697 multo
920 669 1139 698 submissiorem.
1154 668 1242 701 Quam
1255 667 1338 696 etiam
1355 667 1492 702 interpres
1511 675 1621 702 quoquo
1635 667 1717 694 modo
1735 667 1825 702 potuit

189 713 318 741 imitatus
331 717 385 746 est,
399 721 498 748 nempe
521 718 552 741 ut
572 714 606 742 ad
629 714 755 742 Graecum
779 715 935 749 exemplum
951 713 1048 741 Latina
1067 712 1213 740 translatio
1228 719 1311 746 quam
1338 711 1466 747 proxime
1483 711 1638 739 accederet.
1659 710 1698 738 Ex
1722 711 1824 746 quibus

187 756 320 784 omnibus
348 757 500 792 multisque
524 757 551 785 in
569 757 695 785 eamdem
716 757 882 786 sententiam
906 758 968 785 aliis
987 764 1048 792 quae
1076 756 1203 784 studiose
1231 760 1378 790 praetereo,
1392 755 1512 790 perspici
1536 758 1638 791 potest,
1664 762 1716 782 nos
1741 753 1824 788 hujus

190 799 315 828 editione
333 800 397 828 libri
425 800 541 836 perinde
564 801 681 836 publicae
698 805 781 836 atque
805 805 908 829 nostrae
924 801 1036 828 utilitati
1061 800 1213 832 studuisse.
1237 800 1349 835 haecque
1371 803 1419 827 tua
1446 799 1545 835 magis,
1576 807 1592 826 ο
1612 799 1710 828 lector,
1741 806 1824 833 quam

187 847 285 871 nostra
299 851 384 872 causa
400 845 498 879 paucis
513 845 620 880 onerari
636 846 766 874 voluisse.
782 845 860 878 Vale.
880 849 908 873 et
919 853 989 880 quos
1008 845 1101 872 animo
1116 845 1235 880 benigno
1252 844 1414 879 liberalique
1431 843 1542 878 damus,
1560 849 1589 870 tu
1605 848 1684 879 grata
1698 847 1725 870 et
1742 843 1823 870 ollicii

190 887 260 958 hanc
276 896 399 917 uicinore
424 893 516 918 mente
538 891 635 927 accipe
659 890 757 918 doctos
772 893 797 917 et
826 890 914 917 bonos
931 888 1059 925 Procopii
1072 888 1305 917 Commentarios.
1320 890 1435 922 lterum,
1454 889 1530 917 Vale.
1560 888 1636 916 Data:
1661 895 1775 922 propere
1790 894 1824 914 ex

190 938 205 958 υ
235 938 299 958 Cilla
316 937 423 958 nostra.

187 937 259 958 011101
265 938 299 958 ua
316 937 423 960 nostra.

191 1025 1815 1046 mw

529 1109 1057 1178 ΠΡΟΚΟΠΙΟΥ
1114 1108 1482 1177 ΓΑΖΑΙΟΥ

805 1224 1017 1252 ΧΡΙΣΤΙΔΝΟΥ
1039 1224 1208 1264 ΣῼΦΙΣΤΟΥ

431 1309 553 1367 ΕΙΣ
588 1309 749 1366 ΤΗΝ
797 1308 1122 1366 ΓΕΝΕΣΙΝ
1165 1307 1582 1367 ΕΡΜΗΝΕΙΑ.

564 1503 1050 1583 PROCOPII
1109 1502 1450 1581 GAZZEI

779 1640 974 1671 SOPHISTAE
1011 1639 1237 1671 CHRISTIANI

458 1728 1019 1796 COMMENTARII
1072 1729 1152 1792 IN
1210 1728 1559 1793 GENESIM

473 1924 664 1951 IlPOOlMION
678 1925 701 1952 '.

1331 1919 1526 1948 PROLOGUS.

228 1970 301 2006 Ἤδη
316 1969 367 2006 μὶν
377 1969 568 2004 καὶπρότερον
584 1969 653 1997 Θεοῦ
667 1970 698 1997 τὸ
713 1969 843 1998 δύνασθαι
860 1970 983 2006 χορηγή-

191 2026 302 2050 σαντος,
322 2016 372 2049 τὰς
403 2016 647 2052 κατασεὸλημένας
664 2017 697 2043 ἐκ
710 2016 766 2043 τῶν
790 2015 919 2052 Πατέρων
931 2016 985 2048 iul.

190 2064 248 2090 τῶν
263 2063 352 2090 ἄλλων
373 2062 414 2093 εἰς
434 2061 485 2098 τὴν
507 2062 687 2097 Ὁκτάτευχον
709 2062 853 2097 ἐξηγήσεις
875 2061 986 2088 συνελε-

192 2107 311 2144 ξάμεθα,
326 2106 357 2140 ἐξ
379 2107 583 2142 ὑπομνημάτων
597 2107 645 2134 καὶ
661 2107 798 2142 διαφόρων
813 2107 901 2142 λόγων
920 2106 985 2134 ταύ-

191 2162 243 2185 τας
261 2151 464 2189 ὲρανισάμενοι.
486 2151 557 2179 Ἀλλ’
579 2152 642 2179 ἐπεὶ
654 2152 704 2184 τὰς
721 2152 816 2188 ῥήσεις
832 2152 919 2184 αὑτὰς
930 2153 986 2179 τῶν

191 2198 350 2235 ἐπιθεμένων
374 2196 513 2229 αὐτολεξεὶ
526 2203 540 2217 ι
552 2216 560 2229 ,
584 2197 748 2233 ὲξεθέμεθα,
764 2197 820 2224 εἴτε
844 2197 987 2233 σύμφωνοι

192 2244 264 2281 πρὸς
280 2243 401 2280 ἀλλήλας
421 2243 571 2279 ἐτύγχανον
583 2263 592 2276 ,
616 2243 670 2271 εῐτε
690 2244 737 2271 καὶ
765 2244 802 2279 μὴ
821 2263 829 2276 ,
855 2243 986 2279 καὶπρὸς

192 2291 298 2327 πλῆθος
318 2291 433 2326 ἄπειρον
450 2291 516 2326 ἡμῖν
539 2290 665 2318 ἐντεῦθεν
683 2290 715 2317 τδ
732 2290 902 2326 σύγγραμμα
916 2298 987 2325 παρ-

191 2336 323 2369 ιτείνετο,
336 2335 456 2362 συνεῖδον
469 2335 517 2362 νῦν
528 2335 598 2370 πρὸς
612 2335 711 2370 μέτρον
720 2333 850 2366 εὐσταλὲς
866 2334 986 2362 συνελεῖν

192 2383 244 2419 τῆν
255 2382 375 2418 γραφήν.
398 2381 592 2416 Ἐπειγόμενος
609 2381 634 2407 ει
650 2380 700 2416 μέν
713 2389 739 2407 τι
754 2379 899 2415 σύμφωνον
912 2379 986 2407 ἃπα-

195 2437 239 2456 σιν
252 2428 370 2464 εἴρηται,
382 2426 462 2454 τοῦτο
479 2426 627 2462 προσάπαξ
644 2426 733 2453 εἰπεῖν
743 2435 750 2442 ·
766 2427 790 2453 εἰ
808 2426 837 2452 δέ
850 2434 877 2452 τι
891 2425 986 2460 διάφο-

195 2481 254 2509 ρον,
266 2473 314 2500 καὶ
327 2471 406 2498 τοῦτο
426 2471 567 2507 συντόμως
586 2471 715 2499 ἐκθέσθαι
727 2472 796 2507 πρδς
811 2471 841 2498 τὸ
854 2471 899 2498 διὰ
918 2471 987 2498 πάν-

194 2528 249 2546 των
260 2518 290 2546 ἓν
303 2517 433 2553 γενέσθαι
455 2517 536 2552 σῶμα
550 2518 600 2554 τῆς
612 2519 733 2555 γραφῆς,
749 2518 786 2549 ὼς
799 2518 858 2549 ἑνὸς
877 2517 924 2544 καὶ
937 2517 986 2551 μό-

194 2573 241 2593 νου
257 2565 308 2596 τὰς
323 2563 452 2592 ἁπάντων
464 2564 529 2600 ἡμῖν
548 2564 697 2600 ἐκθεμένου
713 2564 814 2600 φωνάς.
831 2562 987 2598 Προσθήσο-

1072 1968 1094 2003 ι
1111 1968 1197 1996 Antea
1213 1967 1335 2003 quidem,
1349 1967 1404 1994 Deo
1424 1967 1521 2001 emptis
1540 1964 1656 2000 benigne
1672 1965 1824 2000 aspirante,

1035 2014 1252 2049 conscripsimus
1266 2012 1466 2041 Enarrationcs
1483 2012 1510 2038 in
1524 2010 1737 2042 Octateuchum,
1756 2019 1826 2046 quas

1035 2069 1069 2089 ex
1083 2061 1212 2088 Patribus
1227 2059 1401 2091 orthodoxis,
1426 2059 1543 2093 aliisque
1568 2058 1751 2092 scriptoribus
1766 2065 1826 2084 ma»

1036 2113 1088 2140 gna
1100 2105 1241 2141 diligentia
1256 2105 1504 2139 comportavimus,
1519 2103 1605 2130 secuti
1629 2101 1706 2129 varia
1728 2109 1826 2128 monu-

1037 2152 1128 2176 menta
1161 2153 1188 2176 et
1212 2148 1340 2176 homilias
1366 2147 1475 2182 piorum
1506 2147 1661 2174 hominum.
1690 2145 1825 2173 Caeterum

1036 2201 1098 2221 cum
1125 2193 1295 2227 singulorum
1318 2193 1469 2220 sententias
1484 2211 1492 2224 ,
1516 2191 1584 2218 nihil
1606 2191 1688 2218 etiam
1715 2191 1828 2217 mutatis

1035 2239 1127 2267 verbis
1147 2246 1245 2274 parum
1265 2243 1405 2271 curantes,
1427 2238 1486 2265 sive
1508 2238 1580 2265 inter
1597 2244 1628 2264 se
1645 2236 1828 2264 dissentirent

1035 2285 1079 2313 vel
1097 2284 1300 2317 consentirent,
1321 2284 1369 2313 illo
1385 2284 1412 2312 in
1429 2291 1512 2319 opere
1534 2283 1628 2319 lectori
1647 2283 1828 2318 proposueri-

1037 2339 1109 2365 mus,
1129 2335 1157 2359 et
1178 2331 1278 2359 exinde
1302 2331 1428 2359 volumen
1455 2317 1637 2358 nostrum‘in
1663 2330 1829 2357 immensum

1037 2378 1165 2411 creverit,
1191 2385 1281 2413 operae
1304 2378 1422 2413 pretium
1438 2377 1504 2405 duxi
1521 2376 1582 2413 ejus
1605 2376 1754 2404 voluminis
1769 2383 1829 2403 ma-

1037 2425 1207 2461 gnitudinem
1223 2424 1365 2460 paululum
1381 2424 1544 2451 diminuere.
1562 2422 1641 2456 Quod
1659 2426 1688 2449 ut
1705 2429 1829 2449 commo-

1037 2471 1101 2499 dius
1123 2470 1181 2502 ﬁal,
1203 2470 1286 2497 statui
1302 2470 1360 2502 illa,
1380 2469 1407 2497 in
1430 2469 1532 2504 quibus
1548 2467 1716 2495 unanimiter
1729 2474 1830 2494 conve-

1037 2517 1120 2544 niunt
1145 2521 1284 2549 auctores,
1305 2515 1391 2544 semel
1411 2514 1509 2543 'dicere
1524 2524 1530 2542 :
1546 2513 1634 2542 sicubi
1654 2520 1721 2540 vero
1744 2512 1829 2540 dissi-

1038 2563 1116 2595 dent,
1138 2567 1166 2590 ut
1196 2567 1225 2590 et
1245 2570 1277 2590 ca
1300 2563 1478 2590 innotescant
1505 2560 1614 2593 lectori,
1638 2559 1748 2587 decrevi
1775 2559 1827 2587 ista

195 2619 246 2645 μεν
255 2610 285 2638 δέ
298 2619 326 2638 τι
340 2611 387 2638 καὶ
403 2609 503 2643 ἔξωθεν
517 2611 557 2643 εις
572 2611 749 2646 τρανωτέραν
762 2610 820 2637 ἐσθ’
835 2610 880 2637 ὅτε
893 2609 985 2644 παρά-

1038 2609 1178 2644 explicare
1199 2616 1282 2644 quam
1303 2607 1491 2644 paucissimis.
1511 2607 1598 2643 Cupio
1615 2606 1688 2634 enim
1705 2605 1829 2633 omnium

832 2703 947 2732 ΥΑιιΙιΕ
967 2701 1173 2730 LECTIONES.

249 2753 265 2768 ³
277 2747 346 2776 Cod.
356 2749 522 2782 ὲπιλέξεται.

932 2822 1049 2851 NOTAE.

233 2881 392 2917 ('H‘extum
405 2883 530 2912 Graecum
548 2890 580 2911 ex
592 2882 653 2911 cod.
672 2882 732 2911 Vat.
749 2881 835 2911 edidit
847 2881 914 2916 Ang.
931 2880 995 2914 MAI,
1010 2880 1098 2908 Class.
1116 2881 1194 2907 Auct.
1213 2882 1233 2907 t.
1253 2877 1296 2906 Vl.
