2072 3157
230 142 265 175 23
884 143 1022 174 PROCOI

1082 143 1204 174 GAZ/EI
1827 145 1864 178 '34

232 199 474 234 interpretationes
506 197 532 224 in
561 197 673 235 perfecti
700 198 826 233 corporis
861 206 1020 227 consonan-

1073 208 1179 227 στασιν.
1207 198 1313 226 Οὐκοῦν
1336 198 1467 234 συνεργὸν
1492 200 1558 234 ἡμῖν
1585 200 1630 227 τὸν
1649 200 1715 227 Θεὸν
1736 201 1864 236 γενέσθαι

230 245 296 271 tiam
319 244 454 279 redigere.
480 251 512 272 ex
534 251 588 278 quo
604 251 654 271 ceu
675 244 750 271 fonte
772 244 854 271 unico
871 245 952 272 liceat
966 253 1016 272 no—

1072 246 1247 277 καλέσαντες,
1261 245 1388 272 ἐντεῦθεν
1402 244 1562 281 ἀρξώμεθα,

230 291 272 318 bis
288 291 410 318 omnium
434 291 644 326 explanationes
669 291 791 324 haurire,
809 292 891 326 quasi
912 300 983 319 unus
998 295 1025 320 et
1044 293 1120 321 solus
1136 293 1274 328 loquatur.
1290 291 1392 319 Verum
1407 296 1437 318 ιιι
1452 292 1544 318 omnia
1559 292 1618 319 'sint
1636 292 1724 327 magis
1744 293 1864 320 dilucida

230 339 441 374 perspicuaque,
472 339 610 367 interdum
642 343 670 367 et
695 339 729 367 de
754 343 849 367 nostro
871 340 1035 375 adjiciemus
1055 341 1168 376 aliquid.
1198 340 1371 375 Quapropter
1401 347 1462 367 eum
1487 343 1593 366 tantum
1617 347 1687 374 opus
1707 340 1863 373 moliamur.

229 387 385 414 consultum
404 387 529 423 iudicavi
558 387 705 422 implorare
724 388 856 414 auxilium
884 387 1018 419 divinum,
1039 391 1065 414 et
1080 388 1178 415 deinde
1196 395 1252 414 rem
1270 387 1356 421 ipsam
1372 387 1493 421 aggredi.

264 432 379 468 Oportet
407 440 470 460 eum
487 433 533 468 qui
554 441 664 468 operam
680 433 796 461 daturus
812 438 855 461 est
873 433 1024 468 Scriptura:

230 485 326 511 sacrm,
343 486 399 505 non
423 479 548 513 accipere
564 479 610 506 illa
627 487 688 514 qme
705 479 741 507 ibi
770 480 926 511 traduntur,
943 480 1022 514 quasi

228 523 438 558 proveniantex
454 524 614 552 hominibus
632 533 638 551 :
653 525 736 552 altius
751 526 859 552 initium
873 526 930 553 sive
946 527 1022 561 prin-

229 569 331 604 cipium
354 570 536 605 spectandum
554 579 616 598 reor
632 581 638 598 :
657 572 771 599 ﬁrmiter
793 573 889 600 credat
910 581 1024 601 necesse

229 619 281 647 est,
304 615 350 656 illa
373 620 552 644 sacrosancta
582 617 711 651 dogmata
742 625 775 645 ex
800 619 859 653 ipso
887 619 1022 654 originem

231 668 341 690 sumere
368 662 433 695 Deo,
455 667 481 689 et
507 663 571 690 inde
595 670 643 697 per
662 663 789 691 homines
807 665 886 699 quasi
910 665 1023 693 canales

231 714 281 733 seu
300 707 514 735 instrumentum
531 708 565 734 ad
584 716 633 736 nos
649 716 821 744 promanare.
837 710 1021 743 Quemadmo-

203 769 206 771 -
230 751 294 778 dum
311 753 384 779 enim
400 753 494 787 regius
512 753 646 783 minister.
664 754 722 782 sive
738 758 766 782 tu
782 762 845 782 eum
866 762 1020 790 praeconem

231 805 386 833 unncupes,
413 799 485 833 regis
512 803 679 834 praeceptum
707 804 734 827 et
759 807 855 828 vocem
885 801 1019 833 imitatur,

231 842 352 871 dicens:
371 842 446 871 Jussi
469 853 476 870 :
500 845 663 872 sententiam
685 849 756 872 tuam
786 845 923 873 declaravi
947 854 953 872 :
977 846 1018 873 sic

1108 435 1154 460 Δεῖ
1169 434 1214 460 τὸν
1231 433 1376 469 προσιόντα
1391 435 1423 469 τῇ
1441 433 1500 468 θείᾳ.
1519 433 1614 468 Γραφῇ
1628 453 1634 464 ,
1653 433 1691 468 μὴ
1705 433 1743 465 ὡς
1757 433 1864 469 ἀνθρὼ-

1074 489 1132 506 πων
1146 480 1287 511 εἰπόντων,
1305 479 1361 506 ἀλλ’
1375 479 1413 510 ὡς
1429 479 1496 505 Θεοῦ
1517 479 1550 505 δι’
1569 479 1659 505 αὐτῶν
1675 479 1863 515 φθεγξαμένου

1073 524 1128 551 τῶν
1141 525 1294 559 εἰρημένων
1312 524 1433 551 ἀκούειν.
1445 524 1554 559 ¹Ὤσπερ
1565 524 1620 559 γὰρ
1636 524 1775 559 ὑπηρέτης
1786 525 1864 560 βασι-

1074 570 1148 601 λικὸς
1158 570 1289 605 βασιλέως
1298 569 1389 605 φωνὴν
1405 570 1582 604 ὑποκρίνεται
1594 589 1601 599 ,
1618 570 1750 595 ἐκέλευσα
1764 568 1861 604 λέγων,

1074 616 1255 652 ὲδωρησάμην
1266 636 1273 648 ,
1290 614 1376 645 οὕτως
1393 616 1418 641 οί
1440 617 1578 650 προφῆται
1594 614 1720 652 καθάπερ
1740 615 1863 650 κάλαμον

1071 662 1120 698 τὴν
1147 661 1270 696 γλῶτταν
1307 660 1454 696 ὀξυγράφῳ
1490 660 1656 697 παρέχονται
1692 660 1863 695 γραμματεῖ.

1071 708 1140 735 κατὰ
1154 708 1199 734 τὸν
1217 708 1302 742 μέγαν
1318 706 1416 739 Δαϐὶδ,
1433 707 1480 733 καί
1497 715 1563 741 φασι
1584 707 1675 741 τυχόν·
1695 715 1704 732 1
1730 706 1791 732 Ἐὰν
1806 705 1865 732 ἐθέ-

1070 753 1135 789 λητε
1152 754 1199 780 καὶ
1222 752 1402 787 εἰσακούσητέ
1429 760 1491 787 μου,
1510 752 1544 778 τὰ
1559 752 1649 786 ἀγαθὰ
1672 751 1722 786 τῆς
1744 751 1796 786 γῆς
1811 751 1864 784 φά-

1070 799 1163 834 γεσθε.
1188 808 1197 824 ι
1216 799 1320 826 Οὐκοῦν
1332 798 1400 825 Θεοῦ
1414 799 1448 825 τὰ
1465 798 1544 832 λόγια
1558 798 1622 832 παρ’
1637 795 1659 832 ᾧ
1675 797 1773 832 ψεῦδος
1788 797 1863 824 οὐδὲν

1071 845 1087 881 ἢ
1102 845 1207 878 ἄλογον,
1224 845 1279 872 Καὶ
1300 845 1341 871 δεῖ
1363 845 1413 871 ὅσα
1438 844 1490 880 μὲν
1504 844 1624 875 εὐσεϐῶς
1640 844 1742 879 δυνήσῃ
1755 844 1862 878 νοῆσαι,

231 888 370 923 prophetae
392 889 480 916 sancti
504 889 622 925 linguam
639 891 718 924 quasi
742 891 878 917 calamum
901 891 1022 925 praebent

1072 892 1181 927 κρατεῖν
1190 899 1196 906 ·
1211 890 1271 917 είδὲ
1283 891 1309 917 τί
1322 900 1367 917 σου
1385 890 1608 927 παρατρέχειτὴν
1616 889 1740 925 δύναμιν,
1752 889 1863 924 ἥΠατέ·

231 934 464 962 excellentissimo
485 936 596 968 scribae,
615 944 695 970 quem
712 937 806 963 nullus
823 937 945 970 scriptor
971 937 1019 964 de-

231 979 363 1012 scribere,
377 988 428 1009 nec
444 981 517 1009 ullus
527 982 620 1016 pictor
637 981 776 1010 delineare
791 983 860 1018 quit,
874 983 953 1018 juxta
970 983 1021 1010 Da-

1074 945 1127 972 ρων
1145 936 1250 972 μαθεῖν,
1260 936 1276 971 ἢ
1286 936 1325 971 τῷ
1334 936 1394 971 Θεῷ
1407 937 1604 972 παραπέμπειν
1618 936 1672 962 τῶν
1686 935 1823 970 γνώσεων,
1833 935 1863 968 ὃς

1073 983 1194 1010 διδάσκει
1207 981 1351 1016 ἄνθρωπον
1364 982 1476 1016 γνῶσιν.

230 1025 302 1053 vidis
325 1026 497 1054 vaticinium.
523 1027 556 1054 Et
579 1028 607 1055 in
640 1029 713 1056 hunc
740 1029 851 1057 modum
877 1030 1022 1064 compellat
1042 1028 1158 1056 mortale
1173 1036 1270 1064 genus,
1298 1029 1428 1057 scilicet:
1450 1028 1500 1056 tSi
1515 1027 1708 1063 acquieveritis
1741 1030 1768 1054 et
1799 1026 1864 1054 obe-

230 1073 350 1107 dieritis,
366 1074 470 1101 bonum
488 1078 568 1102 terra:
591 1076 760 1104 comedetis:
778 1081 805 1104 et
828 1076 851 1104 si
866 1076 1021 1110 nolueritis,
1042 1084 1074 1104 ac
1090 1075 1205 1104 rebelles
1223 1075 1332 1104 fueritis
1345 1096 1352 1108 ,
1371 1077 1460 1112 gladio
1495 1075 1706 1103 consumemini.
1724 1083 1733 1099 ι
1769 1073 1863 1108 Itaque

231 1117 289 1147 Deo
302 1123 414 1153 accepta
431 1118 544 1146 ferenda
560 1124 624 1147 sttnt
637 1120 682 1147 illa
708 1121 831 1152 oracula.
865 1121 937 1156 apud
967 1129 1048 1155 quem
1070 1121 1175 1148 nullum
1192 1128 1306 1148 cernere
1319 1125 1366 1148 est
1389 1121 1575 1152 mendacium,
1601 1120 1643 1148 vel
1663 1119 1728 1155 quid
1747 1119 1862 1147 stultum

231 1171 279 1193 aut
295 1166 436 1194 frivolum.
454 1165 642 1201 Quaecunque,
660 1168 811 1195 observans
828 1175 918 1195 veram
935 1168 1076 1202 pietatem,
1092 1167 1199 1195 discere
1233 1168 1368 1202 potueris,
1391 1167 1434 1196 fac
1474 1166 1598 1194 memori-
1627 1169 1718 1193 mente
1755 1169 1860 1193 teneas-

231 1214 260 1241 Si
278 1213 340 1248 quis
367 1213 444 1241 locus
470 1220 499 1240 se
521 1213 600 1240 offert
627 1213 780 1246 obscurior,
796 1221 877 1249 quam
895 1214 968 1240 hunc
993 1214 1096 1248 ingenii
1110 1214 1166 1249 __tui
1184 1213 1258 1241 vires
1271 1214 1379 1248 assequi
1396 1213 1514 1246 valeant,
1528 1216 1575 1239 aut
1588 1212 1683 1238 Patres
1709 1211 1758 1238 tibi
1776 1218 1859 1238 -cou-

229 1258 336 1286 sulendi
353 1262 418 1285 sunt
433 1278 441 1290 ,
457 1262 504 1285 aut
525 1259 703 1286 scientiarum
720 1258 790 1293 Deus
826 1258 955 1293 precibus
988 1257 1142 1294 fatigandus
1176 1262 1229 1286 est.
1254 1257 1281 1286 Is
1316 1259 1387 1286 enim
1408 1259 1533 1286 homines
1555 1258 1696 1286 scientiam
1720 1258 1810 1289 docet,
1829 1261 1857 1284 et

229 1308 355 1332 nostrum
379 1303 547 1334 intellectum
569 1304 693 1338 instruit,
712 1309 742 1332 ut
757 1304 909 1332 occultiora
927 1304 1133 1340 apprehendere
1147 1309 1242 1340 queat,

264 1349 381 1378 Genesis
415 1356 528 1382 autem,
565 1359 647 1386 quem
685 1351 785 1378 librum
825 1351 1019 1386 explicandum

229 1397 408 1430 sumpsimus.
425 1397 585 1431 praeclarum
605 1404 676 1432 opus
695 1401 747 1430 est,
769 1397 841 1432 quod
856 1397 936 1424 nobis
952 1405 1020 1425 con-

230 1439 316 1467 texuit
330 1439 430 1468 Moses.
450 1441 597 1468 Auctorem
615 1449 649 1468 ne
659 1442 858 1476 contempseris
877 1451 883 1469 :
901 1442 1020 1468 maxima

231 1486 366 1522 siquidem
389 1487 519 1521 praeditus
546 1486 598 1513 fuit
619 1487 794 1514 auctoritate.
825 1486 874 1514 llic
899 1488 962 1520 vir,
986 1495 1020 1514 ne

229 1540 317 1564 erres,
336 1533 361 1560 is
388 1537 431 1560 est
445 1533 492 1568 qui
509 1533 597 1567 ipsum
619 1532 714 1565 Deum,
729 1538 866 1568 quatenus
882 1533 1019 1561 humanus

230 1577 338 1610 oculus,
360 1582 387 1605 et
414 1578 546 1613 possibile
570 1577 666 1613 fasque
696 1583 747 1611 est,
783 1578 858 1606 vidit.
885 1579 960 1611 lmo,
990 1583 1019 1606 ut

231 1626 349 1651 testatur
369 1623 512 1658 Scriptura
525 1644 532 1655 ,
551 1633 559 1648 ι
572 1624 703 1651 Dominus
728 1624 890 1659 loquebatur
905 1624 938 1651 ad
959 1623 1018 1650 Mo-

231 1676 289 1695 sem
308 1668 378 1696 facie
390 1669 424 1696 ad
438 1668 546 1701 faciem,
562 1669 642 1696 siculi
661 1670 742 1696 homo
765 1670 886 1704 loquitur
905 1670 938 1697 ad
951 1669 1019 1696 ami-
1034 1658 1055 1687 (ἶ

232 1721 294 1741 eum
307 1722 399 1745 suum,
414 1715 505 1743 etc’.»
522 1715 591 1742 Cum
602 1713 742 1742 aﬁ'eetarct
757 1716 911 1743 uberiorem
926 1716 1021 1752 cogni-

233 1760 337 1787 tionem
358 1760 497 1796 indipisci,
509 1765 537 1788 et
551 1761 634 1789 Deum
647 1762 849 1796 quodammodo
872 1767 968 1789 exacte
994 1766 1022 1789 et

233 1812 286 1832 non
303 1806 381 1840 quasi
404 1813 453 1841 per
469 1810 647 1834 transennam
665 1815 786 1840 eernere,
804 1809 905 1835 nullam
924 1816 1021 1843 passus

233 1857 276 1879 est
305 1852 443 1887 repulsam
469 1853 495 1880 in
512 1858 594 1888 petras
610 1861 727 1881 caverna
747 1855 866 1882 abditus.
885 1854 1020 1882 Caeterum

234 1902 308 1925 recte
335 1902 365 1925 tu
390 1898 492 1926 dixeris
521 1903 604 1934 petra:
628 1907 794 1934 cavernam,
823 1901 948 1929 notitiam
975 1901 1022 1928 Dei

234 1944 325 1977 illam,
349 1952 399 1979 per
427 1952 508 1980 quam
535 1953 567 1973 ex
592 1947 783 1975 incarnatione
806 1948 909 1976 Christi
932 1947 1022 1976 Patris

234 1991 420 2026 cognitionem
438 1998 582 2018 venamur.
600 1991 689 2019 Moses
713 1993 739 2019 in
756 1997 833 2028 petra
854 1994 1021 2026 consistens,

234 2037 378 2071 conspexit
400 2044 431 2064 ea
451 2044 511 2070 quae
526 2041 589 2071 post.
609 2037 694 2065 Deum
710 2043 800 2070 erant,
817 2039 844 2067 id
860 2044 912 2074 est,
929 2044 1022 2075 poste-

234 2082 319 2114 riora,
343 2089 378 2110 ex
398 2082 498 2118 quibus
526 2083 603 2118 quasi
628 2091 676 2119 per
697 2086 843 2118 quamdam
868 2085 1023 2122 analogiam

233 2126 325 2162 opifex
344 2134 437 2154 eorum
455 2128 481 2162 2
499 2129 673 2163 perspicitur.
688 2129 752 2157 Hinc
766 2131 838 2158 enim
856 2132 910 2166 (ut
923 2131 1022 2159 verisi-

234 2174 300 2202 mile
319 2174 386 2209 est)
409 2174 498 2202 Moses
523 2175 647 2203 exactius
671 2179 698 2202 et
725 2177 863 2211 copiosius
886 2178 1022 2212 cognovit,

233 2226 315 2254 quam
331 2219 402 2247 ullus
421 2221 591 2248 mortalium.
614 2222 682 2249 Cum
701 2222 793 2257 itaque
809 2229 958 2250 conaretur
975 2231 1024 2258 po-

234 2265 328 2299 pulum
353 2265 404 2292 sibi
431 2267 607 2294 commissqu
632 2267 666 2294 ad
690 2267 738 2295 Dei
764 2269 948 2302 cognitionem
980 2277 1024 2297 re-

236 2309 355 2341 trahere,
371 2309 498 2344 legesque
514 2310 710 2338 saluberrimas
729 2311 763 2338 ad
777 2319 836 2339 eam
853 2320 910 2339 rem
924 2312 1020 2340 facien-

234 2359 277 2382 tes
300 2361 447 2389 exponere,
472 2354 572 2390 duplex
593 2364 677 2391 genus
697 2357 804 2384 dicendi
831 2362 941 2386 secutus
961 2363 1021 2385 est:

235 2399 352 2427 alterum
378 2399 500 2427 historiae
520 2401 665 2436 congruit,
697 2402 812 2430 alterum
835 2410 900 2430 vero
915 2404 1026 2438 legisla-

236 2445 303 2473 tioni
320 2445 399 2473 afﬁne
420 2450 473 2474 est.
495 2446 642 2482 Legislatio
656 2447 710 2476 duo
725 2449 806 2476 habet
819 2449 942 2476 membra
958 2460 963 2477 :
978 2455 1026 2477 aut

236 2491 309 2519 enim
334 2491 458 2519 facienda
487 2492 622 2527 imperat,
649 2498 695 2521 aut
719 2494 846 2529 fugienda
871 2500 954 2523 vetat.
979 2496 1024 2523 Sic

236 2540 265 2563 et
275 2537 345 2565 duas
364 2543 456 2572 partes
473 2539 594 2567 continet
610 2539 770 2568 historicum
789 2541 897 2569 dicundi
915 2550 1000 2577 genus
1016 2551 1023 2569 :

276 2625 284 2639 '
299 2624 351 2652 isa.
364 2632 383 2657 I,
401 2624 446 2657 19,
459 2625 505 2652 20.
543 2627 553 2641 ¹
571 2625 657 2653 Exod.
676 2634 773 2660 xum,
789 2627 817 2653 2.

1114 1352 1146 1377 Ἦ
1163 1351 1253 1378 τοίνυν
1267 1350 1389 1383 Γένεσις,
1415 1350 1555 1381 Μωῢσέως
1575 1349 1633 1376 ἐστὶ
1658 1349 1750 1384 γραφὴ
1764 1348 1862 1384 ἀνδρὸς

1071 1396 1226 1430 ἑωρακότος
1255 1395 1342 1428 Θεὸν,
1370 1395 1408 1426 ὼς
1440 1394 1551 1421 δυνατὸν
1581 1394 1702 1429 ὑπῆρχεν
1737 1394 1815 1424 ἰδεῖν,
1839 1389 1863 1427 ᾧ

1073 1450 1082 1466 ι
1101 1441 1191 1476 Στόμα
1209 1441 1278 1476 πρὸς
1294 1441 1381 1476 στόμα
1404 1440 1552 1475 λελάληκεν
1570 1441 1584 1467 ό
1606 1440 1671 1471 Θεὸς
1688 1441 1717 1465 ὲν
1735 1439 1799 1465 εῖδει
1815 1439 1863 1465 καὶ

1070 1487 1100 1513 οὐ
1117 1487 1151 1513 δι’
1169 1487 1349 1522 αἰνιγμάτων.
1368 1496 1377 1512 ι
1396 1486 1511 1513 Πλείονα
1524 1486 1552 1513 δὲ
1575 1485 1676 1520 γνῶσιν
1692 1485 1861 1511 ἐπισπᾶσθαι

1073 1523 1247 1569 βουλόμενοξ,
1257 1533 1303 1559 καὶ
1316 1533 1445 1567 γνωστῶς
1458 1533 1520 1559 ἰδεῖν
1531 1532 1577 1559 τὸν
1590 1531 1666 1562 Θεὸν,
1682 1532 1713 1558 οὐ
1729 1531 1862 1567 διήμαρτε

1071 1581 1121 1615 τῆς
1135 1579 1270 1615 αἰτήσεως
1296 1580 1347 1606 ὑπὸ
1363 1579 1412 1615 τὴν
1436 1579 1506 1614 ὀπὴν
1526 1578 1577 1613 τῆς
1604 1578 1709 1612 πέτρας
1730 1577 1841 1611 κρυὸείς
1854 1584 1861 1591 ’

1071 1625 1124 1660 ὀπὴ
1141 1625 1168 1651 δὲ
1183 1626 1286 1660 πέτρας
1303 1625 1319 1660 ἡ
1334 1625 1378 1651 διὰ
1393 1624 1439 1651 τοῦ
1458 1624 1646 1660 σαρκωθέντος
1660 1623 1694 1650 δι’
1709 1624 1782 1658 ἡμᾶς
1795 1622 1862 1649 Υίοῦ

1071 1671 1172 1706 γνῶσίς
1192 1671 1249 1697 ἐστι
1272 1670 1318 1697 τοῦ
1341 1670 1464 1706 Πατρόςι
1486 1670 1534 1696 καὶ
1552 1670 1586 1696 τὰ
1606 1669 1675 1705 μετὰ
1695 1669 1762 1696 Θεὸν
1781 1667 1861 1702 εἶδεν,

1072 1717 1145 1752 ἅπερ
1162 1716 1237 1744 ἐστὶν
1258 1716 1380 1747 ὀπίσθια,
1398 1715 1427 1748 ἐξ
1442 1714 1480 1743 ὦν
1503 1715 1643 1750 ἀναλόγως
1658 1717 1671 1742 ὁ
1691 1714 1863 1751 AW?“

1071 1763 1163 1789 αὐτῶν
1183 1762 1338 1797 θεωρεῖται,
1366 1762 1438 1797 ἅπερ
1460 1763 1498 1794 ὡς
1514 1762 1588 1794 εῑκδς
1612 1762 1693 1788 πλέον
1707 1762 1762 1788 τῶν
1775 1761 1863 1788 ἄλλων

1072 1808 1245 1843 κατείληφεν.
1280 1808 1373 1840 Οὕτως
1396 1809 1409 1828 h
1425 1806 1471 1835 οὖν
1491 1809 1536 1835 τδν
1559 1808 1776 1843 ὲμπιστευθέντα
1798 1807 1863 1834 λαὸν

1073 1854 1147 1890 αὐτῷ
1160 1854 1228 1888 πρὸς
1236 1853 1402 1888 θεογνωσίαν
1412 1854 1490 1888 ἄγειν
1504 1853 1684 1888 πειρώμενος,
1701 1853 1749 1880 καὶ
1764 1853 1863 1888 νόμους

1074 1900 1201 1927 ἐκθέσθαι
1221 1900 1288 1935 πρὸς
1299 1900 1348 1936 τὴν
1364 1900 1502 1936 σωτηρίαν
1518 1900 1674 1933 ἐνάγοντας,
1687 1899 1733 1925 δύο
1749 1899 1865 1934 μετελή-

1073 1946 1152 1972 λυθεν
1167 1946 1223 1981 εἴδη
1240 1947 1350 1981 γραφῆς
1363 1966 1370 1978 ,
1389 1946 1418 1973 τὸ
1434 1946 1484 1982 μὲν
1503 1945 1649 1980 ἱστορικὸν,
1664 1945 1694 1972 τὸ
1708 1946 1736 1972 δὲ
1753 1945 1866 1980 νομοθε-

1072 1993 1164 2019 τικόν·
1186 1991 1233 2018 τοῦ
1252 1992 1281 2018 δὲ
1297 1991 1473 2026 νομοθετικοῦ
1491 1991 1522 2017 τὸ
1543 1991 1593 2026 μὲν
1615 1990 1822 2025 παραινετικὸν,
1835 1989 1866 2016 τὸ

1073 2038 1101 2064 δὲ
1119 2037 1353 2073 ἀπαγορευτικόν“
1368 2037 1415 2063 καὶ
1442 2035 1489 2063 τοῦ
1510 2035 1647 2070 ἱστορικοῦ
1675 2035 1705 2065 τὸ
1728 2034 1777 2070 μὲν
1801 2034 1865 2069 περὶ

1074 2083 1177 2118 κόσμου
1193 2083 1325 2118 γενέσεως
1337 2104 1344 2116 ,
1360 2083 1390 2109 τὸ
1406 2083 1434 2108 δὲ
1456 2081 1646 2117 γενεαλογικόν
1657 2089 1664 2096 ·
1681 2081 1727 2107 τοῦ
1741 2081 1769 2107 δὲ
1784 2088 1865 2115 νομο-

1074 2130 1181 2157 θετικοῦ
1197 2135 1208 2150 ο
1227 2130 1257 2156 τὸ
1283 2129 1332 2164 μὲν
1355 2129 1418 2164 περὶ
1433 2128 1484 2163 τῆς
1498 2128 1636 2159 κολάσεως
1655 2127 1772 2161 ἀσεϐῶν,
1788 2127 1818 2153 τὸ
1835 2127 1865 2153 δὲ

1074 2176 1197 2212 περὶτῆς
1211 2176 1266 2203 τῶν
1282 2176 1394 2202 δικαίων
1408 2175 1492 2210 τιμῆς
1505 2183 1512 2190 ·
1537 2174 1567 2201 τὺ
1582 2174 1610 2201 δὲ
1624 2173 1760 2209 ἱστορικὸν
1779 2172 1865 2209 προῠ‹

1073 2223 1138 2255 ταξε
1152 2223 1199 2250 τοῦ
1223 2221 1399 2258 νομοθετικοῦ
1419 2221 1462 2248 διὰ
1483 2220 1612 2256 τοιαύτην
1638 2220 1687 2256 τὴν
1707 2219 1807 2252 αἰτίαν,
1831 2219 1863 2246 οὐ

1075 2270 1228 2306 πρᾶγμα(’)
1237 2270 1321 2297 ποιῶν
1334 2268 1457 2296 παλαιῶν
1470 2268 1715 2303 πραγμάτωνήμῖν
1727 2266 1862 2302 διηγήσα-

1041 2334 1062 2361 D
1076 2316 1138 2342 σθαι
1151 2316 1199 2351 τὴν
1217 2315 1338 2350 ἱστορίαν
1361 2314 1623 2348 κατεπαγγέλλεται.
1639 2311 1761 2339 Ἀνωθεν
1775 2312 1806 2361 δὲ.
1817 2311 1863 2338 καὶ

1078 2362 1130 2397 πρὸ
1145 2362 1194 2396 τῆς
1212 2361 1259 2387 τοῦ
1276 2361 1375 2391 παντὸς
1392 2360 1525 2395 γενέσεως
1537 2359 1587 2395 τὴν
1602 2359 1690 2394 ἀρχὴν
1709 2357 1863 2392 ποιησάμε-

1077 2416 1132 2440 νος,
1152 2407 1271 2433 δείκνυσι
1287 2406 1332 2433 τὸν
1359 2406 1468 2441 Πατέρα
1481 2406 1529 2432 τοῦ
1553 2406 1658 2440 κόσμου
1676 2404 1723 2430 καὶ
1745 2402 1865 2438 Ποιητὴν

1076 2453 1170 2480 τοῦτον
1195 2454 1242 2479 σὺν
1267 2453 1381 2488 ἀληθείᾳ
1403 2452 1551 2487 νομοθέτην
1568 2451 1735 2485 ὑπάρχοντα.
1765 2447 1865 2482 Ἐχρῆν

1076 2498 1129 2534 γὰρ
1136 2496 1269 2531 ἐγνῶσθαι
1283 2497 1334 2533 πρὸ
1347 2497 1401 2524 τῶν
1411 2498 1501 2531 νόμων
1511 2496 1557 2523 τὸν
1573 2495 1732 2531 νομοθέτην.
1743 2493 1864 2527 Τοιγαρ-

1077 2544 1123 2570 οῦν
1154 2544 1201 2571 καὶ
1253 2545 1380 2578 Ἰωάννης
1413 2544 1520 2580 πρῶτον
1557 2541 1651 2569 εἶπεν·
1681 2550 1690 2567 ι
1725 2540 1770 2567 Ἐν
1791 2540 1862 2575 ἀρχῇ

892 2671 1008 2699 VARl/E
1029 2671 1230 2701 LEC'I‘lONES.

295 2714 418 2744 hCatena
433 2716 577 2752 Nicephori
593 2714 682 2749 οὗτος.

739 2724 750 2738 ε
761 2719 789 2746 υ.
808 2718 841 2746 Ν.
858 2718 1064 2752 γενεαλογικοῦ.

999 2795 1113 2822 NOTAE.

278 2839 312 2875 (‘)
323 2838 434 2868 Lacuna
445 2839 554 2868 Catena:
565 2841 712 2876 Nicephori
728 2846 754 2868 et
763 2840 894 2869 editionis
906 2840 1021 2868 Gesncri
1037 2848 1069 2868 ex
1084 2841 1145 2868 cod.
1156 2840 1217 2867 Vat.
1239 2840 1392 2875 suppletur.
