2072 3157
174 186 211 217 25
727 185 960 215 (ἸΟΜΜΕΧΤΑΒ

1022 184 1061 213 ῙΝ
1082 183 1266 214 GENESIM.
1777 178 1812 211 ΞΕ

171 241 206 277 ἦν
221 243 234 268 ὁ
256 242 362 277 Λόγος.
382 251 391 268 ι
407 243 454 269 καὶ
476 242 536 269 τότε
549 243 599 274 τὰς
621 242 703 269 αὐτοῦ
731 242 893 276 νομοθεσίας
917 241 960 274 ἐξ-

1015 241 1100 267 altera
1120 237 1386 267 commemoratione
1403 235 1552 263 ereationis
1567 234 1660 262 mundi
1676 240 1811 270 occupata

172 288 258 315 ἐΘετο.
1020 290 1082 313 est:
1100 286 1183 313 altera
1207 292 1270 312 vero
1289 288 1414 311 versatur
1431 283 1458 309 in
1474 282 1614 309 tradendis
1634 281 1810 316 genealogiis.

173 333 235 360 litec
248 333 472 364 docethonores.
495 332 595 368 quibus
621 332 748 360 homines
781 331 816 367 pii
839 339 853 358 ιι
888 332 943 359 Deo
974 331 1123 358 immortali
1149 334 1214 357 sttnt
1243 329 1344 362 aﬂecti,
1375 332 1402 355 et
1426 332 1554 356 recenset
1586 335 1682 361 poenas
1713 327 1812 362 quibus

173 380 247 415 impii
271 380 423 408 nebulones
446 386 512 407 sunt
543 380 657 408 subditi.
672 380 708 407 At
732 380 895 407 historicum
915 380 1073 408 tnetltodum
1112 379 1139 406 itt
1174 378 1247 406 serie
1270 381 1415 405 contextus
1458 376 1606 411 ptarposuit
1632 375 1812 409 hgi~latiotti,

172 432 196 453 et
213 427 263 453 hac
280 428 314 453 de
330 434 415 454 causa
441 434 494 453 non
512 426 652 461 promittit
676 434 768 453 rerum
787 427 964 460 antiquarum
985 425 1064 452 nobis
1099 425 1286 451 narrationem
1302 423 1398 450 ordiri.
1414 423 1501 449 Altius
1537 426 1627 448 atttem
1652 421 1724 454 capit
1737 422 1812 455 prin-

172 472 294 506 t-ipiutn,
319 472 424 499 scilicet
456 471 528 506 quod
557 472 695 506 praecessit
722 471 802 506 hujus
829 471 949 498 universi
983 470 1161 502 creationem,
1193 470 1343 496 ostendens
1378 467 1464 495 Deum
1489 474 1551 493 esse
1586 465 1678 492 mundi
1706 472 1810 500 patrem

173 522 378 553 creatoretnque
401 527 407 545 :
434 524 461 546 et
486 518 559 546 ltuuc
589 519 677 553 ipsum
717 518 838 545 declarat
873 526 955 553 quam
993 517 1136 544 verissime
1171 524 1233 544 esse
1260 516 1458 543 nomothetam.
1491 513 1647 541 Necessitas
1672 514 1806 548 siquidem

173 566 311 600 postulare
337 565 481 593 videbatur
499 570 528 593 ut
555 569 620 592 attte
644 566 842 599 legislalionem
865 570 946 592 notus
965 559 1041 592 esset
1058 564 1207 599 legislator.
1233 563 1274 590 Ad
1294 563 1368 590 httnc
1390 562 1462 590 euint
1497 561 1607 587 ntodmn
1629 565 1656 587 et
1689 560 1810 587 Joannes

171 611 338 646 evangelista
369 612 458 646 primo
487 611 577 646 inquit
600 621 607 639 :
632 621 641 637 ι
666 611 694 639 in
725 612 860 646 principio
889 617 946 638 erat
967 611 1080 643 Sermo,
1106 620 1115 636 ι
1141 614 1195 637 etc.
1216 610 1314 637 Postea
1340 609 1449 636 dertnttn
1477 608 1534 641 ejus
1562 608 1633 641 leges
1662 608 1808 635 subnectit.

205 661 331 687 Δείκνυσι
353 660 381 686 δὲ
395 661 516 696 Μωῡσῆς
538 661 586 686 καὶ
606 661 647 686 ὅτι
664 661 704 687 δεῖ
726 661 772 686 τὸν
786 661 880 695 νόμοις
897 668 965 694 χρη-

171 707 295 742 σόμενον,
312 706 457 741 σύμφωνον
473 707 518 733 τὸν
535 706 593 741 βίον
610 708 643 741 τῇ
667 706 713 732 τοῦ
731 707 831 737 παντὸς
844 707 964 741 ἁρμονίᾳ

170 755 217 780 καὶ
240 754 273 789 τῇ
291 752 366 786 τάξει
390 753 568 788 παρέχεσθαι,
591 753 638 779 καὶ
658 752 795 778 δεικνῦναι
815 752 964 786 συνᾴδοντα

170 799 259 833 λόγοις
272 799 422 834 ἕργαπκαὶ
441 800 498 830 τοῖς
518 798 610 833 ἔργοις
623 799 657 825 τὰ
671 799 791 833 ῥήματα.
812 797 964 832 Τοιγαροῦν

169 845 224 870 τῶν
241 844 329 871 ἄλλων
345 843 507 879 νομοθετῶν,
533 843 587 869 τῶν
605 843 654 878 μὲν
672 843 753 874 εὐθὺς
769 842 914 877 ὀριζὸντων
929 843 964 868 τὰ

169 890 306 925 πρακτέα.
323 889 370 916 καὶ
390 889 443 925 μὴν
461 889 474 909 ά
488 890 536 916 καὶ
558 889 696 924 τιμωρίας
713 888 890 915 ἐπιτιθέντων
905 889 961 919 τοῖς

169 935 384 970 παραϐαίνουσι,
399 935 453 962 τῶν
465 936 494 962 δὲ
512 936 589 962 πόλιν
608 937 762 962 κτισάντων
787 937 816 962 ὲν
832 935 960 969 πρώτοις,

167 979 229 1008 εἶτα
253 981 297 1007 διὰ
325 981 380 1008 τῶν
393 981 484 1016 νόμων
506 982 539 1016 ἢν
564 981 696 1016 ἐνόμισαν
716 980 856 1008 πολιτείαν
875 982 957 1016 ἁρμο-

168 1024 273 1050 σάντων
287 1024 320 1058 τῇ
336 1022 423 1055 πόλει,
434 1024 449 1049 ὁ
461 1029 472 1042 θ
484 1023 605 1058 Μωῡσῆς
617 1024 647 1049 τὸ
661 1024 711 1058 μὲν
727 1023 835 1058 πρῶτον
847 1023 962 1057 νομίσας

167 1067 238 1096 εἶναι
251 1069 414 1105 τυραννικὸν
426 1070 474 1096 καὶ
489 1069 625 1104 μηδεμίαν
639 1069 700 1104 ἔχον
713 1068 801 1095 πειθὼ
813 1069 861 1095 καὶ
875 1077 963 1103 παρα-

169 1114 280 1149 μυθίαν,
296 1113 326 1140 τὸ
340 1113 368 1140 δὲ
380 1114 474 1148 ἕτερον
491 1113 609 1148 ἐμμελὲς
628 1113 687 1148 μὲν,
711 1113 741 1139 οὺ
762 1113 815 1148 μὴν
834 1113 879 1140 διὰ
895 1113 960 1139 πάν-

167 1169 221 1186 των
236 1159 462 1195 κατωρθωμένον,
477 1159 559 1190 αὐτὸς
582 1159 721 1194 ἑκατέρων
744 1159 897 1194 διήνεγκεν.
916 1158 961 1193 Τῷ

167 1214 196 1232 τε
218 1206 274 1240 γὰρ
296 1204 465 1240 νομοθετικῷ
486 1205 517 1232 τὸ
546 1206 742 1240 παραινετικὸν
766 1204 958 1239 ἐγκατέμιξεν,

169 1251 336 1287 προτρέπειν
364 1251 464 1286 μᾶλλον
479 1251 496 1286 ἦ
521 1251 664 1286 βιάζεσθαι
679 1251 759 1285 λόγον
781 1251 958 1286 ποιούμενος·

167 1297 214 1323 καὶ
236 1297 266 1323 τὸ
287 1296 364 1323 πόλιν
389 1296 582 1332 χειροποίητον
610 1296 698 1332 ἀρχὴν
721 1295 887 1331 ποιήσασθαι
911 1295 961 1329 τῆς

167 1343 330 1377 συγγραφῆς
354 1342 516 1378 κτιζομένην
543 1341 580 1377 τῷ
602 1342 692 1378 λόγῳ,
728 1342 926 1377 ταπεινότερον
942 1341 959 1376 ἢ

166 1388 239 1415 κατὰ
265 1387 299 1424 [Ε
321 1393 374 1415 cat.
393 1387 508 1423 Nicep't.
531 1396 611 1422 supp.
636 1388 686 1422 τὴν
702 1388 781 1420 ἀξίαν
798 1387 853 1413 τῶν
870 1388 960 1422 νόμων

168 1435 328 1469 ὑπείληφεν·
342 1431 380 1462 ὧν
399 1435 429 1460 τὸ
450 1434 548 1466 κάλλος
564 1434 677 1469 ἀκριϐεῖ
693 1435 728 1469 τῇ
747 1433 796 1469 θέᾳ
810 1433 892 1469 κατὰ]
910 1435 960 1468 τὴν

166 1481 286 1508 διάνοιαν
298 1480 410 1513 ἀπιδὼν,
426 1481 475 1515 τῆς
489 1481 537 1507 ἐπὶ
552 1480 603 1516 γῆς
623 1479 758 1512 ὑπεριδὼν
773 1479 900 1510 κτίσεως,
914 1479 961 1506 ἐπὶ

166 1527 216 1562 τὴν
233 1527 366 1562 μεγίστην
387 1527 464 1554 πόλιν
478 1527 523 1553 τὸν
540 1527 643 1561 κόσμον
666 1526 830 1561 ἀνέδραμεν,
849 1525 897 1552 καὶ
911 1526 961 1560 τὴν

166 1573 254 1608 αὐτῆς
267 1573 428 1608 ὑφηγήσατο
447 1573 564 1606 γένεσιν,
577 1571 785 1606 ὲμφερεστάτην
799 1570 889 1597 εἰκόνα
900 1571 963 1602 τοὺς

167 1617 266 1653 νόμους
285 1618 333 1652 τῆς
354 1617 401 1643 τοῦ
422 1618 525 1652 κόσμου
545 1616 685 1647 πολιτείας
711 1615 876 1650 ἡγούμενος.
902 1615 962 1641 Τῶν

166 1662 234 1697 γοῦν
248 1663 338 1698 νόμων
358 1664 374 1698 ἡ
387 1662 502 1697 δύναμις
511 1682 520 1694 ,
543 1663 568 1688 εἴ
581 1671 623 1694 τις
635 1661 756 1696 ἅκριῆῶς
768 1661 915 1693 ἐξετάσειε,
928 1662 961 1696 τῇ

166 1707 215 1733 τοῦ
230 1707 333 1739 παντὸς
357 1708 476 1743 ἁρμονίᾳ
496 1707 605 1743 συνᾴδει
624 1707 647 1733 ί.
672 1707 825 1742 Τοιγαροῦν
840 1707 866 1733 εἴ
887 1715 960 1738 τινες

165 1753 307 1785 παντελῶς
337 1753 509 1789 ἐξεπήδησαν
536 1754 587 1787 τῆς
613 1754 724 1789 ἀρετῆς,
750 1753 799 1787 τῆς
825 1752 872 1778 τοῦ
893 1751 960 1779 Θεοῦ

164 1798 270 1833 δωρεᾶς
295 1799 489 1834 ἀτιμάσαντες,
514 1799 552 1830 ὡς
581 1799 632 1825 οὐκ
660 1798 812 1833 ἀνθρώπων
836 1797 960 1833 ἐχθροὺς,

165 1844 224 1871 ἀλλ’
243 1844 289 1870 οὖν
311 1843 374 1871 οὔτε
395 1844 522 1880 [οὐρανοῦ
535 1843 577 1880 τε]
597 1845 644 1870 καὶ
670 1845 774 1879 κόσμου
802 1844 913 1876 παντὸς,
930 1844 960 1870 οὐ

164 1891 214 1921 τὰς
229 1891 259 1917 ὲν
273 1889 328 1917 ἔθει
342 1890 479 1926 τιμωρίας
504 1890 648 1925 ὑπομεῖναί
667 1899 749 1925 φησιν
761 1911 769 1923 ,
783 1890 852 1917 ἀλλὰ
865 1891 962 1922 καινὰς

165 1936 214 1962 καὶ
229 1937 278 1968 τὰς
290 1937 533 1972 παρηλλαγμένας,
551 1937 605 1963 τῶν
621 1936 667 1963 τοῦ
688 1937 790 1968 παντὸς
807 1936 962 1971 δραστικω-

164 1982 254 2009 τάτων
285 1983 425 2018 στοιχείων
456 1982 654 2018 ἐπιτιθεμένων
678 1982 771 2014 αὐτοῖς
792 1982 886 2014 ὓδατος
909 1984 955 2010 καὶ

164 2028 263 2064 πυρός.

1054 660 1151 686 Verum
1167 659 1256 686 Moses
1272 657 1369 686 sedulo
1400 657 1424 684 id
1449 657 1515 691 agit,
1536 664 1590 690 quo
1609 656 1737 683 ostendat
1752 655 1811 683 olli-

1014 705 1087 731 ciutn
1111 712 1174 732 esse
1203 705 1262 738 ejus
1284 705 1330 737 qui
1351 704 1428 730 hisce
1446 710 1548 730 usurus
1565 703 1602 729 sit
1620 701 1724 736 legibus
1741 701 1810 728 divi-

1016 751 1069 783 nis,
1085 755 1116 778 ut
1138 758 1167 777 se
1188 753 1351 785 attemperet
1372 749 1461 776 ordini
1482 753 1510 776 et
1536 748 1685 775 harmoni:e
1704 748 1809 774 decorae

1014 797 1094 832 hujus
1117 797 1266 828 universi}:
1283 796 1514 831 quemadmodum
1532 795 1568 822 ibi
1588 795 1656 821 nihil
1673 795 1811 822 exorbita-

1016 851 1047 870 re
1065 849 1090 871 et
1110 851 1125 870 a
1141 850 1189 870 sua
1205 842 1349 870 harmonia
1368 842 1486 869 deiicere
1503 841 1726 867 animadvertitur
1742 850 1748 867 :
1769 841 1809 867 sic

1019 889 1073 916 vita
1098 893 1191 916 nostra
1219 891 1327 924 quoque
1351 888 1517 919 consentiat,
1549 895 1646 922 nempe
1675 892 1704 914 ut
1726 894 1809 919 opera

1017 941 1110 963 nostra
1124 935 1272 962 concinant
1284 934 1387 966 verbis,
1405 934 1488 960 verba
1501 936 1655 959 consonent
1668 932 1809 966 operibus.

1015 981 1121 1016 Reliqui
1145 981 1319 1016 legislatures
1335 979 1466 1007 continuo
1487 979 1559 1012 leges
1572 978 1699 1005 sanciunt
1722 978 1810 1011 politi-

1015 1034 1073 1054 c:ttn
1085 1027 1167 1053 vitam
1182 1025 1395 1061 praescribentes
1407 1033 1414 1051 ι
1428 1029 1454 1051 et
1468 1023 1690 1057 delinquentibus
1703 1030 1808 1057 pmnas.

1015 1071 1112 1106 quibus
1127 1070 1281 1098 alﬁciantur
1290 1074 1425 1098 statuunt.
1436 1070 1488 1096 Alii
1505 1070 1621 1104 primunt
1638 1069 1732 1095 urbem
1743 1076 1810 1094 con-

1015 1117 1093 1149 dunt,
1110 1117 1248 1144 conditam
1264 1117 1372 1144 demum
1391 1119 1527 1143 exornant
1546 1115 1662 1149 legibus,
1681 1121 1749 1148 quas
1765 1121 1809 1140 ac-

1015 1164 1187 1191 commodant
1204 1163 1241 1189 illi
1263 1162 1419 1197 reipublicae
1436 1162 1539 1194 forma,
1555 1169 1634 1195 quatn
1650 1161 1676 1186 itt
1693 1168 1724 1186 ea
1741 1161 1809 1186 civi-

1016 1214 1069 1236 tate
1086 1209 1212 1236 obtinere
1224 1208 1348 1243 cupiunt.
1362 1209 1452 1235 Moses
1464 1211 1557 1234 noster
1569 1207 1687 1241 primum
1703 1206 1770 1232 nihil
1790 1214 1805 1232 a

1015 1255 1158 1290 tyrannjde
1173 1254 1323 1281 abhorrere
1353 1253 1530 1280 existimavit.
1559 1252 1629 1285 Quia
1656 1251 1747 1278 nullus
1771 1252 1807 1278 ibi

1014 1301 1090 1327 locus
1111 1300 1154 1327 vel
1181 1298 1369 1326 adhortationi
1400 1298 1442 1325 vel
1473 1297 1647 1333 persuasioni
1670 1297 1808 1323 videretur

1014 1346 1138 1373 relictus.
1154 1345 1278 1372 Alterum
1295 1352 1361 1372 vero
1380 1352 1434 1371 non
1459 1352 1508 1379 per
1524 1344 1616 1370 omnia
1647 1349 1808 1378 aspernatus

1013 1395 1066 1418 est.
1099 1390 1230 1423 Quamvis
1255 1391 1429 1417 commodum
1460 1390 1514 1417 hoc
1543 1393 1686 1425 appareat,
1717 1394 1807 1416 tamen

1014 1446 1067 1464 non
1097 1445 1145 1472 per
1171 1437 1264 1464 omnia
1290 1436 1462 1463 existimavit
1490 1435 1562 1463 belle
1589 1435 1657 1470 geri.
1679 1434 1808 1463 Diversus

1015 1483 1107 1517 itaque
1129 1483 1164 1509 ab
1183 1487 1299 1516 utroque
1328 1482 1396 1514 abit,
1416 1485 1443 1508 et
1470 1481 1635 1516 peculiarem
1662 1481 1806 1515 quemdam

1015 1529 1123 1555 tnodum
1138 1531 1272 1555 sectatur.
1291 1526 1358 1554 Nam
1378 1528 1579 1562 legislationem
1596 1535 1673 1555 suatn
1688 1527 1723 1554 ita
1740 1532 1810 1554 lem-

1014 1573 1129 1608 peravit,
1156 1577 1186 1599 ut
1204 1572 1372 1600 admisceret
1395 1573 1580 1600 hortationem
1603 1581 1611 1600 :
1630 1576 1657 1600 et
1670 1580 1720 1607 pro
1744 1572 1808 1599 inde

1014 1618 1150 1646 hortando
1167 1618 1253 1653 magis
1268 1622 1294 1645 et
1312 1618 1501 1653 persuasione,
1518 1626 1600 1653 qttam
1619 1619 1644 1645 vi
1661 1622 1688 1645 et
1706 1626 1807 1653 cogen-

1014 1666 1048 1693 do
1065 1665 1245 1701 legislalionis
1263 1665 1404 1700 negotium
1421 1665 1548 1692 absolvit.
1568 1665 1712 1699 Auspirari
1729 1665 1809 1699 legis-

1013 1711 1123 1738 lationis
1139 1719 1207 1745 opus
1225 1711 1259 1739 ab
1275 1712 1342 1738 urbe
1361 1712 1488 1738 hmnanis
1505 1711 1631 1738 manibus
1661 1711 1806 1741 aedificata,

1014 1758 1057 1785 vel
1073 1765 1200 1785 Sermone
1216 1761 1264 1784 aut
1284 1758 1410 1785 oratione
1435 1757 1516 1790 ﬁcta,
1541 1756 1687 1784 admodum
1708 1757 1807 1783 obseu-

1017 1812 1076 1832 rum
1101 1808 1127 1831 ct
1164 1804 1300 1838 abjertum
1332 1804 1495 1837 judicavit,
1527 1804 1713 1838 humiliusque
1747 1802 1807 1830 fore

1015 1850 1132 1877 censuit.
1146 1857 1227 1883 quant
1244 1854 1416 1884 congrueret
1430 1849 1600 1877 excellentia:
1618 1849 1718 1885 legum,
1736 1855 1805 1883 quas

1014 1900 1124 1931 pararet
1159 1895 1239 1922 ferre.
1268 1895 1389 1922 Proinde
1410 1895 1515 1923 harum'
1540 1895 1629 1931 legum
1652 1895 1806 1930 pulchritu-

1014 1942 1105 1969 dinem
1119 1944 1214 1968 exacte
1224 1941 1307 1968 animi
1326 1942 1411 1969 oculis
1429 1942 1551 1975 intuens,
1567 1942 1692 1977 neglecto
1708 1941 1805 1968 urbem

1010 1987 1128 2021 aliquam
1146 1987 1172 2012 iu
1185 1989 1258 2012 terra
1270 1990 1423 2018 exstruere,
1434 1995 1493 2022 qum
1509 1991 1649 2014 constaret
1663 1992 1808 2016 artecom-

1009 2032 1105 2066 positis
1138 2030 1289 2063 tediiiciis.‘
1316 2031 1456 2060 festinavit
1478 2032 1510 2059 ad
1535 2040 1660 2066 magnam
1698 2032 1804 2062 urbem,

164 2081 263 2109 nempe
280 2073 422 2107 mundum,
444 2073 523 2108 cujus
535 2073 740 2109 generationem
760 2082 822 2102 cum
838 2075 1004 2109 edocuisset,
1020 2076 1139 2104 ostendit
1163 2083 1227 2103 suas
1263 2077 1335 2112 leges
1367 2085 1428 2104 esse
1455 2078 1533 2112 quasi
1556 2078 1647 2104 vivum
1685 2076 1804 2104 universi

165 2121 249 2156 hujus
266 2120 416 2155 exemplar.
435 2119 536 2154 Legum
549 2127 667 2155 namque
682 2119 777 2147 harum
791 2123 844 2154 vis,
857 2122 879 2148 si
895 2123 958 2156 quis
977 2130 1023 2150 eas
1037 2122 1194 2156 diligentius
1214 2122 1337 2150 adltibito
1354 2122 1458 2156 judicio
1494 2123 1654 2156 perpendat,
1694 2122 1806 2149 omnino

163 2173 290 2202 operosae
301 2166 394 2193 mundi
412 2166 548 2192 machinae
582 2173 740 2194 consonans
770 2172 821 2194 est.
854 2167 932 2200 Quod
967 2168 1090 2203 quidam,
1116 2169 1213 2197 relicto
1238 2169 1349 2196 virtutis
1377 2169 1456 2200 calle,
1481 2172 1509 2194 et
1535 2172 1691 2202 contempto
1718 2168 1805 2202 legum

164 2220 279 2241 tnuuere
306 2212 409 2244 divino,
435 2212 617 2247 impegerunt,
638 2213 665 2240 in
692 2214 757 2240 vitia
788 2221 841 2240 nou
864 2214 952 2241 solum
974 2215 1086 2241 humani
1105 2215 1214 2249 generis
1240 2218 1340 2249 pestes,
1376 2214 1423 2241 sed
1446 2213 1507 2240 caeli
1534 2213 1683 2246 mundique
1719 2214 1804 2240 totius

164 2259 269 2291 hostes,
280 2263 394 2293 apparet
408 2259 480 2293 quod
494 2266 526 2285 ea
542 2265 596 2285 non
613 2259 734 2286 tulerunt
772 2259 893 2294 impune.
925 2259 994 2287 Nam
1015 2260 1153 2294 signiﬁcat
1171 2260 1236 2287 talia
1255 2259 1396 2287 hominum
1415 2262 1537 2286 monstra
1563 2267 1616 2286 non
1643 2259 1741 2290 solitis,
1758 2259 1805 2285 scd

163 2305 246 2332 novis
274 2308 303 2331 et
322 2304 470 2338 exquisitis
485 2304 622 2339 exagitata
643 2312 704 2332 esse
727 2305 826 2338 poenis,
849 2312 919 2339 aqua
933 2310 960 2332 ct
980 2305 1053 2339 igne,
1071 2306 1271 2340 potentissimis
1290 2305 1398 2333 scilicet
1423 2305 1567 2332 elementis
1602 2312 1698 2340 poenas
1721 2313 1809 2340 expo-

163 2350 325 2383 scentibus,
348 2355 376 2377 et
398 2350 425 2377 itt
450 2350 560 2377 illorum
586 2350 674 2384 capita
698 2350 926 2377 redundantibus.

199 2396 336 2430 Τοιαύτης
351 2396 380 2422 δὲ
397 2395 504 2424 πόλεως
518 2395 566 2431 τὴν
589 2396 677 2422 κτίσιν
702 2396 769 2431 ἡμῖν
784 2397 956 2432 ἐνστησάμε-

1046 2397 1071 2432 3
1084 2397 1256 2433 Quapropter
1265 2405 1326 2424 cum
1339 2397 1419 2424 talem
1431 2401 1541 2424 nostros
1554 2396 1589 2423 ob
1601 2396 1696 2423 oculos
1711 2399 1804 2431 ponat,

163 2450 219 2475 νος,
230 2442 265 2468 τὰ
277 2442 327 2476 μὲν
350 2443 438 2477 σιωπῇ
453 2442 639 2477 παραδίδωσι,
655 2442 721 2478 περὶ
734 2442 762 2468 δὲ
781 2444 831 2478 τῆς
846 2442 900 2468 τῶν
913 2442 960 2469 δν-

163 2488 217 2514 τῶν
231 2488 340 2523 φύσεως
366 2489 470 2524 σιωπᾷν
483 2489 534 2515 οὐκ
547 2488 684 2523 ἀνέχεται.
711 2489 815 2515 Σκοπὸν
837 2489 892 2524 γὰρ
911 2489 960 2516 ἕνα

164 2535 299 2570 πεποίητο
333 2536 382 2570 τῆς
412 2535 545 2562 πολυθὲου
575 2535 680 2571 πλάνης
714 2538 890 2571 μετενεγκεῖν
915 2536 960 2564 τὸν

163 2579 238 2613 λαὸν,
249 2580 318 2615 πρὸς
329 2581 362 2615 ἢν
380 2581 518 2615 Αἴγυπτον
532 2581 670 2612 οίχοῦντες
682 2582 840 2615 ἐξώκειλαν,
856 2583 903 2609 καὶ
915 2583 960 2610 τὸν

162 2624 211 2650 ἕνα
224 2625 271 2651 τοῦ
289 2626 389 2657 παντὸς
405 2626 555 2653 ὑποθέσθαι
578 2627 757 2663 δημιουργόν.
790 2629 858 2664 Ὁρᾷ
875 2629 958 2664 γὰρὴ

164 2670 260 2706 Γραφὴ
285 2671 317 2698 οὐ
345 2672 414 2708 πρὸς
446 2674 549 2708 ἀκριϐῆ
575 2674 676 2708 γνῶσιν
702 2674 803 2709 μᾶλλον
828 2674 844 2710 ἢ
867 2675 957 2701 θεοσέ-

164 2713 240 2742 ϐειαν
257 2718 285 2737 ε·
304 2715 342 2748 ὡς
358 2717 448 2749 καλῶς
461 2718 535 2753 ἔχειν
548 2718 598 2754 τὴν
612 2718 659 2745 τοῦ
674 2719 759 2754 Σιρὰχ
782 2719 956 2754 παραίνεσιν,

1013 2448 1040 2470 et
1060 2443 1127 2471 adeo
1142 2445 1277 2479 insignem
1301 2444 1406 2474 urbem.
1425 2443 1550 2478 quaedam
1574 2443 1685 2470 silentio
1713 2447 1807 2469 trans-

1013 2489 1095 2516 mittit
1109 2499 1115 2516 :
1129 2498 1224 2517 verum
1254 2490 1287 2516 de
1311 2490 1416 2516 entitttn
1432 2494 1540 2522 natura,
1564 2493 1647 2523 atque
1664 2489 1732 2516 adeo
1750 2493 1806 2516 tota

1015 2542 1105 2561 rerum
1121 2536 1262 2562 creatione
1280 2535 1349 2562 nihil
1365 2535 1500 2562 silendutn
1521 2534 1646 2561 credidit.
1664 2534 1805 2568 Siquidem

1012 2580 1043 2606 ad
1058 2579 1131 2607 hunc
1142 2587 1225 2607 ttnum
1241 2579 1399 2606 collimahat
1426 2585 1549 2614 scopum,
1574 2583 1603 2605 ut
1619 2577 1747 2613 populum
1772 2577 1806 2605 ab

1011 2634 1104 2654 errore
1123 2627 1230 2654 colendi
1258 2627 1360 2654 ntultos
1383 2626 1449 2654 deos
1475 2626 1657 2666 abstraheret,
1681 2625 1708 2651 in
1723 2631 1804 2658 quam

1013 2672 1147 2700 insaniam
1167 2673 1194 2700 in
1222 2672 1341 2707 [Egypto
1357 2677 1496 2700 tnorantes
1511 2672 1690 2700 devenerant.
1714 2669 1806 2701 Quare

1012 2719 1113 2753 ubique
1144 2727 1227 2746 unum
1255 2720 1344 2746 solum
1371 2719 1466 2746 mundi
1509 2718 1634 2753 opilicem
1666 2714 1804 2752 propOnit.

807 2817 923 2846 VARle
943 2818 1146 2847 LECTIUNES.

201 2889 215 2910 ⁸
231 2889 306 2920 GN.
319 2892 368 2927 μή.
409 2898 421 2912 ο
436 2892 467 2921 C.
485 2892 517 2920 N.
533 2893 595 2921 add.
610 2894 671 2929 μέν.

713 2895 722 2915 ί
742 2895 772 2922 C.
790 2895 822 2922 N.
845 2897 1005 2931 συνᾴδοντα.

1048 2897 1133 2924 li(lod.
1148 2897 1233 2925 θέωσι
1248 2905 1309 2924 ctttn
1319 2897 1428 2924 lacuna.
