  <div class='ocr_page' id='page_1' title='image "/cluster/home/n/w/nwhite01/storage/ocr_20150623/87, pt.1/njp.32101013202641/021.png"; bbox 0 0 2072 3157; ppageno 0'>
   <div class='ocr_carea' id='block_1_1' title="bbox 251 185 1051 224">
    <p class='ocr_par' dir='ltr' id='par_1_1' title="bbox 251 185 1051 220">
     <span class='ocr_line' id='line_1_1' title="bbox 251 185 1051 220; baseline 0.003 -2"><span class='ocrx_word' id='word_1_1' title='bbox 251 185 285 218; x_wconf 72' lang='lat'><strong>2&#39;!</strong></span> <span class='ocrx_word' id='word_1_2' title='bbox 920 189 1051 220; x_wconf 78' lang='lat' dir='ltr'><strong>PROCO]</strong></span> 
     </span>
    </p>
   </div>
   <div class='ocr_carea' id='block_1_2' title="bbox 1100 185 1891 224">
    <p class='ocr_par' dir='ltr' id='par_1_2' title="bbox 1115 190 1891 224">
     <span class='ocr_line' id='line_1_2' title="bbox 1115 190 1891 224; baseline 0.004 -4"><span class='ocrx_word' id='word_1_3' title='bbox 1115 190 1238 220; x_wconf 46' lang='lat' dir='ltr'><strong>GAZAEI</strong></span> <span class='ocrx_word' id='word_1_4' title='bbox 1856 191 1891 224; x_wconf 80' lang='grc'><strong>28</strong></span> 
     </span>
    </p>
   </div>
   <div class='ocr_carea' id='block_1_3' title="bbox 253 239 1051 282">
    <p class='ocr_par' dir='ltr' id='par_1_3' title="bbox 253 239 1044 278">
     <span class='ocr_line' id='line_1_3' title="bbox 253 239 1044 278; baseline 0.003 -9"><span class='ocrx_word' id='word_1_5' title='bbox 253 241 394 276; x_wconf 75' lang='lat' dir='ltr'><strong>Scriptura</strong></span> <span class='ocrx_word' id='word_1_6' title='bbox 410 239 510 267; x_wconf 88' lang='lat' dir='ltr'><strong>ctenim</strong></span> <span class='ocrx_word' id='word_1_7' title='bbox 528 247 606 268; x_wconf 87' lang='lat' dir='ltr'><strong>sacra</strong></span> <span class='ocrx_word' id='word_1_8' title='bbox 625 248 678 268; x_wconf 92' lang='lat' dir='ltr'><strong>non</strong></span> <span class='ocrx_word' id='word_1_9' title='bbox 693 245 747 269; x_wconf 88' lang='lat' dir='ltr'><strong>tam</strong></span> <span class='ocrx_word' id='word_1_10' title='bbox 762 241 794 269; x_wconf 90' lang='lat' dir='ltr'><strong>ad</strong></span> <span class='ocrx_word' id='word_1_11' title='bbox 811 247 933 270; x_wconf 86' lang='lat' dir='ltr'><strong>exactam</strong></span> <span class='ocrx_word' id='word_1_12' title='bbox 947 244 1044 278; x_wconf 69' lang='lat' dir='ltr'><strong>cogni-</strong></span> 
     </span>
    </p>
   </div>
   <div class='ocr_carea' id='block_1_4' title="bbox 1100 239 1892 282">
    <p class='ocr_par' dir='ltr' id='par_1_4' title="bbox 1100 244 1892 282">
     <span class='ocr_line' id='line_1_4' title="bbox 1100 244 1892 282; baseline 0.003 -10"><span class='ocrx_word' id='word_1_13' title='bbox 1100 254 1109 271; x_wconf 87' lang='lat' dir='ltr'><strong>t</strong></span> <span class='ocrx_word' id='word_1_14' title='bbox 1133 245 1178 272; x_wconf 89' lang='grc' dir='ltr'><strong>Ἐν</strong></span> <span class='ocrx_word' id='word_1_15' title='bbox 1193 246 1250 276; x_wconf 83' lang='grc' dir='ltr'><strong>τοῖς</strong></span> <span class='ocrx_word' id='word_1_16' title='bbox 1273 245 1414 281; x_wconf 83' lang='grc' dir='ltr'><strong>περισσοῖς</strong></span> <span class='ocrx_word' id='word_1_17' title='bbox 1436 244 1490 271; x_wconf 84' lang='grc' dir='ltr'><strong>τῶν</strong></span> <span class='ocrx_word' id='word_1_18' title='bbox 1511 244 1602 280; x_wconf 72' lang='grc' dir='ltr'><strong>ἔργων</strong></span> <span class='ocrx_word' id='word_1_19' title='bbox 1625 252 1672 271; x_wconf 89' lang='grc' dir='ltr'><strong>σου</strong></span> <span class='ocrx_word' id='word_1_20' title='bbox 1687 244 1725 280; x_wconf 86' lang='grc' dir='ltr'><strong>μὴ</strong></span> <span class='ocrx_word' id='word_1_21' title='bbox 1745 247 1892 282; x_wconf 75' lang='grc' dir='ltr'><strong>περιεργά-</strong></span> 
     </span>
    </p>
   </div>
   <div class='ocr_carea' id='block_1_5' title="bbox 254 287 1045 326">
    <p class='ocr_par' dir='ltr' id='par_1_5' title="bbox 254 287 1045 326">
     <span class='ocr_line' id='line_1_5' title="bbox 254 287 1045 326; baseline 0.004 -11"><span class='ocrx_word' id='word_1_22' title='bbox 254 289 355 315; x_wconf 82' lang='lat' dir='ltr'><strong>tionem</strong></span> <span class='ocrx_word' id='word_1_23' title='bbox 373 295 475 319; x_wconf 81' lang='lat' dir='ltr'><strong>rerum,</strong></span> <span class='ocrx_word' id='word_1_24' title='bbox 489 295 570 321; x_wconf 93' lang='lat' dir='ltr'><strong>quam</strong></span> <span class='ocrx_word' id='word_1_25' title='bbox 587 287 620 314; x_wconf 88' lang='lat' dir='ltr'><strong>ad</strong></span> <span class='ocrx_word' id='word_1_26' title='bbox 647 288 774 322; x_wconf 89' lang='lat' dir='ltr'><strong>pietatem</strong></span> <span class='ocrx_word' id='word_1_27' title='bbox 790 288 943 317; x_wconf 80' lang='lat' dir='ltr'><strong>docendam</strong></span> <span class='ocrx_word' id='word_1_28' title='bbox 958 290 1045 326; x_wconf 87' lang='lat' dir='ltr'><strong>respi-</strong></span> 
     </span>
    </p>
   </div>
   <div class='ocr_carea' id='block_1_6' title="bbox 254 332 1046 368">
    <p class='ocr_par' dir='ltr' id='par_1_6' title="bbox 254 332 1046 368">
     <span class='ocr_line' id='line_1_6' title="bbox 254 332 1046 368; baseline 0.004 -8"><span class='ocrx_word' id='word_1_29' title='bbox 254 334 302 365; x_wconf 87' lang='lat' dir='ltr'><strong>cit,</strong></span> <span class='ocrx_word' id='word_1_30' title='bbox 318 338 370 359; x_wconf 89' lang='lat' dir='ltr'><strong>etc.</strong></span> <span class='ocrx_word' id='word_1_31' title='bbox 400 332 549 360; x_wconf 85' lang='lat' dir='ltr'><strong>Laudanda</strong></span> <span class='ocrx_word' id='word_1_32' title='bbox 575 337 616 360; x_wconf 87' lang='lat' dir='ltr'><strong>cst</strong></span> <span class='ocrx_word' id='word_1_33' title='bbox 643 334 727 368; x_wconf 75' lang='lat' dir='ltr'><strong>igitur</strong></span> <span class='ocrx_word' id='word_1_34' title='bbox 751 335 823 362; x_wconf 86' lang='lat' dir='ltr'><strong>haud</strong></span> <span class='ocrx_word' id='word_1_35' title='bbox 846 335 984 363; x_wconf 86' lang='lat' dir='ltr'><strong>immerito</strong></span> <span class='ocrx_word' id='word_1_36' title='bbox 1000 336 1046 363; x_wconf 86' lang='lat' dir='ltr'><strong>illa</strong></span> 
     </span>
    </p>
   </div>
   <div class='ocr_carea' id='block_1_7' title="bbox 254 375 1046 413">
    <p class='ocr_par' dir='ltr' id='par_1_7' title="bbox 254 375 1046 413">
     <span class='ocr_line' id='line_1_7' title="bbox 254 375 1046 413; baseline 0.008 -12"><span class='ocrx_word' id='word_1_37' title='bbox 254 375 351 402; x_wconf 81' lang='lat' dir='ltr'><strong>Sirach</strong></span> <span class='ocrx_word' id='word_1_38' title='bbox 377 375 528 402; x_wconf 79' lang='lat' dir='ltr'><strong>admonitio</strong></span> <span class='ocrx_word' id='word_1_39' title='bbox 544 385 550 403; x_wconf 87' lang='lat'><strong>:</strong></span> <span class='ocrx_word' id='word_1_40' title='bbox 566 386 575 402; x_wconf 70' lang='grc' dir='ltr'><strong>ε</strong></span> <span class='ocrx_word' id='word_1_41' title='bbox 589 377 616 404; x_wconf 89' lang='grc' dir='ltr'><strong>1η</strong></span> <span class='ocrx_word' id='word_1_42' title='bbox 635 379 844 412; x_wconf 72' lang='lat' dir='ltr'><strong>supervacaneis</strong></span> <span class='ocrx_word' id='word_1_43' title='bbox 859 387 972 413; x_wconf 88' lang='lat' dir='ltr'><strong>operum</strong></span> <span class='ocrx_word' id='word_1_44' title='bbox 985 384 1046 407; x_wconf 72' lang='lat' dir='ltr'><strong>tu0&lt;</strong></span> 
     </span>
    </p>
   </div>
   <div class='ocr_carea' id='block_1_8' title="bbox 256 422 1046 452">
    <p class='ocr_par' dir='ltr' id='par_1_8' title="bbox 256 422 1046 452">
     <span class='ocr_line' id='line_1_8' title="bbox 256 422 1046 452; baseline 0.005 -4"><span class='ocrx_word' id='word_1_45' title='bbox 256 429 315 448; x_wconf 88' lang='lat' dir='ltr'><strong>rum</strong></span> <span class='ocrx_word' id='word_1_46' title='bbox 331 429 363 449; x_wconf 89' lang='lat' dir='ltr'><strong>ue</strong></span> <span class='ocrx_word' id='word_1_47' title='bbox 377 422 414 449; x_wconf 85' lang='lat' dir='ltr'><strong>sis</strong></span> <span class='ocrx_word' id='word_1_48' title='bbox 429 423 556 450; x_wconf 88' lang='lat' dir='ltr'><strong>curiosus</strong></span> <span class='ocrx_word' id='word_1_49' title='bbox 567 423 604 450; x_wconf 75' lang='grc'><strong>³.»</strong></span> <span class='ocrx_word' id='word_1_50' title='bbox 617 423 697 451; x_wconf 88' lang='lat' dir='ltr'><strong>Plura</strong></span> <span class='ocrx_word' id='word_1_51' title='bbox 709 425 780 452; x_wconf 90' lang='lat' dir='ltr'><strong>enim</strong></span> <span class='ocrx_word' id='word_1_52' title='bbox 800 425 939 452; x_wconf 88' lang='lat' dir='ltr'><strong>iulellecltt</strong></span> <span class='ocrx_word' id='word_1_53' title='bbox 957 425 1046 452; x_wconf 86' lang='lat' dir='ltr'><strong>homi-</strong></span> 
     </span>
    </p>
   </div>
   <div class='ocr_carea' id='block_1_9' title="bbox 256 469 1046 501">
    <p class='ocr_par' dir='ltr' id='par_1_9' title="bbox 256 469 1046 501">
     <span class='ocr_line' id='line_1_9' title="bbox 256 469 1046 501; baseline 0.005 -7"><span class='ocrx_word' id='word_1_54' title='bbox 256 475 320 494; x_wconf 88' lang='lat' dir='ltr'><strong>num</strong></span> <span class='ocrx_word' id='word_1_55' title='bbox 334 473 443 495; x_wconf 86' lang='lat' dir='ltr'><strong>osteusa</strong></span> <span class='ocrx_word' id='word_1_56' title='bbox 459 473 522 496; x_wconf 90' lang='lat' dir='ltr'><strong>sunt</strong></span> <span class='ocrx_word' id='word_1_57' title='bbox 545 469 604 501; x_wconf 91' lang='lat' dir='ltr'><strong>tibi,</strong></span> <span class='ocrx_word' id='word_1_58' title='bbox 625 474 678 497; x_wconf 88' lang='lat' dir='ltr'><strong>etc.</strong></span> <span class='ocrx_word' id='word_1_59' title='bbox 702 469 755 497; x_wconf 87' lang='lat' dir='ltr'><strong>Nec</strong></span> <span class='ocrx_word' id='word_1_60' title='bbox 782 471 848 497; x_wconf 88' lang='lat' dir='ltr'><strong>illttd</strong></span> <span class='ocrx_word' id='word_1_61' title='bbox 872 471 1046 499; x_wconf 62' lang='lat' dir='ltr'><strong>Ecclesiaste:</strong></span> 
     </span>
    </p>
   </div>
   <div class='ocr_carea' id='block_1_10' title="bbox 257 514 1046 552">
    <p class='ocr_par' dir='ltr' id='par_1_10' title="bbox 257 514 1046 552">
     <span class='ocr_line' id='line_1_10' title="bbox 257 514 1046 552; baseline 0.005 -12"><span class='ocrx_word' id='word_1_62' title='bbox 257 514 467 548; x_wconf 87' lang='lat' dir='ltr'><strong>improbandum</strong></span> <span class='ocrx_word' id='word_1_63' title='bbox 483 519 525 542; x_wconf 86' lang='lat' dir='ltr'><strong>est</strong></span> <span class='ocrx_word' id='word_1_64' title='bbox 542 523 549 542; x_wconf 85' lang='lat'><strong>:</strong></span> <span class='ocrx_word' id='word_1_65' title='bbox 569 515 627 542; x_wconf 83' lang='lat' dir='ltr'><strong>Non</strong></span> <span class='ocrx_word' id='word_1_66' title='bbox 640 517 679 543; x_wconf 88' lang='lat' dir='ltr'><strong>sis</strong></span> <span class='ocrx_word' id='word_1_67' title='bbox 691 516 804 542; x_wconf 90' lang='lat' dir='ltr'><strong>multum</strong></span> <span class='ocrx_word' id='word_1_68' title='bbox 819 517 924 551; x_wconf 87' lang='lat' dir='ltr'><strong>justus,</strong></span> <span class='ocrx_word' id='word_1_69' title='bbox 956 525 1046 552; x_wconf 88' lang='lat' dir='ltr'><strong>neque</strong></span> 
     </span>
    </p>
   </div>
   <div class='ocr_carea' id='block_1_11' title="bbox 257 561 1045 597">
    <p class='ocr_par' dir='ltr' id='par_1_11' title="bbox 257 561 1045 597">
     <span class='ocr_line' id='line_1_11' title="bbox 257 561 1045 597; baseline 0.004 -10"><span class='ocrx_word' id='word_1_70' title='bbox 257 561 296 587; x_wconf 83' lang='lat' dir='ltr'><strong>sis</strong></span> <span class='ocrx_word' id='word_1_71' title='bbox 306 561 419 587; x_wconf 89' lang='lat' dir='ltr'><strong>nimium</strong></span> <span class='ocrx_word' id='word_1_72' title='bbox 436 561 546 596; x_wconf 80' lang='lat' dir='ltr'><strong>sapiens</strong></span> <span class='ocrx_word' id='word_1_73' title='bbox 563 570 570 587; x_wconf 72' lang='grc' dir='ltr'><strong>ι</strong></span> <span class='ocrx_word' id='word_1_74' title='bbox 587 567 616 588; x_wconf 95' lang='lat' dir='ltr'><strong>ut</strong></span> <span class='ocrx_word' id='word_1_75' title='bbox 628 562 694 597; x_wconf 90' lang='lat' dir='ltr'><strong>qttid</strong></span> <span class='ocrx_word' id='word_1_76' title='bbox 708 563 781 589; x_wconf 84' lang='lat' dir='ltr'><strong>enim</strong></span> <span class='ocrx_word' id='word_1_77' title='bbox 797 563 822 589; x_wconf 92' lang='lat' dir='ltr'><strong>in</strong></span> <span class='ocrx_word' id='word_1_78' title='bbox 846 563 1045 590; x_wconf 77' lang='lat' dir='ltr'><strong>desolationem</strong></span> 
     </span>
    </p>
   </div>
   <div class='ocr_carea' id='block_1_12' title="bbox 257 606 1046 642">
    <p class='ocr_par' dir='ltr' id='par_1_12' title="bbox 257 606 1046 642">
     <span class='ocr_line' id='line_1_12' title="bbox 257 606 1046 642; baseline 0.004 -9"><span class='ocrx_word' id='word_1_79' title='bbox 257 606 375 633; x_wconf 85' lang='lat' dir='ltr'><strong>venies?</strong></span> <span class='ocrx_word' id='word_1_80' title='bbox 407 607 542 634; x_wconf 68' lang='lat' dir='ltr'><strong>Pratterea</strong></span> <span class='ocrx_word' id='word_1_81' title='bbox 573 615 603 633; x_wconf 81' lang='lat' dir='ltr'><strong>ea</strong></span> <span class='ocrx_word' id='word_1_82' title='bbox 632 612 796 642; x_wconf 73' lang='lat' dir='ltr'><strong>tempestate</strong></span> <span class='ocrx_word' id='word_1_83' title='bbox 824 610 957 636; x_wconf 69' lang='lat' dir='ltr'><strong>saeculum</strong></span> <span class='ocrx_word' id='word_1_84' title='bbox 985 613 1046 636; x_wconf 81' lang='lat' dir='ltr'><strong>erat</strong></span> 
     </span>
    </p>
   </div>
   <div class='ocr_carea' id='block_1_13' title="bbox 258 652 1046 690">
    <p class='ocr_par' dir='ltr' id='par_1_13' title="bbox 258 652 1046 690">
     <span class='ocr_line' id='line_1_13' title="bbox 258 652 1046 690; baseline 0.006 -12"><span class='ocrx_word' id='word_1_85' title='bbox 258 652 343 679; x_wconf 89' lang='lat' dir='ltr'><strong>rude:</strong></span> <span class='ocrx_word' id='word_1_86' title='bbox 374 653 441 679; x_wconf 86' lang='lat' dir='ltr'><strong>nulli</strong></span> <span class='ocrx_word' id='word_1_87' title='bbox 466 653 508 679; x_wconf 87' lang='lat' dir='ltr'><strong>vel</strong></span> <span class='ocrx_word' id='word_1_88' title='bbox 535 652 639 680; x_wconf 71' lang='lat' dir='ltr'><strong>llebrwi</strong></span> <span class='ocrx_word' id='word_1_89' title='bbox 658 654 700 680; x_wconf 96' lang='lat' dir='ltr'><strong>vel</strong></span> <span class='ocrx_word' id='word_1_90' title='bbox 724 653 810 681; x_wconf 61' lang='lat' dir='ltr'><strong>Graeci</strong></span> <span class='ocrx_word' id='word_1_91' title='bbox 831 655 987 690; x_wconf 77' lang='lat' dir='ltr'><strong>quivissent</strong></span> <span class='ocrx_word' id='word_1_92' title='bbox 999 664 1046 683; x_wconf 91' lang='lat' dir='ltr'><strong>su-</strong></span> 
     </span>
    </p>
   </div>
   <div class='ocr_carea' id='block_1_14' title="bbox 258 697 1045 736">
    <p class='ocr_par' dir='ltr' id='par_1_14' title="bbox 258 697 1045 736">
     <span class='ocr_line' id='line_1_14' title="bbox 258 697 1045 736; baseline 0.004 -11"><span class='ocrx_word' id='word_1_93' title='bbox 258 697 356 725; x_wconf 86' lang='lat' dir='ltr'><strong>blimes</strong></span> <span class='ocrx_word' id='word_1_94' title='bbox 371 704 397 725; x_wconf 84' lang='lat' dir='ltr'><strong>et</strong></span> <span class='ocrx_word' id='word_1_95' title='bbox 412 699 552 726; x_wconf 82' lang='lat' dir='ltr'><strong>acutiores</strong></span> <span class='ocrx_word' id='word_1_96' title='bbox 574 700 742 734; x_wconf 72' lang='lat' dir='ltr'><strong>quaestiones</strong></span> <span class='ocrx_word' id='word_1_97' title='bbox 767 708 815 728; x_wconf 86' lang='lat' dir='ltr'><strong>seu</strong></span> <span class='ocrx_word' id='word_1_98' title='bbox 841 702 1045 736; x_wconf 83' lang='lat' dir='ltr'><strong>speculationes</strong></span> 
     </span>
    </p>
   </div>
   <div class='ocr_carea' id='block_1_15' title="bbox 258 745 1046 781">
    <p class='ocr_par' dir='ltr' id='par_1_15' title="bbox 258 745 1046 781">
     <span class='ocr_line' id='line_1_15' title="bbox 258 745 1046 781; baseline 0.006 -11"><span class='ocrx_word' id='word_1_99' title='bbox 258 751 365 778; x_wconf 80' lang='lat' dir='ltr'><strong>capere,</strong></span> <span class='ocrx_word' id='word_1_100' title='bbox 384 746 534 779; x_wconf 72' lang='lat' dir='ltr'><strong>praesertim</strong></span> <span class='ocrx_word' id='word_1_101' title='bbox 550 753 612 772; x_wconf 89' lang='lat' dir='ltr'><strong>cum</strong></span> <span class='ocrx_word' id='word_1_102' title='bbox 635 746 681 773; x_wconf 85' lang='lat' dir='ltr'><strong>illa</strong></span> <span class='ocrx_word' id='word_1_103' title='bbox 705 745 845 781; x_wconf 79' lang='lat' dir='ltr'><strong>dogmata,</strong></span> <span class='ocrx_word' id='word_1_104' title='bbox 862 755 921 780; x_wconf 70' lang='lat' dir='ltr'><strong>qua:</strong></span> <span class='ocrx_word' id='word_1_105' title='bbox 937 755 989 774; x_wconf 87' lang='lat' dir='ltr'><strong>non</strong></span> <span class='ocrx_word' id='word_1_106' title='bbox 1012 747 1046 774; x_wconf 87' lang='lat' dir='ltr'><strong>ad</strong></span> 
     </span>
    </p>
   </div>
   <div class='ocr_carea' id='block_1_16' title="bbox 259 789 1043 827">
    <p class='ocr_par' dir='ltr' id='par_1_16' title="bbox 259 789 1043 827">
     <span class='ocr_line' id='line_1_16' title="bbox 259 789 1043 827; baseline 0.008 -13"><span class='ocrx_word' id='word_1_107' title='bbox 259 789 327 816; x_wconf 85' lang='lat' dir='ltr'><strong>bene</strong></span> <span class='ocrx_word' id='word_1_108' title='bbox 344 789 475 824; x_wconf 80' lang='lat' dir='ltr'><strong>beateque</strong></span> <span class='ocrx_word' id='word_1_109' title='bbox 489 791 645 823; x_wconf 84' lang='lat' dir='ltr'><strong>vivendum.</strong></span> <span class='ocrx_word' id='word_1_110' title='bbox 664 792 848 827; x_wconf 70' lang='lat' dir='ltr'><strong>pietatemque</strong></span> <span class='ocrx_word' id='word_1_111' title='bbox 866 793 1043 826; x_wconf 85' lang='lat' dir='ltr'><strong>inducerent,</strong></span> 
     </span>
    </p>
   </div>
   <div class='ocr_carea' id='block_1_17' title="bbox 258 838 1044 873">
    <p class='ocr_par' dir='ltr' id='par_1_17' title="bbox 258 838 1044 873">
     <span class='ocr_line' id='line_1_17' title="bbox 258 838 1044 873; baseline 0.008 -13"><span class='ocrx_word' id='word_1_112' title='bbox 258 840 292 861; x_wconf 87' lang='lat' dir='ltr'><strong>eo</strong></span> <span class='ocrx_word' id='word_1_113' title='bbox 318 839 438 869; x_wconf 86' lang='lat' dir='ltr'><strong>tempore</strong></span> <span class='ocrx_word' id='word_1_114' title='bbox 457 839 486 862; x_wconf 90' lang='lat' dir='ltr'><strong>ut</strong></span> <span class='ocrx_word' id='word_1_115' title='bbox 513 843 716 871; x_wconf 83' lang='lat' dir='ltr'><strong>supervacanea</strong></span> <span class='ocrx_word' id='word_1_116' title='bbox 732 841 759 865; x_wconf 88' lang='lat' dir='ltr'><strong>et</strong></span> <span class='ocrx_word' id='word_1_117' title='bbox 782 839 866 865; x_wconf 89' lang='lat' dir='ltr'><strong>stulta</strong></span> <span class='ocrx_word' id='word_1_118' title='bbox 890 838 1044 873; x_wconf 75' lang='lat' dir='ltr'><strong>rejicerent.</strong></span> 
     </span>
    </p>
   </div>
   <div class='ocr_carea' id='block_1_18' title="bbox 258 880 1047 919">
    <p class='ocr_par' dir='ltr' id='par_1_18' title="bbox 258 880 1047 919">
     <span class='ocr_line' id='line_1_18' title="bbox 258 880 1047 919; baseline 0.008 -13"><span class='ocrx_word' id='word_1_119' title='bbox 258 880 383 912; x_wconf 84' lang='lat' dir='ltr'><strong>Atenim,</strong></span> <span class='ocrx_word' id='word_1_120' title='bbox 396 881 418 909; x_wconf 84' lang='lat' dir='ltr'><strong>si</strong></span> <span class='ocrx_word' id='word_1_121' title='bbox 434 882 497 917; x_wconf 85' lang='lat' dir='ltr'><strong>quis</strong></span> <span class='ocrx_word' id='word_1_122' title='bbox 509 890 564 910; x_wconf 86' lang='lat' dir='ltr'><strong>rem</strong></span> <span class='ocrx_word' id='word_1_123' title='bbox 580 883 700 917; x_wconf 85' lang='lat' dir='ltr'><strong>penitins</strong></span> <span class='ocrx_word' id='word_1_124' title='bbox 715 884 855 918; x_wconf 84' lang='lat' dir='ltr'><strong>inspiciet.</strong></span> <span class='ocrx_word' id='word_1_125' title='bbox 871 885 989 919; x_wconf 81' lang='lat' dir='ltr'><strong>reperiet</strong></span> <span class='ocrx_word' id='word_1_126' title='bbox 998 885 1047 911; x_wconf 85' lang='lat' dir='ltr'><strong>No-</strong></span> 
     </span>
    </p>
   </div>
   <div class='ocr_carea' id='block_1_19' title="bbox 259 918 1085 962">
    <p class='ocr_par' dir='ltr' id='par_1_19' title="bbox 259 918 1085 962">
     <span class='ocr_line' id='line_1_19' title="bbox 259 918 1085 962; baseline 0.006 -10"><span class='ocrx_word' id='word_1_127' title='bbox 259 933 323 952; x_wconf 91' lang='lat' dir='ltr'><strong>vum</strong></span> <span class='ocrx_word' id='word_1_128' title='bbox 350 925 553 954; x_wconf 85' lang='lat' dir='ltr'><strong>Testamentum</strong></span> <span class='ocrx_word' id='word_1_129' title='bbox 573 935 684 962; x_wconf 88' lang='lat' dir='ltr'><strong>scoputn</strong></span> <span class='ocrx_word' id='word_1_130' title='bbox 701 929 843 956; x_wconf 79' lang='lat' dir='ltr'><strong>exstitisse</strong></span> <span class='ocrx_word' id='word_1_131' title='bbox 863 918 979 961; x_wconf 82' lang='lat' dir='ltr'><strong>Veteris,</strong></span> <span class='ocrx_word' id='word_1_132' title='bbox 1001 937 1047 957; x_wconf 68' lang='grc' dir='ltr'><strong>(έο-</strong></span> <span class='ocrx_word' id='word_1_133' title='bbox 1063 918 1085 946; x_wconf 76' lang='grc' dir='ltr'><strong><em>Β</em></strong></span> 
     </span>
    </p>
   </div>
   <div class='ocr_carea' id='block_1_20' title="bbox 258 971 1048 1008">
    <p class='ocr_par' dir='ltr' id='par_1_20' title="bbox 258 971 1048 1008">
     <span class='ocr_line' id='line_1_20' title="bbox 258 971 1048 1008; baseline 0.006 -11"><span class='ocrx_word' id='word_1_134' title='bbox 258 975 426 1006; x_wconf 72' lang='grc' dir='ltr'><strong>σιηοεορῑψιε</strong></span> <span class='ocrx_word' id='word_1_135' title='bbox 438 971 521 999; x_wconf 88' lang='lat' dir='ltr'><strong>Vetus</strong></span> <span class='ocrx_word' id='word_1_136' title='bbox 534 980 595 1000; x_wconf 88' lang='lat' dir='ltr'><strong>esse</strong></span> <span class='ocrx_word' id='word_1_137' title='bbox 606 973 685 1008; x_wconf 91' lang='lat' dir='ltr'><strong>quasi</strong></span> <span class='ocrx_word' id='word_1_138' title='bbox 704 973 904 1002; x_wconf 88' lang='lat' dir='ltr'><strong>institutionem</strong></span> <span class='ocrx_word' id='word_1_139' title='bbox 918 979 944 1002; x_wconf 86' lang='lat' dir='ltr'><strong>et</strong></span> <span class='ocrx_word' id='word_1_140' title='bbox 960 975 1048 1002; x_wconf 88' lang='lat' dir='ltr'><strong>intro-</strong></span> 
     </span>
    </p>
   </div>
   <div class='ocr_carea' id='block_1_21' title="bbox 257 1017 1047 1055">
    <p class='ocr_par' dir='ltr' id='par_1_21' title="bbox 257 1017 1047 1055">
     <span class='ocr_line' id='line_1_21' title="bbox 257 1017 1047 1055; baseline 0.005 -11"><span class='ocrx_word' id='word_1_141' title='bbox 257 1017 413 1044; x_wconf 85' lang='lat' dir='ltr'><strong>ductionem</strong></span> <span class='ocrx_word' id='word_1_142' title='bbox 430 1018 463 1046; x_wconf 91' lang='lat' dir='ltr'><strong>ad</strong></span> <span class='ocrx_word' id='word_1_143' title='bbox 474 1017 590 1046; x_wconf 87' lang='lat' dir='ltr'><strong>Novum.</strong></span> <span class='ocrx_word' id='word_1_144' title='bbox 602 1019 664 1046; x_wconf 86' lang='lat' dir='ltr'><strong>Ideo</strong></span> <span class='ocrx_word' id='word_1_145' title='bbox 674 1019 774 1052; x_wconf 83' lang='lat' dir='ltr'><strong>Moses,</strong></span> <span class='ocrx_word' id='word_1_146' title='bbox 791 1025 980 1055; x_wconf 89' lang='lat' dir='ltr'><strong>utptterornm</strong></span> <span class='ocrx_word' id='word_1_147' title='bbox 998 1022 1047 1048; x_wconf 92' lang='lat' dir='ltr'><strong>do-</strong></span> 
     </span>
    </p>
   </div>
   <div class='ocr_carea' id='block_1_22' title="bbox 257 1064 1048 1101">
    <p class='ocr_par' dir='ltr' id='par_1_22' title="bbox 257 1064 1048 1101">
     <span class='ocr_line' id='line_1_22' title="bbox 257 1064 1048 1101; baseline 0.004 -11"><span class='ocrx_word' id='word_1_148' title='bbox 257 1068 438 1094; x_wconf 82' lang='lat' dir='ltr'><strong>ctor.arcaua</strong></span> <span class='ocrx_word' id='word_1_149' title='bbox 457 1065 589 1099; x_wconf 74' lang='lat' dir='ltr'><strong>mysteria</strong></span> <span class='ocrx_word' id='word_1_150' title='bbox 612 1065 698 1092; x_wconf 87' lang='lat' dir='ltr'><strong>missa</strong></span> <span class='ocrx_word' id='word_1_151' title='bbox 714 1064 788 1097; x_wconf 79' lang='lat' dir='ltr'><strong>facit,</strong></span> <span class='ocrx_word' id='word_1_152' title='bbox 807 1066 930 1101; x_wconf 86' lang='lat' dir='ltr'><strong>nihilque</strong></span> <span class='ocrx_word' id='word_1_153' title='bbox 941 1066 988 1093; x_wconf 91' lang='lat' dir='ltr'><strong>alti</strong></span> <span class='ocrx_word' id='word_1_154' title='bbox 1006 1067 1048 1094; x_wconf 88' lang='lat' dir='ltr'><strong>vel</strong></span> 
     </span>
    </p>
   </div>
   <div class='ocr_carea' id='block_1_23' title="bbox 256 1109 1046 1149">
    <p class='ocr_par' dir='ltr' id='par_1_23' title="bbox 256 1109 1046 1149">
     <span class='ocr_line' id='line_1_23' title="bbox 256 1109 1046 1149; baseline 0.004 -13"><span class='ocrx_word' id='word_1_155' title='bbox 256 1109 358 1136; x_wconf 77' lang='lat' dir='ltr'><strong>excelsi</strong></span> <span class='ocrx_word' id='word_1_156' title='bbox 370 1109 746 1149; x_wconf 61' lang='lat' dir='ltr'><strong>sonat.Ett_uttteratprim_utn</strong></span> <span class='ocrx_word' id='word_1_157' title='bbox 761 1112 855 1138; x_wconf 90' lang='lat' dir='ltr'><strong>mundi</strong></span> <span class='ocrx_word' id='word_1_158' title='bbox 868 1112 1046 1146; x_wconf 77' lang='lat' dir='ltr'><strong>creationem,</strong></span> 
     </span>
    </p>
   </div>
   <div class='ocr_carea' id='block_1_24' title="bbox 256 1148 1048 1192">
    <p class='ocr_par' dir='ltr' id='par_1_24' title="bbox 256 1148 1048 1192">
     <span class='ocr_line' id='line_1_24' title="bbox 256 1148 1048 1192; baseline 0.004 -11"><span class='ocrx_word' id='word_1_159' title='bbox 256 1155 354 1182; x_wconf 82' lang='lat' dir='ltr'><strong>deinde</strong></span> <span class='ocrx_word' id='word_1_160' title='bbox 370 1155 443 1190; x_wconf 75' lang='lat' dir='ltr'><strong>leges</strong></span> <span class='ocrx_word' id='word_1_161' title='bbox 457 1156 518 1182; x_wconf 85' lang='lat' dir='ltr'><strong>sine</strong></span> <span class='ocrx_word' id='word_1_162' title='bbox 530 1156 636 1190; x_wconf 84' lang='lat' dir='ltr'><strong>scripto</strong></span> <span class='ocrx_word' id='word_1_163' title='bbox 660 1148 777 1191; x_wconf 76' lang='lat' dir='ltr'><strong>profert,</strong></span> <span class='ocrx_word' id='word_1_164' title='bbox 792 1154 861 1192; x_wconf 74' lang='lat' dir='ltr'><strong>quas</strong></span> <span class='ocrx_word' id='word_1_165' title='bbox 874 1150 963 1192; x_wconf 77' lang='lat' dir='ltr'><strong>prisci</strong></span> <span class='ocrx_word' id='word_1_166' title='bbox 975 1166 1048 1184; x_wconf 91' lang='lat' dir='ltr'><strong>mor-</strong></span> 
     </span>
    </p>
   </div>
   <div class='ocr_carea' id='block_1_25' title="bbox 258 1200 1048 1237">
    <p class='ocr_par' dir='ltr' id='par_1_25' title="bbox 258 1200 1048 1237">
     <span class='ocr_line' id='line_1_25' title="bbox 258 1200 1048 1237; baseline 0.005 -11"><span class='ocrx_word' id='word_1_167' title='bbox 258 1200 325 1227; x_wconf 85' lang='lat' dir='ltr'><strong>tales</strong></span> <span class='ocrx_word' id='word_1_168' title='bbox 340 1208 389 1227; x_wconf 90' lang='lat' dir='ltr'><strong>ceu</strong></span> <span class='ocrx_word' id='word_1_169' title='bbox 403 1201 465 1228; x_wconf 67' lang='lat' dir='ltr'><strong>vita:</strong></span> <span class='ocrx_word' id='word_1_170' title='bbox 485 1205 588 1228; x_wconf 87' lang='lat' dir='ltr'><strong>certam</strong></span> <span class='ocrx_word' id='word_1_171' title='bbox 602 1209 726 1228; x_wconf 85' lang='lat' dir='ltr'><strong>normam</strong></span> <span class='ocrx_word' id='word_1_172' title='bbox 750 1203 946 1237; x_wconf 76' lang='lat' dir='ltr'><strong>sequebantur.</strong></span> <span class='ocrx_word' id='word_1_173' title='bbox 961 1203 1048 1230; x_wconf 73' lang='lat' dir='ltr'><strong>Acce-</strong></span> 
     </span>
    </p>
   </div>
   <div class='ocr_carea' id='block_1_26' title="bbox 257 1244 1044 1284">
    <p class='ocr_par' dir='ltr' id='par_1_26' title="bbox 257 1244 1044 1284">
     <span class='ocr_line' id='line_1_26' title="bbox 257 1244 1044 1284; baseline 0.003 -11"><span class='ocrx_word' id='word_1_174' title='bbox 257 1254 321 1281; x_wconf 85' lang='lat' dir='ltr'><strong>pere</strong></span> <span class='ocrx_word' id='word_1_175' title='bbox 333 1246 404 1273; x_wconf 87' lang='lat' dir='ltr'><strong>enim</strong></span> <span class='ocrx_word' id='word_1_176' title='bbox 419 1246 468 1273; x_wconf 88' lang='lat' dir='ltr'><strong>has</strong></span> <span class='ocrx_word' id='word_1_177' title='bbox 479 1254 511 1274; x_wconf 79' lang='lat' dir='ltr'><strong>ex</strong></span> <span class='ocrx_word' id='word_1_178' title='bbox 525 1247 678 1274; x_wconf 85' lang='lat' dir='ltr'><strong>visionibus</strong></span> <span class='ocrx_word' id='word_1_179' title='bbox 691 1247 801 1280; x_wconf 89' lang='lat' dir='ltr'><strong>divinis,</strong></span> <span class='ocrx_word' id='word_1_180' title='bbox 817 1257 877 1284; x_wconf 73' lang='lat' dir='ltr'><strong>qua:</strong></span> <span class='ocrx_word' id='word_1_181' title='bbox 889 1244 965 1283; x_wconf 80' lang='lat' dir='ltr'><strong>ipsis,</strong></span> <span class='ocrx_word' id='word_1_182' title='bbox 975 1257 1044 1284; x_wconf 89' lang='lat' dir='ltr'><strong>qua-</strong></span> 
     </span>
    </p>
   </div>
   <div class='ocr_carea' id='block_1_27' title="bbox 257 1292 1048 1329">
    <p class='ocr_par' dir='ltr' id='par_1_27' title="bbox 257 1292 1048 1329">
     <span class='ocr_line' id='line_1_27' title="bbox 257 1292 1048 1329; baseline 0.003 -10"><span class='ocrx_word' id='word_1_183' title='bbox 257 1297 338 1320; x_wconf 87' lang='lat' dir='ltr'><strong>tenus</strong></span> <span class='ocrx_word' id='word_1_184' title='bbox 354 1292 411 1320; x_wconf 88' lang='lat' dir='ltr'><strong>lleri</strong></span> <span class='ocrx_word' id='word_1_185' title='bbox 431 1292 541 1325; x_wconf 87' lang='lat' dir='ltr'><strong>licebat,</strong></span> <span class='ocrx_word' id='word_1_186' title='bbox 552 1299 704 1328; x_wconf 83' lang='lat' dir='ltr'><strong>apparuere</strong></span> <span class='ocrx_word' id='word_1_187' title='bbox 715 1294 858 1321; x_wconf 81' lang='lat' dir='ltr'><strong>divinitus.</strong></span> <span class='ocrx_word' id='word_1_188' title='bbox 869 1295 943 1322; x_wconf 79' lang='lat' dir='ltr'><strong>Deus</strong></span> <span class='ocrx_word' id='word_1_189' title='bbox 957 1295 1048 1329; x_wconf 92' lang='lat' dir='ltr'><strong>siqui-</strong></span> 
     </span>
    </p>
   </div>
   <div class='ocr_carea' id='block_1_28' title="bbox 256 1338 1048 1376">
    <p class='ocr_par' dir='ltr' id='par_1_28' title="bbox 256 1338 1048 1376">
     <span class='ocr_line' id='line_1_28' title="bbox 256 1338 1048 1376; baseline 0.004 -12"><span class='ocrx_word' id='word_1_190' title='bbox 256 1338 356 1366; x_wconf 82' lang='lat' dir='ltr'><strong>detnex</strong></span> <span class='ocrx_word' id='word_1_191' title='bbox 365 1338 512 1366; x_wconf 83' lang='lat' dir='ltr'><strong>Abrahami</strong></span> <span class='ocrx_word' id='word_1_192' title='bbox 526 1339 632 1366; x_wconf 88' lang='lat' dir='ltr'><strong>semine</strong></span> <span class='ocrx_word' id='word_1_193' title='bbox 643 1340 772 1374; x_wconf 89' lang='lat' dir='ltr'><strong>populum</strong></span> <span class='ocrx_word' id='word_1_194' title='bbox 780 1340 929 1376; x_wconf 74' lang='lat' dir='ltr'><strong>delegerat,</strong></span> <span class='ocrx_word' id='word_1_195' title='bbox 938 1348 1020 1376; x_wconf 88' lang='lat' dir='ltr'><strong>quem</strong></span> <span class='ocrx_word' id='word_1_196' title='bbox 1033 1348 1048 1367; x_wconf 90' lang='lat' dir='ltr'><strong>a</strong></span> 
     </span>
    </p>
   </div>
   <div class='ocr_carea' id='block_1_29' title="bbox 257 1385 1044 1422">
    <p class='ocr_par' dir='ltr' id='par_1_29' title="bbox 257 1385 1044 1422">
     <span class='ocr_line' id='line_1_29' title="bbox 257 1385 1044 1422; baseline 0.005 -12"><span class='ocrx_word' id='word_1_197' title='bbox 257 1385 425 1420; x_wconf 73' lang='lat' dir='ltr'><strong>reliquorum</strong></span> <span class='ocrx_word' id='word_1_198' title='bbox 443 1385 583 1412; x_wconf 89' lang='lat' dir='ltr'><strong>hominum</strong></span> <span class='ocrx_word' id='word_1_199' title='bbox 603 1387 732 1421; x_wconf 81' lang='lat' dir='ltr'><strong>contagio</strong></span> <span class='ocrx_word' id='word_1_200' title='bbox 754 1392 929 1422; x_wconf 72' lang='lat' dir='ltr'><strong>segregatum</strong></span> <span class='ocrx_word' id='word_1_201' title='bbox 946 1387 1044 1414; x_wconf 90' lang='lat' dir='ltr'><strong>voluit.</strong></span> 
     </span>
    </p>
   </div>
   <div class='ocr_carea' id='block_1_30' title="bbox 258 1429 1047 1467">
    <p class='ocr_par' dir='ltr' id='par_1_30' title="bbox 258 1429 1047 1467">
     <span class='ocr_line' id='line_1_30' title="bbox 258 1429 1047 1467; baseline 0.005 -11"><span class='ocrx_word' id='word_1_202' title='bbox 258 1429 337 1458; x_wconf 91' lang='lat' dir='ltr'><strong>lluuc</strong></span> <span class='ocrx_word' id='word_1_203' title='bbox 359 1431 455 1458; x_wconf 85' lang='lat' dir='ltr'><strong>multis</strong></span> <span class='ocrx_word' id='word_1_204' title='bbox 478 1436 505 1458; x_wconf 91' lang='lat' dir='ltr'><strong>et</strong></span> <span class='ocrx_word' id='word_1_205' title='bbox 522 1431 716 1460; x_wconf 86' lang='lat' dir='ltr'><strong>saluberrimis</strong></span> <span class='ocrx_word' id='word_1_206' title='bbox 733 1433 881 1467; x_wconf 55' lang='lat' dir='ltr'><strong>praeceptis</strong></span> <span class='ocrx_word' id='word_1_207' title='bbox 895 1441 1047 1462; x_wconf 80' lang='lat' dir='ltr'><strong>conserva-</strong></span> 
     </span>
    </p>
   </div>
   <div class='ocr_carea' id='block_1_31' title="bbox 257 1477 1048 1516">
    <p class='ocr_par' dir='ltr' id='par_1_31' title="bbox 257 1477 1048 1516">
     <span class='ocr_line' id='line_1_31' title="bbox 257 1477 1048 1516; baseline 0.004 -12"><span class='ocrx_word' id='word_1_208' title='bbox 257 1477 305 1510; x_wconf 86' lang='lat' dir='ltr'><strong>vit,</strong></span> <span class='ocrx_word' id='word_1_209' title='bbox 322 1483 349 1505; x_wconf 87' lang='lat' dir='ltr'><strong>et</strong></span> <span class='ocrx_word' id='word_1_210' title='bbox 369 1485 424 1512; x_wconf 75' lang='lat' dir='ltr'><strong>pne</strong></span> <span class='ocrx_word' id='word_1_211' title='bbox 438 1478 545 1506; x_wconf 70' lang='lat' dir='ltr'><strong>caeteris</strong></span> <span class='ocrx_word' id='word_1_212' title='bbox 559 1486 608 1506; x_wconf 89' lang='lat' dir='ltr'><strong>sua</strong></span> <span class='ocrx_word' id='word_1_213' title='bbox 626 1479 799 1514; x_wconf 86' lang='lat' dir='ltr'><strong>providentia</strong></span> <span class='ocrx_word' id='word_1_214' title='bbox 811 1480 925 1516; x_wconf 77' lang='lat' dir='ltr'><strong>dignum</strong></span> <span class='ocrx_word' id='word_1_215' title='bbox 940 1481 1048 1508; x_wconf 84' lang='lat' dir='ltr'><strong>habuit.</strong></span> 
     </span>
    </p>
   </div>
   <div class='ocr_carea' id='block_1_32' title="bbox 258 1522 1049 1560">
    <p class='ocr_par' dir='ltr' id='par_1_32' title="bbox 258 1522 1049 1560">
     <span class='ocr_line' id='line_1_32' title="bbox 258 1522 1049 1560; baseline 0.005 -10"><span class='ocrx_word' id='word_1_216' title='bbox 258 1522 307 1550; x_wconf 79' lang='lat' dir='ltr'><strong>His</strong></span> <span class='ocrx_word' id='word_1_217' title='bbox 329 1527 558 1552; x_wconf 88' lang='lat' dir='ltr'><strong>commonslravit</strong></span> <span class='ocrx_word' id='word_1_218' title='bbox 583 1525 693 1553; x_wconf 87' lang='lat' dir='ltr'><strong>abunde</strong></span> <span class='ocrx_word' id='word_1_219' title='bbox 717 1533 778 1560; x_wconf 74' lang='lat' dir='ltr'><strong>quae</strong></span> <span class='ocrx_word' id='word_1_220' title='bbox 804 1532 896 1554; x_wconf 90' lang='lat' dir='ltr'><strong>tenere</strong></span> <span class='ocrx_word' id='word_1_221' title='bbox 917 1529 994 1554; x_wconf 85' lang='lat' dir='ltr'><strong>decet</strong></span> <span class='ocrx_word' id='word_1_222' title='bbox 1016 1527 1049 1553; x_wconf 89' lang='lat' dir='ltr'><strong>il-</strong></span> 
     </span>
    </p>
   </div>
   <div class='ocr_carea' id='block_1_33' title="bbox 259 1570 1049 1607">
    <p class='ocr_par' dir='ltr' id='par_1_33' title="bbox 259 1570 1049 1607">
     <span class='ocr_line' id='line_1_33' title="bbox 259 1570 1049 1607; baseline 0.003 -11"><span class='ocrx_word' id='word_1_223' title='bbox 259 1570 299 1597; x_wconf 86' lang='lat' dir='ltr'><strong>los</strong></span> <span class='ocrx_word' id='word_1_224' title='bbox 321 1570 369 1605; x_wconf 92' lang='lat' dir='ltr'><strong>qui</strong></span> <span class='ocrx_word' id='word_1_225' title='bbox 393 1570 532 1605; x_wconf 74' lang='lat' dir='ltr'><strong>agitantur</strong></span> <span class='ocrx_word' id='word_1_226' title='bbox 554 1570 686 1606; x_wconf 88' lang='lat' dir='ltr'><strong>cupidine</strong></span> <span class='ocrx_word' id='word_1_227' title='bbox 711 1572 894 1607; x_wconf 80' lang='lat' dir='ltr'><strong>cognoscendi</strong></span> <span class='ocrx_word' id='word_1_228' title='bbox 919 1572 1049 1607; x_wconf 78' lang='lat' dir='ltr'><strong>dogmata</strong></span> 
     </span>
    </p>
   </div>
   <div class='ocr_carea' id='block_1_34' title="bbox 258 1616 1044 1652">
    <p class='ocr_par' dir='ltr' id='par_1_34' title="bbox 258 1616 1044 1652">
     <span class='ocr_line' id='line_1_34' title="bbox 258 1616 1044 1652; baseline 0.003 -10"><span class='ocrx_word' id='word_1_229' title='bbox 258 1623 319 1651; x_wconf 60' lang='lat' dir='ltr'><strong>qua:</strong></span> <span class='ocrx_word' id='word_1_230' title='bbox 334 1617 508 1652; x_wconf 90' lang='lat' dir='ltr'><strong>postmodum</strong></span> <span class='ocrx_word' id='word_1_231' title='bbox 532 1621 627 1645; x_wconf 90' lang='lat' dir='ltr'><strong>essent</strong></span> <span class='ocrx_word' id='word_1_232' title='bbox 641 1616 841 1652; x_wconf 82' lang='lat' dir='ltr'><strong>depromenda.</strong></span> <span class='ocrx_word' id='word_1_233' title='bbox 857 1617 926 1644; x_wconf 89' lang='lat' dir='ltr'><strong>Nam</strong></span> <span class='ocrx_word' id='word_1_234' title='bbox 944 1617 1044 1645; x_wconf 84' lang='lat' dir='ltr'><strong>horum</strong></span> 
     </span>
    </p>
   </div>
   <div class='ocr_carea' id='block_1_35' title="bbox 258 1663 1046 1699">
    <p class='ocr_par' dir='ltr' id='par_1_35' title="bbox 258 1663 1046 1699">
     <span class='ocr_line' id='line_1_35' title="bbox 258 1663 1046 1699; baseline 0 -9"><span class='ocrx_word' id='word_1_235' title='bbox 258 1670 341 1698; x_wconf 86' lang='lat' dir='ltr'><strong>opera</strong></span> <span class='ocrx_word' id='word_1_236' title='bbox 353 1668 380 1690; x_wconf 90' lang='lat' dir='ltr'><strong>et</strong></span> <span class='ocrx_word' id='word_1_237' title='bbox 393 1663 485 1690; x_wconf 81' lang='lat' dir='ltr'><strong>studio</strong></span> <span class='ocrx_word' id='word_1_238' title='bbox 498 1663 644 1699; x_wconf 85' lang='lat' dir='ltr'><strong>oportebat</strong></span> <span class='ocrx_word' id='word_1_239' title='bbox 661 1664 754 1691; x_wconf 89' lang='lat' dir='ltr'><strong>divina</strong></span> <span class='ocrx_word' id='word_1_240' title='bbox 769 1664 900 1692; x_wconf 87' lang='lat' dir='ltr'><strong>miracula</strong></span> <span class='ocrx_word' id='word_1_241' title='bbox 915 1664 1046 1698; x_wconf 78' lang='lat' dir='ltr'><strong>legesque</strong></span> 
     </span>
    </p>
   </div>
   <div class='ocr_carea' id='block_1_36' title="bbox 258 1709 1048 1744">
    <p class='ocr_par' dir='ltr' id='par_1_36' title="bbox 258 1709 1048 1744">
     <span class='ocr_line' id='line_1_36' title="bbox 258 1709 1048 1744; baseline 0.003 -9"><span class='ocrx_word' id='word_1_242' title='bbox 258 1710 341 1736; x_wconf 82' lang='lat' dir='ltr'><strong>ellam</strong></span> <span class='ocrx_word' id='word_1_243' title='bbox 359 1709 475 1744; x_wconf 89' lang='lat' dir='ltr'><strong>reliquis</strong></span> <span class='ocrx_word' id='word_1_244' title='bbox 498 1710 662 1738; x_wconf 87' lang='lat' dir='ltr'><strong>mortalibus</strong></span> <span class='ocrx_word' id='word_1_245' title='bbox 684 1709 1048 1738; x_wconf 58' lang='lat' dir='ltr'><strong>communicari.[Christus</strong></span> 
     </span>
    </p>
   </div>
   <div class='ocr_carea' id='block_1_37' title="bbox 1097 289 1890 329">
    <p class='ocr_par' dir='ltr' id='par_1_37' title="bbox 1097 289 1890 329">
     <span class='ocr_line' id='line_1_37' title="bbox 1097 289 1890 329; baseline 0.001 -13"><span class='ocrx_word' id='word_1_246' title='bbox 1097 290 1163 322; x_wconf 82' lang='grc' dir='ltr'><strong>ζου·</strong></span> <span class='ocrx_word' id='word_1_247' title='bbox 1181 299 1190 316; x_wconf 72' lang='grc' dir='ltr'><strong>ι</strong></span> <span class='ocrx_word' id='word_1_248' title='bbox 1206 290 1253 317; x_wconf 71' lang='grc' dir='ltr'><strong>καὶ</strong></span> <span class='ocrx_word' id='word_1_249' title='bbox 1270 289 1305 316; x_wconf 87' lang='grc' dir='ltr'><strong>τὰ</strong></span> <span class='ocrx_word' id='word_1_250' title='bbox 1324 290 1398 324; x_wconf 83' lang='grc' dir='ltr'><strong>ἐξῆς.</strong></span> <span class='ocrx_word' id='word_1_251' title='bbox 1423 290 1480 317; x_wconf 79' lang='grc' dir='ltr'><strong>Καὶ</strong></span> <span class='ocrx_word' id='word_1_252' title='bbox 1493 291 1510 326; x_wconf 85' lang='grc' dir='ltr'><strong>ή</strong></span> <span class='ocrx_word' id='word_1_253' title='bbox 1537 290 1584 316; x_wconf 88' lang='grc' dir='ltr'><strong>τοῦ</strong></span> <span class='ocrx_word' id='word_1_254' title='bbox 1606 290 1832 325; x_wconf 86' lang='grc' dir='ltr'><strong>Ἑκκλησιαστοῦ,</strong></span> <span class='ocrx_word' id='word_1_255' title='bbox 1852 293 1890 329; x_wconf 81' lang='grc' dir='ltr'><strong>μὴ</strong></span> 
     </span>
    </p>
   </div>
   <div class='ocr_carea' id='block_1_38' title="bbox 1097 335 1890 371">
    <p class='ocr_par' dir='ltr' id='par_1_38' title="bbox 1097 335 1890 371">
     <span class='ocr_line' id='line_1_38' title="bbox 1097 335 1890 371; baseline 0.004 -10"><span class='ocrx_word' id='word_1_256' title='bbox 1097 335 1208 370; x_wconf 81' lang='grc' dir='ltr'><strong>σοφίζου</strong></span> <span class='ocrx_word' id='word_1_257' title='bbox 1224 337 1349 370; x_wconf 84' lang='grc' dir='ltr'><strong>περιττὰ,</strong></span> <span class='ocrx_word' id='word_1_258' title='bbox 1365 336 1401 371; x_wconf 85' lang='grc' dir='ltr'><strong>μή</strong></span> <span class='ocrx_word' id='word_1_259' title='bbox 1429 344 1494 362; x_wconf 88' lang='grc' dir='ltr'><strong>ποτε</strong></span> <span class='ocrx_word' id='word_1_260' title='bbox 1515 335 1658 371; x_wconf 82' lang='grc' dir='ltr'><strong>ἐκπλαγῇς</strong></span> <span class='ocrx_word' id='word_1_261' title='bbox 1669 343 1676 351; x_wconf 81' lang='grc'><strong><em>⁸</em></strong></span> <span class='ocrx_word' id='word_1_262' title='bbox 1693 336 1752 362; x_wconf 80' lang='grc' dir='ltr'><strong>ἀλλ’</strong></span> <span class='ocrx_word' id='word_1_263' title='bbox 1775 337 1835 364; x_wconf 79' lang='grc' dir='ltr'><strong>οὐδέ</strong></span> <span class='ocrx_word' id='word_1_264' title='bbox 1847 338 1890 364; x_wconf 84' lang='grc' dir='ltr'><strong>δε-</strong></span> 
     </span>
    </p>
   </div>
   <div class='ocr_carea' id='block_1_39' title="bbox 1096 380 1891 418">
    <p class='ocr_par' dir='ltr' id='par_1_39' title="bbox 1096 380 1891 418">
     <span class='ocr_line' id='line_1_39' title="bbox 1096 380 1891 418; baseline 0.004 -11"><span class='ocrx_word' id='word_1_265' title='bbox 1096 380 1187 407; x_wconf 83' lang='grc' dir='ltr'><strong>κτικοί</strong></span> <span class='ocrx_word' id='word_1_266' title='bbox 1203 388 1277 411; x_wconf 84' lang='grc' dir='ltr'><strong>τινες</strong></span> <span class='ocrx_word' id='word_1_267' title='bbox 1296 380 1356 406; x_wconf 85' lang='grc' dir='ltr'><strong>κατ’</strong></span> <span class='ocrx_word' id='word_1_268' title='bbox 1380 381 1484 408; x_wconf 86' lang='grc' dir='ltr'><strong>ἐκεῖνον</strong></span> <span class='ocrx_word' id='word_1_269' title='bbox 1507 381 1553 408; x_wconf 78' lang='grc' dir='ltr'><strong>τὸν</strong></span> <span class='ocrx_word' id='word_1_270' title='bbox 1582 381 1677 417; x_wconf 85' lang='grc' dir='ltr'><strong>χρόνον</strong></span> <span class='ocrx_word' id='word_1_271' title='bbox 1706 382 1891 418; x_wconf 81' lang='grc' dir='ltr'><strong>θεωρημάτων</strong></span> 
     </span>
    </p>
   </div>
   <div class='ocr_carea' id='block_1_40' title="bbox 1096 425 1892 463">
    <p class='ocr_par' dir='ltr' id='par_1_40' title="bbox 1096 425 1892 463">
     <span class='ocr_line' id='line_1_40' title="bbox 1096 425 1892 463; baseline 0.004 -12"><span class='ocrx_word' id='word_1_272' title='bbox 1096 425 1268 460; x_wconf 80' lang='grc' dir='ltr'><strong>λεπτοτέρων</strong></span> <span class='ocrx_word' id='word_1_273' title='bbox 1289 425 1437 460; x_wconf 85' lang='grc' dir='ltr'><strong>ἐτύγχανον</strong></span> <span class='ocrx_word' id='word_1_274' title='bbox 1465 425 1528 452; x_wconf 80' lang='grc' dir='ltr'><strong>οὕτε</strong></span> <span class='ocrx_word' id='word_1_275' title='bbox 1567 426 1642 462; x_wconf 85' lang='grc' dir='ltr'><strong>παρὰ</strong></span> <span class='ocrx_word' id='word_1_276' title='bbox 1664 427 1722 458; x_wconf 88' lang='grc' dir='ltr'><strong>τοῖς</strong></span> <span class='ocrx_word' id='word_1_277' title='bbox 1753 427 1892 463; x_wconf 78' lang='grc' dir='ltr'><strong>Ἑϐραίοις</strong></span> 
     </span>
    </p>
   </div>
   <div class='ocr_carea' id='block_1_41' title="bbox 1095 473 1892 511">
    <p class='ocr_par' dir='ltr' id='par_1_41' title="bbox 1095 473 1892 511">
     <span class='ocr_line' id='line_1_41' title="bbox 1095 473 1892 511; baseline 0.003 -12"><span class='ocrx_word' id='word_1_278' title='bbox 1095 473 1158 499; x_wconf 74' lang='grc' dir='ltr'><strong>οὕτε</strong></span> <span class='ocrx_word' id='word_1_279' title='bbox 1169 473 1245 508; x_wconf 85' lang='grc' dir='ltr'><strong>παρά</strong></span> <span class='ocrx_word' id='word_1_280' title='bbox 1256 473 1312 505; x_wconf 86' lang='grc' dir='ltr'><strong>τοῖς</strong></span> <span class='ocrx_word' id='word_1_281' title='bbox 1327 473 1456 508; x_wconf 84' lang='grc' dir='ltr'><strong>Ἕλλησιν</strong></span> <span class='ocrx_word' id='word_1_282' title='bbox 1469 481 1477 490; x_wconf 77' lang='grc'><strong><em>⁸</em></strong></span> <span class='ocrx_word' id='word_1_283' title='bbox 1494 474 1583 505; x_wconf 76' lang='grc' dir='ltr'><strong>ἄλλως</strong></span> <span class='ocrx_word' id='word_1_284' title='bbox 1595 482 1625 500; x_wconf 91' lang='grc' dir='ltr'><strong>τε</strong></span> <span class='ocrx_word' id='word_1_285' title='bbox 1641 474 1689 500; x_wconf 76' lang='grc' dir='ltr'><strong>καὶ</strong></span> <span class='ocrx_word' id='word_1_286' title='bbox 1708 473 1758 510; x_wconf 81' lang='grc' dir='ltr'><strong>τὴν</strong></span> <span class='ocrx_word' id='word_1_287' title='bbox 1771 474 1810 510; x_wconf 86' lang='grc' dir='ltr'><strong>μὴ</strong></span> <span class='ocrx_word' id='word_1_288' title='bbox 1823 475 1892 511; x_wconf 80' lang='grc' dir='ltr'><strong>πρὸς</strong></span> 
     </span>
    </p>
   </div>
   <div class='ocr_carea' id='block_1_42' title="bbox 1096 518 1889 555">
    <p class='ocr_par' dir='ltr' id='par_1_42' title="bbox 1096 518 1889 555">
     <span class='ocr_line' id='line_1_42' title="bbox 1096 518 1889 555; baseline 0.003 -10"><span class='ocrx_word' id='word_1_289' title='bbox 1096 518 1211 551; x_wconf 81' lang='grc' dir='ltr'><strong>εὑζωῖαν</strong></span> <span class='ocrx_word' id='word_1_290' title='bbox 1227 519 1274 546; x_wconf 76' lang='grc' dir='ltr'><strong>καὶ</strong></span> <span class='ocrx_word' id='word_1_291' title='bbox 1292 518 1341 554; x_wconf 86' lang='grc' dir='ltr'><strong>τὴν</strong></span> <span class='ocrx_word' id='word_1_292' title='bbox 1355 518 1511 546; x_wconf 78' lang='grc' dir='ltr'><strong>θεοσέῦειαν</strong></span> <span class='ocrx_word' id='word_1_293' title='bbox 1522 519 1678 555; x_wconf 80' lang='grc' dir='ltr'><strong>δυναμένην</strong></span> <span class='ocrx_word' id='word_1_294' title='bbox 1694 520 1796 554; x_wconf 84' lang='grc' dir='ltr'><strong>γνῶσιν</strong></span> <span class='ocrx_word' id='word_1_295' title='bbox 1810 521 1889 555; x_wconf 77' lang='grc' dir='ltr'><strong>ἄγειν</strong></span> 
     </span>
    </p>
   </div>
   <div class='ocr_carea' id='block_1_43' title="bbox 1096 563 1890 602">
    <p class='ocr_par' dir='ltr' id='par_1_43' title="bbox 1096 563 1890 602">
     <span class='ocr_line' id='line_1_43' title="bbox 1096 563 1890 602; baseline 0.004 -12"><span class='ocrx_word' id='word_1_296' title='bbox 1096 563 1242 600; x_wconf 84' lang='grc' dir='ltr'><strong>περίεργον</strong></span> <span class='ocrx_word' id='word_1_297' title='bbox 1257 563 1408 598; x_wconf 77' lang='grc' dir='ltr'><strong>ἐλογίζοντο</strong></span> <span class='ocrx_word' id='word_1_298' title='bbox 1420 565 1466 591; x_wconf 79' lang='grc' dir='ltr'><strong>καὶ</strong></span> <span class='ocrx_word' id='word_1_299' title='bbox 1477 564 1537 590; x_wconf 87' lang='grc' dir='ltr'><strong>λίαν</strong></span> <span class='ocrx_word' id='word_1_300' title='bbox 1553 564 1667 600; x_wconf 82' lang='grc' dir='ltr'><strong>ἀνόητον</strong></span> <span class='ocrx_word' id='word_1_301' title='bbox 1682 568 1718 592; x_wconf 76' lang='grc' dir='ltr'><strong>ε’.</strong></span> <span class='ocrx_word' id='word_1_302' title='bbox 1735 565 1818 601; x_wconf 81' lang='grc' dir='ltr'><strong>Εὖροι</strong></span> <span class='ocrx_word' id='word_1_303' title='bbox 1835 567 1890 602; x_wconf 82' lang='grc' dir='ltr'><strong>γὰρ</strong></span> 
     </span>
    </p>
   </div>
   <div class='ocr_carea' id='block_1_44' title="bbox 1098 609 1889 647">
    <p class='ocr_par' dir='ltr' id='par_1_44' title="bbox 1098 609 1889 647">
     <span class='ocr_line' id='line_1_44' title="bbox 1098 609 1889 647; baseline 0.005 -12"><span class='ocrx_word' id='word_1_304' title='bbox 1098 609 1131 636; x_wconf 79' lang='grc' dir='ltr'><strong>ἄν</strong></span> <span class='ocrx_word' id='word_1_305' title='bbox 1160 618 1202 640; x_wconf 86' lang='grc' dir='ltr'><strong>τις</strong></span> <span class='ocrx_word' id='word_1_306' title='bbox 1229 609 1330 636; x_wconf 73' lang='grc' dir='ltr'><strong>σκοπὸν</strong></span> <span class='ocrx_word' id='word_1_307' title='bbox 1355 610 1406 645; x_wconf 83' lang='grc' dir='ltr'><strong>τὴν</strong></span> <span class='ocrx_word' id='word_1_308' title='bbox 1435 610 1510 637; x_wconf 82' lang='grc' dir='ltr'><strong>Νέαν</strong></span> <span class='ocrx_word' id='word_1_309' title='bbox 1546 612 1580 646; x_wconf 79' lang='grc' dir='ltr'><strong>τῇ</strong></span> <span class='ocrx_word' id='word_1_310' title='bbox 1609 611 1716 647; x_wconf 78' lang='grc' dir='ltr'><strong>Παλαιᾷ</strong></span> <span class='ocrx_word' id='word_1_311' title='bbox 1743 613 1889 646; x_wconf 85' lang='grc' dir='ltr'><strong>γεγονυῖαν</strong></span> 
     </span>
    </p>
   </div>
   <div class='ocr_carea' id='block_1_45' title="bbox 1097 653 1891 692">
    <p class='ocr_par' dir='ltr' id='par_1_45' title="bbox 1097 653 1891 692">
     <span class='ocr_line' id='line_1_45' title="bbox 1097 653 1891 692; baseline 0.005 -12"><span class='ocrx_word' id='word_1_312' title='bbox 1097 653 1204 689; x_wconf 82' lang='grc' dir='ltr'><strong>Γραφῇ,</strong></span> <span class='ocrx_word' id='word_1_313' title='bbox 1222 654 1269 680; x_wconf 79' lang='grc' dir='ltr'><strong>καὶ</strong></span> <span class='ocrx_word' id='word_1_314' title='bbox 1286 654 1471 690; x_wconf 78' lang='grc' dir='ltr'><strong>χειραγωγίαν</strong></span> <span class='ocrx_word' id='word_1_315' title='bbox 1485 655 1546 682; x_wconf 76' lang='grc' dir='ltr'><strong>τινὰ</strong></span> <span class='ocrx_word' id='word_1_316' title='bbox 1565 656 1742 692; x_wconf 84' lang='grc' dir='ltr'><strong>παιδευτικὴν</strong></span> <span class='ocrx_word' id='word_1_317' title='bbox 1760 657 1810 692; x_wconf 83' lang='grc' dir='ltr'><strong>τὴν</strong></span> <span class='ocrx_word' id='word_1_318' title='bbox 1835 658 1891 684; x_wconf 91' lang='grc' dir='ltr'><strong>Πα-</strong></span> 
     </span>
    </p>
   </div>
   <div class='ocr_carea' id='block_1_46' title="bbox 1096 698 1892 735">
    <p class='ocr_par' dir='ltr' id='par_1_46' title="bbox 1096 698 1892 735">
     <span class='ocr_line' id='line_1_46' title="bbox 1096 698 1892 735; baseline 0.006 -11"><span class='ocrx_word' id='word_1_319' title='bbox 1096 698 1174 725; x_wconf 76' lang='grc' dir='ltr'><strong>λαιὰν</strong></span> <span class='ocrx_word' id='word_1_320' title='bbox 1190 698 1258 733; x_wconf 82' lang='grc' dir='ltr'><strong>πρὸς</strong></span> <span class='ocrx_word' id='word_1_321' title='bbox 1274 699 1322 734; x_wconf 87' lang='grc' dir='ltr'><strong>τὴν</strong></span> <span class='ocrx_word' id='word_1_322' title='bbox 1344 699 1418 725; x_wconf 80' lang='grc' dir='ltr'><strong>Νέαν</strong></span> <span class='ocrx_word' id='word_1_323' title='bbox 1440 699 1629 735; x_wconf 80' lang='grc' dir='ltr'><strong>ὑπάρχουσαν.</strong></span> <span class='ocrx_word' id='word_1_324' title='bbox 1651 700 1734 728; x_wconf 86' lang='grc' dir='ltr'><strong>’Ὀοεν</strong></span> <span class='ocrx_word' id='word_1_325' title='bbox 1745 702 1793 728; x_wconf 72' lang='grc' dir='ltr'><strong>καὶ</strong></span> <span class='ocrx_word' id='word_1_326' title='bbox 1807 703 1892 730; x_wconf 83' lang='grc' dir='ltr'><strong>Μωῦ-</strong></span> 
     </span>
    </p>
   </div>
   <div class='ocr_carea' id='block_1_47' title="bbox 1097 742 1891 780">
    <p class='ocr_par' dir='ltr' id='par_1_47' title="bbox 1097 742 1891 780">
     <span class='ocr_line' id='line_1_47' title="bbox 1097 742 1891 780; baseline 0.005 -12"><span class='ocrx_word' id='word_1_327' title='bbox 1097 742 1147 777; x_wconf 82' lang='grc' dir='ltr'><strong>σῆς</strong></span> <span class='ocrx_word' id='word_1_328' title='bbox 1164 743 1178 769; x_wconf 83' lang='grc' dir='ltr'><strong><em>ὁ</em></strong></span> <span class='ocrx_word' id='word_1_329' title='bbox 1201 743 1288 778; x_wconf 87' lang='grc' dir='ltr'><strong>μέγας</strong></span> <span class='ocrx_word' id='word_1_330' title='bbox 1309 743 1346 774; x_wconf 78' lang='grc' dir='ltr'><strong>ὡς</strong></span> <span class='ocrx_word' id='word_1_331' title='bbox 1367 743 1520 778; x_wconf 80' lang='grc' dir='ltr'><strong>μειρακίων</strong></span> <span class='ocrx_word' id='word_1_332' title='bbox 1546 743 1718 777; x_wconf 80' lang='grc' dir='ltr'><strong>διδάσκαλος,</strong></span> <span class='ocrx_word' id='word_1_333' title='bbox 1739 745 1817 771; x_wconf 74' lang='grc' dir='ltr'><strong>οὐδὲν</strong></span> <span class='ocrx_word' id='word_1_334' title='bbox 1841 745 1891 780; x_wconf 85' lang='grc' dir='ltr'><strong>μὲν</strong></span> 
     </span>
    </p>
   </div>
   <div class='ocr_carea' id='block_1_48' title="bbox 1096 787 1890 826">
    <p class='ocr_par' dir='ltr' id='par_1_48' title="bbox 1096 787 1890 826">
     <span class='ocr_line' id='line_1_48' title="bbox 1096 787 1890 826; baseline 0.001 -11"><span class='ocrx_word' id='word_1_335' title='bbox 1096 788 1149 815; x_wconf 84' lang='grc' dir='ltr'><strong>τῶν</strong></span> <span class='ocrx_word' id='word_1_336' title='bbox 1164 789 1327 825; x_wconf 74' lang='grc' dir='ltr'><strong>ἀπορρήτων</strong></span> <span class='ocrx_word' id='word_1_337' title='bbox 1342 788 1418 823; x_wconf 85' lang='grc' dir='ltr'><strong>φησί.</strong></span> <span class='ocrx_word' id='word_1_338' title='bbox 1442 787 1510 815; x_wconf 85' lang='grc' dir='ltr'><strong>Θεοῦ</strong></span> <span class='ocrx_word' id='word_1_339' title='bbox 1532 788 1611 815; x_wconf 80' lang='grc' dir='ltr'><strong>δὲτὰ</strong></span> <span class='ocrx_word' id='word_1_340' title='bbox 1634 789 1730 824; x_wconf 82' lang='grc' dir='ltr'><strong>πρῶτα</strong></span> <span class='ocrx_word' id='word_1_341' title='bbox 1757 789 1890 826; x_wconf 87' lang='grc' dir='ltr'><strong>δημιουρ-</strong></span> 
     </span>
    </p>
   </div>
   <div class='ocr_carea' id='block_1_49' title="bbox 1096 833 1890 871">
    <p class='ocr_par' dir='ltr' id='par_1_49' title="bbox 1096 833 1890 871">
     <span class='ocr_line' id='line_1_49' title="bbox 1096 833 1890 871; baseline 0.003 -11"><span class='ocrx_word' id='word_1_342' title='bbox 1096 835 1159 869; x_wconf 90' lang='grc' dir='ltr'><strong>γίαν</strong></span> <span class='ocrx_word' id='word_1_343' title='bbox 1172 835 1218 861; x_wconf 85' lang='grc' dir='ltr'><strong>καὶ</strong></span> <span class='ocrx_word' id='word_1_344' title='bbox 1230 836 1330 869; x_wconf 81' lang='grc' dir='ltr'><strong>νόμους</strong></span> <span class='ocrx_word' id='word_1_345' title='bbox 1342 834 1485 870; x_wconf 77' lang='grc' dir='ltr'><strong>ἀγράφους</strong></span> <span class='ocrx_word' id='word_1_346' title='bbox 1500 833 1617 861; x_wconf 83' lang='grc' dir='ltr'><strong>ὑπέθετο</strong></span> <span class='ocrx_word' id='word_1_347' title='bbox 1631 835 1685 861; x_wconf 82' lang='grc' dir='ltr'><strong>τῶν</strong></span> <span class='ocrx_word' id='word_1_348' title='bbox 1701 835 1768 871; x_wconf 73' lang='grc' dir='ltr'><strong>πρὶν</strong></span> <span class='ocrx_word' id='word_1_349' title='bbox 1782 835 1890 871; x_wconf 75' lang='grc' dir='ltr'><strong>ἀνθρώ-</strong></span> 
     </span>
    </p>
   </div>
   <div class='ocr_carea' id='block_1_50' title="bbox 1098 880 1890 917">
    <p class='ocr_par' dir='ltr' id='par_1_50' title="bbox 1098 880 1890 917">
     <span class='ocr_line' id='line_1_50' title="bbox 1098 880 1890 917; baseline 0.001 -10"><span class='ocrx_word' id='word_1_350' title='bbox 1098 889 1156 908; x_wconf 91' lang='grc' dir='ltr'><strong>πων</strong></span> <span class='ocrx_word' id='word_1_351' title='bbox 1171 881 1225 907; x_wconf 85' lang='grc' dir='ltr'><strong>τῶν</strong></span> <span class='ocrx_word' id='word_1_352' title='bbox 1243 880 1496 916; x_wconf 85' lang='grc' dir='ltr'><strong>ἐμπολιτευομένων</strong></span> <span class='ocrx_word' id='word_1_353' title='bbox 1509 881 1620 913; x_wconf 86' lang='grc' dir='ltr'><strong>αὐτοῖς·</strong></span> <span class='ocrx_word' id='word_1_354' title='bbox 1632 881 1697 913; x_wconf 82' lang='grc' dir='ltr'><strong>τοὺς</strong></span> <span class='ocrx_word' id='word_1_355' title='bbox 1712 882 1812 917; x_wconf 85' lang='grc' dir='ltr'><strong>νόμους</strong></span> <span class='ocrx_word' id='word_1_356' title='bbox 1827 881 1890 908; x_wconf 84' lang='grc' dir='ltr'><strong>τού-</strong></span> 
     </span>
    </p>
   </div>
   <div class='ocr_carea' id='block_1_51' title="bbox 1099 924 1888 961">
    <p class='ocr_par' dir='ltr' id='par_1_51' title="bbox 1099 924 1888 961">
     <span class='ocr_line' id='line_1_51' title="bbox 1099 924 1888 961; baseline 0 -9"><span class='ocrx_word' id='word_1_357' title='bbox 1099 934 1162 958; x_wconf 86' lang='grc' dir='ltr'><strong>τους</strong></span> <span class='ocrx_word' id='word_1_358' title='bbox 1180 925 1235 961; x_wconf 84' lang='grc' dir='ltr'><strong>γὰρ</strong></span> <span class='ocrx_word' id='word_1_359' title='bbox 1256 925 1301 952; x_wconf 87' lang='grc' dir='ltr'><strong>διά</strong></span> <span class='ocrx_word' id='word_1_360' title='bbox 1322 925 1376 951; x_wconf 86' lang='grc' dir='ltr'><strong>τῶν</strong></span> <span class='ocrx_word' id='word_1_361' title='bbox 1392 924 1473 951; x_wconf 86' lang='grc' dir='ltr'><strong>θείων</strong></span> <span class='ocrx_word' id='word_1_362' title='bbox 1491 925 1630 952; x_wconf 88' lang='grc' dir='ltr'><strong>ὀπτασιῶν</strong></span> <span class='ocrx_word' id='word_1_363' title='bbox 1645 925 1699 952; x_wconf 81' lang='grc' dir='ltr'><strong>τῶν</strong></span> <span class='ocrx_word' id='word_1_364' title='bbox 1719 926 1790 952; x_wconf 85' lang='grc' dir='ltr'><strong>κατὰ</strong></span> <span class='ocrx_word' id='word_1_365' title='bbox 1811 925 1888 952; x_wconf 80' lang='grc' dir='ltr'><strong>δύνα-</strong></span> 
     </span>
    </p>
   </div>
   <div class='ocr_carea' id='block_1_52' title="bbox 1101 971 1891 1008">
    <p class='ocr_par' dir='ltr' id='par_1_52' title="bbox 1101 971 1891 1008">
     <span class='ocr_line' id='line_1_52' title="bbox 1101 971 1891 1008; baseline -0.003 -9"><span class='ocrx_word' id='word_1_366' title='bbox 1101 981 1147 1008; x_wconf 90' lang='grc' dir='ltr'><strong>μιν</strong></span> <span class='ocrx_word' id='word_1_367' title='bbox 1163 971 1319 1007; x_wconf 84' lang='grc' dir='ltr'><strong>γενομένων</strong></span> <span class='ocrx_word' id='word_1_368' title='bbox 1332 971 1425 1002; x_wconf 81' lang='grc' dir='ltr'><strong>αὐτοῖς</strong></span> <span class='ocrx_word' id='word_1_369' title='bbox 1437 971 1655 1006; x_wconf 83' lang='grc' dir='ltr'><strong>παρειλήφεσαν.</strong></span> <span class='ocrx_word' id='word_1_370' title='bbox 1673 971 1746 1000; x_wconf 75' lang='grc' dir='ltr'><strong>Λαὺν</strong></span> <span class='ocrx_word' id='word_1_371' title='bbox 1759 971 1814 1007; x_wconf 88' lang='grc' dir='ltr'><strong>γάρ</strong></span> <span class='ocrx_word' id='word_1_372' title='bbox 1831 980 1891 997; x_wconf 84' lang='grc' dir='ltr'><strong>τινα</strong></span> 
     </span>
    </p>
   </div>
   <div class='ocr_carea' id='block_1_53' title="bbox 1098 1016 1891 1052">
    <p class='ocr_par' dir='ltr' id='par_1_53' title="bbox 1098 1016 1891 1052">
     <span class='ocr_line' id='line_1_53' title="bbox 1098 1016 1891 1052; baseline -0.003 -7"><span class='ocrx_word' id='word_1_373' title='bbox 1098 1018 1164 1050; x_wconf 76' lang='grc' dir='ltr'><strong>Θεὺς</strong></span> <span class='ocrx_word' id='word_1_374' title='bbox 1180 1018 1213 1045; x_wconf 82' lang='grc' dir='ltr'><strong>ἐκ</strong></span> <span class='ocrx_word' id='word_1_375' title='bbox 1232 1018 1282 1052; x_wconf 77' lang='grc' dir='ltr'><strong>τῆς</strong></span> <span class='ocrx_word' id='word_1_376' title='bbox 1296 1017 1343 1044; x_wconf 85' lang='grc' dir='ltr'><strong>τοῦ</strong></span> <span class='ocrx_word' id='word_1_377' title='bbox 1364 1016 1490 1052; x_wconf 71' lang='grc' dir='ltr'><strong>Ἀϐραὰμ</strong></span> <span class='ocrx_word' id='word_1_378' title='bbox 1505 1018 1588 1051; x_wconf 85' lang='grc' dir='ltr'><strong>γονῆς</strong></span> <span class='ocrx_word' id='word_1_379' title='bbox 1603 1016 1755 1049; x_wconf 78' lang='grc' dir='ltr'><strong>ἐξελέξατο,</strong></span> <span class='ocrx_word' id='word_1_380' title='bbox 1774 1017 1830 1047; x_wconf 87' lang='grc' dir='ltr'><strong>τοῖς</strong></span> <span class='ocrx_word' id='word_1_381' title='bbox 1844 1016 1891 1043; x_wconf 79' lang='grc' dir='ltr'><strong>ἀλ-</strong></span> 
     </span>
    </p>
   </div>
   <div class='ocr_carea' id='block_1_54' title="bbox 1098 1062 1889 1100">
    <p class='ocr_par' dir='ltr' id='par_1_54' title="bbox 1098 1062 1889 1100">
     <span class='ocr_line' id='line_1_54' title="bbox 1098 1062 1889 1100; baseline -0.005 -9"><span class='ocrx_word' id='word_1_382' title='bbox 1098 1064 1154 1096; x_wconf 88' lang='grc' dir='ltr'><strong>λοις</strong></span> <span class='ocrx_word' id='word_1_383' title='bbox 1180 1063 1297 1100; x_wconf 77' lang='grc' dir='ltr'><strong>ἄμικτον</strong></span> <span class='ocrx_word' id='word_1_384' title='bbox 1328 1063 1469 1098; x_wconf 79' lang='grc' dir='ltr'><strong>διαφόροις</strong></span> <span class='ocrx_word' id='word_1_385' title='bbox 1505 1063 1631 1098; x_wconf 82' lang='grc' dir='ltr'><strong>τηρήσας</strong></span> <span class='ocrx_word' id='word_1_386' title='bbox 1662 1062 1889 1098; x_wconf 77' lang='grc' dir='ltr'><strong>προστάγμασιν,</strong></span> 
     </span>
    </p>
   </div>
   <div class='ocr_carea' id='block_1_55' title="bbox 1098 1107 1890 1146">
    <p class='ocr_par' dir='ltr' id='par_1_55' title="bbox 1098 1107 1890 1146">
     <span class='ocr_line' id='line_1_55' title="bbox 1098 1107 1890 1146; baseline -0.004 -10"><span class='ocrx_word' id='word_1_387' title='bbox 1098 1110 1245 1146; x_wconf 77' lang='grc' dir='ltr'><strong>ἐξαιρέτως</strong></span> <span class='ocrx_word' id='word_1_388' title='bbox 1273 1109 1324 1144; x_wconf 75' lang='grc' dir='ltr'><strong>τῆς</strong></span> <span class='ocrx_word' id='word_1_389' title='bbox 1350 1108 1432 1136; x_wconf 67' lang='grc' dir='ltr'><strong>αὐτοῦ</strong></span> <span class='ocrx_word' id='word_1_390' title='bbox 1465 1109 1594 1144; x_wconf 83' lang='grc' dir='ltr'><strong>προνοίας</strong></span> <span class='ocrx_word' id='word_1_391' title='bbox 1621 1107 1790 1143; x_wconf 81' lang='grc' dir='ltr'><strong>ἠξιωμένον,</strong></span> <span class='ocrx_word' id='word_1_392' title='bbox 1818 1107 1890 1142; x_wconf 72' lang='grc' dir='ltr'><strong>ἅπερ</strong></span> 
     </span>
    </p>
   </div>
   <div class='ocr_carea' id='block_1_56' title="bbox 1099 1153 1891 1191">
    <p class='ocr_par' dir='ltr' id='par_1_56' title="bbox 1099 1153 1891 1191">
     <span class='ocr_line' id='line_1_56' title="bbox 1099 1153 1891 1191; baseline -0.003 -10"><span class='ocrx_word' id='word_1_393' title='bbox 1099 1156 1182 1191; x_wconf 76' lang='grc' dir='ltr'><strong>ἐχρῆν</strong></span> <span class='ocrx_word' id='word_1_394' title='bbox 1197 1156 1230 1182; x_wconf 81' lang='grc' dir='ltr'><strong>δι’</strong></span> <span class='ocrx_word' id='word_1_395' title='bbox 1246 1155 1335 1182; x_wconf 80' lang='grc' dir='ltr'><strong>αὐτῶν</strong></span> <span class='ocrx_word' id='word_1_396' title='bbox 1349 1157 1389 1186; x_wconf 79' lang='grc' dir='ltr'><strong>εἰς</strong></span> <span class='ocrx_word' id='word_1_397' title='bbox 1411 1155 1460 1191; x_wconf 83' lang='grc' dir='ltr'><strong>τὴν</strong></span> <span class='ocrx_word' id='word_1_398' title='bbox 1479 1155 1534 1182; x_wconf 83' lang='grc' dir='ltr'><strong>τῶν</strong></span> <span class='ocrx_word' id='word_1_399' title='bbox 1557 1154 1620 1190; x_wconf 77' lang='grc' dir='ltr'><strong>ἑξῆς</strong></span> <span class='ocrx_word' id='word_1_400' title='bbox 1643 1153 1820 1181; x_wconf 71' lang='grc' dir='ltr'><strong>διδασκαλίαν</strong></span> <span class='ocrx_word' id='word_1_401' title='bbox 1841 1162 1891 1188; x_wconf 80' lang='grc' dir='ltr'><strong>φυ-</strong></span> 
     </span>
    </p>
   </div>
   <div class='ocr_carea' id='block_1_57' title="bbox 1098 1199 1891 1236">
    <p class='ocr_par' dir='ltr' id='par_1_57' title="bbox 1098 1199 1891 1236">
     <span class='ocr_line' id='line_1_57' title="bbox 1098 1199 1891 1236; baseline -0.004 -8"><span class='ocrx_word' id='word_1_402' title='bbox 1098 1201 1253 1228; x_wconf 82' lang='grc' dir='ltr'><strong>λάττεσθαι.</strong></span> <span class='ocrx_word' id='word_1_403' title='bbox 1273 1201 1312 1227; x_wconf 79' lang='grc' dir='ltr'><strong>Δι’</strong></span> <span class='ocrx_word' id='word_1_404' title='bbox 1328 1201 1420 1227; x_wconf 85' lang='grc' dir='ltr'><strong>αὐτῶν</strong></span> <span class='ocrx_word' id='word_1_405' title='bbox 1439 1201 1494 1236; x_wconf 85' lang='grc' dir='ltr'><strong>γὰρ</strong></span> <span class='ocrx_word' id='word_1_406' title='bbox 1512 1200 1566 1227; x_wconf 77' lang='grc' dir='ltr'><strong>ἔδει</strong></span> <span class='ocrx_word' id='word_1_407' title='bbox 1586 1200 1635 1232; x_wconf 78' lang='grc' dir='ltr'><strong>τὰς</strong></span> <span class='ocrx_word' id='word_1_408' title='bbox 1649 1199 1697 1226; x_wconf 81' lang='grc' dir='ltr'><strong>τοῦ</strong></span> <span class='ocrx_word' id='word_1_409' title='bbox 1713 1199 1782 1226; x_wconf 86' lang='grc' dir='ltr'><strong>Θεοῦ</strong></span> <span class='ocrx_word' id='word_1_410' title='bbox 1797 1199 1891 1234; x_wconf 74' lang='grc' dir='ltr'><strong>διαφύ-</strong></span> 
     </span>
    </p>
   </div>
   <div class='ocr_carea' id='block_1_58' title="bbox 1101 1244 1888 1284">
    <p class='ocr_par' dir='ltr' id='par_1_58' title="bbox 1101 1244 1888 1284">
     <span class='ocr_line' id='line_1_58' title="bbox 1101 1244 1888 1284; baseline -0.003 -10"><span class='ocrx_word' id='word_1_411' title='bbox 1101 1257 1163 1284; x_wconf 86' lang='grc' dir='ltr'><strong>ρους</strong></span> <span class='ocrx_word' id='word_1_412' title='bbox 1181 1248 1340 1283; x_wconf 82' lang='grc' dir='ltr'><strong>οίκονομίας</strong></span> <span class='ocrx_word' id='word_1_413' title='bbox 1356 1248 1401 1274; x_wconf 78' lang='grc' dir='ltr'><strong>καὶ</strong></span> <span class='ocrx_word' id='word_1_414' title='bbox 1423 1249 1480 1279; x_wconf 83' lang='grc' dir='ltr'><strong>τοῖς</strong></span> <span class='ocrx_word' id='word_1_415' title='bbox 1493 1247 1507 1267; x_wconf 74' lang='grc' dir='ltr'><strong>Ιλ</strong></span> <span class='ocrx_word' id='word_1_416' title='bbox 1520 1246 1677 1282; x_wconf 84' lang='grc' dir='ltr'><strong>ἀνθρώποις</strong></span> <span class='ocrx_word' id='word_1_417' title='bbox 1696 1244 1888 1280; x_wconf 78' lang='grc' dir='ltr'><strong>βραὸεύεσθαι.</strong></span> 
     </span>
    </p>
   </div>
   <div class='ocr_carea' id='block_1_59' title="bbox 1098 1290 1891 1329">
    <p class='ocr_par' dir='ltr' id='par_1_59' title="bbox 1098 1290 1891 1329">
     <span class='ocr_line' id='line_1_59' title="bbox 1098 1290 1891 1329; baseline -0.006 -9"><span class='ocrx_word' id='word_1_418' title='bbox 1098 1293 1217 1329; x_wconf 78' lang='grc' dir='ltr'><strong>Χριστὸς</strong></span> <span class='ocrx_word' id='word_1_419' title='bbox 1238 1293 1293 1328; x_wconf 85' lang='grc' dir='ltr'><strong>γὰρ</strong></span> <span class='ocrx_word' id='word_1_420' title='bbox 1307 1294 1340 1319; x_wconf 86' lang='grc' dir='ltr'><strong>ἐκ</strong></span> <span class='ocrx_word' id='word_1_421' title='bbox 1354 1293 1410 1319; x_wconf 85' lang='grc' dir='ltr'><strong>τῶν</strong></span> <span class='ocrx_word' id='word_1_422' title='bbox 1426 1292 1478 1319; x_wconf 80' lang='grc' dir='ltr'><strong>ὑπὸ</strong></span> <span class='ocrx_word' id='word_1_423' title='bbox 1498 1292 1580 1326; x_wconf 88' lang='grc' dir='ltr'><strong>νόμον</strong></span> <span class='ocrx_word' id='word_1_424' title='bbox 1597 1291 1636 1325; x_wconf 90' lang='grc' dir='ltr'>τῷ</span> <span class='ocrx_word' id='word_1_425' title='bbox 1649 1291 1732 1317; x_wconf 84' lang='grc' dir='ltr'><strong>παντὶ</strong></span> <span class='ocrx_word' id='word_1_426' title='bbox 1750 1290 1802 1325; x_wconf 86' lang='grc' dir='ltr'><strong>βίῳ</strong></span> <span class='ocrx_word' id='word_1_427' title='bbox 1823 1290 1891 1325; x_wconf 76' lang='grc' dir='ltr'><strong>πρὸς</strong></span> 
     </span>
    </p>
   </div>
   <div class='ocr_carea' id='block_1_60' title="bbox 1098 1335 1891 1376">
    <p class='ocr_par' dir='ltr' id='par_1_60' title="bbox 1098 1335 1891 1376">
     <span class='ocr_line' id='line_1_60' title="bbox 1098 1335 1891 1376; baseline -0.005 -10"><span class='ocrx_word' id='word_1_428' title='bbox 1098 1340 1148 1376; x_wconf 83' lang='grc' dir='ltr'><strong>τὴν</strong></span> <span class='ocrx_word' id='word_1_429' title='bbox 1164 1339 1300 1374; x_wconf 85' lang='grc' dir='ltr'><strong>σωτηρίαν</strong></span> <span class='ocrx_word' id='word_1_430' title='bbox 1325 1338 1458 1371; x_wconf 74' lang='grc' dir='ltr'><strong>ἀνέτειλε,</strong></span> <span class='ocrx_word' id='word_1_431' title='bbox 1474 1338 1540 1373; x_wconf 85' lang='grc' dir='ltr'><strong>παρ’</strong></span> <span class='ocrx_word' id='word_1_432' title='bbox 1556 1335 1596 1368; x_wconf 75' lang='grc' dir='ltr'><strong>οἷς</strong></span> <span class='ocrx_word' id='word_1_433' title='bbox 1618 1338 1665 1363; x_wconf 77' lang='grc' dir='ltr'><strong>καὶ</strong></span> <span class='ocrx_word' id='word_1_434' title='bbox 1685 1336 1825 1372; x_wconf 48' lang='grc' dir='ltr'><strong>προλεῆται</strong></span> <span class='ocrx_word' id='word_1_435' title='bbox 1841 1337 1891 1371; x_wconf 84' lang='grc' dir='ltr'><strong>τὴν</strong></span> 
     </span>
    </p>
   </div>
   <div class='ocr_carea' id='block_1_61' title="bbox 1099 1381 1892 1420">
    <p class='ocr_par' dir='ltr' id='par_1_61' title="bbox 1099 1381 1892 1420">
     <span class='ocr_line' id='line_1_61' title="bbox 1099 1381 1892 1420; baseline -0.008 -7"><span class='ocrx_word' id='word_1_436' title='bbox 1099 1385 1182 1413; x_wconf 83' lang='grc' dir='ltr'><strong>αὐτοῦ</strong></span> <span class='ocrx_word' id='word_1_437' title='bbox 1203 1385 1355 1420; x_wconf 80' lang='grc' dir='ltr'><strong>παρουσίαν</strong></span> <span class='ocrx_word' id='word_1_438' title='bbox 1377 1384 1539 1420; x_wconf 70' lang='grc' dir='ltr'><strong>ἐκήρυττον.</strong></span> <span class='ocrx_word' id='word_1_439' title='bbox 1564 1383 1648 1410; x_wconf 66' lang='grc' dir='ltr'><strong>ποθεν</strong></span> <span class='ocrx_word' id='word_1_440' title='bbox 1669 1382 1739 1414; x_wconf 81' lang='grc' dir='ltr'><strong>ἰδίας</strong></span> <span class='ocrx_word' id='word_1_441' title='bbox 1765 1381 1892 1417; x_wconf 77' lang='grc' dir='ltr'><strong>ὴξιοῦντο</strong></span> 
     </span>
    </p>
   </div>
   <div class='ocr_carea' id='block_1_62' title="bbox 1099 1427 1892 1468">
    <p class='ocr_par' dir='ltr' id='par_1_62' title="bbox 1099 1427 1892 1468">
     <span class='ocr_line' id='line_1_62' title="bbox 1099 1427 1892 1468; baseline -0.009 -8"><span class='ocrx_word' id='word_1_442' title='bbox 1099 1431 1238 1468; x_wconf 70' lang='grc' dir='ltr'><strong>προνοίας,</strong></span> <span class='ocrx_word' id='word_1_443' title='bbox 1257 1431 1300 1457; x_wconf 78' lang='grc' dir='ltr'><strong>ἵνα</strong></span> <span class='ocrx_word' id='word_1_444' title='bbox 1315 1430 1352 1466; x_wconf 86' lang='grc' dir='ltr'><strong>μὴ</strong></span> <span class='ocrx_word' id='word_1_445' title='bbox 1365 1431 1421 1462; x_wconf 85' lang='grc' dir='ltr'><strong>τοῖς</strong></span> <span class='ocrx_word' id='word_1_446' title='bbox 1433 1430 1522 1461; x_wconf 85' lang='grc' dir='ltr'><strong>ἄλλοις</strong></span> <span class='ocrx_word' id='word_1_447' title='bbox 1536 1429 1731 1464; x_wconf 80' lang='grc' dir='ltr'><strong>ἀναμιχθέντες</strong></span> <span class='ocrx_word' id='word_1_448' title='bbox 1743 1427 1892 1462; x_wconf 79' lang='grc' dir='ltr'><strong>διαφθορὰν</strong></span> 
     </span>
    </p>
   </div>
   <div class='ocr_carea' id='block_1_63' title="bbox 1100 1474 1893 1514">
    <p class='ocr_par' dir='ltr' id='par_1_63' title="bbox 1100 1474 1893 1514">
     <span class='ocr_line' id='line_1_63' title="bbox 1100 1474 1893 1514; baseline -0.008 -8"><span class='ocrx_word' id='word_1_449' title='bbox 1100 1478 1295 1514; x_wconf 83' lang='grc' dir='ltr'><strong>ὑπομείνωσιν,</strong></span> <span class='ocrx_word' id='word_1_450' title='bbox 1311 1477 1367 1504; x_wconf 81' lang='grc' dir='ltr'><strong>ἀλλ’</strong></span> <span class='ocrx_word' id='word_1_451' title='bbox 1392 1477 1432 1508; x_wconf 82' lang='grc' dir='ltr'><strong>εἰς</strong></span> <span class='ocrx_word' id='word_1_452' title='bbox 1446 1476 1543 1512; x_wconf 78' lang='grc' dir='ltr'><strong>καιρδν</strong></span> <span class='ocrx_word' id='word_1_453' title='bbox 1567 1475 1710 1510; x_wconf 84' lang='grc' dir='ltr'><strong>παραδῶσι</strong></span> <span class='ocrx_word' id='word_1_454' title='bbox 1725 1476 1781 1506; x_wconf 87' lang='grc' dir='ltr'><strong>τοῖς</strong></span> <span class='ocrx_word' id='word_1_455' title='bbox 1799 1474 1893 1503; x_wconf 79' lang='grc' dir='ltr'><strong>ἄλλοις</strong></span> 
     </span>
    </p>
   </div>
   <div class='ocr_carea' id='block_1_64' title="bbox 1099 1518 1894 1560">
    <p class='ocr_par' dir='ltr' id='par_1_64' title="bbox 1099 1518 1894 1560">
     <span class='ocr_line' id='line_1_64' title="bbox 1099 1518 1894 1560; baseline -0.009 -8"><span class='ocrx_word' id='word_1_456' title='bbox 1099 1526 1149 1560; x_wconf 81' lang='grc' dir='ltr'><strong>τῆς</strong></span> <span class='ocrx_word' id='word_1_457' title='bbox 1162 1524 1210 1551; x_wconf 79' lang='grc' dir='ltr'><strong>τοῦ</strong></span> <span class='ocrx_word' id='word_1_458' title='bbox 1229 1522 1348 1559; x_wconf 78' lang='grc' dir='ltr'><strong>Χριστοῦ</strong></span> <span class='ocrx_word' id='word_1_459' title='bbox 1370 1522 1523 1558; x_wconf 83' lang='grc' dir='ltr'><strong>παρουσίας</strong></span> <span class='ocrx_word' id='word_1_460' title='bbox 1543 1521 1577 1548; x_wconf 81' lang='grc' dir='ltr'><strong>τὰ</strong></span> <span class='ocrx_word' id='word_1_461' title='bbox 1600 1519 1821 1557; x_wconf 86' lang='grc' dir='ltr'><strong>προμηνύματα,</strong></span> <span class='ocrx_word' id='word_1_462' title='bbox 1845 1518 1894 1545; x_wconf 72' lang='grc' dir='ltr'><strong>καὶ</strong></span> 
     </span>
    </p>
   </div>
   <div class='ocr_carea' id='block_1_65' title="bbox 1101 1566 1892 1607">
    <p class='ocr_par' dir='ltr' id='par_1_65' title="bbox 1101 1566 1892 1607">
     <span class='ocr_line' id='line_1_65' title="bbox 1101 1566 1892 1607; baseline -0.009 -9"><span class='ocrx_word' id='word_1_463' title='bbox 1101 1571 1167 1607; x_wconf 82' lang='grc' dir='ltr'><strong>ὅσην</strong></span> <span class='ocrx_word' id='word_1_464' title='bbox 1181 1569 1283 1597; x_wconf 81' lang='grc' dir='ltr'><strong>ἄνωθεν</strong></span> <span class='ocrx_word' id='word_1_465' title='bbox 1308 1570 1323 1595; x_wconf 85' lang='grc' dir='ltr'><strong>ὸ</strong></span> <span class='ocrx_word' id='word_1_466' title='bbox 1338 1569 1404 1599; x_wconf 81' lang='grc' dir='ltr'><strong>Θεὸς</strong></span> <span class='ocrx_word' id='word_1_467' title='bbox 1423 1568 1584 1603; x_wconf 84' lang='grc' dir='ltr'><strong>ἐπιμέλειαν</strong></span> <span class='ocrx_word' id='word_1_468' title='bbox 1601 1567 1654 1594; x_wconf 85' lang='grc' dir='ltr'><strong>τῶν</strong></span> <span class='ocrx_word' id='word_1_469' title='bbox 1673 1566 1827 1601; x_wconf 87' lang='grc' dir='ltr'><strong>ἀνθρώπων</strong></span> <span class='ocrx_word' id='word_1_470' title='bbox 1842 1573 1892 1590; x_wconf 85' lang='grc' dir='ltr'><strong>πε-</strong></span> 
     </span>
    </p>
   </div>
   <div class='ocr_carea' id='block_1_66' title="bbox 1100 1609 1895 1651">
    <p class='ocr_par' dir='ltr' id='par_1_66' title="bbox 1100 1609 1895 1651">
     <span class='ocr_line' id='line_1_66' title="bbox 1100 1609 1895 1651; baseline -0.009 -9"><span class='ocrx_word' id='word_1_471' title='bbox 1100 1616 1223 1651; x_wconf 85' lang='grc' dir='ltr'><strong>ποίηται,</strong></span> <span class='ocrx_word' id='word_1_472' title='bbox 1248 1615 1322 1646; x_wconf 81' lang='grc' dir='ltr'><strong>ὅπως</strong></span> <span class='ocrx_word' id='word_1_473' title='bbox 1342 1622 1372 1640; x_wconf 83' lang='grc' dir='ltr'><strong>τε</strong></span> <span class='ocrx_word' id='word_1_474' title='bbox 1387 1613 1431 1640; x_wconf 80' lang='grc' dir='ltr'><strong>διὰ</strong></span> <span class='ocrx_word' id='word_1_475' title='bbox 1450 1613 1501 1649; x_wconf 84' lang='grc' dir='ltr'><strong>τῆς</strong></span> <span class='ocrx_word' id='word_1_476' title='bbox 1521 1613 1640 1648; x_wconf 83' lang='grc' dir='ltr'><strong>νομικῆς</strong></span> <span class='ocrx_word' id='word_1_477' title='bbox 1665 1611 1813 1644; x_wconf 72' lang='grc' dir='ltr'><strong>διατάξεως</strong></span> <span class='ocrx_word' id='word_1_478' title='bbox 1839 1609 1895 1636; x_wconf 74' lang='grc' dir='ltr'><strong>ἀπὸ</strong></span> 
     </span>
    </p>
   </div>
   <div class='ocr_carea' id='block_1_67' title="bbox 1100 1654 1895 1695">
    <p class='ocr_par' dir='ltr' id='par_1_67' title="bbox 1100 1654 1895 1695">
     <span class='ocr_line' id='line_1_67' title="bbox 1100 1654 1895 1695; baseline -0.01 -7"><span class='ocrx_word' id='word_1_479' title='bbox 1100 1661 1154 1688; x_wconf 85' lang='grc' dir='ltr'><strong>τῶν</strong></span> <span class='ocrx_word' id='word_1_480' title='bbox 1167 1660 1236 1695; x_wconf 75' lang='grc' dir='ltr'><strong>πρὸς</strong></span> <span class='ocrx_word' id='word_1_481' title='bbox 1258 1658 1385 1694; x_wconf 74' lang='grc' dir='ltr'><strong>Ἀϐραὰμ</strong></span> <span class='ocrx_word' id='word_1_482' title='bbox 1408 1657 1581 1692; x_wconf 79' lang='grc' dir='ltr'><strong>ἐπαγγελιῶν</strong></span> <span class='ocrx_word' id='word_1_483' title='bbox 1596 1656 1752 1692; x_wconf 79' lang='grc' dir='ltr'><strong>ἀρξάμενος</strong></span> <span class='ocrx_word' id='word_1_484' title='bbox 1763 1675 1771 1688; x_wconf 89' lang='grc'><em>,</em></span> <span class='ocrx_word' id='word_1_485' title='bbox 1786 1655 1827 1686; x_wconf 74' lang='grc' dir='ltr'><strong>εἰς</strong></span> <span class='ocrx_word' id='word_1_486' title='bbox 1843 1654 1895 1689; x_wconf 83' lang='grc' dir='ltr'><strong>τὴν</strong></span> 
     </span>
    </p>
   </div>
   <div class='ocr_carea' id='block_1_68' title="bbox 1101 1701 1836 1741">
    <p class='ocr_par' dir='ltr' id='par_1_68' title="bbox 1101 1701 1836 1741">
     <span class='ocr_line' id='line_1_68' title="bbox 1101 1701 1836 1741; baseline -0.01 -7"><span class='ocrx_word' id='word_1_487' title='bbox 1101 1707 1149 1734; x_wconf 85' lang='grc' dir='ltr'><strong>τοῦ</strong></span> <span class='ocrx_word' id='word_1_488' title='bbox 1166 1705 1286 1741; x_wconf 83' lang='grc' dir='ltr'><strong>Χριστοῦ</strong></span> <span class='ocrx_word' id='word_1_489' title='bbox 1295 1704 1448 1740; x_wconf 82' lang='grc' dir='ltr'><strong>παρουσίαν</strong></span> <span class='ocrx_word' id='word_1_490' title='bbox 1462 1702 1689 1737; x_wconf 83' lang='grc' dir='ltr'><strong>ἐπαιδαγὼγησεν</strong></span> <span class='ocrx_word' id='word_1_491' title='bbox 1702 1701 1836 1732; x_wconf 74' lang='grc' dir='ltr'><strong>ἅπαντας.</strong></span> 
     </span>
    </p>
   </div>
   <div class='ocr_carea' id='block_1_69' title="bbox 260 1748 1894 1791">
    <p class='ocr_par' dir='ltr' id='par_1_69' title="bbox 260 1748 1894 1791">
     <span class='ocr_line' id='line_1_69' title="bbox 260 1748 1894 1791; baseline -0.006 -9"><span class='ocrx_word' id='word_1_492' title='bbox 260 1755 333 1782; x_wconf 70' lang='lat' dir='ltr'><strong>enim</strong></span> <span class='ocrx_word' id='word_1_493' title='bbox 349 1755 422 1790; x_wconf 88' lang='lat' dir='ltr'><strong>apud</strong></span> <span class='ocrx_word' id='word_1_494' title='bbox 447 1755 497 1782; x_wconf 89' lang='lat' dir='ltr'><strong>hos</strong></span> <span class='ocrx_word' id='word_1_495' title='bbox 523 1756 570 1789; x_wconf 92' lang='lat' dir='ltr'><strong>qui</strong></span> <span class='ocrx_word' id='word_1_496' title='bbox 597 1757 648 1791; x_wconf 79' lang='lat' dir='ltr'><strong>legi</strong></span> <span class='ocrx_word' id='word_1_497' title='bbox 674 1757 788 1783; x_wconf 79' lang='lat' dir='ltr'><strong>obnoxii</strong></span> <span class='ocrx_word' id='word_1_498' title='bbox 813 1759 902 1789; x_wconf 79' lang='lat' dir='ltr'><strong>erant,</strong></span> <span class='ocrx_word' id='word_1_499' title='bbox 919 1760 946 1783; x_wconf 87' lang='lat' dir='ltr'><strong>et</strong></span> <span class='ocrx_word' id='word_1_500' title='bbox 980 1760 1062 1783; x_wconf 87' lang='lat' dir='ltr'><strong>natus</strong></span> <span class='ocrx_word' id='word_1_501' title='bbox 1098 1757 1126 1781; x_wconf 88' lang='lat' dir='ltr'><strong>et</strong></span> <span class='ocrx_word' id='word_1_502' title='bbox 1151 1755 1335 1779; x_wconf 87' lang='lat' dir='ltr'><strong>conversatus</strong></span> <span class='ocrx_word' id='word_1_503' title='bbox 1366 1754 1421 1784; x_wconf 89' lang='lat' dir='ltr'><strong>est,</strong></span> <span class='ocrx_word' id='word_1_504' title='bbox 1453 1749 1535 1777; x_wconf 80' lang='lat' dir='ltr'><strong>sicuti</strong></span> <span class='ocrx_word' id='word_1_505' title='bbox 1567 1748 1710 1776; x_wconf 88' lang='lat' dir='ltr'><strong>vaticinati</strong></span> <span class='ocrx_word' id='word_1_506' title='bbox 1739 1751 1805 1774; x_wconf 88' lang='lat' dir='ltr'><strong>sunt</strong></span> <span class='ocrx_word' id='word_1_507' title='bbox 1830 1752 1894 1781; x_wconf 90' lang='lat' dir='ltr'><strong>pro-</strong></span> 
     </span>
    </p>
   </div>
   <div class='ocr_carea' id='block_1_70' title="bbox 260 1791 1894 1836">
    <p class='ocr_par' dir='ltr' id='par_1_70' title="bbox 260 1791 1894 1836">
     <span class='ocr_line' id='line_1_70' title="bbox 260 1791 1894 1836; baseline -0.006 -9"><span class='ocrx_word' id='word_1_508' title='bbox 260 1801 348 1836; x_wconf 73' lang='lat' dir='ltr'><strong>phetat</strong></span> <span class='ocrx_word' id='word_1_509' title='bbox 362 1801 461 1827; x_wconf 87' lang='lat' dir='ltr'><strong>sancti.</strong></span> <span class='ocrx_word' id='word_1_510' title='bbox 493 1800 662 1828; x_wconf 82' lang='lat' dir='ltr'><strong>Peculiarem</strong></span> <span class='ocrx_word' id='word_1_511' title='bbox 692 1801 783 1836; x_wconf 80' lang='lat' dir='ltr'><strong>itaque</strong></span> <span class='ocrx_word' id='word_1_512' title='bbox 801 1801 848 1828; x_wconf 87' lang='lat' dir='ltr'><strong>Dei</strong></span> <span class='ocrx_word' id='word_1_513' title='bbox 867 1802 956 1829; x_wconf 86' lang='lat' dir='ltr'><strong>sortiti</strong></span> <span class='ocrx_word' id='word_1_514' title='bbox 983 1805 1049 1829; x_wconf 90' lang='lat' dir='ltr'><strong>sunt</strong></span> <span class='ocrx_word' id='word_1_515' title='bbox 1068 1798 1285 1836; x_wconf 86' lang='lat' dir='ltr'><strong>providentiam,</strong></span> <span class='ocrx_word' id='word_1_516' title='bbox 1303 1804 1338 1825; x_wconf 86' lang='lat' dir='ltr'><strong>ne</strong></span> <span class='ocrx_word' id='word_1_517' title='bbox 1370 1795 1486 1831; x_wconf 87' lang='lat' dir='ltr'><strong>reliquis</strong></span> <span class='ocrx_word' id='word_1_518' title='bbox 1512 1794 1626 1822; x_wconf 85' lang='lat' dir='ltr'><strong>immisti</strong></span> <span class='ocrx_word' id='word_1_519' title='bbox 1649 1793 1759 1828; x_wconf 89' lang='lat' dir='ltr'><strong>populis</strong></span> <span class='ocrx_word' id='word_1_520' title='bbox 1792 1791 1894 1819; x_wconf 65' lang='lat' dir='ltr'><strong>foedam</strong></span> 
     </span>
    </p>
   </div>
   <div class='ocr_carea' id='block_1_71' title="bbox 262 1838 1895 1890">
    <p class='ocr_par' dir='ltr' id='par_1_71' title="bbox 262 1838 1895 1890">
     <span class='ocr_line' id='line_1_71' title="bbox 262 1838 1895 1890; baseline -0.006 -17"><span class='ocrx_word' id='word_1_521' title='bbox 262 1847 396 1874; x_wconf 84' lang='lat' dir='ltr'><strong>sentirent</strong></span> <span class='ocrx_word' id='word_1_522' title='bbox 418 1848 634 1882; x_wconf 86' lang='lat' dir='ltr'><strong>corruptionem,</strong></span> <span class='ocrx_word' id='word_1_523' title='bbox 665 1851 692 1875; x_wconf 87' lang='lat' dir='ltr'><strong>et</strong></span> <span class='ocrx_word' id='word_1_524' title='bbox 716 1853 744 1874; x_wconf 94' lang='lat' dir='ltr'><strong>ut</strong></span> <span class='ocrx_word' id='word_1_525' title='bbox 763 1857 813 1876; x_wconf 87' lang='lat' dir='ltr'><strong>suo</strong></span> <span class='ocrx_word' id='word_1_526' title='bbox 841 1854 964 1884; x_wconf 81' lang='lat' dir='ltr'><strong>te-upore</strong></span> <span class='ocrx_word' id='word_1_527' title='bbox 998 1848 1107 1875; x_wconf 64' lang='lat' dir='ltr'><strong>caneris</strong></span> <span class='ocrx_word' id='word_1_528' title='bbox 1126 1846 1258 1882; x_wconf 75' lang='lat' dir='ltr'><strong>gentibus</strong></span> <span class='ocrx_word' id='word_1_529' title='bbox 1283 1844 1431 1872; x_wconf 89' lang='lat' dir='ltr'><strong>adventum</strong></span> <span class='ocrx_word' id='word_1_530' title='bbox 1459 1842 1612 1870; x_wconf 86' lang='lat' dir='ltr'><strong>salutarem</strong></span> <span class='ocrx_word' id='word_1_531' title='bbox 1650 1838 1780 1890; x_wconf 20' lang='lat' dir='ltr'><strong>Christia</strong></span> <span class='ocrx_word' id='word_1_532' title='bbox 1796 1844 1895 1890; x_wconf 66' lang='lat' dir='ltr'><strong>praesa‘</strong></span> 
     </span>
    </p>
   </div>
   <div class='ocr_carea' id='block_1_72' title="bbox 260 1884 1892 1931">
    <p class='ocr_par' dir='ltr' id='par_1_72' title="bbox 260 1884 1892 1931">
     <span class='ocr_line' id='line_1_72' title="bbox 260 1884 1892 1931; baseline -0.006 -12"><span class='ocrx_word' id='word_1_533' title='bbox 260 1893 306 1928; x_wconf 79' lang='lat' dir='ltr'><strong>gia</strong></span> <span class='ocrx_word' id='word_1_534' title='bbox 323 1897 350 1920; x_wconf 89' lang='lat' dir='ltr'><strong>et</strong></span> <span class='ocrx_word' id='word_1_535' title='bbox 369 1894 493 1927; x_wconf 86' lang='lat' dir='ltr'><strong>oracula,</strong></span> <span class='ocrx_word' id='word_1_536' title='bbox 515 1902 565 1922; x_wconf 91' lang='lat' dir='ltr'><strong>nec</strong></span> <span class='ocrx_word' id='word_1_537' title='bbox 583 1903 637 1922; x_wconf 93' lang='lat' dir='ltr'><strong>non</strong></span> <span class='ocrx_word' id='word_1_538' title='bbox 665 1900 768 1930; x_wconf 87' lang='lat' dir='ltr'><strong>quanta</strong></span> <span class='ocrx_word' id='word_1_539' title='bbox 797 1904 862 1923; x_wconf 79' lang='lat' dir='ltr'><strong>cura</strong></span> <span class='ocrx_word' id='word_1_540' title='bbox 878 1904 891 1922; x_wconf 87' lang='lat' dir='ltr'><strong>a</strong></span> <span class='ocrx_word' id='word_1_541' title='bbox 909 1894 1061 1931; x_wconf 86' lang='lat' dir='ltr'><strong>primordio</strong></span> <span class='ocrx_word' id='word_1_542' title='bbox 1096 1894 1153 1930; x_wconf 81' lang='lat' dir='ltr'><strong>jam</strong></span> <span class='ocrx_word' id='word_1_543' title='bbox 1175 1893 1240 1920; x_wconf 91' lang='lat' dir='ltr'><strong>inde</strong></span> <span class='ocrx_word' id='word_1_544' title='bbox 1265 1898 1358 1919; x_wconf 88' lang='lat' dir='ltr'><strong>rerum</strong></span> <span class='ocrx_word' id='word_1_545' title='bbox 1380 1890 1530 1916; x_wconf 87' lang='lat' dir='ltr'><strong>humanum</strong></span> <span class='ocrx_word' id='word_1_546' title='bbox 1555 1893 1642 1922; x_wconf 76' lang='lat' dir='ltr'><strong>genus</strong></span> <span class='ocrx_word' id='word_1_547' title='bbox 1667 1885 1785 1912; x_wconf 76' lang='lat' dir='ltr'><strong>iuvisset</strong></span> <span class='ocrx_word' id='word_1_548' title='bbox 1808 1884 1892 1931; x_wconf 75' lang='lat' dir='ltr'><strong>Deus.</strong></span> 
     </span>
    </p>
   </div>
   <div class='ocr_carea' id='block_1_73' title="bbox 260 1928 1896 1977">
    <p class='ocr_par' dir='ltr' id='par_1_73' title="bbox 260 1928 1896 1977">
     <span class='ocr_line' id='line_1_73' title="bbox 260 1928 1896 1977; baseline -0.007 -11"><span class='ocrx_word' id='word_1_549' title='bbox 260 1938 408 1966; x_wconf 77' lang='lat' dir='ltr'><strong>efficaciter</strong></span> <span class='ocrx_word' id='word_1_550' title='bbox 430 1928 679 1968; x_wconf 49' lang='lat' dir='ltr'><strong>demonstrarent.-</strong></span> <span class='ocrx_word' id='word_1_551' title='bbox 695 1940 815 1969; x_wconf 88' lang='lat' dir='ltr'><strong>Proinde</strong></span> <span class='ocrx_word' id='word_1_552' title='bbox 842 1928 1045 1977; x_wconf 78' lang='lat' dir='ltr'><strong>legislatiouem</strong></span> <span class='ocrx_word' id='word_1_553' title='bbox 1084 1928 1202 1969; x_wconf 79' lang='lat' dir='ltr'><strong>exorsus</strong></span> <span class='ocrx_word' id='word_1_554' title='bbox 1229 1945 1244 1965; x_wconf 90' lang='lat' dir='ltr'><strong>a</strong></span> <span class='ocrx_word' id='word_1_555' title='bbox 1266 1935 1500 1973; x_wconf 88' lang='lat' dir='ltr'><strong>promissionibus</strong></span> <span class='ocrx_word' id='word_1_556' title='bbox 1525 1935 1553 1961; x_wconf 93' lang='lat' dir='ltr'><strong>iu</strong></span> <span class='ocrx_word' id='word_1_557' title='bbox 1588 1931 1777 1960; x_wconf 83' lang='lat' dir='ltr'><strong>Abrahamum</strong></span> <span class='ocrx_word' id='word_1_558' title='bbox 1809 1928 1896 1956; x_wconf 90' lang='lat' dir='ltr'><strong>colla-</strong></span> 
     </span>
    </p>
   </div>
   <div class='ocr_carea' id='block_1_74' title="bbox 261 1990 308 2016">
    <p class='ocr_par' dir='ltr' id='par_1_74' title="bbox 261 1990 308 2016">
     <span class='ocr_line' id='line_1_74' title="bbox 261 1990 308 2016; baseline 0.043 -5"><span class='ocrx_word' id='word_1_559' title='bbox 261 1990 308 2016; x_wconf 73' lang='grc' dir='ltr'><strong>ιιε,</strong></span> 
     </span>
    </p>
   </div>
   <div class='ocr_carea' id='block_1_75' title="bbox 297 2031 1050 2070">
    <p class='ocr_par' dir='ltr' id='par_1_75' title="bbox 297 2031 1050 2070">
     <span class='ocr_line' id='line_1_75' title="bbox 297 2031 1050 2070; baseline 0.008 -12"><span class='ocrx_word' id='word_1_560' title='bbox 297 2031 376 2064; x_wconf 84' lang='lat' dir='ltr'><strong>Quod</strong></span> <span class='ocrx_word' id='word_1_561' title='bbox 395 2031 478 2060; x_wconf 86' lang='lat' dir='ltr'><strong>Vetus</strong></span> <span class='ocrx_word' id='word_1_562' title='bbox 504 2033 714 2062; x_wconf 85' lang='lat' dir='ltr'><strong>Testamentum</strong></span> <span class='ocrx_word' id='word_1_563' title='bbox 736 2035 817 2070; x_wconf 89' lang='lat' dir='ltr'><strong>paulo</strong></span> <span class='ocrx_word' id='word_1_564' title='bbox 834 2036 982 2064; x_wconf 88' lang='lat' dir='ltr'><strong>obscurius</strong></span> <span class='ocrx_word' id='word_1_565' title='bbox 997 2040 1050 2068; x_wconf 89' lang='lat' dir='ltr'><strong>est,</strong></span> 
     </span>
    </p>
   </div>
   <div class='ocr_carea' id='block_1_76' title="bbox 261 2079 1051 2117">
    <p class='ocr_par' dir='ltr' id='par_1_76' title="bbox 261 2079 1051 2117">
     <span class='ocr_line' id='line_1_76' title="bbox 261 2079 1051 2117; baseline 0.005 -12"><span class='ocrx_word' id='word_1_566' title='bbox 261 2086 374 2106; x_wconf 87' lang='lat' dir='ltr'><strong>causam</strong></span> <span class='ocrx_word' id='word_1_567' title='bbox 392 2079 474 2106; x_wconf 90' lang='lat' dir='ltr'><strong>aliam</strong></span> <span class='ocrx_word' id='word_1_568' title='bbox 500 2081 637 2109; x_wconf 88' lang='lat' dir='ltr'><strong>arbitrare</strong></span> <span class='ocrx_word' id='word_1_569' title='bbox 654 2082 771 2114; x_wconf 91' lang='lat' dir='ltr'><strong>nullam,</strong></span> <span class='ocrx_word' id='word_1_570' title='bbox 789 2090 872 2117; x_wconf 86' lang='lat' dir='ltr'><strong>quam</strong></span> <span class='ocrx_word' id='word_1_571' title='bbox 896 2083 1051 2117; x_wconf 89' lang='lat' dir='ltr'><strong>priscorqu</strong></span> 
     </span>
    </p>
   </div>
   <div class='ocr_carea' id='block_1_77' title="bbox 263 2125 1052 2163">
    <p class='ocr_par' dir='ltr' id='par_1_77' title="bbox 263 2125 1052 2163">
     <span class='ocr_line' id='line_1_77' title="bbox 263 2125 1052 2163; baseline 0.005 -12"><span class='ocrx_word' id='word_1_572' title='bbox 263 2125 404 2152; x_wconf 86' lang='lat' dir='ltr'><strong>hominum</strong></span> <span class='ocrx_word' id='word_1_573' title='bbox 427 2126 528 2154; x_wconf 90' lang='lat' dir='ltr'><strong>obtusa</strong></span> <span class='ocrx_word' id='word_1_574' title='bbox 555 2131 677 2162; x_wconf 87' lang='lat' dir='ltr'><strong>pectora.</strong></span> <span class='ocrx_word' id='word_1_575' title='bbox 699 2127 767 2154; x_wconf 85' lang='lat' dir='ltr'><strong>Nam</strong></span> <span class='ocrx_word' id='word_1_576' title='bbox 795 2129 856 2156; x_wconf 79' lang='lat' dir='ltr'><strong>velo</strong></span> <span class='ocrx_word' id='word_1_577' title='bbox 878 2128 1052 2163; x_wconf 72' lang='lat' dir='ltr'><strong>indigebant,</strong></span> 
     </span>
    </p>
   </div>
   <div class='ocr_carea' id='block_1_78' title="bbox 261 2171 1053 2207">
    <p class='ocr_par' dir='ltr' id='par_1_78' title="bbox 261 2171 1053 2207">
     <span class='ocr_line' id='line_1_78' title="bbox 261 2171 1053 2207; baseline 0.004 -11"><span class='ocrx_word' id='word_1_578' title='bbox 261 2177 326 2197; x_wconf 86' lang='lat' dir='ltr'><strong>cum</strong></span> <span class='ocrx_word' id='word_1_579' title='bbox 356 2177 409 2197; x_wconf 92' lang='lat' dir='ltr'><strong>nou</strong></span> <span class='ocrx_word' id='word_1_580' title='bbox 442 2171 616 2199; x_wconf 86' lang='lat' dir='ltr'><strong>sustinerent</strong></span> <span class='ocrx_word' id='word_1_581' title='bbox 645 2172 690 2199; x_wconf 90' lang='lat' dir='ltr'><strong>illa</strong></span> <span class='ocrx_word' id='word_1_582' title='bbox 720 2176 832 2207; x_wconf 88' lang='lat' dir='ltr'><strong>propter</strong></span> <span class='ocrx_word' id='word_1_583' title='bbox 860 2173 1053 2201; x_wconf 75' lang='lat' dir='ltr'><strong>excellentiam</strong></span> 
     </span>
    </p>
   </div>
   <div class='ocr_carea' id='block_1_79' title="bbox 262 2216 1053 2254">
    <p class='ocr_par' dir='ltr' id='par_1_79' title="bbox 262 2216 1053 2254">
     <span class='ocr_line' id='line_1_79' title="bbox 262 2216 1053 2254; baseline 0.003 -11"><span class='ocrx_word' id='word_1_584' title='bbox 262 2216 366 2244; x_wconf 81' lang='lat' dir='ltr'><strong>videre.</strong></span> <span class='ocrx_word' id='word_1_585' title='bbox 388 2217 516 2244; x_wconf 84' lang='lat' dir='ltr'><strong>Nonnihil</strong></span> <span class='ocrx_word' id='word_1_586' title='bbox 537 2217 611 2245; x_wconf 80' lang='lat' dir='ltr'><strong>enim</strong></span> <span class='ocrx_word' id='word_1_587' title='bbox 635 2218 759 2252; x_wconf 88' lang='lat' dir='ltr'><strong>ipsorum</strong></span> <span class='ocrx_word' id='word_1_588' title='bbox 786 2219 860 2246; x_wconf 88' lang='lat' dir='ltr'><strong>acies</strong></span> <span class='ocrx_word' id='word_1_589' title='bbox 883 2218 1053 2254; x_wconf 82' lang='lat' dir='ltr'><strong>perstringe-</strong></span> 
     </span>
    </p>
   </div>
   <div class='ocr_carea' id='block_1_80' title="bbox 352 1986 1153 2021">
    <p class='ocr_par' dir='ltr' id='par_1_80' title="bbox 352 1986 1153 2021">
     <span class='ocr_line' id='line_1_80' title="bbox 352 1986 1153 2021; baseline 0.001 -9"><span class='ocrx_word' id='word_1_590' title='bbox 352 1986 452 2021; x_wconf 80' lang='lat' dir='ltr'><strong>satagit</strong></span> <span class='ocrx_word' id='word_1_591' title='bbox 486 1994 582 2015; x_wconf 88' lang='lat' dir='ltr'><strong>omnes</strong></span> <span class='ocrx_word' id='word_1_592' title='bbox 621 1988 768 2017; x_wconf 87' lang='lat' dir='ltr'><strong>instituere</strong></span> <span class='ocrx_word' id='word_1_593' title='bbox 798 1988 831 2016; x_wconf 91' lang='lat' dir='ltr'><strong>ad</strong></span> <span class='ocrx_word' id='word_1_594' title='bbox 869 1989 1018 2017; x_wconf 84' lang='lat' dir='ltr'><strong>adventum</strong></span> <span class='ocrx_word' id='word_1_595' title='bbox 1038 1987 1153 2016; x_wconf 88' lang='lat' dir='ltr'><strong>Christi.</strong></span> 
     </span>
    </p>
   </div>
   <div class='ocr_carea' id='block_1_81' title="bbox 1138 2021 1897 2068">
    <p class='ocr_par' dir='ltr' id='par_1_81' title="bbox 1138 2021 1897 2068">
     <span class='ocr_line' id='line_1_81' title="bbox 1138 2021 1897 2068; baseline -0.016 -9"><span class='ocrx_word' id='word_1_596' title='bbox 1138 2032 1194 2068; x_wconf 88' lang='grc' dir='ltr'><strong>Τῆς</strong></span> <span class='ocrx_word' id='word_1_597' title='bbox 1206 2031 1236 2058; x_wconf 91' lang='grc' dir='ltr'><strong>δέ</strong></span> <span class='ocrx_word' id='word_1_598' title='bbox 1249 2030 1321 2058; x_wconf 82' lang='grc' dir='ltr'><strong>κατὰ</strong></span> <span class='ocrx_word' id='word_1_599' title='bbox 1338 2031 1388 2064; x_wconf 82' lang='grc' dir='ltr'><strong>τὴν</strong></span> <span class='ocrx_word' id='word_1_600' title='bbox 1408 2027 1532 2056; x_wconf 79' lang='grc' dir='ltr'><strong>Παλαιὰν</strong></span> <span class='ocrx_word' id='word_1_601' title='bbox 1545 2025 1659 2062; x_wconf 85' lang='grc' dir='ltr'><strong>Γραφὴν</strong></span> <span class='ocrx_word' id='word_1_602' title='bbox 1673 2023 1808 2059; x_wconf 79' lang='grc' dir='ltr'><strong>ἀσαφείας</strong></span> <span class='ocrx_word' id='word_1_603' title='bbox 1824 2021 1897 2048; x_wconf 78' lang='grc' dir='ltr'><strong>αἰτία</strong></span> 
     </span>
    </p>
   </div>
   <div class='ocr_carea' id='block_1_82' title="bbox 1102 2067 1894 2115">
    <p class='ocr_par' dir='ltr' id='par_1_82' title="bbox 1102 2067 1894 2115">
     <span class='ocr_line' id='line_1_82' title="bbox 1102 2067 1894 2115; baseline -0.018 -8"><span class='ocrx_word' id='word_1_604' title='bbox 1102 2079 1152 2115; x_wconf 85' lang='grc' dir='ltr'><strong>μέν</strong></span> <span class='ocrx_word' id='word_1_605' title='bbox 1173 2067 1193 2114; x_wconf 18' lang='grc' dir='ltr'><strong>νὴ</strong></span> <span class='ocrx_word' id='word_1_606' title='bbox 1215 2077 1270 2105; x_wconf 84' lang='grc' dir='ltr'><strong>τῶν</strong></span> <span class='ocrx_word' id='word_1_607' title='bbox 1294 2075 1419 2103; x_wconf 84' lang='grc' dir='ltr'><strong>παλαιῶν</strong></span> <span class='ocrx_word' id='word_1_608' title='bbox 1444 2073 1596 2109; x_wconf 81' lang='grc' dir='ltr'><strong>ἀνθρώπων</strong></span> <span class='ocrx_word' id='word_1_609' title='bbox 1623 2070 1752 2098; x_wconf 79' lang='grc' dir='ltr'><strong>ἀσθένεια</strong></span> <span class='ocrx_word' id='word_1_610' title='bbox 1779 2067 1894 2115; x_wconf 81' lang='grc' dir='ltr'><strong>δεομένη</strong></span> 
     </span>
    </p>
   </div>
   <div class='ocr_carea' id='block_1_83' title="bbox 1101 2113 1896 2161">
    <p class='ocr_par' dir='ltr' id='par_1_83' title="bbox 1101 2113 1896 2161">
     <span class='ocr_line' id='line_1_83' title="bbox 1101 2113 1896 2161; baseline -0.016 -9"><span class='ocrx_word' id='word_1_611' title='bbox 1101 2113 1225 2161; x_wconf 79' lang='grc' dir='ltr'><strong>πρὺςτὴν</strong></span> <span class='ocrx_word' id='word_1_612' title='bbox 1234 2122 1324 2150; x_wconf 84' lang='grc' dir='ltr'><strong>αὐτῶν</strong></span> <span class='ocrx_word' id='word_1_613' title='bbox 1335 2121 1414 2153; x_wconf 82' lang='grc' dir='ltr'><strong>ἀξίαν</strong></span> <span class='ocrx_word' id='word_1_614' title='bbox 1428 2119 1693 2155; x_wconf 79' lang='grc' dir='ltr'><strong>παραπετάσματος.</strong></span> <span class='ocrx_word' id='word_1_615' title='bbox 1710 2115 1830 2150; x_wconf 80' lang='grc' dir='ltr'><strong>Μωῡσῆς</strong></span> <span class='ocrx_word' id='word_1_616' title='bbox 1841 2113 1896 2148; x_wconf 82' lang='grc' dir='ltr'><strong>γὰρ</strong></span> 
     </span>
    </p>
   </div>
   <div class='ocr_carea' id='block_1_84' title="bbox 1101 2161 1895 2206">
    <p class='ocr_par' dir='ltr' id='par_1_84' title="bbox 1101 2161 1895 2206">
     <span class='ocr_line' id='line_1_84' title="bbox 1101 2161 1895 2206; baseline -0.018 -7"><span class='ocrx_word' id='word_1_617' title='bbox 1101 2172 1151 2199; x_wconf 83' lang='grc' dir='ltr'><strong>οὐκ</strong></span> <span class='ocrx_word' id='word_1_618' title='bbox 1173 2170 1281 2206; x_wconf 80' lang='grc' dir='ltr'><strong>ἠγνόει·</strong></span> <span class='ocrx_word' id='word_1_619' title='bbox 1310 2168 1379 2203; x_wconf 80' lang='grc' dir='ltr'><strong>πρὸς</strong></span> <span class='ocrx_word' id='word_1_620' title='bbox 1399 2166 1499 2197; x_wconf 79' lang='grc' dir='ltr'><strong>αὐτοὺς</strong></span> <span class='ocrx_word' id='word_1_621' title='bbox 1525 2165 1581 2200; x_wconf 82' lang='grc' dir='ltr'><strong>γὰρ</strong></span> <span class='ocrx_word' id='word_1_622' title='bbox 1608 2162 1666 2198; x_wconf 83' lang='grc' dir='ltr'><strong>εἶχε</strong></span> <span class='ocrx_word' id='word_1_623' title='bbox 1697 2162 1729 2188; x_wconf 78' lang='grc' dir='ltr'><strong>τὸ</strong></span> <span class='ocrx_word' id='word_1_624' title='bbox 1750 2161 1895 2206; x_wconf 77' lang='grc' dir='ltr'><strong>κάλυμμα,</strong></span> 
     </span>
    </p>
   </div>
   <div class='ocr_carea' id='block_1_85' title="bbox 1101 2205 1898 2249">
    <p class='ocr_par' dir='ltr' id='par_1_85' title="bbox 1101 2205 1898 2249">
     <span class='ocr_line' id='line_1_85' title="bbox 1101 2205 1898 2249; baseline -0.016 -6"><span class='ocrx_word' id='word_1_625' title='bbox 1101 2216 1160 2243; x_wconf 85' lang='grc' dir='ltr'><strong>ἀλλ’</strong></span> <span class='ocrx_word' id='word_1_626' title='bbox 1183 2216 1213 2242; x_wconf 83' lang='grc' dir='ltr'><strong>οὺ</strong></span> <span class='ocrx_word' id='word_1_627' title='bbox 1238 2214 1306 2249; x_wconf 83' lang='grc' dir='ltr'><strong>πρὸς</strong></span> <span class='ocrx_word' id='word_1_628' title='bbox 1329 2212 1439 2243; x_wconf 81' lang='grc' dir='ltr'><strong>ἐαυτὸν,</strong></span> <span class='ocrx_word' id='word_1_629' title='bbox 1461 2210 1521 2237; x_wconf 85' lang='grc' dir='ltr'><strong>οὐδέ</strong></span> <span class='ocrx_word' id='word_1_630' title='bbox 1544 2207 1747 2245; x_wconf 74' lang='grc' dir='ltr'><strong>μεταστραφεὶς</strong></span> <span class='ocrx_word' id='word_1_631' title='bbox 1771 2205 1839 2241; x_wconf 78' lang='grc' dir='ltr'><strong>πρδς</strong></span> <span class='ocrx_word' id='word_1_632' title='bbox 1852 2205 1898 2231; x_wconf 79' lang='grc' dir='ltr'><strong>τὸν</strong></span> 
     </span>
    </p>
   </div>
   <div class='ocr_carea' id='block_1_86' title="bbox 263 2249 1051 2308">
    <p class='ocr_par' dir='ltr' id='par_1_86' title="bbox 263 2263 1051 2299">
     <span class='ocr_line' id='line_1_86' title="bbox 263 2263 1051 2299; baseline 0 -9"><span class='ocrx_word' id='word_1_633' title='bbox 263 2263 309 2290; x_wconf 85' lang='lat' dir='ltr'><strong>hat</strong></span> <span class='ocrx_word' id='word_1_634' title='bbox 324 2267 490 2291; x_wconf 89' lang='lat' dir='ltr'><strong>coruscante</strong></span> <span class='ocrx_word' id='word_1_635' title='bbox 519 2263 669 2299; x_wconf 87' lang='lat' dir='ltr'><strong>splendore</strong></span> <span class='ocrx_word' id='word_1_636' title='bbox 685 2264 845 2290; x_wconf 88' lang='lat' dir='ltr'><strong>divinorum</strong></span> <span class='ocrx_word' id='word_1_637' title='bbox 861 2265 1051 2292; x_wconf 85' lang='lat' dir='ltr'><strong>oraculorum.</strong></span> 
     </span>
    </p>
   </div>
   <div class='ocr_carea' id='block_1_87' title="bbox 1100 2249 1899 2308">
    <p class='ocr_par' dir='ltr' id='par_1_87' title="bbox 1105 2249 1899 2308">
     <span class='ocr_line' id='line_1_87' title="bbox 1105 2249 1899 2308; baseline -0.019 -18"><span class='ocrx_word' id='word_1_638' title='bbox 1105 2262 1219 2298; x_wconf 87' lang='grc' dir='ltr'><strong>Κύριον.</strong></span> <span class='ocrx_word' id='word_1_639' title='bbox 1231 2258 1382 2294; x_wconf 79' lang='grc' dir='ltr'><strong>Τοιγαροῦν</strong></span> <span class='ocrx_word' id='word_1_640' title='bbox 1393 2257 1446 2284; x_wconf 85' lang='grc' dir='ltr'><strong>τῶν</strong></span> <span class='ocrx_word' id='word_1_641' title='bbox 1471 2255 1641 2290; x_wconf 76' lang='grc' dir='ltr'><strong>ἀγνοούντων</strong></span> <span class='ocrx_word' id='word_1_642' title='bbox 1655 2253 1705 2308; x_wconf 70' lang='grc' dir='ltr'><strong>οὐκ</strong></span> <span class='ocrx_word' id='word_1_643' title='bbox 1719 2249 1753 2308; x_wconf 62' lang='grc' dir='ltr'><strong>ἶγν</strong></span> <span class='ocrx_word' id='word_1_644' title='bbox 1766 2249 1899 2308; x_wconf 57' lang='grc' dir='ltr'><strong>ἱγκλημα</strong></span> 
     </span>
    </p>
   </div>
   <div class='ocr_carea' id='block_1_88' title="bbox 263 2307 1055 2345">
    <p class='ocr_par' dir='ltr' id='par_1_88' title="bbox 263 2307 1055 2345">
     <span class='ocr_line' id='line_1_88' title="bbox 263 2307 1055 2345; baseline 0.001 -10"><span class='ocrx_word' id='word_1_645' title='bbox 263 2307 364 2336; x_wconf 79' lang='lat' dir='ltr'><strong>Verum</strong></span> <span class='ocrx_word' id='word_1_646' title='bbox 384 2308 475 2336; x_wconf 85' lang='lat' dir='ltr'><strong>Moses</strong></span> <span class='ocrx_word' id='word_1_647' title='bbox 485 2309 679 2344; x_wconf 81' lang='lat' dir='ltr'><strong>mysteriorum</strong></span> <span class='ocrx_word' id='word_1_648' title='bbox 692 2310 815 2336; x_wconf 90' lang='lat' dir='ltr'><strong>omnium</strong></span> <span class='ocrx_word' id='word_1_649' title='bbox 833 2309 941 2345; x_wconf 88' lang='lat' dir='ltr'><strong>plenam</strong></span> <span class='ocrx_word' id='word_1_650' title='bbox 959 2309 1055 2344; x_wconf 77' lang='lat' dir='ltr'><strong>cogni-</strong></span> 
     </span>
    </p>
   </div>
   <div class='ocr_carea' id='block_1_89' title="bbox 265 2353 1056 2390">
    <p class='ocr_par' dir='ltr' id='par_1_89' title="bbox 265 2353 1056 2390">
     <span class='ocr_line' id='line_1_89' title="bbox 265 2353 1056 2390; baseline 0.003 -10"><span class='ocrx_word' id='word_1_651' title='bbox 265 2354 366 2381; x_wconf 89' lang='lat' dir='ltr'><strong>tiouem</strong></span> <span class='ocrx_word' id='word_1_652' title='bbox 384 2353 501 2381; x_wconf 85' lang='lat' dir='ltr'><strong>habebat</strong></span> <span class='ocrx_word' id='word_1_653' title='bbox 519 2364 525 2381; x_wconf 92' lang='lat'><strong>:</strong></span> <span class='ocrx_word' id='word_1_654' title='bbox 543 2355 603 2381; x_wconf 88' lang='lat' dir='ltr'><strong>velo</strong></span> <span class='ocrx_word' id='word_1_655' title='bbox 629 2362 682 2381; x_wconf 87' lang='lat' dir='ltr'><strong>non</strong></span> <span class='ocrx_word' id='word_1_656' title='bbox 703 2358 817 2390; x_wconf 86' lang='lat' dir='ltr'><strong>propter</strong></span> <span class='ocrx_word' id='word_1_657' title='bbox 841 2363 882 2387; x_wconf 80' lang='lat' dir='ltr'><strong>se,</strong></span> <span class='ocrx_word' id='word_1_658' title='bbox 902 2355 949 2383; x_wconf 78' lang='lat' dir='ltr'><strong>Sed</strong></span> <span class='ocrx_word' id='word_1_659' title='bbox 972 2362 1056 2382; x_wconf 86' lang='lat' dir='ltr'><strong>causa</strong></span> 
     </span>
    </p>
   </div>
   <div class='ocr_carea' id='block_1_90' title="bbox 264 2398 1057 2433">
    <p class='ocr_par' dir='ltr' id='par_1_90' title="bbox 264 2398 1057 2433">
     <span class='ocr_line' id='line_1_90' title="bbox 264 2398 1057 2433; baseline 0.003 -7"><span class='ocrx_word' id='word_1_660' title='bbox 264 2399 395 2431; x_wconf 90' lang='lat' dir='ltr'><strong>aliorum,</strong></span> <span class='ocrx_word' id='word_1_661' title='bbox 408 2398 507 2426; x_wconf 81' lang='lat' dir='ltr'><strong>faciem</strong></span> <span class='ocrx_word' id='word_1_662' title='bbox 524 2399 698 2433; x_wconf 83' lang='lat' dir='ltr'><strong>contegebat.</strong></span> <span class='ocrx_word' id='word_1_663' title='bbox 714 2399 768 2427; x_wconf 86' lang='lat' dir='ltr'><strong>Nec</strong></span> <span class='ocrx_word' id='word_1_664' title='bbox 777 2400 840 2428; x_wconf 88' lang='lat' dir='ltr'><strong>velo</strong></span> <span class='ocrx_word' id='word_1_665' title='bbox 854 2400 983 2428; x_wconf 88' lang='lat' dir='ltr'><strong>utebatur</strong></span> <span class='ocrx_word' id='word_1_666' title='bbox 994 2409 1057 2428; x_wconf 86' lang='lat' dir='ltr'><strong>cum</strong></span> 
     </span>
    </p>
   </div>
   <div class='ocr_carea' id='block_1_91' title="bbox 265 2442 1057 2479">
    <p class='ocr_par' dir='ltr' id='par_1_91' title="bbox 265 2442 1057 2479">
     <span class='ocr_line' id='line_1_91' title="bbox 265 2442 1057 2479; baseline 0 -8"><span class='ocrx_word' id='word_1_667' title='bbox 265 2450 296 2471; x_wconf 80' lang='lat' dir='ltr'><strong>se</strong></span> <span class='ocrx_word' id='word_1_668' title='bbox 310 2446 427 2470; x_wconf 87' lang='lat' dir='ltr'><strong>verteret</strong></span> <span class='ocrx_word' id='word_1_669' title='bbox 437 2442 472 2469; x_wconf 87' lang='lat' dir='ltr'><strong>ad</strong></span> <span class='ocrx_word' id='word_1_670' title='bbox 494 2442 588 2473; x_wconf 85' lang='lat' dir='ltr'><strong>Deum,</strong></span> <span class='ocrx_word' id='word_1_671' title='bbox 604 2446 631 2469; x_wconf 91' lang='lat' dir='ltr'><strong>et</strong></span> <span class='ocrx_word' id='word_1_672' title='bbox 646 2449 709 2469; x_wconf 88' lang='lat' dir='ltr'><strong>cum</strong></span> <span class='ocrx_word' id='word_1_673' title='bbox 719 2450 751 2470; x_wconf 92' lang='lat' dir='ltr'><strong>eo</strong></span> <span class='ocrx_word' id='word_1_674' title='bbox 768 2451 863 2470; x_wconf 90' lang='lat' dir='ltr'><strong>coram</strong></span> <span class='ocrx_word' id='word_1_675' title='bbox 884 2444 1057 2479; x_wconf 83' lang='lat' dir='ltr'><strong>colloquere-</strong></span> 
     </span>
    </p>
   </div>
   <div class='ocr_carea' id='block_1_92' title="bbox 265 2488 1052 2524">
    <p class='ocr_par' dir='ltr' id='par_1_92' title="bbox 265 2488 1052 2524">
     <span class='ocr_line' id='line_1_92' title="bbox 265 2488 1052 2524; baseline 0.001 -8"><span class='ocrx_word' id='word_1_676' title='bbox 265 2492 321 2516; x_wconf 89' lang='lat' dir='ltr'><strong>tur.</strong></span> <span class='ocrx_word' id='word_1_677' title='bbox 336 2488 430 2524; x_wconf 88' lang='lat' dir='ltr'><strong>ltaque</strong></span> <span class='ocrx_word' id='word_1_678' title='bbox 445 2493 557 2524; x_wconf 78' lang='lat' dir='ltr'><strong>propter</strong></span> <span class='ocrx_word' id='word_1_679' title='bbox 576 2488 770 2523; x_wconf 82' lang='lat' dir='ltr'><strong>mysteriorum</strong></span> <span class='ocrx_word' id='word_1_680' title='bbox 794 2489 976 2524; x_wconf 80' lang='lat' dir='ltr'><strong>ignorantiam</strong></span> <span class='ocrx_word' id='word_1_681' title='bbox 998 2497 1052 2517; x_wconf 91' lang='lat' dir='ltr'><strong>non</strong></span> 
     </span>
    </p>
   </div>
   <div class='ocr_carea' id='block_1_93' title="bbox 264 2534 1052 2563">
    <p class='ocr_par' dir='ltr' id='par_1_93' title="bbox 264 2534 1052 2563">
     <span class='ocr_line' id='line_1_93' title="bbox 264 2534 1052 2563; baseline 0 -1"><span class='ocrx_word' id='word_1_682' title='bbox 264 2539 344 2562; x_wconf 88' lang='lat' dir='ltr'><strong>erant</strong></span> <span class='ocrx_word' id='word_1_683' title='bbox 359 2534 530 2561; x_wconf 82' lang='lat' dir='ltr'><strong>accusandi?</strong></span> <span class='ocrx_word' id='word_1_684' title='bbox 550 2534 622 2561; x_wconf 83' lang='lat' dir='ltr'><strong>Audi</strong></span> <span class='ocrx_word' id='word_1_685' title='bbox 643 2534 786 2562; x_wconf 86' lang='lat' dir='ltr'><strong>Christum</strong></span> <span class='ocrx_word' id='word_1_686' title='bbox 807 2535 947 2563; x_wconf 87' lang='lat' dir='ltr'><strong>dicentem</strong></span> <span class='ocrx_word' id='word_1_687' title='bbox 967 2545 973 2562; x_wconf 89' lang='lat'><strong>:</strong></span> <span class='ocrx_word' id='word_1_688' title='bbox 995 2544 1004 2562; x_wconf 75' lang='grc' dir='ltr'><strong>ι</strong></span> <span class='ocrx_word' id='word_1_689' title='bbox 1022 2535 1052 2563; x_wconf 88' lang='lat' dir='ltr'><strong>Si</strong></span> 
     </span>
    </p>
   </div>
   <div class='ocr_carea' id='block_1_94' title="bbox 265 2579 1053 2617">
    <p class='ocr_par' dir='ltr' id='par_1_94' title="bbox 265 2579 1053 2617">
     <span class='ocr_line' id='line_1_94' title="bbox 265 2579 1053 2617; baseline 0 -8"><span class='ocrx_word' id='word_1_690' title='bbox 265 2588 321 2609; x_wconf 88' lang='lat' dir='ltr'><strong>non</strong></span> <span class='ocrx_word' id='word_1_691' title='bbox 350 2580 502 2611; x_wconf 87' lang='lat' dir='ltr'><strong>venissent,</strong></span> <span class='ocrx_word' id='word_1_692' title='bbox 520 2584 548 2606; x_wconf 79' lang='lat' dir='ltr'><strong>et</strong></span> <span class='ocrx_word' id='word_1_693' title='bbox 570 2579 681 2608; x_wconf 89' lang='lat' dir='ltr'><strong>locutus</strong></span> <span class='ocrx_word' id='word_1_694' title='bbox 699 2580 814 2608; x_wconf 75' lang='lat' dir='ltr'><strong>fuissent</strong></span> <span class='ocrx_word' id='word_1_695' title='bbox 833 2581 884 2614; x_wconf 87' lang='lat' dir='ltr'><strong>eis,</strong></span> <span class='ocrx_word' id='word_1_696' title='bbox 909 2586 1053 2617; x_wconf 86' lang='lat' dir='ltr'><strong>peccatum</strong></span> 
     </span>
    </p>
   </div>
   <div class='ocr_carea' id='block_1_95' title="bbox 265 2625 1055 2663">
    <p class='ocr_par' dir='ltr' id='par_1_95' title="bbox 265 2625 1055 2663">
     <span class='ocr_line' id='line_1_95' title="bbox 265 2625 1055 2663; baseline 0 -8"><span class='ocrx_word' id='word_1_697' title='bbox 265 2634 320 2655; x_wconf 89' lang='lat' dir='ltr'><strong>nou</strong></span> <span class='ocrx_word' id='word_1_698' title='bbox 347 2626 511 2655; x_wconf 69' lang='lat' dir='ltr'><strong>haberent‘.</strong></span> <span class='ocrx_word' id='word_1_699' title='bbox 530 2635 539 2652; x_wconf 85' lang='lat' dir='ltr'><strong>I</strong></span> <span class='ocrx_word' id='word_1_700' title='bbox 567 2625 712 2661; x_wconf 87' lang='lat' dir='ltr'><strong>Prophetia</strong></span> <span class='ocrx_word' id='word_1_701' title='bbox 726 2626 837 2662; x_wconf 88' lang='lat' dir='ltr'><strong>quidem</strong></span> <span class='ocrx_word' id='word_1_702' title='bbox 850 2635 947 2663; x_wconf 89' lang='lat' dir='ltr'><strong>parum</strong></span> <span class='ocrx_word' id='word_1_703' title='bbox 964 2629 1055 2663; x_wconf 89' lang='lat' dir='ltr'><strong>primo</strong></span> 
     </span>
    </p>
   </div>
   <div class='ocr_carea' id='block_1_96' title="bbox 265 2671 1056 2707">
    <p class='ocr_par' dir='ltr' id='par_1_96' title="bbox 265 2671 1056 2707">
     <span class='ocr_line' id='line_1_96' title="bbox 265 2671 1056 2707; baseline 0.001 -7"><span class='ocrx_word' id='word_1_704' title='bbox 265 2677 378 2707; x_wconf 86' lang='lat' dir='ltr'><strong>aspectu</strong></span> <span class='ocrx_word' id='word_1_705' title='bbox 390 2672 464 2700; x_wconf 89' lang='lat' dir='ltr'><strong>clara</strong></span> <span class='ocrx_word' id='word_1_706' title='bbox 478 2675 538 2706; x_wconf 84' lang='lat' dir='ltr'><strong>est;</strong></span> <span class='ocrx_word' id='word_1_707' title='bbox 555 2671 602 2700; x_wconf 88' lang='lat' dir='ltr'><strong>ubi</strong></span> <span class='ocrx_word' id='word_1_708' title='bbox 616 2679 682 2700; x_wconf 89' lang='lat' dir='ltr'><strong>vero</strong></span> <span class='ocrx_word' id='word_1_709' title='bbox 697 2671 729 2699; x_wconf 89' lang='lat' dir='ltr'><strong>ad</strong></span> <span class='ocrx_word' id='word_1_710' title='bbox 741 2680 800 2700; x_wconf 91' lang='lat' dir='ltr'><strong>rem</strong></span> <span class='ocrx_word' id='word_1_711' title='bbox 815 2674 915 2701; x_wconf 78' lang='lat' dir='ltr'><strong>collata</strong></span> <span class='ocrx_word' id='word_1_712' title='bbox 930 2678 957 2701; x_wconf 89' lang='lat' dir='ltr'><strong>et</strong></span> <span class='ocrx_word' id='word_1_713' title='bbox 973 2682 1056 2702; x_wconf 89' lang='lat' dir='ltr'><strong>even-</strong></span> 
     </span>
    </p>
   </div>
   <div class='ocr_carea' id='block_1_97' title="bbox 267 2718 1052 2753">
    <p class='ocr_par' dir='ltr' id='par_1_97' title="bbox 267 2718 1052 2753">
     <span class='ocr_line' id='line_1_97' title="bbox 267 2718 1052 2753; baseline 0.004 -8"><span class='ocrx_word' id='word_1_714' title='bbox 267 2723 324 2745; x_wconf 90' lang='lat' dir='ltr'><strong>tum</strong></span> <span class='ocrx_word' id='word_1_715' title='bbox 345 2718 444 2745; x_wconf 83' lang='lat' dir='ltr'><strong>sortita</strong></span> <span class='ocrx_word' id='word_1_716' title='bbox 467 2718 560 2751; x_wconf 76' lang='lat' dir='ltr'><strong>fuerit,</strong></span> <span class='ocrx_word' id='word_1_717' title='bbox 586 2725 667 2753; x_wconf 88' lang='lat' dir='ltr'><strong>quem</strong></span> <span class='ocrx_word' id='word_1_718' title='bbox 699 2718 834 2753; x_wconf 65' lang='lat' dir='ltr'><strong>praedixit,</strong></span> <span class='ocrx_word' id='word_1_719' title='bbox 865 2724 924 2748; x_wconf 92' lang='lat' dir='ltr'><strong>tum</strong></span> <span class='ocrx_word' id='word_1_720' title='bbox 941 2719 1052 2748; x_wconf 88' lang='lat' dir='ltr'><strong>demum</strong></span> 
     </span>
    </p>
   </div>
   <div class='ocr_carea' id='block_1_98' title="bbox 303 2784 791 2820">
    <p class='ocr_par' dir='ltr' id='par_1_98' title="bbox 303 2784 791 2820">
     <span class='ocr_line' id='line_1_98' title="bbox 303 2784 791 2820; baseline -0.002 -5"><span class='ocrx_word' id='word_1_721' title='bbox 303 2786 406 2815; x_wconf 76' lang='lat' dir='ltr'><strong>&#39;Eccli.</strong></span> <span class='ocrx_word' id='word_1_722' title='bbox 421 2793 462 2819; x_wconf 83' lang='lat' dir='ltr'><strong>nt,</strong></span> <span class='ocrx_word' id='word_1_723' title='bbox 477 2786 523 2814; x_wconf 66' lang='lat'><strong>24.</strong></span> <span class='ocrx_word' id='word_1_724' title='bbox 561 2785 571 2802; x_wconf 82' lang='grc'><strong>⁸</strong></span> <span class='ocrx_word' id='word_1_725' title='bbox 586 2784 665 2814; x_wconf 83' lang='lat' dir='ltr'><strong>Joan.</strong></span> <span class='ocrx_word' id='word_1_726' title='bbox 684 2794 730 2820; x_wconf 79' lang='lat' dir='ltr'><strong>xv,</strong></span> <span class='ocrx_word' id='word_1_727' title='bbox 745 2786 791 2814; x_wconf 76' lang='lat'><strong>22.</strong></span> 
     </span>
    </p>
   </div>
   <div class='ocr_carea' id='block_1_99' title="bbox 1106 2296 1897 2339">
    <p class='ocr_par' dir='ltr' id='par_1_99' title="bbox 1106 2296 1897 2339">
     <span class='ocr_line' id='line_1_99' title="bbox 1106 2296 1897 2339; baseline -0.018 -4"><span class='ocrx_word' id='word_1_728' title='bbox 1106 2296 1167 2335; x_wconf 75' lang='grc' dir='ltr'><strong>κατ’</strong></span> <span class='ocrx_word' id='word_1_729' title='bbox 1183 2306 1282 2334; x_wconf 82' lang='grc' dir='ltr'><strong>αὐτῶν.</strong></span> <span class='ocrx_word' id='word_1_730' title='bbox 1299 2315 1308 2332; x_wconf 86' lang='grc'><em>‹</em></span> <span class='ocrx_word' id='word_1_731' title='bbox 1334 2305 1366 2331; x_wconf 82' lang='lat' dir='ltr'><strong>Ei</strong></span> <span class='ocrx_word' id='word_1_732' title='bbox 1393 2303 1430 2339; x_wconf 85' lang='grc' dir='ltr'><strong>μὴ</strong></span> <span class='ocrx_word' id='word_1_733' title='bbox 1445 2300 1528 2338; x_wconf 79' lang='grc' dir='ltr'><strong>ἦλθον</strong></span> <span class='ocrx_word' id='word_1_734' title='bbox 1548 2300 1613 2336; x_wconf 86' lang='grc' dir='ltr'><strong>γὰρ.</strong></span> <span class='ocrx_word' id='word_1_735' title='bbox 1632 2297 1716 2333; x_wconf 78' lang='grc' dir='ltr'><strong>φησὶν</strong></span> <span class='ocrx_word' id='word_1_736' title='bbox 1730 2298 1744 2324; x_wconf 85' lang='grc' dir='ltr'>ὁ</span> <span class='ocrx_word' id='word_1_737' title='bbox 1765 2296 1897 2331; x_wconf 78' lang='grc' dir='ltr'><strong>Χριστὸς,</strong></span> 
     </span>
    </p>
   </div>
   <div class='ocr_carea' id='block_1_100' title="bbox 1105 2341 1898 2388">
    <p class='ocr_par' dir='ltr' id='par_1_100' title="bbox 1105 2341 1898 2388">
     <span class='ocr_line' id='line_1_100' title="bbox 1105 2341 1898 2388; baseline -0.018 -7"><span class='ocrx_word' id='word_1_738' title='bbox 1105 2355 1153 2381; x_wconf 68' lang='grc' dir='ltr'><strong>καὶ</strong></span> <span class='ocrx_word' id='word_1_739' title='bbox 1166 2354 1285 2388; x_wconf 76' lang='grc' dir='ltr'><strong>ἐλάλησα</strong></span> <span class='ocrx_word' id='word_1_740' title='bbox 1308 2351 1411 2381; x_wconf 83' lang='grc' dir='ltr'><strong>αὐτοῖς,</strong></span> <span class='ocrx_word' id='word_1_741' title='bbox 1431 2347 1570 2384; x_wconf 84' lang='grc' dir='ltr'><strong>ἁμαρτίαν</strong></span> <span class='ocrx_word' id='word_1_742' title='bbox 1585 2346 1636 2373; x_wconf 78' lang='grc' dir='ltr'><strong>οὐκ</strong></span> <span class='ocrx_word' id='word_1_743' title='bbox 1649 2343 1732 2379; x_wconf 75' lang='grc' dir='ltr'><strong>εἶχον.</strong></span> <span class='ocrx_word' id='word_1_744' title='bbox 1754 2343 1786 2369; x_wconf 85' lang='grc' dir='ltr'><strong>Ἦ</strong></span> <span class='ocrx_word' id='word_1_745' title='bbox 1802 2342 1830 2388; x_wconf 73' lang='grc' dir='ltr'><strong>δέ</strong></span> <span class='ocrx_word' id='word_1_746' title='bbox 1846 2341 1898 2375; x_wconf 83' lang='grc' dir='ltr'><strong>τῆς</strong></span> 
     </span>
    </p>
   </div>
   <div class='ocr_carea' id='block_1_101' title="bbox 1105 2387 1896 2435">
    <p class='ocr_par' dir='ltr' id='par_1_101' title="bbox 1105 2387 1896 2435">
     <span class='ocr_line' id='line_1_101' title="bbox 1105 2387 1896 2435; baseline -0.018 -8"><span class='ocrx_word' id='word_1_747' title='bbox 1105 2387 1274 2435; x_wconf 75' lang='grc' dir='ltr'><strong>προφητείας</strong></span> <span class='ocrx_word' id='word_1_748' title='bbox 1289 2397 1408 2431; x_wconf 84' lang='grc' dir='ltr'><strong>ἀσάφεια</strong></span> <span class='ocrx_word' id='word_1_749' title='bbox 1427 2394 1472 2422; x_wconf 84' lang='grc' dir='ltr'><strong>διὰ</strong></span> <span class='ocrx_word' id='word_1_750' title='bbox 1484 2393 1535 2428; x_wconf 83' lang='grc' dir='ltr'><strong>τῆς</strong></span> <span class='ocrx_word' id='word_1_751' title='bbox 1547 2391 1686 2422; x_wconf 77' lang='grc' dir='ltr'><strong>ἐκϐάσεως</strong></span> <span class='ocrx_word' id='word_1_752' title='bbox 1703 2387 1896 2435; x_wconf 75' lang='grc' dir='ltr'><strong>ἑρμηνεύεται.</strong></span> 
     </span>
    </p>
   </div>
   <div class='ocr_carea' id='block_1_102' title="bbox 1105 2433 1898 2480">
    <p class='ocr_par' dir='ltr' id='par_1_102' title="bbox 1105 2433 1898 2480">
     <span class='ocr_line' id='line_1_102' title="bbox 1105 2433 1898 2480; baseline -0.018 -7"><span class='ocrx_word' id='word_1_753' title='bbox 1105 2433 1225 2480; x_wconf 66' lang='grc' dir='ltr'><strong>Δὲυτέρα</strong></span> <span class='ocrx_word' id='word_1_754' title='bbox 1251 2444 1280 2471; x_wconf 78' lang='grc' dir='ltr'><strong>δὲ</strong></span> <span class='ocrx_word' id='word_1_755' title='bbox 1306 2443 1381 2470; x_wconf 77' lang='grc' dir='ltr'><strong>αἰτία</strong></span> <span class='ocrx_word' id='word_1_756' title='bbox 1408 2441 1439 2468; x_wconf 82' lang='grc' dir='ltr'><strong>τδ</strong></span> <span class='ocrx_word' id='word_1_757' title='bbox 1464 2440 1518 2467; x_wconf 74' lang='grc' dir='ltr'><strong>ἀπὸ</strong></span> <span class='ocrx_word' id='word_1_758' title='bbox 1545 2439 1596 2474; x_wconf 83' lang='grc' dir='ltr'><strong>τῆς</strong></span> <span class='ocrx_word' id='word_1_759' title='bbox 1622 2436 1758 2472; x_wconf 73' lang='grc' dir='ltr'><strong>Ἐϐραίων</strong></span> <span class='ocrx_word' id='word_1_760' title='bbox 1784 2436 1825 2465; x_wconf 81' lang='grc' dir='ltr'><strong>εἰς</strong></span> <span class='ocrx_word' id='word_1_761' title='bbox 1848 2433 1898 2480; x_wconf 77' lang='grc' dir='ltr'><strong>τὴν</strong></span> 
     </span>
    </p>
   </div>
   <div class='ocr_carea' id='block_1_103' title="bbox 1107 2478 1897 2525">
    <p class='ocr_par' dir='ltr' id='par_1_103' title="bbox 1107 2478 1897 2525">
     <span class='ocr_line' id='line_1_103' title="bbox 1107 2478 1897 2525; baseline -0.016 -8"><span class='ocrx_word' id='word_1_762' title='bbox 1107 2478 1217 2525; x_wconf 68' lang='grc' dir='ltr'><strong>ἄλληνἰ</strong></span> <span class='ocrx_word' id='word_1_763' title='bbox 1243 2488 1452 2525; x_wconf 81' lang='grc' dir='ltr'><strong>μεταληφθῆναι</strong></span> <span class='ocrx_word' id='word_1_764' title='bbox 1475 2486 1579 2521; x_wconf 81' lang='grc' dir='ltr'><strong>φωνὴν,</strong></span> <span class='ocrx_word' id='word_1_765' title='bbox 1593 2483 1640 2510; x_wconf 81' lang='grc' dir='ltr'><strong>τοῦ</strong></span> <span class='ocrx_word' id='word_1_766' title='bbox 1661 2481 1729 2508; x_wconf 79' lang='grc' dir='ltr'><strong>Θεοῦ</strong></span> <span class='ocrx_word' id='word_1_767' title='bbox 1754 2480 1833 2507; x_wconf 82' lang='grc' dir='ltr'><strong>τοῦτο</strong></span> <span class='ocrx_word' id='word_1_768' title='bbox 1853 2478 1897 2505; x_wconf 80' lang='grc' dir='ltr'><strong>διὰ</strong></span> 
     </span>
    </p>
   </div>
   <div class='ocr_carea' id='block_1_104' title="bbox 1109 2526 1898 2576">
    <p class='ocr_par' dir='ltr' id='par_1_104' title="bbox 1109 2526 1898 2576">
     <span class='ocr_line' id='line_1_104' title="bbox 1109 2526 1898 2576; baseline -0.018 -12"><span class='ocrx_word' id='word_1_769' title='bbox 1109 2536 1277 2572; x_wconf 77' lang='grc' dir='ltr'><strong>Πτολεμαίου</strong></span> <span class='ocrx_word' id='word_1_770' title='bbox 1299 2534 1428 2570; x_wconf 86' lang='grc' dir='ltr'><strong>γενέσθαι</strong></span> <span class='ocrx_word' id='word_1_771' title='bbox 1442 2533 1495 2568; x_wconf 79' lang='grc' dir='ltr'><strong>πρὸ</strong></span> <span class='ocrx_word' id='word_1_772' title='bbox 1513 2532 1563 2566; x_wconf 84' lang='grc' dir='ltr'><strong>τῆς</strong></span> <span class='ocrx_word' id='word_1_773' title='bbox 1582 2531 1629 2556; x_wconf 86' lang='grc' dir='ltr'><strong>τοῦ</strong></span> <span class='ocrx_word' id='word_1_774' title='bbox 1647 2526 1768 2576; x_wconf 49' lang='grc' dir='ltr'><strong>Χριστος)</strong></span> <span class='ocrx_word' id='word_1_775' title='bbox 1795 2533 1898 2576; x_wconf 50' lang='grc' dir='ltr'><strong>παροιδ-</strong></span> 
     </span>
    </p>
   </div>
   <div class='ocr_carea' id='block_1_105' title="bbox 1109 2572 1898 2617">
    <p class='ocr_par' dir='ltr' id='par_1_105' title="bbox 1109 2572 1898 2617">
     <span class='ocr_line' id='line_1_105' title="bbox 1109 2572 1898 2617; baseline -0.02 -6"><span class='ocrx_word' id='word_1_776' title='bbox 1109 2583 1169 2615; x_wconf 84' lang='grc' dir='ltr'><strong>σίας</strong></span> <span class='ocrx_word' id='word_1_777' title='bbox 1183 2582 1425 2617; x_wconf 78' lang='grc' dir='ltr'><strong>οῑκονομήσαντος,</strong></span> <span class='ocrx_word' id='word_1_778' title='bbox 1439 2579 1485 2606; x_wconf 80' lang='grc' dir='ltr'><strong>ὅτε</strong></span> <span class='ocrx_word' id='word_1_779' title='bbox 1497 2578 1574 2612; x_wconf 86' lang='grc' dir='ltr'><strong>κοινῇ</strong></span> <span class='ocrx_word' id='word_1_780' title='bbox 1589 2576 1672 2603; x_wconf 83' lang='grc' dir='ltr'><strong>πᾶσιν</strong></span> <span class='ocrx_word' id='word_1_781' title='bbox 1684 2572 1801 2609; x_wconf 73' lang='grc' dir='ltr'><strong>ἠμελλεν</strong></span> <span class='ocrx_word' id='word_1_782' title='bbox 1813 2572 1898 2617; x_wconf 51' lang='grc' dir='ltr'><strong>ἐγνῶτ</strong></span> 
     </span>
    </p>
   </div>
   <div class='ocr_carea' id='block_1_106' title="bbox 1108 2616 1899 2660">
    <p class='ocr_par' dir='ltr' id='par_1_106' title="bbox 1108 2616 1899 2660">
     <span class='ocr_line' id='line_1_106' title="bbox 1108 2616 1899 2660; baseline -0.019 -3"><span class='ocrx_word' id='word_1_783' title='bbox 1108 2629 1170 2656; x_wconf 82' lang='grc' dir='ltr'><strong>σθαι</strong></span> <span class='ocrx_word' id='word_1_784' title='bbox 1189 2629 1246 2660; x_wconf 84' lang='grc' dir='ltr'><strong>τοῖς</strong></span> <span class='ocrx_word' id='word_1_785' title='bbox 1263 2616 1377 2654; x_wconf 67' lang='grc' dir='ltr'><strong>ἔθνεσιν,</strong></span> <span class='ocrx_word' id='word_1_786' title='bbox 1396 2626 1458 2651; x_wconf 80' lang='grc' dir='ltr'><strong>’ὐτι</strong></span> <span class='ocrx_word' id='word_1_787' title='bbox 1479 2623 1507 2650; x_wconf 81' lang='grc' dir='ltr'><strong>δέ</strong></span> <span class='ocrx_word' id='word_1_788' title='bbox 1529 2622 1600 2650; x_wconf 83' lang='grc' dir='ltr'><strong>κατά</strong></span> <span class='ocrx_word' id='word_1_789' title='bbox 1624 2620 1700 2647; x_wconf 78' lang='grc' dir='ltr'><strong>Θείαν</strong></span> <span class='ocrx_word' id='word_1_790' title='bbox 1723 2618 1866 2645; x_wconf 60' lang='grc' dir='ltr'><strong>ἐπίπνοιαν</strong></span> <span class='ocrx_word' id='word_1_791' title='bbox 1884 2616 1899 2642; x_wconf 85' lang='grc'>6</span> 
     </span>
    </p>
   </div>
   <div class='ocr_carea' id='block_1_107' title="bbox 1110 2661 1898 2711">
    <p class='ocr_par' dir='ltr' id='par_1_107' title="bbox 1110 2661 1898 2711">
     <span class='ocr_line' id='line_1_107' title="bbox 1110 2661 1898 2711; baseline -0.019 -8"><span class='ocrx_word' id='word_1_792' title='bbox 1110 2675 1196 2711; x_wconf 79' lang='grc' dir='ltr'><strong>μέγας</strong></span> <span class='ocrx_word' id='word_1_793' title='bbox 1207 2673 1326 2708; x_wconf 84' lang='grc' dir='ltr'><strong>Μωῡσῆς</strong></span> <span class='ocrx_word' id='word_1_794' title='bbox 1341 2672 1389 2699; x_wconf 75' lang='grc' dir='ltr'><strong>καὶ</strong></span> <span class='ocrx_word' id='word_1_795' title='bbox 1406 2671 1440 2698; x_wconf 76' lang='grc' dir='ltr'><strong>τὰ</strong></span> <span class='ocrx_word' id='word_1_796' title='bbox 1461 2670 1521 2696; x_wconf 83' lang='grc' dir='ltr'><strong>λίαν</strong></span> <span class='ocrx_word' id='word_1_797' title='bbox 1537 2668 1639 2704; x_wconf 85' lang='grc' dir='ltr'><strong>ἀρχαῖα</strong></span> <span class='ocrx_word' id='word_1_798' title='bbox 1654 2666 1702 2693; x_wconf 70' lang='grc' dir='ltr'><strong>καὶ</strong></span> <span class='ocrx_word' id='word_1_799' title='bbox 1722 2664 1756 2711; x_wconf 73' lang='grc' dir='ltr'><strong>τά</strong></span> <span class='ocrx_word' id='word_1_800' title='bbox 1774 2662 1844 2711; x_wconf 73' lang='grc' dir='ltr'><strong>μετά</strong></span> <span class='ocrx_word' id='word_1_801' title='bbox 1868 2661 1898 2688; x_wconf 82' lang='grc' dir='ltr'><strong>τὺ</strong></span> 
     </span>
    </p>
   </div>
   <div class='ocr_carea' id='block_1_108' title="bbox 1109 2708 1898 2753">
    <p class='ocr_par' dir='ltr' id='par_1_108' title="bbox 1109 2708 1898 2753">
     <span class='ocr_line' id='line_1_108' title="bbox 1109 2708 1898 2753; baseline -0.018 -6"><span class='ocrx_word' id='word_1_802' title='bbox 1109 2708 1234 2747; x_wconf 77' lang='grc' dir='ltr'><strong>πλεῖστον</strong></span> <span class='ocrx_word' id='word_1_803' title='bbox 1254 2718 1415 2753; x_wconf 85' lang='grc' dir='ltr'><strong>ἐγίνωσκεν,</strong></span> <span class='ocrx_word' id='word_1_804' title='bbox 1436 2715 1525 2747; x_wconf 76' lang='grc' dir='ltr'><strong>οὐδεὶς</strong></span> <span class='ocrx_word' id='word_1_805' title='bbox 1543 2713 1660 2749; x_wconf 79' lang='grc' dir='ltr'><strong>ἀντερεῖ.</strong></span> <span class='ocrx_word' id='word_1_806' title='bbox 1680 2710 1748 2738; x_wconf 87' lang='grc' dir='ltr'><strong>Θεοῦ</strong></span> <span class='ocrx_word' id='word_1_807' title='bbox 1767 2709 1821 2744; x_wconf 79' lang='grc' dir='ltr'><strong>γὰρ</strong></span> <span class='ocrx_word' id='word_1_808' title='bbox 1835 2708 1898 2734; x_wconf 81' lang='grc' dir='ltr'><strong>ἐπι-</strong></span> 
     </span>
    </p>
   </div>
   <div class='ocr_carea' id='block_1_109' title="bbox 897 2840 1251 2870">
    <p class='ocr_par' dir='ltr' id='par_1_109' title="bbox 897 2840 1251 2870">
     <span class='ocr_line' id='line_1_109' title="bbox 897 2840 1251 2870; baseline -0.008 0"><span class='ocrx_word' id='word_1_809' title='bbox 897 2841 1015 2870; x_wconf 65' lang='lat' dir='ltr'><strong>VARIA‘J</strong></span> <span class='ocrx_word' id='word_1_810' title='bbox 1046 2840 1251 2869; x_wconf 81' lang='lat' dir='ltr'><strong>LECTIONES.</strong></span> 
     </span>
    </p>
   </div>
   <div class='ocr_carea' id='block_1_110' title="bbox 304 2904 919 2942">
    <p class='ocr_par' dir='ltr' id='par_1_110' title="bbox 304 2904 919 2942">
     <span class='ocr_line' id='line_1_110' title="bbox 304 2904 919 2942; baseline -0.008 -7"><span class='ocrx_word' id='word_1_811' title='bbox 304 2905 414 2935; x_wconf 64' lang='grc' dir='ltr'><strong>ναν.</strong></span> <span class='ocrx_word' id='word_1_812' title='bbox 437 2906 578 2942; x_wconf 77' lang='grc' dir='ltr'><strong>ἀνόνητον.</strong></span> <span class='ocrx_word' id='word_1_813' title='bbox 617 2907 631 2927; x_wconf 78' lang='grc' dir='ltr'><strong>ιι</strong></span> <span class='ocrx_word' id='word_1_814' title='bbox 651 2905 683 2934; x_wconf 88' lang='lat' dir='ltr'><strong>C.</strong></span> <span class='ocrx_word' id='word_1_815' title='bbox 699 2904 733 2934; x_wconf 59' lang='grc' dir='ltr'><strong>Νι</strong></span> <span class='ocrx_word' id='word_1_816' title='bbox 753 2905 797 2933; x_wconf 85' lang='lat' dir='ltr'><strong>ad.</strong></span> <span class='ocrx_word' id='word_1_817' title='bbox 818 2904 919 2936; x_wconf 72' lang='grc' dir='ltr'><strong>ἄλλοις.</strong></span> 
     </span>
    </p>
   </div>
   <div class='ocr_carea' id='block_1_111' title="bbox 969 2901 1221 2930">
    <p class='ocr_par' dir='ltr' id='par_1_111' title="bbox 969 2901 1221 2930">
     <span class='ocr_line' id='line_1_111' title="bbox 969 2901 1221 2930; baseline -0.012 0"><span class='ocrx_word' id='word_1_818' title='bbox 969 2901 978 2922; x_wconf 75' lang='grc' dir='ltr'><strong>ί</strong></span> <span class='ocrx_word' id='word_1_819' title='bbox 1002 2903 1033 2930; x_wconf 76' lang='lat' dir='ltr'><strong>C.</strong></span> <span class='ocrx_word' id='word_1_820' title='bbox 1050 2901 1080 2929; x_wconf 76' lang='grc' dir='ltr'>Ν.</span> <span class='ocrx_word' id='word_1_821' title='bbox 1100 2901 1221 2928; x_wconf 68' lang='grc' dir='ltr'><strong>’1ῦλλάδα.</strong></span> 
     </span>
    </p>
   </div>
  </div>
