2072 3157
155 175 187 206 29
708 177 976 210 COMMENTARII
996 179 1036 210 IN
1054 178 1238 210 GENESIM.
1746 177 1781 207 30

154 229 232 264 πνοίᾳ
246 228 276 256 τὸ
283 227 426 262 λανθάνον,
439 228 605 266 εἴτεεπαρδν,
622 230 676 257 εἴτε
687 233 803 266 φθάσαν,
817 234 872 260 εἴτε
884 234 948 268 μὲλ-

1006 234 1120 269 acrfecte
1135 233 1302 262 inclarescit.
1324 233 1441 261 Possum
1457 237 1484 261 et
1510 232 1627 259 alteram
1657 232 1783 259 obscuri-

153 273 206 306 λον,
222 273 383 311 ἐγνώρισεν.

1006 280 1065 308 tatis
1082 279 1187 308 referre
1201 287 1327 313 causam,
1342 284 1424 315 alque
1439 279 1496 307 haec
1509 279 1573 306 inde
1588 278 1783 313 proﬁciscitur,

154 322 225 357 quod
254 322 340 351 Vetus
366 323 573 352 Testamentum
606 325 634 352 in
666 326 788 361 linguam
817 327 941 354 Graecam
979 335 1090 355 versum
1118 332 1162 357 est
1198 328 1335 356 industria
1375 332 1403 355 et
1432 328 1523 355 studio
1555 326 1695 354 Ptolomaei
1722 329 1786 353 ante

153 368 254 395 Christi
283 368 512 397 incarnationem.
550 369 694 405 Siquidem
724 372 817 399 omnia
840 376 1023 400 sacrosanctae
1042 372 1105 401 fidei
1136 373 1264 408 dogmata
1298 377 1325 400 et
1349 372 1470 400 ethnicis
1511 371 1660 406 aperienda
1694 374 1784 403 erant,

155 423 207 448 quo
222 415 378 450 expeditius
395 415 429 442 ad
454 423 547 442 veram
574 416 653 444 ﬁdem
683 417 855 446 advolarent.
884 417 984 446 Verum
1016 419 1084 454 quin
1122 419 1212 447 Moses
1248 419 1404 446 instructus
1434 417 1517 445 fuerit
1547 418 1704 453 cognitione
1736 424 1787 444 an-

156 463 324 498 tiquitatum,
338 468 364 490 et
375 471 436 498 qua:
453 462 545 490 mtura
565 468 644 491 erant
663 464 743 500 longe
764 470 827 493 ante
846 466 940 493 animo
959 467 1132 501 perspexerit
1154 471 1181 494 et
1196 466 1366 502 cognoverit,
1389 472 1445 493 non
1462 465 1545 492 credo
1562 472 1727 500 quemquam
1747 465 1787 492 ire

156 511 271 539 inﬁt-ias.
288 511 325 538 Ex
341 513 432 540 divina
451 513 552 541 etettim
573 513 758 548 inspiratione
779 513 894 548 adeptus
915 519 957 541 est
973 514 1102 541 notitiam
1133 515 1336 549 prteteritorum
1349 534 1357 547 ,
1372 515 1546 550 praesentium
1570 518 1597 542 et
1616 514 1785 542 futurorum.

196 558 305 594 Ἐπειδὴ
322 558 351 585 δὲ
365 559 470 595 κόσμου
488 560 597 594 γένεσις
619 559 685 594 ἡμῖν
701 559 731 586 τὸ
752 559 945 595 προκείμενον,

158 604 244 630 ἰστέον
265 605 306 631 ὅτι
324 605 379 632 τῶν
400 605 536 640 Ἐλλήνων
562 605 656 637 παῖδες
677 605 814 633 συναῖδιον
830 605 870 640 τῷ
887 604 947 640 Θεῷ

156 650 203 686 τὴν
214 650 302 677 κτίσιν
317 649 388 678 εἶναί
401 660 484 686 φασιν
494 659 502 667 '
522 652 589 687 ὓλην
603 652 658 688 γάρ
673 660 734 678 τινα
754 651 794 687 τῷ
806 651 866 686 Θεῷ
883 660 948 678 συν-

157 697 241 724 αἲδιον
273 697 457 725 ὑποτίθενται.
486 698 532 733 Μὴ
561 698 722 732 δυνηθέντες
751 697 817 732 γοῦν
845 698 947 733 εὑρεῖν,

157 742 214 774 πῶς
238 743 270 770 ὲκ
297 743 410 779 μηδαμῆ
440 743 572 780 μηδαμῶς
597 744 673 775 ὄντος
695 743 724 770 δν
738 752 764 770 τι
791 743 947 779 γενήσεται,

158 789 315 824 μετρεῖσθαι
330 789 376 816 τοῦ
389 790 457 816 Θεοῦ
477 790 527 822 τὴν
541 790 660 824 δύναμιν
677 790 740 822 ταῖς
755 789 870 821 οἰκείαις
881 789 949 815 ὑπο-

156 834 339 869 λαμϐάνοντες
348 835 472 868 ὲννοῖαις,
483 836 568 862 ἀΐδιον
579 835 646 871 ὕλην
662 836 729 871 ἡμῖν
740 835 930 862 ἀνεπλάσαντο
938 843 946 851 ο

157 881 256 907 καὶτὸν
265 880 333 907 Θεὸν
350 881 394 908 ἀεὶ
407 881 573 916 δημιουργὸν
588 880 658 908 εἶναι
669 881 807 916 λέγοντες,
823 882 866 908 ἀεί
880 890 947 917 φασι

156 926 191 952 τὰ
205 926 452 962 δημιουργήματα·
468 927 556 953 καίτοι
573 926 653 962 εἴπερ
686 926 773 958 ἀΐδιος
786 927 803 961 ἡ
818 925 880 962 ὕλη,
900 926 949 953 καὶ
964 920 985 948 Β

157 972 304 1007 ἄτρεπτος·
322 974 347 999 ει
362 972 417 1008 γὰρ
431 973 618 1008 τραπήσεται,
634 973 705 1000 κατὰ
718 972 748 999 τὸ
761 973 847 999 ἀΐδιον
862 973 948 1008 μόνην

157 1017 261 1049 δέξεται
276 1017 325 1053 τὴν
337 1017 442 1052 τροπὴν
452 1039 459 1050 ,
473 1018 524 1044 οὒκ
538 1018 624 1048 ἀΐδιος
643 1018 788 1053 γινομένη,
804 1019 873 1054 ὅπερ
888 1018 950 1045 ἀδύ-

157 1072 245 1090 νατον.
257 1063 370 1095 Ἀποιος
388 1064 442 1099 γὰρ
461 1061 539 1096 οὖσα,
551 1064 599 1090 καὶ
615 1064 729 1096 ἅποσος,
752 1064 801 1091 καὶ
819 1064 948 1096 ἀνείδεος,

158 1108 216 1135 κατ’
232 1107 309 1135 οὐδὲν
322 1108 425 1135 τούτων
438 1107 487 1144 τὴν
506 1108 611 1144 τροπὴν
634 1108 788 1141 ἑπιδέξεται
800 1116 806 1123 ·
829 1108 906 1135 ἔσται
921 1108 950 1134 δὲ

159 1155 205 1181 καὶ
223 1154 268 1190 ἴση
286 1154 356 1190 Θεῷ.
380 1154 478 1181 ’Δῖδιον
503 1155 558 1189 γὰρ
582 1154 668 1182 ἀϊδίου
686 1155 739 1181 τίνι
756 1154 885 1186 Stoicus;
903 1155 950 1181 καὶ

159 1200 218 1231 πῶς
229 1200 306 1228 ἔσται
320 1200 351 1226 τὸ
365 1201 415 1235 μὲν
427 1200 532 1232 ποιοῦν,
541 1201 571 1227 τὸ
585 1201 613 1227 δὲ
629 1200 772 1235 γινόμενον
786 1209 793 1232 ;
808 1200 950 1236 εὐτύχημα

159 1248 185 1275 δὲ
200 1247 248 1274 τοῦ
269 1246 337 1274 Θεοῦ
355 1247 404 1274 καὶ
423 1247 454 1274 τὸ
476 1247 527 1281 τὴν
547 1247 614 1282 ὓλην
635 1247 798 1282 εὑρεθῆναι·
814 1244 832 1282 ἧ
850 1247 905 1282 γὰρ
918 1247 950 1275 ἃν

159 1295 209 1321 οὐκ
222 1293 345 1328 ἐγεγόνει
359 1293 535 1330 δημιουργὺς,
552 1294 663 1329 ἀπορῶν
678 1293 693 1320 ὃ
707 1302 733 1320 τι
749 1294 887 1328 ποιήσειε,
904 1294 952 1321 καὶ

162 1340 199 1375 μὴ
210 1339 359 1373 δυνάμενος
370 1340 404 1366 ὲκ
424 1339 462 1374 μὴ
477 1339 562 1365 ὅντων
580 1339 734 1374 ὑποστῆναι
750 1338 784 1365 τὰ
797 1338 872 1365 ὅντα.
890 1339 952 1371 Πῶς

160 1385 188 1412 δὲ
203 1385 267 1421 ξένη
284 1383 351 1412 οὖσα
361 1384 432 1412 Θεοῦ
447 1385 494 1412 καὶ
507 1385 545 1420 μὴ
564 1386 630 1421 παρ’
644 1385 727 1412 αὑτοῦ
739 1385 883 1420 γενομένη,
898 1385 952 1412 τῶν

161 1431 240 1457 εἰδῶν
252 1430 307 1458 τῶν
317 1431 348 1463 ἐξ
361 1431 444 1458 αὐτοῦ
456 1431 551 1466 γέγονε
567 1431 696 1469 δεκτική;
709 1433 776 1460 Ποία
785 1433 840 1468 γὰρ
852 1434 953 1460 οἰκειός

160 1485 222 1512 της,
241 1477 259 1512 ἢ
273 1476 342 1511 τίςὴ
364 1478 432 1513 πρὸς
458 1477 493 1505 τὰ
516 1478 575 1512 εἴδη
600 1479 757 1513 συγγένεια,
783 1479 837 1506 τῶν
855 1480 904 1514 μὲν
921 1480 954 1506 ἐκ

161 1522 241 1554 Θεοῦ,
261 1523 311 1557 τῆς
330 1523 358 1550 δὲ
383 1523 461 1558 (μή;)
492 1523 555 1555 Πῶς
574 1524 603 1550 δὲ
623 1525 659 1551 τὰ
686 1524 742 1559 εῖδη
756 1525 788 1551 ὲκ
809 1524 848 1560 μὴ
869 1525 954 1552 ὄντων

162 1567 261 1598 ποιῶν,
279 1567 340 1603 ἃδὴ
357 1568 404 1595 καὶ
426 1568 586 1603 κρείττονα,
609 1569 658 1604 τὴν
672 1569 739 1605 ὓλην
759 1568 843 1597 οὖσαν
856 1570 951 1605 χείρω,

161 1615 250 1641 ποιεῖν
260 1614 311 1640 οὐκ
333 1613 449 1649 ἠδύνατο
461 1623 467 1647 ;
477 1614 559 1642 Ἀλλὰ
574 1615 600 1641 τί
616 1615 651 1642 τὰ
666 1615 722 1652 είδη
736 1616 821 1652 equi;
834 1616 883 1648 τὰς
895 1625 954 1643 νοε-

163 1660 214 1696 ph;
237 1660 292 1696 γὰρ
311 1660 403 1692 οὐσίας
421 1661 469 1687 καὶ
489 1660 630 1693 παντελῶς
650 1661 815 1696 ἀσωμάτους
841 1662 888 1689 καὶ
905 1662 954 1698 τὴν

160 1705 252 1740 ψυχὴν
269 1706 319 1740 τὴν
333 1706 472 1743 ἡμετέραν
499 1706 558 1738 πῶς
575 1707 609 1733 ἐκ
631 1706 668 1742 μὴ
689 1707 774 1735 ὅντων
792 1709 954 1744 παρήγαγες

162 1752 273 1779 Τούτων
290 1751 345 1788 γὰρ
367 1752 400 1779 ὲκ
419 1753 474 1779 τῶν
498 1752 634 1788 σωμάτων
659 1754 856 1790 ἀφῃρημένων,
879 1755 956 1782 οὐδέν

163 1797 223 1823 lett
243 1796 273 1823 τδ
290 1796 462 1832 λειπόμενον.
487 1797 583 1824 Καίτοι
608 1797 654 1824 τὸν
685 1798 767 1833 ὄγκον
784 1800 841 1831 τοῖς
857 1799 956 1826 εἴδεσιν

162 1842 197 1868 ὲκ
208 1842 264 1869 τῶν
278 1842 468 1877 ὑποκειμένων
486 1843 565 1878 ταμεν
580 1843 624 1869 ἀεὶ
638 1843 854 1879 χορηγούμενον,
873 1845 902 1873 ὲν
914 1843 954 1877 οἷς

163 1887 214 1923 τὴν
232 1886 299 1922 ὕλην
314 1887 458 1922 συμϐαίνει
476 1888 645 1916 συννοεῐσθαι
662 1889 719 1921 τοῖς
733 1889 829 1917 εἴδεσι.

1031 560 1102 587 Cum
1129 565 1220 588 autem
1248 562 1394 596 praesentis
1417 561 1614 597 disputationis
1637 564 1726 588 status
1751 560 1787 587 sit

998 607 1141 642 generatio
1155 607 1264 643 mundi,
1284 608 1429 635 sciendum
1450 612 1493 635 est
1508 607 1666 634 Graecorum
1686 613 1787 641 pueros

998 652 1025 680 in
1053 652 1105 680 hac
1126 653 1233 681 versari
1257 654 1400 689 opinione,
1426 659 1456 681 ut
1485 653 1631 688 opinentur
1655 652 1786 680 muntlum

998 698 1054 726 Deo
1079 706 1141 727 esse
1165 703 1348 727 coaeternum.
1374 699 1443 727 Nam
1467 699 1612 727 materiam
1642 697 1786 734 quamdam

1000 744 1096 780 Opiflci
1119 746 1266 773 immortali
1292 754 1374 781 quatn
1403 745 1428 774 ei
1455 750 1620 773 comternam
1647 747 1788 777 asserunt,

1000 791 1139 825 subjicere
1163 799 1218 818 non
1252 791 1392 819 dubitant.
1416 792 1483 819 Cum
1521 791 1605 818 nullis
1634 790 1789 817 rationibus

1000 837 1166 864 concludere
1191 841 1317 872 possent,
1346 845 1377 864 ex
1405 836 1493 864 nihilo
1521 834 1625 870 aliquid
1646 834 1721 866 ﬁeri,
1748 834 1790 860 di-

999 884 1090 910 vinam
1118 883 1248 910 virtutem
1277 887 1305 910 et
1330 883 1480 918 potentiam
1504 881 1608 909 nostris
1634 879 1789 907 rationibus

1000 929 1158 961 metientes,
1179 933 1310 956 aeternam
1334 929 1409 956 illam
1438 929 1542 955 finxere
1564 927 1718 954 materiam.
1747 924 1789 952 ln-

1000 976 1228 1012 quiuntquoque,
1239 979 1267 1003 et
1284 975 1311 1002 in
1325 975 1398 1002 hunc
1416 974 1526 1001 modttm
1544 975 1788 1008 argumentantur:

1002 1021 1030 1049 Si
1041 1021 1115 1050 Deus
1132 1029 1241 1056 semper
1251 1021 1294 1057 (ut
1307 1028 1362 1048 non
1372 1019 1520 1056 negamus)
1535 1019 1584 1046 fuit
1594 1017 1790 1053 opifex,ctiam

1001 1068 1060 1102 ejus
1075 1075 1157 1102 opera
1181 1075 1291 1103 semper
1307 1066 1395 1094 fuisse
1417 1066 1570 1101 colligitur.
1586 1064 1721 1092 Praeterea
1735 1072 1741 1090 :
1761 1062 1790 1090 Si

1002 1114 1118 1141 materia
1134 1117 1176 1140 est
1199 1116 1316 1145 :eterna,
1342 1113 1446 1140 nullam
1469 1118 1580 1146 quoque
1597 1110 1713 1145 recipiet
1729 1116 1790 1136 mu-

1002 1158 1145 1184 tationem.
1162 1157 1190 1184 Si
1208 1158 1282 1185 enim
1308 1156 1458 1184 mutationi
1475 1155 1595 1183 obnoxia
1613 1155 1676 1185 erit,
1692 1161 1792 1181 secun-

1001 1203 1066 1230 dum
1085 1203 1268 1231 teternitatem
1301 1203 1389 1231 solam
1419 1201 1600 1229 mutationem
1625 1199 1790 1235 experietur.

1002 1249 1035 1275 Et
1060 1249 1100 1277 sic
1123 1256 1156 1276 eo
1179 1249 1332 1282 deveniret,
1360 1251 1391 1275 ut
1426 1247 1567 1274 amitteret
1597 1246 1790 1278 aeternitatem,

1001 1295 1073 1330 quod
1093 1294 1245 1322 secundum
1269 1294 1402 1330 praedicta
1434 1298 1477 1321 est
1505 1291 1689 1327 impossibile.
1721 1289 1791 1317 Nam

1002 1348 1065 1367 cum
1077 1340 1222 1375 qualitate,
1249 1340 1406 1375 quantitate
1420 1344 1447 1367 et
1468 1338 1556 1365 forma
1577 1337 1620 1364 vel
1639 1336 1730 1372 specie
1745 1343 1792 1362 ca-

1003 1390 1078 1419 reat,
1108 1394 1165 1413 non
1193 1389 1284 1421 potest
1310 1384 1369 1413 fieri
1394 1388 1432 1420 ut,
1452 1383 1606 1412 secundum
1632 1385 1792 1409 enumerata

1003 1431 1152 1459 mutationi
1189 1430 1344 1467 subiaceat.
1384 1429 1444 1457 Erit
1468 1429 1561 1463 itaque
1594 1432 1635 1463 (ut
1667 1430 1794 1455 statttunt

1004 1477 1092 1505 Graeci
1122 1485 1155 1505 ex
1180 1476 1417 1511 commemoratis)
1451 1475 1566 1503 materia
1594 1473 1708 1509 aequalis
1726 1472 1793 1505 Deo,

1004 1525 1085 1560 eique
1101 1531 1204 1552 coaeva.
1222 1523 1281 1557 Qua
1298 1521 1437 1558 siquidem
1459 1521 1616 1549 differentia
1633 1523 1795 1548 secernetur

1005 1575 1138 1598 aeternum
1165 1569 1199 1597 ab
1214 1568 1339 1597 αξιοι·ηοῖ
1350 1567 1470 1596 Pulchra
1495 1566 1619 1602 profecto
1637 1565 1695 1592 haec
1711 1571 1796 1599 argu-

1006 1616 1147 1643 mentatio.
1173 1614 1243 1642 Nam
1259 1614 1281 1643 si
1300 1622 1332 1642 ea
1348 1621 1414 1642 vera
1428 1617 1482 1645 est,
1501 1612 1606 1640 nullam
1629 1611 1726 1638 liceret
1744 1617 1795 1644 po-

1003 1671 1067 1691 nere
1079 1663 1106 1699 ᾰ.
1120 1662 1308 1690 diti‘erentiam
1328 1660 1401 1688 inter
1412 1666 1527 1688 causam
1544 1658 1719 1688 ellicientem,
1735 1663 1797 1691 quae

1003 1713 1046 1737 est
1061 1709 1144 1739 Deus,
1155 1711 1182 1734 et
1190 1707 1317 1734 effectum
1340 1713 1422 1741 quem
1441 1705 1514 1732 Deus
1532 1708 1561 1731 ut
1578 1710 1662 1731 cattsa
1676 1701 1796 1730 adiciens

1005 1754 1144 1791 producit.
1174 1752 1259 1780 Iidem
1287 1751 1376 1780 Graeci
1403 1759 1458 1779 non
1489 1750 1656 1778 erubescunt
1683 1748 1796 1775 dicere:

1006 1800 1113 1828 Meliori
1135 1799 1254 1826 fortunae
1275 1798 1334 1826 sive
1365 1799 1474 1825 eventui
1501 1803 1562 1824 esse
1589 1794 1797 1824 ascribendum,

1006 1847 1079 1881 quod
1092 1846 1165 1873 Deus
1180 1845 1326 1872 materiam
1353 1843 1512 1871 invenerit:
1537 1849 1619 1878 quam
1645 1839 1699 1868 nisi
1718 1846 1798 1874 repe;

1006 1893 1102 1925 risset,
1135 1891 1242 1927 opificis
1267 1898 1369 1918 nomen
1395 1896 1536 1924 nunquam
1565 1888 1683 1922 adeptus
1713 1889 1798 1916 esset,

165 1941 275 1969 semper
287 1933 418 1962 dubitans
432 1935 499 1969 quid
525 1934 663 1968 faciat,et
678 1944 732 1963 non
747 1937 843 1965 valens
859 1946 892 1965 ex
923 1938 967 1966 his
990 1947 1051 1975 quae
1082 1947 1138 1966 non
1164 1942 1239 1972 sunt,
1265 1938 1339 1965 entia
1367 1936 1549 1964 constituere.
1579 1933 1679 1961 Verum
1709 1931 1800 1966 impiae

165 1980 232 2008 huic
250 1980 399 2007 assertioni
422 1980 462 2008 sic
479 1980 689 2014 occttrronua
724 1981 831 2009 ratione
862 1983 990 2017 materia,
1010 1991 1094 2020 quam
1110 1991 1159 2012 vos
1182 1991 1198 2010 ιι
1213 1983 1269 2009 Deo
1293 1982 1424 2013 alienam,
1449 1987 1501 2008 nec
1518 1979 1553 2006 ab
1575 1979 1635 2013 ipso
1652 1976 1799 2005 excitatam

164 2027 328 2059 autumatis,
347 2026 502 2062 specierum
518 2026 576 2054 sive
601 2026 736 2060 idearum,
761 2035 823 2062 qua:
838 2035 871 2055 ex
889 2028 949 2064 ipso
968 2029 1133 2064 procedunt,
1147 2028 1288 2064 particeps
1307 2027 1350 2054 vel
1363 2025 1557 2060 susceptibilis
1594 2023 1652 2051 fieri
1688 2019 1801 2057 potuit?

165 2073 233 2106 Qua:
245 2073 319 2100 enim
335 2072 570 2108 alliaitas,qu:eve
596 2073 725 2108 cognatio
748 2074 892 2109 speciebus
922 2083 983 2110 quae
1001 2083 1033 2104 ex
1053 2075 1107 2103 Deo
1125 2075 1272 2110 prodeunt,
1289 2080 1353 2101 cum
1376 2071 1493 2099 materia
1508 2069 1680 2097 intervenire
1693 2067 1801 2103 potuis-

166 2120 228 2147 set?
242 2119 387 2152 Quomodo
401 2118 486 2152 Deus,
501 2125 564 2146 cum
580 2123 656 2146 creat
670 2119 779 2154 species
809 2123 838 2147 et
854 2119 969 2154 formas,
999 2129 1060 2156 qua:
1081 2121 1192 2157 quidem
1218 2121 1277 2155 ipsa
1319 2117 1436 2145 materia
1468 2120 1535 2144 sunt
1566 2114 1776 2150 praestantiores
1790 2133 1799 2145 ,

166 2164 323 2198 materiam,
340 2172 401 2199 qua:
417 2164 514 2192 formis
539 2165 621 2192 vilior
639 2170 666 2193 et
677 2164 801 2193 deterior
816 2170 870 2200 est,
890 2174 988 2202 parare
1007 2175 1062 2194 non
1077 2167 1213 2203 quivisset
1225 2166 1238 2193 Ρ
1255 2164 1308 2193 Sed
1325 2164 1392 2199 quid
1412 2163 1568 2197 specierum
1588 2168 1635 2187 seu
1650 2160 1801 2187 formarum

166 2211 423 2239 commemorationi
445 2211 599 2245 immoror,
621 2219 685 2239 cum
714 2212 820 2248 liquido
845 2217 955 2241 constet
992 2213 1077 2242 Deum
1109 2212 1294 2241 immortalem
1306 2209 1491 2240 substantias,
1505 2216 1567 2243 quae
1584 2207 1644 2235 solo
1660 2205 1800 2234 intellectu

169 2256 363 2292 percipiuntur
386 2257 604 2292 planissimeque
624 2257 812 2292 incorporeas,
826 2266 878 2286 nec
898 2266 952 2286 non
970 2259 1091 2286 animam
1107 2261 1231 2286 nostram
1246 2265 1279 2285 ex
1292 2256 1379 2284 nihilo
1394 2254 1529 2282 creasse?
1561 2252 1636 2287 Quas
1671 2251 1803 2279 substan-

168 2305 223 2331 tias
248 2303 271 2331 si
299 2303 463 2337 corporibus
480 2302 662 2334 subtraxeris.
691 2303 765 2338 quod
789 2303 970 2338 relinquitur,
1007 2304 1077 2332 nihil
1093 2307 1146 2332 est.
1160 2303 1194 2331 Et
1208 2311 1275 2332 sane
1289 2301 1333 2330 vel
1346 2308 1420 2329 caeco
1437 2303 1564 2335 apparet,
1580 2297 1798 2334 magnitudinem

170 2351 269 2378 formis
298 2358 333 2378 ex
373 2349 488 2377 materia
513 2349 639 2384 subjecta
657 2356 838 2377 accrescere:
858 2350 930 2378 unde
950 2349 1059 2378 discere
1085 2354 1130 2379 est
1159 2357 1210 2378 nos
1239 2348 1384 2377 materiam
1409 2346 1490 2375 simul
1510 2353 1572 2374 cum
1613 2345 1702 2372 forma
1735 2351 1802 2372 con-

166 2397 294 2431 junctam
320 2402 429 2430 semper
461 2394 626 2430 cogitatione
650 2394 796 2428 attingere.

205 2442 269 2473 Πῶς
282 2441 311 2468 δὲ
322 2441 370 2468 καὶ
386 2441 400 2467 ὁ
414 2440 516 2476 κόσμος
527 2439 566 2476 τῷ
578 2439 637 2476 Θεῷ
649 2440 801 2474 συναῖδιος;
818 2441 894 2468 ἔσται
906 2441 955 2477 γὰρ

1048 2438 1184 2467 Caterum
1197 2437 1298 2472 quibus
1315 2434 1485 2471 argumentis
1497 2433 1707 2461 continuabitur
1721 2439 1803 2459 mutt-

169 2487 278 2523 ἀνάγκη
290 2486 408 2521 φύσεως,
426 2485 456 2512 οὐ
472 2485 614 2520 βουλήσει,
630 2485 661 2512 τὸ
678 2483 747 2513 εἶναι
762 2485 863 2521 λαχών.
877 2486 961 2513 Ποίαν

169 2534 198 2560 δὲ
224 2533 305 2569 χάριν
329 2531 493 2567 ὁμολογήσει
518 2531 578 2566 Θεῷ
606 2531 641 2558 τὰ
665 2531 761 2558 τούτου
793 2532 963 2568 δημιουργή-

172 2587 257 2615 ματα,
288 2577 365 2613 παρὰ
386 2578 424 2613 μὴ
447 2577 608 2612 βουλομένου
631 2577 765 2613 γενόμενα
785 2578 819 2605 δι’
840 2578 963 2614 ἀνάγκην

171 2625 221 2659 τῆς
239 2623 371 2659 φύσεως;
395 2623 481 2658 Εῐπερ
510 2623 663 2659 ἐπειδήπερ
692 2624 752 2650 ἐστὶ
775 2617 963 2660 δημιουργδς,

173 2672 283 2702 παντως
302 2669 410 2704 ὑπῆρχε
428 2668 460 2696 τδ
474 2668 684 2705 δημιούργημα,
700 2669 738 2705 μὴ
751 2669 903 2705 δυναμένου
917 2668 963 2696 τοῦ

173 2715 241 2743 Θεοῦ
253 2715 305 2746 τὰς
318 2714 464 2750 ποιητικὰς
476 2715 584 2750 ἐπέχειν
595 2715 696 2750 ὁρμάς.
712 2715 744 2742 Εἰ
760 2715 788 2742 δὲ
801 2715 888 2748 τοῦτο,
906 2714 965 2747 πῶς

175 2762 261 2790 ποιῶν
287 2760 439 2794 επαύσατο,
456 2761 503 2787 καὶ
525 2761 563 2796 μὴ
585 2761 761 2797 καθεκάστην
779 2761 899 2795 κόσμους
917 2760 965 2795 δη-

177 2810 322 2844 μιουργεῖς
338 2807 402 2840 Πῶς
431 2807 459 2834 δὲ
495 2808 545 2834 οὐκ
577 2807 654 2834 ἔσται
685 2806 904 2843 συμπληρωτικὰ
932 2806 967 2833 τὰ

177 2855 321 2890 ποιήματα
329 2854 379 2889 τῆς
396 2853 474 2886 θείας
487 2853 592 2886 οὐσίας,
602 2854 630 2880 εἰ
642 2862 675 2888 γε
692 2853 795 2881 τούτων
806 2853 856 2880 οὐκ
870 2853 964 2885 ὖντων,

172 2895 227 2927 ὀὐκ
251 2899 329 2927 ἔσται
355 2898 437 2934 φύσει
458 2899 641 2936 δημιουργός;
661 2899 723 2932 Πῶς
747 2899 775 2927 δὲ
799 2899 830 2927 οὐ
846 2899 893 2926 τοῦ
912 2898 966 2934 Δη-

1015 2485 1043 2512 di
1067 2492 1130 2512 cum
1158 2483 1215 2511 Deo
1245 2482 1419 2510 coaeternitas
1434 2481 1446 2508 ?
1463 2479 1532 2506 Nam
1561 2479 1584 2507 si
1609 2479 1728 2506 mundus
1748 2478 1804 2506 Deo

1015 2535 1059 2559 est
1082 2537 1211 2561 coaevus,
1240 2533 1372 2564 sequetur
1398 2534 1453 2554 non
1478 2526 1621 2553 voluntate
1646 2524 1803 2557 Creatoris,

1017 2577 1065 2605 scd
1082 2576 1248 2604 necessitate
1269 2573 1403 2601 mundum
1422 2579 1483 2600 esse
1497 2575 1700 2599 constructum.
1716 2570 1803 2603 Quam

1018 2623 1102 2658 igitur
1129 2620 1244 2657 gratiam
1276 2619 1392 2646 Domino
1416 2618 1574 2653 persolvent
1604 2621 1755 2648 creaturae,
1782 2615 1805 2642 si

1019 2673 1117 2704 praeter
1146 2667 1316 2694 voluntatem
1348 2663 1509 2695 Creatoris,
1543 2669 1632 2696 eoque
1662 2661 1748 2688 invito
1778 2660 1806 2686 iu

1019 2713 1123 2741 cntiutn
1148 2718 1293 2739 numerum
1322 2710 1416 2738 relata;
1443 2712 1508 2736 sunt
1527 2708 1539 2735 ’Ξ
1559 2707 1613 2735 Sed
1644 2707 1729 2734 multo
1757 2706 1807 2732 ab-

1018 2759 1131 2787 surdius
1158 2762 1202 2786 est
1233 2756 1306 2792 quod
1338 2758 1497 2792 proponunt
1523 2763 1530 2781 :
1562 2754 1591 2781 Si
1618 2753 1672 2781 fuit
1694 2752 1806 2787 opifex,

1018 2804 1206 2833 necessarium
1231 2803 1412 2838 consequium
1435 2805 1478 2829 est
1501 2804 1531 2828 ut
1553 2800 1636 2827 faciat
1659 2803 1685 2826 et
1715 2805 1783 2832 opus
1797 2817 1806 2830 ,

1018 2859 1081 2879 cum
1103 2850 1180 2878 nullo
1203 2849 1286 2877 modo
1312 2848 1447 2884 potuisset
1468 2845 1593 2874 inhibere
1617 2843 1728 2873 creandi
1754 2843 1807 2869 im-

1020 2902 1114 2934 petum
1144 2897 1186 2926 vcl
1209 2897 1345 2925 ardorem.
1371 2894 1449 2929 Quod
1472 2893 1495 2921 si
1521 2900 1615 2921 verum
1637 2894 1698 2923 est,
1722 2894 1807 2924 quare
