2072 3157
288 199 320 232 31
526 196 529 197 ν
938 204 1099 235 PROCOPI
1122 205 1244 236 GAZ/EI
1881 203 1918 235 39.

289 266 303 284 a
337 258 458 286 creando
491 259 620 294 quievit.
652 264 679 288 et
715 268 771 288 non
807 261 925 289 subinde
959 261 1076 288 Inundos

1129 261 1262 297 μιουργοῦ
1281 262 1472 298 πρεσϐυτέραν
1487 263 1596 298 ἀνάγκη
1614 263 1666 298 τὴν
1683 261 1750 296 ὓλην
1764 261 1846 294 νοεῖν,
1862 261 1918 288 επί-

289 304 405 331 statuit?
435 304 572 334 Prmterea
614 306 680 334 hinc
715 315 902 343 consequetur
935 313 1078 336 creaturas

288 356 350 376 esse
378 350 569 384 supplementa
597 351 698 379 divinae
727 352 910 380 substantitez
939 353 1078 387 siquidem

289 394 332 421 his
361 403 415 422 non
443 396 652 429 exsistentibus,
674 405 724 425 nec
742 399 879 426 naturalis
905 400 958 426 erit
974 398 1077 433 opifex.

289 441 330 467 Ad
356 442 413 468 ha'c
438 442 502 476 quid
538 443 695 477 prohibebit
718 444 915 479 cogitationem
929 444 1079 472 extendere

289 494 322 513 eo
349 495 446 522 usque,
475 492 504 514 ut
535 489 746 523 pronuntiemus
778 491 932 522 materiam,
959 498 992 517 ex
1024 499 1078 526 qua

290 532 408 560 mundus
431 538 592 568 compactus
620 539 661 562 est
689 535 743 562 Deo
763 540 929 568 coaeternus,
959 544 1078 572 princes-

281 578 361 605 'sisse
376 582 404 605 et
419 579 604 614 antiquiorem
616 587 678 607 esse
695 581 816 615 Opifice?
833 580 904 608 Proh
919 581 1079 609 absurdita-

289 623 355 649 tcml
377 623 494 658 insuper
516 631 579 651 cum
605 626 834 654 manifestissime
861 631 954 661 pateat
970 627 1079 662 simpli-

289 668 332 696 cia
363 670 514 696 vetustiora
538 678 600 697 esse
635 671 808 706 compositis,
838 672 1018 701 concludetur
1046 681 1079 700 ex

289 714 373 742 modo
400 717 627 743 cmmneluoratis
643 717 808 749 ratiociniis,
828 717 913 744 Deum
931 718 1080 753 simplicis-

290 759 386 786 simam
401 760 474 786 illam
488 761 682 793 substantiam.
708 762 831 796 ejusdem
861 767 902 798 (ut
922 764 958 790 ita
976 764 1079 798 dicam)

288 805 380 833 aetatis
397 814 460 832 cum
479 807 592 840 mundo,
616 809 662 842 qui
681 809 806 842 partibus
830 812 939 835 constat
961 813 988 836 et
1005 817 1081 836 com-

290 851 396 885 positus
421 852 554 884 cernitur,
575 853 709 881 exsistere
735 863 741 880 :
770 854 853 889 idque
882 859 971 882 tuente
998 862 1080 889 posse

288 897 402 932 percipi,
416 905 478 924 eum
500 897 583 926 Deum
599 900 758 934 compositis
773 905 939 928 cowternum
956 908 1080 936 pronun-

1130 316 1204 334 νοιαν
1235 309 1457 344 προταττομένην
1478 309 1525 335 τοῦ
1552 309 1658 344 κόσμου
1685 308 1715 340 ἐξ
1736 306 1770 343 ἧς
1785 308 1799 334 ὀ
1819 308 1921 342 κόσμος

1130 353 1240 386 ἐγένετο
1257 354 1296 389 τῷ
1316 354 1376 389 Θεῷ
1391 355 1546 388 συναῖδιος;
1565 355 1626 386 Πῶς
1641 354 1669 381 δὲ
1685 355 1709 380 εἰ
1725 355 1759 380 τὰ
1775 354 1848 380 ἁπλᾶ
1867 353 1922 380 τῶν

1132 399 1268 426 συνθέτων
1287 400 1475 436 πρεσϐύτερα,
1493 400 1552 435 ἅμα
1579 400 1608 427 δὲ
1635 400 1713 433 Θεὸς,
1730 399 1788 434 ἅμα
1818 400 1922 434 κόσμος

1132 444 1258 476 σύνθετος
1275 444 1323 476 ὣν,
1341 446 1372 472 οὐ
1397 446 1443 472 καὶ
1460 445 1510 472 τοῦ
1533 445 1601 471 Θεοῦ
1621 445 1709 472 ταῦτα
1729 445 1839 475 πάντως
1861 445 1922 470 ὲπι-

1131 490 1190 525 νοίᾳ
1206 490 1382 526 πρεσϐύτερα
1394 491 1442 517 τοῦ
1465 492 1522 522 τοῖς
1544 491 1682 522 συνθέτοις
1697 490 1833 517 συναῖδίου
1855 497 1921 523 τυγ-

1130 536 1276 570 χάνοντοςς
1295 535 1356 567 Πῶς
1370 536 1399 562 δὲ
1412 535 1461 562 τοῦ
1483 535 1587 571 κόσμου
1607 536 1642 562 τὰ
1657 536 1714 570 εἴδη
1731 535 1920 570 συνεμετρήθη

1130 582 1164 616 τῇ
1183 580 1251 616 bin;
1268 581 1284 616 ἢ
1301 581 1356 616 γὰρ
1370 583 1441 608 κατὰ
1455 581 1540 616 τύχην
1553 581 1688 616 τοσαύτην
1701 578 1763 616 εὗρε
1775 580 1840 611 Θεδς
1855 580 1922 613 ὓλην

1130 625 1197 660 ὅσην
1214 625 1332 660 ἠδύνατο
1345 627 1533 661 κοσμοποιεῖν,
1551 626 1599 653 καὶ
1620 625 1837 661 συνεπερατοῦτο
1855 625 1922 651 ταύ-

1131 679 1165 707 τῃ
1180 671 1228 697 τοῦ
1243 671 1475 707 δημιουργοῦντος
1490 673 1506 707 ὴ
1520 672 1645 706 δύναμις,
1658 673 1727 707 ὅπερ
1741 671 1835 698 ἀϊδίων
1846 671 1923 698 ἀλλόκ-

1131 724 1206 750 τρ.ον
1217 723 1224 729 ·
1241 715 1257 751 ἤ
1275 715 1388 742 πλείονα
1404 715 1509 751 ταύτην
1526 716 1577 750 τῆς
1598 716 1666 748 ἰδίας
1685 711 1748 751 εὗρε
1766 716 1919 750 δυνάμεως,

1131 763 1178 789 καὶ
1200 763 1249 797 τὴν
1265 762 1312 789 τοῦ
1329 762 1397 788 Θεοῦ
1414 762 1531 797 δύναμιν
1551 762 1601 796 τῆς
1626 762 1691 797 ὕλης
1706 762 1737 788 τὸ
1756 762 1858 796 πλῆθος
1878 770 1922 788 νε-

1131 806 1254 840 νίκηκεν,
1272 806 1298 833 εί
1311 815 1342 840 γε
1360 806 1462 842 πλῆθος
1476 807 1615 841 προσῆκεν
1635 807 1723 832 εἰπεῖν
1743 806 1790 833 ἐπὶ
1809 808 1859 841 τῆς
1876 806 1922 833 νό-

1132 853 1170 887 θῳ
1183 853 1289 888 ληπτῆς
1300 852 1435 888 λογισμῷ,
1450 853 1524 879 καθὰ
1538 861 1620 887 φασιν
1637 853 1662 879 οἱ
1681 852 1769 887 σοφοί.
1787 853 1842 878 Καὶ
1866 851 1921 879 λοι-

1131 899 1182 924 πὺν
1198 897 1227 930 ἐξ
1242 899 1366 933 ἀνάγκης
1379 898 1409 924 τὸ
1426 898 1475 934 μὲν
1491 898 1709 933 ἐδημιούργησεν
1730 898 1815 933 αὐτῆς
1829 899 1844 924 ὁ
1855 899 1921 930 Θεὸς

288 943 358 969 tiare
381 950 436 970 non
467 945 644 972 erubescant.
676 945 821 978 Quomodo
850 947 944 973 mundi
971 948 1078 981 species

1129 944 1198 979 πρὸς
1224 944 1274 979 τὴν
1297 944 1412 978 δύναμιν
1433 942 1507 979 εἶχεν
1530 944 1699 979 ἀρκέσασαν.
1716 943 1753 970 Τὸ
1767 944 1795 970 δὲ
1814 944 1923 978 ἀφῆκεν

288 989 556 1016 commensurabiles
571 989 649 1017 fuere
665 991 807 1018 malerim?
824 991 878 1018 Aut
889 992 973 1023 enim,
988 992 1077 1024 aiunt,

288 1040 321 1060 ex
339 1041 472 1068 prospero
499 1034 618 1063 fortuna:
647 1043 781 1063 successu
812 1037 918 1064 invenit
947 1038 1080 1065 Conditor

288 1078 430 1105 materiam
457 1083 572 1111 tantam,
595 1084 701 1115 quanta
725 1081 863 1109 suliiceret
888 1082 921 1109 ad
950 1086 1079 1110 constru—

288 1124 406 1150 ctionem
430 1125 594 1160 amplissimi
617 1126 697 1161 hujus
723 1127 833 1161 operis:
854 1132 881 1154 et
906 1128 935 1154 in
958 1128 1021 1160 hac,
1049 1131 1080 1155 ut

288 1168 409 1201 infirma,
438 1170 571 1197 conclusa
595 1175 622 1198 et
639 1172 787 1199 terminata
807 1178 850 1200 est
864 1174 976 1208 Opiﬁeis
989 1174 1078 1202 virtus

289 1221 337 1241 seu
354 1215 487 1250 potentia.
505 1215 605 1243 Verum
622 1217 674 1244 hoc
697 1217 730 1244 ab
745 1218 857 1245 :eternis
874 1223 917 1246 est
936 1219 1078 1246 alienissi-

1129 990 1351 1025 ἀδημιούργητον
1376 990 1480 1026 ἀπορίᾳ
1500 990 1653 1025 δυνάμεως.
1667 990 1702 1016 Ἦ
1717 990 1820 1024 ταύτην
1834 988 1923 1022 εὑρὼν

1129 1036 1245 1069 ἐλάττω,
1263 1036 1292 1062 τὸ
1309 1035 1456 1068 πλεονάζον
1472 1038 1522 1071 τῆς
1541 1036 1639 1063 ἑαυτοῦ
1660 1040 1667 1065 i
1688 1036 1830 1071 δυνάμεως
1848 1036 1923 1062 ἄκων

1130 1081 1242 1117 ἐπέσχε,
1263 1082 1331 1117 πρὸς
1353 1081 1402 1117 τὴν
1419 1081 1516 1117 λοιπὴν
1534 1081 1716 1117 δημιουργίαν
1736 1081 1820 1116 μηδὲν
1835 1080 1923 1116 εὑρὼν

1131 1121 1320 1163 ὑποκείμενον.
1337 1127 1368 1154 Εἰ
1385 1127 1414 1154 δὲ
1431 1128 1513 1163 μέρος
1528 1127 1629 1163 ἐπέσχε
1646 1127 1696 1162 τῆς
1711 1127 1862 1162 δυνάμεως.
1876 1127 1924 1153 καὶ

1132 1173 1163 1199 τὸ
1176 1174 1229 1199 πᾶν
1242 1173 1352 1208 ἐπέχειν
1365 1173 1482 1208 ἠδύνατο
1497 1174 1545 1201 καὶ
1559 1173 1596 1210 μὴ
1611 1173 1749 1201 συναῖδιον
1766 1173 1922 1208 ὑποστῆσαι

1130 1219 1177 1247 τὸν
1191 1220 1307 1255 κόσμον.

290 1267 375 1294 mum,
393 1269 482 1296 neque
507 1262 541 1290 de
563 1262 631 1297 ipsis
652 1264 870 1298 prmdicaudum.
899 1265 954 1291 Aut
985 1265 1044 1299 (sic
1072 1269 1190 1301 pergunt
1217 1265 1431 1302 ratiocinando)
1471 1265 1615 1293 materiam
1644 1265 1748 1301 reperit
1775 1265 1921 1300 majorem,

288 1315 370 1342 quam
398 1314 428 1336 ut
449 1317 505 1336 suae
533 1311 663 1344 potentia:
687 1311 880 1346 responderet.
908 1315 935 1338 et
961 1311 1002 1339 sic
1031 1312 1076 1339 Dei
1116 1313 1267 1347 potentiam
1294 1313 1386 1340 obruit
1410 1316 1438 1341 et
1462 1313 1529 1340 vicit
1556 1313 1677 1340 materiae
1712 1312 1870 1343 multitudo,
1897 1314 1921 1341 si

289 1353 492 1382 multitudinem
518 1355 613 1382 dicere
634 1355 714 1383 decet
745 1356 780 1384 de
810 1357 926 1384 materia
963 1365 1024 1392 quae
1057 1357 1213 1384 adulterina
1255 1358 1470 1386 ratiocinatione
1496 1361 1543 1393 (ut
1567 1358 1713 1392 perhibent
1746 1357 1921 1393 philosophi)

288 1400 406 1435 capitur.
429 1400 600 1430 Necessitate
616 1404 709 1439 itaque
733 1405 866 1433 subactus
887 1409 992 1439 partem
1013 1404 1072 1438 ejus
1093 1405 1259 1433 materiatio
1275 1405 1418 1441 opificium
1451 1405 1557 1436 eduxit,
1571 1408 1709 1439 quatenus
1739 1403 1919 1431 sufﬁcientem

288 1448 422 1475 condendi
442 1449 537 1476 habuit
552 1451 715 1485 potentiam.
739 1452 859 1478 Alteram
895 1457 1001 1487 partem
1039 1453 1133 1480 omisit
1160 1453 1290 1488 potentize
1319 1454 1414 1488 inopia
1439 1460 1488 1481 seu
1518 1453 1638 1480 defectu.
1674 1451 1724 1480 Vel
1748 1456 1847 1479 nactus
1879 1457 1922 1479 est

289 1495 431 1522 materiam
447 1495 555 1531 Opifex,
571 1502 599 1524 at
615 1499 748 1526 minorem
768 1507 849 1535 quam
871 1508 929 1527 sua:
963 1501 1092 1535 potentia:
1129 1505 1307 1536 congrueret.
1328 1501 1447 1528 Proinde
1480 1501 1584 1528 invitus
1622 1499 1756 1535 repressit
1786 1499 1859 1534 quod
1887 1500 1922 1527 de

289 1548 339 1567 sua
354 1541 474 1576 potentia
493 1548 646 1578 supererat,
664 1544 766 1570 nullam
809 1552 871 1571 cmn
902 1545 1006 1573 videret
1039 1547 1182 1574 materiam
1197 1547 1334 1582 adjectam
1349 1547 1480 1582 amplius,
1505 1547 1532 1574 in
1556 1555 1610 1581 qua
1635 1547 1784 1576 creationis
1806 1548 1919 1583 reliqua:

288 1587 428 1621 negotium
446 1588 605 1617 conficeret.
623 1589 760 1617 Praeclara
777 1590 902 1625 profecto
919 1593 1133 1627 argumentatio.
1160 1592 1188 1620 Si
1206 1593 1277 1629 parti
1308 1601 1365 1620 sua:
1400 1593 1532 1628 potentia:
1555 1592 1648 1621 frenos
1686 1593 1801 1629 injicere
1833 1594 1923 1630 potuit

287 1630 432 1663 Conditor.
463 1641 517 1661 non
541 1635 679 1669 quivisset
707 1639 792 1663 totam
819 1644 896 1663 suam
923 1637 1076 1672 reprimere
1096 1639 1247 1673 potentiam
1263 1648 1270 1667 :
1285 1642 1314 1667 et
1329 1639 1371 1667 sic
1382 1643 1479 1674 aperto
1497 1638 1627 1673 exemplo
1665 1639 1813 1667 ostendere
1842 1647 1922 1667 mun-

288 1676 352 1703 dmn
369 1679 528 1712 neutiquam
543 1680 597 1706 sibi
613 1681 802 1708 comternum?

325 1734 378 1762 Sed
394 1736 464 1762 hanc
479 1736 512 1763 de
528 1738 633 1764 mundo
650 1738 807 1766 orationem
834 1743 1010 1774 repetamus:
1026 1740 1078 1767 Aul

1168 1737 1220 1764 Τδν
1240 1736 1320 1764 αὐτὸν
1332 1736 1362 1763 δὲ
1377 1735 1457 1770 λόγον
1473 1735 1520 1762 ἐπὶ
1531 1735 1579 1762 τοῦ
1598 1735 1703 1771 κόσμου
1719 1737 1801 1763 πάλιν
1817 1738 1924 1772 σκοπὴ-

288 1780 360 1806 enim
380 1779 452 1808 Deus
469 1780 572 1808 invenit
584 1784 741 1816 materiam,
758 1792 821 1812 cum
836 1786 987 1813 creationis
998 1794 1079 1821 nego-

289 1824 357 1851 tium
370 1831 538 1860 capesseret.
555 1828 702 1857 mundaua:
723 1830 908 1865 magnitudini
925 1839 1017 1866 parem
1031 1837 1078 1859 aut

290 1869 433 1904 imparem.
450 1871 478 1898 Si
489 1877 550 1900 erat
563 1873 661 1908 impar,
671 1880 718 1902 aut
730 1876 819 1910 major
831 1877 870 1904 rel
881 1877 971 1905 minor
982 1878 1079 1912 depre-

289 1915 472 1944 llendebalur.
488 1918 516 1944 Si
530 1919 664 1947 minorem
676 1921 769 1948 mundi
785 1922 904 1950 aedificio
919 1931 978 1950 eam
995 1928 1079 1951 mate-

291 1962 357 1989 riam
365 1962 481 1996 dixeris,
493 1964 565 1992 unde
578 1966 695 2001 reliqua,
704 1975 764 2002 qua:
776 1969 949 2002 pertinebant
958 1970 991 1997 ad
1003 1978 1079 1997 mun-

289 2007 533 2042 diperfectionem,
549 2019 627 2038 suam
651 2013 799 2039 essentiam
823 2013 961 2042 hausere?
977 2015 1004 2042 Si
1020 2022 1078 2042 ma-

287 2052 387 2087 jorem,
402 2061 466 2088 ergo
479 2055 552 2089 quod
564 2056 697 2088 restabat,
712 2058 813 2084 mansit
826 2058 955 2087 informis
967 2063 995 2087 et
1006 2059 1079 2086 indi-

289 2104 364 2134 gesta
380 2100 479 2132 moles,
494 2101 611 2128 alterum
627 2103 705 2136 quasi
720 2108 885 2138 exspectans
896 2105 1032 2140 opificem.
1049 2105 1077 2134 Si

289 2152 354 2172 vero
364 2144 464 2172 obtulit
480 2153 511 2174 se
528 2148 644 2175 materia
661 2149 755 2176 mundi
769 2140 881 2184 opifici‘o
901 2158 1078 2179 eounuensu-

289 2190 396 2222 rabilis,
423 2196 498 2220 certe
523 2193 582 2221 fors
600 2194 642 2222 vel
657 2195 765 2222 fortuna
785 2197 910 2230 quaedam
925 2197 1076 2225 antecessit

289 2235 315 2271 5
329 2235 413 2264 Deum
429 2241 456 2264 et
477 2240 618 2266 materiam
637 2241 801 2276 praeparavit
819 2242 961 2269 Conditori
979 2243 1012 2269 ad
1032 2243 1076 2270 fn-

289 2285 381 2309 turum
397 2284 540 2318 mundmn,
555 2291 582 2312 et
593 2286 749 2315 Conditoris
765 2289 895 2322 potentiae
912 2293 1078 2324 attempera-

288 2326 338 2353 vit.
356 2326 428 2360 Quid
455 2328 540 2364 igitur
563 2330 694 2363 obstabit,
722 2333 869 2366 quominus
902 2333 1016 2361 materia
1042 2335 1078 2361 sit

291 2371 380 2404 ﬁnita.
395 2381 458 2400 cum
473 2381 533 2401 eam
543 2375 821 2410 mundo(sccuudum
832 2379 989 2413 opinionem
999 2379 1077 2407 Gne-

1131 1790 1239 1818 σωμεν·
1258 1782 1274 1816 ἢ
1295 1781 1349 1816 γὰρ
1371 1780 1530 1816 σύμμετρον
1559 1777 1624 1816 εὗρε
1653 1781 1703 1816 τὴν
1725 1781 1792 1816 ὓλην
1815 1783 1853 1817 τῷ
1875 1782 1924 1809 τοῦ

1129 1829 1233 1864 κόσμου
1249 1827 1423 1863 μεγέθει,ὄτε
1440 1827 1535 1854 τοῦτον
1550 1827 1767 1860 κατασκευάζειν
1781 1828 1922 1863 ἠϐούλετο,

1129 1875 1145 1910 ἢ
1162 1875 1246 1901 πλείω
1259 1873 1309 1908 τῆς
1327 1874 1433 1909 χρείας,
1448 1874 1464 1909 ἢ
1483 1874 1565 1900 πάλιν
1591 1873 1721 1900 ἐλάττονα
1732 1882 1740 1890 ·
1757 1874 1804 1900 καὶ
1829 1875 1853 1900 εἰ
1873 1875 1923 1909 μὲν

1128 1921 1243 1951 ἐλάττω,
1257 1920 1339 1946 πόθεν
1356 1920 1449 1946 λοιπὸν
1463 1920 1575 1954 ἐγένετο
1590 1929 1597 1953 ;
1616 1920 1648 1946 Ei.
1662 1920 1691 1946 δὲ
1711 1919 1812 1954 πλείω,
1831 1920 1922 1956 ἔμεινε

1129 1967 1159 1993 τὸ
1176 1966 1328 1993 πλεονάσαν
1361 1965 1518 2000 ἀκόσμητον
1545 1965 1641 2001 ὥσπερ
1671 1965 1765 2000 ἕτερον
1786 1966 1931 2001 ἁναμένον.

1129 2010 1306 2046 δημιουργόν.
1336 2010 1368 2036 Et
1394 2010 1422 2036 δὲ
1443 2010 1611 2045 σύμμετρον,
1632 2010 1746 2045 τύχησις
1781 2011 1835 2046 πρὸ
1852 2012 1920 2038 Θεοῦ

1128 2056 1158 2084 τὸ
1186 2056 1285 2092 μέτρον
1314 2055 1390 2091 αὐτῷ
1423 2056 1469 2082 καὶ
1511 2057 1581 2092 πρδς
1622 2056 1718 2092 χρείαν
1743 2056 1790 2083 τοῦ
1818 2057 1922 2091 κόσμου

1130 2102 1268 2137 καὶπρὸς
1299 2102 1351 2136 τὴν
1381 2101 1449 2129 ἰδίαν
1487 2102 1680 2137 παρεσκεύασε
1711 2102 1837 2138 δύναμιν.
1861 2103 1924 2135 Πῶς

1128 2149 1157 2175 δὲ
1184 2148 1214 2174 οὐ
1257 2148 1345 2182 πέρας
1380 2147 1491 2181 ἐδέξατο
1531 2148 1756 2183 συμμετρηοεῖσα
1787 2148 1825 2182 τῷ
1861 2148 1924 2174 κόσ-

1130 2201 1193 2228 pq»;
1223 2193 1292 2228 ὅπερ
1319 2192 1405 2228 αὐτῆς
1433 2192 1596 2228 ἀλλότριον,
1625 2193 1705 2227 εἴπερ
1737 2192 1811 2219 ἐστὶν
1839 2193 1923 2225 ἀΐδιος

1129 2239 1176 2266 καὶ
1203 2238 1373 2273 ἀσώματος·
1403 2238 1467 2270 Πῶς
1489 2239 1519 2265 δὲ
1549 2239 1662 2273 γέγονεν
1687 2239 1700 2265 ὀ
1725 2238 1828 2273 κόσμος
1844 2239 1924 2274 εἴπερ

1129 2285 1188 2311 ἐστὶ
1219 2285 1373 2318 συνατδιος;
1395 2285 1432 2311 Τὸ
1458 2284 1513 2319 γὰρ
1538 2286 1652 2320 ἄχρονον
1687 2285 1872 2317 hutnova
1895 2286 1924 2311 δὲ

1128 2330 1256 2358 ἄκτιστον
1270 2331 1389 2365 ἄναρχον
1403 2338 1409 2344 ’
1428 2330 1496 2362 Θεὸς
1515 2330 1544 2357 δὲ
1563 2331 1644 2366 μόνος
1659 2330 1689 2357 τὸ
1704 2331 1823 2366 ἄναρχον
1837 2351 1844 2362 ,
1860 2331 1924 2357 καθ’

1129 2378 1143 2403 ὂ
1157 2385 1183 2402 τι
1197 2377 1219 2403 δ¹
1233 2376 1265 2404 ἂν
1279 2376 1365 2412 λάϐῃς
1380 2376 1583 2412 σημαινόμενον
1597 2377 1646 2412 τὴν
1662 2377 1762 2412 ἀρχὴν,
1778 2377 1836 2403 εἴτε
1861 2376 1923 2403 κατ’

290 2419 399 2453 corum)
414 2421 689 2449 commensurabilem
700 2423 799 2449 factam
809 2424 1078 2453 animadvertamus?

1130 2423 1228 2456 αἰτίαν,
1247 2424 1302 2450 εἴτε
1315 2423 1386 2450 κατὰ
1401 2424 1498 2458 χρόνον
1514 2431 1521 2438 '
1542 2423 1601 2458 ἆδὴ
1617 2423 1690 2458 μόνῳ
1701 2423 1740 2458 τῷ
1759 2423 1837 2459 ἀϊδίῳ
1854 2432 1924 2458 συμ-

292 2460 390 2490 Verum
403 2464 426 2492 si
442 2469 514 2492 esset
522 2469 622 2493 aeterna
634 2472 661 2494 et
673 2467 844 2503 incorporea,
864 2470 1022 2504 planissime
1034 2479 1077 2498 rc-

289 2508 408 2544 spiccret
433 2511 591 2545 praedictam
616 2512 799 2547 affectionem,
828 2515 943 2548 scilicet,
966 2521 996 2544 ut
1024 2517 1076 2544 line

290 2555 384 2590 aliquo
404 2556 580 2585 limitaretur.
597 2559 632 2586 At
644 2560 709 2587 mihi
740 2562 883 2596 explanari
904 2563 986 2598 cupio
1005 2571 1076 2598 quo-

289 2602 371 2630 modo
385 2603 513 2632 conditus
529 2604 564 2631 sit
592 2605 721 2639 mundus,
746 2607 768 2634 si
784 2607 908 2635 eamdem
934 2617 995 2635 cum
1023 2609 1076 2636 Deo

289 2647 412 2682 possidet
437 2650 641 2678 aeternitatem?
667 2651 731 2679 Mihi
757 2652 795 2680 ita
818 2653 939 2686 videtur,
967 2660 994 2682 ct
1019 2655 1075 2683 haec

289 2694 426 2721 sententia
443 2695 535 2723 animo
559 2697 647 2734 surgit
670 2705 751 2726 meo:
773 2698 851 2733 Quod
876 2700 980 2735 absque
1008 2705 1078 2728 tem-

290 2747 355 2774 pore
369 2744 413 2768 est
428 2740 470 2768 vel
491 2745 613 2778 tempore
632 2750 718 2779 caret,
733 2753 822 2782 tneque
846 2746 974 2774 conditur
989 2755 1079 2782 neque

1129 2469 1255 2504 ϐέϐηκεν.
1275 2469 1338 2501 Πῶς
1362 2469 1392 2496 δὲ
1421 2469 1452 2496 οὑ
1480 2469 1572 2504 πατὴρ
1595 2469 1707 2505 μᾶλλον.
1721 2469 1737 2505 ἢ
1752 2469 1799 2496 τοῦ
1817 2470 1922 2504 κόσμου

1126 2514 1293 2550 δημιουργὸς
1308 2516 1322 2541 ὁ
1337 2515 1422 2548 Θεός;
1439 2515 1543 2549 γεννῶν
1559 2515 1643 2542 αὑτὸν
1656 2516 1694 2547 ὡς
1705 2515 1783 2550 ἥλιος
1801 2515 1850 2550 τὴν
1871 2516 1922 2541 αὐ-

1127 2560 1190 2595 γὴνέ
1208 2561 1265 2588 ἀλλ’
1280 2562 1329 2596 οὺχ
1354 2561 1391 2593 ὡς
1416 2562 1496 2588 πόλιν
1521 2562 1648 2597 οἰκιστὴς
1678 2561 1873 2597 ἐργαζόμενος.
1890 2562 1922 2588 Εἰ

1129 2607 1182 2643 γὰρ
1200 2608 1248 2634 καὶ
1266 2608 1305 2642 τῷ
1319 2608 1378 2643 Θεῷ
1395 2608 1510 2635 δυνατὸν
1531 2609 1576 2635 ἀεὶ
1594 2610 1693 2640 ποιεῖν,
1709 2608 1768 2635 ἀλλ’
1785 2609 1836 2635 οὐκ
1855 2608 1922 2642 ἡδύ-

1129 2653 1192 2680 νατό
1215 2663 1241 2680 τι
1261 2655 1391 2688 γεννητὸν
1416 2655 1461 2681 ἀεὶ
1475 2653 1546 2681 εἶναι
1566 2654 1614 2681 καὶ
1632 2654 1922 2690 συμπαρεκτείνεσθαι

1132 2702 1164 2735 τῇ
1182 2699 1230 2727 τοῦ
1243 2700 1383 2732 ποιοῦντος
1397 2701 1543 2736 ἀῖδιότητι.
1561 2700 1670 2732 ’Ἄλλως
1682 2709 1712 2727 τε
1726 2700 1774 2728 καὶ
1788 2701 1802 2726 ὁ
1817 2700 1903 2726 εἰπὼν
1913 2719 1922 2732 ,

1132 2747 1312 2782 δημιουργὸν,
1329 2747 1378 2782 οὐχ
1411 2748 1469 2782 ἅμα
1494 2746 1646 2779 συνεισάξει
1670 2746 1863 2782 δημιουργίαν.
1883 2746 1920 2772 Οὐ

955 2844 1071 2871 V'Altle
1090 2843 1292 2872 LECTIONES.

323 2906 331 2933 Ι
347 2908 413 2936 Cod.
433 2909 484 2936 ὑπὸ
494 2911 553 2945 τήν.
