2072 3157
143 164 174 196 23
694 160 965 191 COMMENTARII
986 159 1028 189 IN
1043 159 1226 190 GENESIM.
1746 162 1780 194 34

141 221 192 255 γὰρ
219 218 260 254 τῷ
277 218 413 253 οἰκοδόμῳ
434 217 608 252 συνυπάρχει
626 216 657 243 τὸ
675 215 857 251 οἰκοδόμημα,
870 215 931 241 οὐδὲ

985 214 1126 241 conditum
1144 218 1195 241 est.
1215 214 1244 241 Ei
1268 214 1341 249 quod
1363 222 1418 242 non
1441 215 1581 243 conditttm
1599 220 1651 248 est.
1672 217 1777 244 nullum

139 266 175 301 τῷ
191 264 328 300 ναυπηγῷ
345 265 375 291 es
391 265 505 298 σκάφος.
531 264 563 289 'H
579 262 629 297 μὲν
643 262 697 297 γὰρ
713 261 882 297 δημιουργία
902 262 933 287 ἐν

139 311 174 347 τῷ
199 311 377 346 δημιουργῷ·
398 309 429 337 τὸ
454 310 483 336 δὲ
506 308 705 344 δημιούργημα
725 307 795 342 μετὰ
817 307 862 333 τὸν
887 306 931 341 δη-

141 356 281 392 μιουργόν.
296 355 328 381 El
341 356 400 390 ἃμα
418 355 522 390 κόσμος
535 354 583 380 καὶ
600 353 678 379 οὐδὲν
693 353 801 383 καινὸν,
815 351 875 387 ἅμα
891 351 930 387 τῷ

139 403 232 437 κόσμῳ
246 401 334 428 κακία
346 409 353 415 ·
365 402 390 427 ει
402 400 431 427 δὲ
445 400 536 431 τοῦτο,
549 400 609 434 ἅμα
621 398 682 433 Θεῷ
700 399 716 434 ὴ
729 399 814 424 κακία
827 406 833 412 ·
851 399 898 424 καὶ
912 398 928 433 ἢ

137 448 251 483 ἄναρχος
287 446 359 477 αὕτη
386 445 575 480 παντελῶς,ἢ
606 446 636 479 ἐξ
666 444 760 471 αὑτοῦ.
776 445 877 479 ’Ἄμφω
901 444 929 470 δὲ

138 495 234 521 ἄτοπα.
261 494 293 520 Ει
318 493 376 528 ἃμα
401 492 468 523 Θεὸς
489 492 548 527 ἃμα
569 492 682 527 κόσμος.
709 491 768 526 ἅμα
789 491 855 522 Θεὸς
883 491 930 516 καὶ

137 541 258 575 δαίμονες
287 539 411 574 πονηροί.
429 539 485 566 Καὶ
510 540 535 565 εἰ
569 538 620 572 μὲν
649 537 782 572 οὐσιώδης
812 536 929 572 αὺτῶνή

138 587 239 618 κακία,
260 586 360 618 πόθενς
383 586 415 612 οὐ
442 585 498 620 γὰρ
518 583 631 619 ἀρχαία.
652 584 683 610 Εἰ
713 583 741 610 δὲ
770 583 928 617 ἐπίκτητος,

137 631 175 657 δεῖ
188 631 380 666 προϋπάρχειν
406 630 455 665 τῆς
478 630 577 660 κακίας
592 629 656 660 τοὺς
672 628 782 662 ἐκείνης
799 627 928 663 μετέχον-

137 686 184 708 τας
196 685 202 692 ⁸
231 677 322 703 καίτοι
337 677 394 711 ἅμα
406 676 509 711 κόσμος
525 676 584 710 ἅμα
601 674 686 702 κακία
701 674 850 710 προείρητο
867 672 929 699 κατ’

137 723 245 754 αὐτούς.
261 723 294 749 Et
319 723 378 757 ἅμα.
404 722 470 752 Θεὸς
492 721 550 757 ἅμα
570 721 674 755 κόσμος
685 741 691 752 ,
708 720 768 755 ἅμα
782 719 856 746 ἀπλᾶ
871 718 929 753 ἅμα

137 770 251 796 civilem
265 777 271 784 '
290 769 336 795 καὶ
356 768 416 799 πῶς
436 767 466 799 ἐξ
486 767 600 793 ἐκείνων
620 767 725 798 ταῦτα,
742 767 800 801 ἃμα
827 765 861 791 τὰ
884 765 930 791 δυ-

135 817 214 850 νάμει.
234 815 294 850 ἅμα
320 815 355 842 τὰ
377 814 513 850 ἐνεργείᾳ,
528 814 587 847 ἅμα
607 813 688 848 ἀτελῆ
709 813 767 847 ἅμα
791 812 881 838 τέλεια
895 811 931 838 τὰ

136 862 164 894 ἐξ
191 861 298 888 ἀτελῶν
319 860 461 895 πεφυκότα
486 856 748 892 τελειοῦσθαι;οἷον
775 858 873 893 ἄνδρες
899 858 931 884 ὲκ

134 906 247 938 παίδων,
281 906 385 940 καρποὶ
421 904 476 931 ἀπὸ
508 904 688 940 σπερμάτων,
709 904 838 939 αὐξήσεις
871 903 963 939 tian

136 953 277 986 μειώσεων
289 959 295 965 ι
315 952 373 985 ἅμα
387 951 463 986 ἥλιος
479 951 493 977 ὸ
506 950 619 976 τελειῶν
636 949 669 976 τὰ
683 951 715 976 ὲκ
728 949 797 984 γῆς,
816 949 854 981 ὥς
874 957 923 983 φα-

136 1006 188 1027 σιν,
206 997 264 1032 ἅμα
283 998 374 1024 πάντα
401 997 435 1023 τὰ
460 996 532 1023 κατὰ
557 996 641 1031 μέρος
668 995 828 1030 γεννώμενα
857 993 929 1021 κατὰ

133 1044 258 1078 διαδοχὴν
269 1063 276 1074 ,
291 1043 336 1070 ἵνα
351 1043 436 1078 μηδὲν
453 1042 504 1079 ἔχῃ
520 1041 586 1073 Θεὸς
612 1042 729 1077 δυνάμει
746 1049 751 1055 ·
767 1041 862 1074 λόγους
879 1041 929 1076 μὲν

133 1089 222 1116 αὐτῶν
247 1090 328 1125 ἔχων,
345 1090 394 1124 οὐχ
413 1089 471 1124 ἅμα
490 1089 519 1116 δὲ
538 1088 714 1124 δημιουργῶν
729 1088 762 1114 τὰ
783 1087 844 1114 καθ’
864 1087 929 1113 ἕκα-

134 1144 206 1162 στον·
226 1135 305 1161 ἔσται
325 1135 354 1161 δὲ
369 1135 415 1161 καὶ
430 1135 488 1170 ἅμα
505 1134 572 1166 Θεὸς
588 1134 646 1169 ἅμα
661 1133 762 1169 κρίσις,
780 1133 848 1166 εῐτγε
866 1131 936 1167 κρίέ

133 1190 204 1213 eam;
234 1181 264 1208 τὺ
290 1181 452 1216 δεσμεῖσθαι
475 1182 531 1211 τοῖς
555 1180 688 1214 σώμασι·
704 1178 751 1205 καὶ
773 1178 850 1204 ἔσται
876 1178 930 1213 πρὸ

131 1227 179 1253 τοῦ
194 1227 299 1261 κόςμου
355 1227 456 1261 κρίσις.
473 1226 504 1252 ΕΞ
525 1226 584 1259 ἅμα
600 1225 666 1256 Θεὸς
679 1224 738 1260 ἅμα
755 1225 868 1260 κόσμος,
884 1225 930 1251 οὺ-

134 1273 178 1299 δὲν
192 1273 286 1299 καινὸν
311 1274 340 1298 ὲν
362 1271 400 1307 τῷ
419 1273 525 1308 κόσμῳ,
538 1272 587 1306 τῆς
605 1271 778 1306 εἱμαρμένης
793 1271 854 1297 καθ’
868 1272 932 1297 ἐαυ-

131 1318 181 1353 τὴν
197 1319 312 1354 προνοίᾳ
331 1317 583 1352 συμπεπλεγμένης
593 1338 600 1350 ,
614 1317 662 1343 καὶ
673 1316 726 1342 τῶν
737 1317 931 1343 ἀποκαταστά-

133 1372 202 1390 σεων
212 1365 256 1390 ἀεὶ
267 1364 428 1399 γινομένων,
436 1364 483 1390 καὶ
492 1363 575 1399 μηδὲν
585 1362 657 1394 εἰκὸς
667 1362 679 1382 k
687 1362 853 1398 ὲκπεριόδων
861 1363 933 1388 ἀττα-

133 1409 293 1444 ραλλάκτως
318 1410 365 1437 καὶ
383 1410 478 1444 γέγονε
494 1409 543 1436 καὶ
555 1409 715 1445 γενήσεται·
730 1408 824 1435 τοῦτον
839 1408 934 1434 νεώτε-

133 1464 180 1491 ρον
195 1454 267 1483 εἷναί
281 1465 372 1490 φασιν,
387 1456 412 1483 εἰ
430 1456 488 1490 ἅμα
503 1455 580 1486 Θεὸς.
594 1455 653 1489 ἅμα
667 1454 701 1480 τὰ
719 1454 808 1480 πάντα
820 1453 898 1487 ὁμοῦ.

984 259 1198 294 licetassignare
1208 261 1384 295 principium.
1401 261 1452 289 Sed
1464 261 1536 290 Deus
1550 263 1626 290 solus
1643 263 1778 299 principio

984 310 1218 340 caret,utcunqne
1228 306 1456 341 significationem
1469 309 1595 344 principii
1609 311 1779 344 eapias,sive

985 355 1013 377 nt
1022 359 1146 383 causata,
1156 352 1215 379 sive
1225 356 1254 379 ut
1265 357 1448 388 tempus,quae
1458 354 1508 382 soli
1520 359 1623 382 aeterno
1637 357 1776 384 accidunt.

983 397 1090 423 Atcnint
1097 397 1166 425 Deus
1173 398 1345 425 commodius
1354 398 1492 426 diceretur
1501 405 1588 435 paler.
1596 409 1677 435 qualn
1686 402 1778 436 opifex

984 443 1089 473 mundi,
1097 450 1159 469 cum
1169 443 1242 469 hunc
1249 445 1422 478 generaverit
1431 453 1486 472 non
1500 453 1581 473 secus
1591 454 1623 473 ac
1635 447 1675 474 sol
1686 449 1778 482 splen-

984 488 1090 518 dorem,
1104 496 1154 514 nec
1171 493 1200 515 ut
1213 489 1380 517 architectus
1395 490 1464 517 solet
1479 492 1652 519 constituere
1669 494 1776 520 urbem.

984 533 1060 561 Licet
1087 533 1141 561 Deo
1170 535 1301 570 possibile
1325 536 1360 562 sit
1384 544 1493 571 semper
1518 545 1633 570 creare,
1655 543 1778 566 attamen

985 581 1155 614 impossibile
1175 588 1218 608 est
1235 586 1392 609 creaturam
1410 583 1529 618 aliquam
1549 591 1632 618 esse,
1651 593 1712 620 quae
1728 594 1778 621 pro

984 627 1135 653 aeternitate
1149 635 1211 654 cutn
1226 627 1281 655 Deo
1294 630 1454 661 contendat,
1471 634 1498 656 et
1510 638 1617 665 semper
1629 632 1776 659 exstiterit.

984 671 1118 700 Praeterea
1130 674 1153 700 si
1168 675 1305 709 quispiam
1321 675 1424 702 dixerit
1441 685 1448 703 :
1465 676 1608 711 Opilicetn,
1625 686 1679 705 non
1693 679 1774 705 simul

984 726 1047 746 cum
1064 720 1161 754 opitice
1176 724 1203 747 et
1220 729 1291 756 opus
1307 722 1334 748 in
1349 727 1526 757 conspectum
1542 724 1680 758 producit.
1699 721 1776 751 “aud

984 765 1055 792 enim
1075 766 1156 792 simul
1174 774 1237 793 Cllm
1254 768 1407 796 architecto
1422 774 1449 796 et
1473 769 1572 797 domus
1585 789 1592 801 ,
1611 776 1673 796 eum
1689 770 1776 797 l'abti-
1811 765 1816 797 ἕ

984 815 1078 837 catore
1095 812 1205 838 navium
1226 816 1252 838 et
1265 814 1344 841 navis
1359 814 1500 842 consistit.
1517 814 1570 841 Sed
1585 823 1628 842 ars
1642 816 1775 850 operandi
1813 804 1815 813 ’

985 855 1012 882 in
1025 856 1131 884 artillce
1142 857 1183 883 Vel
1193 857 1292 892 opitice
1303 859 1356 885 sita
1366 864 1420 886 est.
1431 860 1459 886 Si
1474 860 1556 887 simul
1571 859 1641 887 Deus
1655 866 1682 887 et
1695 870 1776 889 mun-

983 901 1047 934 dus,
1063 902 1132 928 nihil
1151 903 1212 929 novi
1232 903 1429 939 dcprompsero
1450 905 1473 932 si
1491 906 1532 933 sic
1551 906 1690 933 inferam:
1707 906 1775 934 Pec-

981 953 1074 974 catum
1091 949 1174 975 simul
1189 957 1250 976 cum
1268 951 1372 977 ntundo
1390 956 1441 978 est.
1459 951 1537 984 Quod
1561 952 1653 978 siliuc
1667 953 1775 979 veritati

982 1001 1037 1019 non
1048 998 1191 1028 repugnat,
1204 999 1278 1022 certe
1292 1000 1419 1023 occurret.
1431 996 1482 1023 hoc
1495 997 1673 1030 consequituu
1685 1005 1691 1022 :
1704 996 1775 1032 Ergo

983 1043 1124 1072 peccatum
1146 1040 1227 1066 simul
1248 1047 1309 1066 cum
1325 1040 1380 1068 Deo
1395 1044 1449 1073 est,
1467 1042 1508 1068 vel
1533 1041 1587 1068 Deo
1604 1047 1774 1069 coaeternutn

982 1091 1034 1113 est.
1048 1085 1193 1112 Peccatum
1217 1087 1308 1121 itaque
1334 1087 1439 1114 carebit
1464 1088 1613 1122 principio,
1627 1093 1654 1115 et
1670 1097 1702 1115 cx
1721 1089 1775 1116 ι)εο

979 1131 1041 1158 erit.
1057 1131 1211 1167 Utrumque
1225 1141 1289 1160 vero
1306 1133 1537 1161 absurdissimum
1555 1139 1678 1169 apparet.
1703 1134 1776 1163 Prae.-

980 1182 1055 1205 terca
1086 1179 1126 1205 sic
1155 1179 1249 1205 licebit
1276 1180 1464 1214 argumentari
1491 1189 1497 1206 :
1534 1179 1561 1206 Si
1594 1180 1666 1207 Deus
1692 1181 1774 1208 simul

981 1231 1043 1251 cum
1061 1224 1162 1251 mundo
1181 1225 1221 1251 vel
1249 1225 1351 1251 mundo
1374 1233 1483 1252 comvus
1506 1230 1559 1257 est,
1586 1226 1659 1253 Deus
1673 1230 1700 1252 et
1719 1226 1774 1253 dae-

982 1278 1078 1297 mones
1094 1271 1157 1297 mali
1171 1276 1254 1297 erunt
1269 1271 1364 1298 comvi.
1379 1271 1411 1298 Et
1427 1271 1450 1299 si
1467 1272 1622 1298 daemonum
1638 1272 1773 1299 malorum

983 1317 1086 1343 tnalitia
1103 1325 1156 1343 non
1177 1317 1304 1351 privatio,
1322 1318 1369 1344 sed
1392 1318 1515 1353 quaedam
1541 1318 1696 1345 substantia
1711 1326 1775 1345 cen-

985 1369 1073 1395 setur,
1096 1363 1141 1390 dic
1165 1363 1232 1390 mihi
1257 1372 1318 1399 qua:
1337 1365 1374 1391 sit
1402 1365 1516 1391 malitiae
1539 1365 1581 1392 vel
1602 1365 1707 1399 peccati
1727 1372 1775 1391 e0-

986 1416 1048 1435 rnm
1062 1409 1162 1443 origo?
1181 1409 1240 1436 Non
1254 1410 1327 1436 enim
1347 1409 1388 1444 (ut
1405 1411 1521 1437 tnultum
1537 1410 1711 1445 quaeritando
1721 1414 1777 1437 tor-

991 1455 1129 1490 quearis),
1141 1456 1231 1490 prisca
1239 1456 1281 1483 vel
1297 1457 1412 1491 antiqua
1428 1461 1472 1484 est
1488 1457 1550 1491 ejus
1567 1457 1606 1484 rei
1620 1457 1709 1492 origo.
1727 1455 1773 1490 Sin

131 1509 199 1528 vero
214 1501 326 1528 aliunde
344 1506 490 1536 peccatum
506 1509 555 1528 seu
580 1501 712 1527 malitiam
731 1506 893 1527 contraxere
907 1499 1046 1528 dtcmoncs
1059 1502 1134 1532 mali,
1162 1510 1277 1529 necesse
1290 1506 1333 1530 cst
1349 1502 1453 1529 fuerint
1481 1503 1540 1530 sive
1574 1503 1775 1530 antecesserint

132 1549 219 1583 aliqui
233 1549 354 1583 ejusdem
372 1548 477 1583 peccati
494 1547 535 1574 vel
552 1547 663 1574 malitias
684 1546 842 1581 participes.
863 1545 963 1572 Verum
981 1554 1066 1581 supra
1085 1548 1190 1574 dictum
1207 1552 1249 1576 est
1268 1556 1283 1575 a
1306 1548 1410 1577 Graecis
1432 1549 1564 1576 mundum
1590 1553 1618 1576 et
1641 1548 1774 1575 malitiam

133 1599 274 1622 comtcrua
292 1595 334 1621 vel
350 1594 433 1622 simul
448 1598 495 1620 aut
509 1601 562 1620 una
578 1593 675 1620 fuisse.
696 1592 725 1619 Si
741 1593 822 1620 simul
838 1592 909 1619 Deus
927 1597 954 1619 et
972 1594 1104 1624 tnumius.
1126 1595 1210 1621 simul
1231 1595 1370 1630 simplicia
1389 1600 1416 1622 et
1435 1595 1592 1630 composita
1614 1598 1709 1622 erunt.
1727 1593 1776 1621 Vc.

133 1649 195 1668 rum
217 1649 270 1676 qua
284 1641 394 1667 ratione
408 1648 440 1667 cx
456 1639 631 1673 simplicibus
644 1638 798 1672 composita
811 1637 1026 1664 conﬂabttntur?
1040 1639 1199 1666 Secundino
1223 1640 1294 1667 hanc
1311 1641 1447 1667 rationem
1465 1641 1533 1667 nihil
1551 1640 1696 1667 obstaculo
1709 1639 1774 1670 crit,

132 1689 199 1722 quin
216 1687 299 1715 simul
313 1687 404 1713 futura
419 1686 474 1713 sint
486 1693 518 1712 ea
533 1693 595 1720 qua:
611 1685 734 1719 potentia
750 1689 776 1711 et
789 1691 850 1718 quae
861 1683 960 1710 cll‘cctu
976 1689 1126 1712 censentur
1141 1695 1146 1711 :
1160 1686 1243 1712 simul
1257 1689 1340 1712 erunt
1352 1686 1472 1720 perfecm
1486 1692 1513 1713 et
1528 1685 1697 1720 imperfecta,
1713 1692 1775 1719 quin

131 1743 164 1771 ex
187 1733 321 1768 perfectis
339 1733 428 1760 solent
447 1732 517 1764 ﬁeri,
542 1737 572 1759 ut
587 1732 638 1758 viri
656 1732 703 1766 qui
727 1739 761 1758 ex
778 1731 882 1765 pueris,
899 1735 928 1756 ut
949 1731 1056 1758 fructus
1071 1733 1116 1766 qui
1140 1740 1173 1759 ex
1196 1733 1362 1767 seminibus,
1399 1737 1428 1760 ιιι
1450 1733 1619 1760 incrementa
1644 1739 1706 1767 qua:
1740 1739 1773 1759 ex

132 1778 370 1806 dnninutionibus
393 1775 549 1812 promoveri
577 1781 784 1802 consueverunt
808 1784 815 1802 :
843 1775 924 1801 simul
945 1780 1026 1802 erunt
1042 1776 1083 1803 sol
1109 1777 1140 1803 ad
1164 1778 1351 1805 maturitatem
1370 1778 1411 1813 (ut
1425 1779 1503 1805 aiunt
1535 1778 1634 1813 Grani)
1668 1778 1772 1813 perdu-

132 1833 199 1851 ςιῚις
226 1824 319 1851 omnia
346 1830 406 1857 qua:
431 1830 447 1849 e
471 1825 545 1848 terra
566 1821 742 1855 proveniunt,
764 1823 791 1846 ct
815 1827 848 1847 ca
865 1827 927 1854 qua:
947 1821 1138 1848 maturitatem
1155 1823 1302 1857 recipiunt,
1319 1823 1384 1850 dum
1401 1824 1507 1850 nullntn
1544 1825 1586 1851 his
1626 1825 1773 1860 pellectio-

133 1873 177 1899 nis
193 1870 359 1899 conceditur
372 1873 500 1902 templis:
524 1866 606 1893 simul
632 1871 715 1893 erunt
737 1866 830 1893 omnia
851 1874 915 1900 (pm
932 1866 1124 1900 particulatim
1151 1873 1334 1902 generantur.
1351 1873 1380 1896 et
1411 1878 1472 1905 quae
1492 1871 1669 1898 successione
1702 1878 1772 1905 qua-

132 1918 197 1944 dam
214 1916 364 1943 essentiam
381 1914 546 1942 sortiuntur.
565 1911 639 1938 Nihil
660 1912 743 1946 igitur
767 1911 821 1938 Deo
841 1912 959 1946 relinqui
980 1912 1140 1946 fatebimur,
1157 1915 1179 1941 si
1214 1915 1256 1942 sic
1274 1915 1314 1947 lit.
1344 1921 1442 1951 praeter
1472 1917 1575 1943 nudam
1604 1917 1770 1951 potentiam:

134 1963 248 1989 habebit
265 1962 374 1996 quidem
389 1961 415 1987 in
430 1967 459 1987 se
474 1959 597 1987 omnium
620 1959 737 1986 istorum
752 1958 928 1986 deﬁnitiones
947 1962 974 1986 et
994 1961 1127 1994 rationes,
1152 1969 1206 1988 non
1231 1967 1320 1990 tamen
1343 1963 1424 1990 simul
1441 1965 1550 1998 singula
1584 1964 1697 1991 creandi
1734 1964 1768 1990 la-

133 2009 238 2035 cultate
251 2007 377 2042 pollebit.

170 2055 278 2083 Οὔκοῧν
292 2054 404 2085 εἰκότως
415 2055 428 2080 ὁ
442 2053 561 2088 Μωῡσῆς
572 2053 636 2084 τοὺς
652 2052 765 2080 ἐκείνων
778 2053 814 2087 (α)
828 2052 924 2082 ὕθλους
939 2054 960 2081 G

133 2102 182 2129 καὶ
198 2101 249 2132 τὰς
268 2100 377 2131 ἀσεὸεἶς
400 2100 448 2126 καὶ
464 2100 616 2134 θεομάχους
639 2099 742 2130 ἑννοίας
756 2099 925 2130 καταλιπὼν,

136 2158 145 2173 ι
174 2147 219 2173 Ἐν
234 2147 306 2181 ἀρχῇ
321 2165 328 2177 ,
344 2145 425 2180 φησιν
436 2166 443 2176 ,
456 2145 470 2171 ὸ
483 2144 548 2175 Θεὸς
563 2144 675 2179 ἐποίησε
690 2144 736 2170 τὸν
749 2144 865 2179 οὐρανὸν
881 2144 928 2169 καὶ

132 2194 184 2228 τὴν
203 2192 268 2227 γῆν.
291 2202 300 2217 ι
331 2191 413 2217 Ἀλλὰ
428 2190 483 2225 γὰρ
496 2190 537 2216 ἔτι
549 2210 557 2222 ,
574 2190 638 2224 πρίν
661 2198 687 2216 τι
699 2189 772 2216 κατὰ
790 2190 874 2225 μέρος
890 2191 928 2216 εὶ-

132 2241 208 2271 πεῖν,
227 2237 356 2264 τοσοῦτον
383 2236 608 2271 ἐπισημήνασθαι
625 2235 677 2271 χρὴ
692 2255 699 2266 ,
717 2235 754 2267 ὡς
779 2235 810 2262 οὐ
836 2236 928 2269 πάσης

130 2284 317 2320 δημιουργίας
339 2284 449 2318 μνήμην
468 2283 482 2308 ὁ
499 2283 674 2317 συγγραφεὺς
689 2282 754 2316 ἡμῖν
769 2283 926 2317 ἐποιήσατο,

131 2330 198 2358 οὒτε
212 2330 269 2365 γὰρ
283 2329 427 2363 ἀγγέλους,
445 2327 507 2354 οὒτε
520 2328 617 2363 νοερὰς
631 2327 763 2361 δυνάμεις
775 2326 926 2360 ὠνόμασεν.

132 2377 164 2402 ΟΞ
191 2375 243 2411 μέν
264 2382 332 2408 φασι
358 2373 396 2408 τῷ
415 2373 608 2409 πρεσϐυτέρας
638 2371 763 2398 ἐκτίσθαι
786 2371 864 2397 τοῦδε
883 2371 928 2397 τοῦ

132 2422 252 2456 κόςμου,
269 2421 294 2446 οἱ
312 2419 340 2446 δὲ
354 2419 393 2454 τῷ
413 2418 588 2445 συνεκτισθαι
601 2418 640 2452 τῷ
653 2417 748 2452 κόσμῳ
766 2418 820 2443 πᾶν
834 2417 929 2452 νοητόν

132 2478 164 2495 τε
194 2469 242 2494 καὶ
263 2466 404 2501 αἰσθητόν.
420 2466 496 2500 Ἀμα
522 2465 576 2499 γὰρ
595 2463 634 2499 τῷ
647 2463 711 2494 τοὺς
734 2463 868 2496 ἀγγέλους
883 2463 929 2489 οὐ-

135 2514 212 2548 ρανῷ
241 2512 415 2548 περιέχοντι,
453 2510 499 2537 καὶ
540 2510 604 2541 τοὺς
645 2509 691 2548 ὕει’
719 2508 802 2535 αὑτοῦ
838 2517 931 2544 περιε-

132 2559 269 2594 χομένους
309 2556 484 2593 συνεισῆχθαί
523 2564 617 2590 φασιν.
653 2555 760 2590 ’Ὠσπερ
789 2554 843 2588 γὰρ
879 2555 929 2580 οὑκ

133 2606 291 2640 ὀνομάσας,
317 2603 387 2640 ἀέρα
406 2603 453 2631 καὶ
471 2602 527 2638 πῦρ
544 2603 599 2634 τοῖς
628 2601 726 2637 ἄκροις
752 2601 787 2627 τὰ
817 2601 889 2636 μέσα
906 2602 930 2620 ιι*

1013 2050 1110 2077 Merito
1126 2052 1212 2085 igitur
1233 2051 1323 2080 Moses
1340 2053 1422 2087 nugis
1437 2061 1532 2080 eorum
1553 2054 1648 2088 impiis
1672 2059 1698 2082 et
1718 2055 1772 2082 Dco

981 2097 1193 2125 adversantibus
1217 2089 1435 2132 cogitationibus
1456 2099 1598 2133 sepositis,
1620 2107 1629 2124 ι
1644 2099 1673 2125 ln
1693 2101 1771 2134 prin-

981 2143 1066 2177 cipio,
1097 2144 1197 2177 inquit,
1235 2144 1307 2171 Deus
1344 2144 1411 2171 fecit
1439 2144 1539 2170 etelnm
1575 2148 1602 2171 et
1625 2149 1737 2173 terram.
1759 2155 1767 2170 ι

981 2189 1083 2217 Verum
1101 2191 1263 2225 priusquam
1283 2192 1386 2226 aliquid
1408 2192 1557 2226 specialius
1572 2192 1708 2224 dicamus,
1726 2193 1765 2219 in-

981 2235 1074 2263 dicare
1090 2240 1198 2270 oportet
1216 2236 1288 2270 quod
1304 2244 1360 2263 non
1381 2237 1504 2264 omnium
1532 2237 1705 2271 opilieiorum
1722 2245 1771 2264 att-

981 2286 1042 2309 ctor
1060 2283 1226 2311 mentionem
1246 2283 1352 2311 fecerit.
1380 2283 1475 2318 Neque
1495 2284 1569 2311 enim
1597 2284 1768 2318 angelorum,

979 2335 1069 2363 neque
1082 2328 1314 2357 intellectualium
1329 2330 1464 2357 virtutum
1484 2330 1619 2362 meminit,
1637 2330 1718 2364 idque
1736 2338 1766 2356 ex

979 2375 1162 2409 quorumdam
1177 2376 1328 2410 sententia,
1344 2384 1377 2403 eo
1394 2375 1467 2411 quod
1479 2380 1543 2403 ante
1558 2376 1690 2403 mundum
1705 2384 1770 2402 con--

980 2413 1050 2447 diue
1065 2420 1119 2448 illa:
1134 2420 1248 2453 fuerint,
1262 2429 1296 2448 ex
1315 2421 1433 2449 aliorum
1449 2429 1525 2453 vero,
1537 2421 1612 2456 quod
1634 2428 1687 2448 una
1707 2429 1769 2447 ctnn

981 2465 1084 2491 mundo
1113 2466 1207 2492 omnia
1235 2466 1378 2493 sensibilia
1405 2471 1432 2493 et
1466 2465 1652 2501 intelligibilia
1678 2471 1770 2493 creata

985 2510 1051 2538 sint.
1071 2510 1171 2538 Dicunt
1195 2512 1270 2538 enim
1290 2520 1344 2539 una
1367 2520 1429 2539 cutn
1447 2511 1518 2539 Caelo
1553 2512 1667 2547 angelos
1692 2520 1769 2539 com-

984 2557 1076 2592 plexo,
1101 2558 1151 2586 hos
1177 2559 1260 2586 etiam
1285 2559 1356 2587 ccelo
1376 2559 1592 2593 comprehensos
1621 2558 1770 2592 productos

984 2603 1082 2633 fuisse.
1102 2603 1339 2637 Quemadmodum
1365 2605 1437 2632 enim
1462 2612 1514 2633 nec
1538 2612 1628 2632 aerem
1648 2605 1772 2638 igncmve

776 2682 894 2709 VARH‘Z
907 2682 1109 2712 LECTIONES.

172 2746 186 2766 ⁸
286 2744 410 2781 μηδικός.
450 2744 474 2764 ι’
489 2743 520 2771 C.
536 2743 570 2771 Ν.
588 2743 623 2769 τὰ
641 2742 707 2773 ἴσως
726 2741 840 2777 μεταξὺ.

898 2784 1015 2812 NOTAE.

174 2837 212 2870 (ιι)
231 2837 380 2862 Ἐκείνων.
398 2834 529 2868 lntclligit
546 2834 610 2864 τοὺς
635 2832 688 2870 τῷν
714 2832 849 2866 Ἑλλήνων
871 2831 979 2864 παῖδας,
1012 2840 1083 2867 quos
1108 2837 1196 2866 vocat,
1231 2840 1349 2868 quorum
1373 2831 1538 2860 sententiam
1574 2831 1607 2858 dc
1629 2831 1769 2859 creatione

135 2868 193 2900 Deo
205 2868 357 2902 coaeterua,
376 2873 402 2898 iu
415 2869 643 2897 antecedentibus
657 2868 876 2903 impugnavcrat.
