2072 3157
169 195 203 226 37
722 193 991 224 COMMENTARII
1013 193 1054 224 ΙΝ
1072 193 1255 223 GENESIM.
1773 195 1808 229 38

169 249 323 285 οἰκοδομεῖν
338 249 494 285 ἀρχόμενος
517 248 626 284 πρῶτον
644 250 718 276 ποιεῖ
732 250 763 276 τὸ
779 250 916 285 θεμέλιον.
929 250 966 276 Ἣ

1019 248 1066 284 qui
1084 249 1197 276 domum
1226 252 1371 276 exstruere
1398 248 1508 285 incipit,
1541 249 1630 285 primo
1642 249 1705 278 loco
1731 253 1809 287 ponit

170 295 260 332 ἀρχὴν
273 295 322 322 τοῦ
337 295 442 330 κόσμου
458 296 525 331 φησὶ
539 296 589 330 τὴν
604 295 653 322 τοῦ
674 296 842 331 Ποιήσαντος
858 296 965 331 τέχνηνδ

170 341 244 378 ἁρχὴ
267 342 322 377 γὰρ
342 341 476 377 τεχνικῶν
492 341 581 377 ἔργων
598 342 615 376 ἠ
630 341 726 376 τέχνη,
741 341 778 372 ὼς
793 342 809 376 ἡ
825 342 905 376 σοφία
919 341 966 368 τοῦ

172 387 306 423 Βεσελεὴλ
318 388 366 414 τοῦ
381 388 446 423 περὶ
459 387 508 423 τὴν
523 387 624 423 σκηνὴν
639 388 754 422 κόσμου.
771 388 806 414 Ἦ
821 388 871 415 Ἑν
887 387 967 422 ἀρχῇ

172 442 241 469 φησι
262 435 294 460 τὸ
318 433 388 468 πρὸς
403 433 480 463 τέλος
503 433 604 467 ἀγαθὸν
633 433 776 467 γεγονέναι
800 434 942 469 σημαίνων
958 442 965 450 ο

171 480 231 513 εἴγε
253 478 451 514 παιδευτήριὸν
467 479 524 505 ἐστι
537 479 632 513 ψυχῶν
643 500 650 511 ,
666 479 704 510 ὡς
719 479 904 515 ὲλεημοσὺνης
916 481 966 516 ἀρ-

171 526 223 561 χὴν
237 525 286 552 τοῦ
298 525 366 552 Θεοῦ
378 525 496 560 λέγομεν
510 525 560 560 τὴν
573 525 718 561 ἀποδοχὴν,
734 526 781 552 καὶ
794 526 844 562 τὴν
862 527 967 553 ἐκεῖθεν

174 572 378 607 μακαριότητα.
401 572 484 603 Ἴσως
507 571 536 597 δὲ
560 571 651 607 ἀρχὴν
674 571 705 598 1:6
729 571 844 606 ἄχρονον
868 573 914 599 καὶ
937 573 967 600 τὸ

172 618 319 652 ἀκαριαῖον
343 617 457 644 ἐκάλεσε
480 617 530 651 τῆς
553 616 748 652 δημιουργίας.
768 617 812 649 Ὠς
826 618 882 652 γὰρ
895 618 967 653 ἀρχὴ

172 663 234 689 ὀδοῦ
245 663 295 698 οὐχ
310 663 379 694 ὁδὸς.
403 662 510 698 ἀμερὴς
526 663 580 698 γὰρ
596 663 613 698 ἡ
627 663 697 698 ἀρχή
713 671 720 678 ·
736 663 797 689 οὐδὲ
810 664 857 690 τοῦ
869 664 966 698 χρόνου

172 710 189 743 ὴ
211 709 284 744 ἁρχὴ
307 708 414 743 χρονος.
435 707 466 734 Et
487 708 542 743 γὰρ
562 708 660 743 χρόνος
683 709 724 739 εὶς
744 709 779 735 τὰ
800 708 848 734 τοῦ
870 709 966 744 χρόνου

172 755 377 790 διαιρεθήσεται
406 755 489 790 μέρη,
524 754 571 780 καὶ
602 754 658 787 ἔξει
683 753 766 780 πάλιν
797 754 894 790 ἀρχὴν,
919 755 967 781 καὶ

172 800 253 826 τοῦτο
276 800 320 826 ἐπ’
343 799 477 835 ἄπειρον
499 799 589 835 ἀρχὴν
616 800 645 826 δὲ
667 800 756 836 ἀρχῆς
776 802 967 835 προσεπινοεῖν

173 846 245 878 ἄγαν
261 845 416 878 ἀλόγιστον.
430 845 511 881 Δηλοί
522 843 570 872 οὗν
584 845 622 877 ὡς
636 845 695 881 ἅμα
709 846 738 872 δὲ
751 845 816 878 Θεὸς
828 846 966 883 ἠϐουλήθη

174 892 222 918 καὶ
245 891 343 925 γέγονε
363 891 399 918 τὰ
419 891 564 926 γενόμενα.
580 892 714 927 Σημαίνει
735 892 764 919 δέ
782 901 848 919 ποτε
873 893 904 920 τὸ
918 894 967 930 τῆς

172 937 271 972 ἀρχῆς
281 938 367 973 ὄνομα
375 937 425 973 τὴν
437 937 585 973 βασιλείαν,
596 936 664 974 ἴναῇ
676 939 723 964 καὶ
735 938 853 965 ἐνταῦθα
864 939 904 965 ὅτι
914 939 960 974 βα’

175 984 266 1015 aula-2i;
277 983 315 1009 ὣν
328 984 375 1010 καὶ
386 983 562 1019 ἒξουσιαστης
573 983 708 1019 πεποίηκε
726 984 786 1010 τόδε
797 984 827 1010 τὸ
840 985 895 1011 πᾶν
918 986 968 1012 οὐκ

173 1030 322 1064 ἀλλαχόθεν
329 1030 377 1064 τὴν
385 1029 452 1064 ὕλην
461 1029 551 1056 λαϐὼν
558 1030 627 1061 ἀλλ’,
637 1030 695 1065 ἅμα
705 1031 762 1061 τοῖς
771 1031 854 1057 εἴδεσι
865 1031 912 1057 καὶ
919 1032 968 1066 τὴν

173 1076 358 1110 ὑποκειμένην
371 1075 438 1110 ῦλην
448 1076 488 1107 εἰς
501 1076 532 1102 τὸ
546 1074 616 1102 εἷναι
628 1075 800 1111 παρήγαγεν.
826 1077 871 1104 Ἐν
885 1077 914 1103 δὲ
928 1077 968 1113 τῷ

181 1121 319 1156 Ἐϐραῖκῷ
329 1123 346 1156 η
358 1121 437 1155 ἁρχὴ
453 1121 592 1155 κεφαλὴν
602 1121 731 1156 σημαίνει
740 1123 787 1148 καὶ
797 1121 908 1150 δύναται
921 1123 968 1150 οὑ-

175 1167 257 1202 ρανδν
266 1167 313 1193 καὶ
322 1167 370 1201 τὴν
377 1167 428 1202 γῆν
437 1166 535 1202 πρῶτα
543 1166 608 1192 ὅντα
618 1166 734 1202 τὼνὸρω
738 1167 827 1202 μένων
837 1168 968 1203 δημιουρ-

174 1213 287 1247 γήματα
307 1212 429 1247 κεφαλὴν
443 1212 546 1243 καλεῖν,
561 1211 655 1247 ὧσπερ
670 1212 776 1247 κεφαλὴ
798 1213 925 1247 σώματος
937 1213 968 1239 οὺ

173 1258 207 1292 τῇ
220 1257 296 1284 θέσει
323 1258 416 1292 μόνον,
443 1257 514 1283 ἀλλὰ
532 1257 579 1284 καὶ
593 1258 626 1292 τῇ
643 1257 769 1292 αξσθήσει
792 1258 840 1284 καὶ
854 1259 888 1294 τῇ
911 1258 967 1294 ζωῇ

173 1302 414 1338 ὴγεμονικώτερα.
429 1303 485 1338 Τῆς
499 1302 549 1338 μὲν
564 1302 611 1330 οὖν
626 1303 743 1335 κτίσεως
760 1304 774 1330 ὁ
790 1305 909 1340 Μωῡσῆς
922 1305 968 1331 λέ-

174 1357 218 1382 γει
232 1348 268 1374 τὰ
286 1348 383 1384 πρῶτα
401 1349 545 1383 γεγονότα,
561 1349 606 1376 τὸν
618 1349 646 1376 δὲ
664 1350 817 1384 ποιήσαντα
832 1351 885 1386 πρὸ
899 1351 968 1378 πάν-

173 1403 230 1420 των
240 1394 380 1429 ἠϐουλήθη
395 1394 515 1421 νοεῖσθαι
538 1395 593 1421 τῶν
607 1395 761 1429 γεγονότων
775 1415 782 1427 ,
798 1396 829 1423 οὺ
846 1396 968 1433 μετρικῷ

173 1449 228 1466 τινι
255 1440 422 1475 διαστήματι
445 1441 668 1476 προϋπάρχοντα.
700 1441 738 1468 Οὐ
770 1441 884 1469 δυνατὸν
914 1442 969 1477 γὰρ

174 1485 253 1521 ἀϊδίῳ
265 1485 436 1521 μετρηθῆναι
446 1487 496 1521 τὴν
508 1486 637 1520 ὓπαρξιν.
647 1487 789 1522 Ἐδιδὰχθη
802 1487 830 1514 δὲ
840 1488 888 1514 τοῦ
898 1488 968 1515 Θεοῦ

175 1531 205 1558 τὸ
220 1532 318 1562 ἀΐδιον.
339 1533 368 1558 ὲν
385 1533 487 1568 Χωρὴϐ
511 1533 633 1564 εἰπόντος
649 1533 740 1569 αὐτῷ·
763 1543 773 1559 ‹
795 1533 864 1568 Ἐγὼ
882 1535 938 1570 ειμι
954 1535 969 1560 ὀ

175 1577 223 1609 ὥν,
243 1587 252 1603 ›
278 1577 338 1612 μεθ’
359 1577 373 1604 ὃ
398 1578 447 1614 τὴν
470 1578 612 1614 παροῦσαν
630 1580 739 1615 γραφὴν
762 1580 964 1615 παρεστήσατο.

176 1624 222 1658 Μὴ
240 1623 335 1658 μαθὼν
355 1624 410 1658 γὰρ
424 1624 471 1650 τὸν
487 1623 563 1656 Θεὸν,
584 1624 644 1656 πῶς
665 1624 698 1651 ἂν
717 1624 769 1660 ἔφη
796 1625 843 1651 τοῦ
868 1625 966 1657 παντὸς

175 1668 360 1704 δημιουργόν;
378 1668 395 1703 ἢ
409 1668 468 1700 πῶς
491 1669 554 1700 τοὺς
578 1669 743 1703 ἀγνοοῦντας
765 1669 905 1696 ἐδίδασκεν
926 1670 967 1696 ὃτι

175 1715 306 1750 ἐποίησεν
328 1717 342 1741 ὁ
366 1715 451 1747 Θε6ς;
473 1715 530 1741 Νῦν
551 1715 580 1741 δὲ
600 1715 638 1745 ὼς
662 1715 756 1748 εἰδόσι,
777 1716 870 1750 φησιν⁹
893 1716 931 1747 ὡς
953 1717 967 1742 ὁ

176 1760 242 1792 Θεὸς
257 1760 286 1787 ὃν
303 1760 404 1794 ἔγνωτε
418 1760 452 1786 δι’
466 1758 535 1794 ἐμοῦ
551 1759 589 1791 ὡς
600 1759 685 1792 ἁῖδιὸς
696 1761 780 1791 ἐστιν1
799 1761 837 1792 ὼς
852 1759 894 1787 ὢν
908 1779 915 1793 ,
930 1760 967 1792 ὡς

177 1807 270 1842 μόνος,
283 1803 360 1837 οὗτος
374 1805 453 1839 δόξαν
468 1805 501 1841 (Ι)
520 1804 594 1840 αὺτῷ
610 1806 656 1832 τὸν
669 1806 782 1841 οὐρανὸν
793 1805 906 1840 ἐποίησε
920 1805 968 1832 καὶ

175 1853 225 1887 τὴν
237 1853 301 1888 γῆν.
313 1852 368 1879 Καὶ
379 1851 426 1878 τὸν
438 1852 534 1887 χρόνον
543 1851 573 1878 δὲ
590 1852 655 1886 ἡμῖν
671 1851 741 1886 μετὰ
754 1852 844 1886 πάσης
858 1852 969 1887 ἀριθμεῖ

175 1899 226 1934 τῆς
239 1898 396 1934 ἀκριϐείας,
412 1897 450 1929 ὡς
468 1898 500 1925 ἂν
518 1897 652 1932 γνοίημεν
666 1897 713 1924 τοῦ
727 1905 757 1923 τε
776 1897 845 1924 Θεοῦ
858 1897 889 1923 τὸ
901 1897 968 1924 ἀπε-

177 1946 314 1981 ριόριστον
325 1966 333 1978 ,
348 1945 397 1972 καὶ
410 1945 460 1979 τῆς
480 1944 595 1975 κτίσεως
620 1944 651 1970 τὸ
669 1944 888 1980 περιωρισμένον
901 1963 909 1975 ,
923 1944 968 1970 τὸν

177 1991 274 2027 χρόνον
284 1991 404 2026 ἔχοντες,
419 1991 466 2026 ἀφ’
479 1987 510 2018 οῦ
524 1990 570 2016 τοῦ
587 1990 657 2017 εἶναι
681 1990 778 2025 εἴληφε
797 1990 848 2025 τὴν
868 1990 967 2025 ἀρχήν.

178 2037 276 2069 Ὅθεν,
291 2037 432 2070 ἐποίησε,
450 2037 532 2071 φησὶν
544 2056 551 2068 ,
568 2036 616 2062 καὶ
629 2035 679 2062 οὐκ
690 2056 697 2068 ,
710 2034 760 2071 ἦν,
778 2036 847 2072 ὅπερ
861 2036 909 2062 ἐπὶ
920 2035 968 2062 τοῦ

178 2084 246 2111 Θεοῦ
267 2085 355 2118 Λόγου
383 2084 467 2119 φησὶν
493 2084 507 2109 ὁ
537 2083 675 2118 Ἰωάννης.
707 2083 814 2110 Ἀῖδίοιε
841 2082 890 2117 μὲν
913 2082 969 2117 γὰρ

176 2130 308 2166 ἁρμόττει
323 2130 353 2156 τδ
364 2128 414 2164 ἦν,
431 2129 561 2164 κτίσματι
571 2129 600 2156 δὲ
611 2129 641 2155 τὸ
655 2128 784 2164 ἐγένετο.
808 2127 889 2155 Ὅθεν
904 2127 970 2164 περὶ

177 2175 225 2202 τοῦ
245 2175 399 2202 Βιπτιστοῦ
413 2175 517 2210 προῖὼν
533 2175 625 2210 φησιν·
643 2185 653 2201 ι
676 2174 800 2209 Ἐγένετο
824 2173 970 2210 ἄνθρωπος

176 2221 385 2257 ἀπεσταλμένος
410 2221 464 2248 ὑπὸ
484 2221 552 2247 Θεοῦ
569 2229 577 2236 ·
591 2230 601 2246 i
628 2221 660 2247 Ei
678 2220 706 2246 δὲ
726 2221 829 2255 προϊών
849 2228 932 2254 φησιν
955 2220 970 2246 ὁ

1018 294 1238 322 fundamentum.
1254 295 1303 322 Vel
1319 295 1484 330 principium
1501 295 1596 324 mundi
1615 297 1683 324 dicit
1696 297 1809 326 Creato-

1018 342 1057 369 ris
1074 347 1180 375 artem;
1201 350 1315 377 operum
1326 342 1400 370 enim
1412 347 1471 369 arte
1484 342 1621 370 factorum
1639 344 1806 379 principium

1018 395 1064 415 ars
1075 392 1128 419 est,
1147 387 1378 422 quemadmodum
1396 388 1532 423 sapientia
1549 388 1698 417 Baseleelis
1724 398 1807 418 orna-

1019 439 1063 461 tus
1079 433 1260 461 tabernaculi.
1277 433 1323 461 Vel
1339 433 1422 461 etiam
1441 433 1510 460 dicit
1525 433 1558 460 In
1575 435 1716 470 principio.
1730 441 1758 463 ut
1774 436 1808 463 ad

1018 481 1120 506 bonum
1147 479 1228 506 fluctu
1256 479 1326 506 facta
1361 479 1472 512 innuat;
1490 480 1624 514 siquidem
1652 481 1807 508 animarum

1019 525 1114 553 schola
1141 525 1185 552 hic
1201 525 1335 560 aperitur,
1361 525 1590 561 quemadmodum
1608 526 1808 555 misericordia:

1018 570 1066 599 Dei
1088 571 1255 607 principium
1279 571 1398 598 diciums
1426 572 1601 606 adoptionem
1630 577 1762 606 nostram,
1780 578 1808 601 et

1018 625 1079 652 qua:
1097 618 1160 644 inde
1176 617 1274 652 pendet
1285 617 1495 645 beatitudinem.
1514 618 1566 645 Sed
1582 617 1708 646 fortassis
1723 620 1807 647 etiam

1018 664 1185 699 principium
1201 664 1281 696 dixit,
1296 667 1325 690 ut
1342 668 1560 692 momentaneam
1581 665 1608 692 in
1637 665 1752 693 instanti
1768 666 1808 693 la-

1017 714 1089 737 ctam
1107 710 1275 737 creationem
1291 709 1458 737 ostenderet.
1477 709 1714 742 Quemadmodum
1733 712 1806 739 enim

1017 756 1068 783 viae
1077 756 1242 791 principium
1255 763 1310 782 non
1326 755 1385 790 ipsa
1401 756 1455 787 via,
1487 760 1578 791 partes
1605 756 1679 784 enim
1703 757 1808 792 princi-

1018 803 1092 837 pium
1122 809 1176 829 non
1206 802 1308 834 habet;
1331 802 1371 828 sic
1398 809 1486 836 neque
1509 802 1642 837 temporis
1657 802 1682 837 7
1698 803 1805 830 initium

1020 853 1128 884 tempus
1141 851 1193 875 est.
1206 847 1234 874 Si
1249 847 1321 874 enim
1338 851 1445 882 tempus
1456 848 1482 874 in
1495 848 1627 882 temporis
1638 852 1730 883 partes
1747 856 1808 875 rur-

1020 902 1070 922 sus
1086 894 1233 926 dividetur,
1249 893 1414 928 principium
1434 893 1532 920 iterum
1548 893 1670 926 habebit,
1681 897 1708 921 et
1724 895 1760 921 ita
1778 894 1806 921 in

1021 939 1157 967 infinitum
1181 945 1344 973 progressus
1372 938 1417 965 ﬁet
1433 947 1440 965 :
1456 938 1584 973 principii
1612 946 1677 966 vero
1703 939 1806 974 princi-

1017 986 1094 1020 pium
1114 989 1205 1012 mente
1226 984 1308 1011 etiam
1326 984 1483 1018 concipere,
1511 984 1589 1011 valde
1603 992 1619 1011 a
1637 985 1745 1012 ratione
1764 990 1807 1013 est

1018 1032 1151 1059 alienum.
1186 1029 1331 1066 Significat
1349 1030 1433 1064 igitur
1448 1030 1544 1057 eodem
1559 1038 1615 1065 quo
1631 1030 1703 1058 Deus
1720 1031 1806 1058 voluit

1018 1080 1157 1104 momento
1170 1075 1256 1103 factas
1273 1083 1334 1104 esse
1347 1083 1391 1103 res
1407 1075 1544 1103 conditas.
1571 1075 1713 1112 Significat
1741 1084 1806 1104 vero

1017 1124 1100 1151 etiam
1116 1123 1281 1158 quandoque
1300 1129 1352 1149 vox
1382 1122 1455 1157 ἀρχὴ
1479 1122 1685 1157 imperium,ita
1705 1127 1735 1150 ut
1753 1123 1806 1151 hoc

1018 1175 1128 1203 quoque
1156 1169 1209 1195 isto
1224 1168 1251 1194 in
1267 1167 1329 1195 loco
1360 1167 1503 1200 innuatur,
1520 1173 1650 1202 tanquam
1674 1175 1765 1203 regem
1778 1172 1806 1195 et

1018 1214 1169 1249 principem
1204 1213 1363 1241 universum
1379 1213 1430 1240 hoc
1442 1213 1600 1240 condidisse
1624 1212 1707 1239 Deum
1721 1232 1728 1245 ,
1750 1220 1806 1240 non

1018 1259 1130 1286 aliunde
1163 1262 1275 1294 accepta
1307 1257 1435 1290 materia,
1465 1258 1514 1285 sed
1532 1257 1614 1286 simul
1630 1265 1691 1285 cum
1710 1257 1806 1285 formis

1018 1306 1184 1333 substratam
1201 1304 1283 1331 etiam
1309 1303 1452 1330 materiam
1473 1303 1681 1338 producentem.
1698 1303 1728 1330 In
1750 1302 1805 1331 He-

1018 1349 1111 1377 braica
1127 1357 1191 1377 vero
1210 1348 1303 1384 lingua
1319 1348 1481 1383 principium
1496 1348 1579 1375 etiam
1592 1352 1671 1383 caput
1682 1348 1803 1380 deuolat,

1019 1400 1160 1430 potestque
1186 1394 1298 1430 (Moses)
1329 1394 1429 1420 cmlum
1444 1397 1472 1421 et
1484 1398 1594 1425 terram,
1614 1402 1676 1429 quae
1688 1394 1804 1428 primum

1018 1441 1091 1468 inter
1106 1440 1232 1468 visibiles
1248 1444 1390 1467 creaturas
1399 1439 1488 1466 locum
1505 1443 1608 1472 tenent,
1617 1445 1699 1475 caput
1713 1439 1806 1475 appel-

1019 1486 1086 1518 lare,
1114 1485 1187 1520 quod
1219 1489 1303 1520 caput
1317 1492 1374 1512 non
1394 1485 1486 1520 positu
1511 1485 1612 1516 solum,
1634 1485 1682 1512 sed
1711 1485 1768 1512 vita
1778 1489 1806 1513 et

1019 1539 1102 1559 sensu
1117 1531 1199 1557 etiam
1210 1530 1369 1565 principalis
1384 1530 1509 1566 corporis
1520 1537 1584 1565 pars
1597 1530 1642 1558 sit.
1655 1529 1690 1557 Ea
1700 1530 1803 1566 itaque,

1019 1585 1080 1612 quae
1095 1577 1121 1604 in
1135 1577 1275 1604 creatione
1289 1576 1379 1612 primo
1396 1577 1458 1604 loco
1473 1576 1546 1603 facta
1563 1580 1629 1604 sunt
1657 1576 1748 1604 Moses
1762 1577 1805 1603 iu-

1018 1623 1109 1656 dicat;
1127 1622 1284 1650 Creatorem
1315 1627 1406 1649 autem
1424 1621 1552 1650 omnibus
1580 1622 1716 1649 creaturis
1731 1622 1806 1649 anti-

1017 1670 1141 1704 quiorem
1158 1667 1310 1696 existimari
1326 1668 1422 1700 voluit,
1437 1675 1490 1695 non
1508 1667 1638 1695 mediocri
1659 1667 1805 1695 intervallo

1017 1722 1065 1742 eas
1075 1717 1300 1742 antevertentem.
1329 1712 1449 1741 (Eternaa
1466 1713 1538 1740 enim
1555 1712 1594 1740 rei
1613 1714 1806 1741 exsistentiam

1017 1761 1109 1788 metiri
1132 1767 1213 1787 nemo
1238 1764 1337 1795 potest.
1355 1759 1401 1786 Dei
1414 1766 1480 1787 vero
1493 1759 1674 1786 aeternitatem
1693 1758 1805 1786 inCho-

1018 1808 1067 1835 reb
1093 1806 1206 1834 edoctus
1231 1810 1285 1838 est,
1309 1806 1355 1833 ubi
1392 1806 1417 1833 ei
1446 1805 1559 1833 aiebat:
1586 1804 1665 1840 «Ego
1681 1813 1741 1833 sum
1757 1805 1805 1840 qui

1019 1854 1130 1886 Sutn’,»
1147 1856 1208 1887 post
1230 1852 1302 1886 quod
1325 1852 1434 1879 demum
1466 1855 1574 1887 tempus
1594 1859 1715 1886 praesens
1737 1859 1808 1887 opus

1019 1899 1202 1935 cousiguavit.
1213 1898 1271 1926 Nisi
1285 1899 1358 1926 enim
1373 1898 1456 1925 Deum
1465 1899 1651 1934 cognovisset,
1667 1898 1808 1933 quomodo

1019 1947 1139 1973 universi
1161 1945 1286 1981 opificem
1309 1952 1370 1972 eum
1393 1944 1487 1971 dicere
1503 1944 1658 1979 potuisset?
1675 1948 1723 1970 aut
1735 1951 1806 1978 quo-

1019 1992 1100 2020 modo
1112 1992 1273 2027 ignorantes
1284 1990 1436 2022 docuisset,
1450 1989 1533 2016 Deum
1551 1989 1595 2016 illa
1613 1989 1732 2017 fecisse?
1747 1987 1807 2016 Jam

1019 2046 1084 2065 vero
1098 2037 1162 2069 illis,
1172 2041 1304 2072 tanquam
1319 2035 1403 2062 Deum
1416 2034 1651 2070 cognoscentibus
1661 2034 1699 2061 ait
1714 2045 1721 2062 ε
1734 2033 1806 2068 quod

1020 2083 1092 2111 Deus
1102 2083 1159 2113 ille,
1174 2090 1255 2117 quem
1273 2081 1334 2116 ipso
1348 2081 1483 2108 edocente
1497 2080 1678 2115 cognoverint
1691 2083 1720 2106 ut
1732 2083 1808 2106 teter-

1020 2136 1097 2162 num,
1113 2132 1143 2155 ut
1153 2127 1228 2155 illum
1239 2127 1347 2162 quiest,
1361 2130 1390 2152 ut
1404 2125 1505 2155 solum,
1517 2124 1591 2159 quod
1610 2124 1655 2151 ille
1665 2124 1726 2159 ipse
1736 2123 1808 2151 Deus

1020 2174 1048 2201 in
1062 2173 1175 2208 gloriam
1185 2179 1262 2200 suam
1279 2171 1378 2198 caelum
1391 2169 1546 2198 condiderit
1559 2174 1586 2195 et
1596 2172 1709 2195 terram.
1726 2168 1808 2195 Tem-

1021 2227 1071 2254 pus
1094 2225 1159 2245 vcro
1181 2217 1264 2245 etiam
1283 2214 1492 2243 accuratissime
1509 2213 1646 2249 designat,
1661 2216 1690 2240 ut
1704 2213 1810 2241 scilicet

178 2267 299 2302 Μωῡσῆς
311 2275 318 2282 ·
337 2277 346 2293 ι
373 2267 405 2293 Ἡ
420 2267 448 2293 δὲ
461 2267 498 2301 γῆ
508 2265 543 2302 ἦν
559 2267 686 2302 ἀόρατος,
710 2275 719 2292 ›
745 2266 901 2301 θαυμαστὸν
925 2265 967 2292 οὐ‹

1023 2270 1080 2292 tum
1093 2263 1139 2291 Dei
1150 2268 1351 2298 cognoscamus
1362 2260 1537 2292 infinitatem,
1549 2263 1606 2286 tum
1618 2259 1721 2286 [initam
1730 2267 1808 2287 crea-

177 2313 222 2339 δὲν
237 2321 244 2327 ·
260 2311 294 2348 ἦν
308 2314 362 2348 γὰρ
376 2312 508 2348 γενομένη
522 2320 529 2327 ·
550 2312 619 2347 μετὰ
633 2312 688 2347 γὰρ
700 2311 741 2344 τὺ,
757 2311 883 2345 ἐποίησε
893 2331 900 2343 ,
916 2319 969 2347 φη-

179 2360 206 2386 σὶ
217 2359 248 2386 τὸ
261 2379 269 2391 ,
292 2359 334 2393 ἦν
355 2359 493 2393 ἀόρατος,
510 2358 547 2385 T6
563 2358 592 2385 δὲ
620 2357 764 2393 Ἐϐραῖκὸν
789 2357 819 2383 τὸ
841 2357 969 2392 ἐποίησε

179 2407 308 2442 σημαίνει
325 2407 373 2433 καὶ
394 2406 425 2433 τὸ
454 2406 575 2434 ἔκτισεν
597 2406 644 2433 καὶ
663 2406 692 2432 τὸ
709 2405 882 2438 ἀνέδειξεν,
899 2406 969 2441 ὅπερ

179 2453 251 2480 ἔοικε
268 2453 368 2488 μᾶλλον
390 2452 486 2488 δηλοῦν
502 2453 519 2488 ἠ
540 2452 648 2488 Γραφὴ,
664 2452 702 2483 ὡς
716 2451 746 2484 ἐξ
758 2453 808 2478 οὐκ
825 2452 909 2479 ὄντων
920 2453 970 2480 ἀνι

180 2498 275 2532 ἔδειξε.
285 2498 322 2525 Τὸ
335 2498 392 2533 γὰρ
403 2497 549 2530 ἐποίησεν
563 2497 657 2533 ἐπειδὴ
671 2497 779 2531 λέγεται
795 2497 842 2524 καὶ
859 2497 970 2524 ἐπὶτῶν

180 2545 212 2571 lx
225 2553 298 2576 τινος
309 2543 488 2579 γιγνομένων,
503 2540 559 2570 οἷον
573 2543 614 2570 ὅτι
628 2544 659 2569 ἐκ
673 2543 783 2578 σιδήρου
794 2543 930 2578 δρέπανον
951 2544 969 2578 ἡ

178 2598 204 2616 τι
216 2589 337 2616 τοιοῦτον
347 2588 493 2624 ότεχνίτης
507 2588 633 2624 ἐποίησε,
646 2588 746 2615 δέδωκέ
761 2597 815 2616 τισι
827 2589 913 2625 λαϐὴν
922 2589 970 2616 τοῦ

179 2635 281 2670 λέγειν,
305 2635 343 2667 ὼς
366 2635 487 2670 Μωῦσῆς
513 2635 542 2668 ἐξ
566 2634 722 2669 Αἰγυπτίων
749 2635 843 2670 μαθὼν
855 2636 885 2669 ἐξ
903 2636 971 2672 ὕλης

180 2680 420 2717 προϋποκειμένης
445 2680 587 2715 γεγονέναι
608 2680 639 2706 τὸ
662 2681 735 2712 πᾶν,
757 2681 870 2714 εἰκότως
892 2680 969 2709 εἷπεν

180 2729 325 2762 ἐποίησεν
335 2735 342 2743 ⁸
360 2723 397 2754 ὧν
410 2727 570 2761 ἀγνοοῦντες
581 2726 632 2760 τὴν
648 2728 829 2761 συκοφαντίαν
838 2728 862 2754 oi
882 2729 968 2764 ἑρμη-

216 2796 226 2811 ’
242 2795 329 2823 Exod.
354 2803 397 2828 ιιι,
413 2795 454 2822 14.
495 2795 516 2810 ‘°
530 2794 612 2822 Joan.
630 2802 649 2826 ι,
675 2795 702 2821 ti.

1022 2315 1146 2337 turarum
1159 2312 1297 2339 naturam,
1311 2311 1419 2342 tempus
1431 2310 1555 2333 tenentes
1566 2313 1580 2332 a
1592 2313 1648 2340 quo
1654 2305 1808 2333 exsistendi

1021 2358 1153 2390 ceperunt
1186 2353 1305 2381 initium.
1329 2351 1399 2379 Hinc
1412 2350 1485 2385 fecit,
1510 2350 1612 2385 inquit,
1646 2357 1713 2381 non,
1738 2355 1806 2382 erat,

1021 2400 1094 2436 quod
1115 2398 1224 2434 quidem
1239 2397 1273 2425 de
1284 2396 1339 2424 Deo
1357 2395 1441 2423 Verbo
1453 2395 1574 2423 Joannes
1590 2395 1742 2428 usurpavit.
1756 2394 1809 2422 Rc-

1023 2447 1074 2474 bus
1086 2445 1192 2473 scilicet
1215 2444 1326 2472 aeternis
1346 2443 1461 2470 verbum
1478 2439 1512 2477 ἦν
1528 2441 1555 2468 h.
1572 2448 1598 2469 e.
1613 2445 1681 2472 erat,
1708 2441 1809 2468 creatis

1018 2501 1084 2521 vero
1112 2492 1222 2526 ἐγένετο
1242 2488 1384 2524 competit,
1401 2488 1520 2523 indeque
1535 2488 1563 2514 in
1581 2487 1763 2522 sequentibus
1774 2487 1810 2514 de

1019 2539 1141 2573 Baptista
1155 2537 1214 2564 ait:
1231 2535 1356 2570 Ἐγένετο
1372 2535 1412 2570 (h.
1423 2542 1447 2562 e.
1458 2534 1526 2566 erat)
1542 2543 1551 2559 ι
1569 2533 1652 2560 homo
1667 2532 1772 2560 missus
1792 2540 1808 2560 a

1019 2593 1074 2620 Deo
1086 2593 1119 2619 '°.
1134 2601 1143 2618 ι
1160 2590 1323 2625 Neutiquam
1337 2596 1406 2616 vero
1422 2588 1576 2616 mirandum
1594 2591 1647 2620 est,
1660 2587 1734 2622 quod
1747 2595 1809 2622 per-

1022 2645 1088 2673 gens
1102 2636 1171 2664 dicit
1186 2635 1276 2663 Moses
1293 2644 1300 2661 :
1319 2633 1421 2661 (Terra
1437 2637 1530 2660 autem
1543 2637 1604 2660 erat
1620 2632 1781 2663 invisibilis,
1798 2643 1807 2658 I

1021 2682 1078 2717 jam
1102 2681 1174 2709 enim
1198 2680 1343 2708 coustabat
1376 2687 1438 2707 esse
1454 2679 1567 2711 factam,
1584 2676 1721 2713 siquidem
1748 2681 1811 2712 post

1022 2728 1120 2757 creavit
1133 2727 1291 2763 subiungat,
1304 2731 1362 2755 erat
1376 2725 1528 2754 invisibilis.
1537 2724 1672 2753 Hebraica
1683 2731 1750 2752 vero
1757 2731 1809 2751 vox

217 2875 252 2910 tn,
276 2874 373 2910 ᾼόξω·
388 2873 482 2907 αὐτῷ.
511 2873 540 2900 Si
557 2873 639 2910 lectio
654 2873 712 2900 hinc
734 2880 806 2910 sana
825 2878 866 2901 est
878 2894 886 2908 ,
906 2871 976 2901 falso
995 2873 1076 2902 vertit
1089 2874 1213 2902 Olcarius
1228 2875 1254 2901 in
1264 2874 1377 2910 gloriam
1390 2881 1477 2901 suam.
1493 2872 1550 2901 Imo
1571 2872 1696 2901 absolute
1721 2870 1811 2907 posita

182 2916 232 2936 r0!
244 2909 321 2944 δόξαν
342 2913 417 2937 notat
433 2919 441 2938 :
457 2910 520 2944 quia
531 2909 554 2936 ei
568 2909 715 2943 videbatur,
729 2908 820 2936 liber.
