  <div class='ocr_page' id='page_1' title='image "/cluster/home/n/w/nwhite01/storage/ocr_20150623/87, pt.1/njp.32101013202641/028.png"; bbox 0 0 2072 3157; ppageno 0'>
   <div class='ocr_carea' id='block_1_1' title="bbox 171 142 1796 177">
    <p class='ocr_par' dir='ltr' id='par_1_1' title="bbox 171 142 1796 177">
     <span class='ocr_line' id='line_1_1' title="bbox 171 142 1796 177; baseline -0.002 -3"><span class='ocrx_word' id='word_1_1' title='bbox 171 142 203 174; x_wconf 68' lang='grc'><strong>41</strong></span> <span class='ocrx_word' id='word_1_2' title='bbox 723 142 992 172; x_wconf 80' lang='lat' dir='ltr'><strong>COMMENTARII</strong></span> <span class='ocrx_word' id='word_1_3' title='bbox 1008 142 1049 172; x_wconf 94' lang='lat' dir='ltr'><strong>IN</strong></span> <span class='ocrx_word' id='word_1_4' title='bbox 1065 142 1244 173; x_wconf 75' lang='lat' dir='ltr'><strong>GENESIN.</strong></span> <span class='ocrx_word' id='word_1_5' title='bbox 1760 145 1796 177; x_wconf 67' lang='lat'><strong>49,</strong></span> 
     </span>
    </p>
   </div>
   <div class='ocr_carea' id='block_1_2' title="bbox 172 196 964 235">
    <p class='ocr_par' dir='ltr' id='par_1_2' title="bbox 172 196 959 235">
     <span class='ocr_line' id='line_1_2' title="bbox 172 196 959 235; baseline -0.001 -10"><span class='ocrx_word' id='word_1_6' title='bbox 172 199 250 235; x_wconf 66' lang='grc' dir='ltr'><strong>χερσὶ</strong></span> <span class='ocrx_word' id='word_1_7' title='bbox 263 196 430 234; x_wconf 75' lang='grc' dir='ltr'><strong>κροτοῦντας</strong></span> <span class='ocrx_word' id='word_1_8' title='bbox 440 198 596 232; x_wconf 77' lang='grc' dir='ltr'><strong>εισάγουσα,</strong></span> <span class='ocrx_word' id='word_1_9' title='bbox 603 197 652 225; x_wconf 78' lang='grc' dir='ltr'><strong>καὶ</strong></span> <span class='ocrx_word' id='word_1_10' title='bbox 663 197 776 233; x_wconf 75' lang='grc' dir='ltr'><strong>βουνοὺς</strong></span> <span class='ocrx_word' id='word_1_11' title='bbox 785 199 959 233; x_wconf 77' lang='grc' dir='ltr'><strong>ἁλλομένους,</strong></span> 
     </span>
    </p>
   </div>
   <div class='ocr_carea' id='block_1_3' title="bbox 1015 196 1796 235">
    <p class='ocr_par' dir='ltr' id='par_1_3' title="bbox 1015 197 1796 234">
     <span class='ocr_line' id='line_1_3' title="bbox 1015 197 1796 234; baseline 0.005 -9"><span class='ocrx_word' id='word_1_12' title='bbox 1015 198 1174 226; x_wconf 85' lang='lat' dir='ltr'><strong>destruitur.</strong></span> <span class='ocrx_word' id='word_1_13' title='bbox 1190 197 1268 231; x_wconf 81' lang='lat' dir='ltr'><strong>Quod</strong></span> <span class='ocrx_word' id='word_1_14' title='bbox 1283 205 1349 225; x_wconf 89' lang='lat' dir='ltr'><strong>vero</strong></span> <span class='ocrx_word' id='word_1_15' title='bbox 1369 198 1532 233; x_wconf 86' lang='lat' dir='ltr'><strong>principium</strong></span> <span class='ocrx_word' id='word_1_16' title='bbox 1548 199 1647 227; x_wconf 87' lang='lat' dir='ltr'><strong>habeat</strong></span> <span class='ocrx_word' id='word_1_17' title='bbox 1659 205 1686 228; x_wconf 87' lang='lat' dir='ltr'><strong>et</strong></span> <span class='ocrx_word' id='word_1_18' title='bbox 1701 200 1796 234; x_wconf 78' lang='lat' dir='ltr'><strong>tinem.</strong></span> 
     </span>
    </p>
   </div>
   <div class='ocr_carea' id='block_1_4' title="bbox 172 243 959 280">
    <p class='ocr_par' dir='ltr' id='par_1_4' title="bbox 172 243 959 280">
     <span class='ocr_line' id='line_1_4' title="bbox 172 243 959 280; baseline -0.001 -9"><span class='ocrx_word' id='word_1_19' title='bbox 172 245 219 272; x_wconf 80' lang='grc' dir='ltr'><strong>καὶ</strong></span> <span class='ocrx_word' id='word_1_20' title='bbox 233 244 284 279; x_wconf 74' lang='grc' dir='ltr'><strong>ὅρη</strong></span> <span class='ocrx_word' id='word_1_21' title='bbox 301 243 467 279; x_wconf 78' lang='grc' dir='ltr'><strong>σκιρτῶντα,</strong></span> <span class='ocrx_word' id='word_1_22' title='bbox 480 244 549 279; x_wconf 76' lang='grc' dir='ltr'><strong>πρὸς</strong></span> <span class='ocrx_word' id='word_1_23' title='bbox 563 244 593 270; x_wconf 61' lang='grc' dir='ltr'><strong>το</strong></span> <span class='ocrx_word' id='word_1_24' title='bbox 608 243 704 279; x_wconf 86' lang='grc' dir='ltr'><strong>μαθεῖν</strong></span> <span class='ocrx_word' id='word_1_25' title='bbox 719 244 773 271; x_wconf 81' lang='grc' dir='ltr'><strong>τῶν</strong></span> <span class='ocrx_word' id='word_1_26' title='bbox 784 245 895 279; x_wconf 82' lang='grc' dir='ltr'><strong>ἀγαθῶν</strong></span> <span class='ocrx_word' id='word_1_27' title='bbox 909 245 959 280; x_wconf 83' lang='grc' dir='ltr'><strong>τὴν</strong></span> 
     </span>
    </p>
   </div>
   <div class='ocr_carea' id='block_1_5' title="bbox 172 288 958 325">
    <p class='ocr_par' dir='ltr' id='par_1_5' title="bbox 172 288 958 325">
     <span class='ocr_line' id='line_1_5' title="bbox 172 288 958 325; baseline 0 -9"><span class='ocrx_word' id='word_1_28' title='bbox 172 289 328 325; x_wconf 77' lang='grc' dir='ltr'><strong>ὑπερῦολὴν</strong></span> <span class='ocrx_word' id='word_1_29' title='bbox 338 288 386 315; x_wconf 81' lang='grc' dir='ltr'><strong>καὶ</strong></span> <span class='ocrx_word' id='word_1_30' title='bbox 397 288 451 314; x_wconf 81' lang='grc' dir='ltr'><strong>τῶν</strong></span> <span class='ocrx_word' id='word_1_31' title='bbox 462 288 645 323; x_wconf 78' lang='grc' dir='ltr'><strong>ἀναισθήτων,</strong></span> <span class='ocrx_word' id='word_1_32' title='bbox 655 288 693 321; x_wconf 80' lang='grc' dir='ltr'><strong>ὼς</strong></span> <span class='ocrx_word' id='word_1_33' title='bbox 703 290 801 323; x_wconf 77' lang='grc' dir='ltr'><strong>εἰπεῖν,</strong></span> <span class='ocrx_word' id='word_1_34' title='bbox 812 289 863 316; x_wconf 85' lang='grc' dir='ltr'><strong>καθ</strong></span> <span class='ocrx_word' id='word_1_35' title='bbox 868 298 958 316; x_wconf 80' lang='grc' dir='ltr'><strong>ικνου-</strong></span> 
     </span>
    </p>
   </div>
   <div class='ocr_carea' id='block_1_6' title="bbox 174 333 958 370">
    <p class='ocr_par' dir='ltr' id='par_1_6' title="bbox 174 333 958 370">
     <span class='ocr_line' id='line_1_6' title="bbox 174 333 958 370; baseline 0.001 -9"><span class='ocrx_word' id='word_1_36' title='bbox 174 335 268 370; x_wconf 85' lang='grc' dir='ltr'><strong>μένην.</strong></span> <span class='ocrx_word' id='word_1_37' title='bbox 285 334 362 361; x_wconf 84' lang='grc' dir='ltr'><strong>Κὰπὶ</strong></span> <span class='ocrx_word' id='word_1_38' title='bbox 374 333 429 360; x_wconf 79' lang='grc' dir='ltr'><strong>τῶν</strong></span> <span class='ocrx_word' id='word_1_39' title='bbox 444 334 472 360; x_wconf 79' lang='grc' dir='ltr'><strong>δὲ</strong></span> <span class='ocrx_word' id='word_1_40' title='bbox 487 334 619 370; x_wconf 79' lang='grc' dir='ltr'><strong>λυπηρῶν</strong></span> <span class='ocrx_word' id='word_1_41' title='bbox 632 334 764 367; x_wconf 80' lang='grc' dir='ltr'><strong>πολλάκις</strong></span> <span class='ocrx_word' id='word_1_42' title='bbox 782 334 862 362; x_wconf 81' lang='grc' dir='ltr'><strong>τοῦτο</strong></span> <span class='ocrx_word' id='word_1_43' title='bbox 875 336 958 368; x_wconf 81' lang='grc' dir='ltr'><strong>ποιεῖ,</strong></span> 
     </span>
    </p>
   </div>
   <div class='ocr_carea' id='block_1_7' title="bbox 174 379 959 416">
    <p class='ocr_par' dir='ltr' id='par_1_7' title="bbox 174 379 959 416">
     <span class='ocr_line' id='line_1_7' title="bbox 174 379 959 416; baseline 0 -8"><span class='ocrx_word' id='word_1_44' title='bbox 174 380 296 416; x_wconf 76' lang='grc' dir='ltr'><strong>ἄμπελον</strong></span> <span class='ocrx_word' id='word_1_45' title='bbox 315 379 467 416; x_wconf 85' lang='grc' dir='ltr'><strong>θρηνοῦσαν</strong></span> <span class='ocrx_word' id='word_1_46' title='bbox 496 381 656 415; x_wconf 75' lang='grc' dir='ltr'><strong>εἰσάγουσα,</strong></span> <span class='ocrx_word' id='word_1_47' title='bbox 671 381 718 407; x_wconf 83' lang='grc' dir='ltr'><strong>καὶ</strong></span> <span class='ocrx_word' id='word_1_48' title='bbox 745 379 816 408; x_wconf 77' lang='grc' dir='ltr'><strong>οἶνον</strong></span> <span class='ocrx_word' id='word_1_49' title='bbox 839 383 886 408; x_wconf 79' lang='grc' dir='ltr'><strong>καὶ</strong></span> <span class='ocrx_word' id='word_1_50' title='bbox 907 381 959 416; x_wconf 77' lang='grc' dir='ltr'><strong>ὅρη</strong></span> 
     </span>
    </p>
   </div>
   <div class='ocr_carea' id='block_1_8' title="bbox 175 424 959 460">
    <p class='ocr_par' dir='ltr' id='par_1_8' title="bbox 175 424 959 460">
     <span class='ocr_line' id='line_1_8' title="bbox 175 424 959 460; baseline -0.004 -7"><span class='ocrx_word' id='word_1_51' title='bbox 175 426 221 453; x_wconf 76' lang='grc' dir='ltr'><strong>καὶ</strong></span> <span class='ocrx_word' id='word_1_52' title='bbox 236 425 271 452; x_wconf 78' lang='grc' dir='ltr'><strong>τὰ</strong></span> <span class='ocrx_word' id='word_1_53' title='bbox 287 424 455 460; x_wconf 82' lang='grc' dir='ltr'><strong>φατνώματα</strong></span> <span class='ocrx_word' id='word_1_54' title='bbox 467 424 629 457; x_wconf 77' lang='grc' dir='ltr'><strong>ὀλολύξαντα</strong></span> <span class='ocrx_word' id='word_1_55' title='bbox 646 424 694 452; x_wconf 81' lang='grc' dir='ltr'><strong>τοῦ</strong></span> <span class='ocrx_word' id='word_1_56' title='bbox 709 425 774 451; x_wconf 84' lang='grc' dir='ltr'><strong>ναοῦ</strong></span> <span class='ocrx_word' id='word_1_57' title='bbox 789 424 823 452; x_wconf 85' lang='grc' dir='ltr'><strong>δι’</strong></span> <span class='ocrx_word' id='word_1_58' title='bbox 841 425 959 460; x_wconf 77' lang='grc' dir='ltr'><strong>ὑπερσο-</strong></span> 
     </span>
    </p>
   </div>
   <div class='ocr_carea' id='block_1_9' title="bbox 174 469 963 506">
    <p class='ocr_par' dir='ltr' id='par_1_9' title="bbox 174 469 963 506">
     <span class='ocr_line' id='line_1_9' title="bbox 174 469 963 506; baseline -0.001 -9"><span class='ocrx_word' id='word_1_59' title='bbox 174 471 224 506; x_wconf 74' lang='grc' dir='ltr'><strong>λὴν</strong></span> <span class='ocrx_word' id='word_1_60' title='bbox 247 470 302 497; x_wconf 78' lang='grc' dir='ltr'><strong>τῶν</strong></span> <span class='ocrx_word' id='word_1_61' title='bbox 330 470 434 496; x_wconf 84' lang='grc' dir='ltr'><strong>κακῶν.</strong></span> <span class='ocrx_word' id='word_1_62' title='bbox 447 470 528 497; x_wconf 82' lang='grc' dir='ltr'><strong>Ὅθεν</strong></span> <span class='ocrx_word' id='word_1_63' title='bbox 545 469 592 496; x_wconf 68' lang='grc' dir='ltr'><strong>κα)⁵</strong></span> <span class='ocrx_word' id='word_1_64' title='bbox 607 470 621 496; x_wconf 87' lang='grc' dir='ltr'><strong><em>ὁ</em></strong></span> <span class='ocrx_word' id='word_1_65' title='bbox 647 470 718 502; x_wconf 85' lang='grc' dir='ltr'><strong>θεῖος</strong></span> <span class='ocrx_word' id='word_1_66' title='bbox 733 469 891 500; x_wconf 79' lang='grc' dir='ltr'><strong>’Λπόστολος</strong></span> <span class='ocrx_word' id='word_1_67' title='bbox 904 469 963 503; x_wconf 82' lang='grc' dir='ltr'><strong>τὴν</strong></span> 
     </span>
    </p>
   </div>
   <div class='ocr_carea' id='block_1_10' title="bbox 175 514 963 550">
    <p class='ocr_par' dir='ltr' id='par_1_10' title="bbox 175 514 963 550">
     <span class='ocr_line' id='line_1_10' title="bbox 175 514 963 550; baseline -0.001 -8"><span class='ocrx_word' id='word_1_68' title='bbox 175 516 276 543; x_wconf 70' lang='grc' dir='ltr'><strong>κτίσιν</strong></span> <span class='ocrx_word' id='word_1_69' title='bbox 291 516 359 550; x_wconf 74' lang='grc' dir='ltr'><strong>φησὶ</strong></span> <span class='ocrx_word' id='word_1_70' title='bbox 372 514 529 546; x_wconf 78' lang='grc' dir='ltr'><strong>στενάζειν</strong></span> <span class='ocrx_word' id='word_1_71' title='bbox 554 515 604 542; x_wconf 79' lang='grc' dir='ltr'><strong>καὶ</strong></span> <span class='ocrx_word' id='word_1_72' title='bbox 619 515 748 548; x_wconf 78' lang='grc' dir='ltr'><strong>ὠδίνειν,</strong></span> <span class='ocrx_word' id='word_1_73' title='bbox 768 515 811 542; x_wconf 85' lang='grc' dir='ltr'><strong>ἵνα</strong></span> <span class='ocrx_word' id='word_1_74' title='bbox 828 515 882 542; x_wconf 86' lang='grc' dir='ltr'><strong>τῶν</strong></span> <span class='ocrx_word' id='word_1_75' title='bbox 899 515 963 550; x_wconf 84' lang='grc' dir='ltr'>μελ-</span> 
     </span>
    </p>
   </div>
   <div class='ocr_carea' id='block_1_11' title="bbox 176 560 963 596">
    <p class='ocr_par' dir='ltr' id='par_1_11' title="bbox 176 560 963 596">
     <span class='ocr_line' id='line_1_11' title="bbox 176 560 963 596; baseline 0 -10"><span class='ocrx_word' id='word_1_76' title='bbox 176 560 274 587; x_wconf 75' lang='grc' dir='ltr'><strong>λόντων</strong></span> <span class='ocrx_word' id='word_1_77' title='bbox 290 560 402 594; x_wconf 75' lang='grc' dir='ltr'><strong>ἀγαθῶν</strong></span> <span class='ocrx_word' id='word_1_78' title='bbox 428 560 578 596; x_wconf 77' lang='grc' dir='ltr'><strong>ἐνδείξηται</strong></span> <span class='ocrx_word' id='word_1_79' title='bbox 598 560 647 595; x_wconf 88' lang='grc' dir='ltr'><strong>τὴν</strong></span> <span class='ocrx_word' id='word_1_80' title='bbox 671 560 823 596; x_wconf 78' lang='grc' dir='ltr'><strong>ὑπερὸολὴν</strong></span> <span class='ocrx_word' id='word_1_81' title='bbox 843 561 891 586; x_wconf 80' lang='grc' dir='ltr'><strong>καὶ</strong></span> <span class='ocrx_word' id='word_1_82' title='bbox 913 560 963 595; x_wconf 83' lang='grc' dir='ltr'><strong>τὴν</strong></span> 
     </span>
    </p>
   </div>
   <div class='ocr_carea' id='block_1_12' title="bbox 176 605 962 641">
    <p class='ocr_par' dir='ltr' id='par_1_12' title="bbox 176 605 962 641">
     <span class='ocr_line' id='line_1_12' title="bbox 176 605 962 641; baseline 0 -9"><span class='ocrx_word' id='word_1_83' title='bbox 176 606 323 641; x_wconf 66' lang='grc' dir='ltr'><strong>ἐπιθυμίαν</strong></span> <span class='ocrx_word' id='word_1_84' title='bbox 346 605 395 641; x_wconf 80' lang='grc' dir='ltr'><strong>τῆς</strong></span> <span class='ocrx_word' id='word_1_85' title='bbox 413 606 573 641; x_wconf 79' lang='grc' dir='ltr'><strong>ἀπαλλαγῆς</strong></span> <span class='ocrx_word' id='word_1_86' title='bbox 592 605 646 632; x_wconf 86' lang='grc' dir='ltr'><strong>τῶν</strong></span> <span class='ocrx_word' id='word_1_87' title='bbox 668 606 838 640; x_wconf 82' lang='grc' dir='ltr'><strong>κατεχόντων</strong></span> <span class='ocrx_word' id='word_1_88' title='bbox 858 606 962 632; x_wconf 84' lang='grc' dir='ltr'><strong>κακῶν.</strong></span> 
     </span>
    </p>
   </div>
   <div class='ocr_carea' id='block_1_13' title="bbox 187 651 963 687">
    <p class='ocr_par' dir='ltr' id='par_1_13' title="bbox 187 651 963 687">
     <span class='ocr_line' id='line_1_13' title="bbox 187 651 963 687; baseline 0 -9"><span class='ocrx_word' id='word_1_89' title='bbox 187 652 267 678; x_wconf 76' lang='grc' dir='ltr'>Ἀλλὰ</span> <span class='ocrx_word' id='word_1_90' title='bbox 282 652 336 687; x_wconf 84' lang='grc' dir='ltr'><strong>μὴν</strong></span> <span class='ocrx_word' id='word_1_91' title='bbox 348 652 408 678; x_wconf 78' lang='grc' dir='ltr'><strong>οὐδὲ</strong></span> <span class='ocrx_word' id='word_1_92' title='bbox 422 651 506 683; x_wconf 75' lang='grc' dir='ltr'>ἀΐδιος</span> <span class='ocrx_word' id='word_1_93' title='bbox 514 651 660 687; x_wconf 70' lang='grc' dir='ltr'><strong>ὁρὺρανός·</strong></span> <span class='ocrx_word' id='word_1_94' title='bbox 670 651 701 678; x_wconf 75' lang='grc' dir='ltr'><strong>τὸ</strong></span> <span class='ocrx_word' id='word_1_95' title='bbox 715 652 769 686; x_wconf 77' lang='grc' dir='ltr'><strong>γὰρ</strong></span> <span class='ocrx_word' id='word_1_96' title='bbox 782 652 877 683; x_wconf 79' lang='grc' dir='ltr'><strong>ἀΐδιον,</strong></span> <span class='ocrx_word' id='word_1_97' title='bbox 893 651 963 678; x_wconf 78' lang='grc' dir='ltr'><strong>ἀσώ-</strong></span> 
     </span>
    </p>
   </div>
   <div class='ocr_carea' id='block_1_14' title="bbox 177 697 964 734">
    <p class='ocr_par' dir='ltr' id='par_1_14' title="bbox 177 697 964 734">
     <span class='ocr_line' id='line_1_14' title="bbox 177 697 964 734; baseline 0 -10"><span class='ocrx_word' id='word_1_98' title='bbox 177 699 261 734; x_wconf 83' lang='grc' dir='ltr'><strong>ματόν</strong></span> <span class='ocrx_word' id='word_1_99' title='bbox 275 707 305 725; x_wconf 86' lang='grc' dir='ltr'><strong>τε</strong></span> <span class='ocrx_word' id='word_1_100' title='bbox 320 699 367 725; x_wconf 76' lang='grc' dir='ltr'><strong>καὶ</strong></span> <span class='ocrx_word' id='word_1_101' title='bbox 384 698 587 734; x_wconf 80' lang='grc' dir='ltr'><strong>ἀσχημάτιστον</strong></span> <span class='ocrx_word' id='word_1_102' title='bbox 602 697 650 724; x_wconf 77' lang='grc' dir='ltr'><strong>καὶ</strong></span> <span class='ocrx_word' id='word_1_103' title='bbox 667 697 814 725; x_wconf 72' lang='grc' dir='ltr'><strong>ἀσύνθετον</strong></span> <span class='ocrx_word' id='word_1_104' title='bbox 835 698 881 724; x_wconf 81' lang='grc' dir='ltr'><strong>καὶ</strong></span> <span class='ocrx_word' id='word_1_105' title='bbox 895 698 964 724; x_wconf 81' lang='grc' dir='ltr'><strong>ἁπε-</strong></span> 
     </span>
    </p>
   </div>
   <div class='ocr_carea' id='block_1_15' title="bbox 179 744 322 778">
    <p class='ocr_par' dir='ltr' id='par_1_15' title="bbox 179 744 322 778">
     <span class='ocr_line' id='line_1_15' title="bbox 179 744 322 778; baseline 0.014 -9"><span class='ocrx_word' id='word_1_106' title='bbox 179 744 322 778; x_wconf 79' lang='grc' dir='ltr'><strong>ρίγραφον.</strong></span> 
     </span>
    </p>
   </div>
   <div class='ocr_carea' id='block_1_16' title="bbox 1009 243 1797 280">
    <p class='ocr_par' dir='ltr' id='par_1_16' title="bbox 1009 243 1797 280">
     <span class='ocr_line' id='line_1_16' title="bbox 1009 243 1797 280; baseline 0.005 -10"><span class='ocrx_word' id='word_1_107' title='bbox 1009 244 1148 279; x_wconf 56' lang='lat' dir='ltr'><strong>prophetae</strong></span> <span class='ocrx_word' id='word_1_108' title='bbox 1173 243 1347 279; x_wconf 77' lang='lat' dir='ltr'><strong>signiﬁcant,</strong></span> <span class='ocrx_word' id='word_1_109' title='bbox 1378 243 1486 271; x_wconf 82' lang='lat' dir='ltr'><strong>dicente</strong></span> <span class='ocrx_word' id='word_1_110' title='bbox 1516 243 1682 280; x_wconf 73' lang='lat' dir='ltr'><strong>Scriptura:</strong></span> <span class='ocrx_word' id='word_1_111' title='bbox 1711 255 1722 273; x_wconf 70' lang='grc' dir='ltr'>α</span> <span class='ocrx_word' id='word_1_112' title='bbox 1749 247 1797 274; x_wconf 83' lang='lat' dir='ltr'><strong>Sol</strong></span> 
     </span>
    </p>
   </div>
   <div class='ocr_carea' id='block_1_17' title="bbox 1009 294 1796 325">
    <p class='ocr_par' dir='ltr' id='par_1_17' title="bbox 1009 294 1796 325">
     <span class='ocr_line' id='line_1_17' title="bbox 1009 294 1796 325; baseline 0.004 -7"><span class='ocrx_word' id='word_1_113' title='bbox 1009 297 1138 325; x_wconf 85' lang='lat' dir='ltr'><strong>egressus</strong></span> <span class='ocrx_word' id='word_1_114' title='bbox 1161 295 1204 318; x_wconf 85' lang='lat' dir='ltr'><strong>est</strong></span> <span class='ocrx_word' id='word_1_115' title='bbox 1220 298 1302 325; x_wconf 85' lang='lat' dir='ltr'><strong>super</strong></span> <span class='ocrx_word' id='word_1_116' title='bbox 1318 295 1432 323; x_wconf 81' lang='lat' dir='ltr'><strong>terram,</strong></span> <span class='ocrx_word' id='word_1_117' title='bbox 1450 301 1459 316; x_wconf 77' lang='grc' dir='ltr'>ι</span> <span class='ocrx_word' id='word_1_118' title='bbox 1479 298 1533 318; x_wconf 91' lang='lat' dir='ltr'><strong>non</strong></span> <span class='ocrx_word' id='word_1_119' title='bbox 1546 295 1650 325; x_wconf 86' lang='lat' dir='ltr'><strong>autem,</strong></span> <span class='ocrx_word' id='word_1_120' title='bbox 1666 294 1796 322; x_wconf 75' lang='lat' dir='ltr'><strong>ascendit.</strong></span> 
     </span>
    </p>
   </div>
   <div class='ocr_carea' id='block_1_18' title="bbox 1010 336 1796 372">
    <p class='ocr_par' dir='ltr' id='par_1_18' title="bbox 1010 336 1796 372">
     <span class='ocr_line' id='line_1_18' title="bbox 1010 336 1796 372; baseline 0.003 -9"><span class='ocrx_word' id='word_1_121' title='bbox 1010 336 1043 364; x_wconf 89' lang='lat' dir='ltr'><strong>Et</strong></span> <span class='ocrx_word' id='word_1_122' title='bbox 1059 336 1157 364; x_wconf 83' lang='lat' dir='ltr'><strong>iterum</strong></span> <span class='ocrx_word' id='word_1_123' title='bbox 1171 345 1178 363; x_wconf 93' lang='lat'>:</span> <span class='ocrx_word' id='word_1_124' title='bbox 1196 345 1206 363; x_wconf 85' lang='grc'><em>‹</em></span> <span class='ocrx_word' id='word_1_125' title='bbox 1221 337 1243 364; x_wconf 81' lang='grc' dir='ltr'>Α</span> <span class='ocrx_word' id='word_1_126' title='bbox 1256 344 1364 364; x_wconf 89' lang='lat' dir='ltr'><strong>summo</strong></span> <span class='ocrx_word' id='word_1_127' title='bbox 1378 337 1449 364; x_wconf 60' lang='lat' dir='ltr'><strong>caelo</strong></span> <span class='ocrx_word' id='word_1_128' title='bbox 1460 337 1581 372; x_wconf 74' lang='lat' dir='ltr'><strong>egressio</strong></span> <span class='ocrx_word' id='word_1_129' title='bbox 1591 337 1652 372; x_wconf 84' lang='lat' dir='ltr'><strong>ejus</strong></span> <span class='ocrx_word' id='word_1_130' title='bbox 1665 338 1698 369; x_wconf 73' lang='grc' dir='ltr'><strong>η,</strong></span> <span class='ocrx_word' id='word_1_131' title='bbox 1718 346 1728 364; x_wconf 76' lang='grc' dir='ltr'><strong><em>ι</em></strong></span> <span class='ocrx_word' id='word_1_132' title='bbox 1742 346 1796 366; x_wconf 92' lang='lat' dir='ltr'><strong>non</strong></span> 
     </span>
    </p>
   </div>
   <div class='ocr_carea' id='block_1_19' title="bbox 1010 381 1795 418">
    <p class='ocr_par' dir='ltr' id='par_1_19' title="bbox 1010 381 1795 418">
     <span class='ocr_line' id='line_1_19' title="bbox 1010 381 1795 418; baseline 0.003 -10"><span class='ocrx_word' id='word_1_133' title='bbox 1010 389 1086 414; x_wconf 80' lang='lat' dir='ltr'><strong>vero,</strong></span> <span class='ocrx_word' id='word_1_134' title='bbox 1098 383 1231 410; x_wconf 72' lang='lat' dir='ltr'><strong>ascensio.</strong></span> <span class='ocrx_word' id='word_1_135' title='bbox 1248 381 1358 418; x_wconf 77' lang='lat' dir='ltr'><strong>Sphtera</strong></span> <span class='ocrx_word' id='word_1_136' title='bbox 1377 386 1468 410; x_wconf 84' lang='lat' dir='ltr'><strong>autem</strong></span> <span class='ocrx_word' id='word_1_137' title='bbox 1484 391 1617 410; x_wconf 71' lang='lat' dir='ltr'><strong>summum</strong></span> <span class='ocrx_word' id='word_1_138' title='bbox 1634 391 1689 410; x_wconf 89' lang='lat' dir='ltr'><strong>non</strong></span> <span class='ocrx_word' id='word_1_139' title='bbox 1704 383 1795 410; x_wconf 80' lang='lat' dir='ltr'><strong>habet.</strong></span> 
     </span>
    </p>
   </div>
   <div class='ocr_carea' id='block_1_20' title="bbox 1010 426 1797 464">
    <p class='ocr_par' dir='ltr' id='par_1_20' title="bbox 1010 426 1797 464">
     <span class='ocr_line' id='line_1_20' title="bbox 1010 426 1797 464; baseline 0 -9"><span class='ocrx_word' id='word_1_140' title='bbox 1010 427 1081 460; x_wconf 84' lang='lat' dir='ltr'><strong>Quin</strong></span> <span class='ocrx_word' id='word_1_141' title='bbox 1095 433 1123 455; x_wconf 90' lang='lat' dir='ltr'><strong>et</strong></span> <span class='ocrx_word' id='word_1_142' title='bbox 1142 426 1268 455; x_wconf 84' lang='lat' dir='ltr'><strong>Salvator</strong></span> <span class='ocrx_word' id='word_1_143' title='bbox 1281 428 1371 464; x_wconf 86' lang='lat' dir='ltr'><strong>inquit</strong></span> <span class='ocrx_word' id='word_1_144' title='bbox 1386 437 1392 455; x_wconf 94' lang='lat'>:</span> <span class='ocrx_word' id='word_1_145' title='bbox 1410 437 1432 461; x_wconf 70' lang='grc' dir='ltr'><strong>μ</strong></span> <span class='ocrx_word' id='word_1_146' title='bbox 1450 427 1566 461; x_wconf 80' lang='lat' dir='ltr'><strong>Quando</strong></span> <span class='ocrx_word' id='word_1_147' title='bbox 1595 429 1685 456; x_wconf 79' lang='lat' dir='ltr'><strong>veniet</strong></span> <span class='ocrx_word' id='word_1_148' title='bbox 1709 427 1797 456; x_wconf 81' lang='lat' dir='ltr'><strong>Filius</strong></span> 
     </span>
    </p>
   </div>
   <div class='ocr_carea' id='block_1_21' title="bbox 1010 473 1797 509">
    <p class='ocr_par' dir='ltr' id='par_1_21' title="bbox 1010 473 1797 509">
     <span class='ocr_line' id='line_1_21' title="bbox 1010 473 1797 509; baseline 0 -9"><span class='ocrx_word' id='word_1_149' title='bbox 1010 473 1129 501; x_wconf 84' lang='lat' dir='ltr'><strong>hominis</strong></span> <span class='ocrx_word' id='word_1_150' title='bbox 1146 473 1174 501; x_wconf 92' lang='lat' dir='ltr'><strong>in</strong></span> <span class='ocrx_word' id='word_1_151' title='bbox 1200 473 1286 509; x_wconf 84' lang='lat' dir='ltr'><strong>gloria</strong></span> <span class='ocrx_word' id='word_1_152' title='bbox 1307 481 1368 506; x_wconf 87' lang='lat' dir='ltr'><strong>sua,</strong></span> <span class='ocrx_word' id='word_1_153' title='bbox 1400 473 1489 501; x_wconf 82' lang='lat' dir='ltr'><strong>mittet</strong></span> <span class='ocrx_word' id='word_1_154' title='bbox 1517 474 1629 509; x_wconf 81' lang='lat' dir='ltr'><strong>angelos</strong></span> <span class='ocrx_word' id='word_1_155' title='bbox 1655 481 1721 502; x_wconf 84' lang='lat' dir='ltr'><strong>suos</strong></span> <span class='ocrx_word' id='word_1_156' title='bbox 1734 482 1797 501; x_wconf 88' lang='lat' dir='ltr'><strong>cutn</strong></span> 
     </span>
    </p>
   </div>
   <div class='ocr_carea' id='block_1_22' title="bbox 1012 519 1797 555">
    <p class='ocr_par' dir='ltr' id='par_1_22' title="bbox 1012 519 1797 555">
     <span class='ocr_line' id='line_1_22' title="bbox 1012 519 1797 555; baseline 0.003 -9"><span class='ocrx_word' id='word_1_157' title='bbox 1012 519 1076 546; x_wconf 87' lang='lat' dir='ltr'><strong>tuba</strong></span> <span class='ocrx_word' id='word_1_158' title='bbox 1091 523 1119 546; x_wconf 84' lang='lat' dir='ltr'><strong>et</strong></span> <span class='ocrx_word' id='word_1_159' title='bbox 1135 527 1202 547; x_wconf 86' lang='lat' dir='ltr'><strong>voce</strong></span> <span class='ocrx_word' id='word_1_160' title='bbox 1219 527 1329 555; x_wconf 79' lang='lat' dir='ltr'><strong>magna,</strong></span> <span class='ocrx_word' id='word_1_161' title='bbox 1340 524 1368 547; x_wconf 90' lang='lat' dir='ltr'><strong>et</strong></span> <span class='ocrx_word' id='word_1_162' title='bbox 1382 520 1587 555; x_wconf 85' lang='lat' dir='ltr'><strong>congregabunt</strong></span> <span class='ocrx_word' id='word_1_163' title='bbox 1602 521 1707 548; x_wconf 81' lang='lat' dir='ltr'><strong>electos</strong></span> <span class='ocrx_word' id='word_1_164' title='bbox 1721 527 1797 548; x_wconf 88' lang='lat' dir='ltr'><strong>meos</strong></span> 
     </span>
    </p>
   </div>
   <div class='ocr_carea' id='block_1_23' title="bbox 1012 565 1795 600">
    <p class='ocr_par' dir='ltr' id='par_1_23' title="bbox 1012 565 1795 600">
     <span class='ocr_line' id='line_1_23' title="bbox 1012 565 1795 600; baseline 0 -9"><span class='ocrx_word' id='word_1_165' title='bbox 1012 572 1027 591; x_wconf 89' lang='lat' dir='ltr'><strong>a</strong></span> <span class='ocrx_word' id='word_1_166' title='bbox 1043 565 1158 592; x_wconf 81' lang='lat' dir='ltr'><strong>summis</strong></span> <span class='ocrx_word' id='word_1_167' title='bbox 1172 566 1304 593; x_wconf 75' lang='lat' dir='ltr'><strong>coalorum</strong></span> <span class='ocrx_word' id='word_1_168' title='bbox 1317 573 1404 600; x_wconf 91' lang='lat' dir='ltr'><strong>usque</strong></span> <span class='ocrx_word' id='word_1_169' title='bbox 1417 567 1450 592; x_wconf 84' lang='lat' dir='ltr'><strong>ad</strong></span> <span class='ocrx_word' id='word_1_170' title='bbox 1473 566 1717 599; x_wconf 60' lang='lat' dir='ltr'><strong>terntinos§eorum</strong></span> <span class='ocrx_word' id='word_1_171' title='bbox 1733 565 1765 592; x_wconf 82' lang='lat'><strong>“.</strong></span> <span class='ocrx_word' id='word_1_172' title='bbox 1784 574 1795 591; x_wconf 76' lang='grc' dir='ltr'><strong>ι</strong></span> 
     </span>
    </p>
   </div>
   <div class='ocr_carea' id='block_1_24' title="bbox 1012 609 1799 645">
    <p class='ocr_par' dir='ltr' id='par_1_24' title="bbox 1012 609 1799 645">
     <span class='ocr_line' id='line_1_24' title="bbox 1012 609 1799 645; baseline -0.001 -8"><span class='ocrx_word' id='word_1_173' title='bbox 1012 609 1102 638; x_wconf 78' lang='lat' dir='ltr'><strong>Moses</strong></span> <span class='ocrx_word' id='word_1_174' title='bbox 1116 610 1197 637; x_wconf 89' lang='lat' dir='ltr'><strong>etiam</strong></span> <span class='ocrx_word' id='word_1_175' title='bbox 1213 610 1297 638; x_wconf 89' lang='lat' dir='ltr'><strong>dicit:</strong></span> <span class='ocrx_word' id='word_1_176' title='bbox 1309 619 1318 636; x_wconf 72' lang='grc' dir='ltr'><strong><em>ι</em></strong></span> <span class='ocrx_word' id='word_1_177' title='bbox 1330 610 1409 638; x_wconf 85' lang='lat' dir='ltr'><strong>Abea</strong></span> <span class='ocrx_word' id='word_1_178' title='bbox 1418 610 1461 638; x_wconf 89' lang='lat' dir='ltr'><strong>die</strong></span> <span class='ocrx_word' id='word_1_179' title='bbox 1472 617 1525 645; x_wconf 91' lang='lat' dir='ltr'><strong>qua</strong></span> <span class='ocrx_word' id='word_1_180' title='bbox 1540 611 1643 638; x_wconf 87' lang='lat' dir='ltr'><strong>creavit</strong></span> <span class='ocrx_word' id='word_1_181' title='bbox 1655 609 1727 638; x_wconf 80' lang='lat' dir='ltr'><strong>Deus</strong></span> <span class='ocrx_word' id='word_1_182' title='bbox 1749 610 1799 637; x_wconf 88' lang='lat' dir='ltr'><strong>ho-</strong></span> 
     </span>
    </p>
   </div>
   <div class='ocr_carea' id='block_1_25' title="bbox 1015 656 1796 691">
    <p class='ocr_par' dir='ltr' id='par_1_25' title="bbox 1015 656 1796 691">
     <span class='ocr_line' id='line_1_25' title="bbox 1015 656 1796 691; baseline -0.001 -8"><span class='ocrx_word' id='word_1_183' title='bbox 1015 657 1114 683; x_wconf 89' lang='lat' dir='ltr'><strong>minem</strong></span> <span class='ocrx_word' id='word_1_184' title='bbox 1129 663 1212 691; x_wconf 88' lang='lat' dir='ltr'><strong>super</strong></span> <span class='ocrx_word' id='word_1_185' title='bbox 1229 660 1331 683; x_wconf 86' lang='lat' dir='ltr'><strong>terram</strong></span> <span class='ocrx_word' id='word_1_186' title='bbox 1343 664 1430 691; x_wconf 83' lang='lat' dir='ltr'><strong>usque</strong></span> <span class='ocrx_word' id='word_1_187' title='bbox 1439 656 1471 683; x_wconf 87' lang='lat' dir='ltr'><strong>ad</strong></span> <span class='ocrx_word' id='word_1_188' title='bbox 1480 657 1665 684; x_wconf 83' lang='lat' dir='ltr'><strong>summitatem</strong></span> <span class='ocrx_word' id='word_1_189' title='bbox 1675 656 1737 684; x_wconf 79' lang='lat' dir='ltr'><strong>emli</strong></span> <span class='ocrx_word' id='word_1_190' title='bbox 1747 656 1796 683; x_wconf 70' lang='lat' dir='ltr'><strong>“.s</strong></span> 
     </span>
    </p>
   </div>
   <div class='ocr_carea' id='block_1_26' title="bbox 1015 700 1800 736">
    <p class='ocr_par' dir='ltr' id='par_1_26' title="bbox 1015 700 1800 736">
     <span class='ocr_line' id='line_1_26' title="bbox 1015 700 1800 736; baseline 0.001 -9"><span class='ocrx_word' id='word_1_191' title='bbox 1015 701 1048 728; x_wconf 84' lang='lat' dir='ltr'><strong>Et</strong></span> <span class='ocrx_word' id='word_1_192' title='bbox 1063 701 1147 728; x_wconf 81' lang='lat' dir='ltr'><strong>Isaias</strong></span> <span class='ocrx_word' id='word_1_193' title='bbox 1164 709 1171 727; x_wconf 89' lang='lat'><strong>:</strong></span> <span class='ocrx_word' id='word_1_194' title='bbox 1190 709 1200 726; x_wconf 85' lang='grc'><strong>‹</strong></span> <span class='ocrx_word' id='word_1_195' title='bbox 1220 700 1352 728; x_wconf 90' lang='lat' dir='ltr'><strong>Dominus</strong></span> <span class='ocrx_word' id='word_1_196' title='bbox 1370 700 1490 729; x_wconf 80' lang='lat' dir='ltr'><strong>Sabaoth</strong></span> <span class='ocrx_word' id='word_1_197' title='bbox 1506 701 1645 728; x_wconf 79' lang='lat' dir='ltr'><strong>mandavit</strong></span> <span class='ocrx_word' id='word_1_198' title='bbox 1655 701 1728 736; x_wconf 87' lang='lat' dir='ltr'><strong>genti</strong></span> <span class='ocrx_word' id='word_1_199' title='bbox 1742 701 1800 728; x_wconf 91' lang='lat' dir='ltr'><strong>bel-</strong></span> 
     </span>
    </p>
   </div>
   <div class='ocr_carea' id='block_1_27' title="bbox 1014 745 1800 782">
    <p class='ocr_par' dir='ltr' id='par_1_27' title="bbox 1014 745 1800 782">
     <span class='ocr_line' id='line_1_27' title="bbox 1014 745 1800 782; baseline 0.001 -10"><span class='ocrx_word' id='word_1_200' title='bbox 1014 745 1116 778; x_wconf 66' lang='lat' dir='ltr'><strong>licosze,</strong></span> <span class='ocrx_word' id='word_1_201' title='bbox 1130 750 1161 773; x_wconf 93' lang='lat' dir='ltr'><strong>ut</strong></span> <span class='ocrx_word' id='word_1_202' title='bbox 1175 746 1268 773; x_wconf 86' lang='lat' dir='ltr'><strong>veniat</strong></span> <span class='ocrx_word' id='word_1_203' title='bbox 1284 746 1318 773; x_wconf 91' lang='lat' dir='ltr'><strong>de</strong></span> <span class='ocrx_word' id='word_1_204' title='bbox 1334 751 1407 774; x_wconf 87' lang='lat' dir='ltr'><strong>terra</strong></span> <span class='ocrx_word' id='word_1_205' title='bbox 1422 747 1569 782; x_wconf 80' lang='lat' dir='ltr'><strong>longinqua</strong></span> <span class='ocrx_word' id='word_1_206' title='bbox 1581 755 1597 773; x_wconf 91' lang='lat' dir='ltr'><strong>a</strong></span> <span class='ocrx_word' id='word_1_207' title='bbox 1615 754 1722 774; x_wconf 88' lang='lat' dir='ltr'><strong>summo</strong></span> <span class='ocrx_word' id='word_1_208' title='bbox 1738 746 1800 773; x_wconf 91' lang='lat' dir='ltr'><strong>l&#39;un-</strong></span> 
     </span>
    </p>
   </div>
   <div class='ocr_carea' id='block_1_28' title="bbox 177 791 1798 829">
    <p class='ocr_par' dir='ltr' id='par_1_28' title="bbox 177 791 1798 829">
     <span class='ocr_line' id='line_1_28' title="bbox 177 791 1798 829; baseline 0.001 -11"><span class='ocrx_word' id='word_1_209' title='bbox 177 793 306 819; x_wconf 71' lang='lat' dir='ltr'><strong>damento</strong></span> <span class='ocrx_word' id='word_1_210' title='bbox 334 793 398 820; x_wconf 77' lang='lat' dir='ltr'><strong>cceli</strong></span> <span class='ocrx_word' id='word_1_211' title='bbox 425 793 458 820; x_wconf 81' lang='grc'><strong>’⁵.</strong></span> <span class='ocrx_word' id='word_1_212' title='bbox 477 802 486 818; x_wconf 75' lang='grc' dir='ltr'>ι</span> <span class='ocrx_word' id='word_1_213' title='bbox 502 793 537 819; x_wconf 80' lang='lat' dir='ltr'><strong>At</strong></span> <span class='ocrx_word' id='word_1_214' title='bbox 557 796 632 820; x_wconf 90' lang='lat' dir='ltr'><strong>certe</strong></span> <span class='ocrx_word' id='word_1_215' title='bbox 660 799 711 819; x_wconf 88' lang='lat' dir='ltr'><strong>nec</strong></span> <span class='ocrx_word' id='word_1_216' title='bbox 733 791 884 818; x_wconf 85' lang='lat' dir='ltr'><strong>animatum</strong></span> <span class='ocrx_word' id='word_1_217' title='bbox 911 795 964 824; x_wconf 90' lang='lat' dir='ltr'><strong>est,</strong></span> <span class='ocrx_word' id='word_1_218' title='bbox 981 794 1107 828; x_wconf 87' lang='lat' dir='ltr'><strong>quamvis</strong></span> <span class='ocrx_word' id='word_1_219' title='bbox 1125 793 1267 829; x_wconf 81' lang='lat' dir='ltr'><strong>Scriptura</strong></span> <span class='ocrx_word' id='word_1_220' title='bbox 1298 801 1377 822; x_wconf 82' lang='lat' dir='ltr'><strong>sacra</strong></span> <span class='ocrx_word' id='word_1_221' title='bbox 1402 794 1559 822; x_wconf 80' lang='lat' dir='ltr'><strong>universum</strong></span> <span class='ocrx_word' id='word_1_222' title='bbox 1584 794 1715 821; x_wconf 88' lang='lat' dir='ltr'><strong>mundum</strong></span> <span class='ocrx_word' id='word_1_223' title='bbox 1751 800 1798 829; x_wconf 88' lang='lat' dir='ltr'><strong>per</strong></span> 
     </span>
    </p>
   </div>
   <div class='ocr_carea' id='block_1_29' title="bbox 180 838 1791 876">
    <p class='ocr_par' dir='ltr' id='par_1_29' title="bbox 180 838 1791 876">
     <span class='ocr_line' id='line_1_29' title="bbox 180 838 1791 876; baseline 0.001 -11"><span class='ocrx_word' id='word_1_224' title='bbox 180 841 402 874; x_wconf 71' lang='lat' dir='ltr'><strong>prosopopoeiam</strong></span> <span class='ocrx_word' id='word_1_225' title='bbox 420 843 609 873; x_wconf 65' lang='lat' dir='ltr'><strong>reprasentet,</strong></span> <span class='ocrx_word' id='word_1_226' title='bbox 624 843 653 865; x_wconf 94' lang='lat' dir='ltr'><strong>ut</strong></span> <span class='ocrx_word' id='word_1_227' title='bbox 668 838 776 866; x_wconf 83' lang='lat' dir='ltr'><strong>scilicet</strong></span> <span class='ocrx_word' id='word_1_228' title='bbox 799 838 888 873; x_wconf 83' lang='lat' dir='ltr'><strong>major</strong></span> <span class='ocrx_word' id='word_1_229' title='bbox 906 839 1022 866; x_wconf 75' lang='lat' dir='ltr'><strong>orationi</strong></span> <span class='ocrx_word' id='word_1_230' title='bbox 1036 839 1100 867; x_wconf 91' lang='lat' dir='ltr'><strong>inde</strong></span> <span class='ocrx_word' id='word_1_231' title='bbox 1116 840 1228 868; x_wconf 81' lang='lat' dir='ltr'><strong>accedat</strong></span> <span class='ocrx_word' id='word_1_232' title='bbox 1261 841 1313 872; x_wconf 83' lang='lat' dir='ltr'><strong>vis.</strong></span> <span class='ocrx_word' id='word_1_233' title='bbox 1337 840 1435 868; x_wconf 82' lang='lat' dir='ltr'><strong>ﬂuvios</strong></span> <span class='ocrx_word' id='word_1_234' title='bbox 1472 840 1598 868; x_wconf 86' lang='lat' dir='ltr'><strong>manibus</strong></span> <span class='ocrx_word' id='word_1_235' title='bbox 1631 840 1791 876; x_wconf 84' lang='lat' dir='ltr'><strong>plaudentes</strong></span> 
     </span>
    </p>
   </div>
   <div class='ocr_carea' id='block_1_30' title="bbox 178 884 1796 921">
    <p class='ocr_par' dir='ltr' id='par_1_30' title="bbox 178 884 1796 921">
     <span class='ocr_line' id='line_1_30' title="bbox 178 884 1796 921; baseline 0.001 -10"><span class='ocrx_word' id='word_1_236' title='bbox 178 884 321 919; x_wconf 80' lang='lat' dir='ltr'><strong>inducens,</strong></span> <span class='ocrx_word' id='word_1_237' title='bbox 338 890 366 913; x_wconf 89' lang='lat' dir='ltr'><strong>et</strong></span> <span class='ocrx_word' id='word_1_238' title='bbox 388 885 473 913; x_wconf 88' lang='lat' dir='ltr'><strong>colles</strong></span> <span class='ocrx_word' id='word_1_239' title='bbox 486 885 628 916; x_wconf 82' lang='lat' dir='ltr'><strong>saltantes,</strong></span> <span class='ocrx_word' id='word_1_240' title='bbox 644 890 806 919; x_wconf 72' lang='lat' dir='ltr'><strong>montesque</strong></span> <span class='ocrx_word' id='word_1_241' title='bbox 817 884 998 919; x_wconf 80' lang='lat' dir='ltr'><strong>exsultantes,</strong></span> <span class='ocrx_word' id='word_1_242' title='bbox 1033 890 1063 913; x_wconf 89' lang='lat' dir='ltr'><strong>ut</strong></span> <span class='ocrx_word' id='word_1_243' title='bbox 1093 886 1157 914; x_wconf 89' lang='lat' dir='ltr'><strong>inde</strong></span> <span class='ocrx_word' id='word_1_244' title='bbox 1189 886 1324 915; x_wconf 87' lang='lat' dir='ltr'><strong>bonorum</strong></span> <span class='ocrx_word' id='word_1_245' title='bbox 1348 886 1531 918; x_wconf 66' lang='lat' dir='ltr'><strong>intelligamus</strong></span> <span class='ocrx_word' id='word_1_246' title='bbox 1562 888 1796 921; x_wconf 77' lang='lat' dir='ltr'><strong>exsuperantiam.</strong></span> 
     </span>
    </p>
   </div>
   <div class='ocr_carea' id='block_1_31' title="bbox 177 930 1798 968">
    <p class='ocr_par' dir='ltr' id='par_1_31' title="bbox 177 930 1798 968">
     <span class='ocr_line' id='line_1_31' title="bbox 177 930 1798 968; baseline 0 -9"><span class='ocrx_word' id='word_1_247' title='bbox 177 940 240 966; x_wconf 75' lang='lat' dir='ltr'><strong>quae</strong></span> <span class='ocrx_word' id='word_1_248' title='bbox 251 939 333 959; x_wconf 84' lang='lat' dir='ltr'><strong>sensu</strong></span> <span class='ocrx_word' id='word_1_249' title='bbox 348 939 457 967; x_wconf 86' lang='lat' dir='ltr'><strong>quoque</strong></span> <span class='ocrx_word' id='word_1_250' title='bbox 470 931 601 959; x_wconf 86' lang='lat' dir='ltr'><strong>destituta</strong></span> <span class='ocrx_word' id='word_1_251' title='bbox 613 932 690 963; x_wconf 87' lang='lat' dir='ltr'><strong>quasi</strong></span> <span class='ocrx_word' id='word_1_252' title='bbox 706 930 814 958; x_wconf 77' lang='lat' dir='ltr'><strong>alliciat.</strong></span> <span class='ocrx_word' id='word_1_253' title='bbox 827 930 856 957; x_wconf 96' lang='lat' dir='ltr'><strong>ln</strong></span> <span class='ocrx_word' id='word_1_254' title='bbox 871 930 997 959; x_wconf 81' lang='lat' dir='ltr'><strong>tristibus</strong></span> <span class='ocrx_word' id='word_1_255' title='bbox 1013 939 1125 968; x_wconf 88' lang='lat' dir='ltr'><strong>quoque</strong></span> <span class='ocrx_word' id='word_1_256' title='bbox 1139 933 1222 961; x_wconf 81' lang='lat' dir='ltr'><strong>rebus</strong></span> <span class='ocrx_word' id='word_1_257' title='bbox 1247 933 1318 960; x_wconf 87' lang='lat' dir='ltr'><strong>haud</strong></span> <span class='ocrx_word' id='word_1_258' title='bbox 1354 941 1417 960; x_wconf 83' lang='lat' dir='ltr'><strong>raro</strong></span> <span class='ocrx_word' id='word_1_259' title='bbox 1452 933 1503 960; x_wconf 89' lang='lat' dir='ltr'><strong>hoc</strong></span> <span class='ocrx_word' id='word_1_260' title='bbox 1534 932 1599 960; x_wconf 82' lang='lat' dir='ltr'><strong>facit</strong></span> <span class='ocrx_word' id='word_1_261' title='bbox 1631 933 1774 968; x_wconf 82' lang='lat' dir='ltr'><strong>Scriptura</strong></span> <span class='ocrx_word' id='word_1_262' title='bbox 1790 953 1798 964; x_wconf 82' lang='lat'><strong>,</strong></span> 
     </span>
    </p>
   </div>
   <div class='ocr_carea' id='block_1_32' title="bbox 177 976 1801 1014">
    <p class='ocr_par' dir='ltr' id='par_1_32' title="bbox 177 976 1801 1014">
     <span class='ocr_line' id='line_1_32' title="bbox 177 976 1801 1014; baseline 0.002 -10"><span class='ocrx_word' id='word_1_263' title='bbox 177 978 259 1006; x_wconf 75' lang='lat' dir='ltr'><strong>vitem</strong></span> <span class='ocrx_word' id='word_1_264' title='bbox 275 978 377 1006; x_wconf 85' lang='lat' dir='ltr'><strong>sistens</strong></span> <span class='ocrx_word' id='word_1_265' title='bbox 389 978 523 1013; x_wconf 82' lang='lat' dir='ltr'><strong>lacrymas</strong></span> <span class='ocrx_word' id='word_1_266' title='bbox 537 977 708 1009; x_wconf 79' lang='lat' dir='ltr'><strong>fundentem,</strong></span> <span class='ocrx_word' id='word_1_267' title='bbox 725 981 752 1004; x_wconf 88' lang='lat' dir='ltr'><strong>et</strong></span> <span class='ocrx_word' id='word_1_268' title='bbox 783 976 877 1005; x_wconf 86' lang='lat' dir='ltr'><strong>vinum</strong></span> <span class='ocrx_word' id='word_1_269' title='bbox 904 981 1064 1014; x_wconf 83' lang='lat' dir='ltr'><strong>montesque</strong></span> <span class='ocrx_word' id='word_1_270' title='bbox 1097 983 1125 1007; x_wconf 89' lang='lat' dir='ltr'><strong>et</strong></span> <span class='ocrx_word' id='word_1_271' title='bbox 1158 980 1297 1014; x_wconf 83' lang='lat' dir='ltr'><strong>laquearia</strong></span> <span class='ocrx_word' id='word_1_272' title='bbox 1310 979 1402 1014; x_wconf 85' lang='lat' dir='ltr'><strong>templi</strong></span> <span class='ocrx_word' id='word_1_273' title='bbox 1418 979 1560 1014; x_wconf 82' lang='lat' dir='ltr'><strong>ejulantia.</strong></span> <span class='ocrx_word' id='word_1_274' title='bbox 1576 985 1687 1014; x_wconf 89' lang='lat' dir='ltr'><strong>propter</strong></span> <span class='ocrx_word' id='word_1_275' title='bbox 1700 981 1801 1007; x_wconf 82' lang='lat' dir='ltr'><strong>ntalo-‘</strong></span> 
     </span>
    </p>
   </div>
   <div class='ocr_carea' id='block_1_33' title="bbox 177 1021 1799 1058">
    <p class='ocr_par' dir='ltr' id='par_1_33' title="bbox 177 1021 1799 1058">
     <span class='ocr_line' id='line_1_33' title="bbox 177 1021 1799 1058; baseline -0.001 -7"><span class='ocrx_word' id='word_1_276' title='bbox 177 1033 238 1052; x_wconf 87' lang='lat' dir='ltr'><strong>rum</strong></span> <span class='ocrx_word' id='word_1_277' title='bbox 262 1023 487 1058; x_wconf 70' lang='lat' dir='ltr'><strong>magnitudinem.</strong></span> <span class='ocrx_word' id='word_1_278' title='bbox 499 1021 671 1057; x_wconf 85' lang='lat' dir='ltr'><strong>Quapropter</strong></span> <span class='ocrx_word' id='word_1_279' title='bbox 684 1026 711 1048; x_wconf 85' lang='lat' dir='ltr'><strong>et</strong></span> <span class='ocrx_word' id='word_1_280' title='bbox 726 1022 836 1049; x_wconf 89' lang='lat' dir='ltr'><strong>divinus</strong></span> <span class='ocrx_word' id='word_1_281' title='bbox 852 1021 998 1056; x_wconf 79' lang='lat' dir='ltr'><strong>Apostolus</strong></span> <span class='ocrx_word' id='word_1_282' title='bbox 1014 1022 1185 1058; x_wconf 67' lang='lat' dir='ltr'><strong>ingemiscere</strong></span> <span class='ocrx_word' id='word_1_283' title='bbox 1199 1028 1223 1051; x_wconf 85' lang='lat' dir='ltr'><strong>el</strong></span> <span class='ocrx_word' id='word_1_284' title='bbox 1237 1024 1373 1058; x_wconf 82' lang='lat' dir='ltr'><strong>parturire</strong></span> <span class='ocrx_word' id='word_1_285' title='bbox 1388 1023 1455 1051; x_wconf 85' lang='lat' dir='ltr'><strong>dicit</strong></span> <span class='ocrx_word' id='word_1_286' title='bbox 1469 1028 1620 1051; x_wconf 74' lang='lat' dir='ltr'><strong>creaturam</strong></span> <span class='ocrx_word' id='word_1_287' title='bbox 1636 1024 1669 1056; x_wconf 82' lang='lat'><strong>“,</strong></span> <span class='ocrx_word' id='word_1_288' title='bbox 1681 1029 1712 1052; x_wconf 89' lang='lat' dir='ltr'><strong>ut</strong></span> <span class='ocrx_word' id='word_1_289' title='bbox 1725 1024 1799 1052; x_wconf 80' lang='lat' dir='ltr'><strong>futu-</strong></span> 
     </span>
    </p>
   </div>
   <div class='ocr_carea' id='block_1_34' title="bbox 175 1067 1797 1106">
    <p class='ocr_par' dir='ltr' id='par_1_34' title="bbox 175 1067 1797 1106">
     <span class='ocr_line' id='line_1_34' title="bbox 175 1067 1797 1106; baseline 0 -8"><span class='ocrx_word' id='word_1_290' title='bbox 175 1078 270 1098; x_wconf 83' lang='lat' dir='ltr'><strong>rorum</strong></span> <span class='ocrx_word' id='word_1_291' title='bbox 284 1070 416 1096; x_wconf 86' lang='lat' dir='ltr'><strong>bonorum</strong></span> <span class='ocrx_word' id='word_1_292' title='bbox 427 1067 584 1096; x_wconf 82' lang='lat' dir='ltr'><strong>ostenderet</strong></span> <span class='ocrx_word' id='word_1_293' title='bbox 598 1067 798 1101; x_wconf 80' lang='lat' dir='ltr'><strong>excellentiam,</strong></span> <span class='ocrx_word' id='word_1_294' title='bbox 814 1071 840 1094; x_wconf 90' lang='lat' dir='ltr'><strong>et</strong></span> <span class='ocrx_word' id='word_1_295' title='bbox 855 1067 1020 1095; x_wconf 86' lang='lat' dir='ltr'><strong>desiderium</strong></span> <span class='ocrx_word' id='word_1_296' title='bbox 1053 1068 1225 1098; x_wconf 90' lang='lat' dir='ltr'><strong>liberationis</strong></span> <span class='ocrx_word' id='word_1_297' title='bbox 1244 1077 1260 1097; x_wconf 91' lang='lat' dir='ltr'><strong>a</strong></span> <span class='ocrx_word' id='word_1_298' title='bbox 1294 1069 1373 1097; x_wconf 85' lang='lat' dir='ltr'><strong>malis</strong></span> <span class='ocrx_word' id='word_1_299' title='bbox 1409 1070 1590 1106; x_wconf 86' lang='lat' dir='ltr'><strong>undequaque</strong></span> <span class='ocrx_word' id='word_1_300' title='bbox 1613 1071 1797 1099; x_wconf 62' lang='lat' dir='ltr'><strong>circumstano</strong></span> 
     </span>
    </p>
   </div>
   <div class='ocr_carea' id='block_1_35' title="bbox 175 1112 1798 1153">
    <p class='ocr_par' dir='ltr' id='par_1_35' title="bbox 175 1112 1798 1153">
     <span class='ocr_line' id='line_1_35' title="bbox 175 1112 1798 1153; baseline 0.001 -8"><span class='ocrx_word' id='word_1_301' title='bbox 175 1118 261 1145; x_wconf 85' lang='lat' dir='ltr'><strong>tibus.</strong></span> <span class='ocrx_word' id='word_1_302' title='bbox 285 1116 320 1142; x_wconf 79' lang='lat' dir='ltr'><strong>At</strong></span> <span class='ocrx_word' id='word_1_303' title='bbox 339 1122 390 1143; x_wconf 82' lang='lat' dir='ltr'><strong>nec</strong></span> <span class='ocrx_word' id='word_1_304' title='bbox 406 1119 539 1142; x_wconf 68' lang='lat' dir='ltr'><strong>aeternum</strong></span> <span class='ocrx_word' id='word_1_305' title='bbox 555 1118 598 1142; x_wconf 88' lang='lat' dir='ltr'><strong>est</strong></span> <span class='ocrx_word' id='word_1_306' title='bbox 621 1113 731 1146; x_wconf 75' lang='lat' dir='ltr'><strong>cmlum,</strong></span> <span class='ocrx_word' id='word_1_307' title='bbox 749 1112 777 1140; x_wconf 89' lang='lat' dir='ltr'><strong>id</strong></span> <span class='ocrx_word' id='word_1_308' title='bbox 795 1114 868 1140; x_wconf 86' lang='lat' dir='ltr'><strong>enim</strong></span> <span class='ocrx_word' id='word_1_309' title='bbox 883 1114 957 1149; x_wconf 88' lang='lat' dir='ltr'><strong>quod</strong></span> <span class='ocrx_word' id='word_1_310' title='bbox 976 1118 1108 1142; x_wconf 75' lang='lat' dir='ltr'><strong>teternum</strong></span> <span class='ocrx_word' id='word_1_311' title='bbox 1136 1119 1190 1147; x_wconf 84' lang='lat' dir='ltr'><strong>est,</strong></span> <span class='ocrx_word' id='word_1_312' title='bbox 1211 1117 1336 1151; x_wconf 87' lang='lat' dir='ltr'><strong>corporis</strong></span> <span class='ocrx_word' id='word_1_313' title='bbox 1353 1124 1450 1151; x_wconf 89' lang='lat' dir='ltr'><strong>expers</strong></span> <span class='ocrx_word' id='word_1_314' title='bbox 1466 1121 1493 1144; x_wconf 87' lang='lat' dir='ltr'><strong>et</strong></span> <span class='ocrx_word' id='word_1_315' title='bbox 1512 1117 1607 1153; x_wconf 73' lang='lat' dir='ltr'><strong>ﬁgura:</strong></span> <span class='ocrx_word' id='word_1_316' title='bbox 1639 1122 1692 1151; x_wconf 85' lang='lat' dir='ltr'><strong>est,</strong></span> <span class='ocrx_word' id='word_1_317' title='bbox 1729 1119 1798 1146; x_wconf 84' lang='lat' dir='ltr'><strong>sitn-</strong></span> 
     </span>
    </p>
   </div>
   <div class='ocr_carea' id='block_1_36' title="bbox 175 1160 838 1200">
    <p class='ocr_par' dir='ltr' id='par_1_36' title="bbox 175 1160 838 1200">
     <span class='ocr_line' id='line_1_36' title="bbox 175 1160 838 1200; baseline -0.008 -8"><span class='ocrx_word' id='word_1_318' title='bbox 175 1165 237 1200; x_wconf 84' lang='lat' dir='ltr'><strong>plex</strong></span> <span class='ocrx_word' id='word_1_319' title='bbox 251 1166 394 1198; x_wconf 65' lang='lat' dir='ltr'><strong>praeterea,</strong></span> <span class='ocrx_word' id='word_1_320' title='bbox 410 1166 437 1188; x_wconf 87' lang='lat' dir='ltr'><strong>et</strong></span> <span class='ocrx_word' id='word_1_321' title='bbox 451 1160 642 1189; x_wconf 79' lang='lat' dir='ltr'><strong>circumscribi</strong></span> <span class='ocrx_word' id='word_1_322' title='bbox 663 1167 717 1187; x_wconf 91' lang='lat' dir='ltr'><strong>non</strong></span> <span class='ocrx_word' id='word_1_323' title='bbox 738 1165 838 1195; x_wconf 88' lang='lat' dir='ltr'><strong>potest.</strong></span> 
     </span>
    </p>
   </div>
   <div class='ocr_carea' id='block_1_37' title="bbox 216 1207 964 1245">
    <p class='ocr_par' dir='ltr' id='par_1_37' title="bbox 216 1207 962 1245">
     <span class='ocr_line' id='line_1_37' title="bbox 216 1207 962 1245; baseline -0.003 -7"><span class='ocrx_word' id='word_1_324' title='bbox 216 1211 248 1239; x_wconf 83' lang='grc' dir='ltr'><strong>Ἡ</strong></span> <span class='ocrx_word' id='word_1_325' title='bbox 273 1210 308 1237; x_wconf 78' lang='grc' dir='ltr'><strong>δὲ</strong></span> <span class='ocrx_word' id='word_1_326' title='bbox 327 1209 366 1245; x_wconf 73' lang='grc' dir='ltr'>τῆ</span> <span class='ocrx_word' id='word_1_327' title='bbox 390 1207 430 1245; x_wconf 86' lang='grc' dir='ltr'><strong>ἦν</strong></span> <span class='ocrx_word' id='word_1_328' title='bbox 454 1209 581 1244; x_wconf 78' lang='grc' dir='ltr'><strong>ἀόρατος</strong></span> <span class='ocrx_word' id='word_1_329' title='bbox 600 1208 651 1236; x_wconf 72' lang='grc' dir='ltr'><strong>καὶ</strong></span> <span class='ocrx_word' id='word_1_330' title='bbox 684 1209 962 1242; x_wconf 77' lang='grc' dir='ltr'><strong>ἁκατασκεύαστος.</strong></span> 
     </span>
    </p>
   </div>
   <div class='ocr_carea' id='block_1_38' title="bbox 1015 1207 1797 1245">
    <p class='ocr_par' dir='ltr' id='par_1_38' title="bbox 1051 1207 1797 1238">
     <span class='ocr_line' id='line_1_38' title="bbox 1051 1207 1797 1238; baseline 0.004 -4"><span class='ocrx_word' id='word_1_331' title='bbox 1051 1207 1134 1236; x_wconf 72' lang='lat' dir='ltr'><strong>Vens.</strong></span> <span class='ocrx_word' id='word_1_332' title='bbox 1150 1208 1178 1235; x_wconf 73' lang='lat'><strong>2.</strong></span> <span class='ocrx_word' id='word_1_333' title='bbox 1202 1208 1286 1236; x_wconf 85' lang='lat' dir='ltr'><strong>Terra</strong></span> <span class='ocrx_word' id='word_1_334' title='bbox 1303 1212 1391 1236; x_wconf 77' lang='lat' dir='ltr'><strong>autent</strong></span> <span class='ocrx_word' id='word_1_335' title='bbox 1412 1213 1470 1236; x_wconf 79' lang='lat' dir='ltr'><strong>erat</strong></span> <span class='ocrx_word' id='word_1_336' title='bbox 1490 1209 1632 1237; x_wconf 68' lang='lat' dir='ltr'><strong>invisibilis</strong></span> <span class='ocrx_word' id='word_1_337' title='bbox 1646 1214 1671 1236; x_wconf 75' lang='lat' dir='ltr'><strong>et</strong></span> <span class='ocrx_word' id='word_1_338' title='bbox 1688 1210 1797 1238; x_wconf 74' lang='lat' dir='ltr'><strong>incom-</strong></span> 
     </span>
    </p>
   </div>
   <div class='ocr_carea' id='block_1_39' title="bbox 180 1253 964 1292">
    <p class='ocr_par' dir='ltr' id='par_1_39' title="bbox 180 1254 960 1292">
     <span class='ocr_line' id='line_1_39' title="bbox 180 1254 960 1292; baseline -0.005 -8"><span class='ocrx_word' id='word_1_339' title='bbox 180 1257 310 1292; x_wconf 78' lang='grc' dir='ltr'><strong>’Λόρατόν</strong></span> <span class='ocrx_word' id='word_1_340' title='bbox 329 1263 413 1291; x_wconf 83' lang='grc' dir='ltr'><strong>φησιν</strong></span> <span class='ocrx_word' id='word_1_341' title='bbox 423 1255 482 1291; x_wconf 84' lang='lat' dir='ltr'><strong>(It),</strong></span> <span class='ocrx_word' id='word_1_342' title='bbox 501 1255 551 1291; x_wconf 83' lang='grc' dir='ltr'><strong>οὐχ</strong></span> <span class='ocrx_word' id='word_1_343' title='bbox 562 1255 600 1288; x_wconf 83' lang='grc' dir='ltr'>ὡς</span> <span class='ocrx_word' id='word_1_344' title='bbox 616 1255 653 1291; x_wconf 86' lang='grc' dir='ltr'><strong>μὴ</strong></span> <span class='ocrx_word' id='word_1_345' title='bbox 667 1254 821 1289; x_wconf 79' lang='grc' dir='ltr'><strong>πεφυκυῖαν</strong></span> <span class='ocrx_word' id='word_1_346' title='bbox 835 1254 960 1290; x_wconf 76' lang='grc' dir='ltr'><strong>ὁρᾶσθαι,</strong></span> 
     </span>
    </p>
   </div>
   <div class='ocr_carea' id='block_1_40' title="bbox 1015 1253 1799 1292">
    <p class='ocr_par' dir='ltr' id='par_1_40' title="bbox 1015 1253 1799 1290">
     <span class='ocr_line' id='line_1_40' title="bbox 1015 1253 1799 1290; baseline 0.003 -9"><span class='ocrx_word' id='word_1_347' title='bbox 1015 1255 1113 1288; x_wconf 77' lang='lat' dir='ltr'><strong>posita.</strong></span> <span class='ocrx_word' id='word_1_348' title='bbox 1130 1253 1298 1281; x_wconf 83' lang='lat' dir='ltr'><strong>lnvisibilem</strong></span> <span class='ocrx_word' id='word_1_349' title='bbox 1308 1253 1376 1282; x_wconf 90' lang='lat' dir='ltr'><strong>dicit</strong></span> <span class='ocrx_word' id='word_1_350' title='bbox 1405 1262 1458 1282; x_wconf 89' lang='lat' dir='ltr'><strong>non</strong></span> <span class='ocrx_word' id='word_1_351' title='bbox 1472 1255 1544 1290; x_wconf 69' lang='lat' dir='ltr'><strong>quod</strong></span> <span class='ocrx_word' id='word_1_352' title='bbox 1571 1259 1634 1290; x_wconf 88' lang='lat' dir='ltr'><strong>apta</strong></span> <span class='ocrx_word' id='word_1_353' title='bbox 1648 1261 1712 1283; x_wconf 86' lang='lat' dir='ltr'><strong>nata</strong></span> <span class='ocrx_word' id='word_1_354' title='bbox 1726 1256 1799 1284; x_wconf 90' lang='lat' dir='ltr'><strong>haud</strong></span> 
     </span>
    </p>
   </div>
   <div class='ocr_carea' id='block_1_41' title="bbox 176 1298 964 1337">
    <p class='ocr_par' dir='ltr' id='par_1_41' title="bbox 176 1298 962 1337">
     <span class='ocr_line' id='line_1_41' title="bbox 176 1298 962 1337; baseline -0.005 -7"><span class='ocrx_word' id='word_1_355' title='bbox 176 1303 234 1330; x_wconf 81' lang='grc' dir='ltr'>ἀλλ’</span> <span class='ocrx_word' id='word_1_356' title='bbox 251 1302 290 1333; x_wconf 82' lang='grc' dir='ltr'><strong>ὡς</strong></span> <span class='ocrx_word' id='word_1_357' title='bbox 303 1301 403 1337; x_wconf 82' lang='grc' dir='ltr'><strong>ὸρατὴν</strong></span> <span class='ocrx_word' id='word_1_358' title='bbox 417 1300 466 1336; x_wconf 80' lang='grc' dir='ltr'><strong>μὲν</strong></span> <span class='ocrx_word' id='word_1_359' title='bbox 477 1300 568 1335; x_wconf 83' lang='grc' dir='ltr'><strong>φύσει,</strong></span> <span class='ocrx_word' id='word_1_360' title='bbox 580 1300 773 1336; x_wconf 79' lang='grc' dir='ltr'><strong>κρυπτομένην</strong></span> <span class='ocrx_word' id='word_1_361' title='bbox 786 1299 816 1326; x_wconf 81' lang='grc' dir='ltr'><strong>δὲ</strong></span> <span class='ocrx_word' id='word_1_362' title='bbox 827 1301 884 1331; x_wconf 79' lang='grc' dir='ltr'><strong>τοῖς</strong></span> <span class='ocrx_word' id='word_1_363' title='bbox 898 1298 962 1326; x_wconf 75' lang='grc' dir='ltr'><strong>ὕδαο</strong></span> 
     </span>
    </p>
   </div>
   <div class='ocr_carea' id='block_1_42' title="bbox 1015 1298 1798 1337">
    <p class='ocr_par' dir='ltr' id='par_1_42' title="bbox 1015 1299 1798 1334">
     <span class='ocr_line' id='line_1_42' title="bbox 1015 1299 1798 1334; baseline 0.003 -8"><span class='ocrx_word' id='word_1_364' title='bbox 1015 1299 1096 1326; x_wconf 82' lang='lat' dir='ltr'><strong>fuerit</strong></span> <span class='ocrx_word' id='word_1_365' title='bbox 1108 1303 1138 1326; x_wconf 90' lang='lat' dir='ltr'><strong>ut</strong></span> <span class='ocrx_word' id='word_1_366' title='bbox 1149 1299 1300 1332; x_wconf 89' lang='lat' dir='ltr'><strong>videretur,</strong></span> <span class='ocrx_word' id='word_1_367' title='bbox 1316 1300 1363 1327; x_wconf 90' lang='lat' dir='ltr'><strong>sed</strong></span> <span class='ocrx_word' id='word_1_368' title='bbox 1382 1299 1456 1334; x_wconf 90' lang='lat' dir='ltr'><strong>quod</strong></span> <span class='ocrx_word' id='word_1_369' title='bbox 1475 1300 1556 1334; x_wconf 83' lang='lat' dir='ltr'><strong>aquis</strong></span> <span class='ocrx_word' id='word_1_370' title='bbox 1575 1300 1682 1328; x_wconf 86' lang='lat' dir='ltr'><strong>oblecta</strong></span> <span class='ocrx_word' id='word_1_371' title='bbox 1705 1300 1798 1332; x_wconf 78' lang='lat' dir='ltr'><strong>fuerit.</strong></span> 
     </span>
    </p>
   </div>
   <div class='ocr_carea' id='block_1_43' title="bbox 177 1345 964 1382">
    <p class='ocr_par' dir='ltr' id='par_1_43' title="bbox 177 1345 964 1382">
     <span class='ocr_line' id='line_1_43' title="bbox 177 1345 964 1382; baseline -0.005 -7"><span class='ocrx_word' id='word_1_372' title='bbox 177 1357 230 1375; x_wconf 84' lang='grc' dir='ltr'><strong>σιν.</strong></span> <span class='ocrx_word' id='word_1_373' title='bbox 243 1345 300 1374; x_wconf 81' lang='grc' dir='ltr'><strong>Ἦν</strong></span> <span class='ocrx_word' id='word_1_374' title='bbox 325 1346 391 1381; x_wconf 79' lang='grc' dir='ltr'><strong>γοῦν</strong></span> <span class='ocrx_word' id='word_1_375' title='bbox 408 1346 534 1382; x_wconf 81' lang='grc' dir='ltr'><strong>ἀόρατος,</strong></span> <span class='ocrx_word' id='word_1_376' title='bbox 552 1345 626 1373; x_wconf 80' lang='grc' dir='ltr'><strong>τοῦτ’</strong></span> <span class='ocrx_word' id='word_1_377' title='bbox 649 1345 723 1373; x_wconf 79' lang='grc' dir='ltr'><strong>ἐστιν</strong></span> <span class='ocrx_word' id='word_1_378' title='bbox 748 1345 902 1380; x_wconf 81' lang='grc' dir='ltr'><strong>ἀκόσμητος</strong></span> <span class='ocrx_word' id='word_1_379' title='bbox 915 1345 964 1372; x_wconf 73' lang='grc' dir='ltr'><strong>καὶ</strong></span> 
     </span>
    </p>
   </div>
   <div class='ocr_carea' id='block_1_44' title="bbox 177 1390 964 1428">
    <p class='ocr_par' dir='ltr' id='par_1_44' title="bbox 177 1390 964 1428">
     <span class='ocr_line' id='line_1_44' title="bbox 177 1390 964 1428; baseline -0.003 -9"><span class='ocrx_word' id='word_1_380' title='bbox 177 1393 253 1420; x_wconf 72' lang='grc' dir='ltr'>οὔπω</span> <span class='ocrx_word' id='word_1_381' title='bbox 268 1392 332 1423; x_wconf 78' lang='grc' dir='ltr'><strong>οέας</strong></span> <span class='ocrx_word' id='word_1_382' title='bbox 346 1391 420 1424; x_wconf 77' lang='grc' dir='ltr'><strong>ἀξία.</strong></span> <span class='ocrx_word' id='word_1_383' title='bbox 452 1391 482 1418; x_wconf 84' lang='lat'><strong>&#39;0</strong></span> <span class='ocrx_word' id='word_1_384' title='bbox 501 1391 555 1428; x_wconf 84' lang='grc' dir='ltr'><strong>γὰρ</strong></span> <span class='ocrx_word' id='word_1_385' title='bbox 582 1391 700 1423; x_wconf 79' lang='grc' dir='ltr'>Ἀκύλας</span> <span class='ocrx_word' id='word_1_386' title='bbox 728 1391 788 1418; x_wconf 61' lang='grc' dir='ltr'><strong>ἀντὶ¹</strong></span> <span class='ocrx_word' id='word_1_387' title='bbox 809 1390 857 1417; x_wconf 82' lang='grc' dir='ltr'><strong>τοῦ</strong></span> <span class='ocrx_word' id='word_1_388' title='bbox 874 1390 964 1425; x_wconf 80' lang='grc' dir='ltr'><strong>ἀόρα-</strong></span> 
     </span>
    </p>
   </div>
   <div class='ocr_carea' id='block_1_45' title="bbox 178 1436 962 1472">
    <p class='ocr_par' dir='ltr' id='par_1_45' title="bbox 178 1436 962 1472">
     <span class='ocr_line' id='line_1_45' title="bbox 178 1436 962 1472; baseline -0.004 -7"><span class='ocrx_word' id='word_1_389' title='bbox 178 1448 229 1472; x_wconf 78' lang='grc' dir='ltr'><strong>τος</strong></span> <span class='ocrx_word' id='word_1_390' title='bbox 245 1437 305 1465; x_wconf 75' lang='grc' dir='ltr'>εἷπε</span> <span class='ocrx_word' id='word_1_391' title='bbox 329 1438 414 1472; x_wconf 79' lang='grc' dir='ltr'><strong>κενὴ,</strong></span> <span class='ocrx_word' id='word_1_392' title='bbox 431 1437 503 1464; x_wconf 83' lang='grc' dir='ltr'><strong>τοῦτ’</strong></span> <span class='ocrx_word' id='word_1_393' title='bbox 521 1437 580 1464; x_wconf 76' lang='grc' dir='ltr'><strong>ἐστι</strong></span> <span class='ocrx_word' id='word_1_394' title='bbox 604 1437 708 1472; x_wconf 82' lang='grc' dir='ltr'><strong>κόσμου</strong></span> <span class='ocrx_word' id='word_1_395' title='bbox 731 1436 832 1468; x_wconf 73' lang='grc' dir='ltr'><strong>παντὸς</strong></span> <span class='ocrx_word' id='word_1_396' title='bbox 847 1437 962 1472; x_wconf 72' lang='grc' dir='ltr'><strong>ἑστερη-</strong></span> 
     </span>
    </p>
   </div>
   <div class='ocr_carea' id='block_1_46' title="bbox 180 1482 962 1519">
    <p class='ocr_par' dir='ltr' id='par_1_46' title="bbox 180 1482 962 1519">
     <span class='ocr_line' id='line_1_46' title="bbox 180 1482 962 1519; baseline -0.003 -9"><span class='ocrx_word' id='word_1_397' title='bbox 180 1484 258 1519; x_wconf 78' lang='grc' dir='ltr'><strong>μένη,</strong></span> <span class='ocrx_word' id='word_1_398' title='bbox 268 1484 328 1515; x_wconf 77' lang='grc' dir='ltr'><strong>ὅσος</strong></span> <span class='ocrx_word' id='word_1_399' title='bbox 339 1484 369 1510; x_wconf 84' lang='grc' dir='ltr'><strong>ὲν</strong></span> <span class='ocrx_word' id='word_1_400' title='bbox 379 1484 471 1517; x_wconf 83' lang='grc' dir='ltr'><strong>φυτοῖς</strong></span> <span class='ocrx_word' id='word_1_401' title='bbox 486 1484 580 1518; x_wconf 78' lang='grc' dir='ltr'><strong>ὁρᾶται</strong></span> <span class='ocrx_word' id='word_1_402' title='bbox 590 1483 637 1509; x_wconf 75' lang='grc' dir='ltr'><strong>καὶ</strong></span> <span class='ocrx_word' id='word_1_403' title='bbox 649 1483 781 1518; x_wconf 76' lang='grc' dir='ltr'><strong>ποταμοῖς</strong></span> <span class='ocrx_word' id='word_1_404' title='bbox 793 1482 840 1509; x_wconf 78' lang='grc' dir='ltr'><strong>καὶ</strong></span> <span class='ocrx_word' id='word_1_405' title='bbox 850 1483 962 1518; x_wconf 77' lang='grc' dir='ltr'><strong>πηγαῖς.</strong></span> 
     </span>
    </p>
   </div>
   <div class='ocr_carea' id='block_1_47' title="bbox 179 1526 963 1563">
    <p class='ocr_par' dir='ltr' id='par_1_47' title="bbox 179 1526 963 1563">
     <span class='ocr_line' id='line_1_47' title="bbox 179 1526 963 1563; baseline -0.003 -8"><span class='ocrx_word' id='word_1_406' title='bbox 179 1528 328 1563; x_wconf 79' lang='grc' dir='ltr'><strong>Τοιγαροῦν</strong></span> <span class='ocrx_word' id='word_1_407' title='bbox 344 1528 426 1562; x_wconf 74' lang='grc' dir='ltr'><strong>φησὶν</strong></span> <span class='ocrx_word' id='word_1_408' title='bbox 436 1528 453 1563; x_wconf 82' lang='grc' dir='ltr'>ἡ</span> <span class='ocrx_word' id='word_1_409' title='bbox 470 1527 566 1563; x_wconf 77' lang='grc' dir='ltr'><strong>Γραφὴ</strong></span> <span class='ocrx_word' id='word_1_410' title='bbox 583 1527 647 1562; x_wconf 86' lang='grc' dir='ltr'>περί</span> <span class='ocrx_word' id='word_1_411' title='bbox 659 1535 732 1558; x_wconf 77' lang='grc' dir='ltr'><strong>τινος</strong></span> <span class='ocrx_word' id='word_1_412' title='bbox 747 1526 901 1562; x_wconf 78' lang='grc' dir='ltr'><strong>εὐπρεποῦς</strong></span> <span class='ocrx_word' id='word_1_413' title='bbox 915 1527 963 1553; x_wconf 76' lang='grc' dir='ltr'><strong>καὶ</strong></span> 
     </span>
    </p>
   </div>
   <div class='ocr_carea' id='block_1_48' title="bbox 179 1570 965 1610">
    <p class='ocr_par' dir='ltr' id='par_1_48' title="bbox 179 1570 965 1610">
     <span class='ocr_line' id='line_1_48' title="bbox 179 1570 965 1610; baseline -0.004 -9"><span class='ocrx_word' id='word_1_414' title='bbox 179 1575 320 1610; x_wconf 79' lang='grc' dir='ltr'><strong>ἀνδρείου·</strong></span> <span class='ocrx_word' id='word_1_415' title='bbox 340 1584 350 1601; x_wconf 81' lang='lat' dir='ltr'><strong>t</strong></span> <span class='ocrx_word' id='word_1_416' title='bbox 382 1574 439 1609; x_wconf 86' lang='grc' dir='ltr'><strong>Οὐχ</strong></span> <span class='ocrx_word' id='word_1_417' title='bbox 453 1570 547 1606; x_wconf 66' lang='grc' dir='ltr'><strong>οὗτος,</strong></span> <span class='ocrx_word' id='word_1_418' title='bbox 565 1573 657 1608; x_wconf 81' lang='grc' dir='ltr'><strong>φησὶν,</strong></span> <span class='ocrx_word' id='word_1_419' title='bbox 676 1573 795 1605; x_wconf 72' lang='grc' dir='ltr'><strong>ἐπάταξε</strong></span> <span class='ocrx_word' id='word_1_420' title='bbox 814 1573 859 1599; x_wconf 75' lang='grc' dir='ltr'><strong>τὸν</strong></span> <span class='ocrx_word' id='word_1_421' title='bbox 881 1572 965 1608; x_wconf 71' lang='grc' dir='ltr'><strong>ἄνδρα</strong></span> 
     </span>
    </p>
   </div>
   <div class='ocr_carea' id='block_1_49' title="bbox 179 1617 965 1655">
    <p class='ocr_par' dir='ltr' id='par_1_49' title="bbox 179 1617 965 1655">
     <span class='ocr_line' id='line_1_49' title="bbox 179 1617 965 1655; baseline -0.003 -9"><span class='ocrx_word' id='word_1_422' title='bbox 179 1621 224 1646; x_wconf 79' lang='grc' dir='ltr'><strong>τὸν</strong></span> <span class='ocrx_word' id='word_1_423' title='bbox 237 1620 386 1653; x_wconf 73' lang='grc' dir='ltr'><strong>Αἰγύπτιον</strong></span> <span class='ocrx_word' id='word_1_424' title='bbox 404 1620 489 1655; x_wconf 78' lang='grc' dir='ltr'><strong>ἄνδρα</strong></span> <span class='ocrx_word' id='word_1_425' title='bbox 501 1619 614 1655; x_wconf 82' lang='grc' dir='ltr'><strong>ὁρατόν;</strong></span> <span class='ocrx_word' id='word_1_426' title='bbox 633 1627 643 1644; x_wconf 68' lang='grc' dir='ltr'>ι</span> <span class='ocrx_word' id='word_1_427' title='bbox 667 1619 790 1645; x_wconf 80' lang='grc' dir='ltr'><strong>τουτέστι</strong></span> <span class='ocrx_word' id='word_1_428' title='bbox 807 1617 965 1653; x_wconf 80' lang='grc' dir='ltr'><strong>θαυμαστὸν</strong></span> 
     </span>
    </p>
   </div>
   <div class='ocr_carea' id='block_1_50' title="bbox 182 1663 964 1700">
    <p class='ocr_par' dir='ltr' id='par_1_50' title="bbox 182 1663 964 1700">
     <span class='ocr_line' id='line_1_50' title="bbox 182 1663 964 1700; baseline -0.004 -8"><span class='ocrx_word' id='word_1_429' title='bbox 182 1666 229 1692; x_wconf 74' lang='grc' dir='ltr'><strong>καὶ</strong></span> <span class='ocrx_word' id='word_1_430' title='bbox 252 1666 327 1698; x_wconf 75' lang='grc' dir='ltr'><strong>ἄξιον</strong></span> <span class='ocrx_word' id='word_1_431' title='bbox 344 1665 408 1697; x_wconf 82' lang='grc' dir='ltr'><strong>θέας</strong></span> <span class='ocrx_word' id='word_1_432' title='bbox 421 1673 429 1680; x_wconf 77' lang='grc' dir='ltr'><strong>ο</strong></span> <span class='ocrx_word' id='word_1_433' title='bbox 455 1665 541 1696; x_wconf 76' lang='grc' dir='ltr'>ἄλλως</span> <span class='ocrx_word' id='word_1_434' title='bbox 561 1664 615 1700; x_wconf 81' lang='grc' dir='ltr'><strong>γὰρ</strong></span> <span class='ocrx_word' id='word_1_435' title='bbox 633 1664 735 1695; x_wconf 85' lang='grc' dir='ltr'><strong>πάντες</strong></span> <span class='ocrx_word' id='word_1_436' title='bbox 760 1664 842 1699; x_wconf 75' lang='grc' dir='ltr'><strong>ἐσμὲν</strong></span> <span class='ocrx_word' id='word_1_437' title='bbox 860 1663 964 1700; x_wconf 75' lang='grc' dir='ltr'><strong>ὀρατοὶ,</strong></span> 
     </span>
    </p>
   </div>
   <div class='ocr_carea' id='block_1_51' title="bbox 181 1709 966 1748">
    <p class='ocr_par' dir='ltr' id='par_1_51' title="bbox 181 1709 966 1748">
     <span class='ocr_line' id='line_1_51' title="bbox 181 1709 966 1748; baseline -0.003 -10"><span class='ocrx_word' id='word_1_438' title='bbox 181 1712 225 1738; x_wconf 80' lang='grc' dir='ltr'><strong>ἰ-ια</strong></span> <span class='ocrx_word' id='word_1_439' title='bbox 235 1710 252 1748; x_wconf 82' lang='grc' dir='ltr'><strong>ᾖ</strong></span> <span class='ocrx_word' id='word_1_440' title='bbox 265 1710 319 1747; x_wconf 72' lang='grc' dir='ltr'><strong>[τὸ]</strong></span> <span class='ocrx_word' id='word_1_441' title='bbox 327 1711 393 1738; x_wconf 75' lang='grc' dir='ltr'><strong>αὐτὸ</strong></span> <span class='ocrx_word' id='word_1_442' title='bbox 401 1711 431 1738; x_wconf 84' lang='grc' dir='ltr'><strong>τὸ</strong></span> <span class='ocrx_word' id='word_1_443' title='bbox 437 1710 562 1744; x_wconf 83' lang='grc' dir='ltr'><strong>ἀόρατος</strong></span> <span class='ocrx_word' id='word_1_444' title='bbox 569 1709 609 1746; x_wconf 83' lang='grc' dir='ltr'><strong>τῷ</strong></span> <span class='ocrx_word' id='word_1_445' title='bbox 616 1710 890 1743; x_wconf 79' lang='grc' dir='ltr'><strong>ἀκατασκεύαστος.</strong></span> <span class='ocrx_word' id='word_1_446' title='bbox 899 1709 966 1736; x_wconf 83' lang='grc' dir='ltr'><strong>Οὐδὲ</strong></span> 
     </span>
    </p>
   </div>
   <div class='ocr_carea' id='block_1_52' title="bbox 180 1755 967 1792">
    <p class='ocr_par' dir='ltr' id='par_1_52' title="bbox 180 1755 967 1792">
     <span class='ocr_line' id='line_1_52' title="bbox 180 1755 967 1792; baseline -0.004 -8"><span class='ocrx_word' id='word_1_447' title='bbox 180 1758 234 1792; x_wconf 78' lang='grc' dir='ltr'><strong>γὰρ</strong></span> <span class='ocrx_word' id='word_1_448' title='bbox 248 1758 314 1792; x_wconf 73' lang='grc' dir='ltr'><strong>ὕλην</strong></span> <span class='ocrx_word' id='word_1_449' title='bbox 326 1757 388 1784; x_wconf 82' lang='grc' dir='ltr'><strong>τινά</strong></span> <span class='ocrx_word' id='word_1_450' title='bbox 409 1765 491 1792; x_wconf 78' lang='grc' dir='ltr'><strong>φησιν</strong></span> <span class='ocrx_word' id='word_1_451' title='bbox 505 1756 693 1791; x_wconf 76' lang='grc' dir='ltr'><strong>ἐστερημένην</strong></span> <span class='ocrx_word' id='word_1_452' title='bbox 708 1755 795 1788; x_wconf 78' lang='grc' dir='ltr'><strong>εἰδῶν,</strong></span> <span class='ocrx_word' id='word_1_453' title='bbox 809 1756 856 1783; x_wconf 77' lang='grc' dir='ltr'><strong>καὶ</strong></span> <span class='ocrx_word' id='word_1_454' title='bbox 871 1755 920 1791; x_wconf 80' lang='grc' dir='ltr'><strong>τῆς</strong></span> <span class='ocrx_word' id='word_1_455' title='bbox 934 1756 967 1781; x_wconf 84' lang='grc' dir='ltr'><strong>ὲκ</strong></span> 
     </span>
    </p>
   </div>
   <div class='ocr_carea' id='block_1_53' title="bbox 181 1799 967 1838">
    <p class='ocr_par' dir='ltr' id='par_1_53' title="bbox 181 1799 967 1838">
     <span class='ocr_line' id='line_1_53' title="bbox 181 1799 967 1838; baseline -0.004 -7"><span class='ocrx_word' id='word_1_456' title='bbox 181 1804 283 1831; x_wconf 83' lang='grc' dir='ltr'><strong>τούτων</strong></span> <span class='ocrx_word' id='word_1_457' title='bbox 295 1803 479 1838; x_wconf 77' lang='grc' dir='ltr'><strong>κατασκευῆς·</strong></span> <span class='ocrx_word' id='word_1_458' title='bbox 494 1803 511 1838; x_wconf 85' lang='grc' dir='ltr'>ἢ</span> <span class='ocrx_word' id='word_1_459' title='bbox 527 1801 581 1838; x_wconf 81' lang='grc' dir='ltr'><strong>γὰρ</strong></span> <span class='ocrx_word' id='word_1_460' title='bbox 598 1802 631 1829; x_wconf 80' lang='grc' dir='ltr'><strong>ἂν</strong></span> <span class='ocrx_word' id='word_1_461' title='bbox 649 1802 696 1828; x_wconf 78' lang='grc' dir='ltr'><strong>καὶ</strong></span> <span class='ocrx_word' id='word_1_462' title='bbox 708 1801 754 1828; x_wconf 77' lang='grc' dir='ltr'><strong>τὸν</strong></span> <span class='ocrx_word' id='word_1_463' title='bbox 767 1801 881 1836; x_wconf 82' lang='grc' dir='ltr'><strong>οὺρανδν</strong></span> <span class='ocrx_word' id='word_1_464' title='bbox 891 1799 967 1828; x_wconf 80' lang='grc' dir='ltr'><strong>εἷπεν</strong></span> 
     </span>
    </p>
   </div>
   <div class='ocr_carea' id='block_1_54' title="bbox 180 1847 967 1884">
    <p class='ocr_par' dir='ltr' id='par_1_54' title="bbox 180 1847 967 1884">
     <span class='ocr_line' id='line_1_54' title="bbox 180 1847 967 1884; baseline -0.006 -6"><span class='ocrx_word' id='word_1_465' title='bbox 180 1850 430 1883; x_wconf 76' lang='grc' dir='ltr'><strong>ἀκατασκεύαπον,</strong></span> <span class='ocrx_word' id='word_1_466' title='bbox 442 1849 520 1884; x_wconf 80' lang='grc' dir='ltr'>εἴπερ</span> <span class='ocrx_word' id='word_1_467' title='bbox 535 1849 566 1881; x_wconf 64' lang='grc' dir='ltr'><strong>ἐξ</strong></span> <span class='ocrx_word' id='word_1_468' title='bbox 582 1847 649 1883; x_wconf 75' lang='grc' dir='ltr'><strong>ὕλης</strong></span> <span class='ocrx_word' id='word_1_469' title='bbox 660 1848 750 1875; x_wconf 80' lang='grc' dir='ltr'><strong>πάντα</strong></span> <span class='ocrx_word' id='word_1_470' title='bbox 761 1847 907 1881; x_wconf 77' lang='grc' dir='ltr'><strong>πεποίηκε,</strong></span> <span class='ocrx_word' id='word_1_471' title='bbox 921 1853 967 1874; x_wconf 82' lang='grc' dir='ltr'><strong>και</strong></span> 
     </span>
    </p>
   </div>
   <div class='ocr_carea' id='block_1_55' title="bbox 1014 1345 1799 1382">
    <p class='ocr_par' dir='ltr' id='par_1_55' title="bbox 1014 1345 1799 1382">
     <span class='ocr_line' id='line_1_55' title="bbox 1014 1345 1799 1382; baseline 0.005 -11"><span class='ocrx_word' id='word_1_472' title='bbox 1014 1350 1112 1372; x_wconf 82' lang='lat' dir='ltr'><strong>natura</strong></span> <span class='ocrx_word' id='word_1_473' title='bbox 1123 1352 1173 1372; x_wconf 91' lang='lat' dir='ltr'><strong>sua</strong></span> <span class='ocrx_word' id='word_1_474' title='bbox 1189 1345 1316 1373; x_wconf 84' lang='lat' dir='ltr'><strong>visibilis.</strong></span> <span class='ocrx_word' id='word_1_475' title='bbox 1328 1345 1478 1373; x_wconf 88' lang='lat' dir='ltr'><strong>Invisibilis</strong></span> <span class='ocrx_word' id='word_1_476' title='bbox 1492 1345 1661 1382; x_wconf 83' lang='lat' dir='ltr'><strong>itaqueerat,</strong></span> <span class='ocrx_word' id='word_1_477' title='bbox 1677 1347 1705 1375; x_wconf 88' lang='lat' dir='ltr'><strong>h.</strong></span> <span class='ocrx_word' id='word_1_478' title='bbox 1719 1355 1744 1375; x_wconf 91' lang='lat' dir='ltr'><strong>e.</strong></span> <span class='ocrx_word' id='word_1_479' title='bbox 1754 1347 1799 1374; x_wconf 57' lang='lat' dir='ltr'><strong>in-</strong></span> 
     </span>
    </p>
   </div>
   <div class='ocr_carea' id='block_1_56' title="bbox 1013 1390 1799 1427">
    <p class='ocr_par' dir='ltr' id='par_1_56' title="bbox 1013 1390 1799 1427">
     <span class='ocr_line' id='line_1_56' title="bbox 1013 1390 1799 1427; baseline 0.004 -10"><span class='ocrx_word' id='word_1_480' title='bbox 1013 1391 1086 1417; x_wconf 88' lang='lat' dir='ltr'><strong>culta</strong></span> <span class='ocrx_word' id='word_1_481' title='bbox 1101 1390 1224 1425; x_wconf 83' lang='lat' dir='ltr'><strong>adeoque</strong></span> <span class='ocrx_word' id='word_1_482' title='bbox 1238 1395 1386 1425; x_wconf 88' lang='lat' dir='ltr'><strong>conspectu</strong></span> <span class='ocrx_word' id='word_1_483' title='bbox 1404 1390 1525 1426; x_wconf 87' lang='lat' dir='ltr'><strong>indigna.</strong></span> <span class='ocrx_word' id='word_1_484' title='bbox 1557 1391 1654 1427; x_wconf 85' lang='lat' dir='ltr'><strong>Aquila</strong></span> <span class='ocrx_word' id='word_1_485' title='bbox 1666 1393 1738 1420; x_wconf 91' lang='lat' dir='ltr'><strong>enim</strong></span> <span class='ocrx_word' id='word_1_486' title='bbox 1750 1399 1799 1427; x_wconf 92' lang='lat' dir='ltr'><strong>pro</strong></span> 
     </span>
    </p>
   </div>
   <div class='ocr_carea' id='block_1_57' title="bbox 1015 1437 1799 1474">
    <p class='ocr_par' dir='ltr' id='par_1_57' title="bbox 1015 1437 1799 1474">
     <span class='ocr_line' id='line_1_57' title="bbox 1015 1437 1799 1474; baseline 0.003 -10"><span class='ocrx_word' id='word_1_487' title='bbox 1015 1437 1157 1464; x_wconf 75' lang='lat' dir='ltr'><strong>invisibilia</strong></span> <span class='ocrx_word' id='word_1_488' title='bbox 1184 1437 1266 1464; x_wconf 88' lang='lat' dir='ltr'><strong>vertit</strong></span> <span class='ocrx_word' id='word_1_489' title='bbox 1285 1437 1386 1470; x_wconf 72' lang='lat' dir='ltr'><strong>inanis,</strong></span> <span class='ocrx_word' id='word_1_490' title='bbox 1412 1437 1440 1465; x_wconf 92' lang='lat' dir='ltr'><strong>h.</strong></span> <span class='ocrx_word' id='word_1_491' title='bbox 1466 1445 1491 1466; x_wconf 92' lang='lat' dir='ltr'><strong>e.</strong></span> <span class='ocrx_word' id='word_1_492' title='bbox 1516 1438 1591 1466; x_wconf 88' lang='lat' dir='ltr'><strong>omni</strong></span> <span class='ocrx_word' id='word_1_493' title='bbox 1618 1439 1692 1466; x_wconf 88' lang='lat' dir='ltr'><strong>cultu</strong></span> <span class='ocrx_word' id='word_1_494' title='bbox 1708 1438 1754 1474; x_wconf 89' lang='lat' dir='ltr'><strong>qui</strong></span> <span class='ocrx_word' id='word_1_495' title='bbox 1770 1439 1799 1466; x_wconf 91' lang='lat' dir='ltr'><strong>in</strong></span> 
     </span>
    </p>
   </div>
   <div class='ocr_carea' id='block_1_58' title="bbox 1014 1482 1796 1518">
    <p class='ocr_par' dir='ltr' id='par_1_58' title="bbox 1014 1482 1796 1518">
     <span class='ocr_line' id='line_1_58' title="bbox 1014 1482 1796 1518; baseline 0.004 -9"><span class='ocrx_word' id='word_1_496' title='bbox 1014 1483 1115 1518; x_wconf 88' lang='lat' dir='ltr'><strong>plantis</strong></span> <span class='ocrx_word' id='word_1_497' title='bbox 1125 1482 1269 1518; x_wconf 83' lang='lat' dir='ltr'><strong>ﬂuviisque</strong></span> <span class='ocrx_word' id='word_1_498' title='bbox 1279 1487 1306 1510; x_wconf 87' lang='lat' dir='ltr'><strong>et</strong></span> <span class='ocrx_word' id='word_1_499' title='bbox 1315 1482 1454 1511; x_wconf 90' lang='lat' dir='ltr'><strong>montibus</strong></span> <span class='ocrx_word' id='word_1_500' title='bbox 1467 1483 1642 1518; x_wconf 83' lang='lat' dir='ltr'><strong>perspicitur,</strong></span> <span class='ocrx_word' id='word_1_501' title='bbox 1653 1484 1796 1512; x_wconf 86' lang='lat' dir='ltr'><strong>destituta.</strong></span> 
     </span>
    </p>
   </div>
   <div class='ocr_carea' id='block_1_59' title="bbox 1014 1526 1800 1564">
    <p class='ocr_par' dir='ltr' id='par_1_59' title="bbox 1014 1526 1800 1564">
     <span class='ocr_line' id='line_1_59' title="bbox 1014 1526 1800 1564; baseline 0.004 -10"><span class='ocrx_word' id='word_1_502' title='bbox 1014 1526 1084 1554; x_wconf 83' lang='lat' dir='ltr'><strong>Hinc</strong></span> <span class='ocrx_word' id='word_1_503' title='bbox 1100 1527 1180 1554; x_wconf 80' lang='lat' dir='ltr'><strong>etiam</strong></span> <span class='ocrx_word' id='word_1_504' title='bbox 1198 1526 1340 1562; x_wconf 82' lang='lat' dir='ltr'><strong>Scriptura</strong></span> <span class='ocrx_word' id='word_1_505' title='bbox 1353 1527 1388 1554; x_wconf 88' lang='lat' dir='ltr'><strong>de</strong></span> <span class='ocrx_word' id='word_1_506' title='bbox 1401 1527 1460 1555; x_wconf 89' lang='lat' dir='ltr'><strong>viro</strong></span> <span class='ocrx_word' id='word_1_507' title='bbox 1476 1528 1593 1562; x_wconf 87' lang='lat' dir='ltr'><strong>quodam</strong></span> <span class='ocrx_word' id='word_1_508' title='bbox 1605 1528 1707 1556; x_wconf 91' lang='lat' dir='ltr'><strong>eximio</strong></span> <span class='ocrx_word' id='word_1_509' title='bbox 1719 1534 1800 1564; x_wconf 81' lang='lat' dir='ltr'><strong>atque</strong></span> 
     </span>
    </p>
   </div>
   <div class='ocr_carea' id='block_1_60' title="bbox 1015 1571 1800 1610">
    <p class='ocr_par' dir='ltr' id='par_1_60' title="bbox 1015 1571 1800 1610">
     <span class='ocr_line' id='line_1_60' title="bbox 1015 1571 1800 1610; baseline 0.003 -10"><span class='ocrx_word' id='word_1_510' title='bbox 1015 1572 1078 1600; x_wconf 77' lang='lat' dir='ltr'><strong>forti</strong></span> <span class='ocrx_word' id='word_1_511' title='bbox 1095 1573 1133 1599; x_wconf 89' lang='lat' dir='ltr'><strong>ait</strong></span> <span class='ocrx_word' id='word_1_512' title='bbox 1147 1582 1154 1599; x_wconf 87' lang='lat'><strong>:</strong></span> <span class='ocrx_word' id='word_1_513' title='bbox 1171 1582 1180 1598; x_wconf 74' lang='grc' dir='ltr'><strong><em>ι</em></strong></span> <span class='ocrx_word' id='word_1_514' title='bbox 1200 1571 1297 1600; x_wconf 86' lang='lat' dir='ltr'><strong>Nonne</strong></span> <span class='ocrx_word' id='word_1_515' title='bbox 1320 1573 1364 1600; x_wconf 84' lang='lat' dir='ltr'><strong>hic</strong></span> <span class='ocrx_word' id='word_1_516' title='bbox 1382 1573 1519 1608; x_wconf 84' lang='lat' dir='ltr'><strong>percussit</strong></span> <span class='ocrx_word' id='word_1_517' title='bbox 1537 1574 1626 1601; x_wconf 81' lang='lat' dir='ltr'><strong>virum</strong></span> <span class='ocrx_word' id='word_1_518' title='bbox 1642 1574 1800 1610; x_wconf 57' lang='lat' dir='ltr'><strong>[Egyptium</strong></span> 
     </span>
    </p>
   </div>
   <div class='ocr_carea' id='block_1_61' title="bbox 1014 1618 1800 1654">
    <p class='ocr_par' dir='ltr' id='par_1_61' title="bbox 1014 1618 1800 1654">
     <span class='ocr_line' id='line_1_61' title="bbox 1014 1618 1800 1654; baseline 0.004 -9"><span class='ocrx_word' id='word_1_519' title='bbox 1014 1619 1103 1645; x_wconf 90' lang='lat' dir='ltr'><strong>virum</strong></span> <span class='ocrx_word' id='word_1_520' title='bbox 1122 1619 1298 1653; x_wconf 86' lang='lat' dir='ltr'><strong>spectabilem</strong></span> <span class='ocrx_word' id='word_1_521' title='bbox 1315 1618 1335 1634; x_wconf 88' lang='lat'><strong>&quot;’</strong></span> <span class='ocrx_word' id='word_1_522' title='bbox 1350 1618 1362 1645; x_wconf 72' lang='lat'><strong>7</strong></span> <span class='ocrx_word' id='word_1_523' title='bbox 1380 1627 1390 1644; x_wconf 71' lang='grc' dir='ltr'><strong><em>ι</em></strong></span> <span class='ocrx_word' id='word_1_524' title='bbox 1409 1618 1465 1646; x_wconf 87' lang='lat' dir='ltr'><strong>Hoc</strong></span> <span class='ocrx_word' id='word_1_525' title='bbox 1479 1623 1532 1651; x_wconf 88' lang='lat' dir='ltr'><strong>est,</strong></span> <span class='ocrx_word' id='word_1_526' title='bbox 1558 1619 1586 1654; x_wconf 83' lang='lat'><strong>9</strong></span> <span class='ocrx_word' id='word_1_527' title='bbox 1608 1619 1800 1648; x_wconf 82' lang='lat' dir='ltr'><strong>admirandum</strong></span> 
     </span>
    </p>
   </div>
   <div class='ocr_carea' id='block_1_62' title="bbox 1016 1664 1802 1702">
    <p class='ocr_par' dir='ltr' id='par_1_62' title="bbox 1016 1664 1802 1702">
     <span class='ocr_line' id='line_1_62' title="bbox 1016 1664 1802 1702; baseline 0.004 -11"><span class='ocrx_word' id='word_1_528' title='bbox 1016 1669 1097 1699; x_wconf 69' lang='lat' dir='ltr'><strong>atque</strong></span> <span class='ocrx_word' id='word_1_529' title='bbox 1114 1665 1307 1700; x_wconf 83' lang='lat' dir='ltr'><strong>conspicuum;</strong></span> <span class='ocrx_word' id='word_1_530' title='bbox 1327 1664 1380 1692; x_wconf 90' lang='lat' dir='ltr'><strong>alio</strong></span> <span class='ocrx_word' id='word_1_531' title='bbox 1394 1665 1467 1692; x_wconf 84' lang='lat' dir='ltr'><strong>enim</strong></span> <span class='ocrx_word' id='word_1_532' title='bbox 1485 1672 1567 1692; x_wconf 87' lang='lat' dir='ltr'><strong>sensu</strong></span> <span class='ocrx_word' id='word_1_533' title='bbox 1586 1673 1681 1693; x_wconf 86' lang='lat' dir='ltr'><strong>omnes</strong></span> <span class='ocrx_word' id='word_1_534' title='bbox 1693 1671 1802 1702; x_wconf 84' lang='lat' dir='ltr'><strong>specta-</strong></span> 
     </span>
    </p>
   </div>
   <div class='ocr_carea' id='block_1_63' title="bbox 1017 1709 1802 1740">
    <p class='ocr_par' dir='ltr' id='par_1_63' title="bbox 1017 1709 1802 1740">
     <span class='ocr_line' id='line_1_63' title="bbox 1017 1709 1802 1740; baseline 0.003 -4"><span class='ocrx_word' id='word_1_535' title='bbox 1017 1710 1084 1737; x_wconf 89' lang='lat' dir='ltr'><strong>biles</strong></span> <span class='ocrx_word' id='word_1_536' title='bbox 1101 1717 1207 1740; x_wconf 86' lang='lat' dir='ltr'><strong>sumus,</strong></span> <span class='ocrx_word' id='word_1_537' title='bbox 1225 1714 1254 1737; x_wconf 91' lang='lat' dir='ltr'><strong>ut</strong></span> <span class='ocrx_word' id='word_1_538' title='bbox 1268 1709 1335 1737; x_wconf 83' lang='lat' dir='ltr'><strong>adeo</strong></span> <span class='ocrx_word' id='word_1_539' title='bbox 1351 1709 1422 1737; x_wconf 87' lang='lat' dir='ltr'><strong>idem</strong></span> <span class='ocrx_word' id='word_1_540' title='bbox 1437 1709 1474 1737; x_wconf 89' lang='lat' dir='ltr'><strong>sit</strong></span> <span class='ocrx_word' id='word_1_541' title='bbox 1491 1710 1635 1738; x_wconf 69' lang='lat' dir='ltr'><strong>invisibilis</strong></span> <span class='ocrx_word' id='word_1_542' title='bbox 1650 1718 1682 1738; x_wconf 84' lang='lat' dir='ltr'><strong>ac</strong></span> <span class='ocrx_word' id='word_1_543' title='bbox 1699 1712 1802 1738; x_wconf 78' lang='lat' dir='ltr'><strong>incom-</strong></span> 
     </span>
    </p>
   </div>
   <div class='ocr_carea' id='block_1_64' title="bbox 1016 1754 1801 1792">
    <p class='ocr_par' dir='ltr' id='par_1_64' title="bbox 1016 1754 1801 1792">
     <span class='ocr_line' id='line_1_64' title="bbox 1016 1754 1801 1792; baseline 0.005 -11"><span class='ocrx_word' id='word_1_544' title='bbox 1016 1754 1114 1789; x_wconf 75' lang='lat' dir='ltr'><strong>poeila.</strong></span> <span class='ocrx_word' id='word_1_545' title='bbox 1129 1754 1224 1790; x_wconf 84' lang='lat' dir='ltr'><strong>Neque</strong></span> <span class='ocrx_word' id='word_1_546' title='bbox 1239 1755 1310 1782; x_wconf 92' lang='lat' dir='ltr'><strong>enim</strong></span> <span class='ocrx_word' id='word_1_547' title='bbox 1321 1755 1355 1783; x_wconf 91' lang='lat' dir='ltr'><strong>de</strong></span> <span class='ocrx_word' id='word_1_548' title='bbox 1369 1755 1483 1783; x_wconf 84' lang='lat' dir='ltr'><strong>materia</strong></span> <span class='ocrx_word' id='word_1_549' title='bbox 1503 1756 1594 1791; x_wconf 87' lang='lat' dir='ltr'><strong>aliqua</strong></span> <span class='ocrx_word' id='word_1_550' title='bbox 1607 1757 1729 1792; x_wconf 89' lang='lat' dir='ltr'><strong>loquitur</strong></span> <span class='ocrx_word' id='word_1_551' title='bbox 1743 1757 1801 1785; x_wconf 80' lang='lat' dir='ltr'><strong>for-</strong></span> 
     </span>
    </p>
   </div>
   <div class='ocr_carea' id='block_1_65' title="bbox 1017 1800 1802 1836">
    <p class='ocr_par' dir='ltr' id='par_1_65' title="bbox 1017 1800 1802 1836">
     <span class='ocr_line' id='line_1_65' title="bbox 1017 1800 1802 1836; baseline 0.006 -10"><span class='ocrx_word' id='word_1_552' title='bbox 1017 1800 1079 1833; x_wconf 85' lang='lat' dir='ltr'><strong>mis,</strong></span> <span class='ocrx_word' id='word_1_553' title='bbox 1096 1805 1123 1827; x_wconf 93' lang='lat' dir='ltr'><strong>et</strong></span> <span class='ocrx_word' id='word_1_554' title='bbox 1137 1800 1246 1836; x_wconf 87' lang='lat' dir='ltr'><strong>quidem</strong></span> <span class='ocrx_word' id='word_1_555' title='bbox 1262 1808 1295 1828; x_wconf 89' lang='lat' dir='ltr'><strong>ex</strong></span> <span class='ocrx_word' id='word_1_556' title='bbox 1313 1801 1366 1829; x_wconf 85' lang='lat' dir='ltr'><strong>illis</strong></span> <span class='ocrx_word' id='word_1_557' title='bbox 1380 1802 1462 1829; x_wconf 79' lang='lat' dir='ltr'><strong>etiam</strong></span> <span class='ocrx_word' id='word_1_558' title='bbox 1479 1802 1553 1829; x_wconf 90' lang='lat' dir='ltr'><strong>cultu</strong></span> <span class='ocrx_word' id='word_1_559' title='bbox 1565 1803 1717 1836; x_wconf 82' lang='lat' dir='ltr'><strong>destituta;</strong></span> <span class='ocrx_word' id='word_1_560' title='bbox 1736 1811 1802 1831; x_wconf 85' lang='lat' dir='ltr'><strong>sane</strong></span> 
     </span>
    </p>
   </div>
   <div class='ocr_carea' id='block_1_66' title="bbox 1017 1846 1803 1884">
    <p class='ocr_par' dir='ltr' id='par_1_66' title="bbox 1017 1846 1803 1884">
     <span class='ocr_line' id='line_1_66' title="bbox 1017 1846 1803 1884; baseline 0.003 -11"><span class='ocrx_word' id='word_1_561' title='bbox 1017 1846 1089 1873; x_wconf 88' lang='lat' dir='ltr'><strong>enim</strong></span> <span class='ocrx_word' id='word_1_562' title='bbox 1108 1846 1208 1874; x_wconf 63' lang='lat' dir='ltr'><strong>caelum</strong></span> <span class='ocrx_word' id='word_1_563' title='bbox 1223 1847 1305 1874; x_wconf 88' lang='lat' dir='ltr'><strong>etiam</strong></span> <span class='ocrx_word' id='word_1_564' title='bbox 1321 1847 1533 1883; x_wconf 86' lang='lat' dir='ltr'><strong>incompositum</strong></span> <span class='ocrx_word' id='word_1_565' title='bbox 1552 1849 1677 1882; x_wconf 74' lang='lat' dir='ltr'><strong>dixisset,</strong></span> <span class='ocrx_word' id='word_1_566' title='bbox 1701 1850 1724 1876; x_wconf 94' lang='lat' dir='ltr'><strong>si</strong></span> <span class='ocrx_word' id='word_1_567' title='bbox 1742 1851 1803 1884; x_wconf 89' lang='lat' dir='ltr'><strong>qui-</strong></span> 
     </span>
    </p>
   </div>
   <div class='ocr_carea' id='block_1_67' title="bbox 180 1884 964 1930">
    <p class='ocr_par' dir='ltr' id='par_1_67' title="bbox 180 1892 964 1930">
     <span class='ocr_line' id='line_1_67' title="bbox 180 1892 964 1930; baseline -0.006 -7"><span class='ocrx_word' id='word_1_568' title='bbox 180 1897 234 1923; x_wconf 78' lang='grc' dir='ltr'><strong>οὺό³</strong></span> <span class='ocrx_word' id='word_1_569' title='bbox 245 1897 279 1923; x_wconf 82' lang='grc' dir='ltr'><strong>ἂν</strong></span> <span class='ocrx_word' id='word_1_570' title='bbox 294 1893 354 1922; x_wconf 76' lang='grc' dir='ltr'><strong>εἷπε</strong></span> <span class='ocrx_word' id='word_1_571' title='bbox 366 1896 412 1922; x_wconf 83' lang='grc' dir='ltr'><strong>τὸν</strong></span> <span class='ocrx_word' id='word_1_572' title='bbox 428 1895 477 1930; x_wconf 82' lang='grc' dir='ltr'><strong>μὲν</strong></span> <span class='ocrx_word' id='word_1_573' title='bbox 490 1895 519 1922; x_wconf 83' lang='grc' dir='ltr'><strong>οὺ</strong></span> <span class='ocrx_word' id='word_1_574' title='bbox 525 1893 614 1930; x_wconf 83' lang='grc' dir='ltr'><strong>ρανὸν,</strong></span> <span class='ocrx_word' id='word_1_575' title='bbox 624 1893 673 1929; x_wconf 85' lang='grc' dir='ltr'><strong>τὴν</strong></span> <span class='ocrx_word' id='word_1_576' title='bbox 683 1893 711 1920; x_wconf 69' lang='grc' dir='ltr'><strong>δὲ</strong></span> <span class='ocrx_word' id='word_1_577' title='bbox 721 1892 784 1928; x_wconf 86' lang='grc' dir='ltr'><strong>γῆν.</strong></span> <span class='ocrx_word' id='word_1_578' title='bbox 801 1892 874 1928; x_wconf 86' lang='grc' dir='ltr'><strong>Πλὴν</strong></span> <span class='ocrx_word' id='word_1_579' title='bbox 889 1893 916 1919; x_wconf 79' lang='grc' dir='ltr'><strong>εἰ</strong></span> <span class='ocrx_word' id='word_1_580' title='bbox 929 1893 964 1928; x_wconf 81' lang='grc' dir='ltr'><strong>μὴ</strong></span> 
     </span>
    </p>
   </div>
   <div class='ocr_carea' id='block_1_68' title="bbox 1015 1884 1803 1930">
    <p class='ocr_par' dir='ltr' id='par_1_68' title="bbox 1017 1891 1803 1928">
     <span class='ocr_line' id='line_1_68' title="bbox 1017 1891 1803 1928; baseline 0.005 -9"><span class='ocrx_word' id='word_1_581' title='bbox 1017 1891 1078 1919; x_wconf 90' lang='lat' dir='ltr'><strong>dem</strong></span> <span class='ocrx_word' id='word_1_582' title='bbox 1092 1899 1124 1919; x_wconf 86' lang='lat' dir='ltr'><strong>ex</strong></span> <span class='ocrx_word' id='word_1_583' title='bbox 1138 1892 1250 1920; x_wconf 87' lang='lat' dir='ltr'><strong>materia</strong></span> <span class='ocrx_word' id='word_1_584' title='bbox 1263 1893 1355 1920; x_wconf 88' lang='lat' dir='ltr'><strong>omnia</strong></span> <span class='ocrx_word' id='word_1_585' title='bbox 1376 1892 1450 1924; x_wconf 77' lang='lat' dir='ltr'><strong>fecit.</strong></span> <span class='ocrx_word' id='word_1_586' title='bbox 1467 1901 1557 1928; x_wconf 86' lang='lat' dir='ltr'><strong>neque</strong></span> <span class='ocrx_word' id='word_1_587' title='bbox 1574 1899 1648 1922; x_wconf 88' lang='lat' dir='ltr'><strong>certe</strong></span> <span class='ocrx_word' id='word_1_588' title='bbox 1662 1895 1725 1928; x_wconf 86' lang='lat' dir='ltr'><strong>hoc,</strong></span> <span class='ocrx_word' id='word_1_589' title='bbox 1747 1903 1803 1923; x_wconf 79' lang='lat' dir='ltr'><strong>cce-</strong></span> 
     </span>
    </p>
   </div>
   <div class='ocr_carea' id='block_1_69' title="bbox 180 1938 969 1976">
    <p class='ocr_par' dir='ltr' id='par_1_69' title="bbox 180 1938 969 1976">
     <span class='ocr_line' id='line_1_69' title="bbox 180 1938 969 1976; baseline -0.005 -8"><span class='ocrx_word' id='word_1_590' title='bbox 180 1941 287 1976; x_wconf 75' lang='grc' dir='ltr'><strong>λέγοιεν</strong></span> <span class='ocrx_word' id='word_1_591' title='bbox 303 1941 341 1973; x_wconf 85' lang='grc' dir='ltr'><strong>ὡς</strong></span> <span class='ocrx_word' id='word_1_592' title='bbox 357 1940 424 1972; x_wconf 75' lang='grc' dir='ltr'><strong>ὕλας</strong></span> <span class='ocrx_word' id='word_1_593' title='bbox 434 1940 482 1967; x_wconf 87' lang='grc' dir='ltr'><strong>δύο</strong></span> <span class='ocrx_word' id='word_1_594' title='bbox 502 1940 663 1974; x_wconf 78' lang='grc' dir='ltr'><strong>πεποίηκεν.</strong></span> <span class='ocrx_word' id='word_1_595' title='bbox 687 1938 793 1966; x_wconf 79' lang='grc' dir='ltr'><strong>Οὐκοῦν</strong></span> <span class='ocrx_word' id='word_1_596' title='bbox 806 1939 848 1965; x_wconf 82' lang='grc' dir='ltr'><strong>δεῖ</strong></span> <span class='ocrx_word' id='word_1_597' title='bbox 862 1939 909 1965; x_wconf 82' lang='grc' dir='ltr'><strong>καὶ</strong></span> <span class='ocrx_word' id='word_1_598' title='bbox 923 1939 969 1964; x_wconf 84' lang='grc' dir='ltr'><strong>τὸν</strong></span> 
     </span>
    </p>
   </div>
   <div class='ocr_carea' id='block_1_70' title="bbox 181 1983 969 2023">
    <p class='ocr_par' dir='ltr' id='par_1_70' title="bbox 181 1983 969 2023">
     <span class='ocr_line' id='line_1_70' title="bbox 181 1983 969 2023; baseline -0.006 -9"><span class='ocrx_word' id='word_1_599' title='bbox 181 1988 296 2023; x_wconf 73' lang='grc' dir='ltr'><strong>οὐρανὸν</strong></span> <span class='ocrx_word' id='word_1_600' title='bbox 309 1985 514 2021; x_wconf 64' lang='grc' dir='ltr'><strong>εἰδοποιηθῆναι</strong></span> <span class='ocrx_word' id='word_1_601' title='bbox 524 1985 619 2021; x_wconf 85' lang='grc' dir='ltr'><strong>ὥσπερ</strong></span> <span class='ocrx_word' id='word_1_602' title='bbox 633 1984 682 2020; x_wconf 73' lang='grc' dir='ltr'><strong>τὴν</strong></span> <span class='ocrx_word' id='word_1_603' title='bbox 696 1984 758 2020; x_wconf 84' lang='grc' dir='ltr'><strong>γῆν.</strong></span> <span class='ocrx_word' id='word_1_604' title='bbox 781 1984 811 2010; x_wconf 90' lang='grc' dir='ltr'>Ὂ</span> <span class='ocrx_word' id='word_1_605' title='bbox 824 1984 852 2010; x_wconf 75' lang='grc' dir='ltr'><strong>δὲ</strong></span> <span class='ocrx_word' id='word_1_606' title='bbox 868 1983 969 2018; x_wconf 83' lang='grc' dir='ltr'><strong>θεομά-</strong></span> 
     </span>
    </p>
   </div>
   <div class='ocr_carea' id='block_1_71' title="bbox 181 2029 967 2070">
    <p class='ocr_par' dir='ltr' id='par_1_71' title="bbox 181 2029 967 2070">
     <span class='ocr_line' id='line_1_71' title="bbox 181 2029 967 2070; baseline -0.005 -10"><span class='ocrx_word' id='word_1_607' title='bbox 181 2042 227 2070; x_wconf 77' lang='grc' dir='ltr'><strong>χος</strong></span> <span class='ocrx_word' id='word_1_608' title='bbox 243 2033 339 2068; x_wconf 79' lang='grc' dir='ltr'>Μάνης</span> <span class='ocrx_word' id='word_1_609' title='bbox 352 2033 384 2058; x_wconf 85' lang='grc' dir='ltr'><strong>τὺ</strong></span> <span class='ocrx_word' id='word_1_610' title='bbox 392 2029 433 2067; x_wconf 82' lang='grc' dir='ltr'><strong>ἦν</strong></span> <span class='ocrx_word' id='word_1_611' title='bbox 444 2039 510 2067; x_wconf 80' lang='grc' dir='ltr'><strong>φησι</strong></span> <span class='ocrx_word' id='word_1_612' title='bbox 522 2031 619 2067; x_wconf 80' lang='grc' dir='ltr'><strong>δηλοῦν</strong></span> <span class='ocrx_word' id='word_1_613' title='bbox 634 2030 666 2057; x_wconf 83' lang='grc' dir='ltr'><strong>τὺ</strong></span> <span class='ocrx_word' id='word_1_614' title='bbox 680 2030 732 2065; x_wconf 83' lang='grc' dir='ltr'><strong>τῆς</strong></span> <span class='ocrx_word' id='word_1_615' title='bbox 747 2029 812 2065; x_wconf 81' lang='grc' dir='ltr'><strong>ὕλης</strong></span> <span class='ocrx_word' id='word_1_616' title='bbox 824 2029 967 2065; x_wconf 81' lang='grc' dir='ltr'><strong>ἀγένητον.</strong></span> 
     </span>
    </p>
   </div>
   <div class='ocr_carea' id='block_1_72' title="bbox 182 2075 968 2115">
    <p class='ocr_par' dir='ltr' id='par_1_72' title="bbox 182 2075 968 2115">
     <span class='ocr_line' id='line_1_72' title="bbox 182 2075 968 2115; baseline -0.006 -9"><span class='ocrx_word' id='word_1_617' title='bbox 182 2078 485 2115; x_wconf 73' lang='grc' dir='ltr'><strong>Καίτοι,πρόκειταιτοῦ</strong></span> <span class='ocrx_word' id='word_1_618' title='bbox 496 2075 535 2113; x_wconf 86' lang='grc' dir='ltr'><strong>ἦν</strong></span> <span class='ocrx_word' id='word_1_619' title='bbox 546 2077 577 2104; x_wconf 79' lang='grc' dir='ltr'><strong>τὸ</strong></span> <span class='ocrx_word' id='word_1_620' title='bbox 591 2077 748 2111; x_wconf 80' lang='grc' dir='ltr'><strong>ἐποίησεν·</strong></span> <span class='ocrx_word' id='word_1_621' title='bbox 761 2075 849 2108; x_wconf 74' lang='grc' dir='ltr'>ἄλλως</span> <span class='ocrx_word' id='word_1_622' title='bbox 860 2084 891 2102; x_wconf 81' lang='grc' dir='ltr'><strong>τε</strong></span> <span class='ocrx_word' id='word_1_623' title='bbox 907 2075 968 2102; x_wconf 76' lang='grc' dir='ltr'><strong>οὐδὲ</strong></span> 
     </span>
    </p>
   </div>
   <div class='ocr_carea' id='block_1_73' title="bbox 181 2119 968 2160">
    <p class='ocr_par' dir='ltr' id='par_1_73' title="bbox 181 2119 968 2160">
     <span class='ocr_line' id='line_1_73' title="bbox 181 2119 968 2160; baseline -0.006 -8"><span class='ocrx_word' id='word_1_624' title='bbox 181 2127 213 2152; x_wconf 80' lang='grc' dir='ltr'><strong>τὸ</strong></span> <span class='ocrx_word' id='word_1_625' title='bbox 228 2124 266 2160; x_wconf 79' lang='grc' dir='ltr'><strong>ἦν</strong></span> <span class='ocrx_word' id='word_1_626' title='bbox 281 2125 324 2152; x_wconf 75' lang='grc' dir='ltr'><strong>ἀεὶ</strong></span> <span class='ocrx_word' id='word_1_627' title='bbox 339 2124 414 2160; x_wconf 78' lang='grc' dir='ltr'>δηλοῖ</span> <span class='ocrx_word' id='word_1_628' title='bbox 424 2124 454 2151; x_wconf 83' lang='grc' dir='ltr'><strong>τδ</strong></span> <span class='ocrx_word' id='word_1_629' title='bbox 467 2123 563 2156; x_wconf 78' lang='grc' dir='ltr'><strong>ἀΐδιον,</strong></span> <span class='ocrx_word' id='word_1_630' title='bbox 580 2123 618 2154; x_wconf 84' lang='grc' dir='ltr'><strong>ὼς</strong></span> <span class='ocrx_word' id='word_1_631' title='bbox 632 2123 677 2149; x_wconf 76' lang='grc' dir='ltr'><strong>τό¹</strong></span> <span class='ocrx_word' id='word_1_632' title='bbox 701 2132 710 2148; x_wconf 75' lang='grc' dir='ltr'>ι</span> <span class='ocrx_word' id='word_1_633' title='bbox 727 2119 781 2148; x_wconf 84' lang='grc' dir='ltr'><strong>Ἦν</strong></span> <span class='ocrx_word' id='word_1_634' title='bbox 797 2122 812 2148; x_wconf 82' lang='grc' dir='ltr'>ὁ</span> <span class='ocrx_word' id='word_1_635' title='bbox 825 2121 968 2157; x_wconf 75' lang='grc' dir='ltr'><strong>ἄνθρωπος</strong></span> 
     </span>
    </p>
   </div>
   <div class='ocr_carea' id='block_1_74' title="bbox 183 2166 969 2205">
    <p class='ocr_par' dir='ltr' id='par_1_74' title="bbox 183 2166 969 2205">
     <span class='ocr_line' id='line_1_74' title="bbox 183 2166 969 2205; baseline -0.005 -8"><span class='ocrx_word' id='word_1_636' title='bbox 183 2171 287 2202; x_wconf 65' lang='grc' dir='ltr'><strong>ἐκεῖνος</strong></span> <span class='ocrx_word' id='word_1_637' title='bbox 300 2169 412 2205; x_wconf 80' lang='grc' dir='ltr'><strong>εὐγενὴς</strong></span> <span class='ocrx_word' id='word_1_638' title='bbox 426 2169 481 2196; x_wconf 82' lang='grc' dir='ltr'><strong>τῶν</strong></span> <span class='ocrx_word' id='word_1_639' title='bbox 497 2168 543 2204; x_wconf 76' lang='grc' dir='ltr'><strong>ἀφ’</strong></span> <span class='ocrx_word' id='word_1_640' title='bbox 556 2168 633 2204; x_wconf 80' lang='grc' dir='ltr'>ἡλίου</span> <span class='ocrx_word' id='word_1_641' title='bbox 649 2168 798 2196; x_wconf 83' lang='grc' dir='ltr'><strong>ἀνατολῶν.</strong></span> <span class='ocrx_word' id='word_1_642' title='bbox 820 2176 830 2193; x_wconf 75' lang='grc' dir='ltr'><strong><em>ι</em></strong></span> <span class='ocrx_word' id='word_1_643' title='bbox 850 2167 930 2198; x_wconf 82' lang='grc' dir='ltr'><strong>Ἴσως</strong></span> <span class='ocrx_word' id='word_1_644' title='bbox 940 2166 969 2193; x_wconf 82' lang='grc' dir='ltr'><strong>δὲ</strong></span> 
     </span>
    </p>
   </div>
   <div class='ocr_carea' id='block_1_75' title="bbox 180 2212 969 2252">
    <p class='ocr_par' dir='ltr' id='par_1_75' title="bbox 180 2212 969 2252">
     <span class='ocr_line' id='line_1_75' title="bbox 180 2212 969 2252; baseline -0.005 -9"><span class='ocrx_word' id='word_1_645' title='bbox 180 2217 230 2243; x_wconf 69' lang='grc' dir='ltr'><strong>καὶ</strong></span> <span class='ocrx_word' id='word_1_646' title='bbox 247 2216 277 2252; x_wconf 84' lang='grc' dir='ltr'><strong>(ι)</strong></span> <span class='ocrx_word' id='word_1_647' title='bbox 290 2216 404 2250; x_wconf 83' lang='grc' dir='ltr'><strong>ἀόρατόν</strong></span> <span class='ocrx_word' id='word_1_648' title='bbox 417 2224 509 2251; x_wconf 83' lang='grc' dir='ltr'><strong>φησιν,</strong></span> <span class='ocrx_word' id='word_1_649' title='bbox 526 2215 588 2241; x_wconf 73' lang='grc' dir='ltr'><strong>ἐπεὶ</strong></span> <span class='ocrx_word' id='word_1_650' title='bbox 602 2213 679 2241; x_wconf 73' lang='grc' dir='ltr'><strong>οὔπω</strong></span> <span class='ocrx_word' id='word_1_651' title='bbox 692 2212 727 2250; x_wconf 81' lang='grc' dir='ltr'><strong>ἦν</strong></span> <span class='ocrx_word' id='word_1_652' title='bbox 741 2213 845 2249; x_wconf 82' lang='grc' dir='ltr'><strong>ταύτης</strong></span> <span class='ocrx_word' id='word_1_653' title='bbox 869 2212 969 2248; x_wconf 84' lang='grc' dir='ltr'><strong>θεατὴς</strong></span> 
     </span>
    </p>
   </div>
   <div class='ocr_carea' id='block_1_76' title="bbox 182 2258 969 2298">
    <p class='ocr_par' dir='ltr' id='par_1_76' title="bbox 182 2258 969 2298">
     <span class='ocr_line' id='line_1_76' title="bbox 182 2258 969 2298; baseline -0.005 -9"><span class='ocrx_word' id='word_1_654' title='bbox 182 2263 334 2298; x_wconf 77' lang='grc' dir='ltr'><strong>ἄνθρωπος.</strong></span> <span class='ocrx_word' id='word_1_655' title='bbox 354 2263 378 2288; x_wconf 84' lang='grc' dir='ltr'><strong>εἰ</strong></span> <span class='ocrx_word' id='word_1_656' title='bbox 391 2262 475 2288; x_wconf 76' lang='grc' dir='ltr'><strong>δὲκαὶ</strong></span> <span class='ocrx_word' id='word_1_657' title='bbox 485 2258 530 2296; x_wconf 81' lang='grc' dir='ltr'><strong>ἦν,</strong></span> <span class='ocrx_word' id='word_1_658' title='bbox 541 2260 617 2287; x_wconf 76' lang='grc' dir='ltr'><strong>οὔπω</strong></span> <span class='ocrx_word' id='word_1_659' title='bbox 632 2260 662 2286; x_wconf 82' lang='grc' dir='ltr'><strong>τὸ</strong></span> <span class='ocrx_word' id='word_1_660' title='bbox 676 2260 733 2295; x_wconf 84' lang='grc' dir='ltr'><strong>φῶς</strong></span> <span class='ocrx_word' id='word_1_661' title='bbox 747 2259 969 2294; x_wconf 79' lang='grc' dir='ltr'><strong>ὲγεγένητο.”οτι</strong></span> 
     </span>
    </p>
   </div>
   <div class='ocr_carea' id='block_1_77' title="bbox 182 2303 970 2340">
    <p class='ocr_par' dir='ltr' id='par_1_77' title="bbox 182 2303 970 2340">
     <span class='ocr_line' id='line_1_77' title="bbox 182 2303 970 2340; baseline -0.005 -5"><span class='ocrx_word' id='word_1_662' title='bbox 182 2309 209 2335; x_wconf 70' lang='grc' dir='ltr'><strong>δὲ</strong></span> <span class='ocrx_word' id='word_1_663' title='bbox 230 2309 260 2335; x_wconf 80' lang='grc' dir='ltr'><strong>τὸ</strong></span> <span class='ocrx_word' id='word_1_664' title='bbox 272 2308 540 2335; x_wconf 77' lang='grc' dir='ltr'><strong>ἁκατασκεύαστον</strong></span> <span class='ocrx_word' id='word_1_665' title='bbox 558 2307 589 2333; x_wconf 83' lang='grc' dir='ltr'><strong>τδ</strong></span> <span class='ocrx_word' id='word_1_666' title='bbox 603 2307 781 2340; x_wconf 79' lang='grc' dir='ltr'><strong>ἀκόσμητον</strong></span> <span class='ocrx_word' id='word_1_667' title='bbox 792 2305 876 2340; x_wconf 82' lang='grc' dir='ltr'><strong>δηλοῖ,</strong></span> <span class='ocrx_word' id='word_1_668' title='bbox 890 2303 970 2340; x_wconf 71' lang='grc' dir='ltr'><strong>δῆλον</strong></span> 
     </span>
    </p>
   </div>
   <div class='ocr_carea' id='block_1_78' title="bbox 183 2348 970 2389">
    <p class='ocr_par' dir='ltr' id='par_1_78' title="bbox 183 2348 970 2389">
     <span class='ocr_line' id='line_1_78' title="bbox 183 2348 970 2389; baseline -0.005 -9"><span class='ocrx_word' id='word_1_669' title='bbox 183 2355 213 2387; x_wconf 79' lang='grc' dir='ltr'>ἐξ</span> <span class='ocrx_word' id='word_1_670' title='bbox 222 2351 260 2380; x_wconf 83' lang='grc' dir='ltr'><strong>ὧν</strong></span> <span class='ocrx_word' id='word_1_671' title='bbox 270 2353 386 2389; x_wconf 69' lang='grc' dir='ltr'><strong>ἑτέρωθι</strong></span> <span class='ocrx_word' id='word_1_672' title='bbox 409 2361 487 2388; x_wconf 71' lang='grc' dir='ltr'><strong>φηςι-ι’</strong></span> <span class='ocrx_word' id='word_1_673' title='bbox 499 2362 507 2379; x_wconf 78' lang='grc' dir='ltr'>ι</span> <span class='ocrx_word' id='word_1_674' title='bbox 519 2351 608 2380; x_wconf 83' lang='grc' dir='ltr'><strong>Ποιῶν</strong></span> <span class='ocrx_word' id='word_1_675' title='bbox 620 2352 725 2388; x_wconf 78' lang='grc' dir='ltr'><strong>βέλτιον</strong></span> <span class='ocrx_word' id='word_1_676' title='bbox 740 2348 929 2378; x_wconf 83' lang='grc' dir='ltr'><strong>κατεσκεύασά</strong></span> <span class='ocrx_word' id='word_1_677' title='bbox 940 2357 970 2376; x_wconf 83' lang='grc' dir='ltr'><strong>σε</strong></span> 
     </span>
    </p>
   </div>
   <div class='ocr_carea' id='block_1_79' title="bbox 182 2394 967 2434">
    <p class='ocr_par' dir='ltr' id='par_1_79' title="bbox 182 2394 967 2434">
     <span class='ocr_line' id='line_1_79' title="bbox 182 2394 967 2434; baseline -0.004 -9"><span class='ocrx_word' id='word_1_678' title='bbox 182 2401 221 2430; x_wconf 84' lang='grc' dir='ltr'>ὡς</span> <span class='ocrx_word' id='word_1_679' title='bbox 249 2399 335 2433; x_wconf 79' lang='grc' dir='ltr'>πηλὸν</span> <span class='ocrx_word' id='word_1_680' title='bbox 361 2398 516 2434; x_wconf 81' lang='grc' dir='ltr'><strong>κεραμέως.</strong></span> <span class='ocrx_word' id='word_1_681' title='bbox 534 2407 544 2424; x_wconf 89' lang='grc'>›</span> <span class='ocrx_word' id='word_1_682' title='bbox 568 2398 612 2428; x_wconf 84' lang='grc' dir='ltr'><strong>Ὠς</strong></span> <span class='ocrx_word' id='word_1_683' title='bbox 629 2397 683 2433; x_wconf 87' lang='grc' dir='ltr'><strong>γὰρ</strong></span> <span class='ocrx_word' id='word_1_684' title='bbox 701 2398 716 2423; x_wconf 79' lang='grc' dir='ltr'><strong>ὁ</strong></span> <span class='ocrx_word' id='word_1_685' title='bbox 729 2396 866 2432; x_wconf 80' lang='grc' dir='ltr'><strong>κεραμεὺς</strong></span> <span class='ocrx_word' id='word_1_686' title='bbox 881 2394 967 2429; x_wconf 80' lang='grc' dir='ltr'>πηλὸν</span> 
     </span>
    </p>
   </div>
   <div class='ocr_carea' id='block_1_80' title="bbox 182 2439 966 2480">
    <p class='ocr_par' dir='ltr' id='par_1_80' title="bbox 182 2439 966 2480">
     <span class='ocr_line' id='line_1_80' title="bbox 182 2439 966 2480; baseline -0.006 -9"><span class='ocrx_word' id='word_1_687' title='bbox 182 2444 384 2480; x_wconf 67' lang='grc' dir='ltr'><strong>ἀδιακόσμητον</strong></span> <span class='ocrx_word' id='word_1_688' title='bbox 392 2444 432 2474; x_wconf 78' lang='grc' dir='ltr'><strong>εις</strong></span> <span class='ocrx_word' id='word_1_689' title='bbox 445 2444 495 2469; x_wconf 81' lang='grc' dir='ltr'><strong>ὅτι</strong></span> <span class='ocrx_word' id='word_1_690' title='bbox 509 2443 634 2478; x_wconf 79' lang='grc' dir='ltr'><strong>βούλεται</strong></span> <span class='ocrx_word' id='word_1_691' title='bbox 648 2441 846 2477; x_wconf 74' lang='grc' dir='ltr'><strong>μεταρυθμεζει</strong></span> <span class='ocrx_word' id='word_1_692' title='bbox 859 2439 966 2472; x_wconf 79' lang='grc' dir='ltr'><strong>σκεῦος,</strong></span> 
     </span>
    </p>
   </div>
   <div class='ocr_carea' id='block_1_81' title="bbox 183 2485 968 2524">
    <p class='ocr_par' dir='ltr' id='par_1_81' title="bbox 183 2485 968 2524">
     <span class='ocr_line' id='line_1_81' title="bbox 183 2485 968 2524; baseline -0.006 -8"><span class='ocrx_word' id='word_1_693' title='bbox 183 2489 254 2516; x_wconf 79' lang='grc' dir='ltr'><strong>οὕτω</strong></span> <span class='ocrx_word' id='word_1_694' title='bbox 269 2488 346 2524; x_wconf 77' lang='grc' dir='ltr'><strong>κάγώ</strong></span> <span class='ocrx_word' id='word_1_695' title='bbox 368 2497 398 2516; x_wconf 79' lang='grc' dir='ltr'><strong>σι</strong></span> <span class='ocrx_word' id='word_1_696' title='bbox 423 2489 506 2524; x_wconf 82' lang='grc' dir='ltr'>πηλὸν</span> <span class='ocrx_word' id='word_1_697' title='bbox 523 2490 556 2515; x_wconf 75' lang='grc' dir='ltr'><strong>ἐκ</strong></span> <span class='ocrx_word' id='word_1_698' title='bbox 572 2488 625 2523; x_wconf 85' lang='grc' dir='ltr'><strong>γῆς</strong></span> <span class='ocrx_word' id='word_1_699' title='bbox 639 2486 739 2520; x_wconf 75' lang='grc' dir='ltr'><strong>λαϐὼν,</strong></span> <span class='ocrx_word' id='word_1_700' title='bbox 757 2487 803 2513; x_wconf 70' lang='grc' dir='ltr'><strong>ἐπὶ</strong></span> <span class='ocrx_word' id='word_1_701' title='bbox 819 2486 850 2513; x_wconf 81' lang='grc' dir='ltr'><strong>τὺ</strong></span> <span class='ocrx_word' id='word_1_702' title='bbox 864 2485 968 2520; x_wconf 79' lang='grc' dir='ltr'><strong>βέλτιον</strong></span> 
     </span>
    </p>
   </div>
   <div class='ocr_carea' id='block_1_82' title="bbox 221 2582 894 2619">
    <p class='ocr_par' dir='ltr' id='par_1_82' title="bbox 221 2582 894 2619">
     <span class='ocr_line' id='line_1_82' title="bbox 221 2582 894 2619; baseline -0.007 -5"><span class='ocrx_word' id='word_1_703' title='bbox 221 2590 242 2605; x_wconf 71' lang='grc' dir='ltr'><strong>ι’</strong></span> <span class='ocrx_word' id='word_1_704' title='bbox 263 2588 336 2615; x_wconf 78' lang='lat' dir='ltr'><strong>Psal.</strong></span> <span class='ocrx_word' id='word_1_705' title='bbox 359 2593 438 2619; x_wconf 85' lang='lat' dir='ltr'><strong>xvnt,</strong></span> <span class='ocrx_word' id='word_1_706' title='bbox 465 2585 492 2612; x_wconf 79' lang='grc' dir='ltr'><strong>Ἰ.</strong></span> <span class='ocrx_word' id='word_1_707' title='bbox 544 2586 566 2602; x_wconf 76' lang='grc'>⁸⁸</span> <span class='ocrx_word' id='word_1_708' title='bbox 583 2585 679 2612; x_wconf 73' lang='lat' dir='ltr'><strong>Matth.</strong></span> <span class='ocrx_word' id='word_1_709' title='bbox 694 2592 770 2616; x_wconf 78' lang='lat' dir='ltr'><strong>xxiv,</strong></span> <span class='ocrx_word' id='word_1_710' title='bbox 789 2582 833 2615; x_wconf 74' lang='lat'><strong>30,</strong></span> <span class='ocrx_word' id='word_1_711' title='bbox 850 2582 894 2610; x_wconf 83' lang='grc'><strong>51.</strong></span> 
     </span>
    </p>
   </div>
   <div class='ocr_carea' id='block_1_83' title="bbox 184 2622 414 2655">
    <p class='ocr_par' dir='ltr' id='par_1_83' title="bbox 184 2622 414 2655">
     <span class='ocr_line' id='line_1_83' title="bbox 184 2622 414 2655; baseline -0.009 -5"><span class='ocrx_word' id='word_1_712' title='bbox 184 2625 204 2640; x_wconf 92' lang='lat'><strong>&quot;</strong></span> <span class='ocrx_word' id='word_1_713' title='bbox 221 2623 308 2651; x_wconf 83' lang='lat' dir='ltr'><strong>Exod.</strong></span> <span class='ocrx_word' id='word_1_714' title='bbox 323 2629 356 2655; x_wconf 82' lang='lat' dir='ltr'><strong>II,</strong></span> <span class='ocrx_word' id='word_1_715' title='bbox 369 2622 414 2649; x_wconf 76' lang='lat' dir='ltr'><strong>ll.</strong></span> 
     </span>
    </p>
   </div>
   <div class='ocr_carea' id='block_1_84' title="bbox 219 2705 965 2746">
    <p class='ocr_par' dir='ltr' id='par_1_84' title="bbox 219 2705 965 2746">
     <span class='ocr_line' id='line_1_84' title="bbox 219 2705 965 2746; baseline -0.011 -9"><span class='ocrx_word' id='word_1_716' title='bbox 219 2711 256 2746; x_wconf 77' lang='grc' dir='ltr'><strong>(Ιε)</strong></span> <span class='ocrx_word' id='word_1_717' title='bbox 278 2708 415 2744; x_wconf 79' lang='grc' dir='ltr'><strong>Ἀόρατόν</strong></span> <span class='ocrx_word' id='word_1_718' title='bbox 441 2715 546 2746; x_wconf 69' lang='grc' dir='ltr'><strong>φησιν.</strong></span> <span class='ocrx_word' id='word_1_719' title='bbox 572 2705 634 2746; x_wconf 70' lang='lat' dir='ltr'><strong>Haec</strong></span> <span class='ocrx_word' id='word_1_720' title='bbox 661 2708 688 2733; x_wconf 85' lang='lat' dir='ltr'><strong>et</strong></span> <span class='ocrx_word' id='word_1_721' title='bbox 703 2707 965 2746; x_wconf 19' lang='lat' dir='ltr'><strong>tguteﬂsequunlt‘ur.</strong></span> 
     </span>
    </p>
   </div>
   <div class='ocr_carea' id='block_1_85' title="bbox 185 2739 963 2777">
    <p class='ocr_par' dir='ltr' id='par_1_85' title="bbox 185 2739 963 2777">
     <span class='ocr_line' id='line_1_85' title="bbox 185 2739 963 2777; baseline -0.01 -4"><span class='ocrx_word' id='word_1_722' title='bbox 185 2739 329 2773; x_wconf 78' lang='lat' dir='ltr'><strong>imin&#39;utata&#39;</strong></span> <span class='ocrx_word' id='word_1_723' title='bbox 337 2748 402 2771; x_wconf 88' lang='lat' dir='ltr'><strong>sunt</strong></span> <span class='ocrx_word' id='word_1_724' title='bbox 416 2739 450 2771; x_wconf 72' lang='lat' dir='ltr'><strong>ei</strong></span> <span class='ocrx_word' id='word_1_725' title='bbox 466 2739 689 2777; x_wconf 77' lang='lat' dir='ltr'><strong>interpretatione</strong></span> <span class='ocrx_word' id='word_1_726' title='bbox 703 2739 807 2777; x_wconf 74' lang='lat' dir='ltr'><strong>Severi.</strong></span> <span class='ocrx_word' id='word_1_727' title='bbox 824 2739 890 2766; x_wconf 82' lang='lat' dir='ltr'><strong>Vide</strong></span> <span class='ocrx_word' id='word_1_728' title='bbox 903 2739 963 2777; x_wconf 70' lang='lat' dir='ltr'><strong>Cat.</strong></span> 
     </span>
    </p>
   </div>
   <div class='ocr_carea' id='block_1_86' title="bbox 185 2773 964 2816">
    <p class='ocr_par' dir='ltr' id='par_1_86' title="bbox 185 2773 964 2816">
     <span class='ocr_line' id='line_1_86' title="bbox 185 2773 964 2816; baseline -0.012 -8"><span class='ocrx_word' id='word_1_729' title='bbox 185 2780 298 2816; x_wconf 71' lang='lat' dir='ltr'><strong>Niceph.</strong></span> <span class='ocrx_word' id='word_1_730' title='bbox 316 2787 343 2814; x_wconf 90' lang='lat' dir='ltr'><strong>p.</strong></span> <span class='ocrx_word' id='word_1_731' title='bbox 353 2778 406 2816; x_wconf 55' lang='lat' dir='ltr'><strong>li.</strong></span> <span class='ocrx_word' id='word_1_732' title='bbox 418 2773 555 2806; x_wconf 74' lang='lat' dir='ltr'><strong>utexinde</strong></span> <span class='ocrx_word' id='word_1_733' title='bbox 568 2775 701 2810; x_wconf 78' lang='lat' dir='ltr'><strong>intelligit</strong></span> <span class='ocrx_word' id='word_1_734' title='bbox 717 2774 813 2816; x_wconf 80' lang='lat' dir='ltr'><strong>possit,</strong></span> <span class='ocrx_word' id='word_1_735' title='bbox 827 2773 964 2816; x_wconf 76' lang='lat' dir='ltr'><strong>quomodo</strong></span> 
     </span>
    </p>
   </div>
   <div class='ocr_carea' id='block_1_87' title="bbox 185 2813 962 2850">
    <p class='ocr_par' dir='ltr' id='par_1_87' title="bbox 185 2813 962 2850">
     <span class='ocr_line' id='line_1_87' title="bbox 185 2813 962 2850; baseline -0.012 -8"><span class='ocrx_word' id='word_1_736' title='bbox 185 2813 334 2850; x_wconf 70' lang='lat' dir='ltr'><strong>Procopius</strong></span> <span class='ocrx_word' id='word_1_737' title='bbox 353 2814 416 2841; x_wconf 83' lang='lat' dir='ltr'><strong>illos</strong></span> <span class='ocrx_word' id='word_1_738' title='bbox 438 2818 543 2850; x_wconf 77' lang='lat' dir='ltr'><strong>veteres</strong></span> <span class='ocrx_word' id='word_1_739' title='bbox 562 2817 727 2850; x_wconf 33' lang='lat' dir='ltr'><strong>excerpere.</strong></span> <span class='ocrx_word' id='word_1_740' title='bbox 741 2813 863 2850; x_wconf 81' lang='lat' dir='ltr'><strong>atquein</strong></span> <span class='ocrx_word' id='word_1_741' title='bbox 882 2815 962 2850; x_wconf 73' lang='lat' dir='ltr'><strong>usum</strong></span> 
     </span>
    </p>
   </div>
   <div class='ocr_carea' id='block_1_88' title="bbox 185 2842 964 2878">
    <p class='ocr_par' dir='ltr' id='par_1_88' title="bbox 185 2842 964 2878">
     <span class='ocr_line' id='line_1_88' title="bbox 185 2842 964 2878; baseline -0.009 0"><span class='ocrx_word' id='word_1_742' title='bbox 185 2842 449 2878; x_wconf 69' lang='lat' dir='ltr'><strong>suum&#39;convertere</strong></span> <span class='ocrx_word' id='word_1_743' title='bbox 473 2848 572 2876; x_wconf 87' lang='lat' dir='ltr'><strong>solitus</strong></span> <span class='ocrx_word' id='word_1_744' title='bbox 591 2842 684 2873; x_wconf 74' lang='lat' dir='ltr'><strong>fuerit.</strong></span> <span class='ocrx_word' id='word_1_745' title='bbox 707 2842 787 2877; x_wconf 84' lang='lat' dir='ltr'><strong>Quod</strong></span> <span class='ocrx_word' id='word_1_746' title='bbox 811 2850 876 2871; x_wconf 85' lang='lat' dir='ltr'><strong>vero</strong></span> <span class='ocrx_word' id='word_1_747' title='bbox 896 2842 964 2871; x_wconf 87' lang='lat' dir='ltr'><strong>dicit</strong></span> 
     </span>
    </p>
   </div>
   <div class='ocr_carea' id='block_1_89' title="bbox 349 2890 767 2926">
    <p class='ocr_par' dir='ltr' id='par_1_89' title="bbox 349 2890 767 2926">
     <span class='ocr_line' id='line_1_89' title="bbox 349 2890 767 2926; baseline -0.014 0"><span class='ocrx_word' id='word_1_748' title='bbox 349 2895 483 2926; x_wconf 77' lang='grc' dir='ltr'><strong>ΡΑτιιοι..</strong></span> <span class='ocrx_word' id='word_1_749' title='bbox 506 2893 566 2924; x_wconf 80' lang='lat' dir='ltr'><strong>Gn.</strong></span> <span class='ocrx_word' id='word_1_750' title='bbox 582 2890 767 2923; x_wconf 75' lang='lat' dir='ltr'><strong>LXXXVII.</strong></span> 
     </span>
    </p>
   </div>
   <div class='ocr_carea' id='block_1_90' title="bbox 949 2583 1185 2611">
    <p class='ocr_par' dir='ltr' id='par_1_90' title="bbox 949 2583 1185 2611">
     <span class='ocr_line' id='line_1_90' title="bbox 949 2583 1185 2611; baseline 0 -1"><span class='ocrx_word' id='word_1_751' title='bbox 949 2583 970 2599; x_wconf 81' lang='lat'>“</span> <span class='ocrx_word' id='word_1_752' title='bbox 988 2583 1066 2611; x_wconf 86' lang='lat' dir='ltr'><strong>Deut.</strong></span> <span class='ocrx_word' id='word_1_753' title='bbox 1082 2591 1119 2610; x_wconf 86' lang='lat' dir='ltr'><strong>Iv.</strong></span> <span class='ocrx_word' id='word_1_754' title='bbox 1139 2583 1185 2611; x_wconf 73' lang='grc'><strong>52.</strong></span> 
     </span>
    </p>
   </div>
   <div class='ocr_carea' id='block_1_91' title="bbox 1016 1937 1804 1972">
    <p class='ocr_par' dir='ltr' id='par_1_91' title="bbox 1016 1937 1804 1972">
     <span class='ocr_line' id='line_1_91' title="bbox 1016 1937 1804 1972; baseline 0.005 -7"><span class='ocrx_word' id='word_1_755' title='bbox 1016 1938 1085 1970; x_wconf 91' lang='lat' dir='ltr'><strong>lum,</strong></span> <span class='ocrx_word' id='word_1_756' title='bbox 1102 1937 1175 1965; x_wconf 91' lang='lat' dir='ltr'><strong>illam</strong></span> <span class='ocrx_word' id='word_1_757' title='bbox 1189 1945 1264 1972; x_wconf 88' lang='lat' dir='ltr'><strong>vero,</strong></span> <span class='ocrx_word' id='word_1_758' title='bbox 1281 1943 1382 1966; x_wconf 90' lang='lat' dir='ltr'><strong>terram</strong></span> <span class='ocrx_word' id='word_1_759' title='bbox 1396 1943 1534 1967; x_wconf 87' lang='lat' dir='ltr'><strong>vocasset.</strong></span> <span class='ocrx_word' id='word_1_760' title='bbox 1551 1939 1609 1966; x_wconf 86' lang='lat' dir='ltr'><strong>Nisi</strong></span> <span class='ocrx_word' id='word_1_761' title='bbox 1632 1939 1702 1968; x_wconf 83' lang='lat' dir='ltr'><strong>forte</strong></span> <span class='ocrx_word' id='word_1_762' title='bbox 1724 1941 1804 1969; x_wconf 86' lang='lat' dir='ltr'><strong>dixe-</strong></span> 
     </span>
    </p>
   </div>
   <div class='ocr_carea' id='block_1_92' title="bbox 1017 1983 1803 2021">
    <p class='ocr_par' dir='ltr' id='par_1_92' title="bbox 1017 1983 1803 2021">
     <span class='ocr_line' id='line_1_92' title="bbox 1017 1983 1803 2021; baseline 0.005 -10"><span class='ocrx_word' id='word_1_763' title='bbox 1017 1984 1073 2011; x_wconf 88' lang='lat' dir='ltr'><strong>rint</strong></span> <span class='ocrx_word' id='word_1_764' title='bbox 1085 1983 1154 2011; x_wconf 89' lang='lat' dir='ltr'><strong>duas</strong></span> <span class='ocrx_word' id='word_1_765' title='bbox 1169 1984 1301 2012; x_wconf 86' lang='lat' dir='ltr'><strong>materias</strong></span> <span class='ocrx_word' id='word_1_766' title='bbox 1314 1983 1399 2012; x_wconf 87' lang='lat' dir='ltr'><strong>Deum</strong></span> <span class='ocrx_word' id='word_1_767' title='bbox 1421 1983 1532 2013; x_wconf 83' lang='lat' dir='ltr'><strong>fecisse.</strong></span> <span class='ocrx_word' id='word_1_768' title='bbox 1550 1985 1583 2013; x_wconf 85' lang='lat' dir='ltr'><strong>Et</strong></span> <span class='ocrx_word' id='word_1_769' title='bbox 1603 1987 1702 2014; x_wconf 62' lang='lat' dir='ltr'><strong>caelum</strong></span> <span class='ocrx_word' id='word_1_770' title='bbox 1719 1987 1803 2021; x_wconf 87' lang='lat' dir='ltr'><strong>igitur</strong></span> 
     </span>
    </p>
   </div>
   <div class='ocr_carea' id='block_1_93' title="bbox 1018 2029 1803 2066">
    <p class='ocr_par' dir='ltr' id='par_1_93' title="bbox 1018 2029 1803 2066">
     <span class='ocr_line' id='line_1_93' title="bbox 1018 2029 1803 2066; baseline 0.008 -11"><span class='ocrx_word' id='word_1_771' title='bbox 1018 2029 1114 2057; x_wconf 81' lang='lat' dir='ltr'><strong>formis</strong></span> <span class='ocrx_word' id='word_1_772' title='bbox 1126 2029 1203 2056; x_wconf 91' lang='lat' dir='ltr'><strong>indui</strong></span> <span class='ocrx_word' id='word_1_773' title='bbox 1217 2030 1361 2065; x_wconf 89' lang='lat' dir='ltr'><strong>oportebat</strong></span> <span class='ocrx_word' id='word_1_774' title='bbox 1374 2031 1604 2066; x_wconf 85' lang='lat' dir='ltr'><strong>quemadmodum</strong></span> <span class='ocrx_word' id='word_1_775' title='bbox 1620 2036 1732 2060; x_wconf 89' lang='lat' dir='ltr'><strong>terram.</strong></span> <span class='ocrx_word' id='word_1_776' title='bbox 1749 2035 1803 2061; x_wconf 88' lang='lat' dir='ltr'><strong>lut-</strong></span> 
     </span>
    </p>
   </div>
   <div class='ocr_carea' id='block_1_94' title="bbox 1019 2073 1803 2112">
    <p class='ocr_par' dir='ltr' id='par_1_94' title="bbox 1019 2073 1803 2112">
     <span class='ocr_line' id='line_1_94' title="bbox 1019 2073 1803 2112; baseline 0.006 -12"><span class='ocrx_word' id='word_1_777' title='bbox 1019 2073 1080 2108; x_wconf 89' lang='lat' dir='ltr'><strong>pius</strong></span> <span class='ocrx_word' id='word_1_778' title='bbox 1104 2081 1168 2101; x_wconf 89' lang='lat' dir='ltr'><strong>vero</strong></span> <span class='ocrx_word' id='word_1_779' title='bbox 1185 2074 1232 2102; x_wconf 90' lang='lat' dir='ltr'><strong>ille</strong></span> <span class='ocrx_word' id='word_1_780' title='bbox 1258 2074 1352 2102; x_wconf 78' lang='lat' dir='ltr'><strong>Manes</strong></span> <span class='ocrx_word' id='word_1_781' title='bbox 1380 2075 1493 2102; x_wconf 83' lang='lat' dir='ltr'><strong>verbum</strong></span> <span class='ocrx_word' id='word_1_782' title='bbox 1511 2080 1569 2102; x_wconf 82' lang='lat' dir='ltr'><strong>erat</strong></span> <span class='ocrx_word' id='word_1_783' title='bbox 1590 2076 1745 2112; x_wconf 74' lang='lat' dir='ltr'><strong>significare</strong></span> <span class='ocrx_word' id='word_1_784' title='bbox 1764 2079 1803 2105; x_wconf 86' lang='lat' dir='ltr'><strong>ait</strong></span> 
     </span>
    </p>
   </div>
   <div class='ocr_carea' id='block_1_95' title="bbox 1019 2120 1803 2160">
    <p class='ocr_par' dir='ltr' id='par_1_95' title="bbox 1019 2120 1803 2160">
     <span class='ocr_line' id='line_1_95' title="bbox 1019 2120 1803 2160; baseline 0.008 -14"><span class='ocrx_word' id='word_1_785' title='bbox 1019 2120 1140 2147; x_wconf 76' lang='lat' dir='ltr'><strong>materiae</strong></span> <span class='ocrx_word' id='word_1_786' title='bbox 1158 2120 1349 2149; x_wconf 60' lang='lat' dir='ltr'><strong>aeternitatem.</strong></span> <span class='ocrx_word' id='word_1_787' title='bbox 1363 2121 1464 2148; x_wconf 78' lang='lat' dir='ltr'><strong>Verum</strong></span> <span class='ocrx_word' id='word_1_788' title='bbox 1479 2126 1542 2149; x_wconf 87' lang='lat' dir='ltr'><strong>ante</strong></span> <span class='ocrx_word' id='word_1_789' title='bbox 1554 2123 1666 2150; x_wconf 87' lang='lat' dir='ltr'><strong>verbum</strong></span> <span class='ocrx_word' id='word_1_790' title='bbox 1683 2129 1742 2150; x_wconf 77' lang='lat' dir='ltr'><strong>erat</strong></span> <span class='ocrx_word' id='word_1_791' title='bbox 1756 2133 1803 2160; x_wconf 84' lang='lat' dir='ltr'><strong>po-</strong></span> 
     </span>
    </p>
   </div>
   <div class='ocr_carea' id='block_1_96' title="bbox 1019 2165 1803 2201">
    <p class='ocr_par' dir='ltr' id='par_1_96' title="bbox 1019 2165 1803 2201">
     <span class='ocr_line' id='line_1_96' title="bbox 1019 2165 1803 2201; baseline 0.005 -9"><span class='ocrx_word' id='word_1_792' title='bbox 1019 2165 1095 2192; x_wconf 91' lang='lat' dir='ltr'><strong>nitur</strong></span> <span class='ocrx_word' id='word_1_793' title='bbox 1110 2165 1184 2200; x_wconf 82' lang='lat' dir='ltr'><strong>fecit,</strong></span> <span class='ocrx_word' id='word_1_794' title='bbox 1197 2173 1248 2193; x_wconf 88' lang='lat' dir='ltr'><strong>nec</strong></span> <span class='ocrx_word' id='word_1_795' title='bbox 1264 2166 1332 2194; x_wconf 82' lang='lat' dir='ltr'><strong>alias</strong></span> <span class='ocrx_word' id='word_1_796' title='bbox 1347 2174 1455 2201; x_wconf 87' lang='lat' dir='ltr'><strong>semper</strong></span> <span class='ocrx_word' id='word_1_797' title='bbox 1466 2167 1579 2194; x_wconf 90' lang='lat' dir='ltr'><strong>verbum</strong></span> <span class='ocrx_word' id='word_1_798' title='bbox 1592 2173 1651 2194; x_wconf 80' lang='lat' dir='ltr'><strong>erat</strong></span> <span class='ocrx_word' id='word_1_799' title='bbox 1666 2170 1803 2196; x_wconf 68' lang='lat' dir='ltr'><strong>atternita-</strong></span> 
     </span>
    </p>
   </div>
   <div class='ocr_carea' id='block_1_97' title="bbox 1019 2210 1802 2246">
    <p class='ocr_par' dir='ltr' id='par_1_97' title="bbox 1019 2210 1802 2246">
     <span class='ocr_line' id='line_1_97' title="bbox 1019 2210 1802 2246; baseline 0.009 -10"><span class='ocrx_word' id='word_1_800' title='bbox 1019 2214 1074 2237; x_wconf 92' lang='lat' dir='ltr'><strong>tem</strong></span> <span class='ocrx_word' id='word_1_801' title='bbox 1087 2214 1174 2244; x_wconf 90' lang='lat' dir='ltr'><strong>notat,</strong></span> <span class='ocrx_word' id='word_1_802' title='bbox 1187 2218 1212 2238; x_wconf 77' lang='grc' dir='ltr'><strong>ν.</strong></span> <span class='ocrx_word' id='word_1_803' title='bbox 1224 2219 1250 2246; x_wconf 79' lang='lat' dir='ltr'><strong>g.</strong></span> <span class='ocrx_word' id='word_1_804' title='bbox 1266 2211 1294 2238; x_wconf 90' lang='lat' dir='ltr'><strong>in</strong></span> <span class='ocrx_word' id='word_1_805' title='bbox 1309 2211 1371 2239; x_wconf 88' lang='lat' dir='ltr'><strong>istis</strong></span> <span class='ocrx_word' id='word_1_806' title='bbox 1385 2220 1393 2240; x_wconf 88' lang='lat'>:</span> <span class='ocrx_word' id='word_1_807' title='bbox 1411 2220 1421 2238; x_wconf 73' lang='grc' dir='ltr'><strong>ε</strong></span> <span class='ocrx_word' id='word_1_808' title='bbox 1435 2210 1468 2238; x_wconf 83' lang='grc' dir='ltr'><strong>ΕΙ,</strong></span> <span class='ocrx_word' id='word_1_809' title='bbox 1482 2218 1542 2239; x_wconf 84' lang='lat' dir='ltr'><strong>erat</strong></span> <span class='ocrx_word' id='word_1_810' title='bbox 1554 2212 1636 2240; x_wconf 88' lang='lat' dir='ltr'><strong>homo</strong></span> <span class='ocrx_word' id='word_1_811' title='bbox 1647 2213 1691 2241; x_wconf 90' lang='lat' dir='ltr'><strong>ille</strong></span> <span class='ocrx_word' id='word_1_812' title='bbox 1704 2215 1802 2243; x_wconf 77' lang='lat' dir='ltr'><strong>nobilis</strong></span> 
     </span>
    </p>
   </div>
   <div class='ocr_carea' id='block_1_98' title="bbox 1017 2256 1801 2292">
    <p class='ocr_par' dir='ltr' id='par_1_98' title="bbox 1017 2256 1801 2292">
     <span class='ocr_line' id='line_1_98' title="bbox 1017 2256 1801 2292; baseline 0.005 -9"><span class='ocrx_word' id='word_1_813' title='bbox 1017 2256 1089 2283; x_wconf 85' lang='lat' dir='ltr'><strong>inter</strong></span> <span class='ocrx_word' id='word_1_814' title='bbox 1108 2264 1156 2284; x_wconf 89' lang='lat' dir='ltr'><strong>eos</strong></span> <span class='ocrx_word' id='word_1_815' title='bbox 1181 2257 1228 2292; x_wconf 93' lang='lat' dir='ltr'><strong>qui</strong></span> <span class='ocrx_word' id='word_1_816' title='bbox 1255 2265 1272 2285; x_wconf 88' lang='lat' dir='ltr'><strong>a</strong></span> <span class='ocrx_word' id='word_1_817' title='bbox 1291 2257 1359 2285; x_wconf 88' lang='lat' dir='ltr'><strong>solis</strong></span> <span class='ocrx_word' id='word_1_818' title='bbox 1374 2261 1447 2285; x_wconf 89' lang='lat' dir='ltr'><strong>ortu.</strong></span> <span class='ocrx_word' id='word_1_819' title='bbox 1466 2267 1476 2284; x_wconf 83' lang='lat' dir='ltr'><strong>I</strong></span> <span class='ocrx_word' id='word_1_820' title='bbox 1498 2257 1579 2286; x_wconf 78' lang='lat' dir='ltr'><strong>Forte</strong></span> <span class='ocrx_word' id='word_1_821' title='bbox 1604 2264 1695 2287; x_wconf 86' lang='lat' dir='ltr'><strong>autent</strong></span> <span class='ocrx_word' id='word_1_822' title='bbox 1720 2261 1801 2288; x_wconf 83' lang='lat' dir='ltr'><strong>etiam</strong></span> 
     </span>
    </p>
   </div>
   <div class='ocr_carea' id='block_1_99' title="bbox 1017 2302 1804 2341">
    <p class='ocr_par' dir='ltr' id='par_1_99' title="bbox 1017 2302 1804 2341">
     <span class='ocr_line' id='line_1_99' title="bbox 1017 2302 1804 2341; baseline 0.006 -12"><span class='ocrx_word' id='word_1_823' title='bbox 1017 2302 1184 2330; x_wconf 88' lang='lat' dir='ltr'><strong>invisibilem</strong></span> <span class='ocrx_word' id='word_1_824' title='bbox 1201 2303 1279 2337; x_wconf 83' lang='lat' dir='ltr'><strong>dicit,</strong></span> <span class='ocrx_word' id='word_1_825' title='bbox 1296 2303 1369 2340; x_wconf 92' lang='lat' dir='ltr'><strong>quod</strong></span> <span class='ocrx_word' id='word_1_826' title='bbox 1387 2304 1469 2332; x_wconf 90' lang='lat' dir='ltr'><strong>homo</strong></span> <span class='ocrx_word' id='word_1_827' title='bbox 1485 2303 1546 2339; x_wconf 84' lang='lat' dir='ltr'><strong>ejus</strong></span> <span class='ocrx_word' id='word_1_828' title='bbox 1572 2311 1711 2341; x_wconf 81' lang='lat' dir='ltr'><strong>spectator</strong></span> <span class='ocrx_word' id='word_1_829' title='bbox 1732 2314 1804 2334; x_wconf 85' lang='lat' dir='ltr'><strong>non-</strong></span> 
     </span>
    </p>
   </div>
   <div class='ocr_carea' id='block_1_100' title="bbox 1018 2349 1802 2383">
    <p class='ocr_par' dir='ltr' id='par_1_100' title="bbox 1018 2349 1802 2383">
     <span class='ocr_line' id='line_1_100' title="bbox 1018 2349 1802 2383; baseline 0.006 -7"><span class='ocrx_word' id='word_1_830' title='bbox 1018 2349 1084 2376; x_wconf 92' lang='lat' dir='ltr'><strong>dum</strong></span> <span class='ocrx_word' id='word_1_831' title='bbox 1103 2349 1261 2383; x_wconf 77' lang='lat' dir='ltr'><strong>exsisteret,</strong></span> <span class='ocrx_word' id='word_1_832' title='bbox 1276 2355 1304 2378; x_wconf 89' lang='lat' dir='ltr'><strong>et</strong></span> <span class='ocrx_word' id='word_1_833' title='bbox 1317 2350 1382 2378; x_wconf 83' lang='lat' dir='ltr'><strong>licet</strong></span> <span class='ocrx_word' id='word_1_834' title='bbox 1394 2351 1503 2383; x_wconf 78' lang='lat' dir='ltr'><strong>fuisset,</strong></span> <span class='ocrx_word' id='word_1_835' title='bbox 1523 2352 1568 2379; x_wconf 81' lang='lat' dir='ltr'><strong>lux</strong></span> <span class='ocrx_word' id='word_1_836' title='bbox 1584 2356 1674 2380; x_wconf 88' lang='lat' dir='ltr'><strong>tamen</strong></span> <span class='ocrx_word' id='word_1_837' title='bbox 1691 2354 1802 2381; x_wconf 79' lang='lat' dir='ltr'><strong>condita</strong></span> 
     </span>
    </p>
   </div>
   <div class='ocr_carea' id='block_1_101' title="bbox 1020 2394 1804 2433">
    <p class='ocr_par' dir='ltr' id='par_1_101' title="bbox 1020 2394 1804 2433">
     <span class='ocr_line' id='line_1_101' title="bbox 1020 2394 1804 2433; baseline 0.008 -11"><span class='ocrx_word' id='word_1_838' title='bbox 1020 2394 1141 2423; x_wconf 89' lang='lat' dir='ltr'><strong>nondum</strong></span> <span class='ocrx_word' id='word_1_839' title='bbox 1157 2399 1226 2424; x_wconf 88' lang='lat' dir='ltr'><strong>erat.</strong></span> <span class='ocrx_word' id='word_1_840' title='bbox 1251 2396 1328 2430; x_wconf 84' lang='lat' dir='ltr'><strong>Quod</strong></span> <span class='ocrx_word' id='word_1_841' title='bbox 1349 2405 1416 2425; x_wconf 89' lang='lat' dir='ltr'><strong>vero</strong></span> <span class='ocrx_word' id='word_1_842' title='bbox 1443 2398 1648 2433; x_wconf 70' lang='lat' dir='ltr'><strong>incompositum</strong></span> <span class='ocrx_word' id='word_1_843' title='bbox 1676 2399 1746 2427; x_wconf 88' lang='lat' dir='ltr'><strong>idem</strong></span> <span class='ocrx_word' id='word_1_844' title='bbox 1768 2401 1804 2428; x_wconf 90' lang='lat' dir='ltr'><strong>sit</strong></span> 
     </span>
    </p>
   </div>
   <div class='ocr_carea' id='block_1_102' title="bbox 1021 2438 1802 2480">
    <p class='ocr_par' dir='ltr' id='par_1_102' title="bbox 1021 2438 1802 2480">
     <span class='ocr_line' id='line_1_102' title="bbox 1021 2438 1802 2480; baseline 0.008 -15"><span class='ocrx_word' id='word_1_845' title='bbox 1021 2438 1094 2474; x_wconf 90' lang='lat' dir='ltr'><strong>quod</strong></span> <span class='ocrx_word' id='word_1_846' title='bbox 1111 2445 1210 2466; x_wconf 81' lang='lat' dir='ltr'><strong>ornatu</strong></span> <span class='ocrx_word' id='word_1_847' title='bbox 1225 2449 1328 2472; x_wconf 74' lang='lat' dir='ltr'><strong>carens.</strong></span> <span class='ocrx_word' id='word_1_848' title='bbox 1345 2450 1379 2469; x_wconf 87' lang='lat' dir='ltr'><strong>ex</strong></span> <span class='ocrx_word' id='word_1_849' title='bbox 1394 2442 1449 2470; x_wconf 90' lang='lat' dir='ltr'><strong>illis</strong></span> <span class='ocrx_word' id='word_1_850' title='bbox 1464 2450 1525 2477; x_wconf 74' lang='lat' dir='ltr'><strong>quae</strong></span> <span class='ocrx_word' id='word_1_851' title='bbox 1541 2443 1605 2470; x_wconf 89' lang='lat' dir='ltr'><strong>alibi</strong></span> <span class='ocrx_word' id='word_1_852' title='bbox 1621 2443 1699 2475; x_wconf 86' lang='lat' dir='ltr'><strong>dicit.</strong></span> <span class='ocrx_word' id='word_1_853' title='bbox 1717 2453 1802 2480; x_wconf 84' lang='lat' dir='ltr'><strong>appa-</strong></span> 
     </span>
    </p>
   </div>
   <div class='ocr_carea' id='block_1_103' title="bbox 1021 2483 1802 2523">
    <p class='ocr_par' dir='ltr' id='par_1_103' title="bbox 1021 2483 1802 2523">
     <span class='ocr_line' id='line_1_103' title="bbox 1021 2483 1802 2523; baseline 0.009 -13"><span class='ocrx_word' id='word_1_854' title='bbox 1021 2488 1064 2511; x_wconf 79' lang='lat' dir='ltr'><strong>ret</strong></span> <span class='ocrx_word' id='word_1_855' title='bbox 1080 2493 1087 2510; x_wconf 70' lang='grc' dir='ltr'><strong>ε</strong></span> <span class='ocrx_word' id='word_1_856' title='bbox 1105 2492 1116 2509; x_wconf 72' lang='grc' dir='ltr'>ι</span> <span class='ocrx_word' id='word_1_857' title='bbox 1135 2483 1252 2514; x_wconf 84' lang='lat' dir='ltr'><strong>Faciens</strong></span> <span class='ocrx_word' id='word_1_858' title='bbox 1277 2486 1375 2514; x_wconf 83' lang='lat' dir='ltr'><strong>melius</strong></span> <span class='ocrx_word' id='word_1_859' title='bbox 1401 2488 1545 2523; x_wconf 91' lang='lat' dir='ltr'><strong>composui</strong></span> <span class='ocrx_word' id='word_1_860' title='bbox 1578 2494 1604 2516; x_wconf 87' lang='lat' dir='ltr'><strong>te</strong></span> <span class='ocrx_word' id='word_1_861' title='bbox 1625 2490 1696 2517; x_wconf 90' lang='lat' dir='ltr'><strong>sicut</strong></span> <span class='ocrx_word' id='word_1_862' title='bbox 1716 2490 1802 2517; x_wconf 89' lang='lat' dir='ltr'><strong>lutum</strong></span> 
     </span>
    </p>
   </div>
   <div class='ocr_carea' id='block_1_104' title="bbox 1242 2583 1801 2620">
    <p class='ocr_par' dir='ltr' id='par_1_104' title="bbox 1242 2583 1801 2620">
     <span class='ocr_line' id='line_1_104' title="bbox 1242 2583 1801 2620; baseline 0.011 -10"><span class='ocrx_word' id='word_1_863' title='bbox 1242 2583 1263 2599; x_wconf 83' lang='lat'><strong>&quot;</strong></span> <span class='ocrx_word' id='word_1_864' title='bbox 1275 2583 1328 2611; x_wconf 87' lang='lat' dir='ltr'><strong>lsa.</strong></span> <span class='ocrx_word' id='word_1_865' title='bbox 1342 2591 1400 2617; x_wconf 83' lang='lat' dir='ltr'><strong>xnt,</strong></span> <span class='ocrx_word' id='word_1_866' title='bbox 1417 2585 1445 2617; x_wconf 74' lang='grc' dir='ltr'><strong>ι,</strong></span> <span class='ocrx_word' id='word_1_867' title='bbox 1462 2585 1489 2614; x_wconf 86' lang='grc'><strong>5.</strong></span> <span class='ocrx_word' id='word_1_868' title='bbox 1545 2586 1566 2602; x_wconf 86' lang='grc'><strong>¹⁶</strong></span> <span class='ocrx_word' id='word_1_869' title='bbox 1581 2586 1661 2615; x_wconf 80' lang='lat' dir='ltr'><strong>Rom.</strong></span> <span class='ocrx_word' id='word_1_870' title='bbox 1680 2595 1740 2620; x_wconf 86' lang='lat' dir='ltr'><strong>vm,</strong></span> <span class='ocrx_word' id='word_1_871' title='bbox 1755 2589 1801 2615; x_wconf 75' lang='lat'><strong>22.</strong></span> 
     </span>
    </p>
   </div>
   <div class='ocr_carea' id='block_1_105' title="bbox 1063 2703 1789 2743">
    <p class='ocr_par' dir='ltr' id='par_1_105' title="bbox 1063 2703 1789 2743">
     <span class='ocr_line' id='line_1_105' title="bbox 1063 2703 1789 2743; baseline 0.008 -13"><span class='ocrx_word' id='word_1_872' title='bbox 1063 2703 1145 2743; x_wconf 83' lang='lat' dir='ltr'><strong>uilam</strong></span> <span class='ocrx_word' id='word_1_873' title='bbox 1157 2711 1208 2740; x_wconf 82' lang='lat' dir='ltr'><strong>pro</strong></span> <span class='ocrx_word' id='word_1_874' title='bbox 1219 2704 1337 2743; x_wconf 54' lang='lat' dir='ltr'><strong>adpare;</strong></span> <span class='ocrx_word' id='word_1_875' title='bbox 1359 2706 1473 2743; x_wconf 72' lang='lat' dir='ltr'><strong>vet-tisse</strong></span> <span class='ocrx_word' id='word_1_876' title='bbox 1496 2707 1562 2743; x_wconf 72' lang='grc' dir='ltr'><strong>κενή</strong></span> <span class='ocrx_word' id='word_1_877' title='bbox 1573 2727 1582 2740; x_wconf 85' lang='grc'><em>,</em></span> <span class='ocrx_word' id='word_1_878' title='bbox 1603 2708 1630 2735; x_wconf 89' lang='lat' dir='ltr'><strong>in</strong></span> <span class='ocrx_word' id='word_1_879' title='bbox 1643 2716 1677 2736; x_wconf 84' lang='lat' dir='ltr'><strong>eo</strong></span> <span class='ocrx_word' id='word_1_880' title='bbox 1696 2707 1789 2736; x_wconf 64' lang='lat' dir='ltr'><strong>differt</strong></span> 
     </span>
    </p>
   </div>
   <div class='ocr_carea' id='block_1_106' title="bbox 1017 2703 1804 2800">
    <p class='ocr_par' dir='ltr' id='par_1_106' title="bbox 1017 2703 1804 2800">
     <span class='ocr_line' id='line_1_106' title="bbox 1018 2703 1789 2766; baseline 0.008 -36"><span class='ocrx_word' id='word_1_881' title='bbox 1018 2703 1145 2766; x_wconf 51' lang='lat' dir='ltr'><strong>Agilam</strong></span> <span class='ocrx_word' id='word_1_882' title='bbox 1157 2711 1208 2740; x_wconf 82' lang='lat' dir='ltr'><strong>pro</strong></span> <span class='ocrx_word' id='word_1_883' title='bbox 1219 2704 1337 2746; x_wconf 56' lang='grc' dir='ltr'><strong>μόρατος</strong></span> <span class='ocrx_word' id='word_1_884' title='bbox 1359 2706 1473 2748; x_wconf 69' lang='lat' dir='ltr'><strong>vet-tisse</strong></span> <span class='ocrx_word' id='word_1_885' title='bbox 1496 2707 1562 2743; x_wconf 72' lang='grc' dir='ltr'><strong>κενή</strong></span> <span class='ocrx_word' id='word_1_886' title='bbox 1573 2727 1582 2740; x_wconf 85' lang='grc'><em>,</em></span> <span class='ocrx_word' id='word_1_887' title='bbox 1603 2708 1630 2735; x_wconf 89' lang='lat' dir='ltr'><strong>in</strong></span> <span class='ocrx_word' id='word_1_888' title='bbox 1643 2716 1677 2736; x_wconf 84' lang='lat' dir='ltr'><strong>eo</strong></span> <span class='ocrx_word' id='word_1_889' title='bbox 1695 2707 1789 2749; x_wconf 64' lang='lat' dir='ltr'><strong>differt</strong></span> 
     </span>
     <span class='ocr_line' id='line_1_107' title="bbox 1017 2741 1804 2800; baseline 0.006 -34"><span class='ocrx_word' id='word_1_890' title='bbox 1017 2741 1352 2800; x_wconf 43' lang='grc' dir='ltr'><strong>λμέᾙ.οὲἓένλρυιιω</strong></span> <span class='ocrx_word' id='word_1_891' title='bbox 1371 2749 1526 2770; x_wconf 83' lang='lat' dir='ltr'><strong>versmnem</strong></span> <span class='ocrx_word' id='word_1_892' title='bbox 1546 2743 1617 2770; x_wconf 85' lang='lat' dir='ltr'><strong>hanc</strong></span> <span class='ocrx_word' id='word_1_893' title='bbox 1638 2748 1715 2779; x_wconf 78' lang='lat' dir='ltr'><strong>ponit</strong></span> <span class='ocrx_word' id='word_1_894' title='bbox 1732 2753 1739 2770; x_wconf 94' lang='lat'>:</span> <span class='ocrx_word' id='word_1_895' title='bbox 1756 2744 1804 2771; x_wconf 69' lang='grc' dir='ltr'><strong>κέ-</strong></span> 
     </span>
    </p>
   </div>
   <div class='ocr_carea' id='block_1_107' title="bbox 1078 2773 1253 2803">
    <p class='ocr_par' dir='ltr' id='par_1_107' title="bbox 1078 2773 1253 2803">
     <span class='ocr_line' id='line_1_108' title="bbox 1078 2773 1253 2803; baseline 0.011 -3"><span class='ocrx_word' id='word_1_896' title='bbox 1078 2782 1096 2800; x_wconf 84' lang='grc' dir='ltr'><strong>α</strong></span> <span class='ocrx_word' id='word_1_897' title='bbox 1107 2773 1155 2801; x_wconf 77' lang='grc' dir='ltr'><strong>καὶ</strong></span> <span class='ocrx_word' id='word_1_898' title='bbox 1168 2773 1253 2803; x_wconf 72' lang='grc' dir='ltr'><strong>οὐδέν.</strong></span> 
     </span>
    </p>
   </div>
   <div class='ocr_carea' id='block_1_108' title="bbox 1065 2808 1804 2843">
    <p class='ocr_par' dir='ltr' id='par_1_108' title="bbox 1065 2808 1804 2843">
     <span class='ocr_line' id='line_1_109' title="bbox 1065 2808 1804 2843; baseline 0.009 -8"><span class='ocrx_word' id='word_1_899' title='bbox 1065 2808 1086 2843; x_wconf 79' lang='grc' dir='ltr'><strong>ι)</strong></span> <span class='ocrx_word' id='word_1_900' title='bbox 1097 2808 1186 2842; x_wconf 84' lang='grc' dir='ltr'><em>Ἴσως</em></span> <span class='ocrx_word' id='word_1_901' title='bbox 1199 2809 1234 2836; x_wconf 78' lang='grc' dir='ltr'><strong><em>δὲ</em></strong></span> <span class='ocrx_word' id='word_1_902' title='bbox 1244 2811 1304 2838; x_wconf 81' lang='grc' dir='ltr'><strong>καί.</strong></span> <span class='ocrx_word' id='word_1_903' title='bbox 1319 2810 1382 2840; x_wconf 61' lang='grc' dir='ltr'><strong>Περ</strong></span> <span class='ocrx_word' id='word_1_904' title='bbox 1391 2813 1527 2841; x_wconf 84' lang='lat' dir='ltr'><strong>sententia</strong></span> <span class='ocrx_word' id='word_1_905' title='bbox 1540 2812 1591 2840; x_wconf 83' lang='lat' dir='ltr'><strong>fuit</strong></span> <span class='ocrx_word' id='word_1_906' title='bbox 1606 2813 1712 2842; x_wconf 84' lang='lat' dir='ltr'><strong>Acacii.</strong></span> <span class='ocrx_word' id='word_1_907' title='bbox 1734 2813 1804 2842; x_wconf 78' lang='lat' dir='ltr'><strong>Vide</strong></span> 
     </span>
    </p>
   </div>
   <div class='ocr_carea' id='block_1_109' title="bbox 1016 2840 1328 2881">
    <p class='ocr_par' dir='ltr' id='par_1_109' title="bbox 1016 2840 1328 2881">
     <span class='ocr_line' id='line_1_110' title="bbox 1016 2840 1328 2881; baseline 0.01 -11"><span class='ocrx_word' id='word_1_908' title='bbox 1016 2840 1114 2872; x_wconf 78' lang='lat' dir='ltr'><strong>Catén.</strong></span> <span class='ocrx_word' id='word_1_909' title='bbox 1128 2840 1241 2879; x_wconf 73' lang='lat' dir='ltr'><strong>Niceph.</strong></span> <span class='ocrx_word' id='word_1_910' title='bbox 1257 2854 1284 2881; x_wconf 84' lang='lat' dir='ltr'><strong>p.</strong></span> <span class='ocrx_word' id='word_1_911' title='bbox 1299 2847 1328 2874; x_wconf 79' lang='lat' dir='ltr'><strong>ll</strong></span> 
     </span>
    </p>
   </div>
  </div>
