2072 3157
252 168 289 199 43
814 166 821 171 ”
912 163 1054 194 PROCOI‘

1113 162 1234 192 (Ml/EI
1850 156 1885 189 44

254 223 354 260 ligulus
376 221 411 248 ¹¹.
436 231 445 247 ι
468 220 702 254 Quemadmodum
732 219 805 247 enim
832 219 932 255 ﬁgulus
959 219 1045 245 lutum

1106 217 1298 249 ιετεσκεύασα,
1315 216 1352 248 ὡς
1365 215 1520 252 ἀνθρώποις
1537 214 1668 243 ἀδύνατον
1684 215 1775 249 λέγειν
1786 214 1842 248 οἶος
1855 217 1886 251 ἐξ

253 270 343 297 lorma
367 267 540 298 destitutum,
569 266 596 293 in
623 266 808 300 quodcunque
840 264 974 300 placuerit
995 271 1045 291 vas

1106 264 1151 291 ιῖου
1189 264 1348 299 γεγένησαι.
1377 262 1456 294 Τίνος
1476 263 1505 290 δὲ
1531 262 1613 290 ἐκενα
1628 262 1737 298 (num
1762 262 1813 299 μὲν
1840 264 1888 290 οὑ-

254 313 455 346 transformat,
475 313 515 340 sic
532 320 583 347 ego
603 312 685 339 etiam
703 315 730 338 te
750 311 837 337 Iulum
857 318 873 337 e
888 314 961 337 terra
973 310 1047 336 acci-

254 361 343 396 piens,
357 365 386 387 ut
401 360 499 387 melius
513 358 643 394 quiddam
668 357 812 389 evaderes,
837 357 867 384 in
882 357 963 383 aliam
990 355 1046 383 for-

256 415 327 434 mam
346 411 373 434 te
384 405 464 438 vcrli,
481 405 517 432 ita
535 410 564 432 ut
582 412 662 432 nemo
674 403 831 431 mortalium
846 403 938 430 dicere
950 403 1047 438 possit,

254 453 344 488 qualis
360 456 387 480 et
401 459 434 479 cx
445 452 520 486 quali
533 455 615 478 natus
629 449 724 477 fueris.
737 449 827 483 Quare
844 453 933 476 autem
944 449 1047 476 coelum

254 498 365 534 quidem
381 497 533 533 perlectum
558 496 777 531 repraesentavit,
791 499 893 522 terram
919 502 985 521 vero
1000 502 1049 530 per

254 549 347 579 partes
363 551 379 570 a
392 543 446 570 Deo
460 543 622 569 fabricatam
634 541 773 569 ostendit?
784 539 820 568 Ut
834 541 860 568 in
875 548 905 568 re
917 545 1049 576 praestan-

255 591 326 617 tiore
348 588 498 624 potentiam
526 585 589 622 ejus
616 586 772 622 percipiens
803 590 897 626 c_ertus
923 585 1048 613 reddaris

254 636 325 663 hanc
343 635 444 670 pariter
455 642 487 661 ac
503 633 575 660 istud
592 640 655 660 eum
676 632 828 667 perfer-tum
845 631 937 659 statim
951 631 1049 658 sistere

255 682 389 716 potuisse.
410 679 461 707 Tui
479 683 570 706 autem
599 683 708 714 tuaeque
729 678 829 705 salutis
845 684 930 704 causa
945 677 1048 704 incom-

254 728 345 762 posita
361 726 432 753 facta
448 730 520 752 terra
539 724 591 751 fuit
605 732 611 750 :
627 723 783 751 communis
805 722 879 749 enim
902 729 995 749 mensa
1020 726 1047 749 et

255 774 356 808 putria,
373 773 428 799 imo
453 771 548 798 nutrix
564 775 591 797 et
609 774 706 803 mater,
721 769 877 796 communis
893 769 976 796 etiam
990 775 1049 795 em—

256 819 331 844 ninin
345 817 443 844 civitas
456 820 498 844 est
510 820 593 851 atque
606 814 775 850 sepulcrum.
793 813 832 841 Ne
850 813 952 847 itaque,
966 820 1049 849 quam

1099 309 1179 344 ρανδν
1195 308 1399 344 ἀπαρτισθέντα
1412 309 1571 344 παρήγαγε,
1587 308 1637 343 τὴν
1648 309 1678 335 δὲ
1689 308 1741 344 γῆν
1758 309 1828 336 κατὰ
1844 318 1890 345 μι-

1098 355 1165 391 κρὸν
1187 355 1269 381 αὑτὸν
1287 354 1453 390 τεχνιτεύειν
1468 355 1550 390 φησὶν
1564 355 1581 390 ἠ
1596 354 1708 390 Γραφή;
1727 354 1786 382 Ἵνα
1806 355 1835 381 ὲν
1851 354 1891 390 τῷ

1101 400 1235 436 κρείττονι
1250 401 1373 436 στοιχείῳ
1388 399 1481 436 μαθὼν
1492 400 1575 427 αὐτοῦ
1586 400 1635 436 τὴν
1647 401 1771 437 δύναμιν,
1787 400 1890 436 πληρο-

1101 447 1223 483 φορηθῇς
1243 448 1284 474 ὅτι
1307 447 1356 474 καὶ
1376 446 1479 483 ταύτην
1496 447 1611 482 ἠδύνατο
1637 447 1764 483 καθάπερ
1786 448 1890 474 ἐκεῖνον

1101 493 1312 528 ἀπηρτισμένην
1329 495 1513 529 παραγαγεῖν.
1529 494 1579 520 Διὰ
1594 493 1623 521 σὲ
1633 493 1661 520 δὲ
1672 494 1720 520 καὶ
1735 494 1786 530 τὴν
1800 502 1889 530 σωτη-

1103 538 1164 574 ρίαν
1180 538 1231 573 τὴν
1249 537 1298 574 σὴν
1314 538 1523 572 ἀκατάσκευος
1537 539 1642 573 γέγονε·
1659 538 1736 575 κοινὴ
1751 540 1806 574 γὰρ
1823 539 1891 574 τρά-

1100 585 1172 618 πεζα
1184 586 1222 620 (η)
1237 586 1286 612 καὶ
1299 585 1404 620 Πατρὶς
1418 586 1467 612 καὶ
1480 585 1580 621 τροφὸς
1594 586 1642 613 καὶ
1657 586 1748 621 μήτηρ
1761 585 1891 612 ἁπάντων

1101 631 1161 658 ἐστὶ
1178 632 1225 658 καὶ
1246 631 1325 664 πόλις
1343 632 1391 658 καὶ
1406 631 1492 666 τάφος
1506 632 1606 663 κοινός.
1621 631 1681 658 Ἵνα
1698 629 1745 658 οὖν
1759 631 1797 667 μὴ
1810 632 1846 667 (ο)
1861 631 1892 657 τὺ

1100 678 1150 713 τῆς
1174 677 1270 712 χρείας
1289 677 1438 713 ἀναγκαῖον
1455 678 1605 713 θαυμάζων
1616 677 1779 714 θεοποιήσῃς
1794 678 1892 712 αὐτὴν,

1100 722 1221 749 δείκνυσί
1250 731 1291 750 σοι
1317 723 1420 760 ταύτην
1444 723 1632 751 ἀδιατύπωτον
1657 732 1688 751 τε
1708 724 1757 750 καὶ
1776 723 1893 758 ἀκαλλῆ.

1102 769 1158 795 Καὶ
1173 768 1227 804 γὰρ
1245 768 1318 796 οὕτω
1330 769 1380 804 τὴν
1392 770 1535 796 ἀσθένειαν
1550 769 1666 804 ὁρῶντες
1681 769 1726 795 τὸν
1744 769 1790 796 καὶ
1805 777 1895 804 παρα-

1103 814 1226 848 γαγόντα
1241 815 1289 842 καὶ
1308 816 1488 851 κοσμήσαντα
1505 814 1608 850 ταύτην
1623 815 1810 850 θαυμάζομεν.

258 873 325 892 usus
344 864 405 899 ejus
423 864 473 891 tibi
490 864 526 891 sit
542 862 717 890 necessarius
737 861 929 894 considerans,
944 861 1046 888 divinis
1066 860 1218 890 honoribus
1230 870 1290 890 eam
1308 863 1497 898 prosequaris,
1513 861 1657 889 informem
1676 862 1749 888 illam
1787 865 1815 889 et
1843 860 1893 888 ἰω-

258 911 321 938 dam
340 910 388 937 tibi
405 909 440 937 ob
463 909 558 936 oculos
583 908 670 943 ponit.
687 908 745 935 Hac
769 908 844 935 enim
879 907 998 940 ratione,
1017 907 1077 941 ejus
1097 908 1224 937 videntes
1241 909 1400 941 utilitatem,
1414 916 1476 936 eum
1503 908 1550 943 qui
1571 908 1702 944 produxit
1713 912 1740 935 et
1752 910 1891 936 exornavit

259 956 344 987 illam,
363 955 451 982 solum
466 953 646 981 admiramur.

300 1015 334 1042 Et
364 1013 476 1040 tenebra:
500 1017 577 1040 erant
599 1020 677 1047 super
689 1012 784 1047 faciem
800 1012 901 1048 abyssi,
915 1017 968 1041 etc.
984 1012 1048 1041 Plu-

1136 1013 1191 1040 Καὶ
1201 1013 1314 1046 σκότος
1325 1010 1366 1048 ἦν
1377 1012 1479 1040 ἐπάνω
1493 1012 1550 1047 τῆς
1560 1013 1712 1041 ἀϐύσσου.
1727 1013 1828 1049 Μακρά
1846 1014 1894 1049 λη-

259 1061 359 1088 r-imum
370 1059 499 1092 delirant,
511 1059 556 1094 qui
571 1059 635 1086 mali
648 1066 696 1086 seu
708 1059 811 1093 peccati
825 1063 952 1086 naturam
964 1067 995 1087 ex
1011 1061 1053 1088 his

258 1106 352 1134 verbis
375 1105 525 1140 ingenitam
548 1111 673 1131 asserere
694 1109 842 1135 conantur,
863 1103 942 1139 quasi
964 1103 1053 1132 Moses

258 1152 380 1180 voluerit
397 1155 540 1186 peccatum
558 1157 619 1177 esse
636 1154 783 1183 aeternum,
802 1150 876 1185 quod
892 1150 954 1185 ejus
973 1158 1055 1186 gene-

264 1198 398 1225 rationem
424 1196 521 1223 nullibi
546 1196 791 1229 commenstrarit,
815 1200 948 1231 praeterea
970 1197 1054 1224 verbo

262 1241 435 1271 substantive
461 1245 529 1274 erat,
542 1248 608 1269 usus
623 1241 659 1268 sit
673 1241 700 1268 in
715 1242 856 1276 praesentis
870 1241 922 1269 loci
934 1249 1055 1270 comme-

261 1290 427 1316 moratione.
445 1286 546 1315 Verum
572 1287 646 1320 quod
673 1287 706 1314 ad
732 1287 784 1314 hoc
808 1288 920 1315 verbum
946 1289 1054 1321 attinet,

261 1336 329 1363 satis
344 1334 449 1370 prolixe
462 1341 545 1369 supra
560 1334 749 1361 tractavimus.
763 1332 832 1361 Nolo
847 1334 890 1361 hic
905 1341 967 1361 esse
980 1342 1055 1361 eam-

261 1383 324 1409 dem
344 1381 380 1408 ob
400 1388 458 1408 rem
476 1380 630 1407 verbosior.
648 1380 682 1407 At
700 1381 741 1415 (nt
758 1381 812 1408 illis
828 1381 1055 1416 respondeamus)

262 1436 319 1454 rem
335 1435 397 1462 qua:
412 1434 466 1454 non
482 1427 627 1458 subsistit,
643 1434 694 1454 nec
710 1427 737 1454 in
752 1428 856 1454 entium
873 1435 990 1455 numero
1005 1436 1055 1463 po.

263 1476 349 1506 nitur,
368 1473 508 1510 quomodo
526 1474 613 1509 potuit
629 1473 723 1501 dicere
740 1473 901 1509 Scriptura?
917 1474 1056 1503 Tenebras

262 1521 335 1548 enim
357 1519 423 1555 quid
445 1519 519 1546 aliud
537 1519 750 1552 existimaveris,
769 1528 852 1555 quam
875 1520 1055 1556 privationem

263 1567 346 1598 lucis,
363 1573 427 1601 quae
443 1565 563 1593 nondum
580 1573 664 1600 opera
680 1566 726 1593 Dei
745 1559 891 1602 progressa
905 1571 975 1594 erat.
987 1565 1056 1594 Tum

263 1614 336 1640 enim
361 1620 508 1647 corporum
535 1616 633 1639 natura
659 1612 832 1647 splendorem
857 1619 891 1639 ex
916 1619 977 1640 sese
1001 1620 1056 1640 non

264 1659 367 1687 habens
389 1659 501 1687 omnino
524 1659 629 1694 absque
651 1658 755 1686 lumine
776 1659 819 1686 vel
839 1658 966 1687 claritate
986 1663 1055 1687 erat.

1105 1058 1199 1096 ροῦσιν
1210 1059 1236 1086 οἱ
1250 1059 1297 1086 τοῦ
1315 1058 1402 1086 κακοῦ
1418 1061 1499 1093 φύσιν
1513 1058 1644 1093 ἀγένητον
1659 1059 1691 1085 ἐκ
1723 1059 1825 1086 τούτων
1840 1060 1897 1085 είσ-

1104 1106 1217 1140 άγοντες
1229 1126 1237 1138 ,
1258 1104 1303 1132 διά.
1313 1112 1343 1131 τε
1358 1104 1405 1131 τοῦ
1418 1102 1458 1140 ἦν
1472 1104 1520 1131 καὶ
1536 1103 1582 1131 τοῦ
1602 1104 1638 1139 μὴ
1656 1105 1764 1139 γένεσιν
1783 1105 1897 1137 σκότους

1104 1151 1193 1178 εἰπεῖν
1207 1151 1257 1186 τὴν
1274 1151 1399 1186 Γραφήν.
1423 1150 1504 1177 Ἀλλὰ
1515 1151 1579 1186 περὶ
1594 1151 1644 1184 μὲν
1660 1150 1709 1177 τοῦ
1725 1148 1774 1185 ἦν,
1788 1150 1897 1187 εἴρηται

1105 1197 1141 1224 τὰ
1156 1197 1344 1232 προσήκοντα.
1361 1196 1471 1223 Γένεσιν
1488 1196 1517 1222 δὲ
1532 1196 1696 1232 πράγματος
1708 1197 1896 1224 ἁνυποστάτου

1106 1243 1165 1275 πῶς
1180 1240 1253 1278 εἶχεν
1266 1244 1356 1270 ειπεῖν
1378 1244 1395 1278 ἡ
1411 1243 1508 1278 Γραφή
1523 1251 1531 1276 ;
1549 1242 1680 1278 Στέρηοις
1698 1243 1751 1280 γάρ
1764 1244 1821 1270 ἐστι
1848 1243 1895 1270 τοῦ

1105 1289 1205 1323 φωτὸς,
1221 1287 1251 1316 οὗ
1274 1290 1357 1325 μήπω
1374 1289 1534 1324 γενομένου,
1555 1289 1611 1316 τῶν
1629 1289 1762 1324 σωμάτων
1780 1291 1796 1325 ἡ
1814 1290 1896 1324 φύσις

1104 1335 1135 1362 τὸ
1149 1335 1234 1370 αὑγὲς
1248 1336 1356 1362 οῐκοθεν
1374 1336 1424 1362 οὐκ
1441 1335 1551 1371 ἔχουσα,
1567 1336 1673 1368 πάντως
1684 1337 1837 1370 ἀφώτιστος
1849 1334 1894 1372 ἦν-

1105 1380 1166 1408 ῧθεν
1180 1382 1228 1408 καὶ
1243 1382 1298 1417 ἀὴρ
1319 1382 1366 1409 καὶ
1382 1381 1455 1416 ὕδωρ
1469 1380 1503 1417 ἦν
1523 1383 1668 1409 σκοτεινόν.
1693 1383 1749 1409 Καὶ
1768 1383 1827 1414 πῶς
1843 1383 1897 1418 γὰρ

1105 1427 1217 1454 δυνατὸν
1233 1427 1314 1461 φύσιν
1327 1427 1453 1455 ἐναντίαν
1468 1425 1538 1454 εἶναι
1548 1428 1608 1464 Θεῷ
1619 1437 1627 1462 ;
1642 1428 1658 1464 ἢ
1670 1429 1724 1464 γὰρ
1737 1429 1781 1464 ἴση
1793 1429 1841 1464 τὴν
1853 1429 1899 1456 δύ-

1105 1481 1200 1508 ναμιν,
1227 1472 1383 1509 ἣχείρων,
1407 1473 1423 1508 ἢ
1445 1474 1595 1509 κρείττωνο
1623 1474 1681 1500 ἀλλ’
1707 1475 1731 1501 εί
1763 1474 1813 1510 μὲν
1838 1475 1895 1510 (eq,

1106 1519 1263 1554 ἀδιάκριτος
1282 1520 1298 1554 ἠ
1318 1520 1407 1555 μάχη,
1419 1522 1466 1546 καὶ
1476 1520 1552 1547 οὐδὲν
1571 1520 1666 1556 δράσει
1680 1521 1794 1556 θάτερον
1809 1522 1896 1556 ἐμπο-

1104 1564 1158 1592 δὼν
1170 1565 1231 1601 ἐχον
1245 1565 1276 1592 τὺ
1286 1565 1380 1601 ἕτερον
1389 1573 1395 1581 ·
1407 1566 1470 1593 εἰδὲ
1484 1567 1596 1603 χείρων,
1612 1567 1670 1599 πῶς
1683 1567 1714 1594 οὐ
1725 1566 1897 1601 κεκώλυκενς

1106 1611 1137 1638 οὐ
1152 1611 1207 1646 γὰρ
1222 1610 1280 1638 ἐστι
1297 1611 1388 1646 λέγειν
1400 1612 1438 1644 ὡς
1451 1613 1503 1640 ἀνὰ
1516 1614 1600 1650 μέρος
1614 1615 1710 1649 κρατεῖ
1724 1615 1772 1640 καὶ
1787 1616 1898 1650 κρατεῖ-

1106 1665 1162 1684 ται.
1177 1657 1264 1684 Τοῦτο
1274 1657 1328 1693 γὰρ
1342 1657 1472 1692 δείκνυσι,
1491 1659 1556 1686 ποτὲ
1571 1660 1620 1695 μὲν
1634 1660 1757 1687 ἀσθενεῖν
1767 1682 1775 1693 ,
1790 1661 1854 1688 ποτὲ
1870 1661 1899 1688 δὲ

263 1706 383 1733 Proinde
405 1713 452 1733 aer
472 1710 499 1732 et
518 1713 600 1740 aqua.
621 1705 755 1732 elementa
773 1705 890 1741 caligine
908 1710 988 1733 erant
1007 1712 1054 1740 op-

1109 1702 1261 1738 ρώννυσθαι
1277 1703 1382 1731 τούτων
1393 1705 1524 1740 ἑκάτερον
1540 1713 1546 1720 ·
1562 1707 1632 1742 ὅπερ
1642 1706 1734 1733 ἀϊδίων
1747 1707 1899 1742 ἀλλότριον.

265 1760 370 1787 pressa.
388 1751 524 1778 Praeterea
541 1751 679 1786 quomodo
696 1750 827 1785 possibile
841 1756 894 1783 est,
911 1755 941 1778 ut
957 1755 1056 1779 natura

265 1798 403 1826 contraria
422 1797 458 1825 sit
477 1797 550 1824 Deo?
569 1797 597 1824 Si
619 1797 692 1824 enim
711 1794 850 1824 contraria
867 1801 910 1825 est
925 1797 1056 1831 Numici,

266 1849 313 1871 aut
336 1842 426 1877 quoad
452 1843 615 1877 potentiam.
641 1842 764 1877 aequalis,
786 1847 833 1870 aut
857 1842 988 1876 deterior,
1009 1847 1058 1870 aut

267 1888 402 1923 potentior
422 1888 474 1914 erit
499 1886 563 1914 Deo.
585 1887 613 1914 Si
638 1887 755 1922 potentia
781 1893 886 1914 natura
909 1888 1058 1922 respondet

267 1934 395 1969 potentia
408 1933 516 1965 divinae,
528 1932 591 1967 quis
605 1932 810 1960 contrarietatis
824 1940 942 1967 pugnaui
956 1932 1059 1959 discer-

268 1980 332 2007 net?
352 1988 400 2006 nec
421 1980 537 2006 alterum
559 1979 711 2013 quidquam
735 1978 842 2006 eﬂicere
861 1979 971 2011 valebit,
994 1987 1058 2007 cum

268 2026 381 2052 alterutri
398 2025 514 2052 subinde
529 2025 724 2059 impedimento
740 2025 775 2052 sit
790 2024 924 2052 futurum.
939 2024 968 2051 Si
982 2025 1059 2053 dete-

269 2072 324 2098 rior
337 2071 378 2098 vel
396 2070 531 2097 inﬁrmior
545 2070 678 2102 creditur,
694 2077 747 2105 qua
765 2070 872 2097 ratione
887 2077 942 2096 non
959 2070 1059 2105 poterit

268 2127 283 2144 a
297 2117 352 2144 Dee
369 2116 499 2150 inhiberi,
514 2124 547 2143 ne
563 2116 627 2151 quid
643 2123 756 2143 suorum
770 2123 882 2150 operum
898 2115 995 2143 faciat?
1010 2115 1060 2143 Sin

269 2163 373 2190 lirmior
390 2167 417 2190 et
437 2162 575 2198 potentior
592 2168 644 2194 est,
668 2169 754 2197 quare
778 2169 833 2188 non
856 2161 1008 2196 prohibuit,
1027 2169 1061 2189 ne

270 2211 340 2238 licus
358 2210 449 2236 omnia
467 2217 516 2245 pro
534 2217 585 2237 sua
602 2209 742 2236 voluntate
759 2213 786 2235 et
801 2208 862 2242 jure
880 2208 989 2243 ageret?
1005 2208 1061 2236 Nec

268 2256 340 2282 enim
362 2256 453 2282 dicere
473 2255 549 2287 licet,
568 2254 643 2290 quod
662 2254 822 2281 vicissitudo
840 2254 965 2289 quaedam
985 2261 1059 2281 nunc

269 2302 433 2336 imperandi,
452 2308 525 2328 nunc
546 2300 691 2335 imperium
713 2299 862 2335 recipiendi
882 2299 955 2327 inter
971 2299 1057 2327 Deum

1109 1748 1172 1781 Πῶς
1188 1749 1217 1776 δὲ
1235 1749 1365 1784 ἀλλήλαις
1384 1750 1505 1778 σύνεισιν
1524 1751 1646 1778 ἐναντίαι
1664 1753 1864 1787 conivens“;
1882 1754 1899 1788 ἢ

1109 1793 1168 1821 ἔστι
1183 1803 1210 1821 τι
1229 1795 1259 1822 τὸ
1272 1795 1408 1831 διορίζον;
1426 1798 1474 1823 καὶ
1498 1798 1611 1832 πότερον
1631 1799 1705 1832 ῖσον,
1721 1799 1738 1834 ἢ
1756 1800 1862 1835 χεῖρον,
1883 1799 1900 1835 ἢ

1110 1842 1250 1877 κρεῖττον;
1271 1841 1357 1869 ταῦτα
1376 1843 1432 1878 γὰρ
1449 1844 1506 1875 τοῖς
1527 1844 1646 1880 πρόσθεν
1670 1845 1850 1880 συμόἡσεται.
1865 1846 1900 1871 ’Ἡ

1110 1887 1169 1919 πῶς
1185 1887 1316 1922 ευνῆλθεν
1333 1888 1458 1924 ἀλλήλοις
1475 1890 1509 1916 τὰ
1525 1889 1629 1917 τούτων
1648 1890 1900 1927 δημιουργήματα;

1108 1932 1144 1959 τὰ
1163 1933 1218 1968 γὰρ
1243 1933 1274 1965 ἐξ
1293 1933 1425 1960 ἐναντίων
1439 1935 1485 1961 καὶ
1508 1935 1663 1970 πολεμίων,
1679 1937 1790 1963 ἐναντία
1803 1945 1833 1963 τε
1856 1938 1902 1963 καὶ

1109 1977 1238 2011 πολέμια.
1254 1979 1428 2016 Συνυπάρξαι
1440 1980 1468 2006 δὲ
1483 1980 1603 2013 ἐναντία,
1614 1981 1673 2008 λίαν
1685 1981 1825 2009 ἀδύνατον.
1840 1983 1902 2014 Πῶς

1109 2023 1138 2050 δὲ
1155 2023 1280 2051 πείσεται
1302 2025 1378 2060 παρὰ
1392 2025 1447 2052 τῶν
1462 2026 1584 2062 ἀλλήλων
1600 2027 1662 2061 del;
1685 2027 1729 2054 διὰ
1744 2027 1829 2054 ταῦτα
1845 2029 1901 2063 γὰρ

1111 2069 1204 2105 ἀπαθῆ
1225 2079 1256 2097 τε
1276 2072 1324 2098 καὶ
1338 2071 1471 2107 ἄτρεπτα.
1490 2072 1551 2104 Πῶς
1572 2072 1601 2099 δὲ
1615 2074 1726 2100 ἐναντία
1744 2073 1792 2108 οὐχ
1806 2073 1858 2100 ὑπὸ
1872 2074 1904 2111 ἓν.

1111 2116 1201 2150 γένος,
1227 2117 1297 2152 ὅπερ
1312 2117 1437 2152 κρεῖττόν
1458 2119 1516 2145 ἐστι
1539 2118 1594 2145 τῶν
1609 2119 1697 2151 είδὼν,
1718 2120 1766 2146 καὶ
1784 2120 1856 2147 κατὰ
1870 2120 1902 2146 τὸ

1113 2162 1193 2197 γένος
1209 2163 1318 2194 πάντως
1334 2163 1487 2200 καθέστηκε
1502 2164 1653 2199 συγγενές;
1668 2165 1718 2192 οὐκ
1731 2166 1783 2201 ἄρα
1799 2174 1901 2193 παντε-

1112 2208 1166 2240 λῶς
1181 2208 1291 2235 ἐναντία
1303 2216 1311 2223 ·
1331 2208 1389 2240 πῶς
1403 2209 1431 2236 δέ
1445 2209 1565 2243 ἐναντία,
1583 2210 1620 2245 μὴ
1637 2211 1798 2246 ποιότητες;
1813 2212 1902 2238 οὐσίαι

1111 2255 1165 2290 γὰρ
1181 2255 1258 2282 οὐδὲν
1275 2255 1408 2283 ἐναντίον.
1422 2257 1511 2284 Πολλὰ
1527 2257 1617 2292 λέγειν
1634 2255 1708 2292 εῐχον
1722 2258 1748 2284 εί
1768 2257 1846 2284 τοῦτο
1868 2255 1903 2293 ἦν

1109 2300 1141 2327 τὸ
1154 2301 1345 2337 προκείμενον.

268 2355 296 2376 et
309 2353 434 2375 naturam
447 2347 591 2374 consistat.
605 2345 673 2373 Nam
689 2346 730 2374 sic
744 2346 925 2378 elucesceret,
941 2353 1004 2373 eum
1019 2346 1157 2374 interdum
1175 2351 1324 2383 potentem,
1355 2347 1492 2375 interdum
1524 2355 1590 2376 vero
1622 2348 1798 2384 impotentem
1832 2357 1902 2378 esse.

269 2394 423 2429 Utrumque
443 2393 515 2420 enim
537 2393 571 2420 ab
592 2397 696 2420 aeterno
717 2392 919 2420 alienissimum
939 2399 990 2419 est.
1008 2392 1062 2420 Aut
1080 2394 1219 2428 quomodo
1236 2394 1308 2421 inter
1323 2401 1353 2421 se
1368 2395 1545 2428 convenient,
1561 2403 1623 2422 cum
1657 2396 1713 2424 sint
1745 2399 1904 2426 contraria?

269 2441 328 2468 Erit
344 2441 426 2475 igitur
439 2439 560 2475 aliquid,
577 2442 650 2475 quod
667 2445 815 2475 utrumque
829 2439 1002 2467 disterminet
1016 2440 1060 2467 vel
1093 2441 1230 2476 sejungat.
1242 2440 1272 2468 Id
1284 2448 1359 2474 vero,
1390 2446 1437 2469 aut
1467 2443 1583 2477 aequale,
1595 2448 1643 2471 aut
1655 2444 1784 2478 deterius,
1797 2451 1844 2472 aut
1859 2445 1905 2472 ﬂr-

307 2537 328 2552 ι¹¹
340 2536 395 2563 lsa.
414 2542 491 2567 xxtx,
508 2533 552 2561 19.

317 2627 355 2659 1n)
374 2626 459 2659 Τίνος
476 2625 509 2651 δὲ
530 2624 630 2651 ἕνεκα.
649 2623 711 2650 Haec
731 2627 774 2650 est
804 2621 921 2659 quaestio
939 2621 1063 2659 Chryso-

271 2662 352 2688 stomi
370 2661 404 2687 ad
416 2658 451 2688 ιι(
462 2661 583 2695 l.,quaul
599 2659 782 2695 vero,quoad_
795 2658 895 2695 verba,
911 2658 1066 2695 immutavit

270 2696 437 2732 Procopius.
456 2692 598 2732 ille'enim
619 2695 660 2732 sic
683 2692 845 2732 quaerebat;
862 2692 942 2732 Τίνος
956 2693 1064 2732 ἕνεκεν,

271 2732 332 2758 εἰπέ
347 2726 402 2766 (tot,
416 2731 462 2758 τὸν
480 2730 529 2766 μὲν
543 2730 656 2766 οὐρανὸν
665 2726 783 2766 γφᾶιδρδν
795 2727 1065 2766 3t_ai._d7rn91tepévev

271 2763 429 2802 παρήγαγε,
441 2763 490 2831 τῷ
504 2766 533 2793 δὲ
553 2763 604 2801 γῆν
615 2763 784 2806 ἀμόρφωτον
793 2763 895 2804 ἔδειξεν
907 2763 915 2795 ξ

307 2806 346 2831 (η)
364 2803 458 2831 Τράπε
473 2809 501 2828 α.
527 2801 564 2828 Ita
585 2801 735 2831 Procopius
756 2803 873 2826 mutavit
896 2799 914 2825 il

307 2797 501 2836 (κί’Τράξιεξα.
527 2797 564 2828 Ita
582 2797 735 2835 Procopius
756 2799 873 2836 mutavit
896 2798 942 2836 illa
960 2797 1060 2836 _Cbr_v-

271 2833 408 2864 soslomi:
428 2833 474 2869 Ἐξ
493 2837 580 2869 αὐτῆς
601 2833 860 2872 (γῆςγιτρεφὸμεθα,
879 2833 994 2861 καὶτῶν
1012 2842 1060 2868 μυ.

272 2873 337 2907 ρίων
355 2868 471 2907 ἀγαθῶν
481 2872 514 2899 δι’
534 2868 622 2907 αὖτῆξ
632 2868 818 2905 ἀπολαύομεν.

1151 2624 1189 2659 (ο)
1205 2624 1272 2662 "Ira
1283 2623 1403 2660 οὖνμή.
1420 2626 1484 2654 Hart:
1497 2631 1524 2654 et
1543 2634 1602 2662 quae
1615 2632 1767 2661 sequuntur
1786 2626 1906 2662 Chryse-

1116 2663 1223 2697 stemus
1247 2661 1297 2697 ita?
1310 2662 1447 2697 expressit
1467 2671 1474 2689 :
1499 2661 1559 2689 Ἰνοὶ
1584 2662 1622 2697 μὴ
1632 2662 1677 2689 διὰ
1696 2663 1726 2690 τὸ
1745 2662 1796 2697 τῆς
1811 2661 1907 2697 χρείας

1114 2696 1264 2734 αναγᾳατον
1287 2696 1357 2734 ὑπὲρ
1376 2697 1425 2734 τῂν
1449 2697 1528 2734 ἀξίαν
1555 2696 1640 2734 αὗτὴν
1668 2696 1779 2733 τιμήσῃ
1797 2696 1835 2723 ea”
1851 2698 1906 2724 τῶν

1114 2730 1267 2768 ἀνθρώπων
1279 2730 1506 2768 γένος-δείκνυσί
1519 2740 1563 2768 eet
1578 2730 1664 2768 αὐτὴν
1674 2730 1806 2768 πρότερον
1819 2734 1907 2768 ἀμύρ-

1114 2765 1271 2803 φῳτονλκα).
1286 2765 1475 2803 αδιατρπωτον
1486 2775 1493 2781 ·
1511 2767 1554 2794 ἵνα
1571 2767 1610 2803 μὴ
1629 2765 1663 2803 τῇ
1684 2765 1906 2803 ᾆύσείντῆς

1113 2801 1164 2843 τὰς
1188 2799 1218 2840 ἐξ
1236 2801 1322 2843 atati}:
1345 2801 1505 2843 ebe97eqta5
1528 2799 1636 2839 107M“.
1650 2799 1727 2843 ἀλλὰ
1744 2802 1784 2838 τῷ
1804 2799 1906 2838 ταύτὴν

1114 2836 1147 2862 ἐκ
1165 2836 1214 2862 τοῦ
1235 2836 1274 2872 μὴ
1287 2836 1364 2869 ὄντος
1377 2836 1417 2869 εἰς
1434 2837 1465 2864 τὺ
1479 2836 1548 2866 εἶναι
1564 2836 1764 2874 παραγαγόντα
