  <div class='ocr_page' id='page_1' title='image "/cluster/home/n/w/nwhite01/storage/ocr_20150623/87, pt.1/njp.32101013202641/030.png"; bbox 0 0 2072 3157; ppageno 0'>
   <div class='ocr_carea' id='block_1_1' title="bbox 213 130 1859 188">
    <p class='ocr_par' dir='ltr' id='par_1_1' title="bbox 213 130 1859 188">
     <span class='ocr_line' id='line_1_1' title="bbox 213 130 1859 188; baseline -0.002 -6"><span class='ocrx_word' id='word_1_1' title='bbox 213 155 250 188; x_wconf 68' lang='grc'><strong>45</strong></span> <span class='ocrx_word' id='word_1_2' title='bbox 766 130 1035 182; x_wconf 60' lang='grc' dir='ltr'><strong>ευΜΜΕΝΤΑΒιι</strong></span> <span class='ocrx_word' id='word_1_3' title='bbox 1061 151 1098 181; x_wconf 86' lang='lat' dir='ltr'><strong>l.\‘</strong></span> <span class='ocrx_word' id='word_1_4' title='bbox 1120 150 1299 181; x_wconf 79' lang='lat' dir='ltr'><strong>GENESIN.</strong></span> <span class='ocrx_word' id='word_1_5' title='bbox 1825 147 1859 183; x_wconf 70' lang='lat' dir='ltr'><strong>to</strong></span> 
     </span>
    </p>
   </div>
   <div class='ocr_carea' id='block_1_2' title="bbox 215 204 1856 246">
    <p class='ocr_par' dir='ltr' id='par_1_2' title="bbox 215 204 1856 246">
     <span class='ocr_line' id='line_1_2' title="bbox 215 204 1856 246; baseline -0.004 -6"><span class='ocrx_word' id='word_1_6' title='bbox 215 212 289 240; x_wconf 84' lang='lat' dir='ltr'><strong>mius</strong></span> <span class='ocrx_word' id='word_1_7' title='bbox 305 212 370 239; x_wconf 88' lang='lat' dir='ltr'><strong>erit.</strong></span> <span class='ocrx_word' id='word_1_8' title='bbox 387 211 488 240; x_wconf 85' lang='lat' dir='ltr'><strong>Eadem</strong></span> <span class='ocrx_word' id='word_1_9' title='bbox 505 211 617 246; x_wconf 84' lang='lat' dir='ltr'><strong>itaque,</strong></span> <span class='ocrx_word' id='word_1_10' title='bbox 632 217 693 245; x_wconf 75' lang='lat' dir='ltr'><strong>quae</strong></span> <span class='ocrx_word' id='word_1_11' title='bbox 711 208 793 236; x_wconf 85' lang='lat' dir='ltr'><strong>modo</strong></span> <span class='ocrx_word' id='word_1_12' title='bbox 826 216 860 234; x_wconf 74' lang='lat' dir='ltr'><strong>ex</strong></span> <span class='ocrx_word' id='word_1_13' title='bbox 900 208 953 234; x_wconf 80' lang='lat' dir='ltr'><strong>ista</strong></span> <span class='ocrx_word' id='word_1_14' title='bbox 987 206 1225 241; x_wconf 67' lang='lat' dir='ltr'><strong>argumentatione</strong></span> <span class='ocrx_word' id='word_1_15' title='bbox 1252 209 1414 241; x_wconf 77' lang='lat' dir='ltr'><strong>sequentur.</strong></span> <span class='ocrx_word' id='word_1_16' title='bbox 1441 204 1586 239; x_wconf 81' lang='lat' dir='ltr'><strong>Quomodo</strong></span> <span class='ocrx_word' id='word_1_17' title='bbox 1611 212 1703 234; x_wconf 87' lang='lat' dir='ltr'><strong>autem</strong></span> <span class='ocrx_word' id='word_1_18' title='bbox 1730 207 1802 234; x_wconf 86' lang='lat' dir='ltr'><strong>inter</strong></span> <span class='ocrx_word' id='word_1_19' title='bbox 1825 215 1856 234; x_wconf 77' lang='lat' dir='ltr'><strong>se</strong></span> 
     </span>
    </p>
   </div>
   <div class='ocr_carea' id='block_1_3' title="bbox 214 252 1857 290">
    <p class='ocr_par' dir='ltr' id='par_1_3' title="bbox 214 252 1857 290">
     <span class='ocr_line' id='line_1_3' title="bbox 214 252 1857 290; baseline -0.004 -3"><span class='ocrx_word' id='word_1_20' title='bbox 214 260 330 287; x_wconf 62' lang='lat' dir='ltr'><strong>coibunt</strong></span> <span class='ocrx_word' id='word_1_21' title='bbox 344 265 371 287; x_wconf 89' lang='lat' dir='ltr'><strong>et</strong></span> <span class='ocrx_word' id='word_1_22' title='bbox 386 258 535 287; x_wconf 81' lang='lat' dir='ltr'><strong>concordia</strong></span> <span class='ocrx_word' id='word_1_23' title='bbox 549 258 706 285; x_wconf 88' lang='lat' dir='ltr'><strong>eoalescent</strong></span> <span class='ocrx_word' id='word_1_24' title='bbox 720 263 815 283; x_wconf 88' lang='lat' dir='ltr'><strong>eorum</strong></span> <span class='ocrx_word' id='word_1_25' title='bbox 831 255 931 290; x_wconf 83' lang='lat' dir='ltr'><strong>opera?</strong></span> <span class='ocrx_word' id='word_1_26' title='bbox 945 254 1011 287; x_wconf 75' lang='lat' dir='ltr'><strong>Quae</strong></span> <span class='ocrx_word' id='word_1_27' title='bbox 1028 254 1102 280; x_wconf 92' lang='lat' dir='ltr'><strong>enim</strong></span> <span class='ocrx_word' id='word_1_28' title='bbox 1120 260 1154 280; x_wconf 82' lang='lat' dir='ltr'><strong>ex</strong></span> <span class='ocrx_word' id='word_1_29' title='bbox 1169 253 1317 281; x_wconf 74' lang='lat' dir='ltr'><strong>contrariis</strong></span> <span class='ocrx_word' id='word_1_30' title='bbox 1333 257 1360 279; x_wconf 90' lang='lat' dir='ltr'><strong>et</strong></span> <span class='ocrx_word' id='word_1_31' title='bbox 1375 252 1525 280; x_wconf 84' lang='lat' dir='ltr'><strong>hostilibus</strong></span> <span class='ocrx_word' id='word_1_32' title='bbox 1556 254 1724 287; x_wconf 81' lang='lat' dir='ltr'><strong>coullantur,</strong></span> <span class='ocrx_word' id='word_1_33' title='bbox 1758 262 1857 289; x_wconf 88' lang='lat' dir='ltr'><strong>perpe-</strong></span> 
     </span>
    </p>
   </div>
   <div class='ocr_carea' id='block_1_4' title="bbox 215 299 1855 335">
    <p class='ocr_par' dir='ltr' id='par_1_4' title="bbox 215 299 1855 335">
     <span class='ocr_line' id='line_1_4' title="bbox 215 299 1855 335; baseline -0.003 -3"><span class='ocrx_word' id='word_1_34' title='bbox 215 310 263 333; x_wconf 92' lang='lat' dir='ltr'><strong>luo</strong></span> <span class='ocrx_word' id='word_1_35' title='bbox 277 306 398 333; x_wconf 76' lang='lat' dir='ltr'><strong>naturali</strong></span> <span class='ocrx_word' id='word_1_36' title='bbox 415 306 486 333; x_wconf 84' lang='lat' dir='ltr'><strong>inter</strong></span> <span class='ocrx_word' id='word_1_37' title='bbox 498 313 529 333; x_wconf 85' lang='lat' dir='ltr'><strong>se</strong></span> <span class='ocrx_word' id='word_1_38' title='bbox 543 304 679 332; x_wconf 83' lang='lat' dir='ltr'><strong>discordia</strong></span> <span class='ocrx_word' id='word_1_39' title='bbox 694 302 879 330; x_wconf 87' lang='lat' dir='ltr'><strong>dissidebunt.</strong></span> <span class='ocrx_word' id='word_1_40' title='bbox 894 301 992 328; x_wconf 84' lang='lat' dir='ltr'><strong>Verum</strong></span> <span class='ocrx_word' id='word_1_41' title='bbox 1005 320 1013 332; x_wconf 87' lang='lat'><strong><em>.</em></strong></span> <span class='ocrx_word' id='word_1_42' title='bbox 1033 305 1062 327; x_wconf 93' lang='lat' dir='ltr'><strong>ut</strong></span> <span class='ocrx_word' id='word_1_43' title='bbox 1087 299 1170 327; x_wconf 89' lang='lat' dir='ltr'><strong>simul</strong></span> <span class='ocrx_word' id='word_1_44' title='bbox 1198 299 1351 327; x_wconf 83' lang='lat' dir='ltr'><strong>subsistant</strong></span> <span class='ocrx_word' id='word_1_45' title='bbox 1366 302 1393 326; x_wconf 91' lang='lat' dir='ltr'><strong>et</strong></span> <span class='ocrx_word' id='word_1_46' title='bbox 1426 304 1620 333; x_wconf 82' lang='lat' dir='ltr'><strong>permaneant,</strong></span> <span class='ocrx_word' id='word_1_47' title='bbox 1640 300 1692 335; x_wconf 81' lang='grc' dir='ltr'><strong>ιο</strong></span> <span class='ocrx_word' id='word_1_48' title='bbox 1724 308 1855 335; x_wconf 81' lang='lat' dir='ltr'><strong>perquam</strong></span> 
     </span>
    </p>
   </div>
   <div class='ocr_carea' id='block_1_5' title="bbox 215 345 1856 388">
    <p class='ocr_par' dir='ltr' id='par_1_5' title="bbox 215 345 1856 388">
     <span class='ocr_line' id='line_1_5' title="bbox 215 345 1856 388; baseline -0.003 -8"><span class='ocrx_word' id='word_1_49' title='bbox 215 352 387 388; x_wconf 82' lang='lat' dir='ltr'><strong>tmpossibile</strong></span> <span class='ocrx_word' id='word_1_50' title='bbox 404 357 457 380; x_wconf 88' lang='lat' dir='ltr'><strong>est.</strong></span> <span class='ocrx_word' id='word_1_51' title='bbox 473 351 526 385; x_wconf 86' lang='lat' dir='ltr'><strong>Qui</strong></span> <span class='ocrx_word' id='word_1_52' title='bbox 545 351 629 386; x_wconf 72' lang='lat' dir='ltr'><strong>igitur</strong></span> <span class='ocrx_word' id='word_1_53' title='bbox 643 350 761 377; x_wconf 90' lang='lat' dir='ltr'><strong>alterum</strong></span> <span class='ocrx_word' id='word_1_54' title='bbox 780 348 887 382; x_wconf 89' lang='lat' dir='ltr'><strong>patiens</strong></span> <span class='ocrx_word' id='word_1_55' title='bbox 898 366 905 377; x_wconf 82' lang='lat'><strong>.</strong></span> <span class='ocrx_word' id='word_1_56' title='bbox 923 347 1039 374; x_wconf 88' lang='lat' dir='ltr'><strong>alterum</strong></span> <span class='ocrx_word' id='word_1_57' title='bbox 1056 353 1141 381; x_wconf 77' lang='lat' dir='ltr'><strong>agens</strong></span> <span class='ocrx_word' id='word_1_58' title='bbox 1151 365 1159 378; x_wconf 87' lang='lat'><strong>,</strong></span> <span class='ocrx_word' id='word_1_59' title='bbox 1178 350 1206 373; x_wconf 90' lang='lat' dir='ltr'><strong>et</strong></span> <span class='ocrx_word' id='word_1_60' title='bbox 1219 345 1340 373; x_wconf 85' lang='lat' dir='ltr'><strong>vicissim</strong></span> <span class='ocrx_word' id='word_1_61' title='bbox 1355 352 1418 372; x_wconf 87' lang='lat' dir='ltr'><strong>esse</strong></span> <span class='ocrx_word' id='word_1_62' title='bbox 1432 345 1552 381; x_wconf 81' lang='lat' dir='ltr'><strong>poterit?</strong></span> <span class='ocrx_word' id='word_1_63' title='bbox 1565 345 1678 382; x_wconf 80' lang='lat' dir='ltr'><strong>Propter</strong></span> <span class='ocrx_word' id='word_1_64' title='bbox 1694 347 1752 375; x_wconf 65' lang='lat' dir='ltr'><strong>haec</strong></span> <span class='ocrx_word' id='word_1_65' title='bbox 1767 348 1856 383; x_wconf 80' lang='lat' dir='ltr'><strong>siqui-</strong></span> 
     </span>
    </p>
   </div>
   <div class='ocr_carea' id='block_1_6' title="bbox 215 392 1854 435">
    <p class='ocr_par' dir='ltr' id='par_1_6' title="bbox 215 392 1854 435">
     <span class='ocr_line' id='line_1_6' title="bbox 215 392 1854 435; baseline -0.007 -8"><span class='ocrx_word' id='word_1_66' title='bbox 215 400 277 427; x_wconf 87' lang='lat' dir='ltr'><strong>dem</strong></span> <span class='ocrx_word' id='word_1_67' title='bbox 305 407 356 427; x_wconf 92' lang='lat' dir='ltr'><strong>nec</strong></span> <span class='ocrx_word' id='word_1_68' title='bbox 381 399 539 435; x_wconf 85' lang='lat' dir='ltr'><strong>passionem</strong></span> <span class='ocrx_word' id='word_1_69' title='bbox 564 405 615 425; x_wconf 91' lang='lat' dir='ltr'><strong>nec</strong></span> <span class='ocrx_word' id='word_1_70' title='bbox 640 398 820 424; x_wconf 86' lang='lat' dir='ltr'><strong>mutationem</strong></span> <span class='ocrx_word' id='word_1_71' title='bbox 845 394 1011 428; x_wconf 82' lang='lat' dir='ltr'><strong>suscipiunt.</strong></span> <span class='ocrx_word' id='word_1_72' title='bbox 1031 393 1073 420; x_wconf 72' lang='lat' dir='ltr'><strong>Ad</strong></span> <span class='ocrx_word' id='word_1_73' title='bbox 1089 393 1147 420; x_wconf 65' lang='lat' dir='ltr'><strong>haec</strong></span> <span class='ocrx_word' id='word_1_74' title='bbox 1161 400 1225 420; x_wconf 92' lang='lat' dir='ltr'><strong>cum</strong></span> <span class='ocrx_word' id='word_1_75' title='bbox 1241 392 1297 420; x_wconf 89' lang='lat' dir='ltr'><strong>sint</strong></span> <span class='ocrx_word' id='word_1_76' title='bbox 1310 392 1468 423; x_wconf 87' lang='lat' dir='ltr'><strong>contraria,</strong></span> <span class='ocrx_word' id='word_1_77' title='bbox 1483 392 1535 420; x_wconf 87' lang='lat' dir='ltr'><strong>sub</strong></span> <span class='ocrx_word' id='word_1_78' title='bbox 1551 393 1622 420; x_wconf 90' lang='lat' dir='ltr'><strong>idem</strong></span> <span class='ocrx_word' id='word_1_79' title='bbox 1652 402 1739 429; x_wconf 73' lang='lat' dir='ltr'><strong>genus</strong></span> <span class='ocrx_word' id='word_1_80' title='bbox 1771 396 1854 423; x_wconf 84' lang='lat' dir='ltr'><strong>redu-</strong></span> 
     </span>
    </p>
   </div>
   <div class='ocr_carea' id='block_1_7' title="bbox 216 439 1855 481">
    <p class='ocr_par' dir='ltr' id='par_1_7' title="bbox 216 439 1855 481">
     <span class='ocr_line' id='line_1_7' title="bbox 216 439 1855 481; baseline -0.002 -8"><span class='ocrx_word' id='word_1_81' title='bbox 216 451 324 480; x_wconf 73' lang='lat' dir='ltr'><strong>rentur,</strong></span> <span class='ocrx_word' id='word_1_82' title='bbox 340 445 415 481; x_wconf 86' lang='lat' dir='ltr'><strong>quod</strong></span> <span class='ocrx_word' id='word_1_83' title='bbox 431 447 668 481; x_wconf 83' lang='lat' dir='ltr'><strong>utroque,_ulpote</strong></span> <span class='ocrx_word' id='word_1_84' title='bbox 684 442 842 478; x_wconf 82' lang='lat' dir='ltr'><strong>speciebus,</strong></span> <span class='ocrx_word' id='word_1_85' title='bbox 858 441 911 469; x_wconf 88' lang='lat' dir='ltr'><strong>erit</strong></span> <span class='ocrx_word' id='word_1_86' title='bbox 930 439 1079 475; x_wconf 90' lang='lat' dir='ltr'><strong>potentius.</strong></span> <span class='ocrx_word' id='word_1_87' title='bbox 1100 439 1166 466; x_wconf 80' lang='lat' dir='ltr'><strong>Nam</strong></span> <span class='ocrx_word' id='word_1_88' title='bbox 1204 446 1286 466; x_wconf 90' lang='lat' dir='ltr'><strong>omne</strong></span> <span class='ocrx_word' id='word_1_89' title='bbox 1322 439 1350 466; x_wconf 91' lang='lat' dir='ltr'><strong>in</strong></span> <span class='ocrx_word' id='word_1_90' title='bbox 1369 446 1469 474; x_wconf 75' lang='lat' dir='ltr'><strong>genere</strong></span> <span class='ocrx_word' id='word_1_91' title='bbox 1488 439 1614 467; x_wconf 84' lang='lat' dir='ltr'><strong>consistit</strong></span> <span class='ocrx_word' id='word_1_92' title='bbox 1634 440 1687 468; x_wconf 86' lang='lat' dir='ltr'><strong>sibi</strong></span> <span class='ocrx_word' id='word_1_93' title='bbox 1725 448 1855 477; x_wconf 76' lang='lat' dir='ltr'><strong>cognato.</strong></span> 
     </span>
    </p>
   </div>
   <div class='ocr_carea' id='block_1_8' title="bbox 216 484 1853 528">
    <p class='ocr_par' dir='ltr' id='par_1_8' title="bbox 216 484 1853 528">
     <span class='ocr_line' id='line_1_8' title="bbox 216 484 1853 528; baseline -0.002 -8"><span class='ocrx_word' id='word_1_94' title='bbox 216 493 277 521; x_wconf 83' lang='lat' dir='ltr'><strong>Non</strong></span> <span class='ocrx_word' id='word_1_95' title='bbox 298 493 383 528; x_wconf 77' lang='lat' dir='ltr'><strong>igitur</strong></span> <span class='ocrx_word' id='word_1_96' title='bbox 400 499 449 527; x_wconf 91' lang='lat' dir='ltr'><strong>per</strong></span> <span class='ocrx_word' id='word_1_97' title='bbox 465 491 558 519; x_wconf 87' lang='lat' dir='ltr'><strong>omnia</strong></span> <span class='ocrx_word' id='word_1_98' title='bbox 580 493 645 517; x_wconf 89' lang='lat' dir='ltr'><strong>sunt</strong></span> <span class='ocrx_word' id='word_1_99' title='bbox 666 487 816 516; x_wconf 85' lang='lat' dir='ltr'><strong>contraria.</strong></span> <span class='ocrx_word' id='word_1_100' title='bbox 848 486 949 514; x_wconf 84' lang='lat' dir='ltr'><strong>Verum</strong></span> <span class='ocrx_word' id='word_1_101' title='bbox 975 493 1030 520; x_wconf 88' lang='lat' dir='ltr'><strong>qua</strong></span> <span class='ocrx_word' id='word_1_102' title='bbox 1066 485 1174 512; x_wconf 85' lang='lat' dir='ltr'><strong>ratione</strong></span> <span class='ocrx_word' id='word_1_103' title='bbox 1198 488 1281 512; x_wconf 88' lang='lat' dir='ltr'><strong>erunt</strong></span> <span class='ocrx_word' id='word_1_104' title='bbox 1303 484 1455 517; x_wconf 87' lang='lat' dir='ltr'><strong>contraria,</strong></span> <span class='ocrx_word' id='word_1_105' title='bbox 1477 492 1542 512; x_wconf 88' lang='lat' dir='ltr'><strong>cum</strong></span> <span class='ocrx_word' id='word_1_106' title='bbox 1566 493 1621 512; x_wconf 93' lang='lat' dir='ltr'><strong>non</strong></span> <span class='ocrx_word' id='word_1_107' title='bbox 1644 486 1799 515; x_wconf 86' lang='lat' dir='ltr'><strong>referamur</strong></span> <span class='ocrx_word' id='word_1_108' title='bbox 1820 489 1853 516; x_wconf 89' lang='lat' dir='ltr'><strong>ad</strong></span> 
     </span>
    </p>
   </div>
   <div class='ocr_carea' id='block_1_9' title="bbox 217 529 1855 575">
    <p class='ocr_par' dir='ltr' id='par_1_9' title="bbox 217 529 1855 575">
     <span class='ocr_line' id='line_1_9' title="bbox 217 529 1855 575; baseline -0.002 -9"><span class='ocrx_word' id='word_1_109' title='bbox 217 540 462 575; x_wconf 71' lang='lat' dir='ltr'><strong>prtedicamentum</strong></span> <span class='ocrx_word' id='word_1_110' title='bbox 480 535 645 571; x_wconf 73' lang='lat' dir='ltr'><strong>qualitatis?</strong></span> <span class='ocrx_word' id='word_1_111' title='bbox 662 533 830 562; x_wconf 65' lang='lat' dir='ltr'><strong>Substantiaa</strong></span> <span class='ocrx_word' id='word_1_112' title='bbox 846 532 920 560; x_wconf 89' lang='lat' dir='ltr'><strong>enim</strong></span> <span class='ocrx_word' id='word_1_113' title='bbox 937 531 1007 558; x_wconf 86' lang='lat' dir='ltr'><strong>nihil</strong></span> <span class='ocrx_word' id='word_1_114' title='bbox 1027 530 1198 558; x_wconf 89' lang='lat' dir='ltr'><strong>contrarium</strong></span> <span class='ocrx_word' id='word_1_115' title='bbox 1220 535 1273 557; x_wconf 84' lang='lat' dir='ltr'><strong>est.</strong></span> <span class='ocrx_word' id='word_1_116' title='bbox 1292 529 1376 557; x_wconf 86' lang='lat' dir='ltr'><strong>Multa</strong></span> <span class='ocrx_word' id='word_1_117' title='bbox 1399 530 1537 559; x_wconf 88' lang='lat' dir='ltr'><strong>adducere</strong></span> <span class='ocrx_word' id='word_1_118' title='bbox 1572 532 1740 567; x_wconf 83' lang='lat' dir='ltr'><strong>potuissem,</strong></span> <span class='ocrx_word' id='word_1_119' title='bbox 1777 534 1801 563; x_wconf 90' lang='lat' dir='ltr'><strong>si</strong></span> <span class='ocrx_word' id='word_1_120' title='bbox 1822 543 1855 563; x_wconf 83' lang='lat' dir='ltr'><strong>ea</strong></span> 
     </span>
    </p>
   </div>
   <div class='ocr_carea' id='block_1_10' title="bbox 218 581 703 614">
    <p class='ocr_par' dir='ltr' id='par_1_10' title="bbox 218 581 703 614">
     <span class='ocr_line' id='line_1_10' title="bbox 218 581 703 614; baseline -0.014 0"><span class='ocrx_word' id='word_1_121' title='bbox 218 587 252 614; x_wconf 83' lang='lat' dir='ltr'><strong>de</strong></span> <span class='ocrx_word' id='word_1_122' title='bbox 267 594 297 613; x_wconf 82' lang='lat' dir='ltr'><strong>re</strong></span> <span class='ocrx_word' id='word_1_123' title='bbox 310 586 403 612; x_wconf 85' lang='lat' dir='ltr'><strong>dicere</strong></span> <span class='ocrx_word' id='word_1_124' title='bbox 418 590 492 611; x_wconf 88' lang='lat' dir='ltr'><strong>nunc</strong></span> <span class='ocrx_word' id='word_1_125' title='bbox 507 581 703 609; x_wconf 82' lang='lat' dir='ltr'><strong>instituissem.</strong></span> 
     </span>
    </p>
   </div>
   <div class='ocr_carea' id='block_1_11' title="bbox 253 647 1012 689">
    <p class='ocr_par' dir='ltr' id='par_1_11' title="bbox 253 650 1010 689">
     <span class='ocr_line' id='line_1_11' title="bbox 253 650 1010 689; baseline -0.011 -5"><span class='ocrx_word' id='word_1_126' title='bbox 253 657 331 685; x_wconf 77' lang='grc' dir='ltr'>Αἰτία</span> <span class='ocrx_word' id='word_1_127' title='bbox 350 656 378 683; x_wconf 82' lang='grc' dir='ltr'>δὲ</span> <span class='ocrx_word' id='word_1_128' title='bbox 392 655 440 681; x_wconf 79' lang='grc' dir='ltr'><strong>τοῦ</strong></span> <span class='ocrx_word' id='word_1_129' title='bbox 460 654 576 689; x_wconf 79' lang='grc' dir='ltr'><strong>ἀοράτου</strong></span> <span class='ocrx_word' id='word_1_130' title='bbox 593 654 644 689; x_wconf 85' lang='grc' dir='ltr'><strong>τῆς</strong></span> <span class='ocrx_word' id='word_1_131' title='bbox 661 653 729 688; x_wconf 82' lang='grc' dir='ltr'>γῆς,</span> <span class='ocrx_word' id='word_1_132' title='bbox 742 652 773 679; x_wconf 76' lang='grc' dir='ltr'>τὸ</span> <span class='ocrx_word' id='word_1_133' title='bbox 788 650 943 678; x_wconf 74' lang='grc' dir='ltr'><strong>ἐπικεῖσθαι</strong></span> <span class='ocrx_word' id='word_1_134' title='bbox 958 650 1010 685; x_wconf 84' lang='grc' dir='ltr'><strong>τὴν</strong></span> 
     </span>
    </p>
   </div>
   <div class='ocr_carea' id='block_1_12' title="bbox 1064 647 1854 689">
    <p class='ocr_par' dir='ltr' id='par_1_12' title="bbox 1097 647 1854 683">
     <span class='ocr_line' id='line_1_12' title="bbox 1097 647 1854 683; baseline 0.004 -8"><span class='ocrx_word' id='word_1_135' title='bbox 1097 647 1231 676; x_wconf 63' lang='grc' dir='ltr'><strong>σείει-ωτι</strong></span> <span class='ocrx_word' id='word_1_136' title='bbox 1248 651 1351 675; x_wconf 73' lang='lat' dir='ltr'><strong>terram</strong></span> <span class='ocrx_word' id='word_1_137' title='bbox 1369 647 1454 675; x_wconf 83' lang='lat' dir='ltr'><strong>fuisse</strong></span> <span class='ocrx_word' id='word_1_138' title='bbox 1468 647 1689 683; x_wconf 88' lang='lat' dir='ltr'><strong>inconspteuam,</strong></span> <span class='ocrx_word' id='word_1_139' title='bbox 1705 656 1790 677; x_wconf 84' lang='lat' dir='ltr'><strong>causa</strong></span> <span class='ocrx_word' id='word_1_140' title='bbox 1811 655 1854 678; x_wconf 83' lang='lat' dir='ltr'><strong>est</strong></span> 
     </span>
    </p>
   </div>
   <div class='ocr_carea' id='block_1_13' title="bbox 218 696 1012 734">
    <p class='ocr_par' dir='ltr' id='par_1_13' title="bbox 218 696 1012 734">
     <span class='ocr_line' id='line_1_13' title="bbox 218 696 1012 734; baseline -0.011 -4"><span class='ocrx_word' id='word_1_141' title='bbox 218 703 337 731; x_wconf 77' lang='grc' dir='ltr'>ἄϐυσσον</span> <span class='ocrx_word' id='word_1_142' title='bbox 351 710 358 717; x_wconf 87' lang='grc'><strong>·</strong></span> <span class='ocrx_word' id='word_1_143' title='bbox 387 700 506 731; x_wconf 74' lang='grc' dir='ltr'>ἄϐυσσος</span> <span class='ocrx_word' id='word_1_144' title='bbox 530 700 558 726; x_wconf 76' lang='grc' dir='ltr'>δὲ</span> <span class='ocrx_word' id='word_1_145' title='bbox 581 699 684 734; x_wconf 84' lang='grc' dir='ltr'>πλῆθος</span> <span class='ocrx_word' id='word_1_146' title='bbox 706 698 822 729; x_wconf 79' lang='grc' dir='ltr'><strong>ὑδάτων,</strong></span> <span class='ocrx_word' id='word_1_147' title='bbox 848 696 1012 730; x_wconf 80' lang='grc' dir='ltr'><strong>δυσέφικτον</strong></span> 
     </span>
    </p>
   </div>
   <div class='ocr_carea' id='block_1_14' title="bbox 218 739 1012 785">
    <p class='ocr_par' dir='ltr' id='par_1_14' title="bbox 218 739 1012 785">
     <span class='ocr_line' id='line_1_14' title="bbox 218 739 1012 785; baseline -0.01 -10"><span class='ocrx_word' id='word_1_148' title='bbox 218 750 282 785; x_wconf 75' lang='grc' dir='ltr'>ἕχον</span> <span class='ocrx_word' id='word_1_149' title='bbox 293 748 322 774; x_wconf 82' lang='grc' dir='ltr'>τὸ</span> <span class='ocrx_word' id='word_1_150' title='bbox 338 747 426 783; x_wconf 79' lang='grc' dir='ltr'>πέρας</span> <span class='ocrx_word' id='word_1_151' title='bbox 443 747 490 773; x_wconf 73' lang='grc' dir='ltr'><strong>ἐπὶ</strong></span> <span class='ocrx_word' id='word_1_152' title='bbox 500 746 534 772; x_wconf 82' lang='grc' dir='ltr'>τὰ</span> <span class='ocrx_word' id='word_1_153' title='bbox 549 746 635 772; x_wconf 82' lang='grc' dir='ltr'>κάτω.</span> <span class='ocrx_word' id='word_1_154' title='bbox 653 744 703 771; x_wconf 86' lang='grc' dir='ltr'><strong>Διὰ</strong></span> <span class='ocrx_word' id='word_1_155' title='bbox 716 744 747 770; x_wconf 79' lang='grc' dir='ltr'>τὸ</span> <span class='ocrx_word' id='word_1_156' title='bbox 759 743 886 770; x_wconf 87' lang='grc' dir='ltr'>πλεῖστον</span> <span class='ocrx_word' id='word_1_157' title='bbox 900 739 946 768; x_wconf 77' lang='grc' dir='ltr'><strong>οὖν</strong></span> <span class='ocrx_word' id='word_1_158' title='bbox 964 740 1012 775; x_wconf 81' lang='grc' dir='ltr'><strong>βά-</strong></span> 
     </span>
    </p>
   </div>
   <div class='ocr_carea' id='block_1_15' title="bbox 218 788 1011 829">
    <p class='ocr_par' dir='ltr' id='par_1_15' title="bbox 218 788 1011 829">
     <span class='ocr_line' id='line_1_15' title="bbox 218 788 1011 829; baseline -0.01 -7"><span class='ocrx_word' id='word_1_159' title='bbox 218 797 264 827; x_wconf 85' lang='grc' dir='ltr'><strong>θος</strong></span> <span class='ocrx_word' id='word_1_160' title='bbox 280 795 327 821; x_wconf 75' lang='grc' dir='ltr'><strong>καὶ</strong></span> <span class='ocrx_word' id='word_1_161' title='bbox 339 789 372 820; x_wconf 78' lang='grc' dir='ltr'>τὸ</span> <span class='ocrx_word' id='word_1_162' title='bbox 398 795 480 829; x_wconf 82' lang='grc' dir='ltr'><strong>μήπω</strong></span> <span class='ocrx_word' id='word_1_163' title='bbox 511 791 652 827; x_wconf 83' lang='grc' dir='ltr'>γεγονέναι</span> <span class='ocrx_word' id='word_1_164' title='bbox 667 790 697 817; x_wconf 85' lang='grc' dir='ltr'><strong>τδ</strong></span> <span class='ocrx_word' id='word_1_165' title='bbox 711 790 779 824; x_wconf 79' lang='grc' dir='ltr'>φῶς,</span> <span class='ocrx_word' id='word_1_166' title='bbox 791 789 906 824; x_wconf 78' lang='grc' dir='ltr'>ἀόρατος</span> <span class='ocrx_word' id='word_1_167' title='bbox 922 788 1011 823; x_wconf 78' lang='grc' dir='ltr'>ὑπῆρ-</span> 
     </span>
    </p>
   </div>
   <div class='ocr_carea' id='block_1_16' title="bbox 217 834 1011 877">
    <p class='ocr_par' dir='ltr' id='par_1_16' title="bbox 217 834 1011 877">
     <span class='ocr_line' id='line_1_16' title="bbox 217 834 1011 877; baseline -0.011 -9"><span class='ocrx_word' id='word_1_168' title='bbox 217 842 289 877; x_wconf 85' lang='grc' dir='ltr'>χενὴ</span> <span class='ocrx_word' id='word_1_169' title='bbox 302 842 337 875; x_wconf 86' lang='grc' dir='ltr'>γῆ</span> <span class='ocrx_word' id='word_1_170' title='bbox 356 840 413 866; x_wconf 79' lang='grc' dir='ltr'><strong>Οὐκ</strong></span> <span class='ocrx_word' id='word_1_171' title='bbox 423 839 477 875; x_wconf 81' lang='grc' dir='ltr'>ἄρα</span> <span class='ocrx_word' id='word_1_172' title='bbox 487 837 644 873; x_wconf 71' lang='grc' dir='ltr'>θαυμαστὸν</span> <span class='ocrx_word' id='word_1_173' title='bbox 660 837 684 863; x_wconf 84' lang='grc' dir='ltr'><strong>εί</strong></span> <span class='ocrx_word' id='word_1_174' title='bbox 694 835 797 871; x_wconf 73' lang='grc' dir='ltr'>πρὸ,τὸ</span> <span class='ocrx_word' id='word_1_175' title='bbox 808 834 881 869; x_wconf 72' lang='grc' dir='ltr'><strong>φῶς,</strong></span> <span class='ocrx_word' id='word_1_176' title='bbox 890 835 1011 866; x_wconf 80' lang='grc' dir='ltr'><strong>σκότος·</strong></span> 
     </span>
    </p>
   </div>
   <div class='ocr_carea' id='block_1_17' title="bbox 218 878 1012 921">
    <p class='ocr_par' dir='ltr' id='par_1_17' title="bbox 218 878 1012 921">
     <span class='ocr_line' id='line_1_17' title="bbox 218 878 1012 921; baseline -0.013 -7"><span class='ocrx_word' id='word_1_177' title='bbox 218 887 347 921; x_wconf 74' lang='grc' dir='ltr'>οὐδὲγὰρ</span> <span class='ocrx_word' id='word_1_178' title='bbox 363 886 515 912; x_wconf 76' lang='grc' dir='ltr'><strong>ὑπόστασιν</strong></span> <span class='ocrx_word' id='word_1_179' title='bbox 539 885 683 917; x_wconf 76' lang='grc' dir='ltr'>κέκτηται,</span> <span class='ocrx_word' id='word_1_180' title='bbox 698 882 811 917; x_wconf 77' lang='grc' dir='ltr'><strong>δυνάμει</strong></span> <span class='ocrx_word' id='word_1_181' title='bbox 830 880 860 907; x_wconf 77' lang='grc' dir='ltr'>δὲ</span> <span class='ocrx_word' id='word_1_182' title='bbox 879 878 1012 914; x_wconf 79' lang='grc' dir='ltr'>φωτιστόν</span> 
     </span>
    </p>
   </div>
   <div class='ocr_carea' id='block_1_18' title="bbox 218 925 1013 967">
    <p class='ocr_par' dir='ltr' id='par_1_18' title="bbox 218 925 1013 967">
     <span class='ocr_line' id='line_1_18' title="bbox 218 925 1013 967; baseline -0.011 -8"><span class='ocrx_word' id='word_1_183' title='bbox 218 934 278 959; x_wconf 76' lang='grc' dir='ltr'>ἐστι</span> <span class='ocrx_word' id='word_1_184' title='bbox 293 932 381 967; x_wconf 79' lang='grc' dir='ltr'>φωτὸς</span> <span class='ocrx_word' id='word_1_185' title='bbox 401 930 555 965; x_wconf 77' lang='grc' dir='ltr'>παρουσίας</span> <span class='ocrx_word' id='word_1_186' title='bbox 578 929 717 964; x_wconf 80' lang='grc' dir='ltr'>δεόμενον.</span> <span class='ocrx_word' id='word_1_187' title='bbox 737 927 805 963; x_wconf 82' lang='grc' dir='ltr'><strong>Ἀήρ</strong></span> <span class='ocrx_word' id='word_1_188' title='bbox 829 927 883 962; x_wconf 82' lang='grc' dir='ltr'>γάρ</span> <span class='ocrx_word' id='word_1_189' title='bbox 898 927 956 951; x_wconf 70' lang='grc' dir='ltr'>ἐστι</span> <span class='ocrx_word' id='word_1_190' title='bbox 970 925 1013 950; x_wconf 84' lang='grc' dir='ltr'>δε-</span> 
     </span>
    </p>
   </div>
   <div class='ocr_carea' id='block_1_19' title="bbox 218 971 1011 1012">
    <p class='ocr_par' dir='ltr' id='par_1_19' title="bbox 218 971 1011 1012">
     <span class='ocr_line' id='line_1_19' title="bbox 218 971 1011 1012; baseline -0.011 -7"><span class='ocrx_word' id='word_1_191' title='bbox 218 978 312 1009; x_wconf 74' lang='grc' dir='ltr'>κτικὸς</span> <span class='ocrx_word' id='word_1_192' title='bbox 333 977 381 1004; x_wconf 81' lang='grc' dir='ltr'><strong>τοῦ</strong></span> <span class='ocrx_word' id='word_1_193' title='bbox 397 976 501 1012; x_wconf 65' lang='grc' dir='ltr'>φωτός·</span> <span class='ocrx_word' id='word_1_194' title='bbox 526 976 556 1001; x_wconf 79' lang='grc' dir='ltr'>οὐ</span> <span class='ocrx_word' id='word_1_195' title='bbox 585 974 654 1001; x_wconf 81' lang='grc' dir='ltr'>καθὸ</span> <span class='ocrx_word' id='word_1_196' title='bbox 673 973 727 1009; x_wconf 84' lang='grc' dir='ltr'><strong>ἀὴρ</strong></span> <span class='ocrx_word' id='word_1_197' title='bbox 753 973 848 1004; x_wconf 82' lang='grc' dir='ltr'><strong>σκότος</strong></span> <span class='ocrx_word' id='word_1_198' title='bbox 870 971 1011 1006; x_wconf 75' lang='grc' dir='ltr'><strong>ὑπάρχων,</strong></span> 
     </span>
    </p>
   </div>
   <div class='ocr_carea' id='block_1_20' title="bbox 217 1017 1012 1059">
    <p class='ocr_par' dir='ltr' id='par_1_20' title="bbox 217 1017 1012 1059">
     <span class='ocr_line' id='line_1_20' title="bbox 217 1017 1012 1059; baseline -0.01 -8"><span class='ocrx_word' id='word_1_199' title='bbox 217 1024 417 1059; x_wconf 77' lang='grc' dir='ltr'>ἐπισυμϐαἰνον</span> <span class='ocrx_word' id='word_1_200' title='bbox 439 1023 468 1049; x_wconf 86' lang='grc' dir='ltr'>δὲ</span> <span class='ocrx_word' id='word_1_201' title='bbox 490 1021 571 1048; x_wconf 85' lang='grc' dir='ltr'>τοῦτο</span> <span class='ocrx_word' id='word_1_202' title='bbox 593 1020 694 1056; x_wconf 83' lang='grc' dir='ltr'>λαχών.</span> <span class='ocrx_word' id='word_1_203' title='bbox 721 1019 840 1053; x_wconf 84' lang='grc' dir='ltr'>Δυνάμει</span> <span class='ocrx_word' id='word_1_204' title='bbox 861 1027 887 1044; x_wconf 77' lang='grc' dir='ltr'><strong>τι</strong></span> <span class='ocrx_word' id='word_1_205' title='bbox 904 1017 949 1049; x_wconf 78' lang='grc' dir='ltr'><strong>ὃν,</strong></span> <span class='ocrx_word' id='word_1_206' title='bbox 965 1017 1012 1044; x_wconf 89' lang='grc' dir='ltr'><strong>τοῦ</strong></span> 
     </span>
    </p>
   </div>
   <div class='ocr_carea' id='block_1_21' title="bbox 220 1064 1014 1106">
    <p class='ocr_par' dir='ltr' id='par_1_21' title="bbox 220 1064 1014 1106">
     <span class='ocr_line' id='line_1_21' title="bbox 220 1064 1014 1106; baseline -0.01 -8"><span class='ocrx_word' id='word_1_207' title='bbox 220 1072 283 1099; x_wconf 72' lang='grc' dir='ltr'>κατ’</span> <span class='ocrx_word' id='word_1_208' title='bbox 310 1071 453 1106; x_wconf 76' lang='grc' dir='ltr'><strong>ἐνέργειαν</strong></span> <span class='ocrx_word' id='word_1_209' title='bbox 477 1068 550 1104; x_wconf 82' lang='grc' dir='ltr'>ἀρχὴ</span> <span class='ocrx_word' id='word_1_210' title='bbox 575 1068 623 1094; x_wconf 69' lang='grc' dir='ltr'><strong>καὶ</strong></span> <span class='ocrx_word' id='word_1_211' title='bbox 644 1066 723 1101; x_wconf 83' lang='grc' dir='ltr'>φίλον</span> <span class='ocrx_word' id='word_1_212' title='bbox 738 1066 798 1092; x_wconf 77' lang='grc' dir='ltr'>ἐστὶ</span> <span class='ocrx_word' id='word_1_213' title='bbox 818 1066 866 1092; x_wconf 72' lang='grc' dir='ltr'><strong>καὶ</strong></span> <span class='ocrx_word' id='word_1_214' title='bbox 881 1064 1014 1098; x_wconf 80' lang='grc' dir='ltr'>συγγενὲς</span> 
     </span>
    </p>
   </div>
   <div class='ocr_carea' id='block_1_22' title="bbox 217 1109 1014 1150">
    <p class='ocr_par' dir='ltr' id='par_1_22' title="bbox 217 1109 1014 1150">
     <span class='ocr_line' id='line_1_22' title="bbox 217 1109 1014 1150; baseline -0.011 -6"><span class='ocrx_word' id='word_1_215' title='bbox 217 1117 251 1144; x_wconf 76' lang='grc' dir='ltr'><strong>δι’</strong></span> <span class='ocrx_word' id='word_1_216' title='bbox 265 1116 348 1144; x_wconf 69' lang='grc' dir='ltr'>αὑτοῦ</span> <span class='ocrx_word' id='word_1_217' title='bbox 365 1114 568 1150; x_wconf 74' lang='grc' dir='ltr'>τελειοὺμενον.</span> <span class='ocrx_word' id='word_1_218' title='bbox 590 1113 627 1139; x_wconf 83' lang='grc' dir='ltr'>Τδ</span> <span class='ocrx_word' id='word_1_219' title='bbox 638 1112 666 1139; x_wconf 85' lang='grc' dir='ltr'>δὲ</span> <span class='ocrx_word' id='word_1_220' title='bbox 677 1112 768 1146; x_wconf 85' lang='grc' dir='ltr'>λέγειν</span> <span class='ocrx_word' id='word_1_221' title='bbox 783 1111 855 1138; x_wconf 83' lang='grc' dir='ltr'>κατὰ</span> <span class='ocrx_word' id='word_1_222' title='bbox 872 1110 922 1146; x_wconf 82' lang='grc' dir='ltr'><strong>τὴν</strong></span> <span class='ocrx_word' id='word_1_223' title='bbox 938 1109 1014 1136; x_wconf 78' lang='grc' dir='ltr'>ἀντί-</span> 
     </span>
    </p>
   </div>
   <div class='ocr_carea' id='block_1_23' title="bbox 219 1156 1013 1200">
    <p class='ocr_par' dir='ltr' id='par_1_23' title="bbox 219 1156 1013 1200">
     <span class='ocr_line' id='line_1_23' title="bbox 219 1156 1013 1200; baseline -0.013 -9"><span class='ocrx_word' id='word_1_224' title='bbox 219 1165 321 1200; x_wconf 73' lang='grc' dir='ltr'>φραξιν</span> <span class='ocrx_word' id='word_1_225' title='bbox 347 1161 445 1198; x_wconf 83' lang='grc' dir='ltr'>νοητοῦ</span> <span class='ocrx_word' id='word_1_226' title='bbox 468 1160 558 1196; x_wconf 78' lang='grc' dir='ltr'>φωτὸς</span> <span class='ocrx_word' id='word_1_227' title='bbox 573 1159 717 1194; x_wconf 85' lang='grc' dir='ltr'>γεγονέναι</span> <span class='ocrx_word' id='word_1_228' title='bbox 731 1158 762 1184; x_wconf 85' lang='grc' dir='ltr'><strong>τδ</strong></span> <span class='ocrx_word' id='word_1_229' title='bbox 776 1157 882 1189; x_wconf 75' lang='grc' dir='ltr'>σκοτὺς,</span> <span class='ocrx_word' id='word_1_230' title='bbox 898 1157 921 1182; x_wconf 74' lang='grc' dir='ltr'>εἰ</span> <span class='ocrx_word' id='word_1_231' title='bbox 934 1156 1013 1190; x_wconf 67' lang='grc' dir='ltr'>λόγον</span> 
     </span>
    </p>
   </div>
   <div class='ocr_carea' id='block_1_24' title="bbox 217 1202 1012 1246">
    <p class='ocr_par' dir='ltr' id='par_1_24' title="bbox 217 1202 1012 1246">
     <span class='ocr_line' id='line_1_24' title="bbox 217 1202 1012 1246; baseline -0.014 -8"><span class='ocrx_word' id='word_1_232' title='bbox 217 1210 427 1246; x_wconf 72' lang='grc' dir='ltr'>εὐπαράδεκτον</span> <span class='ocrx_word' id='word_1_233' title='bbox 443 1208 501 1243; x_wconf 78' lang='grc' dir='ltr'>ἔχει</span> <span class='ocrx_word' id='word_1_234' title='bbox 519 1207 713 1240; x_wconf 76' lang='grc' dir='ltr'>σκοπήσωμεν.</span> <span class='ocrx_word' id='word_1_235' title='bbox 729 1204 761 1230; x_wconf 87' lang='grc' dir='ltr'>Τί</span> <span class='ocrx_word' id='word_1_236' title='bbox 775 1204 830 1239; x_wconf 89' lang='grc' dir='ltr'><strong>γὰρ</strong></span> <span class='ocrx_word' id='word_1_237' title='bbox 842 1222 849 1234; x_wconf 84' lang='grc'>,</span> <span class='ocrx_word' id='word_1_238' title='bbox 873 1202 935 1229; x_wconf 80' lang='grc' dir='ltr'><strong>εξπέ</strong></span> <span class='ocrx_word' id='word_1_239' title='bbox 957 1210 1012 1237; x_wconf 83' lang='grc' dir='ltr'>μοι,</span> 
     </span>
    </p>
   </div>
   <div class='ocr_carea' id='block_1_25' title="bbox 217 1248 1012 1292">
    <p class='ocr_par' dir='ltr' id='par_1_25' title="bbox 217 1248 1012 1292">
     <span class='ocr_line' id='line_1_25' title="bbox 217 1248 1012 1292; baseline -0.014 -9"><span class='ocrx_word' id='word_1_240' title='bbox 217 1257 274 1283; x_wconf 74' lang='grc' dir='ltr'>τῶν</span> <span class='ocrx_word' id='word_1_241' title='bbox 300 1255 438 1290; x_wconf 83' lang='grc' dir='ltr'>σωμάτων</span> <span class='ocrx_word' id='word_1_242' title='bbox 458 1252 552 1288; x_wconf 83' lang='grc' dir='ltr'>νοητὸν</span> <span class='ocrx_word' id='word_1_243' title='bbox 578 1251 634 1286; x_wconf 82' lang='grc' dir='ltr'><strong>φῶς</strong></span> <span class='ocrx_word' id='word_1_244' title='bbox 654 1249 819 1292; x_wconf 73' lang='grc' dir='ltr'><strong>ἀντιφράξαι</strong></span> <span class='ocrx_word' id='word_1_245' title='bbox 846 1248 1012 1283; x_wconf 78' lang='grc' dir='ltr'>δυνήσεται;</span> 
     </span>
    </p>
   </div>
   <div class='ocr_carea' id='block_1_26' title="bbox 217 1295 1013 1336">
    <p class='ocr_par' dir='ltr' id='par_1_26' title="bbox 217 1295 1013 1336">
     <span class='ocr_line' id='line_1_26' title="bbox 217 1295 1013 1336; baseline -0.014 -7"><span class='ocrx_word' id='word_1_246' title='bbox 217 1302 285 1333; x_wconf 78' lang='grc' dir='ltr'>Θεὸς</span> <span class='ocrx_word' id='word_1_247' title='bbox 300 1302 356 1336; x_wconf 73' lang='grc' dir='ltr'>γὰρ</span> <span class='ocrx_word' id='word_1_248' title='bbox 370 1300 450 1327; x_wconf 86' lang='grc' dir='ltr'>τοῦτο</span> <span class='ocrx_word' id='word_1_249' title='bbox 469 1300 516 1326; x_wconf 72' lang='grc' dir='ltr'>καὶ</span> <span class='ocrx_word' id='word_1_250' title='bbox 528 1299 546 1334; x_wconf 81' lang='grc' dir='ltr'>ὴ</span> <span class='ocrx_word' id='word_1_251' title='bbox 563 1297 669 1325; x_wconf 77' lang='grc' dir='ltr'>ἐκεῖθεν</span> <span class='ocrx_word' id='word_1_252' title='bbox 685 1297 740 1328; x_wconf 84' lang='grc' dir='ltr'>τοῖς</span> <span class='ocrx_word' id='word_1_253' title='bbox 755 1295 860 1330; x_wconf 77' lang='grc' dir='ltr'>νοητοῖς</span> <span class='ocrx_word' id='word_1_254' title='bbox 878 1301 1013 1329; x_wconf 84' lang='grc' dir='ltr'>χορηγου-</span> 
     </span>
    </p>
   </div>
   <div class='ocr_carea' id='block_1_27' title="bbox 1063 694 1853 732">
    <p class='ocr_par' dir='ltr' id='par_1_27' title="bbox 1063 694 1853 732">
     <span class='ocr_line' id='line_1_27' title="bbox 1063 694 1853 732; baseline 0.005 -11"><span class='ocrx_word' id='word_1_255' title='bbox 1063 694 1153 730; x_wconf 86' lang='lat' dir='ltr'><strong>abyssi</strong></span> <span class='ocrx_word' id='word_1_256' title='bbox 1169 694 1322 726; x_wconf 88' lang='lat' dir='ltr'><strong>inundatio,</strong></span> <span class='ocrx_word' id='word_1_257' title='bbox 1335 702 1397 729; x_wconf 77' lang='lat' dir='ltr'><strong>qua-</strong></span> <span class='ocrx_word' id='word_1_258' title='bbox 1412 694 1487 721; x_wconf 90' lang='lat' dir='ltr'><strong>illam</strong></span> <span class='ocrx_word' id='word_1_259' title='bbox 1501 694 1614 722; x_wconf 80' lang='lat' dir='ltr'><strong>obtexit.</strong></span> <span class='ocrx_word' id='word_1_260' title='bbox 1629 696 1754 731; x_wconf 80' lang='lat' dir='ltr'><strong>Abyssus</strong></span> <span class='ocrx_word' id='word_1_261' title='bbox 1769 705 1853 732; x_wconf 84' lang='lat' dir='ltr'><strong>aqua-</strong></span> 
     </span>
    </p>
   </div>
   <div class='ocr_carea' id='block_1_28' title="bbox 1063 739 1855 776">
    <p class='ocr_par' dir='ltr' id='par_1_28' title="bbox 1063 739 1855 776">
     <span class='ocr_line' id='line_1_28' title="bbox 1063 739 1855 776; baseline 0.004 -10"><span class='ocrx_word' id='word_1_262' title='bbox 1063 748 1124 767; x_wconf 91' lang='lat' dir='ltr'><strong>rum</strong></span> <span class='ocrx_word' id='word_1_263' title='bbox 1138 740 1320 767; x_wconf 86' lang='lat' dir='ltr'><strong>redundantia</strong></span> <span class='ocrx_word' id='word_1_264' title='bbox 1334 744 1388 772; x_wconf 86' lang='lat' dir='ltr'><strong>est,</strong></span> <span class='ocrx_word' id='word_1_265' title='bbox 1402 739 1485 774; x_wconf 87' lang='lat' dir='ltr'><strong>cujus</strong></span> <span class='ocrx_word' id='word_1_266' title='bbox 1497 739 1589 771; x_wconf 80' lang='lat' dir='ltr'><strong>finem,</strong></span> <span class='ocrx_word' id='word_1_267' title='bbox 1602 740 1624 768; x_wconf 90' lang='lat' dir='ltr'><strong>si</strong></span> <span class='ocrx_word' id='word_1_268' title='bbox 1640 741 1855 776; x_wconf 89' lang='lat' dir='ltr'><strong>profunditatem</strong></span> 
     </span>
    </p>
   </div>
   <div class='ocr_carea' id='block_1_29' title="bbox 1062 782 1855 822">
    <p class='ocr_par' dir='ltr' id='par_1_29' title="bbox 1062 782 1855 822">
     <span class='ocr_line' id='line_1_29' title="bbox 1062 782 1855 822; baseline 0.001 -8"><span class='ocrx_word' id='word_1_269' title='bbox 1062 785 1205 821; x_wconf 82' lang='lat' dir='ltr'><strong>inquiras,</strong></span> <span class='ocrx_word' id='word_1_270' title='bbox 1223 782 1361 821; x_wconf 75' lang='lat' dir='ltr'><strong>attingere</strong></span> <span class='ocrx_word' id='word_1_271' title='bbox 1379 786 1488 821; x_wconf 87' lang='lat' dir='ltr'><strong>nequis.</strong></span> <span class='ocrx_word' id='word_1_272' title='bbox 1505 784 1679 822; x_wconf 85' lang='lat' dir='ltr'><strong>Quapropter</strong></span> <span class='ocrx_word' id='word_1_273' title='bbox 1696 796 1758 815; x_wconf 89' lang='lat' dir='ltr'><strong>cum</strong></span> <span class='ocrx_word' id='word_1_274' title='bbox 1779 793 1855 816; x_wconf 81' lang='lat' dir='ltr'><strong>tanta</strong></span> 
     </span>
    </p>
   </div>
   <div class='ocr_carea' id='block_1_30' title="bbox 1062 830 1858 867">
    <p class='ocr_par' dir='ltr' id='par_1_30' title="bbox 1062 830 1858 867">
     <span class='ocr_line' id='line_1_30' title="bbox 1062 830 1858 867; baseline 0.003 -8"><span class='ocrx_word' id='word_1_275' title='bbox 1062 836 1137 859; x_wconf 86' lang='lat' dir='ltr'><strong>esset</strong></span> <span class='ocrx_word' id='word_1_276' title='bbox 1160 838 1293 867; x_wconf 89' lang='lat' dir='ltr'><strong>aquarum</strong></span> <span class='ocrx_word' id='word_1_277' title='bbox 1319 830 1508 865; x_wconf 83' lang='lat' dir='ltr'><strong>profunditas,</strong></span> <span class='ocrx_word' id='word_1_278' title='bbox 1531 838 1581 859; x_wconf 86' lang='lat' dir='ltr'><strong>nec</strong></span> <span class='ocrx_word' id='word_1_279' title='bbox 1607 833 1689 859; x_wconf 88' lang='lat' dir='ltr'><strong>etiam</strong></span> <span class='ocrx_word' id='word_1_280' title='bbox 1715 833 1761 860; x_wconf 82' lang='lat' dir='ltr'><strong>lux</strong></span> <span class='ocrx_word' id='word_1_281' title='bbox 1786 834 1858 861; x_wconf 88' lang='lat' dir='ltr'><strong>foret</strong></span> 
     </span>
    </p>
   </div>
   <div class='ocr_carea' id='block_1_31' title="bbox 1063 875 1858 912">
    <p class='ocr_par' dir='ltr' id='par_1_31' title="bbox 1063 875 1858 912">
     <span class='ocr_line' id='line_1_31' title="bbox 1063 875 1858 912; baseline 0.003 -8"><span class='ocrx_word' id='word_1_282' title='bbox 1063 881 1166 908; x_wconf 84' lang='lat' dir='ltr'><strong>creata,</strong></span> <span class='ocrx_word' id='word_1_283' title='bbox 1187 875 1289 904; x_wconf 87' lang='lat' dir='ltr'><strong>accidit</strong></span> <span class='ocrx_word' id='word_1_284' title='bbox 1324 880 1354 902; x_wconf 91' lang='lat' dir='ltr'><strong>ut</strong></span> <span class='ocrx_word' id='word_1_285' title='bbox 1375 879 1450 903; x_wconf 91' lang='lat' dir='ltr'><strong>terra</strong></span> <span class='ocrx_word' id='word_1_286' title='bbox 1475 884 1531 904; x_wconf 92' lang='lat' dir='ltr'><strong>non</strong></span> <span class='ocrx_word' id='word_1_287' title='bbox 1556 878 1678 912; x_wconf 90' lang='lat' dir='ltr'><strong>potuerit</strong></span> <span class='ocrx_word' id='word_1_288' title='bbox 1700 878 1797 906; x_wconf 90' lang='lat' dir='ltr'><strong>videri.</strong></span> <span class='ocrx_word' id='word_1_289' title='bbox 1818 879 1858 906; x_wconf 82' lang='lat' dir='ltr'><strong>Ne</strong></span> 
     </span>
    </p>
   </div>
   <div class='ocr_carea' id='block_1_32' title="bbox 1063 921 1854 958">
    <p class='ocr_par' dir='ltr' id='par_1_32' title="bbox 1063 921 1854 958">
     <span class='ocr_line' id='line_1_32' title="bbox 1063 921 1854 958; baseline 0.003 -8"><span class='ocrx_word' id='word_1_290' title='bbox 1063 923 1147 958; x_wconf 78' lang='lat' dir='ltr'><strong>igitur</strong></span> <span class='ocrx_word' id='word_1_291' title='bbox 1171 922 1301 953; x_wconf 89' lang='lat' dir='ltr'><strong>mireris,</strong></span> <span class='ocrx_word' id='word_1_292' title='bbox 1328 921 1353 949; x_wconf 87' lang='lat' dir='ltr'><strong>si</strong></span> <span class='ocrx_word' id='word_1_293' title='bbox 1379 922 1501 950; x_wconf 67' lang='lat' dir='ltr'><strong>tenebrae</strong></span> <span class='ocrx_word' id='word_1_294' title='bbox 1525 928 1727 958; x_wconf 68' lang='lat' dir='ltr'><strong>praecesserunt</strong></span> <span class='ocrx_word' id='word_1_295' title='bbox 1754 925 1854 953; x_wconf 82' lang='lat' dir='ltr'><strong>lucem.</strong></span> 
     </span>
    </p>
   </div>
   <div class='ocr_carea' id='block_1_33' title="bbox 1063 968 1858 1005">
    <p class='ocr_par' dir='ltr' id='par_1_33' title="bbox 1063 968 1858 1005">
     <span class='ocr_line' id='line_1_33' title="bbox 1063 968 1858 1005; baseline 0.004 -10"><span class='ocrx_word' id='word_1_296' title='bbox 1063 968 1131 996; x_wconf 83' lang='lat' dir='ltr'><strong>Nam</strong></span> <span class='ocrx_word' id='word_1_297' title='bbox 1149 969 1270 996; x_wconf 65' lang='lat' dir='ltr'><strong>tenebrae</strong></span> <span class='ocrx_word' id='word_1_298' title='bbox 1287 976 1336 1003; x_wconf 89' lang='lat' dir='ltr'><strong>per</strong></span> <span class='ocrx_word' id='word_1_299' title='bbox 1352 976 1382 996; x_wconf 87' lang='lat' dir='ltr'><strong>se</strong></span> <span class='ocrx_word' id='word_1_300' title='bbox 1401 976 1456 996; x_wconf 89' lang='lat' dir='ltr'><strong>non</strong></span> <span class='ocrx_word' id='word_1_301' title='bbox 1474 968 1641 1001; x_wconf 85' lang='lat' dir='ltr'><strong>subsistunt,</strong></span> <span class='ocrx_word' id='word_1_302' title='bbox 1659 973 1688 996; x_wconf 88' lang='lat' dir='ltr'><strong>at</strong></span> <span class='ocrx_word' id='word_1_303' title='bbox 1705 975 1775 1005; x_wconf 61' lang='lat' dir='ltr'><strong>aptae</strong></span> <span class='ocrx_word' id='word_1_304' title='bbox 1791 975 1858 998; x_wconf 87' lang='lat' dir='ltr'><strong>sunt</strong></span> 
     </span>
    </p>
   </div>
   <div class='ocr_carea' id='block_1_34' title="bbox 1063 1008 1856 1050">
    <p class='ocr_par' dir='ltr' id='par_1_34' title="bbox 1063 1008 1856 1050">
     <span class='ocr_line' id='line_1_34' title="bbox 1063 1008 1856 1050; baseline 0.004 -10"><span class='ocrx_word' id='word_1_305' title='bbox 1063 1008 1230 1045; x_wconf 83' lang='lat' dir='ltr'><strong>illuminari,</strong></span> <span class='ocrx_word' id='word_1_306' title='bbox 1255 1014 1379 1049; x_wconf 87' lang='lat' dir='ltr'><strong>lucisque</strong></span> <span class='ocrx_word' id='word_1_307' title='bbox 1401 1014 1546 1048; x_wconf 66' lang='lat' dir='ltr'><strong>praesentia</strong></span> <span class='ocrx_word' id='word_1_308' title='bbox 1570 1020 1659 1050; x_wconf 72' lang='lat' dir='ltr'><strong>egent.</strong></span> <span class='ocrx_word' id='word_1_309' title='bbox 1681 1015 1735 1042; x_wconf 82' lang='lat' dir='ltr'><strong>Aer</strong></span> <span class='ocrx_word' id='word_1_310' title='bbox 1755 1016 1856 1043; x_wconf 85' lang='lat' dir='ltr'><strong>etenim</strong></span> 
     </span>
    </p>
   </div>
   <div class='ocr_carea' id='block_1_35' title="bbox 1065 1060 1858 1096">
    <p class='ocr_par' dir='ltr' id='par_1_35' title="bbox 1065 1060 1858 1096">
     <span class='ocr_line' id='line_1_35' title="bbox 1065 1060 1858 1096; baseline 0.003 -9"><span class='ocrx_word' id='word_1_311' title='bbox 1065 1060 1251 1094; x_wconf 78' lang='lat' dir='ltr'><strong>suscrptibilis</strong></span> <span class='ocrx_word' id='word_1_312' title='bbox 1269 1063 1311 1087; x_wconf 89' lang='lat' dir='ltr'><strong>est</strong></span> <span class='ocrx_word' id='word_1_313' title='bbox 1328 1060 1414 1091; x_wconf 88' lang='lat' dir='ltr'><strong>lucis,</strong></span> <span class='ocrx_word' id='word_1_314' title='bbox 1432 1067 1488 1087; x_wconf 92' lang='lat' dir='ltr'><strong>non</strong></span> <span class='ocrx_word' id='word_1_315' title='bbox 1506 1060 1641 1088; x_wconf 79' lang='lat' dir='ltr'><strong>exsistens</strong></span> <span class='ocrx_word' id='word_1_316' title='bbox 1657 1066 1793 1096; x_wconf 86' lang='lat' dir='ltr'><strong>quatenus</strong></span> <span class='ocrx_word' id='word_1_317' title='bbox 1811 1070 1858 1089; x_wconf 87' lang='lat' dir='ltr'><strong>aer</strong></span> 
     </span>
    </p>
   </div>
   <div class='ocr_carea' id='block_1_36' title="bbox 1064 1106 1856 1142">
    <p class='ocr_par' dir='ltr' id='par_1_36' title="bbox 1064 1106 1856 1142">
     <span class='ocr_line' id='line_1_36' title="bbox 1064 1106 1856 1142; baseline 0.003 -9"><span class='ocrx_word' id='word_1_318' title='bbox 1064 1110 1107 1133; x_wconf 82' lang='lat' dir='ltr'><strong>est</strong></span> <span class='ocrx_word' id='word_1_319' title='bbox 1124 1106 1214 1141; x_wconf 74' lang='lat' dir='ltr'><strong>caligo</strong></span> <span class='ocrx_word' id='word_1_320' title='bbox 1233 1114 1241 1133; x_wconf 84' lang='lat'><strong>:</strong></span> <span class='ocrx_word' id='word_1_321' title='bbox 1260 1106 1331 1133; x_wconf 87' lang='lat' dir='ltr'><strong>hanc</strong></span> <span class='ocrx_word' id='word_1_322' title='bbox 1349 1114 1414 1133; x_wconf 89' lang='lat' dir='ltr'><strong>vero</strong></span> <span class='ocrx_word' id='word_1_323' title='bbox 1432 1106 1645 1133; x_wconf 83' lang='lat' dir='ltr'><strong>accidentariam</strong></span> <span class='ocrx_word' id='word_1_324' title='bbox 1667 1112 1710 1134; x_wconf 86' lang='lat' dir='ltr'><strong>est</strong></span> <span class='ocrx_word' id='word_1_325' title='bbox 1730 1108 1856 1142; x_wconf 85' lang='lat' dir='ltr'><strong>adeptus.</strong></span> 
     </span>
    </p>
   </div>
   <div class='ocr_carea' id='block_1_37' title="bbox 1064 1151 1858 1189">
    <p class='ocr_par' dir='ltr' id='par_1_37' title="bbox 1064 1151 1858 1189">
     <span class='ocr_line' id='line_1_37' title="bbox 1064 1151 1858 1189; baseline 0.005 -11"><span class='ocrx_word' id='word_1_326' title='bbox 1064 1152 1099 1178; x_wconf 82' lang='lat' dir='ltr'><strong>At</strong></span> <span class='ocrx_word' id='word_1_327' title='bbox 1114 1152 1186 1186; x_wconf 87' lang='lat' dir='ltr'><strong>qttod</strong></span> <span class='ocrx_word' id='word_1_328' title='bbox 1202 1152 1322 1186; x_wconf 83' lang='lat' dir='ltr'><strong>potentia</strong></span> <span class='ocrx_word' id='word_1_329' title='bbox 1338 1156 1397 1184; x_wconf 90' lang='lat' dir='ltr'><strong>est,</strong></span> <span class='ocrx_word' id='word_1_330' title='bbox 1414 1151 1474 1186; x_wconf 80' lang='lat' dir='ltr'><strong>ejus</strong></span> <span class='ocrx_word' id='word_1_331' title='bbox 1488 1151 1562 1187; x_wconf 85' lang='lat' dir='ltr'><strong>quod</strong></span> <span class='ocrx_word' id='word_1_332' title='bbox 1579 1153 1690 1188; x_wconf 72' lang='lat' dir='ltr'><strong>energia</strong></span> <span class='ocrx_word' id='word_1_333' title='bbox 1720 1159 1761 1181; x_wconf 87' lang='lat' dir='ltr'><strong>est</strong></span> <span class='ocrx_word' id='word_1_334' title='bbox 1781 1154 1858 1189; x_wconf 90' lang='lat' dir='ltr'><strong>prin-</strong></span> 
     </span>
    </p>
   </div>
   <div class='ocr_carea' id='block_1_38' title="bbox 1064 1197 1858 1234">
    <p class='ocr_par' dir='ltr' id='par_1_38' title="bbox 1064 1197 1858 1234">
     <span class='ocr_line' id='line_1_38' title="bbox 1064 1197 1858 1234; baseline 0.005 -11"><span class='ocrx_word' id='word_1_335' title='bbox 1064 1198 1165 1232; x_wconf 87' lang='lat' dir='ltr'><strong>cipium</strong></span> <span class='ocrx_word' id='word_1_336' title='bbox 1186 1197 1356 1232; x_wconf 82' lang='lat' dir='ltr'><strong>perhibetur,</strong></span> <span class='ocrx_word' id='word_1_337' title='bbox 1372 1197 1452 1232; x_wconf 87' lang='lat' dir='ltr'><strong>eique</strong></span> <span class='ocrx_word' id='word_1_338' title='bbox 1468 1198 1587 1224; x_wconf 83' lang='lat' dir='ltr'><strong>anticum</strong></span> <span class='ocrx_word' id='word_1_339' title='bbox 1604 1202 1632 1224; x_wconf 85' lang='lat' dir='ltr'><strong>et</strong></span> <span class='ocrx_word' id='word_1_340' title='bbox 1649 1204 1796 1233; x_wconf 82' lang='lat' dir='ltr'><strong>cognatum</strong></span> <span class='ocrx_word' id='word_1_341' title='bbox 1812 1200 1858 1234; x_wconf 93' lang='lat' dir='ltr'><strong>ju-</strong></span> 
     </span>
    </p>
   </div>
   <div class='ocr_carea' id='block_1_39' title="bbox 1064 1242 1857 1278">
    <p class='ocr_par' dir='ltr' id='par_1_39' title="bbox 1064 1242 1857 1278">
     <span class='ocr_line' id='line_1_39' title="bbox 1064 1242 1857 1278; baseline 0.003 -8"><span class='ocrx_word' id='word_1_342' title='bbox 1064 1243 1186 1274; x_wconf 82' lang='lat' dir='ltr'><strong>dicatur,</strong></span> <span class='ocrx_word' id='word_1_343' title='bbox 1203 1248 1233 1269; x_wconf 93' lang='lat' dir='ltr'><strong>ut</strong></span> <span class='ocrx_word' id='word_1_344' title='bbox 1250 1250 1298 1278; x_wconf 90' lang='lat' dir='ltr'><strong>per</strong></span> <span class='ocrx_word' id='word_1_345' title='bbox 1312 1242 1387 1278; x_wconf 89' lang='lat' dir='ltr'><strong>quod</strong></span> <span class='ocrx_word' id='word_1_346' title='bbox 1404 1242 1540 1270; x_wconf 86' lang='lat' dir='ltr'><strong>invenerit</strong></span> <span class='ocrx_word' id='word_1_347' title='bbox 1553 1243 1763 1278; x_wconf 80' lang='lat' dir='ltr'><strong>perfectionem.</strong></span> <span class='ocrx_word' id='word_1_348' title='bbox 1779 1244 1857 1278; x_wconf 82' lang='lat' dir='ltr'><strong>Quod</strong></span> 
     </span>
    </p>
   </div>
   <div class='ocr_carea' id='block_1_40' title="bbox 1065 1287 1858 1319">
    <p class='ocr_par' dir='ltr' id='par_1_40' title="bbox 1065 1287 1858 1319">
     <span class='ocr_line' id='line_1_40' title="bbox 1065 1287 1858 1319; baseline 0.005 -5"><span class='ocrx_word' id='word_1_349' title='bbox 1065 1292 1158 1315; x_wconf 92' lang='lat' dir='ltr'><strong>autem</strong></span> <span class='ocrx_word' id='word_1_350' title='bbox 1177 1287 1282 1315; x_wconf 91' lang='lat' dir='ltr'><strong>dicitur</strong></span> <span class='ocrx_word' id='word_1_351' title='bbox 1295 1289 1428 1315; x_wconf 83' lang='lat' dir='ltr'><strong>tenebras</strong></span> <span class='ocrx_word' id='word_1_352' title='bbox 1444 1293 1527 1316; x_wconf 86' lang='lat' dir='ltr'><strong>natas</strong></span> <span class='ocrx_word' id='word_1_353' title='bbox 1542 1296 1604 1317; x_wconf 87' lang='lat' dir='ltr'><strong>esse</strong></span> <span class='ocrx_word' id='word_1_354' title='bbox 1618 1297 1652 1317; x_wconf 83' lang='lat' dir='ltr'><strong>ex</strong></span> <span class='ocrx_word' id='word_1_355' title='bbox 1667 1290 1858 1319; x_wconf 73' lang='lat' dir='ltr'><strong>obstruetioue</strong></span> 
     </span>
    </p>
   </div>
   <div class='ocr_carea' id='block_1_41' title="bbox 220 1334 1012 1384">
    <p class='ocr_par' dir='ltr' id='par_1_41' title="bbox 220 1334 1010 1384">
     <span class='ocr_line' id='line_1_41' title="bbox 220 1334 1010 1384; baseline -0.013 -10"><span class='ocrx_word' id='word_1_356' title='bbox 220 1349 290 1384; x_wconf 83' lang='grc' dir='ltr'>μένη</span> <span class='ocrx_word' id='word_1_357' title='bbox 305 1334 363 1383; x_wconf 66' lang='grc' dir='ltr'>ζωή</span> <span class='ocrx_word' id='word_1_358' title='bbox 379 1355 409 1372; x_wconf 87' lang='grc' dir='ltr'><strong>τε</strong></span> <span class='ocrx_word' id='word_1_359' title='bbox 429 1346 476 1372; x_wconf 69' lang='grc' dir='ltr'><strong>καὶ</strong></span> <span class='ocrx_word' id='word_1_360' title='bbox 491 1343 636 1379; x_wconf 79' lang='grc' dir='ltr'>ἑλλαμψις.</span> <span class='ocrx_word' id='word_1_361' title='bbox 660 1342 828 1377; x_wconf 82' lang='grc' dir='ltr'>Ἐτόλμησαν</span> <span class='ocrx_word' id='word_1_362' title='bbox 842 1340 871 1367; x_wconf 76' lang='grc' dir='ltr'>δέ</span> <span class='ocrx_word' id='word_1_363' title='bbox 885 1349 958 1371; x_wconf 72' lang='grc' dir='ltr'>τινες</span> <span class='ocrx_word' id='word_1_364' title='bbox 972 1340 1010 1365; x_wconf 87' lang='grc' dir='ltr'>εί-</span> 
     </span>
    </p>
   </div>
   <div class='ocr_carea' id='block_1_42' title="bbox 1064 1334 1858 1384">
    <p class='ocr_par' dir='ltr' id='par_1_42' title="bbox 1064 1334 1858 1368">
     <span class='ocr_line' id='line_1_42' title="bbox 1064 1334 1858 1368; baseline 0.005 -7"><span class='ocrx_word' id='word_1_365' title='bbox 1064 1334 1216 1362; x_wconf 88' lang='lat' dir='ltr'><strong>invisibilis</strong></span> <span class='ocrx_word' id='word_1_366' title='bbox 1236 1335 1279 1362; x_wconf 87' lang='lat' dir='ltr'><strong>vel</strong></span> <span class='ocrx_word' id='word_1_367' title='bbox 1300 1335 1498 1362; x_wconf 76' lang='lat' dir='ltr'><strong>intellectualis</strong></span> <span class='ocrx_word' id='word_1_368' title='bbox 1518 1335 1606 1368; x_wconf 88' lang='lat' dir='ltr'><strong>lucis,</strong></span> <span class='ocrx_word' id='word_1_369' title='bbox 1626 1335 1772 1365; x_wconf 84' lang='lat' dir='ltr'><strong>videamus</strong></span> <span class='ocrx_word' id='word_1_370' title='bbox 1793 1346 1858 1365; x_wconf 85' lang='lat' dir='ltr'><strong>uuln</strong></span> 
     </span>
    </p>
   </div>
   <div class='ocr_carea' id='block_1_43' title="bbox 219 1385 1010 1422">
    <p class='ocr_par' dir='ltr' id='par_1_43' title="bbox 219 1385 1010 1422">
     <span class='ocr_line' id='line_1_43' title="bbox 219 1385 1010 1422; baseline -0.014 -1"><span class='ocrx_word' id='word_1_371' title='bbox 219 1396 281 1421; x_wconf 82' lang='grc' dir='ltr'>πεῖν</span> <span class='ocrx_word' id='word_1_372' title='bbox 294 1394 336 1419; x_wconf 74' lang='grc' dir='ltr'>ὅτι</span> <span class='ocrx_word' id='word_1_373' title='bbox 349 1392 444 1422; x_wconf 77' lang='grc' dir='ltr'><strong>σκότος</strong></span> <span class='ocrx_word' id='word_1_374' title='bbox 455 1391 468 1417; x_wconf 85' lang='grc' dir='ltr'>ὁ</span> <span class='ocrx_word' id='word_1_375' title='bbox 481 1389 603 1420; x_wconf 75' lang='grc' dir='ltr'>διάϐολός</span> <span class='ocrx_word' id='word_1_376' title='bbox 616 1389 701 1419; x_wconf 72' lang='grc' dir='ltr'>ἐστιν,</span> <span class='ocrx_word' id='word_1_377' title='bbox 714 1386 832 1417; x_wconf 79' lang='grc' dir='ltr'>ἄϐυσσος</span> <span class='ocrx_word' id='word_1_378' title='bbox 841 1385 1010 1420; x_wconf 80' lang='grc' dir='ltr'>οἱδαὶμονες·</span> 
     </span>
    </p>
   </div>
   <div class='ocr_carea' id='block_1_44' title="bbox 221 1430 1013 1469">
    <p class='ocr_par' dir='ltr' id='par_1_44' title="bbox 221 1430 1013 1469">
     <span class='ocr_line' id='line_1_44' title="bbox 221 1430 1013 1469; baseline -0.014 -3"><span class='ocrx_word' id='word_1_379' title='bbox 221 1441 266 1467; x_wconf 64' lang='lat' dir='ltr'><strong>ire</strong></span> <span class='ocrx_word' id='word_1_380' title='bbox 282 1440 311 1465; x_wconf 81' lang='grc' dir='ltr'>δὲ</span> <span class='ocrx_word' id='word_1_381' title='bbox 337 1436 518 1468; x_wconf 74' lang='grc' dir='ltr'>εἷπενόΘεδς,</span> <span class='ocrx_word' id='word_1_382' title='bbox 529 1444 538 1461; x_wconf 79' lang='grc' dir='ltr'>ι</span> <span class='ocrx_word' id='word_1_383' title='bbox 548 1432 766 1469; x_wconf 84' lang='grc' dir='ltr'>Γενηθήτωφῶς,</span> <span class='ocrx_word' id='word_1_384' title='bbox 780 1441 789 1457; x_wconf 71' lang='grc' dir='ltr'>ι</span> <span class='ocrx_word' id='word_1_385' title='bbox 804 1431 935 1465; x_wconf 83' lang='grc' dir='ltr'>γέγονενό</span> <span class='ocrx_word' id='word_1_386' title='bbox 949 1430 1013 1460; x_wconf 79' lang='grc' dir='ltr'><strong>Υἱὸς</strong></span> 
     </span>
    </p>
   </div>
   <div class='ocr_carea' id='block_1_45' title="bbox 219 1475 1012 1515">
    <p class='ocr_par' dir='ltr' id='par_1_45' title="bbox 219 1475 1012 1515">
     <span class='ocr_line' id='line_1_45' title="bbox 219 1475 1012 1515; baseline -0.014 -3"><span class='ocrx_word' id='word_1_387' title='bbox 219 1486 268 1512; x_wconf 78' lang='grc' dir='ltr'><strong>τοῦ</strong></span> <span class='ocrx_word' id='word_1_388' title='bbox 285 1483 365 1511; x_wconf 86' lang='grc' dir='ltr'>Θεοῦ.</span> <span class='ocrx_word' id='word_1_389' title='bbox 382 1482 438 1509; x_wconf 77' lang='grc' dir='ltr'><strong>Καὶ</strong></span> <span class='ocrx_word' id='word_1_390' title='bbox 449 1481 499 1508; x_wconf 73' lang='grc' dir='ltr'>οὐκ</span> <span class='ocrx_word' id='word_1_391' title='bbox 519 1479 695 1515; x_wconf 81' lang='grc' dir='ltr'><strong>αἰσχύνονται</strong></span> <span class='ocrx_word' id='word_1_392' title='bbox 713 1478 761 1504; x_wconf 87' lang='grc' dir='ltr'><strong>τοῦ</strong></span> <span class='ocrx_word' id='word_1_393' title='bbox 776 1476 842 1503; x_wconf 84' lang='grc' dir='ltr'>Υίοῦ</span> <span class='ocrx_word' id='word_1_394' title='bbox 857 1475 1012 1512; x_wconf 79' lang='grc' dir='ltr'>πρεσϐύτε-</span> 
     </span>
    </p>
   </div>
   <div class='ocr_carea' id='block_1_46' title="bbox 222 1522 1013 1568">
    <p class='ocr_par' dir='ltr' id='par_1_46' title="bbox 222 1522 1013 1568">
     <span class='ocr_line' id='line_1_46' title="bbox 222 1522 1013 1568; baseline -0.014 -10"><span class='ocrx_word' id='word_1_395' title='bbox 222 1540 269 1568; x_wconf 82' lang='grc' dir='ltr'><strong>ρον</strong></span> <span class='ocrx_word' id='word_1_396' title='bbox 279 1531 324 1558; x_wconf 79' lang='grc' dir='ltr'>τὸν</span> <span class='ocrx_word' id='word_1_397' title='bbox 336 1528 460 1557; x_wconf 80' lang='grc' dir='ltr'>διάϐολον</span> <span class='ocrx_word' id='word_1_398' title='bbox 473 1527 608 1562; x_wconf 80' lang='grc' dir='ltr'>λέγοντες,</span> <span class='ocrx_word' id='word_1_399' title='bbox 621 1527 668 1553; x_wconf 73' lang='grc' dir='ltr'><strong>καὶ</strong></span> <span class='ocrx_word' id='word_1_400' title='bbox 680 1525 725 1552; x_wconf 66' lang='grc' dir='ltr'><strong>τὴν</strong></span> <span class='ocrx_word' id='word_1_401' title='bbox 735 1523 850 1559; x_wconf 84' lang='grc' dir='ltr'>οὐρανόν</span> <span class='ocrx_word' id='word_1_402' title='bbox 861 1530 890 1549; x_wconf 86' lang='grc' dir='ltr'><strong>τε</strong></span> <span class='ocrx_word' id='word_1_403' title='bbox 901 1522 948 1549; x_wconf 67' lang='grc' dir='ltr'><strong>καὶ</strong></span> <span class='ocrx_word' id='word_1_404' title='bbox 962 1522 1013 1568; x_wconf 79' lang='grc' dir='ltr'>τῂν</span> 
     </span>
    </p>
   </div>
   <div class='ocr_carea' id='block_1_47' title="bbox 221 1567 1013 1613">
    <p class='ocr_par' dir='ltr' id='par_1_47' title="bbox 221 1567 1013 1613">
     <span class='ocr_line' id='line_1_47' title="bbox 221 1567 1013 1613; baseline -0.014 -9"><span class='ocrx_word' id='word_1_405' title='bbox 221 1567 284 1613; x_wconf 75' lang='grc' dir='ltr'><strong>γῆν,</strong></span> <span class='ocrx_word' id='word_1_406' title='bbox 299 1577 333 1603; x_wconf 86' lang='grc' dir='ltr'>δι’</span> <span class='ocrx_word' id='word_1_407' title='bbox 358 1573 389 1603; x_wconf 72' lang='grc' dir='ltr'><strong>οὗ</strong></span> <span class='ocrx_word' id='word_1_408' title='bbox 408 1574 456 1602; x_wconf 73' lang='grc' dir='ltr'><strong>καὶ</strong></span> <span class='ocrx_word' id='word_1_409' title='bbox 474 1574 562 1601; x_wconf 79' lang='grc' dir='ltr'>ταῦτα</span> <span class='ocrx_word' id='word_1_410' title='bbox 593 1572 712 1606; x_wconf 77' lang='grc' dir='ltr'>ἐγένετο.</span> <span class='ocrx_word' id='word_1_411' title='bbox 733 1571 806 1606; x_wconf 83' lang='grc' dir='ltr'><strong>Πλὴν</strong></span> <span class='ocrx_word' id='word_1_412' title='bbox 832 1570 874 1596; x_wconf 82' lang='grc' dir='ltr'>ὅτι</span> <span class='ocrx_word' id='word_1_413' title='bbox 892 1567 1013 1613; x_wconf 66' lang='grc' dir='ltr'>γεγονὼς</span> 
     </span>
    </p>
   </div>
   <div class='ocr_carea' id='block_1_48' title="bbox 221 1613 1014 1659">
    <p class='ocr_par' dir='ltr' id='par_1_48' title="bbox 221 1613 1014 1659">
     <span class='ocr_line' id='line_1_48' title="bbox 221 1613 1014 1659; baseline -0.018 -7"><span class='ocrx_word' id='word_1_414' title='bbox 221 1624 323 1659; x_wconf 80' lang='grc' dir='ltr'>ἀγαθὸς</span> <span class='ocrx_word' id='word_1_415' title='bbox 335 1623 350 1649; x_wconf 85' lang='grc' dir='ltr'><strong>ό</strong></span> <span class='ocrx_word' id='word_1_416' title='bbox 360 1620 484 1652; x_wconf 81' lang='grc' dir='ltr'>διάϐολος</span> <span class='ocrx_word' id='word_1_417' title='bbox 496 1618 630 1651; x_wconf 79' lang='grc' dir='ltr'>ὲξὲαυτοῦ</span> <span class='ocrx_word' id='word_1_418' title='bbox 641 1615 777 1652; x_wconf 78' lang='grc' dir='ltr'><strong>προῆλθεν</strong></span> <span class='ocrx_word' id='word_1_419' title='bbox 788 1613 922 1644; x_wconf 81' lang='grc' dir='ltr'>διάϐολος.</span> <span class='ocrx_word' id='word_1_420' title='bbox 935 1622 945 1639; x_wconf 85' lang='grc'><em>‹</em></span> <span class='ocrx_word' id='word_1_421' title='bbox 957 1613 1014 1659; x_wconf 75' lang='grc' dir='ltr'><strong>Τῆς</strong></span> 
     </span>
    </p>
   </div>
   <div class='ocr_carea' id='block_1_49' title="bbox 219 1658 1015 1700">
    <p class='ocr_par' dir='ltr' id='par_1_49' title="bbox 219 1658 1015 1700">
     <span class='ocr_line' id='line_1_49' title="bbox 219 1658 1015 1700; baseline -0.019 -2"><span class='ocrx_word' id='word_1_422' title='bbox 219 1658 251 1698; x_wconf 62' lang='grc' dir='ltr'>δέ</span> <span class='ocrx_word' id='word_1_423' title='bbox 268 1669 399 1700; x_wconf 80' lang='grc' dir='ltr'>ἀϐύσσου,</span> <span class='ocrx_word' id='word_1_424' title='bbox 410 1676 420 1694; x_wconf 70' lang='grc' dir='ltr'>ι</span> <span class='ocrx_word' id='word_1_425' title='bbox 437 1665 533 1697; x_wconf 80' lang='grc' dir='ltr'>εἰπὼν,</span> <span class='ocrx_word' id='word_1_426' title='bbox 549 1661 803 1699; x_wconf 80' lang='grc' dir='ltr'>συμπεριεχομὲνης</span> <span class='ocrx_word' id='word_1_427' title='bbox 824 1659 881 1691; x_wconf 81' lang='grc' dir='ltr'>τοῖς</span> <span class='ocrx_word' id='word_1_428' title='bbox 899 1658 1015 1693; x_wconf 83' lang='grc' dir='ltr'>γενομέ-</span> 
     </span>
    </p>
   </div>
   <div class='ocr_carea' id='block_1_50' title="bbox 221 1703 1017 1751">
    <p class='ocr_par' dir='ltr' id='par_1_50' title="bbox 221 1703 1017 1751">
     <span class='ocr_line' id='line_1_50' title="bbox 221 1703 1017 1751; baseline -0.019 -7"><span class='ocrx_word' id='word_1_429' title='bbox 221 1725 277 1747; x_wconf 87' lang='grc' dir='ltr'>νοις</span> <span class='ocrx_word' id='word_1_430' title='bbox 293 1713 470 1751; x_wconf 80' lang='grc' dir='ltr'>ὲμνήσθη.ὠς</span> <span class='ocrx_word' id='word_1_431' title='bbox 489 1712 565 1747; x_wconf 82' lang='grc' dir='ltr'>δηλοῖ</span> <span class='ocrx_word' id='word_1_432' title='bbox 579 1710 609 1737; x_wconf 79' lang='grc' dir='ltr'>τὸ</span> <span class='ocrx_word' id='word_1_433' title='bbox 620 1708 720 1744; x_wconf 77' lang='grc' dir='ltr'>ἄρθρον</span> <span class='ocrx_word' id='word_1_434' title='bbox 735 1707 766 1734; x_wconf 58' lang='lat' dir='ltr'><strong>ea</strong></span> <span class='ocrx_word' id='word_1_435' title='bbox 776 1706 833 1741; x_wconf 81' lang='grc' dir='ltr'>τῆς</span> <span class='ocrx_word' id='word_1_436' title='bbox 845 1714 852 1721; x_wconf 90' lang='grc'><strong>·</strong></span> <span class='ocrx_word' id='word_1_437' title='bbox 862 1705 957 1739; x_wconf 81' lang='grc' dir='ltr'>ὥσπερ</span> <span class='ocrx_word' id='word_1_438' title='bbox 967 1703 1017 1751; x_wconf 72' lang='grc' dir='ltr'><strong>καὶ</strong></span> 
     </span>
    </p>
   </div>
   <div class='ocr_carea' id='block_1_51' title="bbox 230 1749 1018 1795">
    <p class='ocr_par' dir='ltr' id='par_1_51' title="bbox 230 1749 1018 1795">
     <span class='ocr_line' id='line_1_51' title="bbox 230 1749 1018 1795; baseline -0.02 -5"><span class='ocrx_word' id='word_1_439' title='bbox 230 1763 271 1795; x_wconf 70' lang='grc' dir='ltr'>τὸ,</span> <span class='ocrx_word' id='word_1_440' title='bbox 284 1772 293 1788; x_wconf 79' lang='grc' dir='ltr'>ι</span> <span class='ocrx_word' id='word_1_441' title='bbox 306 1749 413 1788; x_wconf 41' lang='grc' dir='ltr'>(Επάνω</span> <span class='ocrx_word' id='word_1_442' title='bbox 428 1758 475 1786; x_wconf 80' lang='grc' dir='ltr'><strong>τοῦ</strong></span> <span class='ocrx_word' id='word_1_443' title='bbox 489 1758 593 1787; x_wconf 78' lang='grc' dir='ltr'>ὕδατος·</span> <span class='ocrx_word' id='word_1_444' title='bbox 604 1763 615 1781; x_wconf 69' lang='grc' dir='ltr'>ι</span> <span class='ocrx_word' id='word_1_445' title='bbox 625 1755 669 1781; x_wconf 79' lang='grc' dir='ltr'><strong>διὰ</strong></span> <span class='ocrx_word' id='word_1_446' title='bbox 681 1753 736 1789; x_wconf 79' lang='grc' dir='ltr'><strong>γὰρ</strong></span> <span class='ocrx_word' id='word_1_447' title='bbox 750 1754 798 1787; x_wconf 79' lang='grc' dir='ltr'>τῆς</span> <span class='ocrx_word' id='word_1_448' title='bbox 812 1750 867 1778; x_wconf 83' lang='grc' dir='ltr'><strong>τῶν</strong></span> <span class='ocrx_word' id='word_1_449' title='bbox 878 1749 1018 1785; x_wconf 80' lang='grc' dir='ltr'>περιεχόν-</span> 
     </span>
    </p>
   </div>
   <div class='ocr_carea' id='block_1_52' title="bbox 221 1796 1012 1842">
    <p class='ocr_par' dir='ltr' id='par_1_52' title="bbox 221 1796 1012 1842">
     <span class='ocr_line' id='line_1_52' title="bbox 221 1796 1012 1842; baseline -0.018 -7"><span class='ocrx_word' id='word_1_450' title='bbox 221 1818 275 1835; x_wconf 83' lang='grc' dir='ltr'><strong>των</strong></span> <span class='ocrx_word' id='word_1_451' title='bbox 297 1805 477 1842; x_wconf 80' lang='grc' dir='ltr'>δημιουργίας</span> <span class='ocrx_word' id='word_1_452' title='bbox 502 1800 672 1836; x_wconf 78' lang='grc' dir='ltr'>συνεδη),ώθη</span> <span class='ocrx_word' id='word_1_453' title='bbox 696 1799 745 1826; x_wconf 71' lang='grc' dir='ltr'><strong>καὶ</strong></span> <span class='ocrx_word' id='word_1_454' title='bbox 764 1798 799 1825; x_wconf 86' lang='grc' dir='ltr'><strong>τὰ</strong></span> <span class='ocrx_word' id='word_1_455' title='bbox 818 1796 1012 1832; x_wconf 81' lang='grc' dir='ltr'><strong>περιεχόμενα.</strong></span> 
     </span>
    </p>
   </div>
   <div class='ocr_carea' id='block_1_53' title="bbox 1066 1383 1858 1418">
    <p class='ocr_par' dir='ltr' id='par_1_53' title="bbox 1066 1383 1858 1418">
     <span class='ocr_line' id='line_1_53' title="bbox 1066 1383 1858 1418; baseline 0.004 -9"><span class='ocrx_word' id='word_1_456' title='bbox 1066 1390 1219 1416; x_wconf 79' lang='lat' dir='ltr'><strong>congruam</strong></span> <span class='ocrx_word' id='word_1_457' title='bbox 1236 1383 1280 1410; x_wconf 87' lang='lat' dir='ltr'><strong>vel</strong></span> <span class='ocrx_word' id='word_1_458' title='bbox 1300 1383 1473 1418; x_wconf 85' lang='lat' dir='ltr'><strong>probabilem</strong></span> <span class='ocrx_word' id='word_1_459' title='bbox 1491 1383 1628 1412; x_wconf 85' lang='lat' dir='ltr'><strong>rationem</strong></span> <span class='ocrx_word' id='word_1_460' title='bbox 1648 1384 1759 1412; x_wconf 84' lang='lat' dir='ltr'><strong>habeat.</strong></span> <span class='ocrx_word' id='word_1_461' title='bbox 1777 1384 1858 1418; x_wconf 87' lang='lat' dir='ltr'><strong>Nam,</strong></span> 
     </span>
    </p>
   </div>
   <div class='ocr_carea' id='block_1_54' title="bbox 1065 1429 1860 1466">
    <p class='ocr_par' dir='ltr' id='par_1_54' title="bbox 1065 1429 1860 1466">
     <span class='ocr_line' id='line_1_54' title="bbox 1065 1429 1860 1466; baseline 0.004 -10"><span class='ocrx_word' id='word_1_462' title='bbox 1065 1429 1246 1464; x_wconf 68' lang='lat' dir='ltr'><strong>quaeso,milti</strong></span> <span class='ocrx_word' id='word_1_463' title='bbox 1262 1433 1386 1463; x_wconf 90' lang='lat' dir='ltr'><strong>narrato,</strong></span> <span class='ocrx_word' id='word_1_464' title='bbox 1400 1429 1539 1465; x_wconf 88' lang='lat' dir='ltr'><strong>quodnam</strong></span> <span class='ocrx_word' id='word_1_465' title='bbox 1553 1438 1655 1466; x_wconf 90' lang='lat' dir='ltr'><strong>corpus</strong></span> <span class='ocrx_word' id='word_1_466' title='bbox 1670 1430 1860 1459; x_wconf 86' lang='lat' dir='ltr'><strong>intellectuale</strong></span> 
     </span>
    </p>
   </div>
   <div class='ocr_carea' id='block_1_55' title="bbox 1065 1475 1859 1511">
    <p class='ocr_par' dir='ltr' id='par_1_55' title="bbox 1065 1475 1859 1511">
     <span class='ocr_line' id='line_1_55' title="bbox 1065 1475 1859 1511; baseline 0.004 -9"><span class='ocrx_word' id='word_1_467' title='bbox 1065 1475 1155 1502; x_wconf 85' lang='lat' dir='ltr'><strong>lucem</strong></span> <span class='ocrx_word' id='word_1_468' title='bbox 1170 1482 1222 1502; x_wconf 93' lang='lat' dir='ltr'><strong>suo</strong></span> <span class='ocrx_word' id='word_1_469' title='bbox 1234 1475 1366 1510; x_wconf 84' lang='lat' dir='ltr'><strong>oppositu</strong></span> <span class='ocrx_word' id='word_1_470' title='bbox 1381 1475 1533 1504; x_wconf 85' lang='lat' dir='ltr'><strong>obscurare</strong></span> <span class='ocrx_word' id='word_1_471' title='bbox 1548 1476 1657 1511; x_wconf 79' lang='lat' dir='ltr'><strong>potest?</strong></span> <span class='ocrx_word' id='word_1_472' title='bbox 1671 1476 1743 1505; x_wconf 85' lang='lat' dir='ltr'><strong>Deus</strong></span> <span class='ocrx_word' id='word_1_473' title='bbox 1755 1478 1859 1506; x_wconf 88' lang='lat' dir='ltr'><strong>etenim</strong></span> 
     </span>
    </p>
   </div>
   <div class='ocr_carea' id='block_1_56' title="bbox 1065 1521 1860 1553">
    <p class='ocr_par' dir='ltr' id='par_1_56' title="bbox 1065 1521 1860 1553">
     <span class='ocr_line' id='line_1_56' title="bbox 1065 1521 1860 1553; baseline 0.004 -5"><span class='ocrx_word' id='word_1_474' title='bbox 1065 1526 1109 1549; x_wconf 78' lang='lat' dir='ltr'><strong>est</strong></span> <span class='ocrx_word' id='word_1_475' title='bbox 1124 1521 1171 1549; x_wconf 78' lang='lat' dir='ltr'><strong>lux</strong></span> <span class='ocrx_word' id='word_1_476' title='bbox 1188 1521 1236 1549; x_wconf 87' lang='lat' dir='ltr'><strong>illa</strong></span> <span class='ocrx_word' id='word_1_477' title='bbox 1255 1521 1408 1553; x_wconf 72' lang='lat' dir='ltr'><strong>invisibilis</strong></span> <span class='ocrx_word' id='word_1_478' title='bbox 1425 1532 1432 1549; x_wconf 93' lang='lat'>:</span> <span class='ocrx_word' id='word_1_479' title='bbox 1450 1523 1506 1549; x_wconf 83' lang='lat' dir='ltr'><strong>vita</strong></span> <span class='ocrx_word' id='word_1_480' title='bbox 1523 1526 1551 1550; x_wconf 91' lang='lat' dir='ltr'><strong>et</strong></span> <span class='ocrx_word' id='word_1_481' title='bbox 1568 1522 1740 1551; x_wconf 90' lang='lat' dir='ltr'><strong>illuminalio</strong></span> <span class='ocrx_word' id='word_1_482' title='bbox 1756 1531 1789 1551; x_wconf 72' lang='lat' dir='ltr'><strong>ex</strong></span> <span class='ocrx_word' id='word_1_483' title='bbox 1807 1524 1860 1551; x_wconf 90' lang='lat' dir='ltr'><strong>hoc</strong></span> 
     </span>
    </p>
   </div>
   <div class='ocr_carea' id='block_1_57' title="bbox 1064 1567 1859 1603">
    <p class='ocr_par' dir='ltr' id='par_1_57' title="bbox 1064 1567 1859 1603">
     <span class='ocr_line' id='line_1_57' title="bbox 1064 1567 1859 1603; baseline 0.003 -9"><span class='ocrx_word' id='word_1_484' title='bbox 1064 1567 1142 1595; x_wconf 86' lang='lat' dir='ltr'><strong>fonte</strong></span> <span class='ocrx_word' id='word_1_485' title='bbox 1157 1567 1352 1603; x_wconf 87' lang='lat' dir='ltr'><strong>spiritualibus</strong></span> <span class='ocrx_word' id='word_1_486' title='bbox 1365 1568 1504 1597; x_wconf 85' lang='lat' dir='ltr'><strong>hauritur.</strong></span> <span class='ocrx_word' id='word_1_487' title='bbox 1521 1568 1639 1602; x_wconf 85' lang='lat' dir='ltr'><strong>Quidam</strong></span> <span class='ocrx_word' id='word_1_488' title='bbox 1655 1570 1716 1597; x_wconf 86' lang='lat' dir='ltr'><strong>ausi</strong></span> <span class='ocrx_word' id='word_1_489' title='bbox 1733 1574 1801 1598; x_wconf 88' lang='lat' dir='ltr'><strong>sunt</strong></span> <span class='ocrx_word' id='word_1_490' title='bbox 1816 1570 1859 1597; x_wconf 80' lang='lat' dir='ltr'><strong>di-</strong></span> 
     </span>
    </p>
   </div>
   <div class='ocr_carea' id='block_1_58' title="bbox 1064 1613 1857 1650">
    <p class='ocr_par' dir='ltr' id='par_1_58' title="bbox 1064 1613 1857 1650">
     <span class='ocr_line' id='line_1_58' title="bbox 1064 1613 1857 1650; baseline 0.001 -10"><span class='ocrx_word' id='word_1_491' title='bbox 1064 1620 1128 1640; x_wconf 86' lang='lat' dir='ltr'><strong>cere</strong></span> <span class='ocrx_word' id='word_1_492' title='bbox 1146 1613 1287 1641; x_wconf 86' lang='lat' dir='ltr'><strong>diabolum</strong></span> <span class='ocrx_word' id='word_1_493' title='bbox 1308 1613 1398 1642; x_wconf 87' lang='lat' dir='ltr'><strong>fuisse</strong></span> <span class='ocrx_word' id='word_1_494' title='bbox 1416 1614 1479 1643; x_wconf 86' lang='lat' dir='ltr'><strong>illas</strong></span> <span class='ocrx_word' id='word_1_495' title='bbox 1500 1615 1631 1642; x_wconf 82' lang='lat' dir='ltr'><strong>tenebras</strong></span> <span class='ocrx_word' id='word_1_496' title='bbox 1650 1624 1658 1642; x_wconf 84' lang='lat'><strong>:</strong></span> <span class='ocrx_word' id='word_1_497' title='bbox 1679 1619 1708 1643; x_wconf 90' lang='lat' dir='ltr'><strong>et</strong></span> <span class='ocrx_word' id='word_1_498' title='bbox 1728 1615 1857 1650; x_wconf 85' lang='lat' dir='ltr'><strong>abyssum</strong></span> 
     </span>
    </p>
   </div>
   <div class='ocr_carea' id='block_1_59' title="bbox 1065 1659 1859 1698">
    <p class='ocr_par' dir='ltr' id='par_1_59' title="bbox 1065 1659 1859 1698">
     <span class='ocr_line' id='line_1_59' title="bbox 1065 1659 1859 1698; baseline 0.005 -13"><span class='ocrx_word' id='word_1_499' title='bbox 1065 1659 1154 1698; x_wconf 78' lang='lat' dir='ltr'><strong>malos</strong></span> <span class='ocrx_word' id='word_1_500' title='bbox 1169 1659 1309 1687; x_wconf 67' lang='lat' dir='ltr'><strong>dantuones</strong></span> <span class='ocrx_word' id='word_1_501' title='bbox 1325 1667 1390 1687; x_wconf 88' lang='lat' dir='ltr'><strong>esse</strong></span> <span class='ocrx_word' id='word_1_502' title='bbox 1404 1663 1545 1691; x_wconf 83' lang='lat' dir='ltr'><strong>statuere:</strong></span> <span class='ocrx_word' id='word_1_503' title='bbox 1561 1663 1694 1695; x_wconf 68' lang='lat' dir='ltr'><strong>praeterea</strong></span> <span class='ocrx_word' id='word_1_504' title='bbox 1709 1667 1772 1688; x_wconf 90' lang='lat' dir='ltr'><strong>eum</strong></span> <span class='ocrx_word' id='word_1_505' title='bbox 1788 1660 1859 1689; x_wconf 84' lang='lat' dir='ltr'><strong>Deus</strong></span> 
     </span>
    </p>
   </div>
   <div class='ocr_carea' id='block_1_60' title="bbox 1066 1704 1858 1742">
    <p class='ocr_par' dir='ltr' id='par_1_60' title="bbox 1066 1704 1858 1742">
     <span class='ocr_line' id='line_1_60' title="bbox 1066 1704 1858 1742; baseline 0.004 -11"><span class='ocrx_word' id='word_1_506' title='bbox 1066 1705 1185 1732; x_wconf 82' lang='lat' dir='ltr'><strong>dixerit:</strong></span> <span class='ocrx_word' id='word_1_507' title='bbox 1199 1704 1344 1734; x_wconf 67' lang='lat' dir='ltr'><strong>(Fiatlux:</strong></span> <span class='ocrx_word' id='word_1_508' title='bbox 1359 1716 1369 1732; x_wconf 73' lang='grc' dir='ltr'>ι</span> <span class='ocrx_word' id='word_1_509' title='bbox 1379 1707 1670 1742; x_wconf 83' lang='lat' dir='ltr'><strong>prodiissevelnatum</strong></span> <span class='ocrx_word' id='word_1_510' title='bbox 1680 1715 1742 1734; x_wconf 91' lang='lat' dir='ltr'><strong>esse</strong></span> <span class='ocrx_word' id='word_1_511' title='bbox 1757 1707 1858 1734; x_wconf 85' lang='lat' dir='ltr'><strong>Filium</strong></span> 
     </span>
    </p>
   </div>
   <div class='ocr_carea' id='block_1_61' title="bbox 1066 1748 1860 1787">
    <p class='ocr_par' dir='ltr' id='par_1_61' title="bbox 1066 1748 1860 1787">
     <span class='ocr_line' id='line_1_61' title="bbox 1066 1748 1860 1787; baseline 0.003 -11"><span class='ocrx_word' id='word_1_512' title='bbox 1066 1748 1126 1777; x_wconf 88' lang='lat' dir='ltr'><strong>Dei.</strong></span> <span class='ocrx_word' id='word_1_513' title='bbox 1141 1749 1242 1777; x_wconf 77' lang='lat' dir='ltr'><strong>Mirum</strong></span> <span class='ocrx_word' id='word_1_514' title='bbox 1259 1750 1384 1785; x_wconf 86' lang='lat' dir='ltr'><strong>profecto</strong></span> <span class='ocrx_word' id='word_1_515' title='bbox 1399 1756 1459 1783; x_wconf 86' lang='lat' dir='ltr'><strong>est,</strong></span> <span class='ocrx_word' id='word_1_516' title='bbox 1474 1751 1549 1786; x_wconf 90' lang='lat' dir='ltr'><strong>quod</strong></span> <span class='ocrx_word' id='word_1_517' title='bbox 1565 1759 1621 1779; x_wconf 92' lang='lat' dir='ltr'><strong>non</strong></span> <span class='ocrx_word' id='word_1_518' title='bbox 1638 1752 1722 1787; x_wconf 89' lang='lat' dir='ltr'><strong>pudet</strong></span> <span class='ocrx_word' id='word_1_519' title='bbox 1735 1760 1784 1780; x_wconf 89' lang='lat' dir='ltr'><strong>eos</strong></span> <span class='ocrx_word' id='word_1_520' title='bbox 1799 1752 1860 1779; x_wconf 85' lang='lat' dir='ltr'><strong>dia-</strong></span> 
     </span>
    </p>
   </div>
   <div class='ocr_carea' id='block_1_62' title="bbox 1065 1794 1857 1833">
    <p class='ocr_par' dir='ltr' id='par_1_62' title="bbox 1065 1794 1857 1833">
     <span class='ocr_line' id='line_1_62' title="bbox 1065 1794 1857 1833; baseline 0.005 -11"><span class='ocrx_word' id='word_1_521' title='bbox 1065 1794 1171 1829; x_wconf 88' lang='lat' dir='ltr'><strong>bolum,</strong></span> <span class='ocrx_word' id='word_1_522' title='bbox 1187 1796 1286 1823; x_wconf 72' lang='lat' dir='ltr'><strong>cmlum</strong></span> <span class='ocrx_word' id='word_1_523' title='bbox 1305 1801 1475 1832; x_wconf 83' lang='lat' dir='ltr'><strong>terramque,</strong></span> <span class='ocrx_word' id='word_1_524' title='bbox 1491 1805 1552 1833; x_wconf 77' lang='lat' dir='ltr'><strong>quae</strong></span> <span class='ocrx_word' id='word_1_525' title='bbox 1566 1798 1659 1826; x_wconf 89' lang='lat' dir='ltr'><strong>omnia</strong></span> <span class='ocrx_word' id='word_1_526' title='bbox 1675 1802 1767 1826; x_wconf 89' lang='lat' dir='ltr'><strong>creata</strong></span> <span class='ocrx_word' id='word_1_527' title='bbox 1782 1803 1857 1830; x_wconf 86' lang='lat' dir='ltr'><strong>sunt,</strong></span> 
     </span>
    </p>
   </div>
   <div class='ocr_carea' id='block_1_63' title="bbox 222 1840 1859 1886">
    <p class='ocr_par' dir='ltr' id='par_1_63' title="bbox 222 1840 1859 1886">
     <span class='ocr_line' id='line_1_63' title="bbox 222 1840 1859 1886; baseline -0.007 -4"><span class='ocrx_word' id='word_1_528' title='bbox 222 1854 293 1882; x_wconf 81' lang='lat' dir='ltr'><strong>Filio</strong></span> <span class='ocrx_word' id='word_1_529' title='bbox 380 1840 535 1886; x_wconf 79' lang='lat' dir='ltr'><strong>antiquiora</strong></span> <span class='ocrx_word' id='word_1_530' title='bbox 559 1852 698 1875; x_wconf 86' lang='lat' dir='ltr'><strong>astruere.</strong></span> <span class='ocrx_word' id='word_1_531' title='bbox 720 1845 777 1873; x_wconf 91' lang='lat' dir='ltr'><strong>Sua</strong></span> <span class='ocrx_word' id='word_1_532' title='bbox 798 1844 910 1879; x_wconf 90' lang='lat' dir='ltr'><strong>quidem</strong></span> <span class='ocrx_word' id='word_1_533' title='bbox 933 1840 1076 1868; x_wconf 84' lang='lat' dir='ltr'><strong>creatione</strong></span> <span class='ocrx_word' id='word_1_534' title='bbox 1093 1842 1183 1869; x_wconf 91' lang='lat' dir='ltr'><strong>bonus</strong></span> <span class='ocrx_word' id='word_1_535' title='bbox 1200 1846 1261 1870; x_wconf 88' lang='lat' dir='ltr'><strong>erat</strong></span> <span class='ocrx_word' id='word_1_536' title='bbox 1279 1842 1410 1871; x_wconf 86' lang='lat' dir='ltr'><strong>diabolus</strong></span> <span class='ocrx_word' id='word_1_537' title='bbox 1428 1852 1434 1871; x_wconf 92' lang='lat'><strong>:</strong></span> <span class='ocrx_word' id='word_1_538' title='bbox 1451 1844 1527 1879; x_wconf 92' lang='lat' dir='ltr'><strong>quod</strong></span> <span class='ocrx_word' id='word_1_539' title='bbox 1545 1849 1635 1872; x_wconf 89' lang='lat' dir='ltr'><strong>autetn</strong></span> <span class='ocrx_word' id='word_1_540' title='bbox 1661 1851 1736 1871; x_wconf 90' lang='lat' dir='ltr'><strong>nunc</strong></span> <span class='ocrx_word' id='word_1_541' title='bbox 1752 1844 1859 1871; x_wconf 89' lang='lat' dir='ltr'><strong>ealutn.</strong></span> 
     </span>
    </p>
   </div>
   <div class='ocr_carea' id='block_1_64' title="bbox 222 1888 1859 1929">
    <p class='ocr_par' dir='ltr' id='par_1_64' title="bbox 222 1888 1859 1929">
     <span class='ocr_line' id='line_1_64' title="bbox 222 1888 1859 1929; baseline -0.007 0"><span class='ocrx_word' id='word_1_542' title='bbox 222 1903 314 1929; x_wconf 83' lang='lat' dir='ltr'><strong>uiator</strong></span> <span class='ocrx_word' id='word_1_543' title='bbox 330 1904 357 1927; x_wconf 91' lang='lat' dir='ltr'><strong>et</strong></span> <span class='ocrx_word' id='word_1_544' title='bbox 375 1899 464 1926; x_wconf 86' lang='lat' dir='ltr'><strong>malus</strong></span> <span class='ocrx_word' id='word_1_545' title='bbox 482 1901 537 1927; x_wconf 86' lang='lat' dir='ltr'><strong>est.</strong></span> <span class='ocrx_word' id='word_1_546' title='bbox 558 1896 585 1922; x_wconf 90' lang='lat' dir='ltr'><strong>id</strong></span> <span class='ocrx_word' id='word_1_547' title='bbox 619 1902 653 1922; x_wconf 75' lang='lat' dir='ltr'><strong>ex</strong></span> <span class='ocrx_word' id='word_1_548' title='bbox 688 1901 750 1922; x_wconf 83' lang='lat' dir='ltr'><strong>sese</strong></span> <span class='ocrx_word' id='word_1_549' title='bbox 767 1892 860 1920; x_wconf 86' lang='lat' dir='ltr'><strong>habet.</strong></span> <span class='ocrx_word' id='word_1_550' title='bbox 872 1900 881 1916; x_wconf 88' lang='grc'><strong>‹</strong></span> <span class='ocrx_word' id='word_1_551' title='bbox 903 1889 992 1923; x_wconf 87' lang='lat' dir='ltr'><strong>Super</strong></span> <span class='ocrx_word' id='word_1_552' title='bbox 1011 1888 1142 1923; x_wconf 86' lang='lat' dir='ltr'><strong>abyssum</strong></span> <span class='ocrx_word' id='word_1_553' title='bbox 1162 1898 1172 1916; x_wconf 74' lang='grc' dir='ltr'>ι</span> <span class='ocrx_word' id='word_1_554' title='bbox 1192 1889 1299 1924; x_wconf 90' lang='lat' dir='ltr'><strong>inquit,</strong></span> <span class='ocrx_word' id='word_1_555' title='bbox 1316 1892 1390 1926; x_wconf 89' lang='lat' dir='ltr'><strong>quod</strong></span> <span class='ocrx_word' id='word_1_556' title='bbox 1409 1893 1534 1928; x_wconf 87' lang='lat' dir='ltr'><strong>undique</strong></span> <span class='ocrx_word' id='word_1_557' title='bbox 1550 1892 1746 1920; x_wconf 87' lang='lat' dir='ltr'><strong>continebatur</strong></span> <span class='ocrx_word' id='word_1_558' title='bbox 1761 1893 1796 1920; x_wconf 89' lang='lat' dir='ltr'><strong>ab</strong></span> <span class='ocrx_word' id='word_1_559' title='bbox 1814 1893 1859 1920; x_wconf 75' lang='lat' dir='ltr'><strong>his</strong></span> 
     </span>
    </p>
   </div>
   <div class='ocr_carea' id='block_1_65' title="bbox 222 1935 1855 1985">
    <p class='ocr_par' dir='ltr' id='par_1_65' title="bbox 222 1935 1855 1985">
     <span class='ocr_line' id='line_1_65' title="bbox 222 1935 1855 1985; baseline -0.006 -9"><span class='ocrx_word' id='word_1_560' title='bbox 222 1957 285 1985; x_wconf 75' lang='lat' dir='ltr'><strong>quae</strong></span> <span class='ocrx_word' id='word_1_561' title='bbox 299 1946 412 1975; x_wconf 86' lang='lat' dir='ltr'><strong>condita</strong></span> <span class='ocrx_word' id='word_1_562' title='bbox 426 1949 518 1976; x_wconf 85' lang='lat' dir='ltr'><strong>erant,</strong></span> <span class='ocrx_word' id='word_1_563' title='bbox 531 1943 618 1971; x_wconf 77' lang='lat' dir='ltr'><strong>sicuti</strong></span> <span class='ocrx_word' id='word_1_564' title='bbox 633 1946 727 1969; x_wconf 84' lang='lat' dir='ltr'><strong>monet</strong></span> <span class='ocrx_word' id='word_1_565' title='bbox 746 1939 886 1968; x_wconf 86' lang='lat' dir='ltr'><strong>articulus</strong></span> <span class='ocrx_word' id='word_1_566' title='bbox 900 1937 961 1972; x_wconf 83' lang='grc' dir='ltr'>τῆς,</span> <span class='ocrx_word' id='word_1_567' title='bbox 974 1935 1053 1985; x_wconf 77' lang='lat' dir='ltr'><strong>idest</strong></span> <span class='ocrx_word' id='word_1_568' title='bbox 1064 1936 1136 1964; x_wconf 88' lang='lat' dir='ltr'><strong>hanc</strong></span> <span class='ocrx_word' id='word_1_569' title='bbox 1146 1957 1155 1969; x_wconf 69' lang='grc' dir='ltr'><strong>ν</strong></span> <span class='ocrx_word' id='word_1_570' title='bbox 1171 1939 1254 1967; x_wconf 84' lang='lat' dir='ltr'><strong>sicuti</strong></span> <span class='ocrx_word' id='word_1_571' title='bbox 1272 1944 1299 1967; x_wconf 91' lang='lat' dir='ltr'><strong>ct</strong></span> <span class='ocrx_word' id='word_1_572' title='bbox 1315 1940 1344 1967; x_wconf 91' lang='lat' dir='ltr'><strong>in</strong></span> <span class='ocrx_word' id='word_1_573' title='bbox 1354 1940 1406 1968; x_wconf 88' lang='lat' dir='ltr'><strong>hoc</strong></span> <span class='ocrx_word' id='word_1_574' title='bbox 1423 1940 1483 1967; x_wconf 86' lang='lat' dir='ltr'><strong>loco</strong></span> <span class='ocrx_word' id='word_1_575' title='bbox 1502 1949 1523 1967; x_wconf 74' lang='grc' dir='ltr'><strong>ει</strong></span> <span class='ocrx_word' id='word_1_576' title='bbox 1533 1940 1625 1976; x_wconf 88' lang='lat' dir='ltr'><strong>Supra</strong></span> <span class='ocrx_word' id='word_1_577' title='bbox 1634 1940 1707 1968; x_wconf 87' lang='lat' dir='ltr'><strong>hanc</strong></span> <span class='ocrx_word' id='word_1_578' title='bbox 1725 1948 1855 1976; x_wconf 66' lang='lat' dir='ltr'><strong>aquam.»</strong></span> 
     </span>
    </p>
   </div>
   <div class='ocr_carea' id='block_1_66' title="bbox 222 1982 1584 2028">
    <p class='ocr_par' dir='ltr' id='par_1_66' title="bbox 222 1982 1584 2028">
     <span class='ocr_line' id='line_1_66' title="bbox 222 1982 1584 2028; baseline -0.007 -4"><span class='ocrx_word' id='word_1_579' title='bbox 222 1982 291 2025; x_wconf 46' lang='lat' dir='ltr'><strong>liam</strong></span> <span class='ocrx_word' id='word_1_580' title='bbox 310 1994 456 2023; x_wconf 86' lang='lat' dir='ltr'><strong>continens</strong></span> <span class='ocrx_word' id='word_1_581' title='bbox 475 1991 612 2028; x_wconf 81' lang='lat' dir='ltr'><strong>accipitur</strong></span> <span class='ocrx_word' id='word_1_582' title='bbox 630 1996 680 2023; x_wconf 93' lang='lat' dir='ltr'><strong>pro</strong></span> <span class='ocrx_word' id='word_1_583' title='bbox 698 1990 841 2020; x_wconf 87' lang='lat' dir='ltr'><strong>contento,</strong></span> <span class='ocrx_word' id='word_1_584' title='bbox 861 1984 934 2021; x_wconf 87' lang='lat' dir='ltr'><strong>quod</strong></span> <span class='ocrx_word' id='word_1_585' title='bbox 950 1982 1102 2017; x_wconf 73' lang='lat' dir='ltr'><strong>Scriptum</strong></span> <span class='ocrx_word' id='word_1_586' title='bbox 1116 1993 1202 2014; x_wconf 59' lang='lat' dir='ltr'><strong>sacra:</strong></span> <span class='ocrx_word' id='word_1_587' title='bbox 1218 1987 1366 2015; x_wconf 88' lang='lat' dir='ltr'><strong>adtnodum</strong></span> <span class='ocrx_word' id='word_1_588' title='bbox 1383 1987 1518 2015; x_wconf 78' lang='lat' dir='ltr'><strong>familiare</strong></span> <span class='ocrx_word' id='word_1_589' title='bbox 1532 1991 1584 2015; x_wconf 81' lang='lat' dir='ltr'><strong>est.</strong></span> 
     </span>
    </p>
   </div>
   <div class='ocr_carea' id='block_1_67' title="bbox 257 2053 1012 2096">
    <p class='ocr_par' dir='ltr' id='par_1_67' title="bbox 257 2054 1011 2096">
     <span class='ocr_line' id='line_1_67' title="bbox 257 2054 1011 2096; baseline -0.015 -6"><span class='ocrx_word' id='word_1_590' title='bbox 257 2063 311 2091; x_wconf 80' lang='lat' dir='ltr'><strong>Kal</strong></span> <span class='ocrx_word' id='word_1_591' title='bbox 325 2061 444 2096; x_wconf 76' lang='grc' dir='ltr'>πνεῦμα</span> <span class='ocrx_word' id='word_1_592' title='bbox 456 2060 530 2088; x_wconf 86' lang='grc' dir='ltr'><strong>Θεοῦ</strong></span> <span class='ocrx_word' id='word_1_593' title='bbox 542 2058 703 2093; x_wconf 71' lang='grc' dir='ltr'>ἐπεφέρετο</span> <span class='ocrx_word' id='word_1_594' title='bbox 713 2057 814 2084; x_wconf 78' lang='grc' dir='ltr'>ἐπάνω</span> <span class='ocrx_word' id='word_1_595' title='bbox 823 2055 877 2083; x_wconf 82' lang='grc' dir='ltr'><strong>τοῦ</strong></span> <span class='ocrx_word' id='word_1_596' title='bbox 891 2054 1011 2086; x_wconf 82' lang='grc' dir='ltr'>ὕδατος.</span> 
     </span>
    </p>
   </div>
   <div class='ocr_carea' id='block_1_68' title="bbox 1064 2053 1857 2096">
    <p class='ocr_par' dir='ltr' id='par_1_68' title="bbox 1100 2053 1857 2091">
     <span class='ocr_line' id='line_1_68' title="bbox 1100 2053 1857 2091; baseline 0.003 -10"><span class='ocrx_word' id='word_1_597' title='bbox 1100 2053 1136 2080; x_wconf 83' lang='lat' dir='ltr'><strong>Et</strong></span> <span class='ocrx_word' id='word_1_598' title='bbox 1156 2057 1267 2090; x_wconf 73' lang='lat' dir='ltr'><strong>spiritus</strong></span> <span class='ocrx_word' id='word_1_599' title='bbox 1287 2055 1336 2083; x_wconf 80' lang='lat' dir='ltr'><strong>Dei</strong></span> <span class='ocrx_word' id='word_1_600' title='bbox 1357 2056 1475 2083; x_wconf 83' lang='lat' dir='ltr'><strong>movebat</strong></span> <span class='ocrx_word' id='word_1_601' title='bbox 1499 2064 1526 2083; x_wconf 73' lang='lat' dir='ltr'><strong>se</strong></span> <span class='ocrx_word' id='word_1_602' title='bbox 1549 2065 1629 2090; x_wconf 72' lang='lat' dir='ltr'><strong>super</strong></span> <span class='ocrx_word' id='word_1_603' title='bbox 1648 2057 1746 2091; x_wconf 77' lang='lat' dir='ltr'><strong>faciem</strong></span> <span class='ocrx_word' id='word_1_604' title='bbox 1772 2065 1857 2091; x_wconf 79' lang='lat' dir='ltr'><strong>aqua-</strong></span> 
     </span>
    </p>
   </div>
   <div class='ocr_carea' id='block_1_69' title="bbox 220 2098 1014 2144">
    <p class='ocr_par' dir='ltr' id='par_1_69' title="bbox 220 2098 1014 2144">
     <span class='ocr_line' id='line_1_69' title="bbox 220 2098 1014 2144; baseline -0.015 -8"><span class='ocrx_word' id='word_1_605' title='bbox 220 2111 253 2137; x_wconf 89' lang='lat' dir='ltr'><strong>Ol.</strong></span> <span class='ocrx_word' id='word_1_606' title='bbox 271 2109 321 2144; x_wconf 85' lang='grc' dir='ltr'><strong>μέν</strong></span> <span class='ocrx_word' id='word_1_607' title='bbox 345 2116 411 2143; x_wconf 81' lang='grc' dir='ltr'>φασι</span> <span class='ocrx_word' id='word_1_608' title='bbox 425 2107 455 2133; x_wconf 77' lang='grc' dir='ltr'>τὸ</span> <span class='ocrx_word' id='word_1_609' title='bbox 469 2105 582 2141; x_wconf 81' lang='grc' dir='ltr'><strong>Πνεῦμα</strong></span> <span class='ocrx_word' id='word_1_610' title='bbox 598 2106 629 2131; x_wconf 82' lang='grc' dir='ltr'>τὸ</span> <span class='ocrx_word' id='word_1_611' title='bbox 642 2104 721 2138; x_wconf 69' lang='grc' dir='ltr'>ἅγιον</span> <span class='ocrx_word' id='word_1_612' title='bbox 733 2111 741 2118; x_wconf 88' lang='grc'><strong>·</strong></span> <span class='ocrx_word' id='word_1_613' title='bbox 756 2102 817 2129; x_wconf 78' lang='grc' dir='ltr'>ὅθεν</span> <span class='ocrx_word' id='word_1_614' title='bbox 832 2098 1014 2136; x_wconf 86' lang='grc' dir='ltr'>προσκεῖσθαι</span> 
     </span>
    </p>
   </div>
   <div class='ocr_carea' id='block_1_70' title="bbox 222 2145 1015 2187">
    <p class='ocr_par' dir='ltr' id='par_1_70' title="bbox 222 2145 1015 2187">
     <span class='ocr_line' id='line_1_70' title="bbox 222 2145 1015 2187; baseline -0.016 -4"><span class='ocrx_word' id='word_1_615' title='bbox 222 2156 271 2183; x_wconf 73' lang='grc' dir='ltr'><strong>καὶ</strong></span> <span class='ocrx_word' id='word_1_616' title='bbox 282 2155 313 2182; x_wconf 82' lang='grc' dir='ltr'><strong>τδ</strong></span> <span class='ocrx_word' id='word_1_617' title='bbox 324 2164 333 2180; x_wconf 75' lang='grc' dir='ltr'>ι</span> <span class='ocrx_word' id='word_1_618' title='bbox 351 2153 429 2186; x_wconf 82' lang='grc' dir='ltr'>Θεοῦ,</span> <span class='ocrx_word' id='word_1_619' title='bbox 447 2162 457 2179; x_wconf 71' lang='grc' dir='ltr'>ι</span> <span class='ocrx_word' id='word_1_620' title='bbox 473 2153 542 2187; x_wconf 84' lang='grc' dir='ltr'>ὅπερ</span> <span class='ocrx_word' id='word_1_621' title='bbox 554 2151 602 2177; x_wconf 71' lang='grc' dir='ltr'><strong>ἐπὶ</strong></span> <span class='ocrx_word' id='word_1_622' title='bbox 618 2150 699 2186; x_wconf 79' lang='grc' dir='ltr'>μόνον</span> <span class='ocrx_word' id='word_1_623' title='bbox 708 2148 754 2175; x_wconf 83' lang='grc' dir='ltr'><strong>τοῦ</strong></span> <span class='ocrx_word' id='word_1_624' title='bbox 764 2148 843 2182; x_wconf 80' lang='grc' dir='ltr'>ἁγίου</span> <span class='ocrx_word' id='word_1_625' title='bbox 856 2145 1015 2180; x_wconf 83' lang='grc' dir='ltr'>Πνεύματος</span> 
     </span>
    </p>
   </div>
   <div class='ocr_carea' id='block_1_71' title="bbox 222 2190 1015 2235">
    <p class='ocr_par' dir='ltr' id='par_1_71' title="bbox 222 2190 1015 2235">
     <span class='ocr_line' id='line_1_71' title="bbox 222 2190 1015 2235; baseline -0.015 -7"><span class='ocrx_word' id='word_1_626' title='bbox 222 2190 361 2235; x_wconf 56' lang='grc' dir='ltr'>λέγεσθαιξ</span> <span class='ocrx_word' id='word_1_627' title='bbox 385 2198 514 2225; x_wconf 84' lang='grc' dir='ltr'>Τοιοῦτόν</span> <span class='ocrx_word' id='word_1_628' title='bbox 535 2206 563 2223; x_wconf 90' lang='grc' dir='ltr'><strong>τι</strong></span> <span class='ocrx_word' id='word_1_629' title='bbox 588 2196 642 2231; x_wconf 82' lang='grc' dir='ltr'><strong>γὰρ</strong></span> <span class='ocrx_word' id='word_1_630' title='bbox 666 2193 866 2230; x_wconf 69' lang='grc' dir='ltr'>ὑποσημαίνειν</span> <span class='ocrx_word' id='word_1_631' title='bbox 885 2192 936 2228; x_wconf 80' lang='grc' dir='ltr'>τὴν</span> <span class='ocrx_word' id='word_1_632' title='bbox 961 2191 1015 2217; x_wconf 83' lang='grc' dir='ltr'>τῶν</span> 
     </span>
    </p>
   </div>
   <div class='ocr_carea' id='block_1_72' title="bbox 230 2236 1015 2281">
    <p class='ocr_par' dir='ltr' id='par_1_72' title="bbox 230 2236 1015 2281">
     <span class='ocr_line' id='line_1_72' title="bbox 230 2236 1015 2281; baseline -0.014 -8"><span class='ocrx_word' id='word_1_633' title='bbox 230 2245 367 2281; x_wconf 80' lang='grc' dir='ltr'>Ἑϐραίων</span> <span class='ocrx_word' id='word_1_634' title='bbox 381 2244 474 2279; x_wconf 74' lang='grc' dir='ltr'>φωνὴν</span> <span class='ocrx_word' id='word_1_635' title='bbox 489 2242 519 2269; x_wconf 81' lang='grc' dir='ltr'><strong>τὸ</strong></span> <span class='ocrx_word' id='word_1_636' title='bbox 530 2242 613 2269; x_wconf 78' lang='grc' dir='ltr'>οἱονεὶ</span> <span class='ocrx_word' id='word_1_637' title='bbox 623 2240 737 2268; x_wconf 83' lang='grc' dir='ltr'>θάλπειν</span> <span class='ocrx_word' id='word_1_638' title='bbox 751 2239 859 2276; x_wconf 78' lang='grc' dir='ltr'>δρνιθος</span> <span class='ocrx_word' id='word_1_639' title='bbox 873 2238 952 2273; x_wconf 87' lang='grc' dir='ltr'>δίκην</span> <span class='ocrx_word' id='word_1_640' title='bbox 966 2236 1015 2263; x_wconf 72' lang='grc' dir='ltr'><strong>καὶ</strong></span> 
     </span>
    </p>
   </div>
   <div class='ocr_carea' id='block_1_73' title="bbox 223 2282 1014 2326">
    <p class='ocr_par' dir='ltr' id='par_1_73' title="bbox 223 2282 1014 2326">
     <span class='ocr_line' id='line_1_73' title="bbox 223 2282 1014 2326; baseline -0.014 -7"><span class='ocrx_word' id='word_1_641' title='bbox 223 2293 309 2319; x_wconf 81' lang='grc' dir='ltr'>κινεῖν</span> <span class='ocrx_word' id='word_1_642' title='bbox 330 2290 397 2326; x_wconf 81' lang='grc' dir='ltr'>πρὸς</span> <span class='ocrx_word' id='word_1_643' title='bbox 416 2288 564 2323; x_wconf 76' lang='grc' dir='ltr'>ζωογονίαν</span> <span class='ocrx_word' id='word_1_644' title='bbox 585 2287 616 2314; x_wconf 88' lang='grc' dir='ltr'><strong>τδ</strong></span> <span class='ocrx_word' id='word_1_645' title='bbox 630 2287 703 2322; x_wconf 75' lang='grc' dir='ltr'>ὕδωρ</span> <span class='ocrx_word' id='word_1_646' title='bbox 717 2294 725 2301; x_wconf 92' lang='grc'><strong>·</strong></span> <span class='ocrx_word' id='word_1_647' title='bbox 741 2285 779 2317; x_wconf 86' lang='grc' dir='ltr'>ὡς</span> <span class='ocrx_word' id='word_1_648' title='bbox 795 2285 829 2312; x_wconf 79' lang='grc' dir='ltr'><strong>ἂν</strong></span> <span class='ocrx_word' id='word_1_649' title='bbox 851 2283 945 2319; x_wconf 85' lang='grc' dir='ltr'>δειχθῇ</span> <span class='ocrx_word' id='word_1_650' title='bbox 959 2282 1014 2309; x_wconf 84' lang='grc' dir='ltr'>τῶν</span> 
     </span>
    </p>
   </div>
   <div class='ocr_carea' id='block_1_74' title="bbox 223 2328 1014 2372">
    <p class='ocr_par' dir='ltr' id='par_1_74' title="bbox 223 2328 1014 2372">
     <span class='ocr_line' id='line_1_74' title="bbox 223 2328 1014 2372; baseline -0.013 -8"><span class='ocrx_word' id='word_1_651' title='bbox 223 2337 364 2372; x_wconf 81' lang='grc' dir='ltr'>στοιχείων</span> <span class='ocrx_word' id='word_1_652' title='bbox 371 2337 389 2370; x_wconf 80' lang='grc' dir='ltr'>ἡ</span> <span class='ocrx_word' id='word_1_653' title='bbox 398 2335 478 2370; x_wconf 82' lang='grc' dir='ltr'>φύσις</span> <span class='ocrx_word' id='word_1_654' title='bbox 490 2334 574 2369; x_wconf 83' lang='grc' dir='ltr'>μηδὲν</span> <span class='ocrx_word' id='word_1_655' title='bbox 583 2332 689 2359; x_wconf 79' lang='grc' dir='ltr'>οἴκοθεν</span> <span class='ocrx_word' id='word_1_656' title='bbox 698 2332 797 2366; x_wconf 74' lang='grc' dir='ltr'>ἔχουσα</span> <span class='ocrx_word' id='word_1_657' title='bbox 803 2329 872 2365; x_wconf 81' lang='grc' dir='ltr'>πρὸς</span> <span class='ocrx_word' id='word_1_658' title='bbox 880 2330 910 2356; x_wconf 84' lang='grc' dir='ltr'>τὸ</span> <span class='ocrx_word' id='word_1_659' title='bbox 922 2328 975 2364; x_wconf 81' lang='grc' dir='ltr'><strong>ἁμέ</strong></span> <span class='ocrx_word' id='word_1_660' title='bbox 979 2338 1014 2363; x_wconf 81' lang='grc' dir='ltr'>μ-</span> 
     </span>
    </p>
   </div>
   <div class='ocr_carea' id='block_1_75' title="bbox 223 2373 1013 2415">
    <p class='ocr_par' dir='ltr' id='par_1_75' title="bbox 223 2373 1013 2415">
     <span class='ocr_line' id='line_1_75' title="bbox 223 2373 1013 2415; baseline -0.014 -5"><span class='ocrx_word' id='word_1_661' title='bbox 223 2392 298 2415; x_wconf 78' lang='grc' dir='ltr'>πτως</span> <span class='ocrx_word' id='word_1_662' title='bbox 307 2383 356 2413; x_wconf 65' lang='grc' dir='ltr'><strong>τὰς</strong></span> <span class='ocrx_word' id='word_1_663' title='bbox 379 2382 447 2413; x_wconf 83' lang='grc' dir='ltr'>ιδίας</span> <span class='ocrx_word' id='word_1_664' title='bbox 460 2380 600 2415; x_wconf 81' lang='grc' dir='ltr'>ἐνεργείας</span> <span class='ocrx_word' id='word_1_665' title='bbox 612 2378 755 2405; x_wconf 78' lang='grc' dir='ltr'>ἀποτελεῖν</span> <span class='ocrx_word' id='word_1_666' title='bbox 766 2374 822 2403; x_wconf 77' lang='grc' dir='ltr'>οἷον</span> <span class='ocrx_word' id='word_1_667' title='bbox 838 2376 981 2409; x_wconf 77' lang='grc' dir='ltr'>ζωογονεῖν</span> <span class='ocrx_word' id='word_1_668' title='bbox 996 2373 1013 2408; x_wconf 83' lang='grc' dir='ltr'><strong>ἢ</strong></span> 
     </span>
    </p>
   </div>
   <div class='ocr_carea' id='block_1_76' title="bbox 222 2419 1014 2461">
    <p class='ocr_par' dir='ltr' id='par_1_76' title="bbox 222 2419 1014 2461">
     <span class='ocr_line' id='line_1_76' title="bbox 222 2419 1014 2461; baseline -0.013 -6"><span class='ocrx_word' id='word_1_669' title='bbox 222 2428 345 2455; x_wconf 74' lang='grc' dir='ltr'>θάλπειν·</span> <span class='ocrx_word' id='word_1_670' title='bbox 355 2427 483 2461; x_wconf 76' lang='grc' dir='ltr'>ὄπεροῦκ</span> <span class='ocrx_word' id='word_1_671' title='bbox 496 2425 574 2460; x_wconf 69' lang='grc' dir='ltr'>ἔσχεν</span> <span class='ocrx_word' id='word_1_672' title='bbox 591 2426 607 2459; x_wconf 86' lang='grc' dir='ltr'><strong>ή</strong></span> <span class='ocrx_word' id='word_1_673' title='bbox 616 2424 671 2450; x_wconf 87' lang='grc' dir='ltr'>τῶν</span> <span class='ocrx_word' id='word_1_674' title='bbox 687 2423 819 2457; x_wconf 84' lang='grc' dir='ltr'>Ἑλλήνων</span> <span class='ocrx_word' id='word_1_675' title='bbox 828 2422 871 2448; x_wconf 85' lang='grc' dir='ltr'><strong>διὰ</strong></span> <span class='ocrx_word' id='word_1_676' title='bbox 886 2421 950 2455; x_wconf 74' lang='grc' dir='ltr'>μιᾶς</span> <span class='ocrx_word' id='word_1_677' title='bbox 963 2419 1014 2453; x_wconf 79' lang='grc' dir='ltr'>τῆς</span> 
     </span>
    </p>
   </div>
   <div class='ocr_carea' id='block_1_77' title="bbox 221 2468 1013 2509">
    <p class='ocr_par' dir='ltr' id='par_1_77' title="bbox 221 2468 1013 2509">
     <span class='ocr_line' id='line_1_77' title="bbox 221 2468 1013 2509; baseline -0.009 -7"><span class='ocrx_word' id='word_1_678' title='bbox 221 2476 319 2508; x_wconf 78' lang='grc' dir='ltr'>λέξεως</span> <span class='ocrx_word' id='word_1_679' title='bbox 334 2473 508 2509; x_wconf 81' lang='grc' dir='ltr'>παραστῆσαι</span> <span class='ocrx_word' id='word_1_680' title='bbox 523 2472 610 2506; x_wconf 74' lang='grc' dir='ltr'>φωνὴ,</span> <span class='ocrx_word' id='word_1_681' title='bbox 622 2468 683 2497; x_wconf 79' lang='grc' dir='ltr'>εἶπε</span> <span class='ocrx_word' id='word_1_682' title='bbox 691 2471 731 2502; x_wconf 70' lang='grc' dir='ltr'>τὺ,</span> <span class='ocrx_word' id='word_1_683' title='bbox 745 2468 917 2503; x_wconf 72' lang='grc' dir='ltr'>ἐπεφέρετο,</span> <span class='ocrx_word' id='word_1_684' title='bbox 937 2468 1013 2503; x_wconf 78' lang='grc' dir='ltr'><strong>ῥῆμα</strong></span> 
     </span>
    </p>
   </div>
   <div class='ocr_carea' id='block_1_78' title="bbox 222 2514 1013 2553">
    <p class='ocr_par' dir='ltr' id='par_1_78' title="bbox 222 2514 1013 2553">
     <span class='ocr_line' id='line_1_78' title="bbox 222 2514 1013 2553; baseline -0.01 -6"><span class='ocrx_word' id='word_1_685' title='bbox 222 2522 295 2547; x_wconf 77' lang='grc' dir='ltr'>θείου</span> <span class='ocrx_word' id='word_1_686' title='bbox 305 2519 462 2553; x_wconf 70' lang='grc' dir='ltr'>Πνεῦμα-τος</span> <span class='ocrx_word' id='word_1_687' title='bbox 472 2519 542 2552; x_wconf 76' lang='grc' dir='ltr'>ἄγαν</span> <span class='ocrx_word' id='word_1_688' title='bbox 551 2517 703 2551; x_wconf 78' lang='grc' dir='ltr'>ἀλλότριον·</span> <span class='ocrx_word' id='word_1_689' title='bbox 713 2517 737 2542; x_wconf 88' lang='grc' dir='ltr'><strong>εί</strong></span> <span class='ocrx_word' id='word_1_690' title='bbox 746 2516 783 2551; x_wconf 88' lang='grc' dir='ltr'>μή</span> <span class='ocrx_word' id='word_1_691' title='bbox 790 2523 832 2546; x_wconf 88' lang='grc' dir='ltr'><strong>τις</strong></span> <span class='ocrx_word' id='word_1_692' title='bbox 839 2515 876 2546; x_wconf 84' lang='grc' dir='ltr'>ὡς</span> <span class='ocrx_word' id='word_1_693' title='bbox 885 2514 925 2546; x_wconf 80' lang='grc' dir='ltr'><strong>τὸ,</strong></span> <span class='ocrx_word' id='word_1_694' title='bbox 942 2515 1013 2540; x_wconf 81' lang='grc' dir='ltr'><strong>Κατ-</strong></span> 
     </span>
    </p>
   </div>
   <div class='ocr_carea' id='block_1_79' title="bbox 222 2559 1012 2598">
    <p class='ocr_par' dir='ltr' id='par_1_79' title="bbox 222 2559 1012 2598">
     <span class='ocr_line' id='line_1_79' title="bbox 222 2559 1012 2598; baseline -0.009 -7"><span class='ocrx_word' id='word_1_695' title='bbox 222 2567 274 2598; x_wconf 70' lang='grc' dir='ltr'>ἐϐη</span> <span class='ocrx_word' id='word_1_696' title='bbox 296 2567 310 2591; x_wconf 74' lang='grc' dir='ltr'>ὁ</span> <span class='ocrx_word' id='word_1_697' title='bbox 328 2564 394 2594; x_wconf 77' lang='grc' dir='ltr'>Θεὸς</span> <span class='ocrx_word' id='word_1_698' title='bbox 412 2564 459 2590; x_wconf 74' lang='grc' dir='ltr'><strong>καὶ</strong></span> <span class='ocrx_word' id='word_1_699' title='bbox 469 2563 561 2595; x_wconf 85' lang='grc' dir='ltr'>ἀνέϐη</span> <span class='ocrx_word' id='word_1_700' title='bbox 576 2563 623 2589; x_wconf 76' lang='grc' dir='ltr'><strong>καὶ</strong></span> <span class='ocrx_word' id='word_1_701' title='bbox 635 2561 814 2596; x_wconf 75' lang='grc' dir='ltr'>περιεπάτει,</span> <span class='ocrx_word' id='word_1_702' title='bbox 831 2561 879 2587; x_wconf 75' lang='grc' dir='ltr'><strong>καὶ</strong></span> <span class='ocrx_word' id='word_1_703' title='bbox 898 2559 932 2586; x_wconf 86' lang='grc' dir='ltr'>τὰ</span> <span class='ocrx_word' id='word_1_704' title='bbox 955 2567 1012 2585; x_wconf 93' lang='grc' dir='ltr'>τοι-</span> 
     </span>
    </p>
   </div>
   <div class='ocr_carea' id='block_1_80' title="bbox 222 2603 1013 2642">
    <p class='ocr_par' dir='ltr' id='par_1_80' title="bbox 222 2603 1013 2642">
     <span class='ocr_line' id='line_1_80' title="bbox 222 2603 1013 2642; baseline -0.01 -6"><span class='ocrx_word' id='word_1_705' title='bbox 222 2609 303 2640; x_wconf 84' lang='grc' dir='ltr'>αῦτα,</span> <span class='ocrx_word' id='word_1_706' title='bbox 323 2609 370 2635; x_wconf 70' lang='grc' dir='ltr'><strong>καὶ</strong></span> <span class='ocrx_word' id='word_1_707' title='bbox 383 2608 462 2634; x_wconf 86' lang='grc' dir='ltr'>τοῦτο</span> <span class='ocrx_word' id='word_1_708' title='bbox 478 2608 612 2642; x_wconf 81' lang='grc' dir='ltr'>νοήσειεν.</span> <span class='ocrx_word' id='word_1_709' title='bbox 629 2607 661 2633; x_wconf 79' lang='grc' dir='ltr'><strong>Οἱ</strong></span> <span class='ocrx_word' id='word_1_710' title='bbox 674 2606 713 2636; x_wconf 75' lang='grc' dir='ltr'><strong>δὲ,</strong></span> <span class='ocrx_word' id='word_1_711' title='bbox 725 2605 805 2632; x_wconf 84' lang='grc' dir='ltr'>τοῦτο</span> <span class='ocrx_word' id='word_1_712' title='bbox 823 2605 872 2640; x_wconf 84' lang='grc' dir='ltr'><strong>μὲν</strong></span> <span class='ocrx_word' id='word_1_713' title='bbox 885 2603 1013 2630; x_wconf 81' lang='grc' dir='ltr'>ἀπεδοκί-</span> 
     </span>
    </p>
   </div>
   <div class='ocr_carea' id='block_1_81' title="bbox 223 2651 1011 2691">
    <p class='ocr_par' dir='ltr' id='par_1_81' title="bbox 223 2651 1011 2691">
     <span class='ocr_line' id='line_1_81' title="bbox 223 2651 1011 2691; baseline -0.006 -8"><span class='ocrx_word' id='word_1_714' title='bbox 223 2663 324 2691; x_wconf 69' lang='grc' dir='ltr'>μασαν</span> <span class='ocrx_word' id='word_1_715' title='bbox 333 2656 371 2690; x_wconf 78' lang='grc' dir='ltr'>μὴ</span> <span class='ocrx_word' id='word_1_716' title='bbox 383 2656 437 2690; x_wconf 68' lang='grc' dir='ltr'><strong>γὰρ</strong></span> <span class='ocrx_word' id='word_1_717' title='bbox 449 2655 503 2681; x_wconf 85' lang='grc' dir='ltr'>δεῖν</span> <span class='ocrx_word' id='word_1_718' title='bbox 511 2655 544 2689; x_wconf 82' lang='grc' dir='ltr'><strong>τῇ</strong></span> <span class='ocrx_word' id='word_1_719' title='bbox 556 2654 644 2681; x_wconf 81' lang='grc' dir='ltr'>κτίσει</span> <span class='ocrx_word' id='word_1_720' title='bbox 655 2652 882 2688; x_wconf 76' lang='grc' dir='ltr'>συναριθμεῖσθαι</span> <span class='ocrx_word' id='word_1_721' title='bbox 892 2651 923 2678; x_wconf 84' lang='grc' dir='ltr'><strong>τδ</strong></span> <span class='ocrx_word' id='word_1_722' title='bbox 934 2652 1011 2679; x_wconf 68' lang='lat' dir='ltr'><strong>dxtr-</strong></span> 
     </span>
    </p>
   </div>
   <div class='ocr_carea' id='block_1_82' title="bbox 221 2696 1008 2736">
    <p class='ocr_par' dir='ltr' id='par_1_82' title="bbox 221 2696 1008 2736">
     <span class='ocr_line' id='line_1_82' title="bbox 221 2696 1008 2736; baseline -0.006 -8"><span class='ocrx_word' id='word_1_723' title='bbox 221 2710 283 2728; x_wconf 78' lang='grc' dir='ltr'>στσν</span> <span class='ocrx_word' id='word_1_724' title='bbox 295 2709 303 2716; x_wconf 77' lang='grc' dir='ltr'><strong><em>ο</em></strong></span> <span class='ocrx_word' id='word_1_725' title='bbox 317 2701 430 2736; x_wconf 83' lang='grc' dir='ltr'>Πνεῦμα</span> <span class='ocrx_word' id='word_1_726' title='bbox 442 2700 470 2726; x_wconf 78' lang='grc' dir='ltr'>δὲ</span> <span class='ocrx_word' id='word_1_727' title='bbox 485 2700 552 2726; x_wconf 74' lang='grc' dir='ltr'>Θεοῦ</span> <span class='ocrx_word' id='word_1_728' title='bbox 563 2700 608 2725; x_wconf 81' lang='grc' dir='ltr'>τὸν</span> <span class='ocrx_word' id='word_1_729' title='bbox 616 2699 685 2734; x_wconf 75' lang='grc' dir='ltr'>ἀέρα</span> <span class='ocrx_word' id='word_1_730' title='bbox 704 2698 847 2733; x_wconf 73' lang='grc' dir='ltr'>σημαίνειν</span> <span class='ocrx_word' id='word_1_731' title='bbox 863 2696 1008 2724; x_wconf 78' lang='grc' dir='ltr'>ὑπέλαϐον.</span> 
     </span>
    </p>
   </div>
   <div class='ocr_carea' id='block_1_83' title="bbox 222 2742 1009 2780">
    <p class='ocr_par' dir='ltr' id='par_1_83' title="bbox 222 2742 1009 2780">
     <span class='ocr_line' id='line_1_83' title="bbox 222 2742 1009 2780; baseline -0.005 -7"><span class='ocrx_word' id='word_1_732' title='bbox 222 2747 276 2773; x_wconf 79' lang='grc' dir='ltr'><strong>Καὶ</strong></span> <span class='ocrx_word' id='word_1_733' title='bbox 287 2747 332 2774; x_wconf 85' lang='grc' dir='ltr'>διὰ</span> <span class='ocrx_word' id='word_1_734' title='bbox 342 2747 381 2776; x_wconf 83' lang='grc' dir='ltr'>τί.</span> <span class='ocrx_word' id='word_1_735' title='bbox 395 2745 481 2777; x_wconf 84' lang='grc' dir='ltr'>Θεοῦ;</span> <span class='ocrx_word' id='word_1_736' title='bbox 492 2747 517 2772; x_wconf 83' lang='grc' dir='ltr'><strong>τί</strong></span> <span class='ocrx_word' id='word_1_737' title='bbox 528 2746 582 2780; x_wconf 78' lang='grc' dir='ltr'><strong>γὰρ</strong></span> <span class='ocrx_word' id='word_1_738' title='bbox 590 2745 643 2771; x_wconf 83' lang='grc' dir='ltr'>τῶν</span> <span class='ocrx_word' id='word_1_739' title='bbox 652 2744 754 2771; x_wconf 84' lang='grc' dir='ltr'>λοιπῶν</span> <span class='ocrx_word' id='word_1_740' title='bbox 763 2744 794 2770; x_wconf 83' lang='grc' dir='ltr'>οὐ</span> <span class='ocrx_word' id='word_1_741' title='bbox 805 2742 884 2776; x_wconf 86' lang='grc' dir='ltr'><strong>Θεοῦ;</strong></span> <span class='ocrx_word' id='word_1_742' title='bbox 900 2742 1009 2778; x_wconf 71' lang='grc' dir='ltr'>Ἐπειδὴ</span> 
     </span>
    </p>
   </div>
   <div class='ocr_carea' id='block_1_84' title="bbox 1066 2101 1856 2138">
    <p class='ocr_par' dir='ltr' id='par_1_84' title="bbox 1066 2101 1856 2138">
     <span class='ocr_line' id='line_1_84' title="bbox 1066 2101 1856 2138; baseline 0.005 -12"><span class='ocrx_word' id='word_1_743' title='bbox 1066 2109 1135 2127; x_wconf 88' lang='lat' dir='ltr'><strong>rum.</strong></span> <span class='ocrx_word' id='word_1_744' title='bbox 1151 2101 1269 2134; x_wconf 88' lang='lat' dir='ltr'><strong>Quidam</strong></span> <span class='ocrx_word' id='word_1_745' title='bbox 1285 2102 1381 2129; x_wconf 93' lang='lat' dir='ltr'><strong>volunt</strong></span> <span class='ocrx_word' id='word_1_746' title='bbox 1397 2102 1442 2129; x_wconf 88' lang='lat' dir='ltr'><strong>hic</strong></span> <span class='ocrx_word' id='word_1_747' title='bbox 1459 2102 1670 2138; x_wconf 76' lang='lat' dir='ltr'><strong>intelligendum</strong></span> <span class='ocrx_word' id='word_1_748' title='bbox 1687 2110 1750 2130; x_wconf 85' lang='lat' dir='ltr'><strong>esse</strong></span> <span class='ocrx_word' id='word_1_749' title='bbox 1765 2103 1856 2138; x_wconf 92' lang='lat' dir='ltr'><strong>Spiri-</strong></span> 
     </span>
    </p>
   </div>
   <div class='ocr_carea' id='block_1_85' title="bbox 1065 2147 1854 2183">
    <p class='ocr_par' dir='ltr' id='par_1_85' title="bbox 1065 2147 1854 2183">
     <span class='ocr_line' id='line_1_85' title="bbox 1065 2147 1854 2183; baseline 0.004 -10"><span class='ocrx_word' id='word_1_750' title='bbox 1065 2150 1123 2173; x_wconf 92' lang='lat' dir='ltr'><strong>tum</strong></span> <span class='ocrx_word' id='word_1_751' title='bbox 1141 2152 1285 2180; x_wconf 84' lang='lat' dir='ltr'><strong>sanetum,</strong></span> <span class='ocrx_word' id='word_1_752' title='bbox 1302 2147 1377 2183; x_wconf 91' lang='lat' dir='ltr'><strong>quod</strong></span> <span class='ocrx_word' id='word_1_753' title='bbox 1395 2148 1528 2182; x_wconf 74' lang='lat' dir='ltr'><strong>colligunt</strong></span> <span class='ocrx_word' id='word_1_754' title='bbox 1546 2148 1627 2180; x_wconf 80' lang='lat' dir='ltr'><strong>inde,</strong></span> <span class='ocrx_word' id='word_1_755' title='bbox 1644 2148 1710 2183; x_wconf 90' lang='lat' dir='ltr'><strong>quia</strong></span> <span class='ocrx_word' id='word_1_756' title='bbox 1728 2148 1831 2176; x_wconf 86' lang='lat' dir='ltr'><strong>dicitur</strong></span> <span class='ocrx_word' id='word_1_757' title='bbox 1847 2159 1854 2177; x_wconf 91' lang='lat'><strong>:</strong></span> 
     </span>
    </p>
   </div>
   <div class='ocr_carea' id='block_1_86' title="bbox 1068 2192 1856 2228">
    <p class='ocr_par' dir='ltr' id='par_1_86' title="bbox 1068 2192 1856 2228">
     <span class='ocr_line' id='line_1_86' title="bbox 1068 2192 1856 2228; baseline 0.005 -10"><span class='ocrx_word' id='word_1_758' title='bbox 1068 2202 1078 2218; x_wconf 84' lang='grc'><strong><em>‹</em></strong></span> <span class='ocrx_word' id='word_1_759' title='bbox 1095 2192 1215 2228; x_wconf 83' lang='lat' dir='ltr'><strong>Spiritus</strong></span> <span class='ocrx_word' id='word_1_760' title='bbox 1230 2193 1288 2224; x_wconf 88' lang='lat' dir='ltr'><strong>Dei,</strong></span> <span class='ocrx_word' id='word_1_761' title='bbox 1305 2202 1315 2219; x_wconf 72' lang='grc' dir='ltr'>ι</span> <span class='ocrx_word' id='word_1_762' title='bbox 1331 2193 1404 2228; x_wconf 92' lang='lat' dir='ltr'><strong>quod</strong></span> <span class='ocrx_word' id='word_1_763' title='bbox 1420 2193 1454 2220; x_wconf 89' lang='lat' dir='ltr'><strong>de</strong></span> <span class='ocrx_word' id='word_1_764' title='bbox 1468 2193 1529 2221; x_wconf 90' lang='lat' dir='ltr'><strong>solo</strong></span> <span class='ocrx_word' id='word_1_765' title='bbox 1546 2193 1653 2228; x_wconf 83' lang='lat' dir='ltr'><strong>Spiritu</strong></span> <span class='ocrx_word' id='word_1_766' title='bbox 1670 2198 1769 2221; x_wconf 90' lang='lat' dir='ltr'><strong>sancto</strong></span> <span class='ocrx_word' id='word_1_767' title='bbox 1784 2194 1856 2222; x_wconf 88' lang='lat' dir='ltr'><strong>dici-</strong></span> 
     </span>
    </p>
   </div>
   <div class='ocr_carea' id='block_1_87' title="bbox 1067 2239 1855 2277">
    <p class='ocr_par' dir='ltr' id='par_1_87' title="bbox 1067 2239 1855 2277">
     <span class='ocr_line' id='line_1_87' title="bbox 1067 2239 1855 2277; baseline 0.004 -11"><span class='ocrx_word' id='word_1_768' title='bbox 1067 2244 1119 2267; x_wconf 88' lang='lat' dir='ltr'><strong>tur.</strong></span> <span class='ocrx_word' id='word_1_769' title='bbox 1140 2239 1209 2267; x_wconf 82' lang='lat' dir='ltr'><strong>Nam</strong></span> <span class='ocrx_word' id='word_1_770' title='bbox 1232 2240 1365 2268; x_wconf 87' lang='lat' dir='ltr'><strong>Hebraica</strong></span> <span class='ocrx_word' id='word_1_771' title='bbox 1386 2249 1439 2268; x_wconf 78' lang='lat' dir='ltr'><strong>vox</strong></span> <span class='ocrx_word' id='word_1_772' title='bbox 1461 2241 1615 2276; x_wconf 75' lang='lat' dir='ltr'><strong>significat,</strong></span> <span class='ocrx_word' id='word_1_773' title='bbox 1636 2241 1718 2277; x_wconf 87' lang='lat' dir='ltr'><strong>qttasi</strong></span> <span class='ocrx_word' id='word_1_774' title='bbox 1734 2241 1855 2277; x_wconf 88' lang='lat' dir='ltr'><strong>Spiritus</strong></span> 
     </span>
    </p>
   </div>
   <div class='ocr_carea' id='block_1_88' title="bbox 1065 2285 1855 2324">
    <p class='ocr_par' dir='ltr' id='par_1_88' title="bbox 1065 2285 1855 2324">
     <span class='ocr_line' id='line_1_88' title="bbox 1065 2285 1855 2324; baseline 0.006 -12"><span class='ocrx_word' id='word_1_775' title='bbox 1065 2285 1191 2318; x_wconf 87' lang='lat' dir='ltr'><strong>incubet,</strong></span> <span class='ocrx_word' id='word_1_776' title='bbox 1216 2287 1319 2319; x_wconf 82' lang='lat' dir='ltr'><strong>foveat,</strong></span> <span class='ocrx_word' id='word_1_777' title='bbox 1342 2286 1432 2315; x_wconf 85' lang='lat' dir='ltr'><strong>instar</strong></span> <span class='ocrx_word' id='word_1_778' title='bbox 1453 2287 1523 2320; x_wconf 88' lang='lat' dir='ltr'><strong>avis,</strong></span> <span class='ocrx_word' id='word_1_779' title='bbox 1546 2295 1661 2323; x_wconf 91' lang='lat' dir='ltr'><strong>aquam,</strong></span> <span class='ocrx_word' id='word_1_780' title='bbox 1684 2296 1800 2324; x_wconf 88' lang='lat' dir='ltr'><strong>eamque</strong></span> <span class='ocrx_word' id='word_1_781' title='bbox 1822 2291 1855 2317; x_wconf 83' lang='lat' dir='ltr'><strong>ad</strong></span> 
     </span>
    </p>
   </div>
   <div class='ocr_carea' id='block_1_89' title="bbox 1065 2332 1856 2367">
    <p class='ocr_par' dir='ltr' id='par_1_89' title="bbox 1065 2332 1856 2367">
     <span class='ocr_line' id='line_1_89' title="bbox 1065 2332 1856 2367; baseline 0.008 -9"><span class='ocrx_word' id='word_1_782' title='bbox 1065 2332 1270 2366; x_wconf 75' lang='lat' dir='ltr'><strong>generationem</strong></span> <span class='ocrx_word' id='word_1_783' title='bbox 1286 2332 1447 2360; x_wconf 88' lang='lat' dir='ltr'><strong>animalium</strong></span> <span class='ocrx_word' id='word_1_784' title='bbox 1463 2338 1583 2361; x_wconf 87' lang='lat' dir='ltr'><strong>moveat.</strong></span> <span class='ocrx_word' id='word_1_785' title='bbox 1603 2333 1662 2367; x_wconf 87' lang='lat' dir='ltr'><strong>Qua</strong></span> <span class='ocrx_word' id='word_1_786' title='bbox 1678 2342 1708 2362; x_wconf 93' lang='lat' dir='ltr'><strong>re</strong></span> <span class='ocrx_word' id='word_1_787' title='bbox 1723 2336 1856 2364; x_wconf 89' lang='lat' dir='ltr'><strong>docemur</strong></span> 
     </span>
    </p>
   </div>
   <div class='ocr_carea' id='block_1_90' title="bbox 1064 2378 1856 2416">
    <p class='ocr_par' dir='ltr' id='par_1_90' title="bbox 1064 2378 1856 2416">
     <span class='ocr_line' id='line_1_90' title="bbox 1064 2378 1856 2416; baseline 0.006 -12"><span class='ocrx_word' id='word_1_788' title='bbox 1064 2378 1201 2405; x_wconf 87' lang='lat' dir='ltr'><strong>elementa</strong></span> <span class='ocrx_word' id='word_1_789' title='bbox 1215 2378 1319 2405; x_wconf 86' lang='lat' dir='ltr'><strong>nullam</strong></span> <span class='ocrx_word' id='word_1_790' title='bbox 1333 2378 1387 2405; x_wconf 91' lang='lat' dir='ltr'><strong>vim</strong></span> <span class='ocrx_word' id='word_1_791' title='bbox 1403 2383 1510 2411; x_wconf 86' lang='lat' dir='ltr'><strong>tenere,</strong></span> <span class='ocrx_word' id='word_1_792' title='bbox 1524 2383 1554 2406; x_wconf 91' lang='lat' dir='ltr'><strong>ut</strong></span> <span class='ocrx_word' id='word_1_793' title='bbox 1569 2380 1679 2414; x_wconf 83' lang='lat' dir='ltr'><strong>possint</strong></span> <span class='ocrx_word' id='word_1_794' title='bbox 1693 2381 1798 2416; x_wconf 83' lang='lat' dir='ltr'><strong>absque</strong></span> <span class='ocrx_word' id='word_1_795' title='bbox 1814 2390 1856 2409; x_wconf 93' lang='lat' dir='ltr'><strong>rc-</strong></span> 
     </span>
    </p>
   </div>
   <div class='ocr_carea' id='block_1_91' title="bbox 1064 2426 1853 2461">
    <p class='ocr_par' dir='ltr' id='par_1_91' title="bbox 1064 2426 1853 2461">
     <span class='ocr_line' id='line_1_91' title="bbox 1064 2426 1853 2461; baseline 0.005 -10"><span class='ocrx_word' id='word_1_796' title='bbox 1064 2426 1246 2460; x_wconf 88' lang='lat' dir='ltr'><strong>prehensione</strong></span> <span class='ocrx_word' id='word_1_797' title='bbox 1271 2433 1320 2461; x_wconf 89' lang='lat' dir='ltr'><strong>per</strong></span> <span class='ocrx_word' id='word_1_798' title='bbox 1344 2433 1375 2454; x_wconf 89' lang='lat' dir='ltr'><strong>se</strong></span> <span class='ocrx_word' id='word_1_799' title='bbox 1398 2434 1464 2453; x_wconf 83' lang='lat' dir='ltr'><strong>suas</strong></span> <span class='ocrx_word' id='word_1_800' title='bbox 1488 2427 1669 2461; x_wconf 82' lang='lat' dir='ltr'><strong>operationes</strong></span> <span class='ocrx_word' id='word_1_801' title='bbox 1694 2428 1853 2459; x_wconf 86' lang='lat' dir='ltr'><strong>absolvere,</strong></span> 
     </span>
    </p>
   </div>
   <div class='ocr_carea' id='block_1_92' title="bbox 1064 2472 1853 2507">
    <p class='ocr_par' dir='ltr' id='par_1_92' title="bbox 1064 2472 1853 2507">
     <span class='ocr_line' id='line_1_92' title="bbox 1064 2472 1853 2507; baseline 0.005 -10"><span class='ocrx_word' id='word_1_802' title='bbox 1064 2472 1170 2498; x_wconf 68' lang='lat' dir='ltr'><strong>scilicet</strong></span> <span class='ocrx_word' id='word_1_803' title='bbox 1187 2473 1318 2499; x_wconf 90' lang='lat' dir='ltr'><strong>animalia</strong></span> <span class='ocrx_word' id='word_1_804' title='bbox 1336 2480 1501 2507; x_wconf 86' lang='lat' dir='ltr'><strong>procreare,</strong></span> <span class='ocrx_word' id='word_1_805' title='bbox 1519 2476 1566 2499; x_wconf 90' lang='lat' dir='ltr'><strong>aut</strong></span> <span class='ocrx_word' id='word_1_806' title='bbox 1583 2473 1716 2501; x_wconf 84' lang='lat' dir='ltr'><strong>incubare</strong></span> <span class='ocrx_word' id='word_1_807' title='bbox 1734 2483 1740 2500; x_wconf 91' lang='lat'>:</span> <span class='ocrx_word' id='word_1_808' title='bbox 1759 2482 1853 2501; x_wconf 84' lang='lat' dir='ltr'><strong>verum</strong></span> 
     </span>
    </p>
   </div>
   <div class='ocr_carea' id='block_1_93' title="bbox 1064 2515 1853 2546">
    <p class='ocr_par' dir='ltr' id='par_1_93' title="bbox 1064 2515 1853 2546">
     <span class='ocr_line' id='line_1_93' title="bbox 1064 2515 1853 2546; baseline 0.003 -4"><span class='ocrx_word' id='word_1_809' title='bbox 1064 2515 1121 2542; x_wconf 70' lang='lat' dir='ltr'><strong>haec</strong></span> <span class='ocrx_word' id='word_1_810' title='bbox 1136 2515 1195 2542; x_wconf 84' lang='lat' dir='ltr'><strong>fieri</strong></span> <span class='ocrx_word' id='word_1_811' title='bbox 1211 2516 1304 2543; x_wconf 88' lang='lat' dir='ltr'><strong>omnia</strong></span> <span class='ocrx_word' id='word_1_812' title='bbox 1318 2517 1421 2543; x_wconf 89' lang='lat' dir='ltr'><strong>virtute</strong></span> <span class='ocrx_word' id='word_1_813' title='bbox 1435 2516 1543 2543; x_wconf 91' lang='lat' dir='ltr'><strong>divina.</strong></span> <span class='ocrx_word' id='word_1_814' title='bbox 1557 2517 1693 2545; x_wconf 63' lang='lat' dir='ltr'><strong>Caeterum</strong></span> <span class='ocrx_word' id='word_1_815' title='bbox 1710 2518 1788 2546; x_wconf 93' lang='lat' dir='ltr'><strong>nulla</strong></span> <span class='ocrx_word' id='word_1_816' title='bbox 1803 2527 1853 2545; x_wconf 74' lang='lat' dir='ltr'><strong>vox</strong></span> 
     </span>
    </p>
   </div>
   <div class='ocr_carea' id='block_1_94' title="bbox 1063 2561 1854 2599">
    <p class='ocr_par' dir='ltr' id='par_1_94' title="bbox 1063 2561 1854 2599">
     <span class='ocr_line' id='line_1_94' title="bbox 1063 2561 1854 2599; baseline 0.005 -12"><span class='ocrx_word' id='word_1_817' title='bbox 1063 2561 1157 2588; x_wconf 62' lang='lat' dir='ltr'><strong>Graeca</strong></span> <span class='ocrx_word' id='word_1_818' title='bbox 1173 2562 1263 2595; x_wconf 86' lang='lat' dir='ltr'><strong>potuit</strong></span> <span class='ocrx_word' id='word_1_819' title='bbox 1278 2569 1326 2589; x_wconf 89' lang='lat' dir='ltr'><strong>sua</strong></span> <span class='ocrx_word' id='word_1_820' title='bbox 1342 2562 1548 2595; x_wconf 76' lang='lat' dir='ltr'><strong>significatione</strong></span> <span class='ocrx_word' id='word_1_821' title='bbox 1562 2563 1614 2590; x_wconf 90' lang='lat' dir='ltr'><strong>ista</strong></span> <span class='ocrx_word' id='word_1_822' title='bbox 1630 2565 1750 2597; x_wconf 81' lang='lat' dir='ltr'><strong>perfecte</strong></span> <span class='ocrx_word' id='word_1_823' title='bbox 1762 2564 1854 2599; x_wconf 73' lang='lat' dir='ltr'><strong>expri-</strong></span> 
     </span>
    </p>
   </div>
   <div class='ocr_carea' id='block_1_95' title="bbox 1063 2606 1852 2644">
    <p class='ocr_par' dir='ltr' id='par_1_95' title="bbox 1063 2606 1852 2644">
     <span class='ocr_line' id='line_1_95' title="bbox 1063 2606 1852 2644; baseline 0.004 -11"><span class='ocrx_word' id='word_1_824' title='bbox 1063 2614 1148 2638; x_wconf 83' lang='lat' dir='ltr'><strong>mere,</strong></span> <span class='ocrx_word' id='word_1_825' title='bbox 1176 2613 1344 2641; x_wconf 85' lang='lat' dir='ltr'><strong>quapropter</strong></span> <span class='ocrx_word' id='word_1_826' title='bbox 1362 2607 1399 2634; x_wconf 86' lang='lat' dir='ltr'><strong>ait</strong></span> <span class='ocrx_word' id='word_1_827' title='bbox 1419 2616 1426 2634; x_wconf 85' lang='lat'><strong>:</strong></span> <span class='ocrx_word' id='word_1_828' title='bbox 1446 2606 1615 2639; x_wconf 77' lang='lat' dir='ltr'><strong>Ferebatur;</strong></span> <span class='ocrx_word' id='word_1_829' title='bbox 1645 2608 1717 2643; x_wconf 86' lang='lat' dir='ltr'><strong>quod</strong></span> <span class='ocrx_word' id='word_1_830' title='bbox 1740 2610 1852 2644; x_wconf 70' lang='lat' dir='ltr'><strong>quidem</strong></span> 
     </span>
    </p>
   </div>
   <div class='ocr_carea' id='block_1_96' title="bbox 1063 2652 1853 2689">
    <p class='ocr_par' dir='ltr' id='par_1_96' title="bbox 1063 2652 1853 2689">
     <span class='ocr_line' id='line_1_96' title="bbox 1063 2652 1853 2689; baseline 0.003 -10"><span class='ocrx_word' id='word_1_831' title='bbox 1063 2652 1183 2680; x_wconf 89' lang='lat' dir='ltr'><strong>alienum</strong></span> <span class='ocrx_word' id='word_1_832' title='bbox 1197 2657 1239 2680; x_wconf 77' lang='lat' dir='ltr'><strong>est</strong></span> <span class='ocrx_word' id='word_1_833' title='bbox 1250 2660 1264 2679; x_wconf 93' lang='lat' dir='ltr'><strong>a</strong></span> <span class='ocrx_word' id='word_1_834' title='bbox 1278 2652 1384 2688; x_wconf 90' lang='lat' dir='ltr'><strong>Spiritu</strong></span> <span class='ocrx_word' id='word_1_835' title='bbox 1398 2659 1506 2686; x_wconf 78' lang='lat' dir='ltr'><strong>sancto.</strong></span> <span class='ocrx_word' id='word_1_836' title='bbox 1519 2654 1572 2682; x_wconf 89' lang='lat' dir='ltr'><strong>nisi</strong></span> <span class='ocrx_word' id='word_1_837' title='bbox 1587 2654 1658 2681; x_wconf 92' lang='lat' dir='ltr'><strong>forte</strong></span> <span class='ocrx_word' id='word_1_838' title='bbox 1669 2655 1745 2688; x_wconf 84' lang='lat' dir='ltr'><strong>quis,</strong></span> <span class='ocrx_word' id='word_1_839' title='bbox 1758 2663 1853 2689; x_wconf 86' lang='lat' dir='ltr'><strong>quem-</strong></span> 
     </span>
    </p>
   </div>
   <div class='ocr_carea' id='block_1_97' title="bbox 1064 2697 1854 2733">
    <p class='ocr_par' dir='ltr' id='par_1_97' title="bbox 1064 2697 1854 2733">
     <span class='ocr_line' id='line_1_97' title="bbox 1064 2697 1854 2733; baseline 0.003 -9"><span class='ocrx_word' id='word_1_840' title='bbox 1064 2697 1211 2725; x_wconf 90' lang='lat' dir='ltr'><strong>admodum</strong></span> <span class='ocrx_word' id='word_1_841' title='bbox 1228 2698 1274 2724; x_wconf 93' lang='lat' dir='ltr'><strong>illa</strong></span> <span class='ocrx_word' id='word_1_842' title='bbox 1292 2707 1298 2725; x_wconf 89' lang='lat'>:</span> <span class='ocrx_word' id='word_1_843' title='bbox 1315 2698 1389 2733; x_wconf 79' lang='lat' dir='ltr'><strong>Deus</strong></span> <span class='ocrx_word' id='word_1_844' title='bbox 1417 2700 1551 2731; x_wconf 72' lang='lat' dir='ltr'><strong>ascendit.</strong></span> <span class='ocrx_word' id='word_1_845' title='bbox 1576 2700 1710 2727; x_wconf 67' lang='lat' dir='ltr'><strong>descendit</strong></span> <span class='ocrx_word' id='word_1_846' title='bbox 1742 2705 1769 2727; x_wconf 87' lang='lat' dir='ltr'><strong>et</strong></span> <span class='ocrx_word' id='word_1_847' title='bbox 1795 2709 1854 2727; x_wconf 88' lang='lat' dir='ltr'><strong>am-</strong></span> 
     </span>
    </p>
   </div>
   <div class='ocr_carea' id='block_1_98' title="bbox 1064 2743 1852 2779">
    <p class='ocr_par' dir='ltr' id='par_1_98' title="bbox 1064 2743 1852 2779">
     <span class='ocr_line' id='line_1_98' title="bbox 1064 2743 1852 2779; baseline 0.005 -11"><span class='ocrx_word' id='word_1_848' title='bbox 1064 2743 1170 2770; x_wconf 85' lang='lat' dir='ltr'><strong>lmlabat</strong></span> <span class='ocrx_word' id='word_1_849' title='bbox 1182 2763 1189 2776; x_wconf 97' lang='lat'><strong>,</strong></span> <span class='ocrx_word' id='word_1_850' title='bbox 1200 2744 1283 2771; x_wconf 87' lang='lat' dir='ltr'><strong>etiam</strong></span> <span class='ocrx_word' id='word_1_851' title='bbox 1303 2745 1375 2773; x_wconf 88' lang='lat' dir='ltr'><strong>hanc</strong></span> <span class='ocrx_word' id='word_1_852' title='bbox 1388 2745 1496 2773; x_wconf 88' lang='lat' dir='ltr'><strong>dicendi</strong></span> <span class='ocrx_word' id='word_1_853' title='bbox 1510 2746 1628 2773; x_wconf 86' lang='lat' dir='ltr'><strong>fortnam</strong></span> <span class='ocrx_word' id='word_1_854' title='bbox 1642 2745 1787 2779; x_wconf 69' lang='lat' dir='ltr'><strong>intelligat.</strong></span> <span class='ocrx_word' id='word_1_855' title='bbox 1798 2744 1852 2773; x_wconf 87' lang='lat' dir='ltr'><strong>Sed</strong></span> 
     </span>
    </p>
   </div>
   <div class='ocr_carea' id='block_1_99' title="bbox 221 2786 1012 2828">
    <p class='ocr_par' dir='ltr' id='par_1_99' title="bbox 221 2790 1008 2828">
     <span class='ocr_line' id='line_1_99' title="bbox 221 2790 1008 2828; baseline -0.005 -8"><span class='ocrx_word' id='word_1_856' title='bbox 221 2793 274 2819; x_wconf 84' lang='grc' dir='ltr'>τῶν</span> <span class='ocrx_word' id='word_1_857' title='bbox 288 2793 441 2828; x_wconf 73' lang='grc' dir='ltr'>εἰρημένων</span> <span class='ocrx_word' id='word_1_858' title='bbox 454 2792 627 2827; x_wconf 80' lang='grc' dir='ltr'>λεπτότερον,</span> <span class='ocrx_word' id='word_1_859' title='bbox 636 2791 684 2817; x_wconf 82' lang='grc' dir='ltr'><strong>καὶ</strong></span> <span class='ocrx_word' id='word_1_860' title='bbox 694 2790 849 2825; x_wconf 83' lang='grc' dir='ltr'>ἀσωμάτων</span> <span class='ocrx_word' id='word_1_861' title='bbox 864 2790 958 2824; x_wconf 69' lang='grc' dir='ltr'>ἐγγὺς,</span> <span class='ocrx_word' id='word_1_862' title='bbox 968 2790 1008 2816; x_wconf 74' lang='grc' dir='ltr'>ἔτι</span> 
     </span>
    </p>
   </div>
   <div class='ocr_carea' id='block_1_100' title="bbox 1064 2786 1853 2828">
    <p class='ocr_par' dir='ltr' id='par_1_100' title="bbox 1064 2790 1853 2825">
     <span class='ocr_line' id='line_1_100' title="bbox 1064 2790 1853 2825; baseline 0.003 -10"><span class='ocrx_word' id='word_1_863' title='bbox 1064 2790 1170 2825; x_wconf 85' lang='lat' dir='ltr'><strong>quidam</strong></span> <span class='ocrx_word' id='word_1_864' title='bbox 1189 2790 1261 2818; x_wconf 88' lang='lat' dir='ltr'><strong>hunc</strong></span> <span class='ocrx_word' id='word_1_865' title='bbox 1278 2799 1392 2819; x_wconf 89' lang='lat' dir='ltr'><strong>sensum</strong></span> <span class='ocrx_word' id='word_1_866' title='bbox 1411 2792 1603 2819; x_wconf 79' lang='lat' dir='ltr'><strong>exsibilarunt.</strong></span> <span class='ocrx_word' id='word_1_867' title='bbox 1622 2791 1697 2818; x_wconf 86' lang='lat' dir='ltr'><strong>llaud</strong></span> <span class='ocrx_word' id='word_1_868' title='bbox 1714 2791 1787 2818; x_wconf 91' lang='lat' dir='ltr'><strong>enim</strong></span> <span class='ocrx_word' id='word_1_869' title='bbox 1805 2792 1853 2817; x_wconf 89' lang='lat' dir='ltr'><strong>de-</strong></span> 
     </span>
    </p>
   </div>
   <div class='ocr_carea' id='block_1_101' title="bbox 221 2833 1009 2871">
    <p class='ocr_par' dir='ltr' id='par_1_101' title="bbox 221 2833 1009 2871">
     <span class='ocr_line' id='line_1_101' title="bbox 221 2833 1009 2871; baseline -0.003 -9"><span class='ocrx_word' id='word_1_870' title='bbox 221 2836 248 2862; x_wconf 83' lang='grc' dir='ltr'>δὲ</span> <span class='ocrx_word' id='word_1_871' title='bbox 257 2837 302 2863; x_wconf 73' lang='grc' dir='ltr'><strong>καὶ</strong></span> <span class='ocrx_word' id='word_1_872' title='bbox 310 2835 533 2871; x_wconf 76' lang='grc' dir='ltr'>κινητικώτερον,</span> <span class='ocrx_word' id='word_1_873' title='bbox 544 2834 652 2869; x_wconf 78' lang='grc' dir='ltr'>πνεῦμα</span> <span class='ocrx_word' id='word_1_874' title='bbox 661 2834 706 2861; x_wconf 81' lang='grc' dir='ltr'>διὰ</span> <span class='ocrx_word' id='word_1_875' title='bbox 715 2833 795 2861; x_wconf 85' lang='grc' dir='ltr'>τοῦτο</span> <span class='ocrx_word' id='word_1_876' title='bbox 805 2834 1009 2871; x_wconf 81' lang='grc' dir='ltr'>προσαγορεύε-</span> 
     </span>
    </p>
   </div>
   <div class='ocr_carea' id='block_1_102' title="bbox 222 2879 1008 2917">
    <p class='ocr_par' dir='ltr' id='par_1_102' title="bbox 222 2879 1008 2917">
     <span class='ocr_line' id='line_1_102' title="bbox 222 2879 1008 2917; baseline 0 -10"><span class='ocrx_word' id='word_1_877' title='bbox 222 2882 358 2914; x_wconf 53' lang='lat' dir='ltr'><strong>tegam}.</strong></span> <span class='ocrx_word' id='word_1_878' title='bbox 373 2882 424 2917; x_wconf 78' lang='grc' dir='ltr'>τὴν</span> <span class='ocrx_word' id='word_1_879' title='bbox 439 2882 517 2909; x_wconf 85' lang='grc' dir='ltr'>θείαν</span> <span class='ocrx_word' id='word_1_880' title='bbox 539 2882 633 2909; x_wconf 79' lang='grc' dir='ltr'>οὐσίαν</span> <span class='ocrx_word' id='word_1_881' title='bbox 654 2881 799 2916; x_wconf 79' lang='grc' dir='ltr'>ὀνομάζειν</span> <span class='ocrx_word' id='word_1_882' title='bbox 823 2879 893 2907; x_wconf 75' lang='grc' dir='ltr'>οἶδεν</span> <span class='ocrx_word' id='word_1_883' title='bbox 913 2881 930 2915; x_wconf 74' lang='grc' dir='ltr'>ἡ</span> <span class='ocrx_word' id='word_1_884' title='bbox 948 2880 1008 2907; x_wconf 78' lang='grc' dir='ltr'>θεία</span> 
     </span>
    </p>
   </div>
   <div class='ocr_carea' id='block_1_103' title="bbox 1061 2836 1850 2872">
    <p class='ocr_par' dir='ltr' id='par_1_103' title="bbox 1061 2836 1850 2872">
     <span class='ocr_line' id='line_1_103' title="bbox 1061 2836 1850 2872; baseline -0.001 -9"><span class='ocrx_word' id='word_1_885' title='bbox 1061 2843 1124 2864; x_wconf 90' lang='lat' dir='ltr'><strong>cere</strong></span> <span class='ocrx_word' id='word_1_886' title='bbox 1143 2836 1347 2870; x_wconf 83' lang='lat' dir='ltr'><strong>existimantes,</strong></span> <span class='ocrx_word' id='word_1_887' title='bbox 1365 2842 1396 2866; x_wconf 93' lang='lat' dir='ltr'><strong>ut</strong></span> <span class='ocrx_word' id='word_1_888' title='bbox 1415 2842 1551 2865; x_wconf 65' lang='lat' dir='ltr'><strong>creatura:</strong></span> <span class='ocrx_word' id='word_1_889' title='bbox 1568 2838 1722 2872; x_wconf 78' lang='lat' dir='ltr'><strong>ingenitum</strong></span> <span class='ocrx_word' id='word_1_890' title='bbox 1743 2844 1850 2863; x_wconf 89' lang='lat' dir='ltr'><strong>conuu-</strong></span> 
     </span>
    </p>
   </div>
   <div class='ocr_carea' id='block_1_104' title="bbox 1062 2878 1852 2919">
    <p class='ocr_par' dir='ltr' id='par_1_104' title="bbox 1062 2878 1852 2919">
     <span class='ocr_line' id='line_1_104' title="bbox 1062 2878 1852 2919; baseline -0.003 -10"><span class='ocrx_word' id='word_1_891' title='bbox 1062 2886 1197 2916; x_wconf 80' lang='lat' dir='ltr'><strong>meretur,</strong></span> <span class='ocrx_word' id='word_1_892' title='bbox 1225 2884 1338 2918; x_wconf 86' lang='lat' dir='ltr'><strong>proinde</strong></span> <span class='ocrx_word' id='word_1_893' title='bbox 1354 2884 1501 2913; x_wconf 70' lang='lat' dir='ltr'><strong>voluerunt</strong></span> <span class='ocrx_word' id='word_1_894' title='bbox 1523 2893 1532 2909; x_wconf 75' lang='grc' dir='ltr'>ι</span> <span class='ocrx_word' id='word_1_895' title='bbox 1550 2878 1683 2919; x_wconf 81' lang='lat' dir='ltr'><strong>Spiritum</strong></span> <span class='ocrx_word' id='word_1_896' title='bbox 1704 2881 1751 2910; x_wconf 89' lang='lat' dir='ltr'><strong>Dei</strong></span> <span class='ocrx_word' id='word_1_897' title='bbox 1771 2890 1781 2908; x_wconf 79' lang='grc' dir='ltr'>ι</span> <span class='ocrx_word' id='word_1_898' title='bbox 1800 2881 1852 2908; x_wconf 89' lang='lat' dir='ltr'><strong>hoc</strong></span> 
     </span>
    </p>
   </div>
  </div>
