2072 3157
232 173 266 206 t7
890 170 1066 201 PROCOPll
1084 170 1204 200 cum
1824 176 1860 209 43

234 231 295 256 loco
312 225 466 263 signiﬁcare
488 231 579 252 aerem
608 224 650 252 vel
666 227 790 252 ventum.
807 223 841 251 At
857 232 960 259 quare,
978 225 1021 251 in-

1073 225 1179 262 Γραφή·
1198 226 1236 258 ὡς
1248 224 1295 254 οὖν
1307 226 1345 263 μὴ
1356 226 1420 254 ἄλλο
1431 235 1458 254 τι
1474 227 1549 264 παρὰ
1561 228 1610 264 τὴν
1623 229 1713 258 κτίσιν
1724 230 1806 258 αὑτὸν
1816 232 1861 259 διὰ

233 274 294 311 quit
310 283 317 301 :
331 273 443 307 spiritus
462 272 529 298 Dei?
551 270 629 306 quasi
645 278 712 298 vero
729 274 827 298 caetera
843 271 937 297 omnia
966 277 1021 297 non

233 321 290 348 Deo
316 319 512 345 attribuantur.
538 316 672 344 Caeterum
701 323 749 344 aer
772 316 815 343 vel
840 320 940 344 ventus
966 315 1022 344 Deo

233 366 323 401 magis
344 372 426 400 quam
449 364 554 399 reliqua
576 363 728 398 congruit,
749 362 884 398 siquidem
908 362 1024 398 reliquis

233 412 379 440 subtilibus
387 409 582 438 etsubstantiis
593 409 765 444 incorporeis
788 413 831 437 est
843 409 1024 444 propinquius

233 458 307 486 istud
323 458 499 484 elementum.
511 456 658 491 Propterea
671 455 762 483 islhoc
776 455 889 483 nomine
905 458 1023 487 vocant,

233 509 288 537 quo
312 508 390 528 sacra
415 499 561 535 Scriptura
585 499 705 527 divinant
732 505 860 526 naturam
886 500 1024 535 appellare

233 547 389 575 consuevit.
402 546 455 573 Sed
472 554 506 573 ne
522 545 583 581 plus
597 553 679 580 quam
693 545 771 573 decet
786 545 841 573 aerl
856 545 1023 579 tribuamus,

233 601 352 628 eumque
364 592 430 627 quid
442 592 594 619 increatum
604 591 760 625 credamus,
774 593 871 620 merito
882 593 1024 628 subjunxit

234 641 333 672 Moses,
347 638 406 670 Dei,
420 646 476 674 quo
491 643 614 669 auctore,
628 637 700 665 sicut
713 641 745 678 ει
754 638 818 671 alia,
833 645 912 666 suam
927 646 1023 666 essen-

234 687 300 714 tiam
323 692 419 713 nactns
437 688 489 711 est.
505 683 583 717 Quod
598 690 664 711 vero
684 690 738 711 non
757 683 907 711 abhorreat
922 691 937 711 a
954 692 1023 712 con-

233 732 380 760 suetudine
400 730 553 765 Scriptura:
569 737 660 757 aerem
680 729 802 757 vocitare
819 730 941 764 spiritum
959 738 1022 758 cum

233 779 376 805 additione
395 777 545 809 dictionis,
563 775 630 808 Dei,
648 775 779 802 audiatur
794 775 881 803 David
909 775 943 804 de
960 783 1024 804 aere

233 831 261 854 et
286 826 347 854 aliis
371 832 432 860 qua:
455 825 483 851 in
507 823 561 851 hoc
581 823 717 851 elemento
739 822 855 858 produci
880 822 1021 855 assolent,

232 875 373 903 disserens
390 882 397 900 :
417 882 426 898 ι
446 871 507 907 Ipse
521 871 568 899 dat
583 871 674 898 nivem
690 871 764 898 sicut
779 870 888 903 lanam,
902 873 930 898 et
945 870 1024 905 prui-

232 931 295 951 nam
317 922 392 949 velut
416 920 538 948 favillam
554 919 659 955 spargit
670 920 692 935 "
709 928 717 947 :
743 919 855 955 proiicit
875 919 950 947 velut
966 920 1022 947 tra-

232 972 342 1003 gmenta
357 967 472 1003 glaciem
488 974 565 994 suam
578 966 612 996 “,
625 974 635 991 ι
652 969 707 994 etc.
723 965 756 992 Et
772 965 872 993 iterum
890 973 898 993 :
917 974 926 991 ι
945 965 1023 993 Facit
1037 982 1059 1010 Β

231 1014 299 1042 ﬂare
313 1018 425 1041 ventum
443 1020 536 1044 suum.
552 1016 580 1039 et
597 1011 683 1039 ﬂuent
699 1011 837 1048 aquaa'h
857 1011 917 1039 Non
938 1012 1022 1048 igitur

230 1070 265 1089 ex
288 1062 332 1089 his
354 1069 429 1088 nunc
449 1063 575 1095 apparet,
597 1059 725 1095 spiritum
746 1058 897 1094 aliquando
917 1059 973 1086 dici
993 1059 1021 1087 in

232 1108 378 1142 Scriptura
395 1113 486 1133 aerem
497 1124 506 1138 ,
522 1104 671 1140 aliquando
685 1111 752 1132 vero
768 1108 898 1136 ventum,
914 1103 961 1139 qui
977 1108 1021 1132 est

231 1161 301 1188 opus
315 1151 374 1184 Dei,
388 1156 416 1179 et
431 1150 584 1179 secundum
601 1150 684 1184 hujus
698 1149 868 1177 voluntatem
884 1153 1020 1181 movetur,

230 1204 259 1228 et
275 1199 358 1232 talia,
376 1198 468 1234 qualia
485 1196 576 1225 Moses
594 1200 732 1228 recenset,
748 1195 852 1223 eﬂicit?
863 1194 961 1223 Visum
978 1199 1020 1224 est

231 1244 398 1281 quibusdam
412 1243 541 1279 spiritum
556 1241 602 1270 Dei
616 1242 669 1269 hoc
682 1241 743 1269 loco
757 1241 912 1276 nuncupari
926 1249 1021 1276 opera-

233 1292 335 1320 tionem
359 1295 386 1319 et
407 1289 555 1318 eﬂicaciam
579 1288 638 1321 Dei,
658 1295 720 1323 quae
744 1287 817 1315 fovet
837 1291 865 1315 et
885 1287 1021 1322 gubernat

1074 272 1161 299 ταῦτα
1181 273 1339 308 νομίσωμεν
1352 272 1422 301 εἶναι
1433 295 1441 308 ,
1461 275 1639 310 προστέθεικε
1654 276 1684 303 τὸ
1695 299 1703 310 ,
1720 277 1809 304 Θεοῦ·
1831 276 1860 312 ἐξ

1073 315 1160 354 οὗπερ
1174 319 1274 354 ὁμοίως
1292 320 1349 351 τοῖς
1369 319 1460 351 ἄλλοις
1474 321 1592 355 ἐγένετο.
1607 322 1668 349 Ὅτι
1692 323 1720 349 δὲ
1745 323 1861 359 σύνηθες

1072 366 1106 400 τῇ
1124 365 1218 400 Γραφῇ
1242 365 1362 402 καλούσῃ
1384 366 1503 401 πνεῦμα
1523 367 1569 394 τὸν
1591 368 1662 405 ἀέρα
1684 369 1860 405 προστιθέναι

1071 411 1123 446 τὴν
1136 410 1210 438 Θεοῦ
1235 411 1328 446 φωνὴν
1339 431 1347 444 ,
1363 411 1467 445 ἐδίδαξε
1481 413 1529 440 καὶ
1542 414 1624 440 Δαϐὶδ
1639 415 1702 450 περὶ
1719 414 1767 442 τοῦ
1779 415 1860 451 ἀέρος

1072 456 1160 491 λέγων
1171 457 1219 484 καὶ
1230 457 1286 484 τῶν
1302 458 1331 485 ὲν
1346 457 1422 493 αὐτῷ
1432 459 1503 485 κατά
1515 459 1657 486 ἀλλοίωσιν
1670 460 1726 496 ὅρῳ
1738 461 1802 497 θείῳ
1814 469 1859 495 φι-

1072 503 1190 530 λούντων
1225 504 1395 540 συμϐαίνειν·
1424 513 1434 530 ‹
1456 505 1509 532 Τοῦ
1533 505 1649 538 διδόντος
1671 510 1749 541 χιόνα
1775 505 1860 534 αὑτοῦ

1071 549 1137 577 ὡσεὶ
1150 550 1234 585 ἔριον,
1250 549 1368 585 ὀμίχλην
1379 550 1446 577 ὡσεὶ
1461 551 1559 578 σποδὸν
1578 552 1737 585 πάσσοντος,
1753 553 1861 589 βάλλον-

1072 604 1118 628 τος
1143 595 1310 632 κρύσταλλον
1334 596 1416 623 αὑτοῦ
1430 597 1503 630 ίώσεὶ
1530 597 1654 633 ψωμούς·
1673 608 1682 625 ι
1699 600 1747 626 καὶ
1765 600 1858 632 πάλιν,

1077 651 1087 668 ι
1105 642 1253 669 Πνεύσεται
1264 641 1295 668 τὸ
1312 642 1421 678 πνεῦμα
1433 643 1516 670 αὐτοῦ
1531 644 1579 670 καὶ
1605 645 1735 680 ρυήσεται
1749 647 1782 674 τὰ
1796 646 1859 673 ὕδα-

1073 695 1118 715 τα.
1139 697 1148 714 ι
1167 687 1272 714 Οὗκοῦν
1286 687 1317 714 τὸ
1333 688 1442 723 πνεῦμα
1460 688 1489 714 ἑν
1504 690 1560 720 τοῖς
1576 689 1708 722 τοιούτοις
1721 691 1787 717 ποτὲ
1809 691 1860 727 μὲν

1072 733 1118 760 τὸν
1150 733 1219 769 ἀέρα
1229 753 1237 766 ,
1253 733 1319 760 ποτὲ
1332 733 1360 760 δὲ
1377 734 1505 770 σημαίνει
1517 734 1562 761 τὸν
1573 734 1683 771 ἄνεμον,
1699 736 1780 771 ἔργον
1794 737 1860 765 ὄντα

1072 779 1119 807 τοῦ
1135 779 1203 807 Θεοῦ
1223 780 1269 807 καὶ
1281 780 1352 807 κατὰ
1366 780 1415 816 τὴν
1429 780 1540 816 γνώμην
1556 782 1639 809 αὑτοῦ
1659 783 1816 819 κινούμενόν
1830 793 1860 811 τε

1072 826 1120 853 καὶ
1138 826 1250 853 τοιαῦτα
1266 826 1332 862 δρᾷν
1345 826 1471 854 είωθότα.
1488 827 1582 861 Ἔδοξε
1599 828 1628 855 δέ
1640 836 1708 861 τισι,
1727 829 1775 856 καὶ
1789 829 1860 857 Θεοῦ

1072 872 1183 908 πνεῦμα
1193 871 1242 908 τὴν
1259 872 1399 908 ἐνέργειαν
1416 873 1514 905 εἰπεῖν,
1529 873 1683 901 θάλπουσάν
1698 883 1727 901 τε
1737 876 1784 902 καὶ
1793 875 1861 902 διοι-

1073 919 1174 947 κοῦσαν
1195 919 1249 946 τῶν
1273 919 1378 946 ὑδάτων
1396 919 1445 955 τὴν
1468 919 1558 954 φύσιν·
1587 920 1660 952 τινὲς
1681 920 1710 948 δέ
1725 929 1792 956 φασι
1814 923 1862 949 καὶ

1073 963 1239 990 αἰνίττεσθαι
1255 963 1335 996 εὐθὺς
1350 964 1404 991 ἀπὸ
1423 964 1579 1000 καταϐολῆς
1596 965 1700 1001 κόσμου
1712 965 1760 1002 τὴν
1780 966 1861 1002 χάριν

1071 1008 1118 1035 τοῦ
1133 1008 1211 1043 ἁγίου
1221 1008 1418 1044 βαπτίσματος.
1436 1009 1482 1036 Διδ
1503 1010 1594 1037 καὶτὸ
1615 1010 1766 1046 καθάρσιον
1782 1013 1861 1047 ἡμῶν

1071 1055 1101 1080 ὲν
1116 1053 1193 1081 ὕδατι
1212 1053 1312 1090 μᾶλλον
1335 1053 1351 1089 ἢ
1368 1054 1455 1089 ἑτέρῳ
1470 1055 1606 1090 στοιχείῳ.
1637 1056 1722 1091 Ἀρχὴ
1744 1057 1798 1093 γάρ
1816 1057 1862 1085 λέ-

1071 1107 1151 1134 γουσι
1160 1099 1208 1126 τοῦ
1223 1099 1326 1134 κόσμου
1338 1099 1368 1126 τὸ
1383 1099 1464 1134 ὕδωρ·
1480 1100 1527 1127 καὶ
1541 1101 1612 1136 ἀρχὴ
1623 1101 1677 1128 τῶν
1689 1102 1862 1137 Εὐαγγελίων

1070 1146 1086 1173 ό
1113 1145 1258 1182 Ἰορδάνης.
1281 1145 1359 1177 Τινὲς
1384 1145 1414 1172 δὲ
1427 1146 1459 1172 τὸ
1484 1147 1563 1181 ἅγιον
1581 1146 1696 1182 Πνεῦμα
1715 1136 1862 1183 νοήσαντες

1071 1192 1188 1219 ἐνταῦθα
1201 1192 1340 1226 λέγεσθαι,
1356 1191 1438 1227 ἁγίας
1452 1192 1582 1228 δυνάμεις
1593 1193 1628 1220 τὰ
1642 1193 1725 1220 ὕδατα
1744 1196 1862 1231 παρεδέ-

1073 1239 1163 1272 ξαντο,
1173 1237 1269 1274 ὥσπερ
1285 1238 1334 1264 καὶ
1344 1237 1394 1273 τὴν
1405 1237 1527 1265 ἄϐυσσον
1537 1240 1659 1276 πονηρὰς
1673 1241 1802 1277 δυνάμεις
1817 1241 1861 1276 ἐφ’

1072 1283 1110 1313 ὧν
1125 1283 1156 1311 τδ
1171 1283 1266 1314 σκότος
1283 1280 1317 1318 ἧν
1328 1284 1342 1310 ό
1358 1283 1491 1315 διάϐολος.

232 1345 367 1373 aquarum
383 1343 522 1365 naturam.
547 1335 663 1369 Quidam
679 1334 824 1370 perhibent
839 1334 890 1369 ιι
918 1335 1009 1362 statim
1026 1343 1042 1363 a
1059 1333 1142 1370 jactis
1163 1330 1258 1358 mundi
1279 1329 1467 1358 fundamentis
1488 1331 1603 1367 gratiam
1620 1333 1692 1361 sacri
1730 1333 1858 1369 baptismi

230 1385 398 1413 denuntiari.
413 1384 485 1411 Hinc
499 1383 538 1414 fit,
546 1386 576 1409 ut
592 1382 679 1409 nostri
694 1380 836 1408 mundatio
850 1380 893 1408 vel
902 1380 1054 1416 puriﬁcatio
1067 1379 1160 1416 potius
1173 1384 1253 1412 aqua.
1266 1384 1347 1412 quam
1362 1376 1416 1404 alio
1431 1378 1530 1412 quovis
1544 1378 1702 1413 perﬁciatur
1713 1380 1849 1408 elemento

234 1432 406 1467 pl-incgpium
439 1430 574 1465 siquidem
610 1429 657 1463 (ut
674 1427 819 1463 inquiunt)
855 1427 950 1454 mundi
969 1433 1013 1455 est
1027 1434 1098 1462 aqua
1115 1433 1123 1453 :
1139 1429 1166 1453 et
1195 1423 1361 1459 principium
1389 1423 1542 1459 Evangelii.
1571 1424 1708 1454 Jordanis.
1726 1426 1795 1455 Sunt
1813 1428 1860 1464 qui

216 1478 388 1512 .intelligunt
402 1476 455 1504 sub
471 1475 607 1506 dictione,
624 1474 746 1508 spiritus,
781 1478 891 1500 sanctas
925 1473 1065 1508 potentias
1084 1476 1112 1499 et
1135 1470 1264 1502 virtutes,
1295 1469 1526 1505 quemadmodum
1558 1471 1611 1499 sub
1625 1479 1701 1504 voce,
1723 1473 1834 1510 abyssi“
1850 1494 1859 1508 ,

233 1525 295 1560 capi
308 1524 419 1551 volnere
449 1521 620 1553 contrarias,
651 1519 753 1555 quibus
784 1523 884 1553 praeest
912 1519 1014 1554 caligo,
1032 1525 1131 1553 nempe
1145 1517 1283 1544 diabolus.

267 1582 352 1610 VERS.
369 1581 397 1609 5.
410 1580 534 1615 Dixitque
545 1579 630 1606 Deus:
648 1577 711 1605 Fiat
721 1573 779 1610 luis,
791 1581 817 1605 et
826 1577 899 1612 facta
908 1581 948 1604 est
958 1576 1016 1603 lum.

1103 1573 1159 1602 Καὶ
1171 1572 1256 1601 εἶπεν
1271 1574 1288 1601 δ
1305 1574 1387 1607 Θεός·
1411 1574 1573 1609 Γενηθήτω
1592 1576 1665 1610 φῶς,
1680 1579 1728 1604 καί
1741 1579 1860 1614 ἐγένετο

229 1627 292 1655 Non
315 1630 358 1654 est
378 1629 410 1653 ut
423 1625 583 1656 credamus,
602 1623 649 1651 Dei
665 1631 760 1651 vocem
785 1621 1022 1650 intercedentibus

229 1673 375 1701 vocalibus
397 1670 510 1707 organis
528 1670 665 1697 evenisse.
686 1669 708 1681 τ’
738 1669 843 1696 Divina:
870 1667 1022 1695 voluntatis

230 1719 276 1748 hic
298 1717 440 1746 invenitur
466 1716 593 1744 euectus.
622 1715 758 1742 Praeterea
783 1713 894 1742 cﬁectui
922 1713 1023 1741 divina:

229 1764 383 1792 voluntatis
411 1761 601 1797 imputandum
628 1759 775 1795 quidquid,
805 1759 855 1794 qui
873 1759 1021 1790 docentur,

231 1811 339 1838 discere
355 1813 484 1844 possunt.
501 1806 560 1834 Huc
587 1805 834 1833 accommodentur
849 1809 878 1832 et
902 1812 935 1832 ea
960 1811 1023 1839 qua:

232 1857 294 1891 quis
310 1862 360 1890 pro
377 1853 480 1890 ingenii
506 1853 548 1881 sui
574 1852 711 1884 viriculis,
726 1851 833 1879 clarius
857 1854 885 1878 et
901 1850 1023 1878 lucidius

231 1905 359 1938 accipere
376 1902 457 1934 valet,
476 1900 629 1928 secundum
652 1898 801 1925 eﬂieaciam
827 1897 958 1925 divinam.
984 1896 1023 1924 Ex

231 1950 275 1977 his
298 1950 392 1983 itaque
407 1947 505 1982 liquet,
527 1944 574 1973 Dei
592 1944 776 1972 dialectorum
792 1941 927 1979 quasdam
941 1942 1023 1969 altio-

231 2003 287 2027 res,
304 1993 436 2029 quasdam
454 1990 571 2023 medias,
593 1989 728 2025 quasdam
745 1996 813 2016 vero
832 1988 967 2016 exsistere
981 1988 1023 2014 in-

232 2041 359 2069 ieriores.
376 2039 430 2067 Deo
451 2038 612 2072 neutiquam
624 2043 694 2064 voce
710 2043 781 2070 opus
796 2039 856 2062 est:
873 2034 973 2062 sullieit
997 2033 1023 2060 ei

232 2094 282 2115 sua
312 2086 452 2114 voluntas.
468 2083 558 2116 Nam,
583 2087 613 2110 ut
633 2084 779 2109 attestatur
794 2079 891 2112 David,
919 2089 928 2105 ι
948 2086 1025 2114 quae-

231 2139 341 2168 cunque
370 2130 466 2162 voluit,
480 2129 546 2157 fecit
560 2128 594 2156 “.
615 2137 625 2154 ι
643 2127 684 2154 Ad
701 2127 775 2154 hunc
802 2125 896 2161 itaque
913 2125 1024 2152 modum

231 2186 342 2214 semper
354 2175 494 2211 capienda
509 2179 572 2202 sunt
583 2175 608 2201 in
620 2173 761 2208 Scriptura
770 2179 849 2200 sacra
860 2172 920 2199 istae
930 2171 1025 2198 forma:

230 2225 340 2253 dicendi
357 2234 363 2252 :
380 2223 497 2251 Locutus
512 2225 552 2248 est
569 2219 708 2251 Dominus,
721 2217 798 2245 Dixit
813 2216 955 2249 Dominus,
966 2221 1019 2243 etc.

1072 1620 1146 1655 φῶς.
1163 1619 1233 1647 Θεοῦ
1246 1620 1338 1655 φωνὴν
1356 1620 1394 1655 μὴ
1408 1620 1452 1647 διὰ
1467 1622 1629 1657 φωνητικῶν
1644 1624 1767 1658 ὀργάνων
1783 1634 1860 1660 γενο-
1891 1625 1893 1627 ’

1073 1665 1158 1700 μένην
1171 1665 1324 1700 νοήσωμεν.
1337 1664 1404 1692 Θεοῦ
1425 1665 1516 1692 τοίνυν
1531 1667 1640 1701 νοητέον
1653 1669 1745 1705 φωνὴν
1763 1670 1811 1706 τὴν
1830 1672 1860 1699 ὲν

1072 1710 1112 1746 τῷ
1126 1710 1260 1746 θελήματι
1283 1710 1380 1746 ῥοπὴν,
1397 1710 1486 1737 καὶτὸ
1499 1713 1555 1744 τοῖς
1567 1713 1770 1749 διδασκομένοις
1786 1717 1860 1744 κατὰ

1074 1756 1150 1783 θείαν
1178 1756 1323 1792 ἐνέργειαν
1349 1756 1565 1792 ὲντυπούμενον,
1593 1759 1641 1786 καὶ
1672 1759 1722 1795 τὴν
1747 1762 1779 1788 ὲκ
1810 1763 1857 1789 τοῦ

1073 1803 1146 1831 θείου
1163 1803 1317 1839 θελήματος
1340 1803 1459 1830 διάδοσιν
1476 1796 1516 1835 είς
1534 1804 1564 1831 τὸ
1583 1804 1733 1841 δυνάμενον
1757 1807 1860 1843 ταύτης

1073 1849 1262 1882 αἰσθάνεσθαι,
1284 1849 1424 1883 ἀναλόγως
1451 1850 1500 1885 τῆς
1520 1850 1636 1877 ἑκάστου
1663 1853 1858 1885 καταστάσεως

1073 1895 1124 1930 τῆς
1134 1894 1276 1930 ἐνεργείας
1295 1895 1476 1930 ἐγγινομένης
1499 1896 1661 1932 τρανότερόν
1677 1905 1707 1924 τε
1725 1898 1773 1924 καὶ
1786 1899 1859 1934 ἀμυ-

1073 1941 1213 1976 δρότερον,
1230 1940 1267 1971 ὡς
1285 1939 1355 1967 εἶναι
1367 1940 1435 1967 Θεοῦ
1452 1941 1607 1973 διαλέκτους
1626 1942 1796 1978 ὑψηλοτέρας
1811 1946 1858 1971 καὶ

1076 1987 1161 2022 μέσας
1176 1987 1223 2014 καὶ
1243 1986 1411 2018 τελευταίας·
1436 1987 1502 2019 Θεὸς
1528 1987 1582 2024 γὰρ
1599 1988 1630 2015 οὐ
1652 1988 1737 2015 δεῖται
1753 1990 1856 2025 φωνῆς,

1074 2031 1212 2068 ἀρκούσης
1225 2031 1298 2066 αὐτῷ
1313 2031 1363 2067 τῆς
1379 2031 1544 2067 βουλήσεως·
1561 2033 1632 2059 κατὰ
1658 2033 1712 2069 γὰρ
1728 2034 1773 2061 τὺν
1787 2035 1858 2062 Θεῖον

1074 2077 1164 2110 Δαϐὶδ,
1182 2086 1192 2103 ‹
1212 2077 1303 2104 Πάντα
1320 2077 1370 2103 ὃσα
1383 2077 1515 2112 ἠθέλησεν
1537 2078 1661 2113 ἐποίησε.
1679 2088 1690 2104 ι
1717 2080 1771 2107 Καὶ
1788 2080 1859 2108 οὕτω

1074 2123 1183 2158 νοητέον
1195 2123 1240 2149 ἀεὶ
1251 2122 1292 2154 τὸ,
1303 2119 1406 2155 Εἶπεν,
1422 2123 1478 2155 καὶ,
1489 2122 1638 2157 Ἑλάλησε
1649 2125 1766 2159 Κύριος.
1781 2127 1859 2153 Οὕτω

1075 2167 1145 2203 τάχα
1163 2168 1211 2194 καὶ
1225 2167 1363 2202 δαίμονες·
1381 2167 1478 2204 πρώτη
1489 2167 1518 2195 δὲ
1533 2168 1601 2196 Θεοῦ
1619 2171 1694 2206 φωνὴ
1712 2172 1800 2206 φωτὸς
1824 2167 1858 2199 τὰ.

1076 2213 1164 2240 πάντα
1180 2213 1356 2248 πεπλήρωκε·
1373 2214 1421 2240 καὶ
1434 2213 1563 2249 τοιαύτην
1577 2214 1624 2241 τοῦ
1643 2215 1730 2249 φωτὸς
1742 2216 1792 2250 τὴν
1808 2217 1859 2251 φύ-

230 2271 277 2299 Sic
293 2269 390 2306 procul
409 2268 493 2296 dubio
509 2270 537 2295 et
555 2267 707 2293 dwmones.
720 2263 811 2291 Prima
828 2262 875 2290 Dei
889 2247 1021 2290 vox-oni-

1074 2267 1117 2286 σιν
1137 2247 1290 2293 ὑπέστησεν
1313 2257 1352 2290 ὡς
1374 2257 1476 2290 παντὸς
1502 2247 1790 2296 νοήματος-ὀξύτερόν
1813 2247 1859 2290 διὰ

229 2318 275 2344 nia
293 2315 408 2351 replevit
429 2314 503 2346 luce,
521 2311 603 2346 cujus
631 2311 690 2338 haec
717 2309 769 2336 fuit
787 2313 897 2341 natura,
917 2311 947 2335 ut
971 2314 1023 2334 sua

229 2363 334 2390 virtute
361 2359 481 2388 celerius
509 2357 584 2384 omni
619 2355 788 2390 cogitatione
817 2353 969 2388 penetrarit
993 2358 1022 2380 et

230 2407 413 2444 permcaverit
429 2403 535 2435 omnia,
552 2403 581 2430 in
606 2401 704 2437 primis
725 2404 820 2427 tamen
843 2399 972 2426 tenuiora
994 2403 1021 2425 et

230 2443 423 2489 pellucidiora.
446 2449 530 2478 sicuti
554 2448 627 2475 aeris
651 2451 762 2474 natura.
784 2444 956 2479 Principium
983 2443 1020 2472 si-

230 2499 288 2526 mul
310 2502 339 2526 et
354 2497 418 2524 ﬁnis
436 2504 492 2524 uno
522 2495 593 2522 lat-is
619 2493 725 2528 impetu
755 2496 822 2520 sunt
851 2491 1020 2523 illuminala,

231 2552 344 2579 unoque
363 2546 502 2570 momento
517 2542 551 2568 ab
564 2540 646 2567 initio
661 2539 694 2566 ad
711 2539 793 2566 linem
810 2545 900 2573 usque
912 2537 957 2564 lux
973 2545 1020 2564 ex-

231 2591 331 2618 currit.
351 2589 419 2617 Cnm
436 2592 529 2615 autem
544 2589 652 2614 crearet
668 2585 771 2612 caelum
783 2589 810 2612 et
825 2589 938 2614 terram,
957 2582 1020 2609 nul-

230 2636 286 2664 lam
304 2635 397 2662 emisit
412 2641 519 2661 vocem.
544 2631 672 2659 Nondum
696 2630 770 2658 enim
797 2629 907 2657 formati
929 2632 1019 2661 erant,

232 2681 280 2715 qui
293 2679 387 2707 divina
408 2686 476 2706 voce
496 2682 523 2705 et
545 2677 645 2704 instrui
662 2681 689 2703 et
703 2674 796 2703 doceri
811 2673 961 2702 debebant.
985 2675 1020 2701 At

234 2714 299 2759 post
315 2723 377 2751 caeli
397 2727 425 2750 et
440 2725 520 2749 terrae
545 2721 713 2748 creationem
740 2714 863 2746 condidit
887 2717 1020 2754 angelos:

233 2776 305 2804 quos
323 2776 386 2796 cum
404 2767 485 2795 vellet
499 2767 610 2797 ducere,
631 2773 662 2793 se
677 2769 705 2792 et
719 2771 842 2799 ipsorum
865 2771 928 2792 esse
945 2771 1022 2791 crea-

268 2890 289 2906 “
309 2890 380 2918 Psal.
396 2896 505 2920 cum,
523 2887 572 2921 16,
590 2888 633 2914 Π.
673 2888 696 2904 ¹⁰
717 2888 783 2915 ibid.
802 2888 845 2915 18.
883 2889 904 2903 ¹¹
927 2889 993 2916 iliid.

1072 2305 1182 2332 πάντων
1207 2305 1306 2340 χωρεῖν
1333 2303 1381 2330 καὶ
1404 2303 1570 2339 διέρχεσθαι,
1598 2305 1646 2332 καὶ
1671 2306 1788 2342 μάλιστα
1802 2308 1858 2335 τῶν

1069 2349 1241 2385 λεπτοτέρων
1255 2357 1285 2376 τε
1300 2351 1346 2376 καὶ
1360 2350 1510 2384 διαφανῶν,
1522 2351 1603 2378 ὁποία
1617 2351 1663 2378 τοῦ
1686 2353 1768 2388 ἀέρος
1781 2354 1798 2389 ἡ
1809 2354 1860 2389 φύ-

1071 2405 1125 2428 σις,
1149 2395 1237 2430 ἀρχὴν
1253 2395 1320 2431 ὁμοῦ
1342 2396 1389 2422 καὶ
1416 2396 1503 2432 πέρας
1516 2396 1568 2423 ὑπὸ
1583 2397 1649 2432 μίαν
1672 2399 1859 2434 φωτιζομένου

1074 2442 1173 2478 ῥοπήν.
1192 2442 1312 2476 Ποιήσας
1327 2441 1355 2468 δὲ
1378 2441 1424 2468 τὸν
1439 2443 1553 2478 οὐρανὸν
1566 2444 1614 2470 καὶ
1632 2445 1682 2480 τὴν
1701 2445 1764 2480 γῆν,
1783 2446 1859 2473 οὐδε-

1075 2487 1140 2523 μίαν
1166 2488 1255 2523 ἀφῆκε
1278 2487 1381 2523 φωνήν·
1402 2489 1463 2515 οὐδὲ
1479 2489 1535 2524 γὰρ
1559 2488 1629 2526 ἦσαν
1651 2492 1677 2517 οἱ
1693 2491 1739 2519 διὰ
1756 2492 1860 2528 ταύτης

1071 2533 1225 2568 ὀφείλοντες
1236 2533 1456 2561 ἐκπαιδεύεσθαι.
1473 2534 1551 2561 Μετά
1569 2535 1621 2569 rem}
1639 2537 1755 2571 οὐρανοῦ
1771 2539 1798 2564 δὲ
1813 2540 1860 2566 καὶ

1071 2580 1122 2616 τῆς
1131 2579 1193 2614 γῆς,
1206 2579 1253 2605 καὶ
1261 2579 1325 2611 τοὺς
1337 2579 1472 2614 ἀγγέλους
1480 2581 1663 2616 παραγαγὼν,
1678 2581 1738 2610 εἶτα
1747 2584 1860 2611 παιδεῦ-

1073 2635 1107 2654 σα
1111 2626 1236 2661 ιςιούτους
1243 2625 1415 2661 βουλόμενος,
1424 2626 1461 2658 ὼς
1468 2627 1514 2653 καὶ
1521 2627 1611 2655 αὐτῶν
1616 2628 1662 2654 εστ
1667 2629 1713 2665 ιῖδη
1718 2639 1779 2665 μιου
1784 2632 1858 2668 ργὸς.

1076 2672 1112 2707 μή
1126 2679 1192 2698 ποτε
1207 2671 1374 2706 αὐτομάτως
1389 2672 1541 2705 ὑφεστάναι
1555 2673 1699 2708 νομίσωσι,
1714 2675 1763 2710 τὴν
1791 2680 1859 2710 μετά

1073 2717 1161 2744 ταῦτα
1183 2717 1274 2744 πᾶσαν
1289 2716 1379 2743 κτίσιν
1400 2718 1475 2753 φωνῇ
1492 2717 1577 2744 ποιῶν
1592 2720 1788 2747 ἐπιδείκνυται·
1804 2722 1859 2748 τῶν

1075 2762 1272 2799 παραχθέντων
1288 2762 1338 2798 τὴν
1361 2762 1542 2799 διακόσμησιν
1567 2766 1597 2792 ὲν
1624 2765 1718 2801 ὄψεσιν
1745 2767 1858 2794 ἐκείνων

1031 2890 1054 2906 “
1069 2888 1140 2916 Psal.
1162 2898 1244 2922 (:xttt,
1269 2891 1295 2917 3.
