2072 3157
211 154 249 187 49
762 156 1031 188 COMMENTARII
1047 156 1088 187 IN
1108 155 1275 187 GENESIN
1810 158 1846 190 50

212 213 388 249 ποιούμενος.
404 213 476 240 ὥστε
492 213 614 250 ὁρῶντας
639 214 695 241 τῶν
718 215 789 250 μετά
806 215 895 242 ταῦτα
911 223 1004 249 γιγνο-

1059 218 1155 246 torem,
1172 221 1207 241 ne
1226 212 1342 240 fortuito
1367 218 1397 240 se
1423 212 1583 241 substitisse
1608 213 1767 246 crederent,
1784 221 1846 241 om-

213 259 303 295 μὲνων
319 260 371 295 τὴν
385 260 568 296 παραγωγὴν,
589 261 685 295 σαφῶς
697 261 805 296 μαθεῖν,
817 261 856 293 ὡς
874 262 888 288 ὁ
901 261 1006 288 τούτων

212 305 329 341 ποιητὴς
345 306 394 333 καὶ
409 306 500 333 αὐτῶν
516 307 575 333 ἐστι
601 307 778 344 δημιουργὸς,
800 308 941 344 βουληθεὶς
957 308 1007 343 μό-

213 361 258 379 νον
273 353 320 379 καὶ
333 352 517 388 παραγαγὼν,
542 353 580 385 ὼς
593 352 713 380 ἐνταῦθα
724 355 758 390 τῇ
782 355 857 390 φωνῇ
871 354 902 381 τὺ
925 354 1006 389 ἔργον

214 398 470 434 παρηκολούθησεν,
486 398 572 426 Τοῦτο
588 400 636 426 καὶ
650 400 733 433 αὐτὸς
751 401 766 428 ὁ
788 400 855 433 Θεὸς
870 400 1006 435 δεδήλωκε

214 445 283 479 πρὸς
297 444 343 471 τὸν
355 445 493 481 μακάρων
503 445 593 480 λέγων
607 445 678 473 Ίώσ·
693 455 703 472 ι
721 447 787 474 Ὅτε
799 446 909 473 ἐποίουν
918 446 1007 481 ἄστρα

215 490 319 525 ᾔνεσάν
335 498 370 525 με
387 490 490 523 πάντες
513 491 626 527 ἄγγελοί
648 501 710 528 μου.
729 501 740 520 δ
760 492 878 528 Εὔδηλον
892 492 947 527 γάρ
969 492 1008 524 ὠς

214 537 283 571 ὅπερ
297 536 345 563 ἑπὶ
356 535 412 563 τῶν
438 537 559 573 ἄστρων,
582 537 630 564 ὲπὶ
656 537 712 565 τῶν
732 537 842 565 πάντων
868 537 1007 573 ἐπλήρουν

214 582 271 608 τῶν
286 581 450 615 γεγονότων.
479 582 697 618 ἐκπληττόμενοι
724 583 774 619 μὲν
800 584 834 610 τὰ
861 583 1006 618 γινόμενα,

216 626 403 662 θαυμάζοντες
419 627 449 654 δὲ
467 627 506 661 ὡς
522 628 581 664 ἅμα
594 629 627 665 τῇ
646 630 722 665 φωνῇ
748 630 896 665 παρῄεσαν
917 629 1008 656 οὐσίαι

217 674 256 708 μὴ
272 674 407 710 πρότερον
421 671 511 702 οὖσαι.
526 675 604 707 Τινὲς
617 675 646 702 δὲ
660 676 702 707 τὸ,
717 673 869 710 siam-two;
886 675 931 702 τὸν
944 675 1008 702 Υἱὸν

215 719 264 746 καὶ
278 720 363 754 Λόγον
379 720 457 755 φασὶ,
479 720 541 748 καθ’
555 720 603 752 οὓς
618 722 672 748 ἀπο
678 729 738 756 ρον,
752 721 811 753 πῶς
825 722 849 748 ει
860 722 907 748 καὶ
926 721 1008 757 υὺρα-

216 765 262 797 νδς
284 766 333 793 καὶ
349 765 385 801 γῆ
409 766 459 793 καὶ
471 767 562 794 πάντα
580 767 676 802 γέγονε
690 768 724 795 δι’
739 768 834 800 αὑτοῦ,
851 767 888 804 μὴ
901 768 948 794 καὶ
963 768 1008 794 ἑπ*

216 808 307 836 αὐτῶν
321 811 410 838 κεῖται
423 811 465 844 τὸ,
482 810 558 838 εἷπε.
574 811 648 848 Πλὴν
662 812 740 840 οὐδὲν
756 812 857 840 κωλύει
875 812 1007 848 πρότερον

216 855 266 890 μὲν
292 857 381 892 σιωπῇ
391 856 425 883 δι’
437 856 503 883 Υῑοῦ
519 857 607 884 ταῦτα
626 858 818 894 πεποιηκέναι,
834 858 881 885 νῦν
894 858 922 885 δὲ
938 857 1006 894 πρὸς

1057 268 1119 287 nem
1135 264 1298 293 sequentem
1313 260 1482 287 creationem
1499 259 1659 288 interventu
1676 261 1753 288 vocis
1768 269 1848 296 pere-

1056 306 1097 341 git
1113 306 1141 334 in
1165 306 1279 333 illorum
1302 311 1467 341 conspectu.
1486 306 1578 340 Quare
1598 311 1689 334 autem
1717 307 1789 334 hoc?
1813 306 1848 334 Ut

1056 352 1259 388 conspicientes
1271 360 1367 380 eorum
1381 360 1443 387 qua:
1460 360 1623 380 successere
1640 352 1846 384 formationem.

1056 398 1209 426 manifesto
1219 403 1420 434 cognoscerent
1437 397 1521 425 Deum
1536 397 1754 433 etiamipsorum
1768 405 1848 425 crea-

1056 445 1140 472 tionis
1170 451 1233 472 esse
1257 447 1411 476 auctorem,
1441 447 1468 471 et
1487 443 1561 478 quod
1585 443 1620 471 ab
1650 444 1709 478 ipso
1738 443 1793 471 sint
1818 443 1847 471 in

1055 490 1205 518 essentiam
1216 490 1358 525 producti,
1375 489 1578 517 interveniente
1594 489 1653 517 sola
1670 489 1731 524 ejus
1748 489 1846 516 volun-

1057 540 1123 568 tate,
1139 536 1168 564 in
1184 543 1264 572 quem
1283 543 1388 563 morem
1409 541 1438 563 et
1456 539 1554 563 caetera
1580 543 1658 563 suam
1677 535 1845 563 creationem

1057 582 1195 610 invenere.
1211 581 1239 608 Id
1255 581 1291 609 ita
1305 589 1334 609 se
1350 581 1463 612 habere,
1477 581 1581 609 diserte
1593 580 1665 608 Deus
1680 581 1739 616 ipse
1752 584 1847 608 osten-

1057 624 1099 652 dit
1111 625 1139 652 in
1154 624 1198 652 his
1209 623 1319 657 Verbis,
1332 625 1435 659 quibus
1451 625 1601 660 alloquitur
1613 624 1711 653 Jobum
1729 634 1735 653 :
1754 634 1763 651 ι
1777 625 1846 652 Cum

1057 672 1316 707 congratularentur
1330 672 1435 706 pariter
1450 671 1537 700 stellae
1546 673 1688 699 matutime
1701 672 1736 698 ".
1757 682 1765 698 ι
1783 671 1847 707 [Per

1057 719 1152 747 stellas
1176 717 1271 746 Graeca
1299 718 1460 750 translatio,
1491 726 1574 753 quam
1601 719 1727 753 sequitur
1744 717 1847 744 Proco-

1042 764 1132 801 pius,
1150 764 1282 799 intelligit
1300 764 1425 800 angelos,
1449 771 1532 800 quam
1553 772 1648 792 vocem
1669 763 1762 792 Graeca
1783 772 1846 791 ver-

1058 812 1100 840 sio
1114 809 1261 846 continet.]
1287 809 1361 837 Satis
1377 809 1451 838 enim
1466 809 1556 838 cuivis
1580 810 1686 837 clarum
1713 810 1846 842 arbitror,

1058 857 1182 893 angelos,
1207 863 1271 891 quae
1290 856 1405 884 fecerint
1425 856 1452 883 in
1468 856 1610 884 creatione
1633 860 1783 887 astrorum,
1801 863 1847 883 ea-

215 901 267 936 τὴν
281 901 457 930 διδασκαλίαν
474 902 528 930 τῶν
543 903 699 931 ἀκουόντων
785 904 877 940 φωνὴν
895 892 1005 938 γεγονέ-

1059 905 1119 933 dem
1137 908 1286 932 exsecutos
1302 911 1364 931 esse
1383 903 1411 930 in
1433 903 1600 937 reliquorum
1617 903 1769 930 creatione.
1790 902 1848 929 Ad-

216 956 271 975 ναι.
290 947 327 974 Οὐ
341 947 396 983 γὰρ
422 948 461 980 ὡς
485 948 627 982 ἀγνοοῦντι
647 950 662 976 ὁ
680 950 775 986 Πατὴρ
789 950 955 985 διαλέγεται·
983 950 1008 977 εἰ

1060 950 1208 978 miratione
1220 949 1294 977 enim
1310 949 1428 984 quadam
1445 949 1559 976 insolita
1580 949 1761 984 capiebantur
1783 955 1846 976 cer-

216 994 266 1020 καὶ
281 993 316 1021 τὰ
340 994 461 1030 μάλιστά
488 1003 562 1027 τινες
582 995 676 1023 ἐκεῖνα
705 997 755 1031 μὲν
769 996 815 1023 τὸν
834 996 945 1033 Πατέρα
960 1005 1010 1023 πε-

1059 1000 1167 1029 nentes,
1183 995 1242 1023 sola
1263 1002 1331 1023 voce
1353 994 1551 1026 intercedente,
1561 994 1632 1022 adeo
1653 994 1793 1022 mirabiles
1820 997 1848 1021 et

215 1039 364 1075 ποιηκέναι
378 1041 455 1075 φασὶ,
470 1040 558 1067 ταῦτα
577 1041 605 1067 δὲ
617 1041 663 1068 τὸν
681 1041 747 1068 Υἱὺν
762 1042 801 1074 ὡς
817 1041 929 1069 ἐκείνων
941 1042 1010 1069 ὑπο-

1059 1041 1175 1069 decoras
1204 1040 1376 1069 substantias
1407 1040 1537 1075 prodire.
1563 1047 1626 1075 quae
1658 1044 1750 1067 tamen
1770 1039 1848 1074 prius

214 1085 357 1120 δεὲστερα,
381 1086 480 1122 μανίας
493 1086 674 1122 φθεγγόμενοι
690 1088 811 1123 ῥήματα.

1059 1095 1113 1115 non
1126 1086 1302 1114 exstiterant.
1318 1085 1434 1119 Quidam
1455 1086 1581 1118 verbum,
1594 1086 1674 1118 dixit,
1698 1085 1731 1113 ad
1745 1085 1847 1112 Filium

215 1131 261 1158 vel
280 1130 444 1159 Sermonem
464 1131 602 1167 dirigunt;
625 1134 676 1159 ‘at
704 1133 856 1160 secundum
875 1133 927 1161 hos
952 1132 1067 1160 dubium
1099 1133 1233 1164 exoritur,
1265 1139 1318 1167 qua
1353 1131 1462 1158 ratione
1484 1131 1625 1163 acciderit,
1650 1139 1712 1158 cum
1755 1130 1848 1157 omnia

216 1184 266 1211 per
283 1176 443 1205 Sermonem
456 1176 528 1205 facta
543 1177 647 1211 sint,in
661 1179 922 1207 commemoratione
950 1178 1100 1208 creationis
1132 1178 1196 1206 caeli
1218 1183 1246 1206 et
1281 1182 1361 1205 terra;
1385 1185 1439 1204 non
1467 1177 1558 1204 addita
1589 1177 1625 1205 sit
1645 1177 1740 1209 dictio,
1760 1177 1843 1204 dixit.

215 1222 322 1250 Verum
343 1223 400 1251 haec
422 1223 560 1252 dubitatio
583 1229 681 1252 tenues
708 1225 849 1253 evanescit
876 1224 956 1253 facile
975 1225 1004 1252 in
1024 1232 1118 1253 auras.
1136 1223 1210 1251 Nihil
1224 1223 1298 1251 enim
1320 1223 1421 1254 obstat.
1441 1223 1508 1257 quin
1525 1223 1625 1250 cretum
1641 1226 1669 1250 et
1701 1227 1774 1250 terra
1808 1227 1849 1249 ta-

215 1270 272 1298 cite
288 1277 337 1304 per
367 1269 529 1298 Sermonem
556 1270 612 1298 sint
635 1270 731 1298 effecta
746 1280 753 1304 ;
771 1279 845 1299 nunc
867 1275 970 1304 autem,
1007 1275 1038 1299 ut
1054 1270 1198 1298 audientes
1217 1269 1390 1302 erudiantur,
1406 1269 1564 1297 insnnuisse
1579 1277 1684 1297 vocem.
1697 1268 1751 1297 Nec
1763 1269 1835 1296 enim

216 1322 268 1343 ceu
290 1315 428 1349 ignoranti
455 1315 579 1350 loquitur
603 1315 694 1343 Pater.
729 1315 847 1349 Quidam
880 1317 1006 1344 tribuunt
1025 1315 1087 1344 caeli
1103 1319 1131 1342 et
1145 1319 1227 1343 terra:
1252 1315 1418 1342 creationem
1442 1313 1517 1342 Patri
1545 1323 1552 1341 :
1587 1314 1769 1350 reliquorum,
1816 1318 1848 1342 ut

218 1369 283 1397 quae
300 1361 397 1389 viliora
411 1365 439 1388 et
452 1362 570 1389 exiliora
580 1363 648 1396 sint,
661 1362 853 1391 formationem
867 1364 1009 1398 assignant
1027 1361 1110 1394 Filio,
1126 1362 1210 1397 impia
1222 1365 1354 1390 sonantes
1368 1360 1461 1388 verba.

257 1406 311 1434 Kal
321 1405 402 1434 εἶδεν
416 1409 433 1435 ό
449 1407 522 1441 Θεὸς
533 1408 568 1435 τὸ
578 1408 641 1443 φῶς
655 1408 700 1435 ὅτι
717 1409 824 1437 καλόν,
841 1409 889 1439 Τὸ.
903 1409 1009 1442 καλὸν,

1096 1408 1178 1436 Vsus.
1198 1409 1225 1436 4.
1242 1407 1276 1435 Et
1292 1407 1357 1435 vidit
1381 1408 1451 1436 Deus
1473 1407 1557 1434 lucem
1579 1406 1649 1441 quod
1665 1413 1734 1435 esset
1762 1407 1844 1436 bona.

219 1452 268 1480 ἑπὶ
281 1453 332 1488 τῆς
347 1453 464 1485 κτίσεως
478 1454 528 1481 οὐκ
541 1453 658 1490 αἰσθητῇ
671 1454 721 1491 θέᾳ
732 1455 859 1490 ληπτέον·
873 1455 941 1488 Θεδς
954 1456 1009 1491 γὰρ

1060 1453 1254 1491 [Septuaginta
1272 1454 1438 1489 interpretes
1461 1454 1521 1480 loco
1536 1453 1670 1481 dictionis
1687 1453 1766 1486 bona.
1789 1454 1848 1482 col-

218 1499 272 1534 οὒχ
293 1498 381 1531 οὕτως
400 1500 463 1535 ὁρᾷ,
481 1499 582 1534 γνώσει
607 1499 637 1527 δὲ
659 1500 748 1535 οἰκείᾳ
771 1500 832 1527 καθ’
845 1501 879 1536 ἢν
895 1501 1009 1528 ἕκαστον

1059 1501 1153 1529 locant
1170 1501 1330 1534 dictionem,
1339 1500 1460 1535 pulchra,
1473 1507 1557 1535 quam
1569 1500 1768 1535 interpretatur
1780 1500 1849 1528 Pro-

220 1543 304 1580 ἑώρα,
313 1545 344 1572 οὐ
357 1545 426 1581 πρὸς
441 1545 507 1573 θέαν
519 1545 627 1578 πάντως
636 1545 804 1582 καλὸν,πρδς
814 1546 843 1573 δὲ
851 1546 902 1582 τὴν
914 1547 1010 1582 χρείαν

1059 1546 1180 1583 copius.]
1206 1546 1287 1580 Quod
1311 1546 1418 1581 inquit:
1454 1546 1581 1580 pulchra,
1603 1551 1671 1577 etc..
1701 1554 1754 1574 nou
1776 1547 1850 1574 acci-

218 1590 272 1626 τὴν
287 1591 395 1624 ἑαυτοῦ,
409 1591 456 1618 καὶ
472 1591 523 1627 τήν
537 1591 607 1628 πρὸς
621 1592 655 1619 τὰ
668 1591 750 1618 λοιπὰ
770 1593 929 1627 συμφωνίαν
944 1593 1010 1620 ἀνά-

1061 1592 1193 1628 piendum
1209 1596 1252 1620 est
1273 1592 1415 1627 pulchram
1433 1592 1597 1627 apparuisse
1620 1592 1745 1619 sensibili
1773 1593 1847 1621 visu.

219 1637 311 1670 λογον,
325 1637 360 1664 δι’
379 1639 412 1673 ἢν
423 1638 471 1665 καὶ
483 1638 599 1670 Ἀκύλας
613 1638 643 1665 τὸ
659 1637 721 1665 σὺν
737 1638 810 1673 φιλεῖ
822 1639 1006 1674 προστιθέναι·

219 1682 368 1718 τοιγαροῦν
382 1682 425 1717 ἐφ’
442 1682 559 1710 ἑκάστου
583 1682 670 1717 λέγων
691 1682 733 1709 δτι
748 1682 841 1714 καλὸν,
857 1683 900 1709 ὅτι
921 1682 1011 1710 πάντα

221 1727 431 1764 συνεπληρώθη,
451 1737 461 1755 ι
481 1729 534 1755 Καὶ
548 1726 612 1761 εἶδε,
629 1728 722 1764 φησὶν,
743 1728 757 1754 ὁ
773 1729 839 1760 Θεὸς
858 1729 946 1755 πάντα
960 1729 1012 1756 ὅσα

221 1774 364 1809 ἐποίησεν,
381 1774 431 1801 καὶ
460 1775 516 1802 ἰδοὺ
533 1774 606 1802 καλὰ
620 1774 691 1801 λίαν.
711 1783 720 1800 ι
738 1774 845 1810 Ὥσπερ
863 1774 917 1810 γὰρ
941 1774 1011 1802 λίθοι

220 1820 314 1852 καλῶς
332 1821 509 1854 λαξευθὼτες
523 1821 570 1848 καὶ
581 1820 634 1848 ἀνά
650 1821 732 1856 μέρος
750 1821 883 1856 κείμενοι,
897 1821 945 1847 καὶ
963 1821 1012 1848 ἀν·-

219 1865 347 1901 δριάντος
363 1866 445 1901 μέρη,
462 1866 584 1901 λέγοιντο
602 1866 652 1902 μὲν
678 1867 726 1894 καὶ
746 1867 806 1894 καθ’
822 1866 907 1894 ἑαυτὰ
929 1867 1011 1899 καλὰ,

220 1913 248 1938 εί
266 1912 314 1938 καὶ
332 1911 370 1948 μὴ
385 1913 480 1944 πᾶσιν,
497 1912 554 1939 ἀλλ’
571 1910 618 1940 οὖν
643 1911 683 1947 τῷ
708 1912 841 1948 τεχνικῶς
853 1912 1009 1948 Θεωροῦντι.

222 1957 280 1984 Καὶ
289 1957 400 1992 χάλικες
413 1957 479 1993 γὰρ,
495 1958 519 1984 εἰ
535 1956 583 1984 καὶ
599 1956 637 1993 μὴ
652 1956 713 1984 καθ’
729 1957 843 1987 ἑαυτοὺς
854 1955 1012 1989 καλοὶ,ἀλλ’

221 2002 271 2029 οὖν
288 2003 358 2038 μετά
371 2003 418 2030 τοῦ
433 2003 544 2035 παντὸς,
562 2002 795 2039 συναρμοσθέντες
807 2002 835 2028 δὲ
856 2002 925 2037 πρὸς
944 2001 1012 2028 κάλ-

222 2047 270 2079 λος
285 2047 502 2083 οἰκοδομήματος
516 2047 564 2074 καὶ
577 2046 624 2074 τοῦ
638 2048 697 2079 ἐνὸς
705 2047 860 2082 ἀνδριάντος
870 2046 956 2081 μείζω
966 2046 1012 2073 τὸν

222 2091 336 2118 ἔπαινον
358 2092 490 2127 δέχονται,
506 2091 579 2119 οὓτω
608 2091 656 2119 καὶ
681 2091 716 2118 τὰ
733 2091 804 2127 μέρη
821 2090 871 2126 τῆς
886 2091 1011 2121 κτίσεως.

221 2138 280 2173 τὴν
292 2138 394 2173 ἀκριϐῆ
409 2138 437 2164 δὲ
453 2138 548 2174 χρείαν
561 2137 610 2165 καὶ¹
622 2137 673 2172 τὴν
687 2137 755 2173 πρὸς
769 2137 803 2164 τὰ
816 2136 897 2164 λοιπὰ
909 2137 1013 2165 τούτων

221 2183 380 2218 ἀναλογίαν,
402 2183 529 2218 αἰσθήσει
548 2183 768 2217 καταλαμὸἁνειν
786 2182 916 2210 ἀδύνατον
936 2182 1013 2209 οὐδὲν

222 2229 262 2261 ὡς
285 2228 325 2265 τῷ
349 2230 468 2264 τυχόντι.
492 2229 644 2265 Τοιγαροῦν
670 2229 818 2264 ἑτερόδοξοι
843 2229 939 2265 πόρρω
962 2227 1013 2263 τῆς

221 2275 351 2310 τοιαύτης
362 2275 439 2307 ὄντες
450 2276 580 2311 νοήσεως,
588 2275 790 2312 προσκόπτουσι
798 2276 830 2310 τῇ
845 2275 900 2301 τῶν
910 2274 1012 2311 θηρίων

222 2321 346 2356 ὠμότητι
357 2321 406 2348 καὶ
418 2320 458 2356 τῷ
471 2321 525 2348 τῶν
537 2321 660 2356 ἑρπετῶν
675 2320 717 2356 ἰῷ,
730 2322 777 2347 καὶ
790 2321 830 2356 τῷ
845 2320 1013 2356 ἐμφαινομέ-

223 2376 263 2403 νῳ
273 2367 405 2403 ἀχρήστῳ
422 2368 471 2403 τῆς
483 2376 564 2394 τινων
580 2367 766 2398 ὑποστάσεως,
781 2366 827 2394 καί
843 2375 926 2400 φασιν
936 2366 953 2401 ἢ
975 2366 1013 2402 μὴ

224 2413 291 2441 Θεὸν
307 2410 377 2440 εἶναι
392 2413 438 2440 τδν
452 2412 539 2440 ταῦτα
556 2413 720 2447 ποιήσαντα,
733 2412 750 2447 ἢ
763 2412 801 2448 μὴ
817 2412 920 2446 ἀγαθὸν
934 2411 1011 2439 Θεόν.

226 2460 288 2487 Ὀτι
305 2459 335 2486 δὲ
348 2459 380 2486 τὸ
391 2458 466 2486 ἰδεῖν
480 2458 528 2485 ἐπὶ
544 2458 594 2493 τῆς
609 2459 729 2492 νοήσεως
747 2459 866 2493 εἴρηται,
882 2457 962 2492 δῆλον
981 2457 1012 2490 ἑξ

225 2502 263 2532 ὧν
281 2506 310 2531 ἑν
330 2504 428 2540 Ἐξόδῳ
441 2504 535 2539 φησίν·
551 2513 560 2529 ι
580 2503 670 2538 Ἐὡρα
685 2504 699 2530 ὁ
713 2503 776 2535 λαὸς
792 2502 843 2538 τὴν
861 2503 953 2538 φωνὴν
963 2502 1011 2529 τοῦ

225 2551 342 2587 Κυρίου·
362 2560 373 2577 ι
388 2550 477 2577 καίτοι
494 2550 555 2577 οὐδὲ
580 2550 597 2584 ὴ
614 2549 730 2585 αἰσθητὴ
747 2549 824 2585 φωνὴ
837 2549 934 2585 ὁρατή.
949 2549 1012 2581 Πῶς

223 2598 253 2624 δὲ
276 2597 308 2624 οὐ
327 2597 410 2624 καλὸν
432 2596 463 2623 τδ
478 2596 535 2631 φῶς
547 2596 562 2623 ὃ
575 2596 641 2628 Θεὸς
656 2597 772 2629 ἐπαινεῖ,
788 2596 837 2623 καὶ
852 2597 882 2623 τὸ
897 2597 952 2623 πᾶν
969 2596 1012 2622 δι-

225 2642 381 2677 εκόσμησε;
395 2641 451 2668 Καὶ
476 2641 544 2676 ὅπερ
557 2641 587 2667 ἐν
603 2640 743 2675 αἰσθητοῖς
757 2640 788 2667 τὸ
807 2641 900 2676 νοητὸν
915 2642 1015 2668 ἐνεικο-

225 2688 329 2720 νίζεται
343 2688 401 2723 φῶς
412 2688 551 2722 ἀναλόγως
562 2688 634 2723 ἔχειν
651 2689 755 2719 ἐκεῖνος
772 2688 900 2723 σημαίνει
912 2689 941 2715 ἑν
953 2697 1016 2723 νοη-

226 2735 294 2766 τοῖς.
308 2734 482 2769 Σημειωτέον
499 2734 528 2761 δὲ
541 2735 582 2761 ὅτι
605 2734 654 2761 σὺν
669 2735 702 2769 τῇ
723 2734 771 2760 τοῦ
788 2734 856 2761 Θεοῦ
872 2736 947 2770 φωνῇ
968 2734 1016 2761 καὶ

226 2781 241 2805 ὁ
259 2780 313 2806 τῶν
331 2780 501 2816 γιγνομένων
530 2780 742 2816 συνεισὲδραμεν
767 2780 888 2814 ἔπαινος.
909 2781 1014 2818 Ὠσπερ

265 2872 288 2886 ’³
311 2871 361 2899 Job
384 2879 505 2905 xxxvul,
522 2872 549 2900 7.

1060 1639 1151 1667 Absit.
1169 1638 1246 1666 Haud
1260 1639 1333 1666 enim
1355 1638 1475 1665 humano
1490 1646 1566 1666 more
1581 1637 1653 1666 Deus
1673 1638 1773 1671 cernit,
1799 1639 1849 1668 sed

1061 1692 1111 1720 pro
1134 1684 1252 1712 videndo
1271 1685 1356 1712 utitur
1371 1692 1423 1712 sua
1442 1684 1611 1719 cognitione,
1627 1691 1681 1719 qua
1699 1684 1775 1711 novit
1788 1692 1849 1712 ont-

1061 1732 1107 1758 nia
1121 1739 1176 1759 non
1191 1732 1251 1759 visu
1268 1731 1357 1758 solum
1375 1731 1503 1766 pulchra,
1517 1730 1563 1758 sed
1581 1730 1726 1765 cmuplecti
1739 1739 1850 1766 quoque

1062 1776 1196 1812 insignem
1210 1776 1368 1808 utilitatem,
1382 1780 1411 1804 et
1428 1776 1499 1804 inter
1513 1783 1543 1804 se
1565 1775 1657 1803 debita
1677 1780 1705 1803 et
1726 1777 1848 1812 legitima

1062 1823 1244 1858 proportione
1274 1822 1424 1850 convenire
1449 1831 1455 1849 :
1490 1827 1662 1857 quapropter
1690 1821 1790 1857 Aquila
1818 1823 1846 1849 in

1061 1875 1111 1895 Sua
1140 1867 1323 1895 translatione
1365 1867 1466 1901 adjecit
1487 1867 1572 1894 verbo
1602 1866 1678 1899 vidit,
1716 1867 1850 1902 praeposi-

1062 1913 1174 1945 tionem,
1207 1913 1267 1945 σὺν,
1296 1921 1357 1948 quae
1380 1913 1408 1940 in
1439 1914 1651 1948 compositione.
1677 1921 1746 1946 cum,
1767 1913 1852 1948 signi-

1064 1957 1126 1984 ﬁcat
1137 1977 1145 1989 ,
1161 1964 1193 1984 ac
1214 1957 1237 1984 si
1255 1957 1359 1985 diceret
1375 1966 1382 1985 :
1397 1956 1547 1986 Contuitus
1560 1963 1616 1991 est,
1629 1959 1783 1993 conspexit,
1795 1964 1850 1987 etc.

1062 2002 1141 2036 Quod
1166 2003 1283 2038 singulis
1306 2003 1364 2031 suis
1388 2003 1519 2038 operibus
1548 2002 1644 2038 Opifcx
1675 2004 1821 2038 Subjunxit
1839 2024 1848 2037 ,

1062 2048 1136 2085 quod
1149 2049 1204 2077 sint
1217 2048 1340 2084 pulchra,
1350 2048 1410 2076 ideo
1423 2049 1524 2077 factum
1534 2050 1657 2086 est,quia
1670 2050 1762 2078 omnia
1774 2055 1852 2078 erant

1063 2098 1159 2122 exacte
1171 2098 1373 2126 consummata,
1388 2099 1415 2121 ct
1428 2094 1461 2121 ad
1477 2102 1598 2130 unguem
1609 2095 1734 2127 elimata,
1749 2095 1851 2130 quibus

1064 2140 1131 2167 nihil
1160 2140 1257 2168 deesse
1287 2140 1508 2168 animadvertere
1533 2140 1684 2175 potuisses.
1701 2140 1850 2175 Propterea

1066 2185 1116 2220 12
1128 2193 1181 2212 non
1197 2184 1246 2213 abs
1255 2193 1284 2213 re
1298 2185 1387 2220 inquit
1401 2194 1407 2212 :
1427 2194 1437 2211 ‹
1452 2185 1486 2212 Ει
1503 2185 1571 2212 vidit
1585 2186 1688 2216 ontnia,
1701 2193 1764 2220 qua:
1776 2186 1851 2219 fecit,

1063 2229 1137 2265 quod
1157 2234 1251 2258 essent
1268 2237 1351 2264 supra
1372 2230 1482 2257 modum
1500 2230 1626 2265 pulchra.
1646 2239 1655 2256 ι
1674 2230 1792 2266 Lapides
1810 2231 1853 2257 iu-

1027 2291 1050 2319 Ι)
1065 2276 1177 2312 geniose
1193 2276 1258 2304 caesi
1273 2280 1301 2304 et
1316 2277 1442 2312 expoliti,
1470 2277 1577 2304 etiamsi
1602 2284 1658 2304 non
1683 2277 1854 2313 conjungan-

1067 2327 1111 2349 tur
1129 2327 1158 2350 ut
1172 2321 1235 2349 inde
1253 2325 1343 2349 statua
1366 2321 1423 2355 ﬁat,
1441 2331 1534 2350 verum
1551 2324 1668 2358 sparsim
1690 2327 1717 2351 et
1732 2323 1851 2358 sejuucti

1063 2369 1175 2404 jaceaut
1187 2376 1237 2396 ceu
1254 2373 1346 2404 partes
1363 2376 1396 2396 ex
1413 2369 1514 2404 quibus
1535 2374 1626 2397 statua
1641 2370 1813 2398 conficienda
1826 2375 1853 2398 et

1065 2413 1254 2441 connectenda
1273 2414 1309 2441 sit
1324 2424 1330 2440 :
1348 2419 1466 2442 attamen
1481 2415 1588 2449 pulchri
1606 2415 1745 2448 videntur,
1762 2416 1784 2444 si
1798 2425 1853 2445 non

1066 2459 1155 2487 cuivis
1173 2460 1274 2492 idiotas,
1288 2465 1315 2487 at
1330 2461 1352 2487 ei
1375 2460 1422 2495 qui
1442 2468 1490 2488 eos
1505 2468 1538 2488 ex
1554 2461 1661 2489 ratione
1676 2462 1743 2490 artis
1759 2463 1853 2490 consi-

1065 2506 1142 2533 derat
1153 2511 1180 2534 et
1190 2507 1323 2534 intuetur.
1343 2507 1371 2534 Si
1386 2507 1429 2534 his
1443 2514 1589 2542 compares
1604 2508 1708 2543 lapides
1718 2509 1852 2544 ignarios,

1064 2551 1116 2579 etsi
1143 2559 1191 2586 per
1224 2559 1254 2579 se
1271 2553 1385 2579 minime
1402 2552 1635 2587 pulchritudinem
1662 2557 1782 2587 teneant,
1809 2558 1853 2581 ta-

1066 2604 1128 2625 men
1145 2597 1252 2625 ratione
1273 2598 1397 2625 universi
1419 2605 1598 2633 nequaquam
1625 2606 1675 2626 sua
1701 2599 1854 2634 pulchritu-

1065 2641 1131 2670 dine
1143 2641 1344 2669 destituuntur.
1360 2642 1429 2670 Nam
1448 2643 1472 2670 si
1489 2651 1538 2671 eos
1554 2644 1728 2678 coaptaveris
1741 2645 1775 2671 ad
1791 2644 1853 2683 pui-

1065 2688 1249 2716 chritudinem
1272 2688 1391 2724 alicujus
1414 2688 1537 2721 aediﬁcii,
1557 2689 1620 2717 licet
1636 2689 1693 2716 sint
1716 2690 1852 2725 despecti,

1065 2739 1187 2762 attamen
1209 2734 1232 2761 si
1256 2738 1343 2761 totum
1372 2735 1517 2763 aediﬁcium
1545 2735 1688 2770 respicias,
1720 2741 1855 2771 superant

1068 2781 1147 2816 longe
1168 2787 1250 2807 unam
1267 2784 1394 2813 statuam,
1411 2785 1551 2816 utcunque
1577 2781 1613 2808 sit
1635 2780 1777 2808 decorata.
1804 2781 1853 2809 Sic
