2072 3157
239 190 273 226 51
896 195 1073 226 PBOCOPII
1087 197 1208 227 GAZ/EI
1835 193 1870 224 52

239 250 454 279 existimandum
469 258 570 279 censeo
579 250 613 278 de
626 249 751 285 partibus
763 250 848 278 totius
857 251 1031 283 universi,ex

1083 251 1138 286 γὰρ
1151 251 1287 278 παιδεύων
1304 251 1353 282 τὰς
1364 249 1459 286 νοερὰς
1475 249 1606 285 δυνάμεις
1621 247 1779 283 ἐφθέγξατο,
1797 247 1870 274 οὕτω

239 295 341 330 quibus
349 296 372 322 si
386 303 447 331 qua
467 303 516 331 per
529 303 558 324 se
573 295 701 323 videntur
714 295 977 326 del'orrnes,collat.'e
995 296 1029 323 ad

242 342 378 369 rationem
404 341 538 373 universi,
561 342 756 377 pulcherrima:
777 341 1028 376 deprchendemur.

241 388 378 414 Caeterum
391 392 515 414 exactam
527 387 671 414 utilitatem
686 387 855 421 singularum
869 392 897 414 et
906 391 1030 414 mutuam

241 433 313 460 inter
328 440 389 460 sese
404 432 635 465 convenientiam,
649 432 843 460 cohaerentiam
858 437 885 460 et
899 433 1029 460 commis-

241 486 334 506 suram
352 479 446 506 sensui
463 479 584 505 Itnmano
599 478 741 514 percipere
762 478 934 513 impossibile
957 484 1000 506 est
1016 487 1023 506 :

241 523 298 551 imo
322 531 373 551 nec
387 524 510 559 vulgaris
535 528 562 551 et
578 525 702 559 cujusvis
725 524 844 551 hominis
868 525 1027 554 intellectus

241 569 287 596 illa
302 570 431 604 indagare
460 575 561 605 potest.
580 570 632 604 Qui
658 569 795 597 diversam
823 571 942 598 retinent
970 572 1030 606 opi-

242 614 365 647 nionem,
398 614 524 650 profecto
537 615 605 642 nihil
621 614 751 642 differunt
767 615 803 642 ab
821 615 1030 643 immanissimis

1083 297 1164 324 πάλιν
1180 297 1276 328 αὑταῖς
1290 295 1375 328 δεῖξαι
1389 295 1550 331 βουλόμενος
1573 294 1611 326 ὡς
1624 294 1674 320 οὐκ
1696 294 1775 325 ἄλλος
1791 293 1840 328 μὲν
1854 293 1870 319 ό

1083 344 1179 376 ποιῶν,
1194 343 1273 374 ἄλλος
1289 343 1317 369 δὲ
1341 344 1354 369 ὁ
1378 343 1479 378 κρίνων
1516 341 1573 368 ἀλλ’
1598 340 1657 372 ἐνὸς
1683 340 1751 366 Θεοῦ
1766 339 1870 366 τούτων

1083 390 1225 425 ἑκάτερον,
1250 390 1283 424 τῇ
1309 389 1419 423 ποιήσει
1442 387 1544 422 συνῆψε
1569 387 1619 421 τὴν
1635 385 1726 421 κρίσιν
1747 385 1795 411 καὶ
1820 384 1870 418 τὴν

1084 435 1148 470 περὶ
1163 435 1217 462 τῶν
1233 435 1388 469 γεγονότων
1406 433 1579 469 δοκιμασίαν·
1597 431 1666 467 ὁμοῦ
1684 432 1731 458 καὶ
1750 438 1871 466 προανα-

1081 480 1224 517 [σ]τέλλων
1239 481 1288 515 τὴν
1313 480 1368 507 τῶν
1379 480 1476 515 ψέγειν
1491 479 1653 514 τολμώντων
1670 478 1719 513 τὴν
1735 476 1870 512 αίσθητὴν

1081 527 1261 562 δημιουργίαν
1272 527 1408 562 δαιμόνων
1417 526 1578 557 ὑπόστασιν,
1588 525 1635 552 καὶ
1642 525 1692 558 τὴν
1704 523 1783 550 ἄθεον
1792 523 1869 557 αἴρε-

1083 581 1137 604 σιν,
1151 573 1177 599 οἳ
1190 574 1238 599 καὶ
1250 573 1340 608 κακὴν
1355 572 1441 608 ἀρχὴν
1458 571 1663 602 ἁναπλάσαντες
1683 569 1870 603 ἀντεγείρουσι

1083 618 1123 653 τῷ
1137 618 1208 654 Θεῷ.

241 659 392 693 belluis,ct
405 660 523 687 malefici
540 660 650 694 generis
673 660 829 695 reptilibus.
847 659 913 687 Nam
932 668 1027 688 sanam
1047 663 1216 698 reliquorum
1243 663 1409 691 sententiam
1425 662 1587 694 dilacerare,
1616 665 1644 688 et
1675 667 1780 688 veneno
1822 666 1870 685 ex-

242 707 383 742 stinguere
397 708 535 735 nituntur.
546 707 678 743 lnquiunt
697 708 782 741 enim,
794 713 841 734 aut
853 707 939 735 Deum
953 729 960 740 ,
977 710 1023 743 qui
1045 709 1140 738 istlIa-c
1161 711 1257 738 fecerit
1274 719 1333 738 esse
1348 711 1461 743 malum,
1479 716 1525 737 aut
1541 718 1594 737 non
1610 709 1716 736 fecisse.
1731 707 1806 735 lianc
1818 707 1870 734 im-

243 753 313 786 piam
333 753 489 788 opinionem
511 753 661 787 accipiunt,
681 753 747 781 dum
767 753 942 781 considerant
963 753 1099 782 feritatem
1122 756 1285 788 belluarum,
1301 760 1328 784 et
1342 755 1512 791 serpentium
1537 753 1670 782 maleficia
1698 760 1746 788 per
1760 760 1799 785 se,
1818 757 1871 779 nec

241 800 385 827 conferunt
404 801 436 827 ad
460 801 590 828 rationem
612 801 697 835 hujus
713 801 798 829 totius
819 801 932 835 opificii.
968 801 1048 834 Quod
1086 808 1175 830 autem
1192 804 1318 836 verbum,
1344 803 1421 836 vidit,
1442 802 1636 838 porrigendum
1656 801 1692 829 sit
1713 800 1746 827 ad
1764 800 1871 827 intelle-

241 848 341 873 ctivam
363 848 502 881 virtutem,
519 847 573 875 fide
589 848 688 883 dignus
706 849 785 876 testis
797 852 839 876 est
856 848 955 881 Moses,
975 850 1020 884 qui
1041 850 1079 877 ait
1093 850 1120 877 in
1142 851 1237 878 Exodo
1253 860 1260 879 :
1280 850 1413 878 «Videbat
1433 851 1552 885 populus
1566 856 1659 876 vocen:
1677 847 1753 874 Dei.»
1766 846 1799 873 At
1819 853 1872 873 vox

241 901 296 920 non
312 894 440 926 visibilis,
453 895 500 922 sed
515 895 645 923 audibilis
661 901 713 923 est.
730 895 782 923 Sed
799 896 860 931 quis
875 896 1057 931 reprehendat
1071 897 1170 928 lucem.
1185 905 1246 925 ctnn
1265 906 1279 924 a
1296 897 1351 925 Deo
1384 898 1444 932 ipso
1476 895 1603 923 laudibus
1637 892 1777 921 vehatur?
1807 892 1865 919 imo

240 941 304 974 quis
319 949 379 968 eam
392 943 548 977 vituperare
559 943 684 976 audebit,
700 951 761 970 cum
776 947 872 971 cernat
885 944 919 971 ab
930 952 961 971 ea
977 944 1029 972 hoc
1046 944 1203 973 universum
1217 953 1279 973 esse
1295 950 1458 973 exornatum
1479 949 1507 973 et
1521 942 1706 972 illustratum?
1724 942 1868 972 Praeterea,

241 987 315 1021 quod
329 989 415 1023 magis
432 989 465 1016 ad
478 990 539 1024 ejus
556 990 745 1018 excellentiam
760 990 834 1023 facit,
851 996 1030 1026 reprmsentat
1050 993 1130 1020 nobis
1144 994 1195 1021 sub
1215 994 1294 1027 quasi
1307 994 1368 1020 viva
1383 992 1500 1028 imagine
1519 992 1606 1019 lttcem
1640 994 1779 1021 εἰει-ηοω,
1812 995 1872 1023 (ιιικ

243 1035 380 1063 intellectu
405 1037 464 1063 solo
478 1037 619 1072 arripitur.
641 1037 777 1065 Czeterum
794 1039 946 1066 notandttm
971 1044 1023 1072 est,
1045 1047 1106 1067 cum
1127 1048 1194 1068 voce
1210 1041 1303 1068 divina
1324 1040 1406 1068 simul
1447 1038 1611 1067 convenisse
1636 1040 1664 1063 et
1701 1035 1871 1062 creationem

241 1091 332 1110 rerum
356 1083 530 1118 laudemque.
551 1084 588 1112 Ut
610 1086 683 1113 enim
707 1086 858 1114 instrueret
891 1087 1051 1122 spirituales
1071 1092 1226 1120 creaturas,
1244 1089 1406 1123 perhibetur
1441 1095 1503 1115 esse
1517 1087 1627 1113 locutus
1644 1094 1650 1111 :
1670 1084 1721 1115 sic,
1733 1087 1764 1110 ut
1781 1082 1873 1110 decla-

243 1134 317 1155 raret
330 1137 360 1156 se
376 1134 404 1156 et
425 1130 551 1164 opificem
577 1135 605 1158 et
627 1131 749 1166 judicem
774 1139 836 1159 esse
862 1133 904 1159 sui
929 1133 1031 1168 operis,
1051 1134 1210 1167 nec'alinm,
1226 1140 1374 1169 utrumque
1389 1133 1443 1161 Deo
1460 1132 1591 1167 ascripsit
1625 1130 1726 1162 Moses,
1759 1129 1873 1156 creatio-

243 1175 325 1210 nique
340 1176 427 1209 junin
442 1182 469 1204 et
485 1177 633 1211 judicium,
649 1178 767 1213 ejusque
789 1179 1027 1215 approbationem.
1066 1181 1124 1210 Hoc
1151 1182 1226 1210 facto
1262 1182 1382 1210 occurrit
1410 1181 1464 1209 illis
1491 1179 1647 1209 haereticis,
1673 1178 1719 1212 qui
1746 1177 1873 1204 nituntur

243 1228 370 1251 astruere
393 1224 459 1251 illud
482 1225 613 1255 sensibile
640 1227 779 1261 opificium
803 1235 819 1254 a
844 1227 1017 1257 daemonibus
1052 1237 1115 1258 esse
1129 1231 1280 1258 conditum.
1315 1230 1348 1256 Et
1363 1237 1430 1257 sane
1451 1236 1547 1256 eorum
1571 1225 1754 1254 confidentem
1793 1223 1873 1250 auda-

243 1270 313 1297 ciam
330 1271 488 1304 contundit,
509 1276 536 1298 et
555 1272 581 1299 in
602 1277 707 1300 arctum
724 1273 799 1308 cogit
814 1275 834 1300 θ.

280 1317 314 1344 Et
338 1317 464 1345 distinxit
479 1318 548 1346 Deus
571 1320 642 1346 inter
659 1319 743 1346 lucem
764 1326 789 1347 et
804 1320 874 1348 inter
899 1320 1030 1348 tenebras.

1119 1320 1175 1347 Καὶ
1192 1319 1368 1353 διεχώρισεν
1386 1319 1403 1345 ὁ
1417 1316 1490 1349 Θεὸς
1506 1315 1565 1343 ἀνὰ
1584 1313 1682 1349 μέσον
1703 1310 1757 1338 τοῦ
1776 1308 1873 1344 φωτὸς

242 1362 421 1399 Nequaquam
437 1365 510 1392 enim
526 1365 597 1393 inter
612 1372 642 1393 se
653 1367 879 1398 commiscentur,
897 1367 1031 1402 siquidem

243 1411 359 1438 alterum
378 1411 496 1446 habitus,
511 1406 594 1448 porro
618 1413 733 1440 alterum
759 1414 879 1448 privatio
901 1418 956 1446 est,
972 1422 1033 1450 quae

243 1456 353 1491 quidem
375 1457 535 1493 neutiquam
558 1459 634 1487 coire
649 1464 766 1494 possunt
789 1460 876 1488 altero
901 1461 1033 1489 incolumi

242 1503 403 1531 exsistente.

279 1549 362 1578 Vens.
383 1549 410 1576 5.
434 1548 468 1576 Et
492 1550 593 1577 vocavit
611 1549 681 1578 Deus
699 1551 795 1584 lucem,
807 1551 884 1579 'diem
900 1560 910 1579 :
923 1556 949 1579 et
965 1556 1033 1580 tene—

244 1596 305 1622 Μαι
319 1595 421 1622 vocavit
439 1601 551 1622 nactam.
567 1595 647 1623 Nune
663 1604 728 1623 vero
747 1597 798 1624 alia
815 1597 869 1625 diei
889 1598 960 1625 ratio
977 1603 1031 1625 est.

243 1638 311 1666 Nam
331 1644 392 1673 post
408 1643 530 1666 creatttm
558 1639 655 1672 solem,
669 1640 728 1668 dies
747 1645 790 1668 est
812 1648 828 1668 a
849 1641 916 1669 solis
941 1642 1033 1676 splen-

244 1686 312 1713 dore
341 1685 513 1714 illuminatus
534 1693 580 1712 aer
601 1685 630 1713 in
651 1686 845 1722 hemisphaerio
867 1692 964 1715 nostro
987 1696 1033 1715 suo

244 1736 294 1764 pra
315 1735 429 1758 terram.
447 1730 506 1758 Nox
526 1735 568 1759 est
583 1732 683 1759 umbra
706 1736 797 1764 term,
811 1741 873 1768 quae
885 1734 1032 1770 contingit,

244 1776 291 1803 ubi
311 1777 446 1804 occiderit
468 1777 521 1805 sol.
537 1777 616 1805 Tunc
639 1782 743 1811 autem,
758 1779 865 1806 scilicet
891 1779 918 1806 in
940 1787 1032 1806 rerum

243 1823 408 1858 primordio,
426 1831 480 1851 non
502 1823 655 1852 secundum
680 1832 792 1852 cursum
815 1825 884 1854 solis
901 1826 1033 1853 nosceba-

244 1874 290 1896 tur
309 1869 380 1900 dies,
405 1877 501 1897 verum
530 1869 699 1906 primogenia
726 1874 754 1898 et
780 1871 901 1906 undique
915 1872 1033 1899 circum-

244 1914 305 1942 fusa
321 1915 380 1947 lux,
393 1914 469 1949 juxta
484 1915 596 1942 modum
613 1923 628 1942 a
640 1915 697 1943 Deo
713 1916 856 1944 deﬁnitum
875 1921 1030 1947 contracta.

244 1960 317 1988 diem
335 1960 495 1995 praestabat,
512 1960 556 1987 cui
570 1960 670 1989 deinde
683 1961 851 1990 succedebat
868 1969 933 1990 nox.
945 1962 1031 1995 Diem,

244 2005 336 2040 inquit
350 2026 357 2038 ,
374 2006 493 2033 vocavit.
516 2005 621 2042 Ἡμέρα
640 2006 734 2035 Graeca
747 2007 831 2035 dictio
840 2008 1034 2043 ponitur,qna:

245 2053 391 2086 quamdam
401 2052 638 2080 mansuetudinem
652 2053 793 2088 importat.
806 2053 945 2089 Quidquid
960 2055 1033 2081 enim

245 2098 346 2125 festum
368 2102 395 2125 et
419 2097 508 2125 hilare
537 2101 590 2130 est,
618 2098 645 2125 id
672 2097 766 2126 Graece
785 2099 900 2134 ἥμερον,
927 2099 954 2126 id
979 2104 1033 2130 est,

244 2144 383 2179 placidum
411 2149 439 2172 et
463 2150 637 2173 mansuetum
666 2146 805 2180 appellare
830 2146 930 2174 solent.
959 2145 1034 2179 Qua-

243 2194 355 2226 propter
379 2190 462 2218 etiam
493 2191 692 2218 humanitatem
721 2191 762 2219 vel
791 2192 1032 2220 mansuetudinem

244 2238 418 2264 nominamus
430 2236 598 2272 ἡμερότητα.
614 2236 749 2265 Praeterea
771 2238 823 2264 alia
841 2237 1032 2266 mansuefacta

244 2291 437 2318 nuncupamns
455 2283 557 2318 ἥμερα,
579 2282 606 2310 id
622 2287 676 2316 est,
691 2284 787 2311 cicnra
807 2288 834 2310 et
850 2288 956 2319 pacata.
974 2283 1033 2311 Nox

243 2328 349 2356 dicitur
369 2328 473 2356 Graecis
489 2328 547 2361 νύξ,
561 2330 640 2364 quasi
669 2329 771 2361 νύττει,
787 2328 813 2356 id
834 2333 887 2361 est,
910 2329 1033 2357 stimulet

245 2373 386 2401 hominem
419 2372 477 2400 fere
502 2373 695 2406 dormientem,
718 2374 834 2402 subinde
853 2375 998 2402 inculcans
1024 2383 1031 2401 :

245 2419 337 2452 Disce,
354 2420 447 2452 homo,
462 2423 489 2447 te
505 2427 566 2447 esse
579 2420 733 2453 mortalem,
749 2424 776 2448 et
796 2428 894 2448 somno
909 2421 1031 2454 servire;

244 2472 273 2494 et
285 2467 351 2503 quid
375 2468 480 2502 majora
497 2468 552 2495 tuis
566 2467 671 2495 viribus
686 2471 714 2495 et
729 2467 836 2495 moliris
852 2471 880 2495 et
903 2468 1033 2502 cogitas?

244 2513 312 2541 Nam
329 2513 378 2547 νύξ
390 2518 434 2541 est
450 2514 601 2549 κατανυγή,
619 2513 646 2541 id
671 2517 725 2548 est,
741 2513 895 2541 stimulatio
911 2514 951 2541 vel
977 2514 1033 2540 ad-

243 2559 372 2586 monitio.
387 2559 457 2586 Hinc
473 2563 564 2587 motus
586 2559 684 2591 David,
711 2559 750 2586 ait
766 2568 774 2587 :
792 2568 803 2585 «
820 2558 977 2594 Loquimini
1005 2559 1031 2586 in

244 2606 328 2632 corde
340 2609 442 2638 vestro,
463 2610 488 2632 el
505 2605 532 2632 in
549 2605 676 2632 cubiculo
685 2610 787 2637 vestro,
796 2608 824 2632 et
833 2604 1027 2632 stirnuleminii

1083 1366 1132 1394 καὶ
1145 1366 1203 1393 ἀνὰ
1217 1364 1314 1400 μέσον
1327 1363 1380 1391 τοῦ
1395 1363 1535 1394 σκότους.
1550 1361 1670 1395 Ἀμικτα
1681 1357 1734 1392 γὰρ
1747 1355 1872 1390 ἀλλήλοις

1084 1413 1111 1440 εἴ
1123 1421 1155 1447 γε
1167 1412 1198 1438 τδ
1213 1411 1262 1444 μὲν
1288 1411 1356 1444 ἕξις,
1369 1410 1400 1437 τὸ
1413 1409 1441 1436 δὲ
1457 1408 1611 1442 καθέστηκε
1639 1406 1777 1441 στέρησις·
1799 1403 1871 1438 ἅπερ

1084 1458 1209 1494 ἀλλήλοις
1233 1457 1391 1494 ἅσὺμὸατα,
1413 1455 1460 1482 τοῦ
1481 1454 1578 1490 ἑτέρου
1603 1451 1791 1480 ἀνυποστάτου
1808 1458 1872 1484 τυγ-

1084 1506 1224 1542 χάνοντος.

1118 1551 1174 1579 Καὶ
1183 1550 1332 1578 ἐκάλεσεν
1348 1550 1364 1576 ό
1390 1547 1464 1580 Θεὸς
1480 1546 1513 1574 τὸ
1536 1544 1599 1581 φῶς
1613 1543 1737 1579 ἡμέραν,
1764 1541 1814 1569 και
1838 1542 1872 1568 τὸ

1085 1598 1195 1630 σκότος
1221 1596 1350 1623 ἐκάλεσε
1376 1594 1481 1621 νύκτα.
1499 1591 1557 1618 Νῦν
1582 1591 1632 1626 μὲν
1649 1590 1718 1625 μετὰ
1732 1588 1781 1624 τὴν
1794 1588 1871 1623 ἡλίου

1084 1645 1201 1679 γένεσιν,
1217 1641 1308 1677 ἡμέρα
1325 1639 1398 1666 ἐστὶν
1413 1640 1427 1665 ὁ
1442 1637 1493 1664 imo
1508 1635 1584 1672 ἡλίου
1597 1634 1803 1669 πεφωτισμένος
1818 1633 1872 1667 ἀὴρ

1084 1692 1122 1718 ἐν’
1139 1689 1178 1725 τῷ
1203 1689 1274 1720 ὑπὲρ
1300 1687 1352 1722 γῆν
1374 1683 1548 1721 ἡμισφαιρίῳ
1572 1682 1738 1717 λάμποντος,
1761 1679 1809 1707 καὶ
1823 1679 1872 1712 νὺξ

1085 1736 1208 1770 σκίασμα
1222 1735 1272 1770 τῆς
1281 1733 1332 1768 γῆς
1346 1726 1591 1767 ἀποκρυπτομένου
1606 1728 1683 1763 ἡλίου
1697 1727 1870 1762 γιγνόμενον.

1084 1782 1152 1808 Τότε
1164 1781 1192 1807 δὲ
1209 1780 1239 1807 οὐ
1251 1779 1321 1806 κατὰ
1332 1778 1381 1813 τὴν
1391 1778 1499 1811 κίνησιν
1513 1775 1639 1812 ἡλιακὴν,
1653 1774 1710 1801 ἀλλ’
1722 1772 1871 1808 ἀναχεομέ-

1083 1834 1130 1852 νου
1144 1823 1215 1852 κατὰ
1231 1823 1260 1850 τὸ
1281 1822 1391 1858 ὁρισθὲν
1411 1822 1509 1857 μέτρον
1529 1819 1605 1854 παρὰ
1619 1818 1667 1846 τοῦ
1684 1818 1764 1850 Θεοῦ,
1779 1817 1871 1852 ἡμέρα

1083 1871 1192 1906 ἐγένετο
1205 1869 1252 1896 καὶ
1268 1868 1316 1901 νὺξ
1331 1867 1470 1902 ἀντεπῄει.
1486 1864 1608 1900 Ἠμέραν
1621 1864 1660 1897 δὲ,
1674 1864 1766 1898 φασιν,
1775 1863 1870 1890 ὲκάλε-

1084 1925 1141 1947 σεν,
1153 1915 1247 1950 ἐπειδὴ
1265 1915 1319 1941 πᾶν
1344 1913 1374 1940 τὺ
1388 1912 1501 1948 φαιδρὸν
1517 1912 1564 1938 καὶ
1585 1910 1677 1946 ἱλαρὸν
1695 1910 1809 1944 ἥμερον
1824 1908 1870 1935 λέ-

1084 1971 1173 1998 γεται·
1186 1961 1226 1988 διὸ
1237 1961 1285 1988 καὶ
1298 1960 1346 1996 τὴν
1362 1958 1569 1995 φιλανθρωπίαν
1588 1957 1756 1993 ἡμερότητα
1772 1954 1872 1982 καλοῦ-

1088 2016 1148 2044 μεν*
1162 2008 1211 2036 καὶ
1222 2008 1257 2034 τὰ
1277 2006 1407 2043 χειροήθη
1431 2005 1514 2041 θηρία
1535 2005 1640 2038 ἥμερα.
1658 2002 1722 2034 Νὺξ
1737 2002 1766 2029 δὲ
1779 2001 1873 2028 καλεί-

1085 2063 1142 2087 ται,
1150 2053 1244 2089 ἐπειδὴ
1257 2053 1346 2079 νύττει
1359 2052 1405 2078 τὸν
1419 2051 1563 2086 ἄνθρωπον
1577 2049 1625 2076 καὶ
1636 2048 1809 2079 καθεύδοντα,
1822 2055 1872 2081 μο-

1085 2100 1193 2135 νονουχὶ
1205 2099 1336 2134 λέγουσα·
1355 2097 1444 2129 Μάθε,
1460 2096 1587 2132 ἄνθρωπε
1608 2095 1645 2126 ὼς
1661 2093 1756 2128 θνητὸς
1772 2090 1798 2119 εἷ
1825 2091 1872 2118 καὶ

1086 2145 1163 2180 ὕπνῳ
1182 2142 1319 2175 δουλεύεις
1329 2151 1336 2158 ·
1350 2141 1397 2169 καί
1413 2150 1440 2168 τι
1455 2139 1580 2177 φαντάζῃ
1596 2139 1630 2167 τὰ
1642 2139 1713 2174 ὑπὲρ
1729 2137 1774 2169 σέ;
1788 2138 1805 2173 ἡ
1818 2138 1872 2172 γὰρ

1084 2191 1133 2224 νὺξ
1158 2189 1311 2223 natm-11M
1337 2189 1420 2214 ἔστιν.
1439 2187 1521 2214 Ὅθεν
1541 2185 1589 2213 καὶ
1606 2187 1620 2212 ὁ
1635 2184 1726 2216 Δασὶδ,
1742 2193 1751 2209 ι
1769 2184 1802 2210 Ἀ
1826 2182 1871 2209 λὲ-

1083 2244 1157 2270 γετε,
1170 2235 1264 2270 φησὶν,
1278 2235 1307 2260 ὲν
1318 2234 1378 2265 ταῖς
1392 2232 1516 2267 καρδίαις
1528 2230 1616 2265 ὑμῶν,
1631 2229 1677 2256 ἐπὶ
1690 2229 1751 2260 ταῖς
1765 2227 1871 2257 κοίταις

1084 2282 1161 2318 ὑμῶν
1183 2280 1366 2315 κατανὺγητε.
1385 2287 1394 2305 ι
1430 2279 1473 2310 Ὠς
1488 2277 1517 2304 δὲ
1542 2275 1669 2312 βασιλεῦς
1692 2276 1722 2302 ὲν
1742 2275 1775 2310 τῇ
1792 2273 1870 2300 πόλει

1083 2327 1246 2364 προστάξειέ
1269 2335 1296 2353 τι
1311 2324 1448 2360 γενέσθαι,
1463 2322 1522 2350 εἶτα
1536 2322 1627 2354 καλῶς
1638 2321 1749 2356 γεγονὸς
1765 2319 1872 2347 ἐπαινέ-

1083 2383 1151 2406 σειε,
1166 2373 1214 2401 καὶ
1230 2372 1300 2409 μετὰ
1320 2371 1406 2398 ταῦτα
1426 2370 1495 2407 πρὸς
1513 2369 1561 2405 τὴν
1576 2368 1768 2404 προσήκουσαν
1781 2374 1868 2393 κατα-

1081 2420 1173 2452 τάξειε
1190 2419 1294 2455 χρείανο
1321 2417 1407 2450 οὕτως
1428 2417 1442 2444 ὁ
1469 2416 1535 2447 Θεὸς
1561 2413 1622 2442 εἷπε
1648 2412 1776 2449 γενέσθαι
1800 2411 1870 2446 φῶς,

1082 2467 1199 2502 ἐπῄνεσε
1213 2464 1335 2500 γεγονὸς,
1354 2463 1452 2499 ὥρισεν
1469 2463 1507 2494 ὼς
1520 2461 1636 2497 ἡμελλεν
1651 2458 1804 2494 ἐπιτήδειον
1817 2465 1871 2491 φαο

1083 2512 1187 2540 νεῖσθαι
1202 2511 1240 2546 τῷ
1251 2511 1356 2546 κόσμῳ.
1369 2509 1455 2536 Τοῦτο
1471 2508 1526 2544 γὰρ
1540 2507 1615 2543 δηλοῖ
1630 2505 1671 2538 τὸ,
1683 2514 1693 2531 ι
1711 2503 1871 2539 διεχώρισεν

1083 2560 1135 2587 ἀνὰ
1154 2559 1245 2594 μέσον.
1267 2566 1276 2582 ι
1295 2556 1353 2583 Οὐκ
1373 2555 1512 2590 ἠϐουλήθη
1525 2553 1579 2588 γὰρ
1594 2550 1735 2582 παντελῶς
1751 2548 1788 2585 μὴ
1800 2546 1870 2575 εἷναι

1081 2606 1112 2633 τὺ
1128 2605 1233 2636 σκότος·
1243 2602 1385 2637 ἐπιτηδεία
1399 2600 1453 2636 γὰρ
1464 2601 1481 2635 ἡ
1489 2599 1538 2632 νὺξ
1553 2596 1709 2633 ἀνθρώποις
1723 2596 1770 2622 καὶ
1778 2594 1867 2627 ζώοις·

243 2652 285 2678 γει
306 2660 315 2677 ι
333 2650 550 2687 ριιιιεηιηὶηνδδ
566 2650 668 2679 Verum
680 2651 809 2679 Hebraeus
821 2651 902 2678 habet
914 2671 922 2683 ,
937 2655 1029 2678 tacete.

1083 2653 1140 2683 τοῖς
1159 2651 1216 2686 μὲν,
1230 2647 1464 2682 ἀναπαυομένοις·
1476 2646 1531 2677 τοῖς
1546 2644 1585 2676 δὲ,
1604 2641 1764 2677 νεμομένοις
1775 2649 1783 2657 ι
1802 2639 1871 2691 ..Ἐν

244 2696 480 2728 Quemadmodum
513 2705 560 2725 rex
586 2697 698 2733 aliquis,
719 2698 768 2733 qui
794 2698 822 2725 in
848 2697 916 2725 urbe
937 2697 1028 2734 aliqua

243 2743 310 2776 quid
327 2743 385 2770 ficri
402 2745 540 2779 praecepit,
555 2745 602 2772 ubi
622 2744 726 2772 factum
744 2748 798 2778 est,
813 2744 840 2772 id
865 2744 945 2772 laude
960 2745 1029 2772 insi-

1083 2698 1152 2732 αὐτῇ
1177 2696 1231 2732 γὰρ
1256 2693 1428 2728 ἐξελεύσεται
1453 2691 1542 2718 πάντα
1571 2690 1606 2716 τὰ
1633 2689 1717 2725 θηρία
1744 2687 1791 2714 τοῦ
1805 2687 1870 2722 δρυ-

1086 2753 1146 2780 μου.
1154 2753 1163 2769 ι

245 2792 290 2823 ιιιιὶ
305 2777 573 2823 εποντο-εοιιευενὶι,
592 2793 687 2826 postea
701 2790 727 2817 id
743 2790 777 2817 ad
797 2798 889 2822 usum,
911 2797 993 2825 quem
1008 2777 1102 2817 animo
1128 2788 1179 2824 13
1201 2785 1365 2817 destinavit.
1409 2781 1598 2811 accommodat
1619 2790 1626 2808 :
1648 2779 1732 2807 simili
1766 2777 1871 2806 ratione

244 2836 378 2872 praecepit
398 2836 481 2870 Deus,
503 2841 534 2865 ut
554 2837 677 2866 oriretur
702 2837 758 2871 lux,
783 2841 906 2865 exortam
929 2836 1108 2869 collaudavit,
1130 2840 1224 2871 postea
1243 2840 1304 2861 eam
1328 2831 1466 2868 disposuit
1483 2830 1518 2859 ad
1552 2837 1616 2858 eum
1653 2827 1774 2860 modum,
1813 2835 1871 2862 quo

283 2924 304 2941 "
326 2923 398 2954 l‘sal,
424 2932 461 2956 l\',
476 2924 502 2952 5.
