2072 3157
196 174 232 206 53
738 176 990 206 COMMENTARI

1044 176 1059 206 Ἴ
1079 176 1246 206 GENESIN
1783 176 1819 209 54

196 230 373 258 existimabat
395 230 500 258 mundo
510 231 573 259 usui
588 231 720 259 futuram.
732 231 766 259 Et
779 232 831 259 hoc
844 232 981 267 colligitur
992 240 1025 260 ex
1041 232 1136 265 verbo,
1154 241 1164 258 ι
1178 231 1306 259 distinxit
1319 241 1328 257 ι
1346 232 1389 259 vel
1407 231 1516 259 «divisit
1528 242 1551 260 ι.
1568 232 1661 260 Voluit
1672 234 1773 261 etenim
1793 238 1820 262 et

197 276 325 304 tenebras
334 283 398 304 esse
413 281 506 304 mutua
519 278 698 306 successione
709 285 757 306 seu
771 278 973 306 vicissitudine.
992 278 1064 306 Nam
1076 285 1130 306 nox
1146 277 1306 305 hominibus
1339 282 1367 306 et
1391 278 1503 313 reliquis
1534 279 1724 308 animantibus
1764 281 1820 307 uti-

199 325 232 351 lis
246 328 299 351 est.
312 323 370 352 lllis
385 331 496 352 suavem
515 325 634 360 quietem
653 326 756 361 praebet
773 335 780 353 :
803 326 847 354 his
862 326 894 354 ad
913 334 1017 361 pascua
1029 326 1112 354 eundi
1132 326 1240 361 copiam
1266 324 1343 358 facit,
1382 330 1412 353 ut
1442 327 1520 353 canit
1559 327 1652 363 regius
1691 326 1820 354 Psaltes:

202 381 211 397 ι
236 369 318 399 Ponis
333 371 465 399 tenebras
492 375 520 398 et
545 371 575 398 fit
592 378 657 405 nox,
674 375 702 399 et
722 372 751 399 in
767 380 799 400 ea
816 376 985 407 proserpunt
1003 378 1100 399 omnes
1118 371 1213 398 bestiae
1229 370 1306 398 silvae
1325 371 1358 397 ".
1378 380 1387 397 ›
1402 400 1406 405 _

234 415 288 442 Καὶ
308 416 428 451 ἐγένετο
449 415 525 450 πρωῒ
540 415 636 450 ἡμέρα
649 417 713 451 μία.
734 416 764 444 '0
778 417 918 452 χωρισμὸς
930 417 959 444 ὃν
971 417 985 443 ό

1071 415 1106 442 Et
1123 416 1174 450 fuit
1188 423 1307 450 vespera,
1327 415 1429 451 fuitque
1449 424 1526 444 mane
1543 416 1599 443 dies
1619 424 1698 443 unus.
1717 415 1822 442 Distin-

200 461 266 493 Θεὸς
275 460 434 497 διεχώρισεν
451 461 553 496 μεταξὺ
567 461 616 489 τοῦ
633 462 721 496 φωτδς
738 462 845 489 καὶτοῦ
863 463 985 495 σκότους,

201 508 265 539 τοὺς
285 508 391 539 κοινοὺς
408 508 573 543 ἀμφοτέρων
590 508 778 543 ἀπεγέννησεν
793 509 883 544 ὅρους·
899 509 988 546 πέρας

201 553 257 588 γὰρ
273 553 380 589 ἡμέρας
403 554 453 589 μὲν
464 555 482 590 ἡ
496 554 612 589 ἑσπέρα,
628 554 725 586 νυκτὸς
739 555 769 582 δὲ
784 555 913 591 τὸτπρωῒ·
940 556 990 584 καὶ

203 598 347 631 ἀνάπαλιν,
365 598 437 635 ἀρχὴ
469 599 519 635 μὲν
543 599 649 635 ἑσπέρα
676 601 785 634 νυκτὸς,
808 601 838 628 τὸ
860 601 933 636 πρωῒ
961 601 990 628 δὲ

203 643 322 678 ἡμέρας.
343 644 401 670 ’Διὶ
425 644 480 680 γὰρ
495 645 530 672 τὰ
559 645 665 681 πέρατα
682 646 730 672 καὶ
751 646 786 673 τὰ
807 646 872 682 τέλη
896 646 945 674 καὶ
961 647 989 673 αι

203 689 288 724 ἀρχαὶ
311 689 534 718 σιδνεπινοοῦνται
559 692 618 723 τοῖς
647 691 819 726 πράγμασιν.
838 691 919 719 Ὅθεν
940 692 991 720 οὐκ

203 731 294 767 εἶπεν,
308 735 438 771 Ἐποίησε
453 736 503 771 τὴν
517 737 639 771 ἑσπέραν
655 737 701 764 καὶ
725 738 756 764 τ).
778 736 860 772 πρωϊ,
876 737 933 764 ἀλλ’
949 739 990 765 ὅτι

203 779 327 815 Γέγονε,
344 781 549 809 συνυποστάντα
561 781 601 817 τῷ
620 782 752 818 χωρισμῷ
765 782 814 810 τοῦ
832 783 921 818 φωτὸς
943 785 991 812 καὶ

204 825 252 852 τοῦ
267 825 390 858 σκότους.

240 913 357 950 Πλειστη
371 913 400 941 δὲ
413 914 528 950 ζήτησις
545 916 610 950 περὶ
622 916 681 950 τοῦ,
697 916 771 949 τινος
789 918 922 953 ἡγήσατο.
937 919 992 946 Καὶ

204 960 296 986 αὐτῶν
321 960 377 996 γὰρ
403 961 459 988 τῶν
474 962 569 988 οὐσίαν
589 962 637 990 καὶ
663 963 745 998 φύσιν
758 965 909 1000 εἰρηκότων
922 963 992 992 εἶναι

204 1005 253 1032 τοῦ
269 1006 394 1040 σκάτους,
419 1007 445 1033 οἱ
472 1007 521 1042 μὲν
540 1008 590 1044 τὴν
604 1009 723 1044 ἡμέραν,
737 1010 762 1037 οἱ
781 1010 810 1037 δὲ
828 1010 878 1045 τὴν
907 1011 994 1038 νύκτα

205 1051 371 1086 προέταξαν
391 1053 487 1085 κοινῶς
506 1054 557 1090 μὲν
574 1051 621 1081 οὖν
638 1054 759 1087 ἅπαντες
775 1056 801 1083 oi
819 1056 869 1092 τὴν
885 1057 993 1092 ἡμέραν

1037 461 1104 494 etio,
1117 469 1171 496 qun
1188 460 1260 489 Deus
1286 462 1405 489 secrevit
1433 461 1523 489 lucem
1545 466 1571 489 et
1588 463 1727 494 tenebras,
1747 469 1824 489 com-

1037 515 1136 535 munes
1151 507 1278 542 utrisque
1297 507 1374 535 dedit
1383 511 1411 535 et
1430 508 1581 543 praestituit
1610 508 1759 535 terminos.
1777 507 1823 534 Fi-

1037 553 1083 581 nis
1111 553 1187 581 enim
1212 553 1289 586 diei,
1309 558 1338 580 ut
1361 558 1486 589 apparet,
1511 558 1701 589 est~vespera:
1732 554 1824 581 noctis

1038 606 1116 631 vero,
1133 606 1224 627 mane.
1254 599 1287 626 Et
1313 599 1439 627 vicissim
1471 607 1519 627 seu
1544 599 1643 627 ordine
1673 607 1823 632 converso,

1039 644 1148 673 initium
1166 644 1279 680 quidem
1308 645 1400 673 noctis
1419 653 1535 680 vespera
1560 649 1615 676 est,
1637 649 1664 672 et
1681 652 1762 672 mane
1776 645 1826 672 iiii-

1037 692 1108 719 tium
1132 691 1198 720 diei.
1222 691 1336 727 Semper
1360 691 1461 720 etenim
1478 691 1627 727 principia,
1648 693 1716 719 lines
1734 696 1826 718 extre-

1039 737 1206 771 mitatesque
1234 736 1433 772 concipiuntur
1451 737 1535 764 simul
1551 744 1613 764 cum
1630 737 1712 764 rebus
1724 737 1825 763 animo.

1040 782 1216 818 Quapropter
1248 790 1305 810 non
1338 783 1427 810 dixit:
1462 782 1549 816 Fecit,
1575 783 1642 810 sed:
1674 793 1683 808 ι
1712 782 1826 810 Factum

1039 833 1092 861 est,
1114 838 1124 854 ι
1141 833 1209 860 etc.,
1231 829 1312 864 quasi
1331 837 1385 856 una
1401 833 1464 864 post
1479 829 1686 857 distinctionem
1708 829 1778 857 lucis
1795 832 1824 856 et

1041 874 1218 902 tenebrarum
1236 874 1425 902 substiterint.

1075 919 1199 947 Plurima
1234 919 1390 955 disputatio
1425 925 1478 953 est,
1517 923 1609 946 utrum
1640 919 1826 955 prazcesserit.

1042 964 1111 992 Nam
1128 964 1238 1000 quidam
1265 973 1299 992 ex
1325 965 1373 992 illo
1397 972 1491 1000 grege,
1519 965 1566 999 qui
1592 964 1776 992 substantiam
1801 968 1830 991 et

1042 1011 1190 1046 quamdam
1210 1015 1340 1038 naturam
1365 1011 1523 1039 concedunt
1547 1010 1681 1043 tenebris,
1700 1017 1751 1038 nec
1775 1010 1829 1044 ipsi

1043 1058 1116 1084 inter
1130 1064 1160 1085 se
1176 1057 1247 1086 satis
1263 1056 1427 1090 concordes,
1442 1057 1554 1092 quidam
1572 1062 1691 1090 noctem,
1714 1057 1828 1092 quidam

205 1098 402 1133 προτάξαντες,
420 1101 504 1134 φασὶν
523 1101 561 1133 ὡς
575 1102 609 1129 τὰ
626 1102 760 1137 πρεσϐεῖα
785 1103 942 1139 παρασχὼν¹
957 1105 991 1139 τῇ

1044 1102 1115 1130 diem
1138 1102 1167 1130 in
1183 1110 1275 1131 rerum
1293 1103 1394 1131 ordine
1416 1106 1589 1138 praponunt.
1610 1102 1663 1130 Sed
1682 1103 1729 1137 qui
1747 1109 1829 1137 argn-

205 1143 310 1179 ἡμέρᾳ,
321 1145 430 1179 πρῶτον
445 1144 507 1174 εἷπε
519 1147 621 1184 ταύτης
635 1149 665 1175 τὸ
676 1149 763 1184 πέρας
775 1148 814 1181 ὥς
829 1149 917 1184 αὐτῆς
928 1150 994 1185 ἡγη-

206 1189 330 1224 σαμένης
344 1189 392 1217 καὶ
401 1190 602 1226 παρελθούσης,
619 1192 667 1219 καὶ
682 1191 754 1220 οὕτω
768 1193 818 1228 τῆς
831 1193 928 1224 νυκτὸς
944 1193 994 1228 ἀρ-

205 1233 259 1268 χὴν
274 1233 411 1271 λαϐούσης
426 1236 536 1272 ἐκείνης
552 1236 584 1263 τὸ
602 1237 700 1273 πέρας.
723 1237 917 1273 Προλαϐούσης
940 1238 994 1273 γὰρ

206 1279 259 1313 τῆς
280 1279 399 1316 ἡμέρας,
414 1281 431 1316 ἡ
459 1282 508 1315 νὺξ
531 1283 570 1315 εις
588 1282 681 1310 ἄνεσιν
702 1285 753 1319 τῆς
771 1283 905 1319 ἡμερινῆς
929 1284 994 1319 ἡμῖν

206 1325 342 1360 ἐργασίας
364 1327 528 1361 ἐπιγίνεται.
548 1328 580 1355 Ἡ
605 1328 634 1355 δὲ
654 1328 708 1365 πρὸ
730 1328 778 1356 τοῦ
794 1328 883 1363 φωτὸς
907 1330 937 1356 ὲν
955 1329 995 1365 τῷ

207 1371 304 1406 κόσμῳ
314 1371 493 1405 κατάστασις,
509 1374 569 1409 οὑχὶ
585 1373 644 1406 νὺξ,
656 1374 724 1401 ἀλλὰ
742 1375 837 1407 σκότος
851 1375 993 1410 ἐτύγχανε.

206 1416 267 1448 Νὺξ
280 1417 309 1443 δὲ
329 1417 360 1444 τὺ
386 1418 454 1454 πρὸς
477 1419 527 1454 τὴν
543 1419 651 1456 ἡμέραν
673 1420 878 1448 ἀντιδιασταλὲν
894 1422 996 1457 ἑτέρως

208 1462 287 1498 παρὰ
296 1464 328 1490 τὸ
339 1464 435 1497 σκότος
451 1465 562 1501 κληθέν·
574 1466 605 1493 τὸ
622 1466 651 1493 δὲ
668 1466 699 1499 ἐξ
711 1467 813 1502 ἀμφοῖν
827 1467 995 1503 συμπληρω-

207 1508 256 1534 θὲν
271 1509 480 1545 ἡμερονύκτιον,
499 1511 550 1538 οὐκ
563 1511 692 1539 ἐκάλεσεν
713 1512 822 1548 ἡμέραν
835 1512 883 1540 καὶ
897 1513 994 1545 νύκτα,

207 1552 268 1580 ἀλλ’
285 1553 405 1589 ἡμέραν,
423 1555 477 1582 ἀπὸ
491 1555 538 1582 τοῦ
560 1556 727 1591 κρείττονος.
741 1557 796 1583 Καὶ
810 1557 845 1583 δι’
859 1557 924 1592 ὅλης
946 1557 996 1593 τῆς

207 1598 322 1634 Γραφῆς
342 1599 430 1633 οὓτως
451 1601 587 1637 εὑρήσεις,
610 1603 666 1629 τῶν
684 1603 790 1629 νυκτῶν
805 1604 866 1634 ταῖς
879 1603 996 1639 ἡμέραις

209 1646 421 1680 σνιιννοουμένων⁸
434 1647 449 1674 ὅ
462 1656 491 1675 τε
506 1648 561 1684 γὰρ
570 1648 735 1684 Ψαλμῳδὸς,
756 1658 765 1674 t
784 1649 817 1677 Αἰ
828 1649 930 1685 ἡμέραι
946 1649 996 1684 τῆς

207 1690 284 1726 ζωῆς
298 1692 389 1728 ἡμῶν,
413 1702 422 1719 ι
439 1694 515 1729 φησί·
538 1695 587 1722 καὶ
610 1694 722 1728 Ἰακὼϐ,
743 1704 752 1720 t
773 1695 806 1722 At
817 1695 920 1731 ἡμέραι
947 1695 996 1731 τῆς

208 1737 283 1773 ζωῆς
299 1747 351 1773 μου
368 1740 467 1775 μικραὶ
481 1741 529 1768 καὶ
539 1741 668 1777 πονηραί·
682 1750 692 1767 ι
703 1741 750 1768 καὶ
766 1741 861 1769 πάλιν·
877 1751 886 1767 ι
902 1742 996 1774 Πάσας

206 1783 258 1815 τὰς
279 1785 386 1820 ἡμέρας
408 1785 460 1820 τῆς
476 1785 547 1822 ζωῆς
564 1795 616 1820 μου
630 1795 637 1802 ·
659 1796 669 1813 ι
699 1786 834 1823 πρόδηλον
857 1787 886 1814 δὲ
909 1787 996 1814 ὅτιτὸ

206 1830 346 1866 διάστημα
361 1832 408 1858 καὶ
426 1831 473 1859 τδν
494 1832 603 1860 τοσόνδε
618 1833 718 1869 καιρὸν
731 1833 838 1868 ἡμέραν
850 1834 896 1860 καὶ
910 1833 996 1861 νύκτα

207 1875 297 1908 καλεῖ,
313 1877 343 1903 οὐ
357 1877 408 1913 τὴν
423 1878 523 1913 ἀμφοῖν
538 1877 666 1914 ὕπαρξιν·
681 1879 698 1914 ἡ
717 1878 768 1914 μὲν
784 1879 838 1914 γὰρ
853 1879 911 1914 φῶς
923 1879 998 1914 λέγε-

205 1930 254 1948 ται
271 1922 320 1948 καὶ
351 1923 457 1956 σκότος,
472 1924 504 1950 τὸ
525 1924 555 1951 δὲ
569 1925 661 1960 ἡμέρα
682 1925 731 1952 καὶ
754 1924 812 1958 νύξ.
829 1926 917 1961 Διχῶς
941 1926 997 1962 γὰρ

207 1968 303 2004 ἡμέρα
320 1970 432 2002 νοεῖται,
454 1970 526 1998 κατά
549 1979 580 1997 τε
594 1971 625 1997 τὸ
640 1971 767 2006 χρονικὺν
783 1971 932 2008 διάστημα,
949 1973 997 1999 καὶ

207 2014 280 2041 κατὰ
293 2014 341 2043 τὸν
353 2016 494 2051 φωτισμὸν
508 2016 556 2043 τοῦ
570 2016 634 2052 περὶ
649 2017 723 2052 ἡμᾶς
737 2016 828 2052 ἀέρος.
841 2018 906 2052 Καὶ,
928 2028 937 2044 ι
956 2019 995 2055 Τῇ

206 2061 301 2096 ἡμέρᾳ
314 2062 348 2096 τῇ
365 2061 446 2096 τρίτῃ
460 2061 549 2096 γάμος
564 2061 672 2096 ἐγένετο
694 2062 723 2088 ὲν
752 2063 831 2098 Κανᾷ
850 2063 899 2098 τῆς
918 2064 998 2091 Γαλι-

207 2105 298 2138 λαίας,
318 2115 327 2132 ι
349 2106 380 2133 τὺ
394 2105 477 2133 ποσδν
490 2106 542 2141 τῆς
560 2106 668 2142 ἡμέρας
687 2107 825 2142 δηλοῦται,
837 2109 886 2143 οὐχ
904 2109 921 2144 ἡ
935 2118 997 2144 φαι-

206 2150 285 2187 δρᾱῆ
300 2151 404 2187 ζοφερὰ
419 2152 520 2187 ἡμέρα·
538 2151 601 2179 Ἐὰν
620 2152 714 2189 λέγῃς,
730 2152 858 2189 Ζοφώδης
877 2155 893 2190 ἠ
912 2155 998 2190 σήμε-

205 2206 257 2233 ,ρον
270 2197 371 2233 ἡμέρα,
391 2197 422 2224 οὐ
437 2198 468 2224 τὸ
479 2198 562 2225 ποσὸν
577 2198 663 2234 αὐτῆς
683 2199 767 2233 ἐρεῖς,
781 2199 851 2226 ἀλλὰ
861 2200 891 2226 τὸ
909 2201 996 2227 ποιόν.

208 2243 244 2270 Δί
258 2243 349 2270 τοίνυν
364 2244 418 2280 πρὸ
433 2243 510 2279 ήλιου
534 2245 581 2271 καὶ
596 2244 651 2271 τῶν
666 2246 820 2281 φωστήρων
837 2246 950 2282 ἡμέραι,
967 2247 998 2273 τὸ

209 2290 294 2317 ποσὸν
309 2290 448 2326 διάστημα
461 2290 508 2317 τοῦ
522 2291 619 2326 χρόνου
645 2291 834 2327 σημαίνουσιν.
854 2292 922 2319 Οὐδὲ
942 2292 998 2329 γὰρ

208 2337 352 2372 ποιητικὸς
362 2338 377 2364 ό
390 2337 466 2372 ἡλιος
490 2338 541 2373 τῇς
552 2337 669 2373 ἡμέρας,
685 2337 753 2365 ἀλλὰ
768 2339 945 2373 σημαντικδς,
959 2338 998 2369 ὡς

208 2384 259 2410 καὶ
279 2383 315 2410 τὰ
336 2383 495 2419 μηχανικῶς
517 2383 790 2419 κατασκευαζόμενα.
815 2385 872 2412 Οὐκ
896 2385 997 2413 ἄτοπον

1043 1153 1214 1183 mentantur,
1231 1149 1318 1183 diem,
1335 1154 1366 1177 ut
1377 1150 1461 1183 vulgo
1475 1148 1751 1180 creditur,seniorem
1766 1155 1830 1175 esse

1043 1200 1137 1226 nocte,
1152 1195 1195 1222 sic
1217 1195 1393 1230 procedunt:
1410 1194 1484 1222 Deus
1499 1195 1559 1230 ipse
1577 1195 1729 1229 primatum
1744 1194 1831 1221 dona-

1043 1241 1083 1267 vit
1109 1240 1174 1268 diei.
1205 1240 1274 1268 Nam
1299 1241 1391 1276 primo
1415 1241 1509 1277 posuit
1530 1241 1612 1268 finem
1636 1240 1703 1272 diei,
1731 1247 1830 1274 nempe

1043 1293 1198 1321 vesperam,
1212 1286 1294 1321 quasi
1313 1286 1375 1315 dies
1403 1287 1588 1315 antecesserit
1605 1291 1725 1318 noctem,
1741 1290 1768 1313 et
1782 1285 1830 1313 ubi

1045 1331 1177 1359 desiverit
1200 1331 1227 1359 in
1250 1339 1406 1367 vesperam,
1434 1336 1492 1359 tum
1514 1331 1625 1360 demum
1651 1339 1685 1359 ex
1700 1331 1759 1366 ejus
1776 1331 1835 1361 liue'

1044 1381 1205 1411 prognatam
1240 1383 1302 1404 esse
1337 1381 1456 1404 noctem.
1487 1375 1547 1404 Nox
1580 1376 1666 1409 enim,
1694 1380 1724 1403 ut
1751 1376 1830 1410 quies

1045 1421 1138 1449 diurni
1163 1421 1266 1457 operis.
1293 1421 1376 1449 nobis
1394 1421 1508 1449 all‘ertur
1525 1429 1560 1449 ex
1582 1421 1757 1456 praecedente
1773 1420 1828 1448 die.

1045 1468 1181 1497 Caeterum
1206 1469 1301 1496 vultus
1317 1468 1360 1496 vel
1380 1468 1482 1498 forma.
1507 1475 1568 1502 quae
1584 1472 1646 1495 ante
1664 1468 1734 1494 lucis
1747 1474 1831 1494 exor-

1046 1514 1124 1541 dium
1146 1514 1249 1542 mundo
1273 1518 1345 1546 erat,
1372 1521 1427 1541 non
1446 1513 1550 1541 dicitur
1570 1514 1683 1549 praprie
1699 1520 1764 1544 nox,
1781 1512 1830 1539 sed

1046 1559 1138 1594 potius
1155 1559 1242 1594 caligo
1260 1566 1307 1586 seu
1332 1558 1461 1586 tenebrat.
1485 1557 1586 1585 Verum
1608 1565 1661 1584 nox
1683 1565 1764 1584 suum
1783 1564 1832 1583 no—

1046 1610 1120 1637 men,
1134 1604 1209 1640 quod
1229 1608 1315 1638 tenet,
1343 1605 1443 1632 sortita
1460 1608 1515 1637 est,
1531 1605 1604 1638 quod
1621 1603 1831 1631 distinctionem

1046 1650 1131 1678 faciat
1149 1651 1219 1678 inter
1240 1650 1312 1678 diem
1338 1657 1446 1685 seque:
1473 1658 1524 1677 nec
1549 1650 1713 1684 appellanda
1732 1654 1772 1676 est
1790 1650 1832 1676 vel

1046 1696 1135 1731 caligo
1154 1696 1195 1723 vel
1210 1696 1339 1724 tenebrae.
1357 1695 1411 1723 Sed
1427 1696 1609 1727 dienoctium,
1628 1699 1658 1721 ut
1675 1696 1711 1722 ita
1728 1695 1831 1726 dicam,

1047 1742 1121 1777 quod
1142 1749 1174 1770 ex
1195 1741 1321 1776 utrisque
1347 1742 1539 1775 constituitur,
1565 1741 1590 1768 id
1612 1745 1665 1772 est,
1685 1746 1832 1775 utrumque

1047 1791 1105 1814 tam
1135 1787 1189 1815 diei
1213 1795 1296 1822 quam
1321 1787 1416 1815 noctis
1440 1787 1574 1822 spatium,
1601 1793 1683 1814 nemo
1707 1786 1779 1812 diem
1805 1790 1833 1812 et

1047 1838 1156 1862 noctem
1176 1833 1335 1868 appellabit,
1352 1833 1400 1860 sed
1415 1837 1563 1861 contentus
1581 1833 1635 1860 erit
1656 1832 1683 1859 id
1716 1832 1834 1867 spatium

1047 1878 1151 1906 dixisse
1165 1878 1248 1910 diem,
1273 1879 1466 1907 nominatione
1487 1879 1572 1913 petita
1591 1886 1606 1905 ιι
1636 1877 1791 1913 potentiore
1807 1883 1834 1904 ct

1047 1923 1254 1959 principaliore.
1277 1923 1345 1951 Nam
1369 1923 1476 1951 Psaltes
1500 1924 1616 1958 inquit:
1648 1933 1657 1949 ι
1680 1923 1743 1950 Dies
1773 1923 1834 1949 vim!

1047 1974 1149 1997 nostra:
1161 1969 1212 2003 “,i
1227 1975 1281 1998 etc.
1293 1970 1326 1997 Et
1333 1969 1419 1997 Jacob
1430 1969 1587 2004 patriarcha
1598 1969 1635 1996 ait
1650 1979 1656 1997 :
1672 1979 1682 1995 ι
1696 1968 1760 1997 Dies
1771 1969 1836 1995 vitae

1047 2024 1113 2043 mete
1131 2016 1212 2051 pauci
1225 2020 1253 2044 et
1281 2016 1413 2044 laboriosi
1427 2016 1538 2050 ",ietc.
1555 2015 1586 2042 Et
1609 2016 1726 2043 iterum:
1741 2024 1751 2040 ι
1769 2015 1833 2041 0m-

1045 2071 1095 2091 nes
1108 2062 1168 2091 dies
1182 2064 1246 2092 vita;
1265 2071 1341 2091 meae.
1360 2072 1369 2088 ι
1398 2063 1434 2090 At
1447 2066 1577 2090 constare
1592 2062 1723 2094 arbitror,
1749 2061 1833 2088 Deum

1047 2117 1208 2144 nuncupare
1221 2109 1276 2137 duo
1296 2109 1344 2136 illa
1365 2108 1521 2139 intervalla,
1535 2108 1652 2135 alterum
1667 2107 1751 2138 diem.
1767 2108 1833 2134 alie-

1047 2163 1108 2182 rum
1122 2160 1230 2183 noctem
1246 2162 1316 2182 :nec
1339 2154 1451 2182 nomina
1481 2153 1654 2181 confundere
1681 2154 1834 2186 utriusque.

1046 2200 1115 2228 Cum
1129 2200 1203 2228 enim
1214 2200 1330 2227 alterum
1343 2199 1379 2228 sit
1396 2199 1454 2232 lux,
1473 2198 1590 2226 alterum
1600 2199 1701 2233 caligo,
1721 2199 1834 2229 merito,

1048 2247 1095 2274 lux
1118 2246 1185 2280 diei,
1222 2246 1312 2281 caligo
1335 2246 1426 2273 noctis
1448 2245 1563 2272 nom-inc
1587 2245 1700 2280 gaudet.
1732 2243 1835 2271 Verqu

1046 2293 1190 2321 enimvero
1207 2292 1335 2320 bifariam
1353 2293 1412 2320 dies
1436 2291 1604 2326 intelligitur
1620 2295 1748 2326 respectu
1768 2296 1834 2318 lein-

1047 2337 1151 2373 poralis
1176 2337 1314 2364 intervalli
1329 2342 1355 2364 et
1378 2336 1537 2368 illuminati,
1566 2337 1612 2370 qui
1637 2336 1761 2370 undique
1785 2343 1836 2362 nos

1047 2383 1224 2416 circumfluit,
1237 2384 1321 2411 aeris.
1335 2383 1414 2416 Quod
1436 2383 1580 2418 Scriptura
1604 2385 1738 2409 annotat:
1760 2391 1769 2408 t
1788 2382 1836 2410 Die

209 2427 257 2456 οὖν
268 2429 414 2464 δηλοῦσθαι
434 2430 572 2465 διάστημα
588 2429 697 2456 τοσόνδε
717 2430 922 2465 προϋφεστάναι
943 2431 994 2457 τῶν

1049 2430 1133 2458 tertio
1148 2430 1249 2465 nuptiae
1263 2430 1342 2457 factae
1356 2435 1421 2457 sunt
1434 2430 1461 2457 in
1476 2429 1551 2457 Caua
1567 2428 1685 2456 Galilaeae
1696 2428 1730 2461 ⁸⁸,
1742 2437 1752 2454 ι
1769 2432 1835 2461 etc.,

210 2476 362 2510 φωστῆρων
375 2474 390 2501 ὃ
403 2474 593 2510 προϋπῆρχεν,
611 2475 636 2502 ει
656 2476 704 2502 καὶ
717 2475 793 2510 ἥλιος
816 2476 883 2502 αὐτὸ
899 2476 997 2512 ἐξεμέ-

209 2529 304 2557 τρησε.
320 2521 491 2556 Σημαντικὸν
503 2521 551 2548 τοῦ
564 2521 615 2556 τῆς
627 2521 735 2557 ἡμέρας
751 2521 935 2557 διαστήματος
948 2522 997 2550 καὶ

208 2567 250 2600 τὸ,
265 2576 276 2593 t
300 2567 408 2603 Ἡμέρα
432 2569 465 2603 τῇ
481 2567 575 2603 ἡμέρᾳ
595 2567 738 2602 ἐρεύγεται
754 2568 841 2603 ῥῆμα,
857 2577 867 2593 ι
883 2567 941 2596 ἀλλ’
953 2568 995 2601 οὐ,

208 2614 281 2641 hoc!
302 2613 544 2650 φῶς,εῑρημένον”
569 2613 599 2641 ἓν
613 2613 669 2649 γὰρ
691 2613 723 2640 τὸ
737 2613 796 2648 φῶς
821 2614 869 2641 καὶ
887 2614 917 2641 ἓν
941 2613 997 2641 τῶν

209 2660 318 2687 νυκτῶν
339 2660 371 2687 τὸ
386 2660 493 2692 σκότος·
516 2659 586 2686 ἀλλὰ
600 2659 635 2686 τὰ
661 2659 780 2695 διάφορα
800 2659 904 2686 τούτων
920 2659 997 2695 δηλοῖ

208 2706 392 2742 διαστήματα·
407 2706 603 2742 ἁλλαττόμεναι
611 2706 667 2741 γὰρ
679 2705 728 2733 καὶ
741 2705 930 2741 διαδιχόμεναι
949 2705 998 2733 ἀλο

209 2753 306 2788 λὴλας,
320 2753 486 2789 κηρύττουσι
502 2753 547 2780 τὸν
563 2752 746 2789 Δημιουργόν·
760 2752 821 2779 ’κᾶν
835 2752 960 2787 ἀλλήλων
968 2752 998 2779 δὲ

208 2799 263 2827 ἀνὰ
287 2799 370 2835 μέρος
392 2798 475 2826 πλέον
497 2798 594 2834 ἔχωσιν
618 2798 710 2834 ἡμέρα
726 2798 773 2824 καὶ
794 2797 844 2830 νὺξ
864 2798 932 2833 πρὸς
947 2797 997 2829 τὰς

248 2889 270 2904 ¹⁸
288 2888 359 2916 Psal.
372 2895 419 2916 ιιιι
442 2908 450 2922 ,
464 2888 510 2917 ‘20.
567 2889 589 2905 "
604 2887 676 2916 P~al.
705 2896 816 2919 Lxxxu,
847 2888 888 2914 10.

1050 2475 1225 2511 signiﬁcatur
1252 2475 1334 2504 nobis
1358 2475 1412 2503 diei
1442 2475 1598 2510 quantitas,
1623 2481 1674 2500 nec
1696 2473 1735 2501 ibi
1762 2481 1837 2501 som-

1050 2521 1150 2549 nianda
1174 2526 1217 2549 est
1244 2521 1299 2549 diei
1335 2520 1467 2556 qualitas,
1499 2520 1607 2547 scilicet
1638 2519 1773 2546 nubilane
1801 2526 1836 2545 an

1049 2575 1147 2595 serena
1165 2566 1248 2595 fuerit
1264 2567 1334 2595 dies.
1356 2566 1385 2593 Si
1405 2566 1527 2594 dixeris:
1543 2565 1607 2593 Dies
1623 2565 1706 2592 hodie
1722 2569 1765 2592 est
1785 2572 1837 2591 nu-

1048 2613 1129 2641 bibus
1158 2613 1318 2644 obscurata,
1338 2619 1392 2639 non
1423 2611 1484 2647 ejus
1519 2611 1702 2645 quantitatem
1741 2617 1837 2639 sonas,

1049 2667 1144 2687 verum
1168 2659 1327 2694 qualitatem
1349 2664 1564 2685 commemoras.
1589 2655 1676 2691 Igitur
1699 2656 1758 2683 dies
1790 2656 1838 2690 qui

1050 2708 1217 2732 antevenere
1231 2703 1299 2731 solis
1315 2707 1342 2731 et
1367 2703 1509 2730 stellarum
1534 2702 1754 2737 generationem,
1768 2705 1839 2727 tern-

1051 2751 1127 2787 poris
1143 2750 1326 2784 quantitatem
1352 2753 1461 2776 notant.
1483 2747 1538 2775 Nec
1551 2748 1624 2775 enim
1641 2747 1682 2775 sol
1700 2746 1771 2773 diem
1791 2753 1838 2780 pa-

1053 2796 1099 2829 rit,
1115 2795 1163 2823 sed
1178 2794 1294 2826 indicat,
1311 2801 1365 2821 non
1383 2801 1466 2822 secus
1481 2800 1513 2821 ac
1527 2801 1559 2821 ea
1591 2800 1651 2827 qua:
1669 2792 1838 2819 instrumen-

926 2887 946 2903 ³⁷
963 2886 1031 2914 Gen.
1063 2893 1144 2918 ηνιι,
1159 2885 1196 2912 19.
1235 2885 1257 2901 κ
1271 2883 1350 2912 Joan.
1371 2891 1402 2916 ιι,
1422 2884 1446 2911 l.
