2072 3157
254 165 288 196 55
905 176 1034 208 PROCO]

1097 178 1217 209 GAZAZI
1836 185 1871 217 56

251 225 341 247 turum
364 221 548 255 quorumdam
574 223 744 254 adminiculo
768 227 826 255 ﬂeri
849 229 951 257 solent.
978 230 1034 258 Non

251 265 345 277 li-_.._
359 266 508 277 -L_._..J..AA
537 269 581 277 κη·-
913 275 917 277 .

1090 234 1194 268 τροπὰς
1209 233 1264 262 τῶν
1287 235 1479 272 διαστημάτων
1502 239 1636 275 ἑκατέρας
1656 241 1870 277 ἀλλαττομένης·

251 265 346 300 itaque
358 266 511 294 absurdum
531 269 584 296 erit
601 277 766 306 proponere,
786 278 892 302 tantum
912 275 1034 304 intersti-

1089 265 1146 306 ἀλλ’
1164 281 1266 315 ἀμφοῖν
1292 283 1308 318 ή
1323 265 1431 315 σύνοδος
1453 265 1544 320 ἡμέρα
1559 265 1872 323 μίῑκαλουμένητῄταύτδ

252 316 317 339 tium
343 314 493 342 anteivisse
517 315 677 350 luminaria,
705 325 842 355 quantum
869 322 978 358 fuisset,
1011 325 1034 352 si

252 357 332 368 --.μ
354 363 447 368 ,
480 367 483 368 ,
708 358 711 360 -

1088 324 1176 352 διόλου
1185 314 1320 360 φυλάττει
1344 314 1490 366 διάστημα,
1511 314 1775 368 ’συμπληρουμένωνι

251 357 292 383 sol
306 357 333 384 id
351 363 426 386 esset
439 367 490 387 suo
505 368 589 389 cursu
613 358 755 393 emensus.
771 365 860 395 Etiam
887 368 941 396 hoc
960 369 1037 397 Scri-
1087 371 1109 397 δ’
1120 372 1167 399 καὶ
1177 357 1211 400 xl.

251 407 340 437 plura:
359 405 547 435 testimonium
558 408 698 443 signiﬁcat
717 411 772 440 diei
785 414 906 449 spatium
921 425 928 444 :
945 425 954 441 ι
973 415 1036 445 Dies
1054 417 1108 445 diei
1135 419 1252 447 instillat
1275 428 1430 450 sermonem
1444 423 1479 451 ³⁸.
1499 433 1509 450 ι
1532 423 1592 452 Non
1610 425 1719 461 inquit:
1754 425 1812 453 Lux
1829 426 1873 453 in-

252 451 339 478 stillat
373 452 438 480 luci.
460 453 553 482 Divisa
576 457 650 484 enim
685 464 750 487 sunt
771 460 816 488 lux
840 466 869 489 et
901 464 1024 492 noctium
1057 466 1166 501 caligo:
1194 471 1222 495 et
1249 468 1358 497 diversa
1383 470 1519 498 inducunt
1551 451 1694 499 intermina
1722 476 1750 500 et
1771 473 1869 507 spatia.

253 495 317 507 ﬁl-“
343 497 401 507 JHA,
469 504 474 507 .
519 504 524 507 .
608 505 612 507 .
763 505 768 507 .
791 506 796 507 γ
832 506 837 507 γ

252 495 319 524 Nam
340 497 404 525 dum
420 504 573 533 mutantur,
588 505 616 529 et
633 507 729 531 mutua
745 505 937 535 vicissitudine
965 516 995 536 se
1026 495 1142 538 invicem
1168 513 1338 548 suscipiunt.
1362 514 1549 550 depraedlcant
1568 520 1597 544 et
1628 495 1801 545 annuntiantr
1826 525 1873 544 su-

253 551 376 578 premum
407 545 577 576 Creatorem.
599 550 743 584 Quamvis,
765 553 789 581 si
805 555 874 582 solis
891 562 1033 584 sceessum
1053 563 1080 586 et
1111 559 1273 588 abscessum
1300 567 1389 590 mente
1424 563 1529 596 volvas,
1559 563 1621 591 dies
1647 572 1758 599 noxque
1783 565 1871 592 inter-

257 589 315 599 μη
335 590 341 596 .
448 592 453 599 .
526 594 531 599 .
559 598 562 599 ,
704 597 709 599 _
753 597 758 599 .

1379 589 1384 590 ,
1447 589 1452 590 ,
1562 589 1618 591 ﬂ“
1648 589 1757 599 νηηγη

253 589 317 616 dum
335 590 487 626 inaequales
509 594 576 626 sint.
597 603 682 628 seque
703 597 821 625 invicem
839 601 987 632 excedant.
1007 605 1127 630 attamen
1162 604 1307 640 utriusque
1320 613 1477 635 concursus
1499 614 1569 634 unus
1585 613 1698 636 vocatur
1713 609 1784 641 dies,
1816 613 1871 636 ler-

254 635 429 671 minaturque
454 639 545 673 spatio
561 639 657 676 viginti
671 645 791 676 quatuor
809 643 951 678 horarum,
966 653 1036 681 quas
1054 655 1196 683 nunquam
1209 635 1425 686 transgreditur.

291 682 406 711 Videtur
425 689 515 713 autem
533 687 587 715 illis
608 688 654 723 qui
677 690 781 724 priore,
806 698 888 726 quam
915 698 1034 727 noctem.

1121 682 1305 724 ῨἌντίκειταιἿ
1319 697 1349 724 δι
1370 699 1427 730 τοῖς
1446 698 1557 734 πρώτην
1571 697 1680 732 λέγουσι
1704 700 1752 736 τὴν
1766 701 1872 736 ἡμέραν

254 729 325 757 diem
341 730 403 757 loco
422 737 539 767 ponunt,
563 735 706 763 adversari
722 740 831 772 tempus
847 737 992 772 festorum.
1008 744 1034 768 et

1087 741 1143 768 τῶν
1156 741 1259 778 ἑορτῶν
1268 743 1283 769 ὁ
1299 743 1403 779 καιρὸς,
1417 729 1598 780 καίμάλιστα
1609 729 1643 772 σὺ
1659 745 1710 781 τῆς
1722 729 1872 782 τριημέρου

254 776 281 802 in
300 776 398 810 primis
414 778 534 807 triduale
549 784 659 816 tempus
674 781 827 811 Salvatoris
841 785 929 812 nostri
946 786 1034 820 sepul-

1088 786 1136 814 τοῦ
1150 776 1276 823 Σώτῆρος
1290 776 1379 824 ταφίῆς
1393 798 1423 816 τε
1440 776 1488 816 καί
1507 790 1557 826 τῆς
1575 776 1760 822 ἀναστάσεωξ.
1842 801 1872 819 τε

253 825 322 849 tune
337 826 365 853 et
382 825 607 853 resurrectionis.
625 826 693 854 Nam
705 827 749 856 lex
766 836 876 864 semper
890 834 918 857 et
936 831 1034 867 ubique

1088 833 1141 868 γὰρ
1155 833 1310 868 νομοθεσίαι
1321 836 1458 870 πανταχοῦ
1472 825 1630 871 προτιθέασι
1643 837 1692 869 τὰς
1709 837 1808 870 νύκτας
1819 839 1873 865 τῶν

254 866 386 900 prmponit
410 872 506 896 noctes
534 869 643 903 diebus,
675 876 707 899 ut
731 872 827 901 videre
849 878 892 902 est
913 876 940 902 in
963 875 1034 904 festo

1089 866 1216 914 ἡμερῶν·
1241 875 1298 906 οἷον
1315 880 1380 915 περὶ
1472 866 1586 916 ἀξύμων
1602 866 1787 918 ὲναρίόμενοι,
1799 866 1814 908 ἰ
1832 884 1871 918 Τῇ

253 911 431 946 Azymorum.
443 914 495 941 Sed
509 915 568 950 ipsa
585 917 763 946 recitabimus
779 918 930 955 Scripturze
941 921 1034 949 verba.

1087 911 1119 950 δι)
1133 911 1185 960 [ita
1212 924 1287 961 cod.]
1313 911 1361 952 τού
1376 925 1460 961 μηνὸς
1487 911 1535 953 τού
1560 911 1733 962 πρώτοοῆὰφ
1750 911 1872 963 ἑσπέραξἶ

256 965 267 982 σ
285 956 314 984 in
331 959 421 992 primo
442 967 548 993 mense,
569 963 781 997 quartadecima
804 966 848 994 die
869 966 942 995 illius
961 975 1034 995 men-

1086 956 1178 997 ἕδεσθε
1197 956 1291 1006 ἄζυμα
1316 956 1428 1003 ἓως-σιξ
1443 956 1490 998 τοῦ
1508 956 1592 1008 μηνὺξ
1604 956 1778 1008 ἠμέραςΙὲως
1789 956 1872 1001 ἑσπέ;

253 1002 291 1030 ais
306 1004 340 1030 ad
359 1012 513 1040 vesperam,
534 1008 687 1037 comedetis
712 1010 764 1046 14
786 1018 881 1047 azyma
899 1021 988 1049 usque
1000 1014 1035 1041 ad

251 1049 411 1078 vicesimum
439 1052 558 1086 primum
584 1054 655 1082 diem
676 1055 752 1084 illius
768 1059 871 1087 mensis
887 1059 921 1087 ad
938 1068 1036 1096 vespe-

251 1102 320 1122 ram.
349 1097 458 1132 Septem
480 1098 580 1127 diebus
607 1099 773 1130 fermentum
801 1111 855 1131 non
880 1105 1036 1134 invenietur

252 1140 279 1167 in
300 1140 432 1170 domibus
455 1144 557 1172 vestris
574 1144 607 1171 '°.
627 1155 637 1171 ι
658 1145 738 1180 Nam.
755 1153 785 1175 ut
810 1148 908 1184 liquet,
925 1150 1034 1178 initium

249 1192 409 1220 azymorum
436 1187 564 1225 designat
589 1190 623 1218 M
644 1191 717 1220 diem
735 1212 743 1224 ,
765 1201 847 1229 quem
872 1203 886 1221 a
919 1204 1034 1231 vespera

250 1232 432 1266 auspicatur:
459 1238 487 1261 ut
514 1235 594 1263 linem
625 1244 787 1273 azymorum
814 1239 880 1267 facit
898 1240 969 1268 diem
987 1242 1033 1275 2i,

250 1285 330 1312 quem
347 1279 475 1307 similiter
494 1280 521 1307 in
533 1289 674 1316 vesperam
691 1291 841 1313 excurrere
856 1287 926 1319 vult,
943 1293 973 1314 nt
991 1288 1034 1315 in-

251 1324 375 1351 tercedat
394 1332 460 1357 nos.
476 1334 538 1361 qme
565 1327 665 1356 deinde
692 1329 764 1357 diem
793 1329 892 1358 festum
908 1331 1032 1361 inducat.

251 1365 327 1394 Haud
351 1368 497 1398 dissimilis
529 1371 601 1399 ratio
624 1377 668 1401 est
686 1373 867 1408 jejuniorum.
886 1376 920 1403 At
934 1377 957 1405 si
976 1386 1033 1406 rem

251 1419 327 1441 recta
342 1416 530 1449 repulabimus
548 1418 605 1450 via,
627 1418 773 1446 sciendum
793 1425 836 1448 est
849 1421 1034 1456 legislalorem

251 1459 307 1487 illis
327 1461 418 1488 verbis
431 1462 591 1496 explanare,
609 1464 748 1499 quomodo
763 1468 865 1499 omnia,
882 1474 944 1494 cum
957 1469 1034 1503 prius

250 1509 343 1533 essent
369 1506 503 1539 contusa.
535 1516 615 1536 suum
644 1514 771 1538 ornatum
786 1519 821 1539 ex
847 1513 1035 1547 pulcherrimo

251 1551 300 1578 illo
318 1553 469 1581 creationis
484 1561 616 1588 processu
634 1557 803 1591 acceperint,
829 1558 959 1587 videlicet
972 1560 1034 1595 ipso

1087 1025 1146 1052 ρας,
1165 1016 1235 1043 ἑπτὰ
1249 1016 1356 1053 ἡμέρας
1376 1017 1450 1053 ζύμη
1477 1019 1526 1053 οὐχ
1552 1018 1729 1054 εὑρεθήσεται
1756 1020 1786 1046 ιν
1811 1021 1872 1052 ταῖς

1084 1062 1186 1093 οἰκίαις
1202 1061 1291 1098 ὑμῶν.
1308 1072 1318 1089 ι
1334 1062 1389 1099 Τὴν
1400 1062 1454 1099 γὰρ
1471 1063 1504 1089 st’
1515 1063 1562 1098 ἀφ’
1581 1063 1700 1099 ἑσπέρας
1714 1065 1802 1102 ἀρχὴν
1817 1065 1872 1092 τῶν

1084 1108 1208 1144 ἀζύμων,
1223 1108 1309 1144 ὁρίζει
1323 1111 1356 1145 τῇ
1368 1118 1400 1143 γε
1416 1110 1466 1145 μιᾷ
1474 1109 1521 1136 καὶ
1534 1110 1621 1137 εἰκάδι
1630 1119 1637 1126 ·
1648 1111 1695 1138 καὶ
1706 1112 1872 1146 περιγράφει

1085 1154 1139 1188 πρὸ
1155 1155 1205 1190 τῆς
1217 1154 1337 1190 ἑσπέρας
1347 1156 1397 1191 τὴν
1412 1155 1518 1191 ἑορτὴν,
1539 1155 1583 1183 διὰ
1598 1156 1629 1183 τδ
1643 1156 1692 1192 τὴν
1707 1156 1793 1183 νύκτα
1808 1166 1872 1193 προ-

1085 1200 1243 1234 εισαγαγεῖν
1260 1200 1416 1236 ἡγουμένην
1440 1201 1535 1235 αὐτῆς.
1557 1201 1636 1228 Οὕτω
1650 1201 1697 1228 καὶ
1716 1203 1730 1229 ὀ
1743 1203 1807 1237 περὶ
1819 1202 1872 1236 τῆς

1084 1245 1212 1280 νηστείας
1221 1245 1276 1280 ἔχει
1291 1246 1382 1280 νόμος.
1392 1246 1437 1281 Mi,
1452 1254 1517 1273 ποτε
1525 1245 1572 1274 οὖν
1583 1247 1633 1283 τὴν
1646 1247 1675 1280 ἐξ
1686 1248 1820 1283 ἀκοσμίας
1830 1249 1870 1281 είς

1085 1290 1234 1325 εὐκοσμίαν
1248 1291 1360 1327 πρόοδον
1375 1292 1389 1318 ὁ
1404 1292 1552 1328 νομοθέτης
1564 1293 1720 1326 αἰνίττεται,
1739 1294 1755 1330 ἢ
1771 1294 1868 1328 γέγονὲ

1084 1343 1114 1362 τε
1126 1335 1175 1371 ήδη
1195 1335 1266 1362 κατὰ
1276 1336 1325 1371 τὴν
1333 1337 1366 1363 ἐκ
1378 1336 1489 1368 σκότους
1497 1339 1627 1373 φανεῖσαν
1637 1338 1753 1375 ἡμέραν,
1766 1339 1812 1366 καὶ
1824 1348 1869 1366 τε-

1085 1379 1154 1412 λέως
1169 1379 1245 1407 las-at
1261 1382 1331 1408 κατὰ
1348 1381 1399 1416 τὴν
1425 1382 1575 1417 μέλλουσαν
1589 1384 1789 1417 ἀνακαίνωσιν;
1815 1385 1870 1412 Καὶ

1084 1425 1139 1461 γάρ
1154 1427 1228 1453 ἐστιν
1245 1427 1261 1462 ἡ
1281 1427 1424 1462 νομοθεσία
1441 1428 1496 1455 τῶν
1508 1430 1692 1465 τε·προτέρων
1708 1429 1868 1465 ὑπόμνημα,

1084 1471 1133 1496 καὶ
1149 1471 1204 1498 τῶν
1220 1470 1370 1506 μελλόντων
1394 1472 1468 1500 σκιά.
1486 1472 1593 1508 Ὥσπερ
1608 1473 1639 1499 τὸ
1662 1473 1801 1500 Σάϐϐατον
1819 1474 1870 1509 τῆς

1084 1521 1114 1540 τι
1130 1514 1179 1549 ήδη
1200 1514 1247 1541 τοῦ
1260 1514 1328 1542 Θεοῦ
1345 1515 1544 1548 καταπαύσεως
1565 1516 1619 1544 ἀπὸ
1633 1517 1688 1544 τῶν
1707 1517 1806 1552 ῑρτων,
1823 1517 1870 1544 καὶ

1084 1559 1131 1585 τοῦ
1141 1560 1356 1596 ἀπολειπομένου
1364 1561 1549 1597 σαϐϐατισμοῦ
1555 1562 1594 1598 τῷ
1602 1562 1660 1598 λαῷ
1667 1563 1713 1590 τοῦ
1723 1562 1790 1590 Θεοῦ
1800 1563 1870 1589 κατὰ

250 1597 295 1625 die
310 1607 342 1625 ex
358 1599 487 1627 obscuris
512 1600 691 1630 illucescente
715 1603 850 1631 tenebris.
872 1604 926 1632 Sed
945 1605 1034 1640 perfe-

1086 1605 1136 1641 τὴν
1150 1605 1264 1642 μίμησιν
1277 1605 1327 1641 τῆς
1339 1606 1386 1633 τοῦ
1400 1606 1467 1633 Θεοῦ
1480 1597 1688 1640 καταπαύσεὼς.
1703 1608 1757 1635 Καὶ
1769 1608 1785 1643 ἡ
1800 1607 1870 1642 Σκη-

251 1644 322 1670 clior
348 1643 458 1672 futurus
477 1649 521 1673 est
546 1650 675 1679 ornatus,
705 1648 786 1683 cujus
811 1649 858 1677 ille
880 1657 1036 1684 przecnrsor

251 1694 303 1722 est,
324 1690 370 1724 qui
387 1697 436 1724 per
456 1690 662 1720 innovationem
678 1701 773 1721 rerum
788 1695 911 1722 omnium
925 1697 1036 1724 contin—

251 1739 306 1769 gct.
332 1735 439 1763 Etenim
464 1737 517 1771 lex,
532 1745 593 1772 quae
609 1738 686 1773 prius
713 1739 784 1768 facta
803 1741 869 1774 sint,
891 1747 920 1769 ut
937 1750 1037 1771 evene-

251 1781 318 1811 rint.
336 1781 364 1808 in
380 1782 542 1810 memoriam
556 1789 678 1817 revocat,
697 1789 723 1813 et
737 1794 799 1821 qua:
815 1787 907 1814 futura
922 1788 978 1815 sint
989 1789 1036 1816 de-

250 1831 345 1854 center
358 1827 518 1855 adumbrat.
535 1828 582 1857 Sic
598 1835 626 1858 et
642 1831 793 1859 Subbatum
809 1833 963 1869 symbolum
981 1839 1034 1868 est,

252 1873 422 1906 requievisse
446 1874 481 1900 ab
504 1875 614 1909 opiticio
637 1877 731 1905 mundi
759 1877 862 1907 Deum:
880 1884 908 1907 et
922 1888 976 1907 una
993 1888 1036 1908 re-

251 1922 396 1950 praesentat
426 1920 638 1954 sabbatisnlum,
674 1924 720 1957 qui
745 1925 910 1959 relinquitur
932 1927 1036 1961 populo

250 1962 296 1990 Dei
311 1964 344 1991 ad
362 1965 542 1993 imitationem
559 1967 663 1995 divinae
671 1969 789 2004 requiei.
806 1969 852 1997 Sic
865 1970 1035 2007 Scenopegia

250 2014 457 2037 monumentum
472 2014 514 2037 est
531 2012 592 2039 vitae
600 2012 770 2047 Iudaeorum,
785 2022 867 2049 quam
881 2016 909 2042 in
927 2017 1035 2044 deserto

250 2055 276 2080 in
295 2055 484 2082 tabernaculis
499 2063 600 2090 egere:
619 2058 704 2085 simul
723 2058 837 2086 denotat
853 2060 1035 2088 tabernacula

249 2104 358 2131 sancta,
388 2099 416 2127 in
445 2101 548 2135 quibus
575 2104 711 2130 moraturi
740 2108 806 2132 sunt.
838 2105 938 2132 sancti.
971 2105 1033 2133 Pari

249 2145 342 2176 modo.
361 2153 423 2173 cum
440 2147 475 2175 ab
492 2149 624 2177 noctibus
650 2150 759 2177 initium
781 2156 895 2179 sumunt
919 2152 1034 2179 celebri-

247 2196 329 2223 tates.
343 2192 470 2221 innuitur
489 2196 570 2230 quasi
596 2196 675 2232 longa
696 2197 869 2231 praecedente
887 2203 968 2225 nocte
983 2198 1033 2226 de-

247 2244 322 2264 mum
343 2238 479 2272 prodierit
496 2239 555 2268 dies
577 2241 725 2275 splendore
760 2250 922 2270 coruscans.
939 2243 1034 2272 Tacite

1087 1651 1203 1685 νοπηγια
1217 1651 1389 1686 μνημόσυνον
1406 1651 1456 1684 μὲν
1476 1651 1531 1679 τῶν
1547 1652 1593 1679 ἰπὶ
1609 1652 1659 1688 τῆς
1681 1652 1785 1687 ἐρήμου
1801 1659 1870 1686 σκη-

1086 1695 1140 1722 νῶν
1157 1695 1205 1722 τοῦ
1221 1696 1342 1732 Ἰσραὴλ,
1357 1695 1455 1732 δεῖγμα
1469 1697 1497 1724 δὲ
1515 1697 1570 1724 τῶν
1587 1697 1703 1724 αίωνὶων
1721 1697 1827 1732 σκηνῶν
1841 1697 1870 1724 ἐν

1086 1737 1130 1771 αἷς
1149 1739 1294 1775 σκηνοῦσιν
1310 1740 1336 1766 oi.
1353 1739 1437 1774 ἅγιοι.
1461 1739 1538 1767 οὕτω
1558 1740 1587 1767 δὲ
1602 1740 1650 1767 καὶ
1664 1740 1695 1767 τὺ
1718 1741 1750 1767 ἐκ
1764 1739 1870 1767 νυκτῶν

1086 1786 1217 1821 ἄρχεσθαι
1237 1785 1287 1817 τὰς
1297 1785 1404 1821 ἑορτὰς,
1419 1785 1623 1821 ὑπομιμνήσκει
1637 1785 1686 1820 μὲν
1701 1785 1751 1821 τὴν
1770 1785 1802 1812 ὲκ
1816 1794 1870 1821 μα-

1086 1833 1156 1867 κρᾶς
1165 1832 1214 1867 τῆς
1224 1831 1305 1858 οἱονεὶ
1315 1831 1410 1864 νυκτὸς
1429 1831 1596 1866 προκοσμίου
1610 1832 1740 1866 φανεῖσαν
1750 1831 1868 1866 ἡμέραν,

1087 1877 1254 1914 προφητεύει
1265 1877 1294 1905 δὲ
1310 1878 1360 1913 τὴν
1375 1878 1404 1904 ὲν
1422 1877 1493 1904 τέλει
1506 1876 1666 1912 λάμψουσαν
1683 1877 1791 1913 ἡμέραν
1804 1876 1870 1911 ἁλη-

1087 1923 1171 1959 θινὴν,
1190 1923 1257 1959 πρὸς
1272 1924 1305 1959 ἦν
1322 1923 1370 1950 ’καὶ¹
1384 1923 1432 1950 νῦν
1445 1924 1461 1958 ἡ
1474 1922 1566 1958 ἡμέρα
1578 1922 1627 1955 νύξ
1639 1924 1712 1949 ἔστιν
1723 1931 1730 1938 ·
1745 1932 1754 1948 ι
1777 1922 1808 1949 Ἦ
1822 1922 1870 1954 νὺξ

1085 1969 1153 2003 γοῦν
1172 1969 1340 2005 προέκοψεν,
1355 1970 1372 2004 ἡ
1390 1969 1419 1996 δὲ
1431 1968 1522 2004 ἡμέρα
1538 1968 1647 2004 ἧγγικε,
1669 1977 1679 1994 ι
1702 1968 1716 1994 ὁ
1736 1967 1869 1994 Ἀπόστο-

1085 2015 1130 2047 λός
1142 2024 1223 2050 φησιν
1242 2015 1401 2051 ἑρμηνεύων
1411 2015 1441 2042 τὸ
1452 2015 1500 2042 τοῦ
1520 2016 1602 2050 νόμου
1619 2015 1763 2050 σύμὸολον.
1778 2015 1868 2050 Προσ-

1084 2062 1175 2097 τίϐησι
1201 2061 1255 2098 γάρ
1267 2069 1276 2078 ·
1307 2071 1316 2088 ι
1345 2061 1524 2097 Ἀφελώμεθα
1536 2061 1583 2090 οὖν
1599 2062 1633 2089 τὰ
1650 2062 1718 2098 ἔργα
1740 2061 1788 2089 τοῦ
1807 2062 1870 2089 σκό-

1084 2115 1157 2139 τους,
1174 2106 1348 2141 ἐνδυσώμεθα
1361 2107 1389 2134 δὲ
1409 2108 1443 2134 τὰ
1465 2107 1533 2143 ἔργα
1549 2107 1596 2135 τοῦ
1612 2108 1718 2143 φωτὸς,
1746 2117 1755 2134 ι
1773 2108 1842 2143 ὅπερ
1855 2108 1869 2134 ό

1084 2151 1165 2186 νόμος
1179 2151 1321 2185 ὑποφαίνει
1337 2152 1465 2187 προάγων
1476 2153 1508 2179 ὲκ
1520 2153 1615 2185 νυκτὸς
1631 2153 1670 2183 εἰς
1682 2153 1788 2188 ἡμέραν
1806 2152 1870 2184 τοὺς

1084 2196 1264 2232 ἑορτάζοντας
1277 2197 1316 2232 τῷ
1327 2197 1397 2233 Θιῷ-
1411 2198 1490 2225 Οὖτω
1504 2199 1553 2225 καὶ
1564 2199 1610 2225 τοῦ
1624 2198 1728 2230 πάθους
1741 2198 1789 2225 τοῦ
1811 2199 1868 2225 Κυ-

1088 2244 1146 2278 ρίου
1158 2243 1208 2275 τὰς
1222 2244 1298 2279 τρεῖς
1310 2243 1481 2279 ἀριθμοῦμεν
1502 2244 1610 2280 ἡμέρας
1629 2245 1676 2271 καὶ
1692 2245 1742 2276 τὰς
1756 2245 1868 2276 νύκτας.

247 2289 310 2310 vero
321 2283 459 2318 signiﬁcat
470 2283 554 2318 diem,
570 2294 630 2320 quae
644 2286 671 2314 in
692 2287 744 2315 line
758 2288 924 2323 splendebit.
942 2297 1033 2317 veram

1086 2287 1325 2325 προσλογιζόμενοι
1339 2288 1390 2324 μὲν
1405 2290 1437 2324 τῇ
1456 2289 1505 2324 τῆς
1518 2289 1700 2325 Παρασκευῆς
1713 2289 1790 2316 νυκτὶ
1801 2290 1868 2316 καθ-

247 2335 309 2355 esse
322 2332 349 2356 et
363 2329 526 2364 perlectam;
543 2331 576 2358 ad
593 2340 674 2366 quam
691 2333 715 2360 si
734 2333 791 2360 haec
803 2333 875 2367 dies,
891 2342 943 2369 qua
964 2335 1035 2362 frui-

247 2380 320 2404 mur.
351 2373 522 2407 conferatur,
551 2383 627 2403 mera
655 2378 791 2405 scntietur
808 2386 862 2406 nox
891 2382 919 2406 et
932 2380 1034 2415 caligo.

251 2426 261 2444 σ
279 2417 338 2445 Nox
353 2427 364 2445 ι
389 2420 475 2454 igitur
504 2421 554 2455 (ut
570 2421 622 2449 hoc
643 2423 798 2457 symbolum
834 2424 1036 2460 interpretatur

248 2463 369 2498 Paulus)
389 2475 399 2492 ι
424 2474 571 2502 progressa
599 2473 653 2500 est,
681 2468 741 2497 dies
767 2474 859 2498 autem
882 2472 1034 2506 appropin-

248 2517 315 2545 quat
331 2511 364 2538 ³³.
385 2521 394 2538 ν
424 2512 482 2544 Et,
507 2518 538 2540 ιιι
572 2517 667 2549 typum
692 2515 847 2544 evidentius
872 2524 888 2544 e
911 2517 1035 2546 tenebris

247 2558 367 2589 evolvat,
383 2558 526 2594 subiungit
542 2567 549 2587 :
568 2569 578 2586 ι
599 2560 769 2594 Abjiciamns
793 2562 877 2597 igitur
891 2570 974 2595 opera
993 2567 1034 2591 te-

248 2603 405 2636 nebrarum.
432 2609 459 2631 et
477 2605 626 2633 induamur
649 2614 726 2634 arma
750 2607 849 2636 lucis.)
867 2608 936 2636 Ecce
962 2617 1033 2644 quo-

250 2647 332 2675 modo
351 2649 392 2676 lex
413 2658 445 2676 ex
467 2655 547 2678 nocte
560 2651 587 2678 in
605 2651 678 2679 diem
695 2660 745 2681 nos
763 2653 898 2688 proferat,
916 2659 946 2681 ut
959 2656 1032 2683 ceIe-

249 2693 363 2721 bremus
391 2694 451 2722 dies
476 2695 563 2724 festos
583 2696 710 2725 Domino.
733 2697 796 2725 Pari
813 2699 920 2726 ratione
934 2707 1032 2727 nume-

249 2748 297 2768 rus
311 2740 393 2768 trium
408 2742 515 2770 dierum
531 2747 559 2771 et
579 2744 703 2771 noctium
721 2745 858 2779 passionis
874 2745 984 2774 Domini
1004 2752 1032 2775 et

249 2787 466 2815 resurrectionis
493 2788 630 2817 ineundus
653 2794 681 2818 et
712 2790 905 2826 supputandus
927 2796 981 2819 cst.

288 2867 310 2882 ”
347 2867 419 2895 Psal.
454 2877 530 2901 mn,
560 2870 587 2896 3.

1083 2336 1247 2372 ηγησαμένῃ
1263 2337 1313 2371 τὴν
1344 2336 1450 2372 ἡμέραν
1469 2337 1617 2372 ἐσχηκυῖαν
1640 2337 1671 2364 τὸ
1693 2337 1789 2369 πάθος,
1806 2345 1869 2363 ουν-

1085 2381 1267 2415 αριθμοῦντες
1283 2382 1312 2408 δὲ
1324 2383 1357 2418 τῇ
1369 2383 1448 2418 τρίτῃ
1459 2383 1547 2416 νυκτὶ,
1562 2383 1623 2410 καθ’
1631 2384 1664 2419 ἣν
1677 2384 1693 2418 ἡ
1711 2383 1868 2416 ἀνάστασις,

1084 2425 1134 2461 τὴν
1156 2426 1293 2462 ἑπομένην
1309 2426 1377 2461 αὐτῇ
1394 2427 1536 2463 Κυριακὴν
1561 2428 1678 2463 ἡμέραν,
1701 2427 1745 2454 διὰ
1760 2427 1790 2454 τδ
1806 2435 1869 2462 προ-

1085 2471 1241 2498 κοπτόντων
1270 2473 1302 2499 ὲκ
1325 2473 1436 2504 σκότους
1463 2473 1504 2504 εἰς
1533 2472 1592 2507 φῶς
1615 2473 1670 2500 τῶν
1698 2473 1868 2508 πραγμάτων

1088 2516 1371 2553 προκαταριθμείσθαι
1389 2518 1445 2545 δεῖν
1455 2519 1486 2546 τὸ
1495 2519 1652 2553 νυκτερινὸν
1671 2519 1775 2550 σκότος.
1790 2519 1821 2545 τὸ
1839 2518 1868 2544 δὲ

1086 2562 1136 2596 τῆς
1158 2562 1263 2598 ἡμέρας
1286 2563 1435 2598 ἐφέπεσθαι
1458 2565 1526 2600 φῶς.
1550 2563 1614 2591 Ἐπὶ
1633 2563 1662 2590 δὲ
1684 2564 1733 2597 τῆς
1752 2564 1868 2595 κτίσεως

1087 2608 1189 2644 πρέπει
1202 2608 1247 2636 τὸν
1260 2609 1327 2636 Θεὸν
1347 2609 1403 2636 τῶν
1422 2611 1453 2636 ὲν
1466 2609 1544 2644 οὐσίᾳ
1561 2608 1745 2644 φαιδροτέρων
1765 2609 1866 2644 κατάρ-

1087 2654 1194 2689 χεσθαι.
1213 2655 1271 2682 ἀλλ’
1286 2655 1317 2682 οὖ
1332 2655 1386 2682 τῶν
1402 2654 1518 2682 σκοτίων
1537 2655 1583 2681 καὶ
1598 2655 1742 2689 ἀφεγγῶν,
1764 2655 1812 2681 καὶ
1827 2653 1868 2686 οἱς

1085 2701 1116 2728 τὺ
1129 2699 1200 2727 εἴναι
1213 2701 1263 2728 οὐκ
1273 2701 1348 2728 ἔστιν
1357 2700 1505 2734 οὺσιωδῶς,
1517 2701 1577 2728 οὐδὲ
1589 2701 1752 2737 δημιουργία
1766 2700 1868 2728 τούτων

1086 2755 1151 2774 κατε
1157 2747 1270 2774 ίλεκται.

1030 2791 1055 2820 is
1092 2792 1163 2825 dies,
1189 2799 1244 2827 quo
1269 2799 1367 2827 passus
1393 2796 1435 2820 est
1461 2791 1589 2819 Salvator
1619 2795 1725 2824 noster,
1750 2789 1868 2818 addatur

626 2871 647 2886 ³ο
663 2869 747 2897 Exod.
774 2879 823 2903 χιι,
852 2870 894 2903 l8,
921 2870 962 2898 l9.
1002 2871 1023 2888 ³⁸
1043 2871 1123 2900 Rom.
1141 2879 1201 2904 xm,
1220 2871 1260 2899 l2.
