2072 3157
175 149 210 180 57
726 150 995 181 COMMENTARII
1024 152 1063 182 IN
1086 152 1265 183 GENESIN.
1776 149 1811 182 58

174 203 338 238 praecedenti
355 202 524 231 Parascevcs
551 204 635 231 nocti.
653 203 779 240 Sequens
805 206 866 233 dies
901 207 1059 234 Domiulcus
1087 215 1225 235 coonmue
1235 211 1312 235 retur
1339 208 1413 235 nocti
1438 208 1537 241 tertiae,
1562 206 1589 234 in
1631 214 1685 242 quo
1718 214 1812 235 resuro

175 252 257 279 rexit.
276 250 344 279 Nam
365 251 430 279 dum
458 259 503 279 res
518 259 552 279 ex
578 252 699 280 tenebris
724 257 870 286 eruuntur,
886 258 913 281 et
937 254 963 281 in
1001 254 1089 282 lucem
1119 256 1332 290 protrahuntur,
1350 260 1492 284 nocturna:
1517 256 1637 283 tenebrae
1660 256 1738 290 prius
1756 262 1806 282 an-

185 298 365 326 numerandte
389 302 467 329 sunt.
486 303 515 326 ut
539 300 712 328 commodius
727 300 791 327 inde
805 300 859 328 diei
887 300 1018 336 splendor
1048 302 1248 338 subsequatur.
1273 303 1409 331 Caeterum
1440 303 1520 331 decet
1556 302 1679 329 divinam
1720 301 1809 336 maje-

176 347 277 371 atatem
301 343 330 371 in
349 343 494 372 creatione
511 345 605 372 mundi
619 345 728 372 initiqu
745 353 845 380 capere
877 345 912 373 ab
929 346 971 374 his
990 354 1051 381 qua!
1084 348 1258 383 splendorem
1298 348 1428 380 fundunt.
1457 353 1485 375 et
1504 355 1621 382 quorum
1653 346 1810 375 substantia

175 394 309 460 esti-lucc
322 390 447 417 exordiri
465 391 501 417 ab
528 391 571 418 his
601 399 733 426 qtuenon
751 396 831 423 sunt.
863 392 1020 427 quibusque
1052 393 1100 421 lux
1132 394 1267 430 denegata
1290 399 1344 423 est.
1372 394 1477 422 Horum
1496 395 1579 421 etiam
1611 394 1717 421 crcatio
1753 399 1809 420 non

177 440 228 460 Il'.'It
242 443 247 460 I
265 443 309 460 lll'.

177 439 309 461 ιττιιίιίιπ.

212 483 267 508 Καὶ
286 481 344 513 πῶς
359 482 400 509 δεῖ
415 483 479 519 περὶ
495 483 598 511 τούτων
617 484 710 520 ζητεῖν
727 486 753 512 εἰ
766 486 862 521 πρῶτα
884 487 964 522 γεγέ-

1050 488 1103 515 Sed
1120 496 1175 523 qua
1192 488 1236 514 via
1254 495 1350 515 eormn
1378 487 1485 515 creatio
1520 485 1715 520 investiganda
1738 485 1811 512 erit?

175 535 270 563 νηται;
290 528 334 555 Ἐν
350 529 405 563 γὰρ
421 529 458 564 τῷ
475 530 534 565 φῶς
557 530 596 566 μὴ
612 531 752 566 παρεῖναι,
769 532 879 567 λέγεται
899 534 966 560 σκό-

1021 533 1085 560 Nam
1102 538 1161 560 tum
1181 533 1292 561 demum
1316 534 1406 569 caligo
1430 539 1458 561 et
1474 541 1530 560 nox
1550 532 1727 566 intelligitur.
1745 538 1808 558 cum

174 582 222 605 τος
235 574 281 600 καὶ
300 574 357 606 νύξ.
384 574 462 602 Οὕτω
478 575 532 612 γὰρ
548 575 579 603 τὸ
599 577 683 612 μέλαν
704 579 752 604 καὶ
767 578 797 605 τὸ
812 578 967 613 ἀφώτιστον

1021 580 1144 607 submota
1161 578 1246 606 fuerit
1261 580 1304 606 vel
1320 579 1441 607 abfuerit
1463 579 1522 606 lux.
1544 577 1591 606 Sic
1604 578 1679 606 enim
1694 581 1812 604 vocatur

174 619 224 646 τοῦ
247 620 392 655 διαφανοῦς
412 621 491 657 ἀέρος
511 622 681 657 ὠνόμασται.
701 624 735 651 ’Δ
749 625 806 656 τοῖς
825 625 968 659 γεγονόσιν

1021 626 1133 660 nigredo
1156 631 1184 654 et
1207 633 1239 653 ea
1266 633 1332 661 pars
1360 626 1434 654 aeris
1469 634 1532 661 quae
1555 625 1617 653 luce
1634 627 1723 651 caret.
1741 621 1810 650 Nam

175 665 407 700 ἑπηκολούθηκεν,
420 666 459 698 ὡς
471 668 487 702 ἠ
504 667 568 694 σκιὰ
578 667 617 703 τῷ
629 667 745 704 σώματι,
757 668 893 704 λεγομένη
906 670 967 705 μὲν,

174 710 352 746 ἀνύπαρκτος
374 712 403 738 δὲ
424 712 550 748 καθάπερ
564 714 656 740 ἐκεῖνα
678 715 862 749 τυγχάνουσα.
886 716 917 742 Εἰ
939 716 967 743 δέ

176 765 243 783 ποτε
267 757 315 784 καὶ
337 757 428 791 λέγειν
449 758 481 785 τὸ
503 759 655 793 γεγονέναι,
681 760 769 792 ἄλλως
791 761 822 787 τὸ
837 761 965 795 γενέσθαι

177 803 269 830 αὐτῶν
287 803 447 839 ἐκδέχεσθαι
468 805 533 841 χρὴ,
556 805 594 837 ὡς
605 807 633 832 ἐν
653 806 692 842 τῷ
715 806 836 842 ψαλμῷ·
857 817 865 833 t
884 808 968 835 Ἔθου

176 849 283 881 σκότος.
296 850 344 877 καὶ
363 851 470 884 ἐγένετο
482 851 549 883 νύξ’
567 861 577 877 ι
593 852 640 879 καὶ
653 853 704 879 οὐκ
725 851 804 880 εἶπεν
822 853 875 880 ὑπὸ
890 854 965 887 τινος

175 896 285 929 ἐγένετο
295 905 302 911 ·
318 896 378 923 οὐδὲ
389 897 419 923 τὸ
432 897 504 924 ἔθου
519 897 670 933 διήρθρωσε
688 899 808 926 ποταπὸν
821 901 964 935 τυγχάνει.

176 941 243 968 Οὐδὲ
259 940 353 973 εἶπεν,
377 942 522 978 Ἐποίησας
539 943 644 975 σκότος,
662 945 732 974 οὐδὲ.
745 945 890 982 Γενηθήτω
905 947 969 973 σκό-

175 994 220 1017 τος
233 986 281 1013 καί
291 986 398 1020 ἐγένετο
413 987 518 1020 σκότος,
533 987 572 1019 ὡς
585 988 694 1015 ἐπὶτῶν
705 989 969 1026 δημιουργημάτων,

175 1031 244 1059 ἀλλὰ
262 1032 312 1066 μὲν
321 1032 360 1064 τδ,
378 1042 388 1059 ι
403 1033 474 1065 Φῶς,
492 1032 563 1067 εἶπε,
581 1035 732 1070 γενηθήτω.
749 1045 758 1061 ι
773 1036 809 1062 Τὸ
825 1036 854 1063 δὲ
872 1037 969 1069 σκότος

175 1078 399 1115 ἐπηκολούθησεν
414 1080 446 1106 ἐκ
458 1079 505 1106 τοῦ
529 1080 698 1115 σκιάσματος
717 1082 766 1117 τῆς
790 1083 840 1117 γῆς
852 1091 861 1100 ·
876 1083 925 1110 καὶ
939 1083 970 1110 τδ

177 1124 230 1159 μὲν
245 1124 366 1160 ἡμέραν,
384 1125 415 1151 τὸ
431 1125 460 1152 δὲ
476 1125 560 1152 νύκτα
573 1126 686 1153 ἐκάλεσε
702 1127 749 1153 τοῦ
760 1128 848 1162 φωτὸς
865 1129 894 1155 ὲν
908 1137 969 1155 στε-

1019 672 1076 700 hazc
1089 672 1146 700 duo
1165 674 1298 700 comitata
1321 677 1387 701 sunt
1404 680 1450 700 res
1475 676 1595 703 creatas.
1616 679 1671 699 non
1684 677 1765 697 secus
1779 675 1812 696 ac

1018 725 1120 752 corpus
1138 719 1289 746 comitatur
1304 719 1416 750 umbra.
1432 725 1494 753 quae
1509 718 1622 752 quidem
1640 724 1690 752 per
1707 723 1737 744 se
1755 722 1811 742 non

1019 764 1140 796 exsistit,
1168 764 1251 791 sicuti
1269 772 1321 791 uec
1337 764 1482 799 praedicta.
1499 763 1597 791 Sicubi
1623 767 1715 790 autem
1737 761 1810 788 facta

1018 818 1081 838 esse
1095 810 1237 844 leguntur,
1253 811 1308 838 alio
1323 814 1405 846 pacto
1418 817 1515 837 eorum
1535 809 1744 844 generationem
1760 814 1810 834 nos

1020 856 1195 891 interpretari
1218 862 1337 892 oportet,
1372 857 1455 884 siculi
1470 861 1498 883 et
1520 856 1573 882 hoc
1588 855 1670 882 loco:
1689 863 1699 880 ι
1727 853 1812 881 Ponis

1021 901 1148 929 tenebras
1163 906 1190 928 et
1208 902 1237 929 llt
1258 909 1322 929 nox.
1344 911 1353 927 ι
1370 901 1427 928 Hoc
1448 901 1509 928 loco
1535 908 1592 927 non
1613 901 1812 926 commemorat

1019 955 1034 974 a
1049 955 1104 983 quo
1130 947 1202 975 facta
1222 948 1269 975 sit.
1292 946 1348 974 Nec
1363 947 1490 978 verbum,
1513 945 1602 979 ponis.
1619 950 1751 977 expresse
1767 942 1812 968 in-

1020 993 1114 1021 sinuat
1127 994 1201 1020 unde
1219 993 1266 1020 sit.
1292 992 1349 1019 Nec
1365 991 1435 1019 dixit
1450 1001 1457 1019 :
1480 989 1584 1018 Fecisti
1601 989 1739 1016 tenebras.
1754 986 1811 1014 Nec

1013 1039 1129 1066 locutus
1145 1043 1198 1070 est.
1219 1042 1250 1065 ut
1270 1038 1298 1066 in
1313 1038 1377 1066 aliis
1397 1037 1526 1064 evenisse
1549 1039 1683 1063 constat:
1704 1043 1713 1059 ε
1732 1032 1813 1060 Fiant

1020 1085 1151 1112 tenebrae.
1168 1094 1178 1111 ι
1204 1084 1318 1116 Verum.
1337 1083 1410 1118 quod
1432 1083 1467 1110 ad
1485 1082 1560 1110 lucis
1580 1080 1752 1108 creationem
1770 1083 1812 1106 at-

1020 1131 1099 1162 tinet.
1128 1130 1241 1158 disertis
1263 1130 1357 1157 verbis
1384 1128 1454 1157 dixit
1471 1138 1478 1156 :
1495 1137 1504 1154 I
1519 1128 1579 1155 Fiat
1593 1127 1653 1154 lux.
1677 1135 1687 1152 ι
1708 1124 1811 1152 Verum

178 1171 256 1206 ρήσει
268 1170 438 1205 γιγνόμενον.
452 1171 506 1197 Καὶ
519 1171 614 1207 ὥσπερ
624 1172 741 1208 λέγομεν
751 1174 817 1208 όρᾷν
832 1174 912 1203 αὐτὸ.
931 1174 969 1210 μὴ

1022 1177 1141 1204 tenebrae
1157 1176 1292 1204 insecuta:
1308 1179 1375 1203 sunt
1389 1182 1424 1203 ex
1441 1174 1540 1201 umbra
1566 1177 1659 1200 terrae.
1689 1171 1812 1198 Alterum

175 1216 297 1250 ὁρῶντες
309 1216 427 1252 ἀληθῶς,
451 1217 661 1253 ἐμποδιζόμενοι
674 1218 704 1245 δὲ
728 1219 796 1254 όρᾷν
812 1219 858 1246 ὑπ’
875 1219 969 1246 αὐτοῦ·

177 1262 251 1289 οὓτω
271 1262 320 1289 καὶ
342 1262 373 1289 τὸ
394 1262 537 1290 καλεῖσθαι
561 1263 628 1291 αὐτὸ
657 1264 781 1299 φήσομεν
806 1265 857 1292 οὐκ
882 1266 910 1292 ἐν
933 1264 972 1300 τῷ

177 1309 261 1344 εἶναι,
278 1311 335 1338 ἀλλ’
354 1312 383 1337 ἐν
401 1311 439 1346 τῷ
455 1311 673 1347 παρακολουθεῖν
686 1312 774 1347 ἑτέρῳ
784 1312 851 1340 ὄντι.
868 1313 905 1339 Τὸ
918 1313 973 1349 γὰρ

179 1358 275 1389 σκότος
291 1357 436 1392 γενόμενον
451 1357 499 1384 καὶ
520 1357 634 1392 γενητόν
654 1358 713 1388 πῶς
725 1357 786 1385 ἐστι
809 1358 856 1385 καὶ
871 1358 973 1392 ἀγένη-

178 1412 236 1430 τον.
260 1402 406 1437 ’Δγένητον
419 1401 469 1438 μὲν
483 1403 532 1438 οὐχ
547 1403 585 1435 ὡς
597 1403 627 1430 οὑ
641 1403 798 1438 γενόμενον,
812 1404 870 1430 ἀλλ’
887 1404 924 1436 ὡς
941 1403 973 1430 τὸ

179 1448 288 1482 γένεσιν
301 1448 331 1473 ὲν
346 1447 462 1482 ὑπάρξει
474 1447 513 1483 μὴ
526 1446 609 1473 λαϐόν
619 1454 627 1461 ·
642 1447 756 1482 γενητὸν
770 1447 799 1474 δὲ
814 1446 858 1473 διὰ
872 1447 902 1474 τὸ
915 1448 973 1478 τοῖς

179 1493 334 1529 γινομένοις
345 1493 538 1520 ἐπακολουθεῖν
555 1493 634 1521 δίκην
655 1493 747 1525 σκιᾶς.
760 1492 856 1529 ὥσπερ
869 1493 903 1520 τὰ
918 1492 973 1520 ἀπὸ

179 1540 236 1567 τῶν
251 1539 395 1575 ἡμετέρων
411 1539 546 1575 σωμάτων
558 1539 708 1575 γιγνόμενα
719 1547 726 1554 ·
748 1535 786 1566 ὧν
802 1540 833 1566 τὸ
852 1539 974 1573 γίνεσθαι

182 1587 235 1622 μὲν
248 1587 265 1621 ὴ
282 1586 410 1621 αἰσθησις
431 1585 617 1622 συνομολογεῖ.
644 1585 756 1617 Οὐσίαις
772 1585 801 1612 δὲ
825 1585 916 1612 αὐτῶν
931 1585 975 1612 διὰ

180 1633 211 1660 τὺ
227 1632 296 1668 μηδὲ
309 1630 379 1659 εἶναι
400 1632 450 1658 οὐκ
465 1632 649 1666 ἐπιὸἀλλομεν
660 1640 667 1648 ·
688 1631 816 1666 οὐδὲγὰρ
833 1630 895 1658 καθ’
912 1631 976 1657 ἐαυ-

180 1679 232 1711 τὰς
243 1680 272 1705 αἰ
293 1678 380 1709 σκιαὶ.
398 1678 457 1704 ἀλλ’
480 1678 527 1712 ἀφ’
552 1677 646 1713 ἐτέρου
673 1677 756 1711 μέσου
785 1675 913 1710 σώματος
926 1675 976 1711 τὴν

181 1725 309 1753 εἰκασίαν
326 1725 444 1751 ποιοῦσι.
461 1724 529 1751 Οὐδὲ
544 1724 599 1759 γὰρ
614 1724 629 1750 ὸ
645 1723 700 1758 ἀὴρ
714 1723 744 1750 τὸ
765 1722 869 1756 σκότος,
888 1722 912 1748 ει
929 1722 977 1749 καὶ

183 1772 270 1807 μέλας
283 1770 377 1807 ὥσπερ
388 1770 475 1802 οὕτως
491 1771 525 1805 τῇ
541 1769 621 1804 φύσει
634 1777 641 1784 ·
656 1768 791 1804 διαφανὴς
806 1767 862 1803 γὰρ
877 1767 914 1794 ὢν
928 1767 976 1794 ἀλ-

1022 1223 1134 1258 quidem
1164 1229 1266 1250 nomen
1291 1221 1394 1249 meruit
1418 1220 1484 1253 diei,
1518 1219 1636 1247 alterum
1659 1217 1762 1248 noctis,
1783 1221 1816 1243 at

1022 1276 1084 1304 qua
1102 1274 1183 1296 enata
1208 1271 1283 1295 esset
1299 1274 1334 1294 ex
1351 1265 1510 1302 privatione
1524 1265 1608 1292 lucis.
1625 1262 1812 1296 Quemadmo-

1022 1314 1087 1342 dum
1101 1313 1257 1348 inquimus,
1275 1320 1328 1340 uos
1345 1311 1441 1340 videre
1464 1310 1595 1338 tenebras
1619 1317 1682 1337 cum
1699 1316 1746 1336 eas
1760 1315 1814 1335 non

1023 1368 1087 1389 vere
1101 1367 1259 1392 cernamus,
1279 1359 1328 1387 sed
1341 1358 1430 1393 magis
1446 1357 1522 1384 visus
1538 1361 1634 1384 noster
1650 1355 1684 1382 ab
1703 1354 1747 1382 bis
1763 1355 1816 1381 im-

1025 1407 1156 1442 pediatur
1170 1409 1199 1433 et
1220 1409 1392 1432 occaecetur:
1419 1403 1461 1431 sic
1474 1402 1673 1430 aﬂirmabimus
1688 1401 1816 1428 tenebras

1024 1452 1136 1487 quidem
1153 1456 1251 1479 nactas
1268 1458 1332 1479 esse
1344 1457 1446 1478 nomen
1459 1457 1514 1476 non
1530 1457 1564 1476 ex
1582 1448 1627 1476 sui
1645 1447 1816 1478 substantia,

1025 1498 1073 1526 sed
1085 1497 1159 1533 quod
1174 1499 1389 1531 consequantur
1405 1498 1433 1522 et
1455 1493 1628 1521 comitentur
1653 1499 1761 1526 semper
1775 1490 1817 1517 al-

1025 1548 1115 1572 terum
1140 1542 1284 1578 quiddam.
1312 1541 1437 1576 Apparet
1462 1539 1557 1575 itaque
1591 1538 1722 1566 tenebras
1746 1545 1819 1572 quo-

1025 1588 1174 1617 dammodo
1195 1592 1223 1616 et
1246 1587 1356 1623 genitas
1377 1591 1404 1614 et
1424 1593 1480 1613 non
1497 1584 1603 1620 genitas
1622 1583 1817 1610 animadverti.

1025 1634 1085 1662 Non
1102 1634 1212 1670 genitas
1237 1633 1361 1669 quidem,
1377 1639 1433 1659 non
1457 1630 1538 1666 quasi
1559 1637 1610 1666 per
1625 1637 1655 1657 se
1671 1629 1725 1656 sint
1741 1628 1819 1662 iugo-

1026 1682 1092 1708 nitae
1117 1678 1327 1715 intelligendum
1353 1681 1409 1709 est.
1434 1677 1482 1705 sed
1504 1676 1579 1711 quod
1597 1675 1625 1702 in
1640 1675 1683 1702 sui
1701 1681 1819 1708 genera—

1026 1727 1102 1754 tione
1121 1725 1312 1754 substantiam
1339 1724 1444 1751 nullam
1464 1721 1678 1757 acquisiverint.
1704 1719 1820 1746 (lenitas

1027 1779 1095 1799 vero
1110 1779 1190 1806 cape,
1208 1770 1280 1806 quod
1301 1769 1390 1797 instar
1413 1768 1519 1796 umbrae
1537 1773 1649 1801 semper
1661 1764 1820 1797 conjunctae

180 1817 284 1852 λοτρίῳ
297 1816 423 1852 χρώματι
433 1815 472 1851 τῷ
483 1815 530 1842 τοῦ
546 1815 634 1850 φωτὸς
647 1815 744 1850 ὁρᾶται
757 1822 765 1829 ·
780 1810 810 1840 οὗ
826 1813 864 1850 μὴ
875 1813 970 1849 παρόν-

1030 1818 1087 1846 sint
1111 1816 1289 1852 corporibus.
1316 1813 1555 1848 Quemadmodum
1581 1812 1721 1842 umbram,
1738 1809 1821 1844 cujus

180 1872 239 1895 τος,
258 1862 290 1889 τὸ
305 1862 459 1897 ἀφώτιστον
482 1860 529 1888 τοῦ
545 1860 626 1896 ἀέρος
652 1861 699 1887 καὶ
719 1858 801 1886 οἱονεὶ
824 1859 908 1895 μέλαν
933 1859 970 1894 ἐφ

1028 1867 1156 1891 nostrum
1185 1869 1289 1896 corpus
1305 1861 1384 1896 origo
1400 1863 1455 1893 est,
1476 1858 1546 1886 nihil
1567 1864 1630 1886 esse
1656 1856 1700 1884 vel
1717 1863 1818 1883 sensus

182 1908 283 1937 ἑαυτοῦ
300 1908 380 1943 μένον
390 1927 398 1940 .
412 1907 508 1938 σκότος
521 1906 655 1938 καλεῖται,
672 1905 709 1942 μὴ
731 1905 762 1932 ὃν
777 1904 867 1932 οὐσία.
884 1904 915 1930 Εἰ
931 1913 970 1931 και

1029 1909 1194 1942 conﬁtetur,
1229 1907 1270 1935 sic
1299 1911 1326 1934 et
1341 1907 1380 1934 ibi
1403 1913 1454 1933 usu
1488 1904 1586 1933 venire
1608 1907 1682 1931 avet.
1713 1901 1823 1929 Nullam

183 1963 269 1991 φησιν
291 1954 421 1985 Ἡσαΐας·
445 1961 455 1979 ‹
487 1951 559 1987 Ἐγὼ
574 1953 588 1979 ὸ
603 1952 669 1984 Θεὸς
693 1951 903 1982 κατασκευάσας
921 1950 970 1985 φῶι

1030 1954 1215 1984 substantiam
1252 1953 1356 1980 umbra
1397 1952 1538 1979 addimus.
1566 1950 1635 1978 Nam
1661 1948 1823 1983 neutiquam

182 2001 234 2028 καὶ
245 2000 362 2035 ποιήσας
384 1999 498 2031 σκότος·
518 2007 528 2025 ι
545 1998 673 2034 ἐπιφέρει
696 1997 767 2032 γάρ·
787 2006 795 2022 ι
817 1996 846 2023 '0
859 1996 970 2031 ποιήσας

1032 2000 1083 2036 15
1100 2000 1172 2027 inter
1185 1999 1256 2026 entia
1271 1999 1452 2031 collocantur,
1475 2004 1569 2024 verum
1591 1995 1738 2031 quamdam
1751 1994 1823 2022 ima-

184 2048 303 2083 εἰρήνην
324 2046 372 2073 καὶ
389 2045 490 2077 κτίζων
505 2044 540 2071 τὰ
559 2044 650 2075 κακὰ,
666 2053 676 2069 ι
694 2043 766 2079 ἅπερ
783 2042 884 2078 ὁμοίως
899 2041 970 2068 ἀνούι

1032 2046 1198 2082 ginationem
1213 2049 1241 2073 et
1256 2045 1457 2078 conjecturam.
1472 2043 1551 2077 quasi
1565 2041 1621 2069 sint
1632 2049 1681 2075 per
1695 2048 1736 2071 se,
1753 2046 1824 2074 prat-

186 2101 245 2120 σια.
261 2092 298 2120 οὐ
315 2090 492 2128 πρωτουργόν
501 2087 548 2117 οὖν
558 2089 589 2116 τδ
603 2089 709 2122 σκότος,
721 2088 780 2115 ἀλλ’
793 2087 970 2123 ἁνυπάρκτως

1033 2093 1097 2120 bent
1111 2091 1176 2119 dum
1191 2091 1225 2118 ab
1235 2091 1289 2118 alio
1298 2097 1414 2125 corpore
1427 2087 1591 2116 intermedio
1600 2085 1823 2121 progrediuntur.

185 2139 333 2174 γινόμενον
347 2136 419 2164 κατὰ
439 2136 490 2172 τὴν
506 2135 575 2172 πρὸς
595 2135 625 2162 τὸ
646 2135 704 2170 φῶς
729 2133 970 2170 παρακολούοησιν

1033 2137 1089 2166 Nec
1105 2143 1134 2165 tu
1149 2144 1238 2164 aerem
1256 2136 1360 2163 dixeris
1380 2135 1536 2169 caliginem,
1562 2133 1639 2162 licet.
1656 2131 1736 2158 sicuti
1756 2130 1825 2162 hac,

187 2186 228 2212 Ob
241 2183 338 2220 πρώτη
349 2183 441 2210 τοίνυν
455 2184 472 2218 ὴ
486 2182 534 2215 νύξ
544 2191 551 2198 ·
568 2182 592 2208 εἰ
606 2181 654 2208 καὶ
669 2182 699 2208 ὲν
719 2181 824 2216 ἑορταῖς
837 2181 852 2206 ό
862 2179 968 2214 Μωῦσῆ

1035 2184 1112 2219 niger
1125 2184 1172 2211 sit.
1190 2181 1258 2209 Nam
1275 2189 1339 2209 cum
1357 2179 1512 2216 pellucidus
1529 2178 1575 2210 sit.
1591 2178 1680 2208 alieno
1694 2176 1764 2203 lucis
1779 2183 1826 2202 co-

187 2228 422 2266 προδιαναπαὺει,
437 2228 470 2254 ἐκ
485 2226 673 2264 προλαϐούσης
685 2226 782 2258 νυκτὸς
799 2226 840 2257 εἰς
851 2226 900 2260 τὴν
917 2224 969 2252 ἀνά

1036 2229 1096 2257 lore
1111 2227 1260 2255 accedente
1272 2225 1462 2261 conspicitur:
1476 2231 1530 2259 qua
1548 2224 1607 2251 luce
1630 2227 1749 2253 remota,
1775 2220 1826 2247 ob-

188 2283 293 2303 παυσιν
313 2274 361 2302 τοῦ
381 2273 523 2301 Σαϐϐάτου
539 2273 622 2300 οἱονεὶ
641 2272 801 2309 προεόρτιον
826 2271 923 2307 ἑορτὴν
944 2270 969 2297 δι

1037 2275 1158 2303 scuritas
1176 2273 1250 2301 aeris
1268 2280 1317 2308 per
1344 2280 1374 2300 se
1389 2270 1469 2306 quasi
1495 2270 1547 2297 atri
1573 2267 1710 2297 manentis
1739 2265 1828 2300 caligo

187 2321 269 2353 δούς·
287 2321 320 2347 ἐκ
342 2319 462 2355 φυσικῆς
486 2318 644 2354 ἐκεχειρίας
670 2318 720 2353 τῆς
739 2318 768 2344 ἐν
792 2317 870 2344 νυκτί
890 2317 967 2352 τὴνὲ

1038 2325 1164 2351 vocatur.
1183 2319 1247 2347 licet
1276 2326 1329 2346 non
1357 2316 1444 2352 possit
1468 2314 1565 2343 referri
1581 2314 1614 2341 ad
1630 2312 1828 2348 praedicamen—

189 2368 272 2402 λόγου
283 2367 468 2394 διαναπαυσιν
481 2367 510 2393 ἐν
521 2366 555 2401 τῇ
568 2365 662 2400 ἡμέρᾳ
678 2362 897 2399 προστακτικῶς
914 2371 970 2398 παρ

1039 2371 1097 2394 tum
1114 2364 1286 2394 substantiae.
1300 2362 1431 2397 Quamvis
1445 2360 1531 2388 Isaias
1544 2359 1632 2394 inquit
1647 2367 1654 2386 :
1674 2367 1684 2384 ι
1705 2356 1763 2393 Ego
1773 2356 1827 2383 Do-

195 2413 278 2448 έχων.
296 2412 418 2442 Εἰκότως
440 2407 487 2438 οὖν
505 2409 535 2437 οὒ
553 2418 637 2446 φησι·
658 2418 668 2435 ι
689 2410 744 2436 Καὶ
754 2409 862 2443 ἐγένετο
873 2407 970 2443 ἑσπέρα

1041 2414 1143 2444 minus.
1166 2416 1194 2440 et
1217 2419 1272 2439 non
1302 2414 1345 2438 est
1368 2408 1505 2444 amplius;
1539 2405 1662 2434 formans
1687 2404 1775 2431 lucem
1801 2405 1829 2431 et

193 2460 242 2486 καὶ
254 2458 362 2492 ἐγένετο
383 2456 474 2493 πρωῒ,
496 2466 506 2483 ι
523 2456 572 2489 νὺξ
591 2456 640 2492 μία
653 2475 661 2487 ,
674 2455 733 2482 ἀλλ’
750 2464 760 2481 ι
779 2454 872 2490 ἡμέρα
899 2453 958 2489 μία.

1042 2467 1139 2487 creans
1175 2458 1303 2486 tenebras
1320 2456 1354 2488 ³⁸,
1375 2464 1384 2481 ι
1416 2462 1468 2481 non
1504 2457 1595 2480 tamen
1619 2450 1734 2478 atﬁrmat
1760 2448 1829 2477 sub-

200 2505 309 2540 Ἦμέρα
332 2504 383 2539 μὲν
397 2504 452 2539 γὰρ
468 2503 588 2538 ἐγένετο,
610 2502 703 2538 ἐπειδὴ
722 2502 777 2530 ἀπὸ
797 2502 848 2536 τῆς
871 2501 968 2538 πορεία

1021 2511 1022 2519 ‘
1037 2505 1148 2534 stantiis
1167 2501 1421 2531 connumerandam
1435 2507 1497 2527 esse
1509 2498 1655 2533 caliginem
1672 2496 1731 2524 sive
1750 2498 1829 2523 tene-

194 2551 243 2578 τοῦ
270 2550 358 2586 φωτὸς
385 2550 530 2586 ἠριθμεῖτο
550 2549 585 2577 τὰ
603 2549 777 2585 διαστήματα
798 2548 907 2584 πρωῖας
937 2557 970 2575 κα

1039 2552 1112 2578 bras.
1135 2549 1198 2577 Mox
1225 2549 1298 2576 enim
1325 2545 1474 2574 subtexit:
1504 2553 1513 2569 ι
1535 2542 1649 2570 Faciens
1674 2547 1769 2575 pacem
1802 2542 1830 2566 et

195 2584 317 2632 ἑσπέρας
326 2604 333 2611 ·
346 2584 434 2628 vos}:
447 2584 497 2623 οὐκ
510 2595 628 2630 ἐγένετο,
643 2584 704 2621 ἐπείι
716 2594 753 2631 μὴ
766 2595 846 2621 οὐσία
859 2593 906 2620 τοῦ
920 2593 969 2620 σκό

1037 2601 1135 2622 creans
1149 2593 1251 2621 malum
1266 2600 1273 2625 ;
1309 2598 1360 2626 ego
1378 2589 1449 2616 facio
1468 2588 1561 2616 omnia
1584 2587 1636 2614 ista
1651 2585 1685 2612 ³³.
1706 2593 1716 2610 ι
1733 2584 1830 2611 Testa-

195 2631 271 2674 sooc,
287 2642 390 2677 ταύτης
409 2639 444 2677 ἦν
461 2641 602 2677 ποιητική.
620 2641 652 2668 El
669 2641 697 2668 δέ
717 2649 801 2676 φησιν
815 2641 829 2667 ό
846 2639 967 2675 Μωῡσῆς

1036 2645 1081 2667 tur
1098 2647 1128 2668 se
1143 2645 1238 2666 creare
1255 2637 1368 2668 malum,
1380 2635 1506 2670 quamvis
1518 2641 1551 2661 ne
1565 2633 1618 2659 hoc
1632 2631 1742 2667 quidem
1759 2631 1831 2657 inter

200 2697 210 2714 ο
229 2687 356 2722 Ἐγένετο
369 2674 483 2723 ’ἑσπέρα
492 2674 539 2714 καὶ
547 2674 655 2721 ἐγένετο
675 2674 758 2722 πρῴῖξ
773 2686 866 2722 ἡμέρα
883 2674 953 2721 μίας

1038 2684 1208 2713 substantias
1218 2683 1378 2710 collocetur.
1390 2680 1429 2709 Ne
1439 2680 1519 2715 igitur
1533 2679 1595 2714 quis
1603 2678 1655 2706 sibi
1666 2674 1831 2712 persuadeat

197 2732 236 2764 ὼς
247 2732 280 2759 ἐκ
290 2732 388 2759 τούτου
402 2731 489 2759 νύκτα
510 2731 617 2766 πρῶτον
638 2731 692 2758 ἀπὸ
706 2731 756 2767 τῆς
776 2731 895 2767 ἑσπέρας
909 2730 970 2765 γενέ

1037 2731 1183 2767 caliginem
1213 2729 1313 2756 factam
1334 2735 1395 2756 esse
1416 2727 1534 2762 priorem
1547 2745 1555 2756 .
1574 2732 1635 2751 eum
1655 2728 1828 2757 nequaquam

199 2776 272 2810 σθαι,
288 2777 449 2813 νομίζεσθαι
461 2785 468 2793 ·
483 2777 540 2804 ἀλλ’
556 2775 602 2804 οὖν
626 2778 657 2805 οὐ
673 2779 705 2814 τῇ
724 2778 800 2812 τάξει
816 2778 870 2805 τῶν
884 2777 969 2813 ὀνομά

1037 2776 1173 2805 subsistat
1193 2782 1201 2801 :
1218 2773 1267 2802 sed
1289 2773 1384 2801 credat
1413 2775 1471 2798 tum
1495 2770 1604 2798 domum
1620 2771 1742 2796 exortam
1765 2769 1829 2791 cum

252 2869 275 2884 ³¹
289 2869 344 2896 lsa.
362 2876 423 2897 ην.
445 2868 470 2896 7.
509 2868 531 2885 ³⁸
544 2867 609 2896 ibid.
