2072 3157
263 163 298 195 59
920 164 1055 196 PROCOI

1117 165 1242 196 GAZEI
1867 164 1904 196 60

261 221 344 256 cmpit
357 220 445 248 lucem
461 220 604 255 subsequi.
626 219 681 248 Nec
709 220 801 256 colligi
830 225 920 256 potest
946 227 1053 250 noctem

1107 231 1159 248 των
1173 221 1332 248 ἀκολουθεῖν
1355 221 1514 256 ἀναγκαῖον.
1541 220 1572 247 'H
1596 221 1650 257 γὰρ
1667 221 1773 257 ἑσπέρα
1795 223 1845 257 τῆς
1865 223 1904 250 ἔω

260 275 323 295 esse
338 267 457 303 priorem
471 269 486 293 d
499 274 526 298 e.
543 275 576 294 ex
592 267 754 294 testimonio
782 266 878 300 Mosis,
893 268 966 303 quod
984 277 1059 296 sem-

261 321 310 349 per
323 313 490 348 praemittere
504 313 593 341 soleat
609 313 688 340 festis
707 317 866 351 noctem,\et
881 314 914 341 ab
930 322 963 341 ea
978 322 1059 342 exor-

263 358 319 384 diri
345 357 506 385 Sabbauun.
523 357 592 385 Nam
620 358 705 385 alium
721 357 804 386 ﬁnem
821 359 941 393 respexit
957 358 1058 393 Moses,

262 404 368 431 scilicet
386 407 417 430 ut
433 403 520 437 magis
533 411 563 431 se
588 407 741 439 praeparent
759 404 885 432 homines
901 405 934 432 ad
945 405 1059 433 audien-

262 451 324 477 dam
339 451 582 486 legem,propterea
593 458 688 485 magna
697 451 860 478 auctoritate
870 450 903 478 ad
916 459 1057 486 vesperam

265 497 468 531 praecedentem
496 496 594 524 indicit
626 496 786 524 Sabbatum.
826 496 999 532 Quapropter
1029 502 1059 525 ut

263 542 355 570 omnia
364 543 419 570 sint
430 542 516 577 magis
529 542 679 574 luculenta,
690 543 728 569 ait
741 550 748 568 :
769 552 778 568 ι
798 542 860 570 Fuit
871 550 983 578 vespera
995 543 1059 570 fuit-

263 596 317 624 que
335 596 415 615 mane
427 588 487 616 dies
507 596 590 617 unus.
609 598 617 615 ι
633 588 692 616 Νοη
711 589 802 624 inquit
817 588 893 616 :Nox
907 597 972 623 una,
988 590 1035 617 sed
1049 597 1056 616 :

267 642 277 658 ε
299 633 362 660 Dies
380 641 464 660 unus.
479 642 488 658 ι
506 633 573 659 Nam
590 633 649 661 dies
665 633 791 661 constitit
805 642 868 661 cum
879 641 1060 662 numeraren-

264 683 309 705 tur
325 678 473 706 interstitia
504 678 630 706 matutini
645 683 673 706 et
701 679 852 714 vespertini
874 680 1007 714 temporis
1024 679 1058 707 ad

263 725 333 752 lucis
348 725 530 752 curriculum.
553 724 651 752 Verum
672 733 725 752 nox
746 732 801 752 non
814 728 908 752 creata
928 725 969 752 vel
987 724 1058 752 facta

263 776 315 800 est.
331 770 398 798 Nam
427 780 490 799 cum
518 771 593 799 nulla
615 772 651 799 sit
680 772 836 799 substantia
863 772 1056 803 tenebrarum,

263 818 412 852 nequivere
443 823 552 845 noctem
571 826 728 853 procreare.
751 818 881 850 Quidam.
897 823 928 846 ut
941 818 1058 846 demon-

264 868 352 892 strent
364 869 473 892 noctem
491 865 609 900 priorem
626 864 764 892 conditam
776 872 838 892 esse
863 863 919 896 die,
932 871 1056 898 sequun-

1110 269 1158 295 καὶ
1172 268 1223 303 τῆς
1234 267 1299 302 ὅλης
1313 267 1420 303 ἡμέρας
1447 267 1536 303 πέρας
1551 267 1642 301 ἐστὶν,
1657 268 1695 299 ὡς
1711 269 1821 301 πάντως
1839 269 1905 296 ἕπε-

1110 314 1172 340 σθαι
1184 314 1217 349 τῇ
1231 314 1324 349 ἡμέρᾳ
1339 312 1389 349 τὴν
1403 312 1497 341 νύκτα.
1510 312 1573 345 Πῶς
1584 313 1639 349 γὰρ
1649 313 1762 341 δυνατὸν
1778 315 1900 351 ἑσπέραν

1109 359 1236 394 γενέσθαι
1264 358 1301 394 μὴ
1320 358 1514 394 προλαὸούσης
1539 359 1660 395 πρωῖας;
1686 359 1735 394 Εῐη
1750 359 1773 386 δ’
1798 359 1831 386 ἂν
1855 360 1904 387 καὶ

1108 407 1257 442 τριήμερος
1271 405 1288 440 ἡ
1301 404 1348 431 τοῦ
1363 404 1489 440 Σωτῆρος
1510 404 1660 437 ἀνάστασις
1672 426 1680 439 ,
1699 406 1724 432 ει
1740 404 1812 432 κατὰ
1825 406 1904 440 Μάρ-

1108 459 1158 477 κον
1178 451 1243 487 περὶ
1263 450 1358 487 τρίτην
1379 450 1456 486 ὥραν
1481 450 1665 486 ἐσταύρωται,
1692 451 1746 477 ἀπὸ
1767 451 1797 478 δὲ
1820 451 1904 485 ἕκτης

1111 496 1206 528 σκότος
1236 497 1345 531 ἐγένετο
1370 496 1423 527 ἓως
1447 497 1546 532 ἐνάτης
1571 497 1619 523 ἐπὶ
1643 497 1735 532 πάσης
1758 497 1809 532 τῆς
1838 498 1900 532 γῆς.

1112 540 1281 576 Πληρούσθω
1292 541 1349 576 γὰρ
1360 540 1398 572 ὡς
1415 542 1444 568 ὲν
1460 541 1540 576 τύπῳ
1555 542 1605 576 μία
1620 541 1714 577 ἡμέρα
1730 541 1774 568 διὰ
1798 541 1902 568 τούτων

1115 587 1198 622 μέχρι
1212 587 1262 622 τῆς
1280 587 1378 622 ἐνάτης
1394 587 1468 622 ὥρας
1478 596 1485 604 ·
1499 586 1626 622 ἀρχέσθω
1638 587 1667 614 δὲ
1684 588 1701 623 ἡ
1717 587 1832 623 δευτέρα
1845 588 1900 614 ἀπὸ

1108 634 1159 669 τῆς
1179 633 1278 669 ἐνάτης
1299 633 1536 669 ἐπακολουθούσης
1551 633 1602 669 ἤδη
1625 633 1676 668 τῆς
1698 634 1830 666 πλατείας
1857 643 1904 661 νυ-

1109 679 1184 710 κτός·
1200 679 1217 714 ἡ
1232 679 1261 705 δὲ
1277 678 1357 714 τρίτη
1373 678 1525 713 λογιζέσθω
1538 679 1593 706 ἀπὸ
1608 678 1655 706 τοῦ
1671 679 1823 712 Σαϐὃάτου,
1838 688 1904 706 συν-

1109 725 1266 760 απτομένης
1287 725 1338 760 τῆς
1358 724 1446 759 ὅψεως
1457 724 1606 752 Σαὸὃάτων
1622 725 1672 761 τῆς
1689 725 1902 761 ὲπιφωσκούσης

1109 772 1149 804 είς
1167 771 1216 807 τὴν
1233 771 1386 806 Κυριακήν.
1409 771 1441 797 Et
1459 771 1488 798 δὲ
1513 771 1609 807 πρώτη
1625 772 1642 807 ἡ
1657 770 1716 804 νὺξ.
1739 781 1750 797 ι
1775 770 1903 806 Ἐγένετο

1109 816 1223 851 ἑσπέρα,
1245 816 1293 843 καὶ
1309 816 1419 850 ἐγένετο
1433 815 1518 851 πρωῒ,
1544 825 1554 842 ι
1571 817 1588 852 ἡ
1602 816 1706 844 διάνοια
1720 816 1812 852 ζητεῖν
1831 817 1898 844 ὑπο-

1109 863 1201 890 σάλλει
1211 862 1388 897 πότεροννπρδ
1398 861 1445 888 τοῦ
1455 861 1582 896 γενέσθαι
1593 863 1699 898 ἡμέραν
1713 863 1817 898 ἑσπέρα
1824 863 1904 898 γέγο-

265 914 310 936 ιυι·
329 909 382 936 hoc
413 896 551 944 eloquium
576 908 682 938 Musis:
702 919 710 934 ι
731 909 793 936 Fuit
817 917 932 944 vespera
946 896 1053 944 fuitque

1107 918 1162 941 νιν,
1172 910 1189 945 ἢ
1200 896 1337 944 ληγούσης
1349 896 1400 943 τῆς
1420 908 1527 944 ἡμέρας
1538 917 1546 942 ;
1628 896 1657 936 ὲν
1671 909 1711 944 τῷ
1721 929 1728 941 ,
1745 919 1754 935 ι
1781 896 1904 944 Ἐγένετο

264 963 345 982 mane
359 955 419 983 dies
432 963 522 983 unus:
538 965 548 981 ι
561 963 622 983 nam
635 963 777 991 vesperam
788 955 867 990 juxta
876 955 975 983 seriem
988 963 1054 982 nar-

1106 955 1135 982 δὲ
1155 954 1238 990 πρωῒ,
1260 955 1353 990 ἡμέρα
1370 954 1430 990 μία,
1447 965 1457 981 ι
1471 955 1521 990 τῆς
1537 954 1650 990 πρώτης
1672 956 1778 991 ἡμέρας
1795 956 1855 983 ἐστὶ
1872 956 1904 983 τὺ

265 1000 379 1028 rationis
394 1001 510 1035 positam
538 1009 599 1028 esse
616 1001 705 1035 primo
719 1001 789 1032 loco,
803 1004 830 1028 et
850 1008 883 1028 ex
906 1008 938 1028 ea
955 1000 1055 1027 deinde

1110 1001 1184 1036 πρωϊ
1198 1001 1215 1036 ἢ
1229 1001 1279 1036 τῆς
1294 1001 1450 1037 ἀρχομένης
1461 1001 1609 1037 δευτέρας;
1630 1002 1662 1028 Εί
1679 1001 1733 1037 γὰρ
1747 1002 1798 1037 τῆς
1825 1002 1903 1038 πρώ-

264 1052 372 1073 noctem
390 1046 562 1081 provenisse.
579 1046 714 1074 Caeterum
733 1054 784 1074 nos
804 1054 977 1081 nequaquam
995 1047 1055 1074 ani-

1107 1056 1168 1083 της,
1185 1047 1396 1082 συναπτομένων
1407 1048 1475 1083 αὐτῇ
1492 1047 1546 1074 τῶν
1558 1047 1621 1082 ἑξῆς
1632 1048 1796 1083 γενομένων,
1823 1049 1904 1085 εὑρε-

264 1099 338 1118 mnm
352 1092 385 1118 ad
404 1092 549 1120 verborum
561 1092 660 1120 seriem
674 1092 823 1127 appellere,
835 1092 884 1119 sed
901 1091 995 1118 virtuti
1012 1100 1055 1118 re-

1109 1093 1222 1127 θήσεται
1237 1093 1252 1120 ὀ
1267 1093 1410 1128 ἄνθρωπος
1430 1095 1464 1129 τῇ
1484 1093 1598 1131 πέμπτῃ
1617 1094 1763 1130 γενόμενος
1782 1096 1876 1131 ἡμέρᾳ.
1892 1104 1901 1112 υ

264 1144 325 1163 runt
350 1138 488 1172 applicare
516 1141 633 1173 oportet.
662 1137 731 1164 Nam
752 1145 866 1172 vespera
883 1137 999 1165 orientis
1015 1143 1055 1164 to-

1110 1139 1291 1175 εὑρεθήσεται
1315 1139 1343 1166 δὲ
1369 1140 1417 1166 καὶ
1438 1140 1453 1166 ὀ
1473 1139 1540 1171 Θεὸς
1568 1140 1601 1176 τῇ
1623 1139 1692 1177 ἕκτῃ
1719 1142 1903 1175 καταπαύσας

266 1185 376 1220 tinsque
400 1186 453 1213 diei
469 1187 604 1214 terminus
627 1186 670 1213 vel
693 1185 755 1213 linis
774 1189 827 1212 est.
842 1184 911 1212 Hinc
932 1184 1058 1218 sequitur
1111 1184 1213 1220 ἡμέρᾳ.

264 1231 336 1259 diem
358 1231 476 1266 priorem
491 1239 553 1260 esse
573 1236 663 1260 nocte.
681 1231 748 1265 Quae
768 1231 839 1258 ratio
857 1230 1002 1266 permittit,
1021 1234 1051 1257 ut
1069 1230 1106 1257 sit
1121 1237 1245 1264 vespera,
1260 1230 1312 1257 nisi
1330 1230 1468 1265 pmedat
1487 1234 1595 1266 tempus
1629 1233 1818 1262 matutinum?
1847 1234 1905 1262 Erit

264 1284 330 1304 sane
357 1278 385 1305 in
409 1278 481 1305 hunc
512 1278 623 1306 modum
644 1278 811 1306 resurrectio
833 1277 985 1305 Salvatoris
1001 1276 1137 1309 tridnalis,
1152 1276 1186 1308 si,
1203 1281 1234 1303 ut
1263 1277 1389 1311 perhibet
1414 1276 1522 1305 Marcus
1533 1277 1603 1310 "'",
1625 1279 1704 1306 tertia
1737 1279 1804 1307 hora
1844 1288 1905 1309 cru-

263 1323 363 1351 ciﬁxus
376 1328 430 1351 est.
443 1324 465 1351 A
480 1329 556 1352 sexta
573 1326 639 1352 hora
654 1325 774 1352 tenebrae
785 1329 886 1352 exortae
894 1328 958 1352 sunt
973 1331 1055 1359 super
1075 1324 1231 1351 universam
1257 1328 1358 1351 terram
1407 1328 1601 1359 permanentes
1639 1333 1727 1359 usque
1748 1326 1781 1354 ad
1805 1327 1902 1356 horam

264 1376 376 1398 nonam.
390 1371 580 1398 Constituatnr
598 1371 701 1405 itaque,
733 1370 849 1405 exempli
862 1370 960 1405 gratia,
978 1378 1050 1397 unus
1067 1369 1126 1398 dies
1145 1377 1192 1404 per
1212 1369 1270 1397 haec
1302 1369 1446 1397 intervalla
1469 1369 1503 1397 ad
1538 1378 1638 1398 nonam
1675 1380 1762 1406 usque
1796 1373 1903 1401 horam.

263 1414 413 1450 lncipiatnr
429 1416 530 1443 deinde
554 1416 614 1443 dies
643 1416 712 1443 alter
727 1423 742 1442 a
765 1423 836 1443 nona
853 1415 919 1443 hora
949 1415 1089 1449 sequentis
1108 1414 1197 1442 noctis
1218 1414 1398 1449 intempesta}.
1429 1414 1542 1443 Tertius
1586 1421 1760 1452 computetur
1788 1426 1803 1445 a
1835 1418 1904 1446 Sab-

263 1462 327 1489 bato
343 1461 449 1496 adjecta
468 1461 649 1490 Sabbatorum
662 1470 787 1498 vespera,
802 1471 862 1498 qune
889 1462 1004 1490 lucescit
1016 1462 1043 1489 in
1063 1462 1135 1489 diem
1149 1461 1332 1490 Dominicum.
1344 1461 1449 1490 Haecde
1476 1462 1568 1490 triduo
1600 1465 1821 1497 resurrectionis.
1849 1471 1903 1494 etc.

264 1511 363 1538 Verum
382 1511 404 1539 si
422 1519 474 1538 nox
488 1512 636 1540 antecessit
651 1512 733 1546 diem,
755 1517 786 1540 ut
809 1513 920 1548 quidam
935 1513 1092 1549 opinantur,
1122 1513 1260 1548 quomodo
1293 1513 1381 1542 Moses
1416 1515 1454 1542 ait
1476 1522 1483 1541 :
1508 1520 1535 1541 λι
1553 1513 1615 1542 Fuit
1635 1520 1750 1549 vespera
1795 1512 1902 1547 fuitque

262 1566 344 1586 mane
360 1558 420 1587 dies
437 1559 520 1588 unus?
540 1570 549 1585 ι
567 1560 685 1590 Animus
713 1562 753 1589 sic
772 1561 926 1590 consistere
963 1561 1070 1597 nequit,
1107 1561 1155 1590 sed
1186 1560 1325 1597 inquirere
1351 1562 1507 1596 conabitur,
1533 1569 1569 1590 an
1596 1569 1708 1597 vespera
1740 1561 1901 1597 praevenerit

262 1606 350 1640 diem;
372 1611 429 1639 aut,
442 1615 475 1634 an
492 1611 550 1635 tum
565 1608 674 1636 demum
701 1609 854 1642 emerserit,
872 1616 935 1636 cum
954 1608 1106 1636 cessaverit
1121 1607 1192 1637 dies.
1222 1607 1252 1635 In
1283 1608 1344 1636 istis
1377 1608 1492 1637 verbis:
1528 1617 1537 1635 ι
1562 1608 1626 1636 Fuit
1647 1615 1762 1643 vespera
1797 1607 1903 1643 fuitque

263 1662 342 1682 mane
368 1655 427 1682 dies
452 1663 534 1688 unus,
554 1666 563 1682 ι
582 1662 646 1688 elc.,
669 1656 841 1692 intelligitur,
869 1661 916 1683 aut
943 1656 1045 1691 prioris
1072 1655 1127 1683 diei
1162 1655 1328 1683 matutinum
1358 1659 1477 1690 tempus,
1498 1660 1546 1684 aut
1559 1655 1675 1684 secundi
1692 1655 1746 1683 diei
1763 1655 1819 1690 jam
1833 1655 1903 1683 inci-

263 1701 372 1734 pientis.
394 1701 422 1728 Si
444 1702 544 1736 prioris
557 1702 609 1730 diei
627 1704 916 1738 respicismatutinum
932 1708 1050 1739 tempus,
1070 1702 1094 1731 si
1112 1702 1136 1730 ei
1150 1703 1486 1739 conjungasinseqnentes
1496 1703 1566 1735 dies.
1601 1703 1727 1731 invenies
1762 1702 1903 1730 hominem

262 1747 306 1774 die
321 1748 418 1781 quinto
433 1755 495 1776 esse
509 1749 647 1777 conditum
671 1760 677 1777 :
694 1755 722 1778 et
736 1751 856 1786 reperies
881 1750 964 1778 Deum
978 1749 1116 1786 quievisse
1128 1748 1173 1776 die
1188 1754 1278 1777 sexlo.

298 1793 398 1821 Verum
413 1794 463 1822 hoc
480 1799 537 1822 tum
549 1796 612 1826 erit.
623 1805 685 1823 cum
703 1798 786 1826 latius
796 1798 926 1825 fortassis
941 1798 1063 1832 accipie-

262 1846 325 1866 mus
341 1839 490 1868 dictionem
511 1850 598 1874 mane,
615 1843 651 1870 ita
665 1848 694 1870 ut
709 1843 744 1871 ad
762 1843 833 1871 diem
850 1845 987 1878 pertinere
1009 1844 1053 1871 di-

262 1891 368 1920 camus,
392 1887 466 1922 quod
502 1887 586 1915 simili
620 1890 726 1916 ratione
741 1894 768 1918 et
783 1890 818 1918 de
837 1894 918 1918 nocte
936 1890 1052 1926 intelligi

262 1933 374 1968 poterit.
390 1932 562 1968 Quapropter
587 1933 706 1962 Joannes
725 1935 906 1969 evangelista,
929 1942 991 1962 cum
1009 1935 1053 1962 di-

263 1981 359 2012 xisset,
381 1988 468 2011 mane,
483 1985 511 2007 ut
536 1981 627 2008 omnia
656 1985 750 2009 essent
768 1982 901 2012 clariora.
923 1981 1051 2009 addidit:

266 2036 276 2053 ι
295 2026 362 2054 Cum
376 2026 467 2054 adhuc
489 2031 585 2055 essent
608 2027 739 2055 tenebrae.
759 2038 768 2054 ι
788 2027 908 2060 Marcus.
924 2036 986 2056 cum
1006 2035 1054 2062 po-

263 2073 385 2100 suisset:
402 2071 512 2100 Summo
539 2072 669 2106 diluculo,
701 2073 822 2101 admovit
838 2079 866 2101 et
888 2073 1051 2109 sequentia:

266 2128 276 2145 ς
294 2118 396 2147 Exorto
411 2120 479 2147 sole.
500 2119 669 2153 iCazternm,
687 2126 716 2148 ut
731 2125 862 2156 apparet,
883 2125 999 2156 uterque
1019 2128 1053 2149 ex

262 2165 481 2193 circumstantiis
493 2174 550 2194 rem
566 2167 753 2195 consideravit
776 2172 802 2195 et
818 2167 939 2202 scripsit.
960 2166 988 2194 Si
1005 2175 1054 2194 au-

262 2215 316 2238 tem
336 2212 397 2246 quis
414 2212 532 2246 accipiat
546 2212 698 2241 diluculum
723 2222 771 2242 seu
797 2222 877 2241 mane
902 2214 1052 2242 conﬁnium

262 2257 317 2284 diei
332 2257 480 2293 noctisque
492 2258 676 2292 individuum,
692 2265 722 2287 ut
736 2261 826 2296 ipsum
838 2267 918 2288 mane
933 2259 1001 2287 nihil
1018 2259 1054 2287 ab

262 2307 378 2336 utroque
393 2306 518 2338 tempore
530 2311 645 2337 prorsus
661 2309 822 2337 mutuetur,
850 2305 991 2341 quomodo
1011 2304 1053 2332 di-

261 2354 309 2375 ces
329 2356 337 2375 :
359 2348 449 2379 Mane,
479 2349 520 2376 vel
545 2349 600 2376 diei
624 2350 664 2377 vel
681 2351 771 2378 noctis
802 2351 844 2379 vel
872 2355 1054 2386 utrarumque

262 2393 389 2426 partem?
406 2393 458 2420 Sed
494 2393 552 2422 lure
573 2403 616 2423 res
634 2395 800 2423 luculentior
822 2397 885 2427 erit.
913 2396 936 2424 si
959 2403 1053 2424 exem-

262 2436 337 2472 plum
355 2437 521 2466 dederimus.
534 2439 618 2467 Linea
633 2441 757 2476 quaedam
779 2441 954 2470 indivisibilis
977 2441 1054 2469 ﬁniat

1145 1795 1232 1823 Τοῦτο
1251 1796 1302 1830 μὲν
1318 1794 1366 1823 οὖν
1384 1796 1484 1832 ἀληθὲς
1507 1796 1532 1823 εί
1559 1796 1698 1828 πλατικῶς
1716 1794 1903 1831 λαμϐάνοιμεν

1105 1842 1136 1869 τδ
1155 1842 1230 1876 πρωῒ
1263 1842 1340 1878 παρὰ
1353 1842 1378 1869 τ’
1395 1843 1424 1869 ἐν
1442 1842 1518 1877 αὐτῷ
1539 1842 1588 1877 τῆς
1610 1843 1718 1877 ἡμέρας
1743 1842 1902 1878 δεχόμενοι·

1106 1888 1175 1923 ὅπερ
1195 1888 1264 1915 κάπὶ
1278 1888 1328 1924 τῆς
1349 1888 1446 1919 νυκτὸς
1467 1887 1569 1922 ὁμοίως
1592 1887 1701 1920 ἐξέσται
1721 1889 1803 1915 νοεῖν.
1820 1888 1903 1914 Ὅθεν

1106 1935 1121 1960 ὁ
1134 1934 1183 1970 μὲν
1208 1935 1338 1970 Ἰωάννης
1363 1933 1451 1960 εἰπὼν
1468 1934 1509 1965 τὸ,
1537 1933 1623 1968 πρωῒ,
1642 1933 1796 1969 προσέθηκε
1815 1943 1823 1960 ι
1841 1943 1904 1961 σκο-

1107 1981 1168 2013 τίας
1183 1980 1223 2008 ἐτι
1241 1980 1340 2016 οΰσης·
1359 1990 1369 2007 ι
1381 1982 1395 2007 ὀ
1407 1980 1436 2007 δὲ
1457 1981 1581 2016 Μάρκος,
1593 1980 1670 2014 πρωῒ
1680 2001 1687 2013 ,
1697 1980 1755 2013 καὶ,
1768 1989 1777 2006 ‹
1795 1980 1904 2007 ἀνατεί-

1106 2027 1202 2059 λαντος
1218 2027 1265 2053 τοῦ
1281 2027 1372 2061 ἡλίου,
1396 2036 1405 2053 ι
1423 2027 1554 2062 ἑκάτερος
1566 2025 1599 2053 ἐκ
1611 2027 1667 2053 τῶν
1684 2027 1903 2062 παρακειμένων

1105 2073 1155 2109 τὴν
1170 2073 1358 2109 προσηγορίαν
1373 2073 1549 2109 ποιούμενος.
1568 2072 1638 2100 Είδὲ
1655 2073 1782 2109 μεθόριον
1796 2073 1903 2108 ἀμερὲς

1106 2120 1202 2151 νυκτός
1223 2129 1254 2146 τε
1270 2120 1316 2147 καὶ
1341 2120 1450 2155 ἡμέρας
1469 2120 1624 2156 ὲκδέχοιντο
1647 2120 1678 2146 τὸ
1703 2119 1787 2155 πρωῒ,
1815 2120 1901 2155 μηδὲν

1105 2166 1160 2193 τῶν
1177 2166 1392 2202 παρακειμένων
1415 2166 1446 2199 ὲξ
1474 2166 1606 2201 ἑκατέρου
1627 2165 1765 2200 λαμόἀνον
1789 2165 1900 2202 καιροῦ,

1107 2212 1167 2243 πῶς
1181 2212 1230 2247 τῆς
1244 2212 1350 2247 ἡμέρας
1374 2212 1459 2248 μόνης
1475 2212 1493 2248 ἢ
1517 2212 1568 2246 τῆς
1584 2213 1683 2243 νυκτὸς
1704 2211 1722 2247 ἦ
1744 2211 1794 2239 καὶ
1813 2211 1903 2246 ἀμφο-

1106 2258 1193 2294 τέρων
1203 2248 1347 2294 γενήσεται
1361 2257 1463 2293 μέρος;
1478 2257 1568 2285 Οίονεὶ
1581 2257 1636 2292 γὰρ
1646 2257 1763 2293 γραμμή
1773 2256 1815 2288 τίς
1827 2257 1903 2284 ἐστιν

1106 2304 1212 2340 ἀμερὴς
1228 2303 1384 2340 περατοῦα
1397 2303 1502 2331 τούτων
1517 2304 1659 2338 ἑκάτερον,
1677 2303 1779 2338 μᾶλλον
1789 2303 1818 2330 δὲ
1830 2303 1903 2331 κατά

1106 2349 1218 2382 ταυτὸν,
1239 2350 1289 2385 τῆς
1309 2349 1359 2386 μὲν
1377 2350 1462 2385 ἀρχὴ,
1486 2349 1535 2384 τῆς
1553 2349 1583 2376 δὲ
1603 2350 1691 2385 πέρας
1716 2349 1900 2385 τυγχάνουσα.

1106 2395 1258 2430 Τοιγαροῦν
1271 2396 1285 2422 ό
1314 2395 1435 2431 Μωῦσῆς
1456 2395 1492 2422 τὰ
1512 2395 1567 2422 τῶν
1583 2395 1689 2431 καιρῶν
1709 2395 1782 2431 ἄκρα
1799 2395 1901 2427 λαϐὼν,

1106 2440 1141 2468 τὰ
1156 2441 1226 2476 μέσα
1238 2440 1284 2468 διὰ
1296 2440 1399 2468 τούτων
1415 2440 1550 2476 ἐδήλωσεν
1560 2461 1568 2474 ,
1586 2441 1636 2468 οὐκ
1654 2441 1687 2468 ἃν
1697 2441 1726 2467 ὲν
1741 2441 1838 2477 ἄκροις
1853 2441 1901 2469 θα-

261 2487 316 2509 tam
331 2489 439 2511 noclem
456 2492 538 2520 quam
551 2485 634 2514 diem.
652 2486 680 2514 Si
697 2495 753 2515 rem
780 2488 900 2522 penilius
922 2487 1053 2523 introspi-

1107 2487 1185 2522 τέρου
1213 2487 1298 2524 μέρος
1320 2487 1419 2514 εἰπών·
1446 2488 1560 2523 ἀριθμεῖ
1585 2487 1615 2514 δὲ
1644 2486 1695 2519 τὰς
1721 2487 1830 2523 ἡμέρας
1852 2486 1901 2514 τοῦ

262 2535 324 2556 cere
341 2528 519 2564 voluerimus,
543 2531 628 2565 linea.
648 2541 709 2568 quae
723 2534 836 2562 alterius
856 2534 940 2562 fuerit
951 2534 1056 2570 princi-

262 2574 347 2608 pium.
361 2575 474 2604 alterius
486 2576 548 2605 linis
556 2585 617 2606 esse
628 2579 742 2613 patebit.
755 2579 823 2607 Hinc
830 2584 858 2608 et
872 2580 971 2614 Moses,
985 2585 1056 2609 tem-

264 2627 360 2653 porum
377 2622 565 2651 extremitates
591 2632 708 2660 ponens.
735 2626 824 2654 media
838 2627 925 2654 voluit
941 2635 989 2663 per
1005 2636 1053 2656 eas

263 2665 435 2701 signiﬁcare;
452 2676 503 2696 nec
521 2669 582 2704 ejus
595 2671 704 2699 animus
719 2671 781 2704 fuit,
794 2673 821 2699 in
832 2674 1052 2702 extremitatibus

264 2709 408 2745 utriusqne
437 2719 540 2747 partem
564 2722 793 2746 commonstrare.
814 2718 916 2747 Exacta
931 2719 976 2747 illa
992 2720 1052 2748 die-

265 2763 326 2782 rum
341 2760 547 2789 enumeratione
575 2770 627 2790 nos
656 2763 746 2796 docet,
762 2765 894 2792 mundum
920 2773 974 2794 non
991 2773 1054 2794 esse

263 2805 408 2837 aeternum,
424 2805 470 2833 sed
484 2807 562 2836 aDeo
569 2809 801 2840 conditum.l)cus
816 2811 906 2848 opifex
918 2820 971 2841 non
982 2818 1052 2841 tem—

300 2890 360 2908 ’δ’δ’
374 2891 457 2921 .llarc.
484 2902 530 2929 xv,
542 2896 589 2925 25.

1108 2533 1223 2570 κόσμου,
1243 2533 1275 2561 τδ
1298 2533 1411 2569 γενητὸν
1431 2533 1555 2570 ἀκριϐῶς
1579 2533 1755 2569 παραστῆσαι
1771 2533 1902 2569 βουλόμε-

1106 2589 1161 2613 νος.
1179 2580 1283 2617 Χρόνου
1303 2580 1358 2616 γὰρ
1377 2581 1407 2607 ού
1429 2580 1516 2607 δεῖται
1540 2578 1716 2615 δημιουργῶν
1732 2580 1747 2606 ὁ
1767 2578 1844 2611 Θεός.
1862 2578 1900 2605 οὺ

1107 2626 1160 2662 μὴν
1176 2626 1281 2654 ἄτακτα
1291 2626 1326 2654 τὰ.
1337 2626 1469 2661 γεγονότα
1485 2627 1568 2659 ποιεῖ,
1583 2624 1702 2661 ἀριθμὸς
1716 2625 1745 2652 δὲ
1760 2625 1810 2661 τὴν
1823 2625 1901 2657 τάξιν

1104 2672 1260 2708 ἐργάζεται.
1277 2672 1360 2699 Ὅθεν
1381 2672 1432 2699 οὐκ
1454 2669 1526 2704 εἶπε,
1541 2671 1649 2708 πρώτη,
1664 2672 1733 2699 ἀλλὰ
1754 2672 1818 2708 μία.
1855 2672 1902 2699 Ἐν

1104 2719 1160 2754 γὰρ
1168 2720 1224 2750 τοῖς
1237 2718 1296 2753 ἅμα
1311 2717 1491 2753 τυγχάνουσιν
1506 2718 1557 2744 οὐκ
1573 2716 1633 2744 ἐστι
1649 2718 1759 2753 πρῶτον
1771 2718 1820 2745 καὶ
1837 2717 1900 2745 δεύ-

1106 2773 1199 2800 τερον·
1213 2765 1271 2792 ἀλλ’
1285 2765 1402 2801 ἐπείπερ
1424 2765 1441 2800 ἡ
1462 2764 1589 2799 διήγησις
1608 2764 1658 2799 τὴν
1671 2764 1747 2797 τάξιν
1768 2763 1836 2800 ἔχει,
1854 2763 1900 2791 διὰ

1106 2812 1185 2840 τοῦτο
1202 2811 1272 2848 μετὰ
1285 2810 1334 2847 τὴν
1347 2811 1422 2846 μίαν
1438 2810 1485 2837 καὶ
1501 2808 1646 2844 δευτέραν
1656 2809 1765 2844 λέγεται
1781 2809 1828 2836 καὶ
1849 2807 1900 2845 μὲ-
