2072 3157
171 174 215 210 '61
730 186 996 220 COMMENTARH
1016 191 1056 220 1N
1078 191 1256 222 GENESIN.
1779 190 1814 221 62

182 244 228 271 χρι
239 234 295 261 τῶν
306 234 346 268 ἓξ,
370 236 451 263 ἕνεκα
465 237 579 270 τάξεως.
595 239 627 266 Εἰ
643 239 673 266 δὲ
693 240 783 273 τοῦτο,
807 242 916 274 πάντως
928 245 971 269 καὶ

1026 253 1091 278 pore
1114 253 1184 280 opus
1217 245 1309 272 habet.
1338 244 1393 271 Nec
1409 248 1498 271 tamen
1517 243 1642 276 conl’usr,
1658 243 1704 270 sed
1721 243 1814 271 debito

182 281 295 318 πρώτην
309 283 561 319 προεπινοουμένην
572 284 693 320 ἔχουσιν,
706 287 739 321 ἢν
754 287 819 320 μίαν
833 287 972 321 ἐκάλεσεν,

180 328 211 354 τό
221 337 252 355 τε
265 329 315 363 τῆς
333 329 515 367 δημιουργίας
531 324 664 366 δηλοῦσαν
675 332 775 368 ἀθρόον
786 341 794 349 ⁸
813 334 860 360 καὶ
872 334 913 360 ὅτι
925 335 974 366 τὰς

182 375 290 409 ἡμέρας
309 376 360 402 οὐκ
378 375 463 409 οὔσας
478 377 573 411 ἔταξεν
589 379 604 405 ὁ
620 379 703 411 Θεὸς,
722 379 791 407 ἀλλὰ
808 380 855 407 καὶ
869 381 973 407 τούτων

182 421 242 446 ἐστὶ
264 420 448 457 δημιουργὸς,
470 423 584 459 πρώτην
609 425 726 459 ποιήσας
752 425 817 460 μίαν
843 426 950 461 ἡμέραν
964 434 971 442 ·

182 467 255 502 ἣτις,
274 467 357 503 μήπω
371 468 427 495 τῶν
439 469 528 497 ἄλλων
550 470 649 502 οὐσῶν,
669 470 719 497 οὐκ
733 471 847 502 εἰκότως
861 471 970 506 ἐλέγετο

181 511 290 547 πρώτη.
306 513 339 539 Δί
354 513 383 540 δὲ
398 514 493 541 λοιπαὶ
513 516 707 550 προστεθεῖσαι
722 516 772 552 τὴν
786 516 872 550 τάξιν,
890 517 970 552 ἔσχον

182 558 368 593 προσηγορίαν
382 560 444 586 καθ’
464 560 497 595 ἢν
510 561 580 596 μετὰ
598 562 648 597 τὴν
665 561 731 597 μίαν
751 562 876 597 ἐγένοντο
898 563 970 591 κατὰ

182 603 261 637 λόγον
274 605 323 639 τῆς
335 604 364 637 ἐξ
376 605 461 640 αὐτῆς
477 607 665 640 ἀποστάσεως,

1026 291 1079 327 16
1095 293 1191 320 ordine
1217 300 1298 327 opera
1311 299 1361 320 sua
1377 291 1492 326 perﬁcit.
1511 290 1545 317 At
1567 290 1593 316 iu
1613 289 1708 324 primis
1721 297 1814 316 nume-

1024 346 1072 365 rus
1086 339 1209 366 ordinem
1226 342 1346 374 praestat.
1359 337 1530 372 Quapropter
1545 336 1633 371 inquit
1643 344 1649 361 :
1659 335 1714 362 dies
1734 343 1812 368 unus,

1024 385 1050 407 et
1078 389 1143 413 non,
1171 382 1288 416 primus.
1304 381 1372 408 Nam
1391 382 1418 408 in
1437 388 1490 408 uno
1510 388 1564 407 non
1592 381 1672 407 datur
1689 383 1813 407 statuere

1024 427 1066 453 vel
1084 427 1201 461 primum
1215 428 1257 455 vel
1275 427 1436 455 secundmu.
1458 426 1593 454 Cmterum
1615 433 1676 453 cum
1693 426 1815 452 narratio

1024 479 1079 498 non
1103 473 1162 500 sine
1178 472 1274 500 ordine
1299 472 1419 504 feratur,
1449 476 1512 507 post
1542 471 1789 503 dictionem,unus
1806 489 1815 502 ,

1023 518 1132 550 dicitur,
1161 519 1303 551 secundus,
1329 524 1357 546 et
1373 519 1410 545 ita
1433 512 1523 553 usque
1544 517 1576 545 ad
1602 524 1709 545 sextum
1733 516 1815 546 diem,

1023 564 1070 591 sed
1088 569 1214 599 respectu
1232 564 1350 593 ordinis.
1361 565 1429 592 Cum
1444 565 1573 592 dicatur:
1593 573 1603 590 ι
1619 563 1697 597 Unus
1714 562 1783 595 dies,
1802 571 1812 588 ›

1024 616 1073 636 nec
1083 609 1199 644 primus,
1220 616 1285 642 eum,
1301 609 1470 645 signiﬁcatur
1490 617 1544 637 una
1570 610 1720 637 creationis
1745 616 1816 643 Opus

182 656 244 676 esse
259 654 409 683 peractum.
428 650 530 679 Deinde
548 652 751 682 demonstratur
773 655 889 688 dierum,
903 654 967 690 quia
985 658 1048 682 aute
1063 663 1117 682 non
1132 655 1222 688 fuere,
1248 657 1413 683 creationem
1445 657 1500 683 Deo
1533 663 1596 683 esse
1630 660 1745 691 accepto
1774 656 1815 684 fe-

184 694 308 721 rendam.
322 694 391 723 Nam
419 701 446 724 et
474 697 525 725 hos
534 699 649 731 creavit,
672 701 761 735 primo
778 701 882 729 faciens
897 701 970 729 diem
1008 709 1102 732 unum.
1118 702 1164 736 qui
1179 702 1249 729 haud
1266 702 1413 733 immerito,
1433 709 1496 729 cum
1513 702 1602 729 caeteri
1619 701 1739 729 nondum
1772 701 1815 729 io-

183 746 255 774 rent,
280 749 333 769 non
357 743 474 777 primus,
489 745 536 772 sed
555 753 626 775 unus
644 746 736 775 dictus
749 752 802 776 est.
820 749 855 776 At
867 748 969 780 caeteri,
988 749 1034 782 qui
1046 749 1295 783 consequebantur,
1322 748 1380 777 dies
1410 752 1558 776 tenuerunt
1596 756 1655 776 eam
1694 749 1816 783 appella'

183 786 298 819 tionem,
315 796 397 823 quam
410 794 470 824 post
488 791 603 824 primum
622 793 746 820 callocati
764 802 796 821 ex
812 794 870 821 suis
885 793 1036 821 intervallis
1055 794 1145 828 adepti
1158 797 1233 821 sunt.

222 834 299 861 Κατὰ
320 835 365 860 τὸν
378 836 459 862 αὑτὸν
478 837 506 864 δὲ
522 838 623 872 τρόπον
643 839 690 866 καὶ
716 840 779 876 μίαν
792 840 839 868 τοῦ
860 841 942 877 μηνὸς
958 842 971 876 ἡ

1066 841 1149 868 Simili
1165 842 1269 868 ratione
1281 849 1361 868 unam
1376 841 1489 872 mensis,
1501 844 1527 868 et
1536 848 1617 867 unam
1632 839 1814 867 Sabbatorum

183 878 279 914 Γραφὴ
290 879 338 915 τὴν
357 881 467 917 πρώτην
482 883 571 915 καλεῖ,
588 885 635 911 καὶ
657 886 722 920 μίαν
737 886 895 914 Σαϐΰάτων.
909 888 974 914 ’Λλ-

183 923 238 956 λως
260 933 290 951 τε
307 928 461 961 παράτασιν
484 929 591 964 ἡμέραν
609 931 674 966 μίαν
695 932 837 965 ἐκάλεσεν,
864 934 922 961 ἀλλ’
941 935 972 961 οὐ

183 968 308 1005 πρώτην.
326 971 358 998 Ἡ
377 972 428 1006 μὲν
441 974 496 1007 γὰρ
511 974 626 1011 δευτέρα
643 977 690 1004 καὶ
704 978 783 1013 τρίτη
795 978 841 1005 τὸν
858 979 973 1015 ἀριθμὸν

181 1016 350 1062 ιναλλάττει.
366 1019 403 1046 Τὸ
416 1020 445 1046 δὲ
459 1021 516 1055 φῶς
532 1022 614 1056 μένον
629 1024 658 1050 τὸ
676 1024 742 1051 αὐτὸ
760 1025 859 1060 κληθὲν
869 1027 971 1062 ἡμέρα.

183 1062 249 1097 μίαν
262 1063 308 1097 ἀφ’
322 1061 355 1100 ἦς
366 1065 468 1100 ἤρξατο
482 1066 534 1099 ἕως
553 1067 594 1094 ἔτι
609 1070 657 1095 καὶ
676 1069 716 1096 ἔτι
733 1070 877 1098 καλεῖσθαι
890 1061 970 1099 ποιεῖ.

186 1107 222 1134 Ἦ
242 1109 312 1144 αὐτὴ
332 1111 387 1145 γὰρ
403 1113 432 1138 ὲν
459 1112 561 1144 πάσαις
583 1114 703 1149 ἡμέραις
718 1117 807 1150 φωτὸς
826 1117 971 1152 ἐνέργεια·

180 1153 224 1179 διὸ
248 1154 277 1180 αἰ
301 1156 399 1187 πᾶσαι,
427 1156 486 1191 μία.
505 1158 584 1184 Μετὰ
609 1159 674 1194 γοῦν
692 1160 723 1187 τὸ
743 1162 917 1189 καταπαῦσαι
938 1164 972 1199 τῇ

183 1199 288 1236 ἑδδόμῃ
302 1201 349 1227 τὸν
363 1201 431 1228 Θεὸν
446 1203 500 1229 ἀπὸ
512 1204 566 1230 τῶν
585 1204 673 1239 ἔργων
688 1206 782 1239 αὑτοῦ,
800 1207 972 1244 ἐπιφέρεται·

183 1255 193 1271 ι
215 1245 290 1282 Αὕτη
309 1247 325 1282 ή
345 1246 435 1281 βίϐλος
453 1249 568 1284 οὐρανοῦ
595 1251 642 1277 καὶ
662 1251 724 1286 γῆς,
748 1252 792 1279 ὅτε
815 1253 934 1287 ἐγένετο,
955 1251 972 1291 ᾖ

185 1290 281 1326 ἡμέρᾳ
296 1291 425 1326 ἐποίησεν
438 1294 452 1319 ό
472 1293 538 1326 Θεὸς
561 1294 608 1322 τὸν
620 1295 732 1329 οὐρανὸν
749 1297 796 1323 καὶ
815 1297 864 1332 τὴν
877 1298 939 1333 γῆν.
959 1290 970 1324 β

188 1335 260 1362 ’ἰδοὺ
274 1336 329 1372 γὰρ
345 1338 392 1364 καὶ
411 1339 480 1373 μετὰ
498 1340 549 1375 τὴν
563 1340 680 1376 ἑϐδόμην
690 1362 698 1375 ,
716 1342 781 1376 μίαν
793 1343 896 1378 ταύτην
907 1344 966 1371 ἐκά-

178 1381 243 1408 λεσε
256 1391 263 1397 ·
290 1383 327 1418 μή
350 1392 416 1410 ποτε
428 1385 475 1411 καὶ
493 1386 558 1421 περὶ
578 1387 628 1422 τῆς
646 1388 712 1422 μιᾶς
733 1388 837 1423 ταύτης
860 1390 889 1415 ἐν
915 1391 972 1421 τοῖς

177 1429 308 1465 Ψαλμοῖς
321 1431 433 1466 ὲρῤἐθη,
452 1441 461 1457 ι
480 1431 555 1468 Αὕτη
567 1433 585 1467 ἡ
596 1433 688 1469 ἡμέρα
707 1434 742 1470 ἢν
762 1435 874 1471 ἐποίησε
887 1436 900 1462 ὁ
915 1436 973 1462 Κύ-

179 1484 254 1510 ριος;
276 1485 286 1502 ι
303 1477 395 1512 ἐπειδὴ
406 1478 453 1504 καὶ
466 1478 519 1504 ἀπὸ
531 1478 579 1505 τοῦ
599 1479 704 1515 Κυρίου
719 1480 768 1516 τὴν
781 1482 970 1517 προσηγορίαν

176 1521 282 1557 ἡμελλε
296 1522 420 1558 δέχεσθαι
440 1524 567 1560 Κυριακῂ
584 1511 739 1561 καλουμένη
746 1511 758 1542 1·
785 1511 823 1558 di;
849 1511 897 1554 οόν
910 1511 969 1562 ’ἀφ-
983 1511 1004 1540 C'

175 1568 320 1603 οριαθεῖσα
339 1570 412 1605 μόνῳ
424 1570 529 1606 Κυρίῳ,
541 1571 591 1606 μία
608 1571 744 1600 καλεῖται.
756 1573 836 1608 Φέρει
851 1574 905 1610 γὰρ
923 1575 971 1601 καὶ

175 1614 227 1649 τῆς
241 1614 370 1642 διακότωυ
391 1616 506 1652 μονάδος
525 1617 618 1644 εἰκόνα
645 1618 713 1653 πρὸς
732 1620 816 1655 τιμὴν
832 1620 879 1647 τοῦ
894 1629 971 1655 γενο-

177 1660 263 1695 μένου
289 1661 394 1694 φωτός·
417 1662 475 1696 φῶς
496 1663 551 1698 γὰρ
565 1662 718 1696 ὣνὸθεὺς,
742 1667 790 1692 καὶ
812 1666 844 1692 τὸ
862 1667 970 1701 πρῶτον

174 1706 323 1740 γενόμενον
337 1707 405 1741 φῶς.
421 1709 469 1734 καὶ
484 1709 595 1744 πρῶτον
614 1711 643 1737 ὲν
653 1713 779 1746 γενητοῖς
791 1711 884 1744 καλὸν,
902 1712 970 1748 πρὸς

175 1751 293 1786 μονάδος
315 1752 409 1779 οὐσίαν
429 1753 579 1782 ὑπόστασιν
603 1755 698 1782 λαϐεῖν
721 1756 735 1782 ό
747 1758 916 1792 Δημιουργὸς
935 1758 969 1784 διρ

173 1796 311 1829 καιώσας,
333 1798 440 1833 ἡμέραν
461 1799 541 1827 τοῦτο
562 1800 626 1836 μίαν
651 1801 791 1829 ἐκάλεσεν.
813 1802 922 1837 Ταύτην
940 1803 969 1829 δὲ

173 1841 223 1866 καὶ
238 1841 346 1876 ἡμέραν
357 1842 455 1878 ὀγδόην
465 1844 596 1872 ἐκάλεσεν
609 1846 623 1872 ὁ
633 1845 741 1882 ψαλμδς
755 1846 804 1879 τὴν
817 1847 968 1883 μέλλουσαν

172 1884 311 1919 δηλοῦσαν
345 1888 531 1922 κατάστασιν,
576 1891 620 1918 διὰ
650 1891 681 1917 τὸ
707 1891 759 1925 ἔξω
787 1892 894 1920 κεῖσθαι
921 1893 969 1920 τοῦ

173 1931 359 1966 ἑϐδοματιχοῦ
385 1933 480 1961 τούτου
511 1935 619 1971 χρόνου,
653 1935 720 1964 οὖσα
752 1938 802 1973 μία
831 1938 876 1966 διὰ
904 1939 968 1974 μιᾶς

172 1977 292 2009 εἰκότως
304 1979 495 2012 ἔνεικονίζεται
507 1990 514 1996 -
527 1991 536 2007 ι
559 1982 665 2018 Ἡμέρα
673 1983 740 2019 γὰρ,
754 1985 833 2020 φησὶ,
861 1985 966 2020 Κυρίου

173 2022 285 2057 μεγάλη
297 2024 346 2050 καί
366 2025 520 2062 ἐπιφανής·
539 2036 549 2053 ι
567 2028 615 2054 καὶ
628 2028 720 2063 πάλιν,
741 2038 750 2054 ι
773 2029 854 2065 Ὑμῖν
871 2030 969 2066 ἐπιζη-

172 2070 234 2095 τεῖν
243 2069 294 2105 τὴν
307 2071 415 2107 ἡμέραν
440 2073 556 2109 Κυρίου,
573 2075 619 2101 καὶ
643 2075 712 2111 αὕτη
727 2076 787 2103 ἐστὶ
804 2077 911 2109 σκότος.
921 2079 969 2105 καὶ

172 2115 206 2141 οὐ
227 2115 296 2149 φῶς,
317 2125 326 2141 ι
351 2116 430 2150 δῆλον
449 2118 558 2151 ὅτιτοῖς
581 2120 710 2152 ἀναξίοις.
732 2121 895 2157 Ἀνέσπερον
914 2122 967 2158 γὰρ

172 2158 224 2212 ita}
239 2159 418 2212 ἀτελεύτητον
435 2161 485 2197 τὴν
499 2163 605 2198 ἡμέραν
620 2164 728 2200 ἐκείνην
746 2163 816 2192 οἶδεν
827 2167 841 2193 ὀ
860 2168 947 2201 Λόγος
959 2175 966 2182 ·
984 2185 1005 2212 D

171 2203 282 2249 διόπερ,
297 2205 336 2236 ὡς
349 2205 467 2242 εἴρηται,
481 2208 529 2235 καὶ
547 2209 643 2245 ὀγδόην
666 2210 744 2238 καλεῖ
767 2212 868 2248 αὐτὴν,
885 2212 968 2249 ἄλλην

172 2247 259 2276 οὖσαν
274 2251 396 2286 παρόντα
418 2253 510 2280 τοῦτον
521 2255 606 2281 αἰῶνα
618 2264 626 2271 ’
643 2253 683 2288 ἕῖς
697 2257 725 2284 δὲ
740 2258 787 2284 καὶ
798 2258 812 2284 ό
830 2247 886 2290 πᾶς
899 2247 967 2286 αἰῶν

172 2294 220 2322 διὰ
237 2294 340 2330 ταύτης
359 2296 533 2333 δηλούμενος.
562 2299 599 2326 Τὸ
619 2299 647 2326 δὲ
665 2300 755 2335 λέγειν
775 2301 824 2337 τὴν
844 2303 965 2338 Γραφὴν,

174 2347 187 2363 ι
206 2338 314 2371 Δίὦνας
330 2340 451 2373 αἰώνων,
478 2351 487 2367 ι
508 2342 653 2379 διαφόρους
676 2346 858 2378 καταστάσεις
878 2347 964 2382 δηλοῖ.

173 2384 232 2411 Καὶ
250 2385 337 2412 ταῦτα
352 2386 402 2421 μὲν
420 2387 483 2422 περὶ
496 2387 609 2417 τούτων.

1024 886 1165 922 Scriptura
1181 887 1302 914 nominat
1317 887 1442 922 primam.
1456 887 1591 914 Caeterum
1602 886 1656 920 jam
1675 891 1730 913 tum
1745 893 1816 921 quo-

1024 941 1077 967 que
1091 933 1160 960 lucis
1177 934 1361 961 substantiam
1379 933 1547 967 nuncupavit
1564 933 1634 959 diem
1653 940 1745 964 unam,
1764 939 1814 959 nec

1023 983 1114 1006 tamen
1134 980 1261 1014 primam.
1274 978 1342 1006 Nam
1357 982 1476 1007 secunda
1495 983 1521 1007 et
1536 979 1615 1006 tertia
1635 979 1740 1005 numeri
1752 987 1814 1005 mu-

1024 1025 1153 1053 tationem
1176 1025 1308 1054 inferunt.
1337 1025 1393 1053 Lux
1418 1033 1593 1061 permanens,
1612 1034 1672 1060 quze
1695 1025 1747 1052 diei
1765 1033 1814 1052 no-

1024 1079 1084 1099 men
1097 1071 1192 1099 sortita
1210 1076 1264 1104 est.
1281 1075 1393 1107 praestat
1408 1076 1438 1098 ut
1457 1072 1604 1099 etiamnum
1622 1072 1731 1098 dicatur
1748 1078 1814 1098 una.

1024 1116 1237 1144 Eadcmetenim
1263 1117 1353 1144 adhuc
1377 1116 1504 1144 omnibus
1529 1116 1626 1144 diebus
1645 1117 1716 1143 inest
1744 1115 1813 1144 lucis

1023 1163 1075 1194 vis.
1091 1170 1152 1198 qua!
1174 1170 1190 1190 a
1217 1170 1308 1190 rerum
1337 1162 1489 1198 primordio
1501 1163 1617 1190 exstitit.
1641 1162 1814 1197 Quapropter

1022 1216 1117 1237 omnes
1134 1216 1187 1236 una
1201 1213 1351 1236 censentur
1361 1209 1431 1236 dies.
1457 1208 1525 1236 Nam
1551 1208 1621 1236 Deus
1642 1209 1758 1244 septimo
1770 1209 1815 1237 die

1023 1263 1085 1282 cum
1099 1255 1261 1289 quievisset,
1275 1255 1407 1282 continuo
1422 1255 1539 1282 infertur
1554 1264 1561 1282 ε
1578 1264 1586 1280 ι
1611 1255 1671 1282 Istue
1685 1260 1749 1282 sunt
1767 1263 1813 1290 ge-

1024 1301 1180 1328 nerationes
1204 1301 1337 1329 caelorum
1359 1306 1386 1328 et
1410 1305 1575 1334 territat-um
1603 1307 1772 1334 crearentur,
1786 1302 1813 1328 in

1023 1347 1076 1379 die,
1093 1354 1155 1374 cum
1166 1346 1268 1374 faceret
1283 1346 1415 1374 Dominus
1427 1346 1497 1374 Deus
1511 1350 1610 1374 terram
1623 1352 1648 1374 et
1661 1347 1748 1373 cmlos
1762 1345 1811 1373 ³⁸.»

1023 1392 1093 1420 Ecce
1104 1398 1165 1427 post
1195 1393 1265 1420 diem
1291 1393 1437 1428 septimum
1461 1400 1544 1420 unum
1574 1392 1650 1419 illum
1672 1392 1812 1420 vocitavit.

1024 1438 1148 1466 Forsitan
1169 1438 1203 1466 de
1225 1447 1279 1466 uno
1303 1439 1348 1466 illo
1375 1439 1420 1466 die
1437 1444 1464 1466 et
1491 1440 1517 1466 in
1538 1438 1656 1466 Psalmis
1673 1439 1813 1466 habetur:

1026 1493 1035 1509 ι
1053 1483 1103 1511 Hic
1118 1488 1160 1511 est
1175 1484 1245 1517 dies,
1259 1493 1340 1519 quem
1354 1485 1418 1512 fecit
1438 1485 1568 1512 Dominus
1588 1492 1594 1510 :
1613 1484 1813 1512 exsultabimus

1021 1533 1047 1556 et
1058 1529 1210 1556 laetabimur
1223 1530 1250 1557 in
1264 1537 1296 1557 eo
1306 1530 1338 1557 ⁸⁷.
1360 1541 1368 1556 ι
1389 1530 1446 1558 Non
1464 1531 1512 1558 abs
1524 1539 1553 1558 re
1570 1531 1659 1565 inquit
1675 1538 1682 1556 :
1699 1539 1708 1556 ι
1725 1529 1812 1562 Ouem

1021 1574 1086 1602 fecit
1101 1575 1244 1602 Dominus.
1264 1585 1273 1602 ι
1292 1575 1434 1611 Siquidem
1448 1577 1482 1604 ab
1495 1577 1554 1611 ipso
1571 1576 1687 1603 Domino
1706 1583 1810 1610 cogno-

1021 1628 1081 1647 men
1096 1620 1289 1655 dcsumplurus
1313 1626 1383 1652 erat.
1402 1625 1431 1649 ut
1452 1623 1591 1648 diceretur
1610 1622 1668 1649 dies
1690 1620 1812 1648 Domini-

1019 1674 1079 1699 cus,
1093 1671 1221 1700 tanquam
1237 1667 1286 1694 soli
1302 1666 1416 1694 Domino
1432 1671 1609 1694 consecratus
1629 1671 1655 1694 et
1670 1666 1812 1694 dedicatus

1020 1711 1056 1738 sit
1075 1712 1118 1739 ille
1132 1720 1205 1740 unus
1227 1713 1297 1740 dies.
1310 1712 1497 1739 Adumbratur
1511 1713 1592 1739 etiam
1622 1711 1666 1739 hic
1688 1712 1814 1739 indivisi-

1019 1757 1082 1784 bilis
1103 1757 1218 1785 unitatis
1234 1757 1386 1785 similitudo
1396 1763 1421 1784 et
1436 1758 1523 1792 imago
1535 1757 1672 1792 quaedam,
1688 1757 1813 1793 utmagis

1021 1801 1172 1828 houuretur
1196 1801 1242 1828 lux
1269 1808 1371 1829 creata.
1388 1801 1456 1829 Nam
1482 1810 1543 1829 cum
1567 1802 1638 1829 Deus
1658 1810 1753 1829 revera
1776 1803 1812 1829 sit

1018 1845 1076 1876 lux,
1094 1851 1120 1873 et
1132 1847 1176 1873 lux
1194 1847 1282 1881 primo
1309 1847 1346 1874 sit
1370 1847 1454 1879 facta,
1469 1851 1496 1874 et
1510 1847 1597 1882 primo
1606 1855 1717 1882 quoque
1729 1855 1810 1882 appa-

1019 1892 1105 1919 ruerit
1119 1892 1244 1926 puichra,
1273 1893 1394 1928 respexit
1413 1893 1522 1921 divinus
1549 1892 1645 1928 Opifex
1670 1894 1764 1921 mundi
1777 1893 1810 1920 ad

1019 1937 1133 1965 unitatis
1144 1930 1304 1969 essentiam.
1320 1947 1382 1966 cum
1409 1939 1558 1975 appellaret
1587 1940 1705 1975 primum
1727 1940 1811 1974 diem,

1018 1985 1088 2012 diem
1106 1993 1200 2013 unmn.
1213 1985 1346 2014 Eumdem
1377 1986 1449 2021 diem
1465 1986 1591 2015 Psalmus
1607 1988 1725 2022 appellat
1735 1991 1813 2014 octa-

1019 2038 1093 2061 vum.
1113 2034 1141 2058 ut
1156 2031 1204 2065 qui
1217 2031 1352 2065 signiﬁcet
1376 2036 1487 2059 aeternae
1510 2031 1582 2065 vita,
1597 2039 1657 2067 qua:
1668 2037 1729 2067 post
1741 2032 1813 2059 hunc

1018 2076 1149 2103 mundmn
1164 2081 1277 2104 ventura
1305 2081 1358 2110 est,
1380 2078 1507 2105 formam.
1528 2078 1591 2105 Eam
1616 2087 1681 2106 vero
1697 2078 1757 2105 ideo
1771 2086 1813 2105 re-

1019 2127 1176 2157 praesentat,
1192 2124 1256 2157 quia
1278 2124 1437 2151 oclonarius
1453 2129 1528 2152 extra
1546 2125 1729 2159 scptenarium
1741 2125 1812 2152 situs

1019 2172 1070 2198 est.
1089 2176 1207 2203 eumque
1230 2169 1339 2204 excedit
1355 2177 1419 2196 uno.
1441 2169 1559 2197 Proinde
1583 2170 1654 2197 haud
1672 2171 1812 2198 immerito

1021 2221 1118 2241 novam
1133 2222 1224 2241 rerum
1236 2215 1358 2242 omnium
1374 2216 1599 2243 constitutionem
1614 2223 1811 2243 successuram

1020 2259 1083 2287 huic
1098 2259 1198 2287 sarculo
1224 2267 1273 2294 per
1295 2268 1392 2293 unum,
1420 2261 1499 2296 quasi
1520 2261 1571 2288 sub
1587 2261 1704 2296 imagine
1715 2265 1811 2288 nostro

1018 2303 1170 2332 intellectui
1186 2305 1294 2340 ingerit.
1307 2306 1353 2333 Sic
1369 2314 1432 2334 vero
1442 2307 1525 2334 habet
1541 2306 1685 2341 Scriptura
1698 2315 1706 2332 :
1724 2316 1734 2332 ε
1748 2307 1809 2334 Dies

1017 2351 1090 2378 enim
1122 2351 1230 2378 Domini
1258 2359 1374 2387 magnus
1389 2356 1416 2380 et
1439 2353 1563 2380 illustris.
1588 2362 1598 2379 ι
1621 2352 1655 2379 Ει
1688 2353 1806 2380 iterum:

1017 2404 1028 2421 ι
1046 2395 1093 2424 Vae
1106 2396 1327 2426 desiderantibus
1354 2398 1426 2426 diem
1443 2398 1571 2428 Domini:
1595 2399 1628 2425 ad
1646 2398 1711 2433 quid
1731 2399 1805 2426 enim

175 2428 227 2479 iste
238 2428 329 2479 nobis,
341 2437 404 2479 cum
422 2430 482 2479 dies
494 2430 601 2460 Domini
613 2433 702 2469 caligo
711 2435 748 2462 sit
762 2438 789 2463 et
804 2443 857 2463 non
868 2437 912 2464 lux
924 2438 957 2465 ³³.
973 2447 983 2464 »
1004 2439 1056 2467 Sed
1074 2440 1205 2470 nimirum
1232 2443 1325 2477 impiis
1340 2443 1471 2471 horridus
1492 2444 1609 2479 caligine
1644 2428 1804 2471 imminebit.

175 2473 257 2502 Hunc
271 2475 344 2503 diem
373 2475 515 2512 Scriptura
536 2481 661 2514 agnoscit
680 2480 786 2517 absque
807 2490 921 2519 vespera
936 2489 964 2512 et
982 2485 1035 2513 line
1049 2492 1200 2515 carentem.
1227 2473 1400 2524 Quapropter
1429 2473 1573 2517 octonario
1611 2497 1727 2517 numero
1758 2490 1807 2517 de-

174 2524 351 2571 terminatur.
377 2529 408 2552 ut
423 2525 469 2561 qui
493 2526 574 2562 longe
589 2527 661 2556 alius
679 2528 725 2561 sit,
742 2537 823 2564 quam
857 2539 978 2566 praesens
998 2532 1049 2561 hoc
1066 2535 1207 2562 seeulum.
1219 2534 1273 2563 Nec
1281 2543 1336 2563 non
1351 2543 1434 2563 unum
1447 2535 1625 2570 portendit,si
1659 2536 1809 2571 Serlptura:

171 2569 325 2602 credimus,
333 2571 492 2600 universum
503 2574 719 2603 saeculum.Nam
731 2577 802 2611 quod
821 2576 961 2613 Scriptura
980 2588 1052 2615 saepe
1071 2581 1108 2608 ait
1124 2590 1132 2608 :
1149 2591 1159 2608 ‹
1177 2581 1281 2610 Saecula
1293 2569 1472 2616 saeculorum,
1488 2593 1497 2609 I
1529 2589 1599 2616 ete.,
1623 2583 1747 2612 diversas
1781 2589 1810 2612 et

172 2618 267 2645 varias
279 2620 491 2649 constitutiones
517 2630 607 2649 rerum
636 2623 761 2651 denotat.
777 2625 810 2653 Et
825 2626 881 2653 haec
901 2627 1010 2662 quidem
1030 2628 1064 2656 de
1085 2629 1138 2657 his.

209 2663 242 2712 9i
271 2662 301 2712 se
324 2664 438 2700 πρώτην
452 2664 521 2692 εἶναι
539 2667 589 2702 τὴν
608 2667 694 2695 νύκτα
716 2668 884 2704 βουλόμενοι,
902 2672 963 2698 ἀντὶ

1052 2672 1103 2706 Qui
1119 2673 1188 2702 hanc
1200 2675 1363 2702 sententiam
1377 2679 1480 2709 tenent,
1498 2680 1528 2704 ut
1556 2676 1607 2704 sibi
1625 2677 1806 2711 persuadeant

171 2707 223 2733 τοῦ
233 2707 348 2757 σκότους
363 2709 411 2744 τὴν
420 2711 539 2745 ἑσπέραν
551 2711 677 2747 εἰρῆσθαί
696 2723 789 2748 φασιν,
805 2715 866 2742 ἀντὶ
876 2716 905 2743 δὲ
914 2717 961 2744 τοῦ

1021 2725 1124 2746 noctem
1139 2719 1319 2748 antevertisse
1343 2721 1427 2753 diem,
1444 2722 1618 2749 tenebrarum
1633 2723 1694 2749 loco
1707 2729 1803 2757 vespe-

173 2752 264 2786 gurrb;
276 2753 307 2780 τὸ
322 2754 405 2789 πρωϊ.
429 2755 538 2792 Ἐπειδὴ
559 2758 607 2785 καὶ
627 2759 748 2795 ἑσπέραν
762 2761 900 2796 καλοῦμεν
912 2763 962 2798 τῆς

1021 2771 1075 2791 ram
1088 2764 1204 2799 positam
1233 2765 1396 2799 ariolantur,
1413 2769 1441 2794 et
1468 2766 1529 2794 loco
1550 2766 1621 2794 lucis
1637 2774 1718 2794 mane
1733 2767 1802 2794 scri-

172 2799 272 2830 νυκτὸς
282 2799 332 2834 τὴν
348 2800 446 2836 ἀρχὴν,
464 2802 511 2829 καὶ
530 2803 603 2839 πρωῒ
616 2804 783 2835 τούναντίον.
805 2807 849 2840 Ὠς
864 2808 961 2843 εἰπὼν,

1021 2813 1093 2845 ptum
1120 2811 1377 2840 comminiscuntur.
1405 2811 1551 2848 Vesperam
1573 2813 1645 2841 enim
1671 2819 1804 2840 vocamus

208 2888 230 2904 "
244 2888 314 2917 Gen.
334 2897 364 2923 ll,
379 2890 407 2918 2.
445 2892 467 2908 ³⁷
481 2891 554 2921 Psal.
566 2902 648 2928 cxvu,
663 2895 708 2924 24.
747 2897 769 2913 "
784 2896 876 2926 Amos.
894 2906 920 2932 ν,
937 2899 978 2927 18.
