2072 3157
262 153 301 185 63
913 159 1049 190 PROCOI

1105 158 1227 189 GAZ/EI
1855 152 1891 186 64

263 208 352 236 noctis
365 207 529 243 principium
546 217 553 235 :
572 213 600 236 ct
614 216 695 236 mane
721 209 779 237 sive
794 211 944 239 diluculum
961 218 1049 239 matu-

1104 211 1197 246 φασὶν,
1208 212 1250 238 ὅτι
1264 211 1323 237 κατ’
1336 209 1424 245 ἀρχὰς
1439 209 1547 243 ἐγένετο
1563 208 1669 240 σκότος,
1688 207 1757 243 μετὰ
1771 207 1800 234 δὲ
1811 207 1891 235 τοῦτο

262 255 350 281 tinum
380 254 554 282 nominamus
582 255 636 282 diei
656 255 775 283 initium.
798 257 844 284 Sic
869 257 951 292 igitur
967 258 1055 291 inter:

263 304 406 336 pretantur
423 301 504 327 verba
520 300 616 333 Mosis,
631 301 676 328 illa
694 302 776 329 verba
791 303 966 338 tequipollere
984 304 1027 331 his
1042 313 1049 330 :

264 347 290 373 in
309 346 446 381 principio
463 346 550 374 factas
564 355 625 374 esse
639 348 777 380 tenebras,
795 354 822 375 et
834 357 866 376 ex
880 349 923 376 his
940 350 1049 376 demum

262 393 408 420 exsiluisse
423 393 521 419 lucem.
538 392 604 429 Nam
622 395 750 422 tenebras
775 396 863 423 noctis
883 396 1051 423 sustinuisse

263 438 350 465 vicem
368 446 374 463 :
390 442 417 465 et
431 438 529 465 deinde
554 438 653 469 lucem.
677 448 737 474 qut?
756 440 809 468 diei
823 440 968 475 perfecerit
981 445 1051 468 tetu-

264 492 325 518 pus.
335 484 486 512 induxisse.
497 485 685 520 thiropterea
699 485 800 514 Mosem
814 487 917 515 dixisse
931 497 938 515 :
952 497 961 513 ι
973 487 1051 514 Fuit-

261 538 315 565 que
332 538 445 564 vespera
470 530 575 566 fuitque
595 539 684 565 mane,
706 541 716 558 ι
735 533 947 563 etc..volentem
959 533 1051 560 dicere

262 581 382 611 tempus,
396 584 451 610 quo
463 576 565 604 fuerint
581 578 710 610 tenebrae,
721 579 868 606 anteivisse
887 579 966 613 quasi
976 587 1053 614 qua:-

263 621 324 648 dam
340 629 393 648 nox
421 630 435 649 a
459 630 570 656 vespera
584 622 690 650 initium
709 628 816 658 petens.
830 623 880 652 Ubi
897 629 986 652 autem
1004 625 1051 651 lux

263 670 358 693 exorta
373 670 426 698 est.
439 667 497 695 dies
524 668 648 702 quaedam
672 669 808 703 apparuit,
825 670 902 703 quasi
917 677 949 696 ex
961 674 1052 696 tuatu-

264 711 322 737 tino
334 715 455 745 tempore
472 712 530 740 sive
545 720 625 740 mane
650 721 809 748 prorepens.
825 714 908 742 [terte
925 723 989 742 vero
1002 724 1051 743 uo-

264 764 327 784 men
347 765 361 784 a
389 758 602 792 prmdominante
633 763 749 787 tractum
776 761 916 795 imposuit.
936 767 963 788 ct
976 762 1047 789 diem

265 810 350 830 unum
368 805 483 832 vocavit.
500 804 566 831 Nam
593 805 637 833 lux
665 814 727 834 eum
748 814 859 833 cursum
877 807 1047 840 absolvebat,

264 856 344 881 quem
369 857 442 876 nunc
470 850 511 878 sol
543 851 657 886 peragit.
682 851 713 878 Et
729 856 758 879 ut
781 858 879 879 nostrae
895 854 1048 885 sententiae.

264 895 352 925 aiunt.
375 896 460 922 robur
488 897 640 928 accederet.
668 902 694 925 et
718 898 794 932 quasi
825 899 1046 933 confirmaretur,

263 939 353 974 primo
383 941 507 968 meminit
539 941 627 969 Muses
647 943 833 975 tenebrarum.
851 949 877 970 ct
895 948 987 979 postea
1001 945 1049 972 de-

263 993 336 1012 mum
355 986 506 1015 invaluisse
522 987 608 1015 lucem
629 988 803 1017 determinat.
817 990 882 1017 Nam
897 998 950 1017 non
967 998 1049 1025 nuga-

263 1038 336 1061 mus,
350 1031 487 1066 inquiunt,
502 1032 557 1059 imo
576 1032 740 1061 confitemur
756 1034 843 1062 lucem
867 1035 1048 1070 potentiOrem

262 1083 325 1104 esse
340 1077 459 1105 tenebris
473 1086 480 1104 :
497 1086 589 1105 verum
607 1079 634 1106 in
658 1078 782 1107 Mosaicm
796 1081 962 1108 narrationis
980 1089 1049 1107 cou-

264 1127 337 1149 textu
354 1122 480 1151 videmus
507 1124 598 1158 priore
625 1125 685 1151 loco
705 1126 834 1153 tenebras
855 1134 916 1153 esse
931 1126 1047 1158 lor-atas,

264 1166 345 1193 siculi
375 1167 427 1202 17
455 1168 601 1196 rreatiouis
625 1169 694 1196 ordo
728 1171 892 1205 postulabat.
914 1170 1049 1198 Przrterea'

264 1211 408 1247 Scriptura
425 1220 504 1241 sacra
531 1214 602 1242 diem
619 1222 633 1241 a
648 1223 758 1250 vespera
770 1221 832 1251 post
853 1217 920 1244 solis
941 1217 1048 1244 domum

263 1264 392 1284 occasum
409 1258 560 1293 exorditur,
577 1268 626 1290 nec
643 1268 656 1286 ιι
672 1262 809 1290 matutino
839 1267 970 1298 tempore,
994 1270 1049 1298 quo

265 1302 305 1328 sol
319 1303 452 1336 exoritur,
468 1305 539 1333 diem
564 1307 734 1341 auspicatur.
751 1309 781 1336 Id
801 1310 897 1337 merito
924 1310 1048 1345 quidem.

264 1347 331 1375 Nam
358 1350 446 1385 primo
460 1352 569 1380 comiita
598 1357 640 1381 est
659 1351 758 1389 caligo.
772 1363 832 1389 qum
853 1356 943 1384 noctis
962 1357 1048 1384 vicem

264 1396 410 1428 pra-stabat
420 1402 460 1424 ιρι
473 1402 530 1425 tum
545 1399 652 1426 demum
663 1401 873 1433 successitdies,
892 1402 937 1436 qui
951 1402 1050 1430 deinde

263 1446 373 1475 quoque
389 1441 421 1468 ad
430 1450 558 1471 occasum
570 1443 719 1472 festinavit.
731 1446 879 1474 Adducunt
893 1451 920 1474 et
933 1447 1051 1481 Aposto-

263 1485 318 1512 lum
330 1491 437 1520 testem,
458 1488 504 1523 qui
519 1489 557 1516 ait
571 1498 579 1516 :
599 1499 607 1515 ι
625 1489 736 1518 Noctem
751 1491 858 1518 ctdiem
873 1491 898 1518 iu
914 1491 1050 1526 profundo

262 1531 304 1566 egi
324 1532 380 1558 "‘h
397 1532 432 1560 At
448 1533 492 1561 hic
502 1534 577 1562 locus
588 1535 696 1562 illorum
709 1536 863 1570 opinionem
876 1545 1048 1571 nequaquam

262 1577 427 1607 conﬁrmare
445 1584 543 1615 potest.
565 1580 632 1608 Nam
660 1581 760 1610 Paulus
775 1588 970 1610 commemorat
983 1587 1051 1611 tem~

1102 258 1132 284 τὸ
1146 257 1203 292 φῶς
1215 278 1222 290 ,
1241 257 1278 288 ὡς
1291 256 1417 283 ἐντεῦθεν
1431 255 1462 282 τὸ
1485 255 1534 290 μὲν
1549 254 1644 286 σκότος
1661 254 1778 288 φανῆναι
1794 254 1891 285 νυκτός

1101 311 1174 333 τινος
1197 302 1275 335 τάξιν
1299 302 1462 337 έπεσχηκδς,
1490 301 1519 327 τὸ
1543 300 1572 327 δὲ
1598 300 1655 334 φῶς
1684 299 1790 335 ἡμέρας
1817 299 1891 331 τινὸς

1101 347 1251 382 πληρῶσαν
1272 347 1379 383 καιρὸν,
1402 348 1527 381 ἐπήγαγε
1546 346 1586 376 τὸ,
1606 355 1616 372 ι
1640 346 1764 379 Ἐγένετο
1786 346 1891 382 ἑσπέρα

1101 393 1148 419 καὶ
1163 393 1272 427 ἐγένετο
1289 393 1363 427 πρωΐ
1374 400 1380 408 ·
1401 402 1411 419 ι
1431 392 1513 418 οῑονεὶ
1531 391 1619 426 δηλῶν
1633 391 1671 422 ὡς
1687 390 1796 424 ἐγένετο
1813 390 1862 425 μὲν
1876 391 1890 416 ό

1100 438 1148 465 τοῦ
1167 438 1280 469 σκότους
1295 438 1392 473 καιρὸς
1406 437 1500 473 ὥσπερ
1518 446 1560 469 τις
1575 437 1623 470 νὺξ
1643 437 1689 472 ἀφ’
1701 438 1821 473 ἑσπέρας
1838 437 1889 473 ἄρ-

1101 484 1330 519 χεσθαιεῑωθυῖα.
1349 484 1427 511 Μετὰ
1448 484 1479 511 τὸ
1499 484 1626 518 γενέσθαι
1650 483 1719 518 φῶς,
1741 484 1833 519 ἡμέρα
1849 493 1891 516 τις

1101 529 1178 565 ὤφθη
1192 530 1325 566 γενομένη
1337 531 1368 557 ὲκ
1379 530 1486 566 πρωϊας
1501 530 1633 565 ἄρχεσθαι
1649 531 1797 564 πεφυκυῖα.
1810 530 1888 556 Εἰκό-

1101 584 1155 607 τως
1167 573 1214 603 οὖν
1233 576 1299 611 μίαν
1312 576 1420 612 ἡμέραν
1432 575 1545 603 ἐκάλεσε
1559 575 1763 611 συναμφότερον
1774 575 1828 601 ἀπὸ
1841 575 1888 601 τοῦ

1101 621 1149 648 νῦν
1165 621 1377 657 ἐπικρατοῦντος
1388 629 1395 637 ⁸
1416 621 1461 649 τὸν
1476 621 1530 656 γὰρ
1547 620 1627 648 αὐτὸν
1641 621 1740 656 δρόμον
1761 620 1890 648 ἀπετέλει

1099 667 1131 694 τὸ
1144 668 1202 702 φῶς
1215 667 1300 703 ὅνπερ
1312 667 1386 703 ἥλιος
1400 666 1459 694 νῦν.
1474 667 1585 702 Πρῶτον
1600 664 1656 695 οὖν.
1672 666 1767 700 φασὶν,
1785 664 1846 692 εἷπε
1858 667 1891 693 τὸ

1101 712 1208 744 σκότος,
1224 709 1284 739 εἶτα
1294 712 1344 747 τὴν
1359 711 1406 738 τοῦ
1423 711 1513 746 φωτὸς
1525 711 1715 747 ἐπικράτειαν.
1729 712 1760 737 Εἰ
1777 711 1831 746 γὰρ
1843 711 1891 741 καὶ

1100 761 1225 794 κρεῖττον
1249 759 1281 785 τὸ
1302 758 1370 792 φῶς,
1393 758 1451 785 ἀλλ’
1468 755 1517 785 οὖν
1539 758 1568 785 ονε·
1594 759 1798 794 προτέτακται·
1821 757 1889 793 ὲφὺ-

1100 805 1164 838 λαξε
1178 805 1206 831 δὲ
1219 805 1311 836 αὐτοῖς
1320 804 1370 839 τῆς
1380 804 1563 840 δημιουργίας
1577 804 1628 839 τὴν
1642 804 1720 837 τάξιν
1733 811 1739 818 ·
1753 803 1890 837 λογίζεται

1101 851 1155 886 γὰρ
1173 851 1189 885 ἡ
1212 850 1306 886 Γραφὴ
1329 849 1378 886 τὴν
1398 850 1505 886 ἡμέραν
1527 850 1573 884 ἀφ’
1597 849 1718 884 ἑσπέρας
1736 849 1890 888 ἀρχομένης

1104 896 1164 931 μεθ’
1175 896 1250 931 ἡλίου
1268 895 1386 930 δυσμὰς,
1401 896 1451 922 οὐκ
1470 895 1524 922 ἀπὸ
1535 894 1582 922 τοῦ
1598 895 1647 929 τῆς
1662 894 1699 921 ἓω
1714 894 1811 930 καιροῦ
1827 894 1889 921 καθ’

1101 942 1130 968 ὃν
1151 942 1271 976 ἀνίσχειν
1288 941 1346 968 ἐστὶ
1367 941 1413 968 τὸν
1433 941 1519 977 ἥλιον,
1541 940 1638 976 ἐπειδὴ
1663 940 1773 975 πρῶτον
1793 940 1888 974 γέγονε

1101 986 1198 1019 νυκτὸς
1210 986 1287 1019 τάξιν
1301 986 1362 1021 ἔχον
1380 986 1411 1013 τδ
1425 986 1530 1019 σκότος,
1546 986 1593 1013 καὶ
1607 986 1678 1021 μετὰ
1693 985 1774 1012 τοῦτο
1785 985 1815 1012 τὸ
1831 986 1889 1020 φῶς

1101 1031 1115 1057 ὃ
1134 1031 1183 1066 τὴν
1204 1031 1310 1066 ἡμέραν
1329 1030 1518 1066 ἐργασάμενον
1543 1029 1657 1064 ἀφίκετο
1682 1028 1750 1064 πρὸς
1771 1027 1888 1063 δυσμάς.

1101 1077 1293 1113 Μαρτύρονται
1323 1077 1352 1104 δὲ
1386 1077 1433 1103 καὶ
1470 1076 1516 1103 τὸν
1556 1075 1718 1103 Ἀπόστολον
1753 1075 1887 1109 λέγονταο

1105 1129 1114 1146 t
1130 1121 1309 1157 Νυχθήμερον
1325 1123 1353 1148 ὲν
1370 1121 1408 1156 τῷ
1426 1121 1498 1157 βυθῷ
1516 1121 1666 1156 πεποίηκα,
1689 1130 1699 1147 ι
1715 1121 1783 1156 ὅπερ
1796 1120 1828 1147 οὐ
1843 1119 1888 1155 βέ-

1103 1168 1179 1202 βαιον
1202 1169 1241 1200 εἰς
1259 1168 1309 1203 τὴν
1335 1168 1483 1201 ἀπόδειξιν.
1510 1168 1543 1195 Τί
1566 1168 1631 1204 γὰρ,
1653 1168 1695 1195 ὅτι
1719 1167 1768 1194 τοῦ
1792 1167 1888 1203 χρόνου

1101 1213 1177 1248 λέγει
1191 1213 1240 1249 τὴν
1261 1213 1339 1245 τάξιν
1359 1213 1420 1239 καθ’
1439 1213 1472 1248 ἢν
1491 1213 1566 1248 αὐτῷ
1585 1213 1681 1247 γέγονε
1700 1212 1731 1239 τὸ
1747 1212 1888 1246 ναυάγιον,

1101 1259 1139 1291 ὡς
1153 1259 1309 1294 ἀρχομένης
1327 1259 1425 1291 νυκτὸς
1440 1259 1571 1295 ῥαγείσης
1587 1259 1661 1294 αὑτῷ
1676 1259 1726 1294 τῆς
1738 1259 1817 1290 νεὼς,
1831 1255 1890 1285 εἶτα

1101 1305 1285 1331 διατελέσαντι
1295 1305 1342 1331 καὶ
1356 1305 1404 1341 τὴν
1420 1305 1463 1332 ἐπ’
1475 1306 1544 1341 αὐτῇ
1557 1305 1706 1341 γενομένην
1721 1305 1770 1340 τὴν
1783 1304 1890 1340 ἡμέραν

1102 1352 1131 1378 έν
1147 1351 1187 1386 τῷ
1203 1351 1293 1386 βυθῷς
1319 1349 1385 1378 Εἶτα
1399 1351 1566 1386 προφέρουσι
1584 1351 1635 1378 τῶν
1655 1350 1756 1386 ἑορτῶν
1769 1350 1814 1377 τὸν
1827 1359 1890 1377 και-

1104 1397 1161 1432 ρὸν,
1177 1397 1225 1423 καὶ
1239 1397 1280 1423 ὅτι
1299 1396 1370 1423 κατὰ
1386 1396 1432 1423 τὸν
1445 1397 1497 1431 τῆς
1518 1397 1616 1429 νυκτὸς
1635 1397 1649 1424 ὁ
1667 1396 1770 1432 Κύριος
1789 1395 1889 1430 ἀνέστη

1102 1442 1207 1477 καιρὸν,
1230 1442 1269 1475 ὡς
1290 1443 1319 1469 ὲν
1338 1443 1406 1478 αὐτῇ
1427 1444 1459 1479 τῇ
1486 1444 1536 1478 μιᾷ
1558 1443 1650 1479 ἡμέρᾳ
1672 1442 1722 1478 τὴν
1741 1442 1890 1469 ἀνάστασιν

1102 1488 1301 1524 ἐργαζόμενος·
1323 1489 1396 1520 ὅπως
1415 1489 1445 1514 ὲν
1465 1485 1538 1526 ᾗπερ
1561 1488 1597 1515 τὰ
1615 1488 1712 1524 πρῶτα
1731 1487 1888 1522 γεγένηται,

1103 1536 1150 1562 καὶ
1169 1537 1185 1572 ἡ
1201 1535 1255 1563 τῶν
1277 1536 1386 1563 πάντων
1404 1535 1545 1567 ἀνάκτισις
1560 1535 1684 1571 γένηται.
1702 1534 1784 1562 Ὅθεν
1806 1533 1844 1566 ὡς
1859 1533 1889 1560 ἐν

1102 1581 1141 1617 τῷ
1153 1582 1241 1618 σκότῳ
1258 1582 1369 1610 πάντων
1384 1583 1551 1617 γεγονότων,
1567 1580 1628 1609 εἶτα
1646 1582 1694 1609 τοῦ
1718 1581 1806 1617 φωτὸς
1826 1581 1888 1608 ὲπι-

262 1624 338 1659 poris
353 1625 475 1659 modum,
490 1635 544 1662 quo
562 1627 735 1663 naufragium
763 1636 862 1664 passus
888 1633 939 1662 est,
970 1629 1049 1663 quasi

1101 1629 1298 1665 λαμῦἁνοντος⁹
1313 1629 1461 1665 ἐργάζεται
1481 1629 1530 1664 μὲν
1546 1629 1575 1655 ὲν
1598 1628 1636 1663 τῷ
1659 1627 1746 1662 σκότῳ
1762 1626 1812 1662 τὴν
1826 1625 1889 1653 ἀνά-

263 1671 340 1698 navis
371 1672 479 1708 dirupta
512 1674 548 1702 sit
574 1674 599 1701 vi
632 1675 767 1702 undarutn
792 1675 998 1702 intendentibus
1020 1683 1049 1703 se

1101 1684 1204 1708 στασιν,
1218 1675 1339 1702 δείκνυσι
1356 1675 1386 1702 δὲ
1408 1675 1492 1710 αὐτὴν
1507 1675 1557 1710 τῆς
1572 1674 1678 1709 ἡμέρας
1694 1671 1887 1706 ἐπιλαὸούσης.

261 1717 351 1746 noctis
365 1720 507 1754 tenebris;
531 1721 628 1748 deinde
644 1721 670 1748 in
685 1729 716 1749 ea
745 1723 970 1757 perseveraverit.
989 1731 1051 1757 qua;
1071 1723 1097 1750 in
1112 1723 1250 1759 profundo
1274 1723 1405 1755 haerebat.
1430 1727 1520 1750 totum
1560 1722 1644 1750 diem.
1689 1720 1837 1748 Proferunt
1861 1722 1889 1746 et

261 1761 394 1790 festorum
420 1769 541 1799 tempora
557 1786 563 1798 ,
579 1770 610 1792 ιιι
630 1767 672 1793 vel
699 1767 762 1795 inde
780 1775 837 1796 suae
865 1769 988 1803 opinioni
1006 1769 1125 1804 aliqttam
1145 1769 1223 1796 [idem
1250 1768 1408 1796 concilient.
1437 1767 1489 1796 Sed
1523 1776 1574 1796 nec
1597 1768 1638 1795 sic
1669 1774 1765 1794 eorum
1794 1764 1890 1800 opinio

260 1807 334 1836 vires
345 1811 473 1845 acquirit.
501 1816 530 1838 ut
564 1820 646 1847 supra
676 1812 813 1842 dedimus.
830 1814 864 1842 Et
885 1819 914 1842 ut
939 1822 1048 1842 omnem
1068 1815 1336 1849 moveautlapidem.
1357 1822 1445 1850 neque
1460 1815 1610 1850 quidquam
1647 1815 1811 1841 intentatum
1846 1819 1889 1839 re-

260 1853 398 1889 Ιίπκιυειιι,
413 1863 520 1892 tempus
542 1859 756 1888 resurrectionis
773 1861 947 1896 depromunt.
961 1861 1030 1888 Nam
1049 1869 1111 1888 cum
1132 1862 1158 1889 iu
1177 1869 1232 1888 uua
1245 1861 1395 1897 eademque
1410 1861 1465 1893 die,
1475 1869 1570 1888 verum
1582 1865 1674 1892 noctu,
1696 1859 1888 1890 resurrexerit.

261 1901 379 1929 allusum
395 1911 457 1931 esse
471 1905 504 1932 ad
521 1905 636 1941 primam
648 1914 739 1935 rerum
758 1909 937 1943 creationem,
950 1910 996 1937 ubi
1013 1918 1048 1937 ex
1066 1909 1190 1938 tenebris
1220 1909 1326 1938 scilicet
1356 1909 1545 1938 coruscaverit
1566 1909 1625 1941 lux,
1650 1916 1704 1936 non
1745 1915 1827 1936 secus
1858 1912 1890 1934 ut

261 1951 397 1984 processit
424 1952 551 1982 Christus
580 1962 613 1982 ex
639 1956 767 1991 sepulcro
790 1957 818 1985 in
833 1958 901 1993 ipsis
917 1959 1039 1987 tenebris
1057 1966 1205 1995 resurgens
1220 1959 1310 1987 noctis
1342 1963 1369 1986 et
1386 1966 1479 1986 rerum
1523 1958 1645 1985 omnium
1690 1956 1889 1992 reparationem

261 2003 289 2026 et
305 2001 533 2030 restaurationem
552 1999 695 2033 inducens.
711 2005 807 2041 Igitur,
823 2007 903 2041 quasi
919 2015 1016 2036 omnes
1037 2008 1066 2035 in
1093 2007 1217 2036 tenebris
1248 2011 1405 2040 versentur,
1437 2010 1522 2034 noctu
1548 2012 1691 2041 resurgere
1710 2004 1807 2032 voluit.
1837 2002 1891 2031 Re-

261 2047 459 2076 surrectioucm
494 2058 558 2077 vero
590 2059 668 2081 suam
684 2058 777 2080 exorta
792 2053 853 2081 luce
865 2054 1005 2082 evidenter
1019 2055 1055 2082 ob
1067 2055 1160 2083 oculos
1182 2055 1284 2090 posuit.

296 2095 380 2124 Vens.
396 2095 423 2123 6.
451 2095 485 2123 Et
509 2096 578 2124 dixit
604 2098 697 2127 Deus:
721 2098 784 2126 Fiat
805 2100 1005 2135 ﬁrmamentum
1021 2101 1049 2128 in

262 2141 348 2169 medio
359 2151 502 2177 aquarum.
522 2148 547 2172 et
565 2144 649 2179 faciat
663 2146 864 2174 distinctionem
879 2147 947 2174 inter
964 2155 1048 2182 aqua:

261 2193 287 2216 et
304 2197 398 2225 aquas.
416 2189 533 2223 Quidam
557 2191 665 2219 inﬁcias
683 2197 762 2226 eunt,
787 2193 833 2220 hic
853 2193 968 2221 secundi
984 2193 1049 2221 cmli

262 2235 468 2268 generationem
487 2237 609 2273 depingi.
626 2238 792 2266 Existimant
806 2243 968 2274 praesentem
986 2247 1049 2267 ver-

263 2279 360 2307 borum
385 2280 485 2308 seriem
511 2289 575 2309 esse
602 2282 808 2310 breviusculam
827 2283 903 2314 cmli.
929 2283 964 2310 de
993 2290 1048 2319 quo

263 2332 359 2359 supra.
386 2325 592 2360 repetitionem.
607 2326 672 2355 Haec
686 2331 715 2355 et
731 2327 796 2354 talia
814 2328 920 2362 garrire
934 2329 1048 2362 audent,

263 2369 329 2398 licet
352 2369 497 2405 Scriptura
524 2372 608 2406 hujus
635 2373 749 2400 secundi
773 2374 836 2401 coeli
853 2374 926 2401 aliud
948 2382 1049 2402 nomen

263 2416 400 2451 aliamque
425 2417 571 2445 utilitatem
604 2423 743 2453 apportet.
774 2419 806 2447 Et
830 2420 944 2454 quidem
972 2420 1049 2448 Scri-

263 2466 344 2496 ptura
362 2469 443 2490 sacra
463 2464 581 2491 multum
601 2464 691 2492 utitur
706 2465 927 2500 repetitionibus.
944 2474 1050 2501 easque

263 2507 424 2543 frequentes
445 2509 537 2544 habet,
554 2510 664 2539 interim
687 2515 780 2539 tamen
795 2517 874 2539 caret
892 2513 1050 2540 contrarie-

264 2554 380 2582 tatibus.
397 2553 500 2583 Nullibi
524 2557 598 2584 enim
619 2558 672 2585 sibi
688 2566 742 2586 non
756 2562 875 2586 constat.
898 2558 1051 2593 Repetitio-

265 2608 314 2627 nos
329 2600 480 2636 Scriptura!
494 2609 581 2630 sacrae
605 2603 756 2630 dilucidam
773 2611 883 2639 semper
896 2605 1051 2640 expositio-

265 2654 327 2673 nem
341 2649 368 2674 et
383 2647 551 2676 omissurum
572 2650 793 2685 supplementum
820 2651 971 2678 advehunt.
993 2651 1051 2679 Cae-

265 2697 354 2719 terum
369 2700 423 2729 qua
436 2694 543 2723 ratione
558 2703 613 2722 non
634 2700 755 2732 emerget
765 2696 964 2728 contrarietas,
985 2704 1049 2724 cum

264 2736 408 2766 videamus
431 2739 548 2773 primum
575 2740 675 2770 omium
713 2749 776 2769 esse
803 2746 995 2770 constructum
1020 2743 1049 2770 in

266 2781 407 2818 principio
429 2790 483 2811 una
507 2791 570 2811 cum
594 2789 679 2819 terra,
701 2790 730 2814 et
754 2786 838 2814 simul
853 2793 917 2814 cum
933 2787 976 2816 bis
990 2795 1051 2822 quae

322 2865 373 2894 "ll
389 2867 454 2896 Cor.
470 2876 508 2901 XI,
523 2869 568 2897 ‘25.

1142 2101 1198 2128 Καὶ
1210 2099 1295 2128 εἶπεν
1311 2102 1329 2128 ὁ
1353 2101 1425 2134 Θεός
1437 2109 1445 2116 ·
1470 2100 1630 2134 Γενηθήτω
1644 2099 1797 2134 στερέωμα
1807 2118 1816 2131 ,
1840 2095 1890 2124 καὶ

1102 2149 1180 2175 ἔστω
1199 2147 1373 2182 διαχωρίζον
1400 2147 1459 2174 ἀνὰ
1481 2146 1577 2181 μέσον
1601 2147 1655 2174 τοῦ
1668 2146 1787 2178 ὕδατος.
1811 2145 1891 2176 Τινές

1102 2202 1169 2228 φασι
1181 2193 1219 2229 μὴ
1231 2193 1360 2227 δευτέρου
1378 2193 1486 2227 γένεσιν
1499 2192 1614 2228 οὐρανοῦ
1628 2192 1730 2227 ταύτην
1745 2191 1889 2226 ὑπάρχειν,

1101 2239 1269 2275 ἐπεξήγησιν
1280 2238 1309 2265 δὲ
1324 2236 1394 2265 εἶναι
1414 2238 1470 2265 τῶν
1490 2239 1631 2273 συντόμως
1654 2236 1810 2273 εἰρημένων
1826 2236 1891 2271 περὶ

1100 2285 1147 2312 τοῦ
1161 2285 1332 2319 φθάσαντος·
1347 2284 1438 2311 καίτοι
1455 2284 1502 2310 καὶ
1518 2283 1603 2318 δνομα
1624 2283 1719 2318 ἕτερον
1735 2282 1783 2310 καὶ
1797 2282 1891 2317 χρείαν

1099 2330 1257 2363 ἰδιάζουσαν
1278 2330 1295 2366 ἡ
1321 2330 1417 2365 Γραφὴ
1441 2329 1490 2357 τοῦ
1504 2329 1633 2364 δευτέρου
1663 2328 1815 2364 παρέδωκε.
1835 2328 1891 2354 Καὶ

1099 2376 1188 2407 ἄλλως
1199 2376 1229 2402 αἱ
1245 2376 1295 2410 τῆς
1312 2375 1426 2411 Γραφῆς
1444 2375 1631 2410 ὲπαναλήψεις
1657 2374 1706 2401 οὒκ
1732 2373 1892 2401 ἐναντίωσιν

1099 2421 1218 2456 ἔχουσιν.
1230 2421 1298 2448 ἀλλὰ
1315 2421 1395 2456 μόνον
1409 2421 1561 2455 σαφήνειαν
1576 2421 1625 2447 καὶ
1647 2420 1704 2447 τῶν
1717 2419 1892 2455 παρειμένων

1099 2468 1150 2502 τὴν
1161 2467 1367 2502 ἀναπλήρωσιν.
1384 2467 1446 2498 Πῶς
1461 2467 1490 2494 δὲ
1505 2467 1554 2493 οὐκ
1572 2466 1705 2499 ἐναντίον,
1718 2465 1742 2492 ει
1754 2465 1768 2491 ὀ
1781 2466 1829 2500 μὲν
1844 2465 1892 2499 γέ-

1099 2518 1179 2544 γονεν
1194 2510 1222 2536 ὲν
1242 2511 1314 2546 ἀρχῇ
1339 2510 1407 2545 μετὰ
1432 2511 1485 2545 γῆς
1509 2511 1555 2537 καὶ
1578 2510 1633 2537 τῶν
1646 2510 1812 2545 ἀμφοτέροις
1827 2518 1891 2536 συν-

1103 2555 1291 2591 υπαρξάντων,
1318 2556 1357 2588 ὡς
1385 2557 1469 2592 μηδὲν
1486 2556 1539 2592 πρὸ
1555 2556 1638 2583 αὐτοῦ
1661 2556 1813 2590 γεγονέναι,
1831 2557 1846 2583 ὁ
1863 2556 1892 2582 δὲ

1103 2602 1199 2637 γέγονε
1210 2603 1282 2630 κατὰ
1293 2602 1342 2638 τὴν
1353 2602 1485 2638 δευτέραν
1497 2603 1603 2638 ἡμέραν
1620 2603 1650 2630 ἐν
1669 2603 1745 2639 μέσῳ
1757 2602 1812 2630 τῶν
1827 2603 1891 2629 ὑδά-

1102 2659 1156 2677 των
1170 2650 1241 2686 ἕχων
1254 2650 1303 2687 τὴν
1318 2650 1449 2677 σύστασιν
1461 2659 1469 2683 ;
1482 2651 1521 2683 ὡς
1537 2651 1615 2686 δῆλον
1626 2651 1666 2678 ὅτι
1687 2651 1892 2688 προγεγονότων

1103 2693 1142 2724 ὦν
1156 2697 1186 2724 ἑν
1200 2697 1275 2731 μέσῳ
1288 2696 1469 2732 καθέστηκεν.
1486 2697 1545 2724 Οὐκ
1563 2697 1596 2725 ἂν
1613 2698 1641 2724 δέ
1656 2707 1698 2730 τις
1711 2697 1782 2725 εἴποι
1797 2705 1893 2733 περιτ-

1102 2743 1152 2778 τὴν
1167 2740 1236 2769 εἶναι
1259 2742 1355 2769 τούτου
1377 2743 1428 2779 τὴν
1453 2742 1572 2776 γένεσιν.
1599 2744 1685 2771 Τοῦτο
1702 2744 1766 2779 μὲν,
1782 2744 1821 2771 ὅτι
1838 2743 1892 2770 τῶν

1104 2788 1208 2818 ὑδάτων
1227 2788 1257 2815 οὐ
1274 2789 1376 2824 μικράν
1396 2797 1457 2816 τινα
1488 2790 1586 2824 μοῖραν
1606 2789 1677 2824 ὑπὲρ
1699 2789 1784 2816 νώτου
1799 2788 1890 2816 λαϐὼν
