2072 3157
152 169 188 201 65
704 163 976 195 COMMENTARII
993 163 1035 194 IN
1056 162 1237 193 GENESIN.
1755 160 1793 192 66

152 224 254 260 εὔχερῆ
279 225 336 256 τοίς
357 222 546 257 ὑπολειφθεῖσι
570 222 620 257 τὴν
633 222 672 254 εἰς
690 222 724 248 ’ἐν
743 231 769 248 τι
790 221 952 258 συναγωγὴν

1002 228 1057 248 una
1073 220 1216 250 exstitere.
1231 220 1311 254 quasi
1331 219 1401 247 nihil
1423 218 1599 255 praecesserit
1614 219 1717 254 ipsum.
1733 219 1791 247 Hoc

151 272 314 307 ἐποιήσατο,
331 271 369 302 ὡς
379 271 572 305 γυμνωθεῖσαν
593 270 642 305 τὴν
659 269 713 304 γῆν
727 269 867 304 χρησίμην
880 267 951 296 εῖναι

152 318 223 354 πρὸς
236 317 345 352 οἴκησιν
356 325 363 332 ·
376 316 458 344 τοῦτο
475 315 503 342 δὲ
520 316 630 351 πρώτου
648 317 705 347 τοῖς
728 315 775 341 ἐπὶ
794 315 847 350 γῆς
861 314 951 350 ἀσύμ-

153 372 254 400 μετρον
270 364 381 398 ἔχοντος
404 362 454 396 τὴν
467 362 630 394 ἀπόστασιν,
646 361 685 394 ὡς
699 362 794 397 ἀργεῖν
806 362 872 396 περὶ
886 361 951 388 τοῦ-

151 418 199 436 τον
213 409 262 445 τὴν
276 409 352 440 θέαν,
370 409 454 444 μέσος
467 406 545 440 οὗτος
565 407 710 443 παρελθὼν
723 405 952 443 είκότωίταύτην

152 455 308 490 ἐμέτρησεν
320 463 329 471 ο
346 455 390 490 ἐφ’
400 452 431 482 οὗ
446 454 564 490 ἤμελλον
579 455 627 481 καί
643 455 668 480 οί
685 456 828 489 φωστῆρες
839 454 951 490 ταχθέν-

150 509 200 532 τες
209 503 242 536 τῇ
256 500 357 536 μετρίᾳ.
369 501 510 527 διαστάσει
520 501 613 532 καλῶς
623 500 658 527 τά
668 501 734 536 περὶ
748 501 800 535 γῆν
814 501 948 536 ἐνεργεῖν.

151 547 186 574 Εἰ
202 547 256 583 γὰρ
269 546 318 573 νῦν
332 546 347 573 ό
366 546 442 582 ἥλιος
457 546 553 582 πόρρω
569 546 732 581 γιγνόμενος
751 545 949 581 ἀσθενεστέραν

151 592 212 627 ἔχει
225 593 274 627 τὴν
290 592 456 628 προσϐολὴν,
483 592 522 623 ὡς
536 592 566 618 ὲν
582 591 697 627 ἀμυδρῷ
722 592 793 626 φωτὶ
807 592 854 618 καὶ
870 592 950 627 κρύει

150 639 188 665 τὰ
199 638 262 665 καθ’
277 639 350 673 ἡμᾶς
364 638 487 672 ἀφιέναι,
499 638 526 664 τι
546 637 598 673 χρὴ
609 638 699 671 λέγειν
715 639 739 665 εί
761 639 821 664 κατ’
833 638 948 674 οὐρανὸν

150 684 199 710 τὸν
219 683 327 717 πρῶτον
340 683 486 716 ἐτέτακτο;
508 682 649 717 ’Λοίκητος
666 683 720 717 γὰρ
737 682 770 709 ἂν
792 682 915 718 ὑπῆρχεν
929 683 946 717 ἠ

150 730 189 764 γῆ
205 729 276 756 κατὰ
286 729 321 756 τὰ
336 728 383 755 νῦν
400 729 485 763 αὐτῆς
500 729 573 763 μέρη
589 727 796 762 κατεψυγμένα.

998 273 1076 298 vero,
1106 265 1140 293 de
1163 273 1217 300 quo
1239 272 1314 292 nunc
1339 273 1434 293 sermo
1460 269 1514 298 est,
1541 264 1665 292 secundo
1680 265 1791 292 demum

998 312 1044 340 die
1055 311 1182 340 ellectum
1200 318 1240 339 est
1259 311 1285 338 in
1307 311 1397 338 medio
1412 318 1546 345 aquarum
1564 311 1733 339 subsistens.
1751 310 1791 338 Ex

1000 366 1056 394 quo
1079 358 1213 393 colligere
1242 357 1320 390 licet,
1334 357 1407 392 quod
1426 356 1631 384 ﬁrmamentum
1648 357 1676 384 in
1694 364 1791 384 eorum

1000 405 1103 439 medio,
1129 411 1190 439 qua:
1209 403 1300 438 ipsum
1328 407 1517 435 antecessere,
1544 403 1715 430 constiterit.
1735 401 1793 430 Nec

1001 452 1066 486 quis
1090 451 1195 478 dixerit
1229 451 1311 485 hujus
1344 450 1515 477 creationem
1545 457 1790 484 supervacaneam.

1001 497 1070 525 Nam
1096 497 1161 524 dum
1189 496 1263 523 haud
1290 496 1420 531 exiguam
1456 502 1592 530 aquarum
1618 496 1685 527 vim,
1711 494 1792 530 quasi

1001 549 1080 580 tergo
1094 544 1214 579 exrepit,
1234 543 1339 571 acoidit
1364 547 1394 570 ut
1421 543 1525 570 relicta:
1543 550 1621 578 aquae
1635 543 1794 578 expeditius

1001 595 1028 618 et
1057 591 1177 617 celerius
1202 590 1229 616 in
1267 596 1349 615 unam
1375 588 1525 615 colluviem
1554 588 1736 621 conﬂuerent,
1764 594 1793 615 et

1003 641 1075 663 terra
1106 635 1272 661 habitationi
1310 633 1494 661 accommoda
1524 634 1607 661 citius
1639 631 1794 668 emergeret

1001 681 1184 709 inundatione
1200 681 1320 708 sublata.
1337 681 1460 708 Primum
1478 680 1589 715 quidem
1610 680 1710 707 caelum
1729 687 1792 714 pro-

1001 732 1062 762 pter
1077 728 1242 755 immensam
1268 727 1510 762 longinquitatem,
1542 733 1716 762 nequaquam
1731 730 1792 753 erat

151 781 238 804 terra;
255 775 519 803 conuuensurabile.
544 774 664 802 Proinde
689 775 758 801 nihil
773 774 834 810 ejus
848 777 946 809 partus
966 774 1092 802 inﬁnitos
1109 775 1241 810 adjuvare
1255 774 1404 810 quivisset.
1427 773 1564 801 Caeterum
1599 772 1719 800 medium
1755 772 1791 799 il-

150 823 201 850 Iud
243 822 356 855 (mlum,
403 821 477 856 quod
506 820 710 848 ﬁrmamentum
753 824 865 851 vocant,
900 820 1082 854 progrediens
1119 819 1270 855 quamdam
1301 818 1509 854 proportionem
1550 825 1613 845 cum
1648 814 1792 845 habitabili

149 867 293 896 elemento
318 867 421 894 traxit:
437 870 465 893 et
480 869 557 894 astra
578 866 606 893 in
624 865 677 892 hoc
703 865 836 892 mediocri
854 869 882 893 et
897 865 991 893 debito
1011 866 1162 893 interstitio
1205 865 1342 893 collocata
1384 864 1584 899 pulcherrime,
1621 870 1683 898 quae
1718 866 1793 890 terra

148 918 242 948 tenet,
270 914 404 941 excolunt
427 918 455 941 et
483 913 599 940 eliciunt
637 920 746 947 suoque
772 913 866 941 calore
908 913 1066 949 perﬁciunt.
1106 913 1251 949 Siquidem
1267 912 1421 941 etiamnum
1439 913 1494 944 sol,
1515 913 1570 940 sia
1585 912 1668 939 nobis
1689 910 1793 946 paulu-

148 963 210 990 lum
227 963 388 994 recesserit,
406 961 574 989 inﬁrmiores
589 961 623 988 ad
640 969 691 989 nes
705 962 822 989 dimittit
840 961 946 990 radios.
966 962 1087 990 Proinde
1111 970 1144 990 eo
1170 968 1305 998 tempore,
1331 969 1388 998 quo
1403 961 1492 993 abest,
1507 960 1602 988 omnia
1633 959 1705 995 apud
1741 963 1792 985 nos

149 1015 210 1037 tum
230 1009 378 1044 frigidiora
400 1014 459 1036 tum
487 1007 651 1036 obscuriora
676 1012 751 1035 sunt.
779 1007 850 1041 Quid
870 1016 947 1042 vero,
968 1009 1014 1036 dic
1034 1017 1138 1044 quaeso,
1165 1010 1303 1040 eveniret,
1329 1009 1352 1035 si
1371 1007 1412 1036 sol
1440 1007 1468 1035 in
1492 1007 1583 1042 primo
1621 1006 1695 1032 coelo
1723 1012 1792 1032 con-

149 1052 272 1083 stitutus
297 1053 421 1081 fuisset?
445 1053 528 1080 Certe
549 1053 627 1080 orbis
648 1058 755 1088 partes,
783 1061 846 1088 quae
872 1061 947 1081 nunc
967 1055 1042 1082 cultu
1070 1056 1164 1083 nitent
1177 1059 1205 1082 et
1221 1055 1393 1087 habitantur,
1410 1053 1535 1089 profecto
1575 1056 1709 1088 perpetuo
1740 1052 1794 1079 fri-

148 1110 219 1138 gere
237 1106 381 1136 occupata:
399 1101 562 1136 squalerent
578 1105 607 1128 et
622 1101 734 1128 incultae
749 1101 852 1129 forent.

187 1149 270 1175 Εἴποι
285 1148 309 1175 δ’
324 1148 357 1175 ἄν
373 1156 417 1179 τις
432 1148 481 1175 καὶ
497 1148 566 1184 πρὸς
576 1148 607 1175 τὸ
624 1148 721 1184 μέλλον
744 1149 883 1184 ἡρμόσθαι
898 1150 952 1177 τῶν

1041 1150 1075 1178 At
1092 1150 1115 1178 si
1139 1150 1204 1186 quis
1221 1148 1308 1182 dicat,
1326 1148 1411 1176 Deum
1430 1147 1588 1182 respexisse
1603 1145 1724 1173 futuram
1746 1152 1792 1172 re-

150 1195 307 1229 γεγονότων
329 1194 380 1230 τὴν
406 1194 526 1230 ποίησιν.
543 1194 693 1230 ΙΙροῦκειτο
705 1195 761 1231 γάρ
777 1195 836 1231 Θεῷ
850 1195 949 1231 διπλῆν

153 1240 320 1276 ποιήσασθαι
344 1240 394 1275 τῆς
417 1240 533 1273 κτίσεως
554 1241 604 1276 τὴν
631 1241 810 1274 κατάστασιν,
833 1242 883 1277 τὴν
900 1242 950 1277 μὲν

155 1285 278 1321 τρεπτὴν
292 1285 340 1312 καὶ
363 1285 498 1321 φθαρτὴν,
520 1287 602 1314 ὁποία
619 1288 668 1315 νῦν
683 1289 757 1315 ἐστιν
770 1290 788 1325 ἡ
811 1290 948 1326 παροῦσα,

154 1332 261 1367 τρεπτὰ
277 1332 339 1363 ταῖς
355 1331 478 1366 γνώμαις
496 1332 596 1368 ἔχουσα
616 1334 663 1360 καὶ
679 1334 714 1361 τὰ
725 1335 762 1370 μὴ
777 1334 857 1369 φύσει
872 1336 951 1371 φθει-

155 1379 261 1414 ρόμενα
285 1377 384 1411 λογικά
400 1386 430 1404 τε
452 1378 500 1404 καὶ
515 1379 614 1414 νοερά·
632 1380 684 1415 τὴν
697 1380 725 1407 δὲ
738 1381 792 1407 τῶν
807 1382 951 1416 παρόντων

153 1423 303 1459 ἐλευθέραν
317 1423 422 1454 κακῶν,
438 1423 558 1459 Χριστοῦ
576 1424 629 1459 τῆς
652 1425 782 1462 τοιαύτης
807 1428 878 1455 κατὰ
900 1429 952 1463 τὴν

152 1470 315 1506 οἰκονομίαν
330 1469 517 1505 κατάρξαντος
528 1478 536 1486 ’
549 1468 583 1506 ἧς
600 1471 648 1498 καὶ
673 1472 775 1504 πάντες
788 1474 951 1509 τευξοίμεθα

154 1515 228 1551 μετὰ
237 1514 289 1551 τὴν
302 1514 408 1548 ἔνδοξον
427 1516 474 1541 καὶ
483 1515 614 1551 δευτέραν
627 1516 710 1543 αὑτοῦ
732 1518 894 1553 παρουσίαν.
911 1518 950 1555 Τῇ

155 1561 208 1597 μὲν
223 1559 271 1588 οὖν
287 1560 415 1597 παρούσῃ
429 1561 597 1588 καταστάσει
615 1561 721 1597 πρέπον
745 1562 908 1599 ἐνδιαίτημα
921 1564 952 1591 τδ

152 1608 258 1644 χωρίον
272 1609 302 1634 ὲν
317 1605 339 1641 ᾧ
353 1607 401 1634 νῦν
416 1608 510 1641 ἐσμεν,
530 1607 561 1634 τὸ
577 1608 679 1643 μεταξὺ
702 1608 753 1644 τῆς
774 1610 826 1645 γῆς
841 1611 890 1637 καὶ
903 1611 951 1638 τοῦ

152 1654 350 1690 στερεώματος
362 1662 369 1668 ·
386 1655 420 1690 τῇ
434 1654 462 1680 δὲ
482 1653 616 1690 μελλούσῃ
631 1655 677 1680 καὶ
689 1654 825 1690 Θειοτὲρᾳ.
841 1655 871 1682 τὸ
893 1655 952 1683 διά-

153 1709 218 1735 γειν
234 1702 264 1727 ἐν
279 1699 318 1734 τῷ
341 1699 450 1735 οὐρανῴ
476 1699 624 1733 γεγονότας
640 1699 804 1733 ἀτρέπτους,
823 1700 888 1727 ἔνθα
905 1701 952 1728 καὶ

153 1747 204 1774 νῦν
215 1747 230 1772 ὸ
243 1746 362 1781 Χριστὸς
375 1745 446 1772 κατὰ
461 1744 511 1780 τὴν
524 1745 681 1780 οἰκονομίαν
696 1745 876 1782 καθέστηκεν,
891 1746 929 1778 ὡς
938 1747 953 1774 ὁ

155 1793 295 1829 μακάριος
307 1791 414 1823 Παῦλός
427 1800 511 1827 φησιν
521 1799 528 1806 ·
548 1800 557 1818 ι
574 1791 633 1818 Ἰνα
645 1791 761 1827 ἰσχυρὰν
777 1793 952 1828 παράκλησιν

153 1825 265 1873 ὲχωμεν
280 1838 305 1863 οἱ
316 1825 540 1871 καταφεύγοντες
552 1825 689 1872 κρατῆσαι
704 1825 756 1872 τῆς
765 1825 950 1873 προκειμένης
965 1825 987 1855 c

154 1884 277 1916 ἐλπίδος,
289 1884 323 1919 ἢν
338 1883 376 1914 ὡς
389 1883 514 1918 ἄγκυραν
527 1882 626 1918 ἔχομεν
639 1882 689 1918 τῆς
701 1883 791 1918 ψυχῆς
803 1883 910 1919 ἀσφαλῆ
921 1891 951 1909 τε

154 1931 205 1957 καὶ
221 1929 333 1964 βεϐαίαν
349 1929 398 1956 καὶ
419 1928 617 1963 εἰσερχομένην
640 1929 680 1960 είς
701 1929 733 1956 τὺ
753 1929 887 1965 ἐσώτερον
904 1928 951 1955 τοῦ

153 1976 416 2010 καταπετάσματος,
434 1974 502 2001 ὅπου
521 1974 675 2010 πρόδρομος
683 1974 754 2010 ὑπὲρ
770 1975 786 2009 ὴ
792 1975 849 2009 μῶν
861 1975 952 2010 εἰσῆλ-

154 2023 204 2049 θεν
225 2021 330 2057 Ἰησοῦς
351 2020 423 2047 κατὰ
451 2020 501 2056 τὴν
523 2020 601 2052 τάξιν
620 2021 792 2056 Μελχισεδὲκ
805 2021 952 2056 ἀρχιερεὺς

154 2068 322 2103 γενόμενος·
335 2077 346 2094 ι
363 2066 498 2102 ἐσώτερον
523 2066 573 2102 μὲν
596 2066 808 2101 καταπέτασμα,
821 2067 866 2094 τὸν
881 2066 953 2101 ὑπὲρ

152 2117 205 2142 τὸν
222 2113 337 2150 οὐρανὸν
347 2113 430 2140 τόπον
443 2113 586 2148 ὀνομάζων
598 2120 606 2127 ·
618 2113 750 2148 ἀρχιερέα
762 2113 790 2140 δὲ
805 2112 896 2140 καλῶν
905 2113 952 2139 τὸν

153 2159 277 2196 Χριστὸν
284 2159 322 2190 ὡς
331 2158 382 2193 τῆς
392 2158 586 2189 καταστάσεως
600 2157 731 2193 ἄρξαντα.
743 2158 796 2184 Σὺν
811 2157 885 2193 αὐτῷ
897 2158 951 2193 γὰρ

154 2206 278 2241 ἐσόμεθα
289 2205 359 2240 μετὰ
372 2204 430 2231 τῶν
444 2203 569 2239 ἀοράτων
581 2203 723 2239 δυνάμεων
734 2211 742 2219 α
758 2204 837 2238 εἴπερ
852 2204 953 2240 ἀληθὲς

152 2253 198 2284 τὺ,
218 2262 229 2278 ‹
243 2251 395 2286 ’ἰσάγγελοι
415 2251 468 2285 γάρ
483 2251 537 2276 εἰσι
547 2258 555 2266 ·
573 2260 584 2276 ι
598 2251 644 2277 καὶ
660 2251 729 2277 εἰσὶν
742 2251 795 2277 υἱοὶ
809 2251 855 2277 τοῦ
871 2250 951 2283 Θεοῦ,

154 2300 207 2334 τῆς
223 2298 401 2329 ἀναστάσεως
417 2297 469 2324 υἱοὶ
495 2296 582 2328 ὄντες.
611 2297 664 2323 Καὶ
687 2296 793 2328 Παῦλος
808 2296 836 2323 δέ
852 2305 933 2332 φησιν
943 2305 951 2313 ·

159 2357 171 2373 ‹
194 2344 430 2381 ’Δρπαγησόμεθα
444 2345 474 2370 ὲν
484 2343 610 2378 νεφέλαις
621 2344 661 2374 εἰς
677 2343 722 2370 τὸν
733 2343 802 2378 ἀέρα
816 2345 855 2375 εἰς
866 2344 953 2371 ἁπάν-

155 2401 238 2428 τησιν
249 2391 290 2426 τῷ
306 2390 413 2425 Κυρίῳ.
428 2391 474 2417 καὶ
489 2389 578 2420 οὕτως
590 2389 707 2416 πάντοτε
723 2389 772 2415 σὺν
783 2389 878 2424 Κυρίῳ
891 2390 952 2416 ἐσό-

159 2437 240 2472 μεθα.
256 2446 266 2462 ι
285 2437 367 2466 Ὥστε
381 2435 449 2470 πρὸς
459 2435 508 2467 τὰς
524 2435 616 2466 διττὰς
631 2435 822 2466 καταστάσεις,
836 2435 954 2471 διάφορα

1004 1203 1065 1223 rum
1080 1195 1251 1223 creationem
1269 1195 1327 1222 sive
1347 1194 1564 1223 innovationem,
1577 1191 1792 1226 haudquaquam

1000 1241 1228 1270 ballucinabitur.
1254 1241 1418 1268 Decreverat
1440 1240 1542 1266 etenim
1564 1239 1636 1265 Deus
1651 1238 1706 1265 duo
1719 1245 1792 1264 con-

1001 1289 1065 1317 dere
1079 1289 1189 1324 opiﬁcia
1208 1287 1395 1323 pulcherrima
1410 1294 1418 1313 :
1433 1286 1551 1312 alterum
1573 1285 1684 1319 quidem
1698 1287 1792 1310 muta-

1001 1335 1069 1363 tioni
1085 1339 1113 1362 et
1137 1333 1309 1369 corruptioni
1335 1332 1502 1363 obnoxium,
1518 1330 1591 1365 quod
1612 1334 1704 1356 tamen
1720 1336 1791 1355 neu-

1002 1381 1106 1416 tiquam
1135 1379 1295 1415 spirituales
1319 1378 1493 1406 substantias
1520 1377 1657 1412 perimere
1686 1378 1791 1410 posset.

1001 1426 1035 1453 Et
1048 1426 1114 1454 illud
1130 1434 1201 1461 opus
1225 1429 1281 1458 est,
1305 1424 1379 1460 quod
1404 1424 1494 1451 Oculis
1510 1422 1616 1450 nostris
1633 1422 1790 1456 subjectum

1002 1472 1166 1508 aspicimus.
1182 1472 1306 1499 Alterura
1325 1478 1391 1499 vero
1415 1470 1533 1498 liberum
1561 1473 1588 1496 et
1609 1476 1725 1495 vacuum
1744 1475 1794 1494 vo-

1002 1519 1053 1547 luit
1067 1527 1129 1547 esse
1154 1527 1169 1546 a
1187 1519 1335 1554 praesentis
1351 1518 1443 1545 stimuli
1463 1517 1598 1544 malorum
1614 1516 1676 1543 labe
1692 1524 1699 1542 :
1717 1515 1792 1551 quod

1001 1566 1114 1601 quidem
1142 1565 1307 1600 auspicatus
1332 1568 1375 1592 est
1401 1564 1544 1595 Christus,
1563 1570 1625 1588 cum
1644 1562 1791 1588 humanam

1002 1613 1133 1641 indueret
1148 1617 1288 1640 naturam.
1306 1611 1335 1638 In
1355 1611 1406 1638 hoc
1422 1610 1587 1645 praeclarum
1605 1608 1794 1644 ingrediemnr

1003 1659 1143 1695 opiﬁcium
1168 1659 1210 1686 vel
1236 1657 1386 1685 mdiﬁcium
1413 1661 1475 1692 post
1503 1656 1656 1683 secundum
1676 1655 1729 1689 ιθ
1746 1655 1793 1682 Dei

1002 1707 1153 1742 gloriosum
1178 1705 1336 1731 ath-nluul.
1359 1702 1461 1730 Verum
1493 1701 1624 1737 praesenti
1658 1701 1742 1733 coelo,
1759 1700 1793 1727 de

1003 1759 1060 1787 quo
1076 1751 1122 1778 hie
1135 1750 1226 1777 Moses
1251 1750 1319 1784 agit,
1342 1748 1470 1783 congruit
1491 1747 1579 1778 locus,
1599 1746 1626 1772 in
1647 1753 1701 1781 quo
1719 1752 1794 1772 nunc

1004 1797 1140 1831 degimns,
1158 1794 1326 1829 interjacens
1352 1793 1459 1820 medius
1475 1793 1547 1820 inter
1562 1792 1661 1819 ctelum
1674 1795 1793 1818 terram-

1003 1851 1066 1878 que.
1082 1842 1116 1868 At
1131 1842 1157 1868 in
1177 1841 1277 1873 altero,
1304 1844 1400 1875 utpote
1413 1839 1561 1870 diviniora,
1578 1838 1702 1865 vivemus
1713 1857 1720 1869 ,
1739 1837 1793 1864 im-

1002 1888 1197 1916 mortalitatem
1221 1885 1363 1914 consecuti
1379 1894 1386 1913 :
1409 1890 1437 1912 et
1455 1886 1483 1912 in
1499 1885 1553 1912 hoc
1567 1892 1640 1912 nunc
1661 1883 1794 1911 Christus

1003 1934 1167 1961 incarnatus
1183 1932 1355 1968 domicilium
1375 1932 1470 1962 habet,
1484 1931 1568 1958 siculi
1586 1931 1682 1957 docuit
1697 1931 1794 1958 beatus

1001 1980 1114 2009 Paulus.
1133 1990 1143 2005 ι
1165 1978 1200 2006 Ut
1221 1979 1340 2006 validam
1376 1979 1596 2006 consolationem
1617 1978 1793 2009 haberemus,

1002 2027 1049 2062 qui
1069 2027 1122 2054 huc
1148 2025 1336 2061 confugimus,
1362 2029 1393 2052 ut
1417 2025 1559 2060 potiantur
1577 2023 1716 2059 proposita
1732 2030 1791 2058 spe,

1002 2081 1085 2108 quam
1100 2072 1176 2100 velut
1200 2071 1351 2099 anehoram
1379 2075 1505 2098 tenemus
1530 2070 1628 2097 animae
1656 2077 1718 2096 cum
1749 2069 1794 2096 ﬁr-

1002 2126 1076 2146 mam
1104 2122 1162 2145 tum
1190 2122 1290 2149 tutam,
1320 2122 1349 2144 et
1376 2117 1563 2143 introeuntem
1581 2123 1670 2150 usque
1697 2114 1730 2141 ad
1748 2122 1791 2147 ca,

1002 2172 1064 2199 quae
1079 2169 1145 2192 sunt
1171 2164 1244 2190 intra
1269 2162 1372 2193 velum,
1401 2161 1446 2188 ubi
1474 2168 1630 2195 praecursor
1647 2167 1696 2194 pro
1711 2159 1794 2186 nobis

1003 2208 1145 2242 ingressus
1172 2211 1215 2234 est
1237 2205 1332 2236 .Icsus.
1355 2206 1435 2240 juxta
1457 2205 1584 2232 ordinem
1610 2204 1793 2232 Melchisedee

1002 2253 1126 2289 pontifex
1143 2252 1232 2280 factus
1247 2252 1275 2279 in
1292 2255 1426 2279 aeternum
1446 2250 1480 2277 ⁸⁸.
1502 2260 1512 2277 ι
1531 2250 1648 2277 Interius
1664 2250 1794 2278 taberna-

1002 2299 1095 2327 culum
1123 2299 1190 2326 dicit
1219 2299 1322 2330 lorum,
1349 2297 1397 2332 qui
1414 2304 1498 2332 supra
1522 2298 1621 2324 coelum
1640 2297 1682 2324 vel
1700 2297 1794 2324 ﬁrma-

1003 2350 1127 2373 mentum
1156 2345 1356 2380 frequentatur.
1384 2343 1546 2371 Pontiﬁcem
1582 2351 1720 2371 summum
1750 2343 1794 2370 vel

1003 2394 1124 2429 primum
1153 2392 1278 2419 nominat
1303 2391 1457 2423 Christum,
1483 2391 1556 2426 quod
1577 2390 1622 2418 hic
1641 2391 1749 2426 primus
1766 2392 1794 2419 in

1003 2440 1056 2468 hoc
1071 2438 1239 2471 ascenderit,
1264 2442 1293 2465 ct
1310 2438 1393 2466 nobis
1409 2439 1517 2473 primus
1543 2438 1623 2465 istam
1643 2438 1795 2466 habitatio-

158 2482 334 2516 καταγώγια.
364 2482 420 2508 Καὶ
437 2483 451 2509 ὁ
477 2481 525 2508 νῦν
547 2482 616 2517 ἡμῖν
638 2480 741 2516 ὀροφῆς
756 2481 833 2514 τάξιν
847 2482 952 2516 ἐπέχων

1005 2494 1067 2514 nem
1082 2486 1233 2522 aperuerit.
1258 2486 1327 2512 Cum
1354 2485 1467 2512 Christo
1492 2484 1593 2512 etenim
1611 2485 1638 2512 in
1661 2485 1709 2512 illo
1722 2485 1795 2512 caelo

157 2529 285 2566 οὐρανὸς,
299 2530 329 2557 ὲν
341 2528 456 2562 ἐδάφους
470 2528 550 2563 μέρει
561 2528 715 2562 γενήσεται.
734 2527 763 2553 '0
777 2527 831 2563 γὰρ
845 2527 953 2562 πρῶτος

159 2575 256 2610 ὥσπερ
273 2574 386 2609 οὐρανός
402 2575 477 2600 ἐστιν
487 2573 617 2609 οὐρανοῦ.
636 2573 690 2599 Καὶ
705 2573 720 2599 ὀ
735 2572 818 2600 Δαϐἱδ
838 2573 893 2609 γάρ
912 2573 955 2599 λέ-

159 2631 203 2656 γει
216 2629 223 2636 ·
238 2630 248 2647 ι
271 2620 301 2647 '0
324 2619 437 2655 οὐρανὸς
453 2619 501 2646 τοῦ
526 2618 645 2655 οὐρανοῦ
663 2618 702 2654 τῷ
727 2618 822 2654 Κυρίῳ
834 2627 841 2634 ·
864 2619 914 2653 τὴν
926 2618 954 2645 δὲ

159 2669 230 2703 γῆν·
250 2677 261 2693 ι
276 2666 405 2693 τοσοῦτον
421 2667 480 2693 ὅσον
499 2663 578 2697 οὗτος
597 2665 688 2701 ἡμῶν.
702 2665 820 2700 Τοιαύτη
839 2665 927 2691 τοίνυν
938 2665 955 2700 ἠ

163 2715 298 2751 μέλλουσα
310 2714 366 2740 τῶν
380 2712 465 2747 άγίων
476 2713 646 2743 κατάστασις
655 2719 662 2728 ⁸
677 2711 740 2738 ὅθεν
756 2711 804 2738 καὶ
816 2711 955 2746 βασιλείαν

161 2760 285 2798 οὐρανῶν
306 2762 323 2797 ἡ
337 2760 435 2797 Γραφὴ
451 2760 501 2796 τὴν
522 2759 652 2794 τοιαύτην
669 2757 750 2786 καλεῖ
774 2758 953 2786 κατάστασιν.

1005 2532 1244 2560 commorabimur
1260 2531 1450 2559 invisibilibus
1473 2531 1606 2565 potentiis
1621 2539 1669 2558 seu
1684 2531 1796 2558 virtuti-

1004 2579 1058 2606 bus
1069 2578 1194 2612 admisti,
1209 2583 1240 2605 ut
1250 2578 1374 2606 declarat
1388 2576 1456 2605 illud
1464 2577 1605 2612 eloquium
1621 2586 1628 2605 :
1643 2587 1652 2603 ι
1663 2577 1733 2605 Snnt
1749 2585 1796 2604 ve—

1005 2625 1055 2653 luti
1072 2625 1174 2660 angeli,
1190 2625 1238 2660 qui
1254 2625 1282 2652 in
1298 2625 1378 2653 malis
1403 2629 1480 2652 sunt.
1498 2624 1534 2652 "'.
1561 2634 1571 2650 ι
1592 2624 1648 2652 lmo
1665 2629 1730 2652 sunt
1748 2624 1795 2651 ﬁlii

1006 2669 1066 2703 Dei.
1082 2677 1145 2697 cum
1170 2670 1387 2698 resurrectionis
1413 2670 1460 2698 ﬁlii
1478 2670 1546 2698 sint.
1564 2669 1624 2697 Huc
1641 2670 1797 2705 applicetur

1006 2715 1197 2743 testimonium
1223 2715 1275 2743 hoc
1290 2714 1369 2742 Pauli
1386 2724 1393 2742 :
1413 2724 1422 2741 ι
1443 2714 1548 2743 Deinde
1576 2723 1639 2748 nos,
1655 2715 1701 2749 qui
1720 2716 1796 2742 vive-

1007 2769 1082 2792 mus,
1097 2760 1144 2796 qui
1161 2760 1259 2796 reliqui
1276 2762 1392 2793 erimus,
1407 2761 1489 2790 simul
1504 2769 1567 2788 cum
1589 2762 1643 2789 illis
1657 2761 1797 2796 rapiemnr

164 2808 192 2836 in
208 2814 355 2836 occursum
379 2806 491 2833 Domini
516 2806 544 2833 in
561 2813 637 2839 aera,
660 2809 690 2833 et
704 2804 746 2832 sic
763 2811 873 2840 semper
891 2811 954 2832 cum
973 2804 1091 2834 Domino
1117 2805 1223 2834 erimus
1248 2806 1282 2834 λ’.
1304 2815 1313 2833 ι
1331 2806 1416 2843 igitur
1441 2815 1503 2834 cum
1528 2807 1582 2835 duo
1624 2810 1681 2836 sint
1720 2807 1795 2840 coeli,

163 2899 187 2916 ⁸⁸
201 2898 285 2927 Hebr.
302 2907 341 2932 vr,
357 2898 451 2927 18-20.
487 2898 507 2914 δι
524 2897 597 2925 Marc
615 2905 663 2931 xu,
680 2897 728 2926 25.

757 2897 780 2914 δ’
812 2895 936 2925 lThcss.
957 2905 995 2931 ir,
1016 2897 1058 2924 lt}.
