2072 3157
259 169 293 201 67
918 164 1097 196 PROCOPII
1121 163 1243 194 GAZEI
1859 157 1896 189 68

261 230 369 255 constat
388 226 465 253 varia
480 232 543 253 esse
558 223 746 260 receptacula,
765 223 911 258 variasque
928 223 1088 250 mansiones
1103 227 1131 250 et
1164 221 1291 249 diversas
1325 227 1374 254 pro
1414 219 1540 246 locorum
1565 216 1740 245 diversitate.
1773 215 1894 249 Ctehnn,

261 275 334 311 quod
351 282 426 303 nunc
449 273 552 310 fasrigii
576 273 665 300 vicem
693 273 827 306 sustinet,
843 272 1053 299 fundamentum
1073 271 1126 299 erit
1143 270 1244 297 summi
1261 269 1324 296 caeli
1340 269 1367 295 in
1403 266 1554 294 universali
1579 266 1798 294 resurrectione.
1830 265 1898 293 Nam

261 324 362 351 ccelum
385 315 505 357 primum
536 324 578 348 est
605 319 686 355 quasi
711 320 812 347 caelum
836 319 910 347 cmli.
927 319 1036 346 Etenim
1057 325 1113 346 non
1131 317 1181 345 abs
1199 324 1228 344 re
1242 314 1438 343 canitDavid:
1458 323 1467 340 ι
1483 313 1590 341 Caelum
1615 313 1677 340 caeli
1713 311 1842 345 Domino,
1872 317 1901 339 et

262 373 364 397 terram
377 367 455 395 dedit
481 365 546 393 tiliis
564 365 707 392 hominum
724 364 760 391 ⁵³.
777 373 787 390 )
801 363 943 397 Quantum
961 368 1054 390 autem
1075 362 1194 398 primum
1215 361 1316 389 cmlum
1342 364 1478 387 remotum
1507 362 1551 386 est
1573 366 1588 386 a
1624 357 1759 391 secundo,
1792 361 1899 384 tantmn

263 416 345 443 distat
371 413 524 442 secundum
553 411 588 438 ah
609 411 678 438 orbe
706 409 863 438 habitabili.
883 408 918 436 Et
942 408 1054 444 quidem
1074 408 1194 444 primum
1219 406 1319 434 coelum
1344 406 1398 433 erit
1411 404 1585 432 domicilium
1618 408 1792 432 sanctorum.
1824 404 1900 437 Qua-

264 465 376 499 propter
392 460 538 494 Scriptura
555 464 636 484 sacra
650 456 754 492 ubique
772 464 836 484 eum
855 457 947 484 locum
967 454 1113 482 nominare
1126 453 1232 481 assolet
1255 452 1380 487 Regnum
1398 451 1546 478 ccelorum.

300 494 438 536 (laterum
461 504 525 533 caeli
539 511 641 531 nomen
657 503 748 538 primo
773 501 885 538 proprie
903 499 1037 536 competit
1052 508 1060 527 :

1147 498 1185 525 Τὸ
1199 497 1229 525 δὲ
1241 497 1288 525 τοῦ
1305 495 1420 533 οὐρανοῦ
1435 496 1522 530 δνομα
1535 495 1637 530 κυρίως
1656 494 1705 529 μὲν
1722 494 1854 529 ἁρμόττει
1863 495 1903 531 τῷ

265 554 384 581 alterutri
413 551 471 579 sive
494 549 670 581 secundum,
696 547 774 584 juxta
797 546 944 581 quamdam
974 545 1052 573 sitni-

1128 544 1224 580 ρώτῳ,
1250 542 1312 570 καθ’
1338 542 1470 578 ὁμοίωσιν
1484 541 1513 568 δὲ
1533 540 1572 575 τῷ
1587 540 1714 575 κληθέντι
1731 540 1903 577 στερεώματι

266 599 408 628 litudinem
432 605 511 625 suum
532 603 631 623 nomen
657 593 815 629 acquisivit,
842 597 870 620 et
898 592 1055 620 lirmamen-

1125 589 1292 626 υριώτερον·
1313 589 1343 616 ὃν
1360 588 1409 615 ἕνα
1429 587 1512 623 φησὶν
1529 587 1653 621 οὐρανὸν,
1671 585 1743 621 ῢίωρ
1761 583 1831 614 εἶναι
1851 588 1903 620 φά-

267 653 324 674 ιιιιιι
339 649 465 673 vocatur.
490 643 546 670 lmo
562 646 589 669 rt
616 641 701 668 David
725 639 807 667 docet
826 647 910 667 unum
926 639 979 666 tale
993 645 1056 666 esse

1126 647 1182 666 κων
1199 639 1272 674 ὑπὲρ
1292 639 1374 665 αὑτὸν
1399 639 1414 664 ὁ
1435 637 1518 664 Δαϐιδ
1536 636 1640 670 λέγων·
1665 645 1675 662 ι
1697 633 1843 662 Ἐκτείνων
1858 633 1904 660 τὸν

268 693 380 724 uelum,
398 696 423 718 et
450 697 533 724 supra
568 688 594 715 id
625 687 781 715 consistere
813 693 926 720 aquam,
940 685 1056 712 dicens:

271 749 281 766 ι
301 737 458 766 Extendens
485 735 572 762 caelos
595 734 679 762 veluti
706 733 841 760 cortinam
862 731 895 758 “.
915 731 967 764 Qui
981 730 1059 766 ponit

271 786 363 812 trabes
378 782 585 810 cmuaculorum
618 787 732 807 suorum
752 779 787 806 in
807 778 895 813 aquis.
917 786 926 804 ι
943 776 1059 810 Quando

272 831 356 866 igitur
378 830 495 865 legimus
517 832 565 854 aut
588 825 716 853 audimus
748 826 776 852 in
806 824 951 859 Scriptura
980 830 1059 851 sacra

272 877 327 904 dici
346 876 388 904 vel
403 875 503 903 scribi:
524 882 534 898 ι
551 873 620 900 Caeli
634 876 770 898 enarrant
784 871 899 907 gloriam
915 875 991 897 tuam
1008 869 1059 901 “,i

272 928 299 950 et
321 931 328 950 :
347 931 356 948 ‹
386 921 518 948 Dominus
539 918 605 946 fecit
631 918 718 945 ccelos
733 917 767 950 “,
785 927 794 943 ι
812 922 839 944 et
857 925 864 944 :
884 925 893 942 ι
917 916 999 944 Pater
1015 922 1064 942 no-

272 973 332 996 ster
363 968 408 1002 qui
440 974 470 993 es
499 966 526 992 in
552 964 629 991 caelis
644 963 710 996 ‘7,»
733 970 814 990 nemo
845 961 980 997 intelligat
1009 968 1065 988 cm-

271 1016 328 1043 lum
355 1014 484 1049 primum,
509 1012 582 1047 quod
601 1015 716 1046 superat
732 1009 898 1042 secundum,
917 1009 964 1037 sed
983 1009 1064 1036 intel-

273 1063 393 1097 ligamus
430 1061 475 1087 hic
496 1059 635 1087 nominari
665 1058 871 1085 ﬁrmamentum
899 1060 927 1083 et
956 1062 1066 1082 omnem

276 1109 429 1144 regionem,
456 1113 517 1141 quae
537 1105 626 1133 media
642 1105 713 1131 inter
733 1104 824 1138 ipsum
846 1107 873 1130 et
899 1105 1001 1129 terram
1021 1108 1069 1128 ex-

276 1155 375 1186 currit,
394 1157 422 1181 et
443 1153 470 1180 in
488 1152 623 1188 plurimas
639 1151 726 1179 caelos
744 1150 833 1178 divisa
860 1149 902 1176 vel
919 1148 1067 1176 distributa

276 1204 319 1228 est
337 1204 450 1234 propter
476 1196 662 1224 altitudinem.
689 1194 760 1223 Hinc
790 1193 934 1228 Scriptura
963 1193 1065 1220 habet:

280 1255 290 1271 ι
313 1243 440 1271 Volatilia
457 1243 533 1274 caeli.
554 1252 563 1269 I
582 1242 610 1269 id
638 1246 681 1269 est
700 1241 783 1268 aeris.
799 1240 858 1267 imo
877 1238 1013 1267 Jeremias
1029 1239 1069 1266 in-

278 1290 339 1326 quit
353 1289 386 1321 ".
410 1289 548 1316 ciconiam
574 1288 602 1314 in
628 1287 700 1315 coelo
715 1293 797 1314 nosse
814 1286 866 1312 iter
884 1292 978 1312 suum.
1000 1284 1069 1311 lluic

278 1343 335 1363 non
349 1334 486 1362 dissimile
507 1338 551 1360 est
562 1337 589 1360 et
604 1332 673 1359 illud
689 1331 843 1366 Scriptum
856 1330 1046 1358 testimonium
1061 1338 1069 1356 :

281 1391 292 1408 ι
309 1380 471 1408 Ascendunt
491 1386 581 1414 usque
605 1377 632 1404 in
658 1377 759 1404 ct‘elum
783 1376 817 1403 δ’.
847 1385 856 1402 ι
884 1375 1030 1410 Propterea
1044 1378 1071 1402 et

281 1427 372 1454 Moses
395 1427 480 1453 beans
502 1423 745 1452 benedictionibus
759 1422 862 1449 tribum
877 1421 1006 1456 Josephi,
1023 1429 1071 1448 eas

280 1473 380 1507 petita
404 1471 545 1498 moderata
560 1470 623 1497 coeli
646 1468 791 1504 temperie,
819 1468 892 1495 roris
916 1468 1065 1499 descensu,

282 1517 350 1545 solis
378 1515 619 1548 conversionibus,
646 1514 782 1542 mensium
816 1514 1024 1548 congressibus.
1045 1517 1074 1541 et

282 1564 318 1591 ub
342 1563 503 1591 summitate
530 1561 665 1588 montium
690 1560 872 1594 colliumque,
896 1560 975 1594 quasi
1000 1564 1074 1586 terra

1107 686 1221 722 οὐρανὸν
1248 685 1316 711 ὡσεὶ
1344 684 1436 720 δέρριν
1451 702 1459 715 ,
1481 683 1495 709 ὀ
1525 682 1665 717 στεγάζων
1697 682 1727 708 ὲν
1763 681 1841 708 ὕδασι
1869 679 1904 707 τὰ

1109 730 1222 766 ὑπερῷα
1237 729 1330 756 αὑτοῦ.
1345 739 1354 755 ι
1375 729 1461 756 Ὅταν
1474 726 1521 755 οὖν
1533 727 1655 762 λέγεται,
1668 735 1677 752 ι
1692 727 1724 754 Ol
1736 725 1846 762 οὐρανοὶ
1869 725 1906 751 δι-

1110 778 1240 814 ηγοῦνται
1257 777 1335 810 δόξαν
1354 775 1422 802 Θεοῦ
1432 783 1440 791 ·
1459 784 1469 801 ι
1488 773 1546 806 καὶ,
1560 783 1570 800 ‹
1590 773 1620 800 ὐ
1630 772 1733 808 Κύριος
1746 771 1809 802 τοὺς
1820 771 1906 805 οὐρα-

1111 825 1173 857 νοὺς
1189 825 1302 859 ἐποίησε
1313 831 1321 838 ⁸
1346 832 1355 849 ι
1373 823 1430 853 καὶ,
1448 831 1457 847 ι
1477 821 1567 856 Πάτερ
1584 819 1662 856 ἡμῶν
1679 819 1693 845 ὁ
1709 819 1737 845 ὲν
1754 819 1810 850 τοῖς
1823 817 1907 852 οὑρα-

1112 873 1178 903 νοίς.
1196 881 1205 897 ι
1221 871 1272 905 οὑχ
1287 869 1357 904 ὑπὲρ
1373 869 1404 895 τὸ
1426 868 1572 903 στερέωμα
1595 865 1738 901 νομιστέον
1758 863 1829 892 εἷναι
1842 864 1907 895 τοὺς

1113 916 1276 952 λεγομένους
1288 914 1432 951 οὐρανοὺς,
1449 913 1502 940 ὑπὸ
1520 913 1548 940 δὲ
1560 911 1639 939 τοῦτο
1662 910 1819 946 τυγχάνειν,
1838 917 1907 935 παν-

1114 962 1159 994 τὸς
1171 961 1218 989 τοῦ
1236 960 1340 996 μεταξὺ
1361 959 1413 994 γῆς
1440 957 1489 985 καὶ
1510 957 1558 984 τοῦ
1577 955 1779 992 περεὼματος,
1791 952 1908 989 οὐρανοῦ

1116 1008 1297 1044 καλουμένου,
1320 1007 1369 1034 καὶ
1384 1006 1423 1037 εἰς
1443 1004 1576 1040 οὐρανοὺς
1591 1003 1716 1034 πλείονας
1734 1001 1779 1029 διὰ
1792 1001 1823 1027 τὸ
1841 1000 1909 1035 ὕψος

1117 1053 1317 1090 διαιρουμένου.
1330 1051 1413 1079 Ὅθεν
1427 1051 1537 1084 λέγεται
1553 1050 1601 1076 καὶ¹
1616 1058 1625 1075 ι
1636 1047 1748 1075 πετεινά
1758 1046 1885 1082 οὐρανοῦ,
1897 1056 1906 1072 ι

1118 1100 1260 1128 τουτέστιν
1273 1099 1365 1135 ἀέρος.
1383 1097 1438 1125 Καὶ
1452 1098 1502 1133 τὴν
1518 1096 1600 1122 ἀσιδα
1611 1094 1641 1122 τὺ
1657 1094 1752 1130 ὖρνεον
1762 1094 1790 1120 έν
1802 1092 1910 1128 οὐρανῷ

1121 1156 1204 1183 φησιν
1235 1144 1372 1180 Ἱερεμίας
1396 1143 1542 1178 ὑπάρχειν.
1574 1140 1701 1168 Τοιοῦτόν
1718 1140 1792 1167 ἐστιν
1805 1139 1854 1166 καὶ
1868 1139 1909 1169 τὸ,

1122 1203 1131 1220 ι
1151 1192 1357 1220 Ἀναὸαίνουσιν
1371 1190 1424 1220 ἓως
1443 1189 1499 1215 τῶν
1521 1187 1654 1223 οὐρανῶν.
1678 1196 1687 1212 )
1709 1185 1764 1212 Καὶ
1790 1185 1911 1218 Μωῦσῆς

1119 1238 1239 1272 εὐλόγως
1254 1238 1287 1272 τῇ
1305 1236 1375 1271 φυλῇ
1390 1234 1437 1262 τοῦ
1453 1235 1553 1269 Ἰωσὴφ
1569 1233 1623 1260 ἀπὸ
1641 1231 1720 1268 ὡρῶν
1733 1231 1849 1267 οὑρινοῦ
1866 1232 1913 1258 καὶ

1119 1284 1214 1320 δρόσου
1231 1284 1278 1310 καὶ
1293 1282 1348 1310 ἀπὸ
1371 1281 1418 1308 τοῦ
1435 1280 1511 1316 ήλίου
1526 1279 1636 1315 τροπῶν
1662 1278 1707 1304 καὶ
1731 1277 1847 1304 συνόδων
1858 1286 1912 1312 μη-

1121 1331 1175 1357 νῶν
1189 1329 1237 1356 καὶ
1252 1329 1307 1355 ἀπὸ
1321 1327 1445 1363 κορυφῆς
1456 1327 1542 1362 ὀρέων
1557 1325 1604 1352 καὶ
1617 1324 1719 1360 βουνῶν
1737 1323 1855 1350 αἰωνίων
1863 1323 1914 1354 τὰς

1122 1376 1246 1411 εὐλογίας
1265 1375 1372 1402 δίδωσιν
1382 1381 1389 1389 ·
1404 1373 1442 1404 ὡς
1458 1373 1505 1399 τοῦ
1521 1372 1585 1406 περὶ
1597 1372 1649 1405 γῆν
1661 1371 1744 1396 τόπου
1760 1370 1804 1396 διὰ
1820 1369 1868 1404 τῆς
1883 1370 1914 1395 ὲν

1121 1424 1228 1453 τούτοις
1240 1421 1367 1454 εὐταξίας
1378 1418 1566 1453 εὐθυνομένου.
1576 1416 1658 1443 Ἀ).λᾶ
1674 1416 1721 1443 καὶ
1734 1417 1762 1442 ἐν
1774 1416 1833 1446 ταῖς
1849 1423 1915 1441 κατ-

1122 1470 1204 1505 άραις
1228 1468 1275 1495 τοῦ
1289 1466 1412 1502 Ἰσραὴλ,
1427 1475 1437 1491 ι
1454 1456 1565 1496 Ἔσται,
1575 1464 1670 1498 φησιν,
1683 1464 1696 1489 ο
1707 1462 1777 1497 ὑπὲρ
1794 1461 1915 1496 κεφαλῆς

1123 1515 1236 1552 οὐρανὸς
1255 1513 1384 1550 χαλκοῦς,
1403 1513 1451 1545 τὴν
1467 1510 1585 1544 παντελῆ
1602 1509 1735 1544 ξηρασίαν
1756 1507 1844 1543 δηλῶν
1868 1507 1917 1533 καὶ

1125 1561 1178 1588 τῶν
1195 1561 1296 1595 ἀερίων
1313 1559 1416 1585 ὑδάτων
1434 1557 1573 1590 ἐπίληψιν.
1593 1556 1675 1582 Ὅταν
1690 1552 1737 1581 οὖν
1754 1555 1786 1580 ἐκ
1801 1553 1856 1579 τῶν
1869 1553 1916 1578 οὐ-

283 1617 332 1646 per
351 1608 475 1636 debitum
493 1613 520 1636 et
540 1608 673 1635 decorum
695 1607 804 1634 illorum
828 1605 954 1633 ordinem
971 1606 1074 1641 guber-

1127 1608 1215 1644 ρανῶν
1228 1606 1360 1642 φέρεσθαι
1381 1605 1450 1641 λέγῃ
1468 1604 1575 1639 δρόσον,
1599 1603 1665 1637 περὶ
1681 1602 1786 1629 ὑδάτων
1802 1601 1917 1635 νοοῦμεν

284 1660 364 1683 netur
377 1659 405 1683 et
419 1658 600 1689 temperetur.
617 1652 755 1681 Similiter
769 1653 826 1688 agit
854 1653 881 1680 in
904 1659 1075 1680 commemo-

1126 1655 1177 1681 ὅσα
1200 1653 1252 1688 τὴν
1279 1653 1335 1679 ἄνω
1361 1651 1535 1678 διατέτακται
1550 1648 1642 1684 χώραν
1659 1648 1786 1682 κατέχειν
1802 1646 1918 1681 οὐρανὸν

283 1702 380 1730 randis
397 1700 644 1728 maledictionibus
659 1700 702 1726 vel
712 1699 973 1726 exsecrationibus:
993 1707 1002 1724 ι
1019 1698 1073 1726 Erit

1126 1699 1288 1735 λεγομένην.
1305 1698 1352 1729 Εἰς
1363 1697 1455 1733 τριτον
1467 1696 1496 1723 δὲ
1508 1695 1622 1730 οὐρανὸν
1645 1693 1788 1729 ἡρπάσθαι
1812 1692 1920 1724 Παῦλὸς

283 1748 398 1779 malum,
423 1747 495 1781 quod
512 1746 563 1773 tibi
589 1744 740 1780 impendet,
769 1752 876 1772 aaneum
893 1745 927 1776 '°,
943 1753 953 1771 ι
974 1744 1073 1779 quibu

1129 1754 1222 1782 φησιν,
1239 1746 1278 1776 εἰς
1291 1744 1337 1771 τὸν
1351 1742 1516 1779 παράδεισον
1532 1740 1694 1776 ἁρπασθεὶς,
1706 1739 1735 1765 ὃν
1750 1739 1803 1766 ὑπὸ
1818 1738 1849 1765 τὸ
1861 1746 1920 1764 στε-

284 1794 378 1821 verbis
393 1792 559 1827 signiﬁcavit
585 1797 722 1818 summam
740 1794 768 1818 et
792 1791 976 1817 universale-In
994 1790 1073 1817 sicci.

1130 1793 1225 1829 ρέωμα
1240 1790 1445 1825 πεφυτευμένον
1461 1787 1599 1820 ἐπέδειξεν
1610 1788 1624 1813 ὸ
1643 1785 1773 1821 Μωῠσῆς.
1790 1785 1838 1816 Εἰς
1853 1784 1921 1819 ὕψος

286 1844 382 1872 tatem,
400 1847 451 1866 nec
468 1845 525 1865 non
540 1839 623 1864 aeria:
645 1844 723 1872 aqua:
741 1836 892 1865 defectum.
907 1835 976 1864 Cum
993 1837 1073 1872 igitur

1128 1838 1158 1865 δὲ
1171 1838 1283 1873 ἀνήκειν
1305 1835 1387 1862 αὑτὸν
1409 1832 1539 1868 Ἱεζεκιὴλ
1557 1831 1751 1867 ἐμαρτύρησεν
1764 1831 1827 1865 ὅρος
1839 1829 1921 1856 αὑτὸν

285 1884 415 1913 ostendat
436 1891 470 1911 ex
494 1883 573 1911 caelis
597 1883 734 1910 distillare
757 1889 868 1915 rorem,
888 1882 923 1910 dc
937 1883 1017 1917 aquis
1030 1890 1073 1910 ca-

1132 1882 1271 1919 ὀνομάσας
1287 1880 1366 1907 Θεοῦ.
1383 1877 1429 1910 Εἷς
1442 1876 1489 1905 οὗν
1507 1878 1620 1913 οὐρανὸς
1634 1877 1664 1904 τὸ
1677 1876 1831 1912 στερέωμα.

285 1932 416 1968 piendum
439 1935 481 1959 est
500 1939 562 1966 qua;
578 1938 662 1966 supra
677 1938 728 1959 nos
744 1931 772 1958 in
792 1931 866 1958 aeria
889 1931 1003 1966 regione
1017 1936 1172 1964 morantur,
1190 1935 1218 1959 et
1254 1935 1282 1957 ιιι
1315 1935 1471 1964 supremam
1513 1927 1663 1961 regionem,
1698 1933 1759 1960 qua:
1782 1923 1844 1951 cmli
1871 1932 1908 1951 no

287 1987 351 2007 men
371 1978 482 2009 meruit,
496 1977 657 2004 contineant
670 1980 698 2005 et
713 1977 835 2012 undique
857 1978 1070 2013 amplectantur.
1089 1979 1194 2007 Paulus
1213 1976 1281 2004 dicit
1298 1976 1325 2003 in
1345 1975 1456 2002 tertium
1475 1981 1505 2000 se
1531 1977 1640 2007 raptum
1654 1979 1716 1999 esse
1748 1971 1850 1998 cmlum
1883 1968 1922 1986 Τ

287 2027 315 2054 id
342 2030 384 2054 est
406 2025 577 2061 paradisum,
594 2024 642 2058 qui
659 2024 757 2051 hortus
778 2023 849 2050 inl‘ra
869 2011 1073 2052 ﬁrmamentum
1095 2024 1208 2056 colitur,
1225 2026 1255 2049 ut
1270 2021 1379 2048 videtur
1393 2020 1494 2047 docere
1515 2018 1691 2052 Moseszqua
1712 2017 1746 2044 de
1780 2024 1810 2044 re
1847 2011 1923 2049 dict-1

287 2077 334 2099 tur
357 2071 440 2099 infra.
463 2070 521 2098 lmo
540 2074 568 2098 et
584 2069 713 2097 Ezechiel
739 2069 862 2105 paradisi
884 2073 967 2097 situm
985 2071 1013 2098 in
1047 2071 1166 2099 sublime
1187 2069 1303 2098 tendere
1327 2072 1446 2096 testatur
1461 2067 1496 2098 ",
1520 2065 1585 2093 dum
1619 2073 1682 2093 eum
1724 2065 1832 2091 hortum
1868 2070 1922 2091 non

288 2118 397 2145 dubitat
418 2116 558 2151 appellare
576 2119 695 2142 montem
713 2114 770 2142 Dei.
794 2114 843 2142 Est
856 2115 939 2150 igitur
956 2120 984 2144 et
1005 2116 1210 2144 ﬁrmamentum
1230 2114 1387 2150 ponendum
1402 2120 1488 2140 unum
1503 2112 1615 2139 caelum.

325 2166 395 2193 Sunt
409 2165 455 2199 qui
474 2164 618 2198 perhibent
645 2164 708 2198 ejus
734 2167 863 2191 naturam
879 2164 958 2192 nobis
979 2172 1076 2199 parum

289 2218 352 2239 esse
368 2211 507 2245 cognitam
521 2215 548 2238 et
562 2214 743 2244 compertam,
767 2211 895 2245 quamvis
909 2210 953 2238 via
971 2210 1082 2245 pervul-

291 2261 354 2293 gata
380 2257 504 2283 onmium
529 2255 722 2290 theologorum
744 2263 778 2283 ex
806 2263 877 2291 aqua
905 2261 1081 2291 compactum

291 2311 355 2332 esse
371 2303 508 2330 tradatur.
527 2302 582 2329 Nec
595 2303 707 2334 desunt.
726 2302 774 2337 qui
789 2308 934 2341 autumant
951 2303 1012 2338 ejus
1026 2311 1084 2330 ma-

291 2349 392 2376 torium
409 2355 472 2375 esse
493 2354 603 2381 aquam.
619 2351 646 2373 et
656 2346 824 2378 subsistere,
837 2346 892 2374 Deo
907 2347 932 2374 id
950 2349 1085 2376 formante

293 2399 322 2422 et
338 2396 536 2428 componente.
570 2391 623 2426 19
645 2392 700 2418 Alii
715 2391 816 2418 docent
829 2392 927 2419 saltem
944 2401 1006 2420 esse
1023 2401 1086 2428 par-

295 2446 348 2468 tem
372 2439 520 2474 quatudam
547 2445 635 2473 aqua).
667 2437 785 2470 Quidam
814 2438 963 2472 afﬁrmant,
993 2439 1087 2466 ﬁrma-

295 2489 419 2513 mcututn
449 2487 642 2511 constructum
671 2491 732 2510 esse
762 2491 795 2510 ex
834 2484 916 2511 tertia
953 2492 1085 2518 aquarum

295 2535 385 2568 parte,
403 2530 467 2558 aliis
479 2531 587 2558 duabus
604 2530 730 2565 partibus
747 2530 836 2558 altera
851 2530 877 2557 in
895 2534 982 2562 terra,
999 2531 1086 2558 altera

295 2587 379 2614 supra
411 2579 616 2605 ﬁrmamentum
644 2577 745 2605 ﬂuente

296 2626 389 2661 lingua
414 2629 592 2660 nuncupetur
617 2624 761 2656 chamat‘m,
781 2632 843 2659 qua:
864 2624 951 2652 dictio
970 2626 1088 2660 crystal-

296 2675 352 2701 lum
369 2673 410 2700 vel
426 2680 524 2705 aquam
545 2672 716 2708 congelatam
739 2673 864 2700 denotat.
882 2672 951 2700 Cum
976 2679 1008 2700 ea
1024 2680 1087 2708 pars

297 2719 480 2750 ﬁrmamenti,
505 2726 567 2754 quae
593 2727 644 2747 nos
663 2719 789 2753 respicit.
815 2720 851 2747 sit
872 2726 1005 2750 concava.
1024 2718 1087 2753 qui-

296 2768 361 2794 dam
380 2766 513 2802 colligunt
527 2771 679 2794 extremam
695 2765 738 2793 vel
750 2773 887 2793 summam
905 2766 966 2800 ejus
984 2769 1088 2800 partem

1166 2165 1222 2192 Καὶ
1236 2164 1261 2191 οἱ
1278 2163 1329 2199 μὲν
1346 2160 1428 2193 αὑτοῦ
1453 2162 1503 2197 τὴν
1515 2160 1610 2187 οὐσίαν
1626 2158 1724 2193 ἄδηλον
1738 2155 1807 2184 εἶναι
1829 2165 1922 2191 φασιν,

1131 2210 1185 2238 κᾶν
1199 2208 1229 2242 ὲξ
1243 2210 1348 2236 ὑδάτων
1359 2206 1429 2234 εἶναι
1444 2206 1528 2238 δοκεῖ,
1543 2205 1613 2231 κατά
1626 2203 1675 2239 τὴν
1692 2204 1785 2238 κοινὴν
1796 2202 1921 2237 έκόοχήν·

1133 2256 1158 2283 οἱ
1169 2256 1197 2283 δὲ
1212 2255 1260 2283 καὶ
1275 2254 1306 2288 te
1324 2253 1429 2281 ὑδάτων
1440 2252 1523 2279 αὑτὸν
1538 2250 1710 2277 ὑποτίθενται
1728 2248 1864 2281 πήξαντος
1877 2247 1924 2274 τοῦ

1134 2302 1219 2329 Θεοῦ·
1235 2303 1259 2328 oi
1274 2301 1323 2337 μέν
1336 2308 1405 2335 φασι
1419 2300 1501 2335 μέρος
1518 2297 1623 2328 ἁπλῶς,
1634 2297 1658 2322 οἱ
1673 2295 1701 2322 δὲ
1718 2296 1764 2321 καὶ
1777 2295 1868 2330 τριτον
1877 2293 1926 2320 τοῦ

1137 2349 1244 2380 ὓδατος,
1259 2348 1315 2374 τῶν
1329 2346 1432 2373 λοιπῶν
1447 2345 1494 2372 δύο
1513 2344 1604 2380 μερῶν
1616 2342 1664 2369 τοῦ
1679 2342 1728 2378 μὲν
1742 2341 1819 2372 ὄντος
1835 2341 1865 2367 ἐν
1879 2341 1926 2375 γῇ,

1135 2394 1184 2421 τοῦ
1201 2395 1230 2421 δὲ
1246 2394 1317 2428 ὑπὲρ
1331 2392 1362 2419 τὸ
1376 2392 1530 2427 στερέωμα,
1543 2390 1605 2417 ὅθεν
1623 2390 1670 2416 καὶ
1681 2388 1807 2422 λέγεσθαι
1823 2386 1928 2422 σουμὴν

1139 2439 1252 2476 (animi)
1266 2438 1401 2474 Ἐϐραίων
1410 2438 1498 2472 φωνῇ,
1511 2436 1583 2470 ὓδωρ
1593 2434 1690 2469 δηλοῦν
1701 2433 1839 2468 πεπηγός·
1847 2441 1928 2466 σφαι-

1141 2484 1259 2520 ροειδοῦς
1285 2484 1314 2511 δὲ
1341 2482 1390 2510 τοῦ
1420 2483 1489 2518 πρὸς
1511 2482 1585 2517 ἡμᾶς
1611 2481 1711 2516 μέρους
1735 2480 1904 2514 ὑπάρχοντος
1920 2499 1927 2510 ,

1140 2531 1246 2564 ἀξιοῦσι
1255 2539 1326 2562 τινες
1334 2529 1462 2564 τοιαύτην
1471 2527 1541 2555 εἶναι
1553 2528 1600 2554 καὶ
1608 2527 1659 2562 τὴν
1667 2527 1744 2557 ἐκτὸς
1757 2526 1929 2559 ἐπιφάνειαν,

771 2587 777 2605 :
809 2578 881 2605 unde
909 2577 1073 2605 Hebraeoruu

1140 2578 1177 2609 ὼς
1190 2577 1319 2611 αἰσθητὸν
1332 2576 1404 2611 ὕδωρ
1415 2576 1452 2610 μὴ
1466 2574 1597 2602 δύνασθαι
1629 2574 1771 2609 περιρρεῖν
1784 2572 1840 2606 γὰρ
1851 2570 1932 2598 τοῦτο

1141 2624 1209 2659 πρὸς
1227 2623 1261 2650 τὰ
1278 2622 1356 2649 κοῖλα
1381 2621 1551 2656 φερόμενον·
1578 2620 1648 2655 πρὸς
1673 2618 1720 2649 οὓς
1744 2617 1933 2651 ἀντιλέγουσιν

1141 2670 1241 2704 ἕτεροι,
1271 2669 1308 2700 ὡς
1332 2668 1409 2695 οὐδὲν
1435 2666 1540 2693 ἔνδοθεν
1561 2665 1678 2692 κωλύσει
1692 2665 1838 2700 τυγχάνειν
1855 2671 1934 2698 περι-

1142 2717 1224 2751 φερῆ,
1238 2714 1369 2742 ἐπιπέδου
1391 2713 1442 2748 τῆς
1471 2712 1523 2745 ἔξω
1549 2711 1739 2746 τυγχανούσης
1754 2709 1916 2744 ἐπιφανείας
1928 2718 1934 2725 ·

1143 2762 1296 2797 ὑπόδειγμα
1312 2761 1381 2797 πρὸς
1397 2760 1476 2787 τοῦτο
1492 2760 1541 2791 τὰς
1556 2758 1650 2789 Οόλους
1666 2758 1712 2784 καὶ
1734 2756 1770 2783 τὰ
1797 2755 1937 2792 περιφερῆ

326 2856 350 2873 ⁵³
385 2856 459 2885 Psal.
486 2857 626 2887 cxttt.16.
663 2857 686 2873 ⁵*
704 2856 779 2884 Psal.
800 2863 859 2887 ctu.
879 2855 907 2883 2.
940 2855 962 2872 ⁸³
990 2854 1064 2883 Psal.
1079 2861 1157 2884 xvm,
1178 2853 1204 2880 l.
1234 2851 1256 2868 “
1277 2851 1350 2879 Psal.
1366 2857 1426 2887 xcv,
1445 2850 1471 2887 5.
1504 2848 1526 2864 "
1555 2847 1652 2887 Matth.
1666 2855 1716 2887 vi:
1731 2848 1758 2875 9.
1790 2847 1812 2864 “⁸
1832 2845 1924 2874 Jeit‘m

301 2899 359 2926 mi.
377 2883 461 2920 7.39
477 2883 682 2925 I’isal.'cvl,‘26.
715 2883 736 2909 αδ
753 2891 833 2919 Deut.
852 2883 949 2923 inut,
963 2891 1010 2922 ‘13,
1045 2890 1066 2906 ⁸³

1125 2888 1186 2915 Uor.
1206 2896 1243 2915 xu
1275 2887 1303 2914 2.
1341 2886 1364 2902 ⁵⁸
1379 2886 1477 2913 Elecb.
1498 2883 1666 2917 SX\tlI,15,
1685 2883 1726 2912 l6.
