2072 3157
196 164 232 195 69
744 160 1012 191 COMMENTARII
1028 161 1070 191 IN
1085 160 1262 191 GENESIN.
1795 164 1832 197 70

197 219 252 246 τῶν
262 217 369 254 ἄντρων
382 217 567 253 προφέροντες
577 223 584 231 ·
597 216 621 243 εἰ
637 215 666 242 δὲ
681 214 719 250 μὴ
735 216 836 251 σφαῖρα
849 215 984 251 καθέστη-

1039 222 1099 243 esse
1118 222 1273 243 convexam
1291 225 1297 243 :
1314 216 1410 252 itaque
1429 216 1602 252 impossibile
1618 225 1691 250 esse.
1709 222 1740 246 ut
1761 225 1832 254 aqua

197 275 256 299 κεν,
265 265 328 292 οὐδὲ
344 264 451 299 κίνησιν
465 263 522 299 ἔχει
531 263 577 290 καὶ
589 261 639 298 τὴν
652 260 745 297 κῦκλῳ
755 260 852 297 φορὰν,
868 261 898 287 ἐν
911 260 986 296 μέσῳ

171 327 174 329 λ
195 313 225 341 δι
243 313 300 340 τῶν
313 312 418 340 ὑδάτων
434 312 606 346 ἐστήρικται,
624 308 753 343 καθάπερ
769 308 785 342 ἠ
802 308 849 343 γῆ,
865 307 896 333 τδ
913 307 985 342 ὕδωρ

195 359 300 393 ἀνέχων
318 358 389 392 ὑπὲρ
400 357 484 383 αὐτὸν
498 356 527 383 ὲν
546 354 668 390 ἀκινήτῳ
688 354 722 389 τῇ
743 353 853 380 στάσει·
871 353 895 379 εἰ
910 352 938 379 δὲ
955 351 985 378 τὺ

195 403 326 430 ὑποκάτω
338 402 387 430 τοῦ
401 401 519 438 οὐρανοῦ
535 400 656 436 βιάζοιτό
676 408 719 431 τις
742 399 854 426 ἀκούειν
868 398 906 430 ὡς
917 398 984 425 ὐπο-

194 451 270 476 κάτω
277 449 324 475 τοῦ
332 448 522 484 ἡμισφαιρίου,
531 446 638 481 ἀνάγκη
645 446 687 479 rb;
693 455 702 472 ι
708 445 905 480 Συναχθήτωτδ
913 444 984 480 ὕδωρ

193 495 226 522 τδ
240 495 370 522 ὑποκάτω
383 493 430 520 τοῦ
449 492 577 529 οὐρανοῦ,
594 502 604 519 1
626 493 669 519 ἐπ’
683 493 785 526 ἀμφοῖν
798 491 913 519 ἀκοῦσαι
929 491 984 518 τῶν

192 541 349 576 λεγομένων
360 539 566 576 ἡμισφαιρίων·
582 538 627 566 ῐνα
644 537 682 574 μή
700 537 758 573 ,ὑπὸ
777 536 816 572 τῷ
828 536 984 572 φαινομένῳ

193 587 257 615 καθ’
271 587 346 622 ἡμᾶς
365 587 455 621 μόνον,
470 584 539 612 ἀλλὰ
553 584 603 612 καὶ
619 585 672 611 ὑπὸ
685 583 724 619 τῷ
741 583 827 620 ἑτέρῳ
848 583 983 615 θαλάσσας

194 633 384 668 συναγομένας
395 633 548 667 νοήσωμεν.
563 630 624 658 Ὀτι
638 630 668 657 δὲ
678 631 753 657 πᾶσα
767 631 784 666 ή
795 630 832 665 γῆ
844 629 905 656 καθ’
918 628 983 656 ὑδά-

193 687 248 706 των
259 679 370 714 ἕστηκε,
387 678 436 704 καὶ
451 677 529 705 οὐδέν
540 678 615 704 ἐστιν
628 676 681 704 ὑπὸ
692 676 742 712 τὴν
759 676 810 711 γῆν
821 676 904 711 μέρος
920 675 984 702 ὑδά-

192 733 250 752 των
263 725 365 760 γυμνὸν
375 724 413 756 ὡς
424 723 495 759 ὑπὲρ
510 723 562 758 γῆς
576 722 731 760 θεωρεῖται,
743 721 832 756 δῆλον·
845 721 905 756 «Τῷ
922 729 982 748 στε-

196 771 332 807 ρεώσαντι
342 769 407 805 γὰρ,
423 770 502 805 φησὶ,
519 769 569 804 τὴν
583 769 635 804 γῆν
650 768 697 796 ἐπὶ
712 768 743 795 τὺ
751 768 837 803 ὓδωρ·
847 767 895 794 καὶ
903 767 983 799 αὐτὸς

192 817 242 844 ὲπὶ
257 816 400 843 θαλασσῶν
414 815 597 850 ἑθεμελίωσεν
618 814 712 850 αὐτὴν,
726 814 775 841 καὶ
788 815 835 840 ἐπὶ
852 813 983 849 ποταμῶν

193 863 345 898 ἡτοίμασεν
354 861 440 896 αὐτήν
449 869 457 877 ⁸
468 870 478 887 1
491 860 571 896 μόνον
583 860 673 896 ἀρα,τὺ
682 859 744 887 καθ’
755 860 829 896 ἡμᾶς
839 860 984 895 πρόσωπον

1036 261 1073 289 ibi
1089 264 1256 303 commorari
1278 262 1389 297 possit;
1405 270 1469 290 nam
1497 271 1557 291 eam
1588 271 1697 299 semper
1716 272 1748 292 ex
1771 265 1831 292 edi-

1035 308 1155 336 tioribus
1178 308 1248 336 locis
1264 309 1354 336 solere
1376 310 1405 337 in
1420 309 1507 338 valles
1523 314 1550 338 et
1565 317 1700 338 cavernas
1718 312 1830 338 collabi.

1035 352 1086 380 His
1107 353 1155 380 alii
1181 360 1212 381 se
1241 358 1385 388 opponunt
1415 354 1563 383 dicentes:
1584 355 1653 383 nihil
1682 363 1765 391 posse
1781 357 1831 383 ob-

1035 402 1120 430 stare.
1141 398 1222 434 quin,
1250 399 1317 427 licet
1334 399 1451 427 interior
1467 408 1531 436 pars
1545 401 1582 428 sit
1604 408 1736 432 concava.
1754 407 1830 429 exte-

1033 443 1094 470 rior
1113 444 1149 471 sit
1174 444 1286 480 planitie
1312 446 1472 480 conspicua.
1497 446 1626 482 Exempla
1660 447 1828 482 producunt.

1033 497 1095 525 qua!
1115 494 1247 525 petuntur
1270 498 1285 518 a
1313 492 1429 519 mactris
1449 493 1586 527 pistorum
1605 496 1632 520 et
1652 501 1667 519 a
1702 495 1830 521 cavernis

1033 540 1126 569 terrae,
1152 544 1215 572 quae
1245 537 1358 572 quidem
1383 537 1456 565 intra
1482 538 1586 566 habent
1610 541 1826 572 concavitatem.

1034 582 1083 610 sed
1109 585 1189 609 extra
1213 582 1381 618 plerumque
1398 587 1464 611 sunt
1487 584 1570 618 plana
1586 584 1734 619 superﬁcie
1760 593 1829 613 con-

1033 632 1127 656 tentae.
1143 628 1172 656 Si
1185 632 1278 656 autem
1296 629 1361 656 ouili
1380 628 1467 664 ﬁgura
1484 637 1539 657 non
1559 630 1694 664 sphaerica
1714 634 1767 662 est.
1781 631 1829 658 de-

1034 673 1152 700 struitur
1167 677 1242 700 motu
1261 677 1288 700 et
1313 674 1341 700 in
1364 674 1460 708 primis
1475 675 1618 702 circulari.
1648 675 1782 703 Caeterum
1800 677 1828 703 in

1034 718 1125 746 medio
1148 727 1285 754 aquarum
1309 720 1445 751 constitit,
1472 721 1554 748 siculi
1577 725 1605 748 et
1630 726 1716 753 terra.
1743 723 1828 751 susti-

1033 772 1104 792 nens
1120 772 1203 800 supra
1219 773 1249 792 se
1269 772 1358 800 aquas
1378 765 1512 793 immobili
1536 767 1667 795 statione.
1684 767 1785 795 Verum
1804 769 1827 796 si

1035 810 1097 844 quis
1114 814 1242 845 torqueat
1268 810 1326 837 haec
1341 811 1447 838 verba:
1477 812 1550 839 inter
1566 820 1653 847 aquas
1677 821 1738 848 quae
1760 818 1827 842 sunt

1033 856 1086 884 sub
1102 857 1185 888 coelo,
1200 861 1255 884 ctc.
1266 877 1274 889 ,
1289 861 1316 884 et
1331 857 1396 885 Velit
1412 857 1486 886 hunc
1499 866 1611 887 sensum
1628 860 1738 892 elicere,
1750 862 1827 888 scili-

190 909 242 943 τῆς
251 908 303 943 γῆς
312 907 458 934 ἀκουστέον
469 908 498 934 ὲν
508 906 573 942 τῷ,ι
586 905 750 941 Συναχθήτω
759 905 790 932 τὸ
801 905 872 941 ὕδωρ
885 904 916 931 τὸ
924 905 984 931 ὑπο‹

1039 905 1080 928 cet
1093 901 1166 929 inter
1176 909 1263 937 aquas
1278 910 1340 938 quae
1359 907 1424 930 sunt
1448 903 1499 931 sub
1527 903 1734 939 hemisphaerio,
1751 910 1826 933 certe

191 955 270 981 κάτω
282 954 331 980 τοῦ
349 953 464 989 οὐρανοῦ
481 953 520 984 εις
540 951 701 988 συναγωγὴν
719 951 800 987 μίαν·
818 961 828 977 1
845 952 891 978 καὶ
904 951 984 986 μόνον

190 999 238 1024 τὶν
259 998 330 1032 ὑπὲρ
347 998 421 1033 ἡμᾶς
435 996 584 1032 ὁρώμενον,
599 997 717 1032 ἡγητέον
731 996 855 1032 οὐρανὸν,
878 993 900 1030 ᾧ
918 1005 985 1032 συμ-

191 1044 311 1078 ϐέϐηκεν
321 1043 483 1071 ὑποκεῖσθαι
496 1043 575 1079 τήνδε
586 1044 636 1079 τὴν
647 1043 809 1078 οἰκουμένην
819 1051 825 1058 ·
842 1044 985 1070 ἀντοικου-

192 1090 279 1124 μένην
291 1090 319 1116 δὲ
336 1090 389 1116 ὑπδ
408 1089 458 1124 τῆς
469 1090 522 1125 γῆς
534 1090 663 1125 οὐδεμίαν
676 1087 745 1116 εἶναι
757 1089 931 1124 πιστεύομεν.
950 1090 985 1116 Ἣ

190 1136 247 1171 γὰρ
259 1136 293 1162 ἃν
308 1136 388 1162 κάκεῖ
408 1135 527 1171 Χριστὸς
551 1136 719 1172 ἐπεδήμησε.
734 1137 782 1163 καὶ
802 1136 836 1164 τά
853 1136 935 1163 λοιπὰ
950 1137 984 1162 τὰ

190 1183 258 1217 παρ’
270 1182 337 1217 ἡμῖν
348 1181 518 1217 ἀπήντηκεν,
530 1182 548 1217 ὴ
562 1182 752 1218 παραπλήσια,
768 1182 816 1208 καὶ
834 1182 929 1217 Ἀδὰμ,
941 1182 987 1209 καὶ

191 1227 265 1261 όφις.
277 1227 326 1254 καὶ
343 1228 367 1254 sl
383 1227 459 1262 τύχοι
470 1227 673 1263 κατακλυσμός.
697 1227 734 1254 Τὸ
747 1227 776 1254 δὲ
790 1227 842 1254 ὑπὸ
854 1228 906 1262 γῆν
915 1227 988 1264 ὕδωρ

195 1274 301 1309 ἄδηλον,
319 1273 374 1300 εἴτε
389 1273 530 1309 μετέωρον
550 1273 702 1309 ἀνήρτηται
715 1273 830 1309 δυνάμει
843 1274 890 1300 τοῦ
906 1274 985 1307 Θεοῦ,

193 1319 247 1345 εἴτε
264 1318 312 1345 ὲπὶ
329 1317 485 1353 πνεύματος
499 1319 616 1353 ὀχεῖται.

1035 952 1178 982 sequetur.
1210 951 1239 974 ιιι
1265 948 1411 976 credamus
1434 956 1491 976 non
1520 949 1608 976 solum
1639 957 1737 985 aquas,
1765 959 1826 986 qua:

1036 999 1115 1021 erant
1132 994 1183 1021 sub
1200 994 1302 1021 visibili
1319 995 1402 1027 cmlo,
1415 995 1465 1022 sed
1481 1003 1542 1030 quae
1555 999 1635 1022 erant
1651 1003 1759 1031 quoque
1774 997 1826 1024 sub

1037 1039 1182 1072 invisibili,
1202 1040 1229 1067 in
1249 1047 1329 1066 unam
1356 1040 1560 1072 collectionem,
1577 1048 1639 1075 quae
1666 1048 1741 1069 mare
1759 1050 1827 1069 nun-

1037 1090 1165 1121 cupatur.
1184 1086 1370 1114 conﬂuxisse:
1387 1091 1415 1114 ct
1430 1086 1471 1114 sic
1485 1087 1518 1114 de
1533 1091 1653 1122 utroque
1665 1087 1826 1122 hemisphae-

1037 1132 1080 1159 rio
1097 1132 1145 1159 illa
1161 1133 1243 1160 verba
1269 1133 1469 1168 intelligentur.
1494 1132 1573 1166 Quod
1588 1137 1681 1160 autem
1697 1134 1825 1161 universa

1035 1181 1111 1205 terra
1137 1177 1166 1205 in
1197 1179 1279 1213 aquis
1301 1177 1450 1211 subsistat,
1479 1185 1531 1204 nec
1552 1177 1607 1204 ulla
1623 1177 1659 1205 sit
1672 1185 1737 1212 pars
1753 1177 1825 1212 ejus,

1034 1233 1096 1260 quae
1112 1224 1185 1252 infra
1208 1232 1259 1252 nos
1282 1225 1335 1252 sita
1351 1229 1405 1256 est,
1430 1225 1512 1260 aquis
1526 1231 1612 1252 vacua
1631 1229 1658 1252 et
1673 1224 1824 1257 denudata,

1035 1271 1164 1299 omnibus
1188 1276 1284 1298 notum
1316 1278 1389 1298 reor.
1405 1269 1472 1297 Nam
1495 1270 1537 1297 sic
1563 1270 1643 1297 docet
1661 1269 1823 1305 Scriptura:

1039 1327 1048 1344 1
1064 1317 1117 1350 Qui
1142 1317 1274 1352 expandit
1301 1320 1404 1343 terram
1434 1324 1518 1351 super
1543 1323 1631 1351 aquas
1646 1316 1679 1343 ".
1700 1325 1709 1342 1
1728 1315 1760 1342 Et
1774 1317 1825 1344 ite-

192 1374 253 1394 rum
269 1375 276 1394 :
294 1376 304 1392 ι
320 1366 390 1400 Quia
414 1366 474 1401 ipse
500 1373 584 1401 super
611 1365 698 1393 maria
726 1365 851 1393 fundavit
870 1373 942 1398 eam,
958 1371 985 1394 et
1004 1373 1089 1400 super
1121 1364 1234 1392 ﬁumina
1257 1364 1421 1399 praeparavit
1458 1371 1518 1391 eam
1538 1363 1572 1390 ⁵⁸.
1600 1372 1610 1389 1
1640 1362 1704 1390 Sola
1730 1363 1823 1397 itaque

192 1418 275 1441 terrae
295 1413 472 1448 superﬁcies,
494 1421 555 1449 quae
570 1420 656 1449 penes
673 1421 726 1442 nos
739 1419 793 1446 est,
809 1414 983 1450 intelligitur,
1004 1414 1068 1442 dum
1086 1414 1144 1441 ait:
1171 1423 1181 1440 ι
1203 1413 1414 1448 Congregentur
1437 1419 1517 1447 aquae
1537 1412 1589 1439 sub
1624 1412 1702 1439 caelis
1726 1411 1753 1438 iu
1786 1411 1826 1437 lo-

191 1468 256 1487 cum
277 1453 372 1487 unum.
402 1469 412 1486 1
431 1459 566 1487 Similiter
592 1461 692 1488 coelum
719 1460 766 1488 hic
788 1461 979 1496 accipiendum
999 1465 1042 1489 est
1065 1469 1116 1496 pro
1134 1461 1318 1492 ﬁrmamento,
1338 1460 1411 1495 quod
1443 1459 1524 1486 nobis
1547 1464 1661 1495 apparet
1684 1464 1712 1486 et
1747 1463 1826 1485 terrae

191 1506 347 1541 impendet.
359 1504 417 1533 Nec
434 1504 513 1533 decet
528 1509 557 1532 ut
579 1506 728 1533 credamus
747 1506 871 1542 aliquam
883 1510 985 1534 terram
1006 1507 1079 1534 inl'ra
1095 1514 1146 1534 nos
1161 1507 1215 1534 coli
1236 1510 1334 1533 nostro
1350 1506 1412 1533 orbi
1429 1505 1597 1540 oppositam.
1621 1505 1688 1532 Nam
1722 1504 1745 1532 si
1776 1512 1827 1531 an-

193 1554 304 1588 tipodes
325 1554 430 1587 forent,
455 1558 532 1582 certe
559 1553 690 1582 Christus
724 1562 758 1583 eo
781 1563 895 1591 quoque
926 1555 1068 1590 prolectus
1101 1560 1187 1588 esset.
1208 1559 1236 1583 et
1268 1559 1379 1586 caetera,
1409 1561 1470 1589 quae
1484 1554 1623 1588 pertinent
1647 1554 1680 1581 ad
1709 1553 1825 1581 salutem

192 1600 307 1628 humani
338 1600 459 1636 generis,
488 1600 525 1627 ibi
558 1601 720 1635 peric-cisset
739 1601 848 1632 ;Adam
881 1602 991 1636 generis
1010 1602 1100 1629 nostri
1127 1602 1217 1636 prima
1233 1602 1321 1635 origo.
1339 1608 1456 1635 serpens
1476 1600 1523 1634 qui
1555 1599 1706 1633 humanum
1740 1607 1827 1634 genus

192 1648 259 1677 dolo
271 1647 467 1679 circumvenit.
484 1648 615 1676 nimirum
650 1653 677 1676 et
712 1649 847 1677 diluvium
880 1657 966 1684 penes
999 1650 1156 1685 oppositam
1180 1649 1320 1686 regionem
1358 1649 1545 1677 exstitissent.
1594 1649 1730 1675 Caeterum
1755 1655 1826 1682 aqua

191 1701 256 1729 qua
272 1693 344 1721 tnl'ra
363 1700 415 1721 nos
428 1692 525 1726 l'ertur,
541 1700 575 1720 an
590 1693 720 1722 sublimis
741 1694 859 1730 pendeat
873 1695 900 1722 id
916 1699 1086 1729 procurante
1111 1695 1206 1723 divina
1245 1695 1360 1729 virtute,
1386 1694 1430 1722 vel
1475 1697 1558 1721 vento
1583 1693 1716 1726 vehatur,
1733 1693 1826 1722 incer-

193 1745 252 1767 tum
271 1743 324 1767 est.

229 1786 379 1822 Στερέωμα
393 1785 423 1813 δέ
435 1795 502 1821 φασι
516 1786 657 1814 καλεῖσθαι
672 1786 719 1814 τὸν
729 1786 854 1823 οὐρανὸν,
868 1787 885 1823 ἢ
900 1788 937 1819 ὡς
952 1787 982 1820 ἐξ

1068 1786 1286 1814 Firmamentum
1307 1791 1398 1814 autem
1420 1786 1516 1814 dicunt
1532 1786 1687 1820 nuncupari
1707 1787 1822 1814 caelum.

191 1833 302 1868 ἁπαλῆς
317 1832 438 1867 παγέντα
448 1832 494 1860 τοῦ
509 1832 605 1864 ὓδατος
619 1833 738 1868 φύσεως,
750 1833 766 1868 ἢ
781 1834 850 1868 πρὸς
868 1833 984 1860 ἀντιδια-

193 1879 292 1914 στοὶήν
305 1879 357 1913 τῆς
367 1878 421 1905 τῶν
436 1878 645 1914 ὑπερκειμένων
656 1879 773 1914 φύσεως,
789 1879 889 1914 λεπτῆς
901 1879 984 1915 οὔσης

193 1925 243 1952 καὶ
257 1925 358 1959 ἀραιᾶς
372 1924 421 1950 καὶ
435 1924 498 1951 οὐδὲ
513 1925 562 1960 μιᾷ
572 1924 933 1960 αἰσθήσεικαταληπτῆς.Τὺ
944 1924 982 1957 δὲ,

196 1980 207 1995 ι
219 1971 264 1997 Ἐν
272 1971 349 2006 μέσῳ
360 1971 407 1997 τοῦ
419 1970 525 2002 ὓδατος,
538 1971 612 2006 »ἴσην
618 1970 694 2006 δηλοῖ
699 1971 748 2006 τὴν
755 1971 808 1998 τῶν
815 1971 984 2007 ἑκατέρωθεν

193 2017 299 2044 ὑδάτων
306 2017 614 2053 διαὶρεσιν·λέγειγάρ·
628 2027 637 2043 ι
653 2018 743 2044 Ἔστω
754 2017 916 2053 διαχωριζον
931 2018 983 2045 ἀνὰ

195 2062 280 2096 μέσον
288 2062 382 2093 ὓδατος
390 2062 436 2088 καὶ
444 2061 540 2093 ὕδατος
546 2070 554 2078 ⁸
561 2071 571 2089 1
583 2062 747 2097 προσεκτέον
756 2062 794 2095 δὲ,
803 2063 885 2097 φασὶν
891 2082 899 2095 ,
910 2063 984 2095 ὅπως

193 2109 241 2135 ἐπὶ
256 2108 416 2144 διδασκαλίᾳ
429 2108 484 2135 τῶν
508 2109 630 2143 ἀοράτων
653 2108 762 2143 φύσεων
790 2107 878 2144 ήτῶν
898 2107 984 2135 ὄντων

192 2154 308 2188 γέγονεν
332 2154 408 2186 τάξις
419 2163 427 2170 ·
443 2154 477 2186 ἃς
488 2155 573 2190 ὲχρῆν
588 2154 633 2181 διὰ
648 2154 702 2181 τῶν
717 2155 869 2190 γινομένων
888 2155 983 2190 μαθεῖν

192 2201 240 2226 τὸν
254 2200 436 2235 Δημιουργὺν,
445 2201 492 2227 καὶ
506 2200 643 2228 διδάσκειν
654 2201 718 2232 τοὺς
730 2201 799 2236 μετά
808 2201 896 2228 ταῦτα
907 2210 984 2236 γενο-

195 2246 294 2281 μένους
306 2247 323 2282 ὴ
328 2247 391 2281 μᾶς.
406 2246 486 2273 Κατά
507 2247 561 2282 γὰρ
573 2247 621 2274 τὸν
635 2247 771 2283 μακάριον
796 2248 902 2275 Παῦλον
915 2248 984 2284 πρὸς

193 2292 332 2327 ἡμετέραν
354 2293 491 2328 σωτηρίαν
515 2295 576 2324 ταῖς
600 2293 686 2325 θείαις
704 2293 905 2329 ὑπηρετοῦνται
919 2294 983 2329 βου-

193 2337 265 2369 λαῖς.
286 2338 353 2364 Τότε
366 2337 421 2373 γὰρ
438 2338 496 2373 φῶς
509 2339 577 2373 μετὰ
591 2339 640 2374 τὴν
650 2340 704 2366 τῶν
722 2339 837 2374 πρώτων
852 2340 984 2376 δημιουρ-

195 2384 258 2417 γίαν
272 2385 305 2410 ὲκ
318 2384 356 2419 μὴ
382 2384 467 2411 όντων
491 2386 651 2420 πεποίηκεν,
669 2386 712 2413 ἵνα
730 2386 777 2413 καὶ
799 2386 899 2418 ἑαυτάς
912 2386 984 2414 οὕτω

196 2430 337 2465 παρῆχθαι
350 2431 480 2466 νοήσωσι·
496 2432 542 2458 καὶ
556 2432 591 2459 τὰ
607 2434 667 2467 μετ’
681 2433 772 2460 αὐτῶν
794 2433 891 2468 πρῶτα
905 2438 984 2468 γεγο-

197 2478 262 2504 νότα
285 2478 522 2514 δημιουργήματα,
552 2480 599 2506 καὶ
625 2480 707 2507 πάλιν
724 2480 770 2507 ἐπὶ
787 2481 836 2516 τῆς
856 2481 986 2516 δευτέρας

198 2523 304 2557 ἡμέρας
317 2523 432 2558 οὐρανὸν
451 2523 578 2558 γενέσθαι
595 2525 762 2560 προσέταξεν
785 2525 834 2552 τοῦ
852 2526 985 2562 προτέρου

197 2567 259 2594 καθ’
273 2568 419 2603 ὁμοιότητα
429 2577 436 2584 ·
448 2568 477 2600 ὃς
499 2570 546 2596 καὶ
561 2570 608 2596 τὸν
623 2571 730 2606 πρῶτον
742 2571 834 2598 καὶτὰ
848 2572 896 2598 σὺν
911 2572 986 2608 αὐτῷ

196 2614 268 2640 κατά
284 2614 331 2640 τὸν
345 2614 426 2642 αὐτὸν
447 2615 575 2650 γενέσθαι
599 2618 731 2652 νομίσωσι
759 2617 877 2652 τρόπον·
898 2626 987 2654 παρα‹

197 2659 312 2695 πλήσιον
323 2660 378 2696 γὰρ
394 2663 467 2688 ποιεῖ
477 2663 511 2698 τῇ
527 2662 609 2696 φύσει
629 2663 667 2698 τῷ
682 2663 810 2699 προτέρῳ
829 2663 875 2690 τὸν
891 2664 985 2690 δεύτε-

199 2713 244 2740 ρον
252 2714 259 2720 ·
271 2706 334 2732 ὅθεν
348 2707 394 2733 καὶ
405 2708 518 2743 οὐρανὸς
530 2709 647 2744 έκλήῦη”
659 2710 684 2735 εἰ
700 2711 748 2736 καὶ
758 2711 772 2736 ὸ
786 2709 836 2745 μὲν
847 2709 877 2742 ὲξ
889 2709 984 2742 ὄντων,

196 2752 212 2777 ό
222 2751 251 2778 δι
261 2752 294 2778 kx
309 2752 346 2788 μή
362 2752 446 2780 όντων
456 2755 611 2790 γεγένηται.
630 2754 716 2782 Τοῦτο
729 2755 783 2791 γὰρ
795 2755 926 2791 διαφορὰν
936 2756 986 2782 οὐκ

198 2797 340 2833 ειργὰζετο
354 2799 473 2835 φύσεως·
488 2802 569 2837 ἡγὰρ
582 2802 710 2838 ὁμοιότης
721 2802 770 2838 τὴν
783 2802 874 2830 πίστιν
887 2803 985 2838 παρεί-

254 2891 276 2907 ¹³
293 2890 364 2919 Psal.
377 2898 476 2926 cxxxv,
495 2892 520 2919 6.
553 2893 577 2907 -“
593 2892 665 2920 Psal.
685 2901 762 2925 xxnl,
778 2893 805 2920 ἓ.

1037 1841 1085 1861 seu
1099 1834 1173 1869 quod
1189 1837 1348 1861 concretum
1367 1836 1395 1860 et
1419 1838 1593 1868 compactum
1611 1833 1647 1860 sit
1669 1839 1701 1860 ex
1719 1832 1825 1866 simpli-

1037 1880 1151 1907 cissima
1166 1887 1245 1914 aqua:
1260 1883 1378 1913 natura;
1395 1886 1456 1912 seu,
1473 1883 1503 1906 ut
1522 1878 1674 1913 distinguat
1689 1883 1716 1906 et
1731 1886 1825 1906 secer-

1036 1929 1084 1953 nat
1110 1925 1145 1953 ab
1175 1925 1354 1953 inferioribus
1385 1924 1576 1952 tenuissimam
1600 1928 1627 1951 et
1654 1925 1821 1952 levissimam

1036 1976 1179 2004 naturam,
1194 1971 1325 2006 nulloque
1336 1978 1419 1998 sensu
1435 1968 1727 2006 coniprehensibilem.
1744 1970 1821 2004 Quod

1036 2018 1093 2044 ait:
1109 2029 1121 2043 τ
1137 2016 1165 2044 In
1183 2017 1274 2045 medio
1285 2024 1428 2052 aquarum,
1451 2026 1461 2043 1
1482 2017 1550 2044 satis
1573 2016 1718 2044 evidenter
1730 2016 1822 2048 docot,

1036 2063 1167 2098 aequalem
1187 2064 1318 2099 utrinque
1335 2063 1421 2091 fuisse
1436 2070 1570 2098 aquarum
1586 2063 1764 2090 divisionem.
1777 2062 1822 2089 Sic

1036 2110 1109 2137 enim
1137 2110 1220 2137 habet
1244 2114 1352 2138 textus:
1373 2119 1384 2136 ι
1414 2109 1572 2143 Distinguat
1600 2109 1674 2136 inter
1693 2115 1778 2144 aquas
1795 2113 1823 2136 ct

1036 2163 1134 2191 aquas.
1154 2165 1164 2182 1
1181 2156 1238 2184 sive
1254 2165 1264 2182 ι
1283 2156 1310 2183 in
1327 2155 1414 2182 medio
1435 2162 1581 2190 aquarum.
1601 2164 1610 2180 1
1627 2154 1822 2182 Observandus

1036 2205 1079 2229 est
1094 2206 1185 2228 tamen
1202 2200 1270 2228 ordo
1287 2200 1437 2227 visibilium
1450 2203 1652 2230 creaturarum,
1669 2198 1821 2226 secundum

1036 2236 1117 2281 quem
1133 2245 1275 2281 prodiere,
1298 2249 1329 2271 ut
1349 2245 1492 2272 videamus
1502 2251 1584 2279 quam
1602 2243 1718 2271 miriﬁce
1730 2245 1822 2271 omnia

1036 2293 1091 2320 huc
1108 2293 1230 2325 tendant,
1247 2295 1278 2318 ut
1294 2299 1333 2319 ex
1352 2291 1395 2319 his
1417 2297 1617 2326 cognoscamus
1632 2289 1779 2317 invisibilia
1795 2295 1822 2318 et

1036 2347 1096 2375 quae
1116 2346 1172 2366 non
1183 2345 1278 2369 sensu,
1289 2337 1337 2366 sed
1349 2337 1408 2365 sola
1425 2341 1518 2364 mente
1530 2336 1742 2372 investigantur.
1753 2335 1821 2363 Nam

1036 2395 1069 2414 ex
1083 2386 1137 2414 illis
1158 2385 1325 2421 pergendum
1353 2388 1413 2412 erat
1441 2385 1469 2412 in
1487 2384 1612 2412 notitiam
1639 2383 1686 2412 Dei
1703 2384 1821 2419 opiﬁcis.

1036 2440 1097 2468 quae
1111 2432 1208 2460 deinde
1218 2435 1246 2459 et
1265 2439 1316 2459 nos
1328 2430 1444 2458 docendi
1455 2437 1575 2458 eramus.
1589 2429 1654 2457 Nam
1671 2429 1822 2458 secundum

1002 2473 1024 2501 Ι)
1037 2478 1148 2505 beatum
1163 2477 1288 2508 Paulum,
1307 2477 1424 2504 visibilia
1439 2476 1593 2504 inserviunt
1608 2476 1709 2505 divinis
1730 2476 1824 2504 consi-

1037 2524 1091 2556 liis,
1109 2524 1156 2551 sed
1172 2523 1207 2551 ad
1229 2529 1351 2550 nostram
1376 2523 1507 2549 salutent.
1523 2521 1683 2557 Postquam,
1699 2531 1759 2557 quae
1778 2531 1823 2550 οι-

1037 2571 1100 2598 diue
1114 2577 1205 2597 rerum
1221 2570 1308 2604 prima
1320 2576 1383 2596 esse
1397 2568 1514 2600 volebat,
1531 2569 1563 2596 de
1583 2569 1670 2595 nihilo
1686 2569 1820 2601 condidit.

1038 2622 1095 2644 tum
1106 2617 1214 2645 demum
1227 2616 1315 2643 lucem
1329 2616 1442 2648 creavit,
1463 2619 1493 2643 ut
1506 2619 1612 2644 czeterae
1634 2620 1768 2644 creaturae
1783 2617 1825 2644 di-

1037 2667 1148 2690 seerent
1170 2662 1253 2690 simili
1282 2662 1398 2694 ratione,
1426 2670 1488 2690 cum
1504 2662 1581 2697 prius
1600 2670 1654 2689 non
1672 2663 1772 2694 l‘orent,
1790 2670 1823 2690 ex

1038 2710 1125 2737 nihilo
1139 2709 1167 2736 in
1181 2708 1328 2735 essentiam
1343 2716 1372 2736 se
1388 2712 1537 2743 promotas.
1551 2708 1684 2736 Praeterea
1699 2708 1824 2735 secundo

1038 2755 1082 2783 die
1097 2754 1196 2781 malum
1209 2757 1239 2780 ut
1254 2753 1330 2781 ﬁeret
1341 2754 1493 2789 imperavit,
1510 2753 1586 2788 quod
1594 2753 1703 2788 quidem
1718 2754 1823 2781 consti-

1038 2803 1091 2829 tuit
1111 2800 1143 2828 ad
1157 2800 1362 2828 similitudinem
1374 2801 1454 2836 primi
1465 2801 1537 2832 coeli,
1554 2807 1608 2834 quo
1623 2807 1704 2835 opere
1718 2800 1822 2826 nullum
