2072 3157
256 171 290 205 71
913 172 1090 203 PROCOPII
1105 172 1227 202 GAZAEI
1861 169 1897 201 72

256 233 316 258 erat
334 229 377 257 vel
401 229 539 256 amoenius
569 229 611 255 vel
629 229 784 264 pulchrius.
810 229 902 262 Quare
927 230 997 257 hoc?
1013 230 1049 257 Ut

1102 238 1180 266 χετο·
1210 229 1259 256 καὶ
1272 229 1289 264 ή
1306 229 1376 265 αὐτὴ
1401 228 1517 264 δύναμις
1539 228 1570 255 τὸ
1584 227 1614 255 ὂν
1640 228 1680 260 είς
1692 227 1788 255 οὐσίαν
1808 236 1896 263 μετα-

257 277 398 305 discamus
427 276 547 310 primum
573 276 674 302 caelum
692 283 748 302 non
767 282 816 310 per
828 283 859 303 se
879 275 1048 309 substitisse,

256 322 305 350 sed
320 330 352 349 ex
374 321 460 348 nihilo
473 324 662 348 constructutn
688 328 760 354 esse,
775 325 805 348 ut
825 326 852 348 et
872 322 1023 349 secundum
1040 331 1047 350 :

256 376 337 403 quam
353 368 389 395 ob
403 374 516 394 causam
531 366 593 400 ejus
618 367 785 394 creationem
807 367 892 402 priori
916 367 1050 395 creationi

257 414 384 447 subjecit.
397 412 478 440 Nulla
490 413 562 439 enim
575 412 656 439 datur
676 412 833 439 dil'lerentia
848 413 875 440 in
889 412 992 448 Opilice
1004 414 1051 441 illo

257 459 386 486 mirabili.
398 458 462 485 Pari
475 457 556 484 modo
571 462 599 484 et
615 458 704 492 prima
719 461 746 484 et
760 457 881 485 secunda
894 458 969 486 facit.
980 459 1050 486 Hinc

257 505 320 532 caeli
339 512 437 531 nomen
454 509 481 531 et
496 504 561 530 huic
579 503 696 530 inditum
713 508 766 536 est,
783 504 842 532 sive
859 505 979 539 primum
995 512 1052 532 cu:-

256 551 313 578 lum
327 558 360 578 ex
383 551 507 585 subjecta
533 550 662 583 materia,
691 555 719 577 et
734 551 886 578 secundutn
910 559 943 578 ex
963 551 1051 578 nihilo

258 597 404 624 formatum
423 597 471 624 sit.
494 595 601 623 Nullam
622 596 676 623 ista
695 596 847 631 important
866 595 1050 624 dilierentiam

205 656 210 659 ν
258 646 375 669 naturae.
385 641 453 669 Nam
470 641 624 669 similitudo
637 641 716 669 iidem
730 641 841 677 prabet,
853 650 903 670 nec
919 651 972 669 non
991 642 1050 677 ipsa

257 687 380 722 potentia
399 686 503 718 divina,
521 694 582 721 quae
598 686 740 713 materiam
759 686 786 713 in
817 686 898 713 aliam
920 687 1050 714 substan-

258 731 324 758 tiam
340 738 389 765 pro
402 738 453 758 suo
467 730 582 758 arbitrio
600 730 735 764 digerere,
751 731 806 765 20
820 735 847 758 et
863 731 991 765 eliingere
1006 738 1052 766 po.

259 781 322 808 test,
338 781 365 804 et
384 784 417 804 ex
435 777 521 804 nihilo
542 775 714 804 substantias
737 784 834 804 creare
852 777 933 804 valet.
956 776 1052 812 Siqui-

1105 275 1250 308 σκευάζειν
1263 274 1310 302 καὶ
1332 275 1362 308 ἐξ
1379 275 1430 301 οὐκ
1445 274 1531 300 ὀντων
1545 273 1643 308 ἑτέραν
1655 275 1744 300 ποιεῖν
1756 281 1765 289 ο
1780 273 1896 310 κάκείνη

1103 321 1158 356 γὰρ
1165 322 1278 355 γέγονεν
1286 321 1315 354 ἐξ
1324 321 1374 347 οὐκ
1389 319 1465 351 ὄντος
1472 319 1604 347 τοιούτου.
1614 319 1652 345 Τὸ
1664 319 1719 351 δὴ(
1738 319 1794 346 Καὶ
1802 319 1898 354 εποίη-

1105 375 1152 394 σεν
1166 368 1180 394 ὁ
1196 363 1275 399 Θεὸξ,
1290 377 1300 392 ι»
1316 367 1356 398 εἰς
1371 366 1491 401 ἔμφασιν
1507 366 1616 400 εἴρηται
1625 366 1673 392 τοῦ
1686 366 1724 401 μὴ
1749 365 1830 393 ἄλλον
1845 365 1896 400 μὶν

1103 410 1173 439 εἶναι
1186 412 1232 439 τὸν
1245 411 1445 448 προστάξαντα.
1456 410 1536 449 ἆςλλον
1547 411 1576 438 δὲ
1587 411 1634 438 τὸν
1647 412 1810 446 ποιήσαντα.
1825 412 1857 438 Οί
1866 411 1896 438 δὲ

1101 456 1222 488 πλείους,
1231 457 1269 488 ὡς
1277 457 1395 492 εἴρηται,
1407 457 1457 482 οὐκ
1467 457 1508 488 εἰς
1516 456 1691 483 διδασκαλίαν
1698 456 1814 490 λογικῶν
1821 456 1897 483 δυνά.

1103 509 1177 536 μεων
1185 501 1224 533 τὸ,
1237 510 1246 526 ι
1262 499 1345 527 Εἶπεν
1359 502 1374 527 ὀ
1387 499 1482 533 Oak,»
1497 501 1590 534 φασὶν,
1599 499 1657 526 ἀλλ’
1672 500 1712 532 είς
1724 501 1896 535 παράστασιν

1101 546 1148 573 τοῦ
1160 546 1340 580 Μονογενοῦς”
1353 545 1501 581 τοιγαροῦν
1509 546 1559 572 οὐκ
1569 546 1677 581 εἴρηται
1687 545 1728 578 τὺ,
1738 545 1861 579 Ἐγένετο
1866 544 1897 571 τὸ

1104 591 1259 627 στερέωμα,
1272 591 1367 624 ἁλλὰ,‹
1378 591 1433 618 Καὶ
1447 591 1575 626 ἐποίησεν
1585 591 1599 617 ὁ
1608 591 1673 622 Θεὸς
1681 591 1712 618 τὸ
1723 599 1766 617 στε
1772 591 1876 626 ρέωμα·
1884 599 1894 616 ι

1103 637 1151 664 καὶ
1163 637 1255 670 πάλιν,
1268 647 1278 663 ‹
1291 636 1454 672 Διεχώρισεν
1473 638 1487 664 ό
1500 637 1565 669 Θεὸς
1575 645 1582 652 ’
1596 646 1606 663 ›
1621 637 1652 663 τὸ
1665 637 1714 671 μὲν
1725 635 1783 668 οὖν,
1796 637 1895 672 «Γενη-

1103 683 1178 718 θήτω
1200 683 1231 710 τὸ
1258 683 1419 721 στερέωμα,
1437 692 1446 708 ι
1465 682 1542 718 φωνὴ
1567 682 1617 717 τῆς
1655 682 1896 718 προκαταρκτικῆς

1104 730 1194 761 αίτίας
1204 737 1211 744 ·
1228 729 1259 755 τὸ
1268 729 1307 761 δὲ,
1314 738 1322 754 ι
1335 729 1462 764 Ἐποίησε
1469 729 1499 756 τὸ
1511 729 1663 763 στερέωμα,
1671 738 1681 754 ι
1691 728 1741 763 τῆς
1751 727 1896 764 ποιητικῆς

1104 776 1150 802 καὶ
1164 775 1213 810 τῆς
1230 775 1431 810 δημιουργικῆς
1447 775 1586 811 μαρτυρία
1603 775 1754 810 δυνάμεως.

259 827 320 851 dein
338 829 365 852 et
376 825 423 851 illa
439 824 549 851 condita
564 828 615 856 est,
635 830 697 851 cum
739 824 817 858 prius
837 824 900 851 talis
935 831 990 851 non
1007 823 1087 851 foret.
1108 823 1187 856 Quod
1203 823 1313 858 inquit:
1332 831 1341 848 ι
1359 822 1430 850 Deus
1455 822 1529 855 fecit,
1551 831 1561 848 ι
1577 823 1735 851 memineris
1759 829 1821 850 cum
1835 829 1895 850 ειη-

258 871 339 906 phasi
369 878 432 898 esse
462 870 666 904 accipiendum,
685 869 816 896 videlicet
840 877 875 897 ne
889 869 953 904 quis
976 873 1053 905 putet
1070 868 1154 896 alium
1184 876 1247 897 esse
1275 869 1323 904 qui
1338 868 1445 904 iubeat,
1460 874 1488 897 et
1502 869 1586 897 alium
1602 870 1650 905 qui
1672 869 1765 897 faciat.
1781 868 1893 898 Plurimi

259 922 334 950 sunt.
350 918 396 952 qui
412 918 506 944 volunt
522 926 528 943 :
547 925 556 941 ι
569 916 640 944 Dixit
657 916 746 949 Deus,
768 926 777 942 ι
793 924 847 944 non
864 917 1057 952 porrigendum
1077 924 1120 949 eo,
1139 921 1169 944 ut
1183 917 1327 944 credamus
1346 916 1431 944 Deum
1448 924 1497 952 per
1511 917 1561 945 ista
1579 917 1662 945 verba
1694 917 1816 945 voluisse
1844 925 1895 944 an-

258 965 360 1001 gelicas
375 965 493 991 virtutes
505 963 626 990 docere:
645 963 692 990 sed
707 963 838 990 statuisse
851 963 948 991 iisdem
960 963 1052 990 verbis
1071 962 1151 990 nobis
1167 962 1313 990 ostendere
1327 961 1426 990 Filium
1446 970 1528 990 suum
1549 962 1732 998 unigenitum.
1765 963 1819 997 Qui
1853 966 1892 998 ﬁt.

258 1015 331 1050 quod
344 1022 399 1041 non
411 1013 523 1047 scripsit
538 1011 645 1039 Moses:
659 1011 772 1039 Factum
783 1015 825 1038 est
836 1011 1053 1043 ﬁrmamentum,
1073 1010 1120 1038 sed
1141 1011 1232 1046 potius
1248 1018 1256 1037 :
1304 1019 1314 1036 ι
1337 1009 1414 1037 Fecit
1440 1009 1512 1038 Deus
1553 1009 1767 1038 ﬁrmamentum.
1786 1019 1796 1036 ι
1820 1010 1891 1039 Prat-

259 1067 332 1088 terea
353 1069 359 1086 :
381 1069 390 1085 ι
410 1059 538 1087 Distinxit
551 1058 635 1090 Deus,
656 1068 666 1085 ι
682 1064 736 1086 etc.
752 1057 830 1090 Quod
842 1058 952 1093 inquit:
968 1066 977 1083 ‹
992 1056 1053 1084 Fiat
1072 1057 1285 1089 ﬁrmamentum.
1301 1065 1311 1082 ι
1325 1061 1390 1089 etc.,
1405 1063 1457 1084 vox
1470 1060 1512 1084 est
1525 1055 1619 1091 prima
1647 1063 1739 1084 causae
1768 1057 1892 1088 initialis,

259 1107 336 1140 Quod
349 1108 407 1133 ait:
425 1115 434 1131 ι
453 1105 530 1133 Fecit
550 1106 763 1137 ﬁrmamentum,
779 1115 788 1131 ›
806 1109 873 1137 etc.,
890 1103 1011 1132 creantis
1024 1109 1051 1131 et
1069 1103 1214 1132 elﬁcientis
1234 1111 1326 1131 causa:
1344 1103 1532 1131 testimonium
1547 1107 1600 1130 est.

295 1151 510 1180 Firmamentum
541 1151 749 1178 distinctionem
775 1158 911 1185 aquarum
933 1150 1046 1176 invexit.

1137 1150 1174 1176 Τὸ
1196 1149 1220 1176 δ’
1242 1147 1288 1176 οὖν
1305 1150 1450 1184 στερέωμα
1475 1148 1634 1184 διεχώριζεν
1657 1148 1709 1175 ἀνὰ
1734 1149 1816 1183 μέσον
1843 1148 1889 1176 τοῦ

258 1197 326 1226 Nam
340 1205 417 1231 aquae
432 1196 575 1224 inundatio
589 1200 650 1223 erat
666 1196 784 1228 iniinita,
804 1202 831 1223 et
847 1195 999 1230 superabat
1009 1203 1052 1222 re-

259 1243 408 1278 liquorum,
436 1242 459 1269 si
476 1242 654 1275 contulisses,
683 1242 881 1269 elementorum
899 1240 1055 1276 proportio-

260 1297 332 1316 nem.
364 1287 434 1316 Hinc
458 1296 513 1316 non
531 1289 670 1315 imtnerito
697 1287 786 1322 abyssi
814 1293 914 1314 nomen
940 1286 1053 1313 invenit.

259 1334 325 1360 Cum
339 1333 403 1360 huic
416 1333 545 1360 universo
557 1341 626 1368 opus
638 1337 712 1361 esset
724 1333 861 1360 elemento
874 1332 970 1367 ignito.
982 1331 1055 1366 quod

260 1380 402 1407 resisteret
425 1387 512 1414 aqum,
529 1380 703 1414 alterumque
716 1379 883 1406 elementum
897 1379 924 1406 in
939 1379 1054 1405 alterunt

260 1425 455 1455 resolveretur.
480 1433 513 1452 ne
525 1425 691 1452 elementum
721 1425 793 1459 ignis
818 1424 957 1452 elﬁcacius
968 1429 995 1452 et
1008 1432 1056 1459 po—

260 1471 364 1497 tentius
389 1470 512 1504 reliquis,
538 1470 660 1505 aquatile
683 1470 850 1497 cletnentum
866 1473 1054 1499 consumeret.

259 1520 287 1543 et
303 1516 425 1543 universi
442 1514 626 1542 destructioni
642 1515 818 1542 occasionem
834 1515 979 1550 praeberet,
993 1521 1055 1548 pro-

259 1561 338 1589 vidus
360 1560 431 1588 Deus
447 1566 549 1587 tantam
568 1567 646 1594 aquae
670 1560 725 1587 vim
742 1560 896 1592 substituit,
913 1567 975 1595 quae
989 1566 1055 1594 pos-

260 1612 313 1638 set.
327 1615 443 1634 manens
459 1607 531 1633 intra
549 1606 727 1641 praescriptos
752 1605 836 1640 hujus
850 1613 973 1639 operosa:
995 1611 1055 1631 ma-

260 1654 351 1680 chinis
364 1653 476 1683 limites.
496 1652 577 1679 reniti
590 1652 728 1679 elemento
742 1651 825 1687 ignis,
844 1659 878 1679 ne
896 1651 1007 1687 penitus
1020 1650 1055 1677 ab

260 1700 323 1733 ipso
340 1698 543 1725 absumeretur.
560 1697 644 1725 Isaias
658 1697 749 1731 inquit
763 1705 770 1723 :
789 1705 799 1723 ι
816 1696 951 1724 Futurum
968 1701 1010 1724 est
1025 1700 1054 1723 ut

258 1743 353 1770 omnia
370 1743 569 1769 comburantur
598 1742 661 1776 igne
686 1741 721 1769 ".
748 1751 757 1767 ι
776 1740 809 1768 Ει
832 1741 951 1768 iterum:
973 1750 983 1767 ι
1001 1740 1054 1774 Qui

260 1789 329 1815 dicit
348 1788 458 1822 abysso.
478 1787 505 1814 In
522 1787 699 1814 solitudinem
719 1786 852 1821 redigeris
869 1787 903 1814 “.
925 1796 934 1812 ι
950 1786 982 1813 Et
1001 1787 1054 1814 ite-

261 1841 323 1860 rum
342 1841 350 1859 :
365 1842 374 1858 ι
391 1832 488 1860 Omnia
505 1833 617 1859 ﬂumina
641 1836 687 1859 tua
702 1832 814 1859 siccabo
838 1832 871 1858 ⁵⁷.
890 1840 899 1857 ›
916 1831 1051 1859 Caeterum

260 1886 344 1913 quam
359 1879 394 1905 ob
409 1885 520 1905 causam
538 1886 552 1905 a
569 1877 623 1905 Deo
635 1878 757 1905 admissa
769 1878 806 1905 sit
825 1883 899 1904 tanta
917 1884 1051 1912 aquarum

261 1925 351 1959 copia,
375 1924 443 1951 satis
468 1924 548 1950 modo
572 1923 785 1950 declaravimus.
812 1922 941 1950 Nascitur
960 1927 1053 1950 tamen

260 1971 387 2005 quaestio,
404 1977 489 2004 quare
507 1976 640 2003 aquarum
654 1968 788 1996 medietas
798 1976 882 2003 supra
897 1968 1053 1996 ﬁrmamen-

260 2020 318 2042 tum
335 2019 468 2042 convccta
486 2015 533 2042 sit.
548 2013 648 2040 Verqu
663 2014 720 2041 haec
733 2014 845 2041 dabitur
858 2021 942 2041 causa
957 2022 964 2040 :
981 2013 1052 2042 Dens

260 2062 364 2092 lucem,
395 2061 492 2091 solem,
524 2060 617 2086 lunam
638 2064 780 2094 astraque,
795 2067 912 2094 quorntn
928 2059 1051 2087 oumium

260 2105 417 2133 substantia
432 2104 517 2139 ignita
530 2109 584 2135 est.
603 2104 742 2139 disposuit
761 2104 794 2131 ad
812 2113 874 2132 eum
889 2104 1011 2138 tnodum,
1024 2110 1053 2133 ut

260 2156 363 2179 tnotum
377 2158 458 2178 suum
472 2151 499 2177 in
514 2151 686 2178 lirnmmento
698 2155 870 2186 peragerent.
887 2150 923 2178 At
938 2151 1009 2186 ignis
1020 2158 1052 2178 ea

260 2202 357 2225 natura
372 2201 426 2228 est,
455 2201 485 2223 ut
500 2196 646 2231 cnngelata
658 2200 685 2223 et
702 2204 735 2223 ex
752 2196 832 2231 aquis
856 2201 984 2224 concreta
1001 2204 1052 2231 po-

259 2245 348 2269 tenter
361 2241 478 2276 dissipet
492 2246 520 2268 et
535 2241 679 2268 dissolvat.
706 2240 745 2268 Ne
772 2241 856 2276 igitur
876 2241 904 2268 id
930 2241 1052 2268 eveniret

259 2289 329 2316 forte
340 2289 421 2320 coelo,
440 2287 600 2316 necessario
611 2292 716 2315 tantam
732 2296 867 2322 aquarutn
884 2288 1049 2316 afﬂuentiam

260 2337 287 2364 in
299 2337 440 2371 superiore
454 2335 567 2370 regione
580 2335 734 2368 collocavit,
743 2343 805 2370 quae
819 2336 920 2363 cmlum
935 2335 1051 2364 illaesum

258 2387 285 2409 ct
303 2383 463 2409 inviolatum
481 2382 515 2408 ab
539 2381 612 2416 ignis
626 2381 725 2408 ardore
742 2385 934 2409 conservaret.
949 2381 1049 2409 Verum

259 2428 286 2454 in
297 2428 370 2454 hunc
378 2427 490 2454 modum
501 2426 604 2461 placuit
616 2427 671 2454 Deo
685 2426 756 2453 tueri
767 2427 867 2454 coelum
879 2435 1050 2462 supremum,

259 2474 320 2501 licet
335 2473 393 2500 sola
405 2472 466 2507 ejus
478 2473 607 2500 voluntas
622 2472 646 2499 ei
659 2472 776 2500 salutem
792 2477 819 2500 et
834 2473 1048 2502 incolumitatem

258 2524 390 2555 praastare
409 2520 553 2554 potuisset.
571 2518 714 2554 Siquidem
730 2523 758 2546 et
775 2523 869 2546 nostra
880 2527 996 2555 corpora
1008 2520 1049 2547 in-

258 2570 333 2600 legra
352 2573 461 2593 servare
475 2565 608 2592 valuisset
622 2565 727 2600 absque
744 2565 884 2592 alimentis
900 2574 907 2593 :
923 2570 951 2593 et
966 2565 1004 2593 ita
1016 2573 1048 2594 ea

257 2610 398 2643 ordinare,
411 2614 441 2637 ut
456 2610 526 2638 citra
541 2610 736 2638 necessitatem
750 2610 943 2638 alimentorum
958 2610 987 2638 in
998 2617 1047 2638 sua

257 2656 413 2692 integritate
428 2660 630 2691 permanerent.
652 2655 738 2690 quue
753 2657 902 2688 evenisset,
925 2656 948 2684 si
964 2656 1047 2684 modo

255 2703 383 2730 voluntas
396 2702 456 2737 ejus
467 2702 508 2730 rei
522 2702 670 2730 elliciendaa
683 2701 826 2730 adfuisset.
843 2702 942 2729 Verum
960 2702 987 2729 in
1005 2701 1046 2729 fu-

256 2751 320 2774 turo
336 2747 436 2775 saeculo
449 2747 475 2775 id
486 2747 638 2783 continget.
650 2747 735 2782 Aquae
745 2754 828 2782 supra
843 2747 1047 2775 ﬁrmamentum

255 2792 372 2825 collatae,
384 2800 440 2820 non
466 2793 555 2821 solum
573 2793 656 2828 primi
681 2792 744 2820 caeli
767 2793 985 2820 incolumitatem
1000 2798 1045 2821 tu-

1105 1194 1201 1226 ὕδατος
1215 1195 1264 1221 καὶ
1281 1194 1327 1221 τοῦ
1347 1194 1457 1226 ὕδατος·
1470 1194 1585 1229 ἄπειρος
1600 1193 1655 1228 γὰρ
1667 1192 1701 1230 ἦν
1718 1194 1772 1220 τῶν
1788 1194 1892 1221 ὑδάτων

1103 1242 1120 1277 ή
1138 1242 1228 1277 χύσις,
1251 1242 1290 1274 ὡς
1318 1241 1368 1277 τὴν
1392 1241 1447 1268 τῶν
1469 1241 1557 1268 ἄλλων
1581 1242 1724 1276 στοιχείων
1747 1241 1892 1274 ἀναλογίαν

1104 1287 1259 1313 ἐκϐαίνειν*
1287 1287 1349 1314 ὃθεν
1376 1287 1423 1313 καὶ
1438 1286 1576 1319 ἄϐυσσος
1591 1287 1716 1321 είρηται·
1740 1286 1892 1320 ἀναγκαίας

1103 1333 1158 1368 γὰρ
1168 1332 1251 1368 οὔσης
1267 1332 1306 1368 τῷ
1317 1332 1402 1358 παντὶ
1414 1333 1465 1368 τῆς
1480 1331 1528 1358 τοῦ
1543 1332 1630 1367 πυρδς
1645 1332 1738 1363 οὐσίας
1756 1332 1804 1358 καὶ
1815 1333 1892 1359 ἐναν-

1103 1379 1164 1410 τίας
1175 1379 1215 1414 τῷ
1232 1379 1319 1411 ὕδατι,
1331 1378 1370 1410 ὡς
1384 1378 1522 1413 φθαρτικὰ
1537 1378 1683 1413 τυγχάνειν
1697 1378 1831 1414 ἀλλήλων,
1847 1378 1891 1405 ῐνα

1106 1423 1143 1457 μὴ
1158 1422 1377 1458 δραστικώτερον
1392 1423 1515 1457 ὑπάρχον
1539 1422 1570 1449 τὸ
1592 1421 1647 1457 πῦρ
1670 1420 1827 1456 ἐξαναλώσῃ
1842 1421 1891 1455 τὴν

1104 1468 1152 1494 τοῦ
1167 1468 1263 1500 ὓδατος
1276 1468 1368 1503 φύσιν,
1385 1468 1433 1495 καὶ
1453 1469 1486 1503 τῇ
1509 1467 1557 1494 τοῦ
1576 1467 1678 1498 παντὸς
1697 1461 1820 1494 διαλύσει
1836 1475 1891 1494 πα-

1108 1515 1198 1550 ράσχῃ
1223 1514 1273 1550 τὴν
1296 1514 1424 1550 ἀφορμὴν
1438 1535 1446 1547 ,
1471 1514 1596 1549 προνοῶν
1618 1514 1633 1540 ὸ
1659 1513 1736 1545 Θεὸς,
1754 1512 1892 1547 τοσαύτην

1104 1560 1190 1596 ὑγροῦ
1205 1561 1287 1595 φύσιν
1300 1559 1466 1595 ὑπέστησεν,
1481 1558 1555 1585 ὥστε
1578 1558 1660 1594 μέχρι
1681 1557 1736 1584 τῶν
1753 1558 1892 1591 τεταγμέ-

1104 1617 1158 1635 νων
1179 1607 1251 1642 ὂρων
1265 1606 1315 1642 τῆς
1331 1606 1380 1632 τοῦ
1403 1606 1507 1640 κόσμον
1530 1604 1687 1636 συστάσεως
1706 1604 1778 1630 κατὰ
1794 1603 1892 1639 μικρὸν

1102 1654 1136 1688 τῇ
1166 1652 1281 1688 δυνάμει
1307 1651 1354 1679 τοῦ
1383 1651 1470 1687 πυρὸς
1503 1651 1627 1686 ἀντέχειν
1662 1650 1888 1685 ἀναλισκόμενον.

1104 1698 1202 1724 Ἔσται
1232 1697 1326 1733 μέντοι
1354 1697 1404 1724 καὶ
1418 1697 1462 1723 ὅτε
1484 1698 1520 1723 τὰ
1534 1697 1624 1724 πάντα
1644 1696 1891 1731 καταφρυγήσεται

1102 1743 1141 1779 τῷ
1157 1743 1224 1780 πυρὶ
1241 1763 1249 1776 ,
1266 1743 1305 1774 ὥς
1330 1752 1412 1778 φησιν
1424 1743 1537 1775 Ἡσαΐας
1548 1749 1554 1756 ·
1567 1752 1577 1769 ι
1588 1744 1617 1770 '0
1627 1743 1714 1776 λέγων
1728 1743 1891 1778 τῇζάὃύσσῳ,

1108 1789 1292 1825 Ἐρημωθήσῃ
1302 1810 1309 1820 .
1327 1789 1375 1816 καὶ
1393 1789 1498 1820 πάντας
1509 1789 1572 1820 τοὺς
1589 1788 1729 1823 ποταμούς
1745 1797 1792 1815 σου
1807 1788 1892 1824 ξηρα-

1103 1834 1142 1861 νῶ
1153 1843 1160 1851 ·
1181 1844 1192 1861 ι
1206 1834 1251 1861 διὰ
1267 1833 1347 1861 τοῦτο
1363 1834 1413 1868 μὲν
1425 1831 1471 1861 οὖν
1483 1833 1587 1868 πλῆθος
1601 1834 1656 1860 τῶν
1669 1833 1784 1862 ὑδάτων.
1796 1834 1847 1860 Διὰ
1864 1833 1892 1860 τί

1101 1880 1130 1907 δὲ
1142 1880 1190 1907 καὶ
1206 1880 1277 1916 ὑπὲρ
1291 1880 1322 1907 τὺ
1345 1880 1490 1916 στερέωμα
1506 1880 1593 1915 ἥμισυ
1614 1880 1662 1907 τοῦ
1677 1879 1772 1912 ὕδατος
1791 1880 1890 1907 ἀναϐέ-

1102 1926 1205 1962 δ).ητο;
1228 1926 1325 1962 ἐπειδὴ
1340 1926 1390 1961 τὴν
1405 1926 1452 1953 τοῦ
1469 1927 1558 1960 φωτὸς
1574 1926 1668 1953 οὐσίαν
1683 1925 1734 1961 τὴν
1749 1925 1795 1952 τοῦ
1813 1925 1889 1960 ήλίου

1101 1971 1174 2006 φημὶ
1189 1971 1236 1997 καὶ
1250 1971 1366 2006 σελήνης
1378 1971 1426 1997 καὶ
1438 1971 1547 2005 ἄστρων
1560 1969 1672 2005 πυρώδη
1685 1978 1715 1996 τε
1728 1968 1776 1996 καὶ
1789 1968 1891 2000 πολλὴν

1101 2015 1186 2044 οὖσαν
1210 2017 1258 2044 ἐπὶ
1283 2017 1331 2044 τοῦ
1357 2015 1547 2052 στερεώματος
1572 2016 1667 2042 ἔταττε
1684 2014 1819 2042 ποιεῖσθαι
1840 2014 1891 2050 τὴν

1102 2063 1223 2098 κίνησιν.
1251 2064 1335 2095 Φύσις
1362 2064 1392 2090 δὲ
1415 2063 1453 2098 τῷ
1476 2063 1546 2098 πυρὶ
1559 2062 1609 2098 τὴν
1631 2061 1826 2098 κρυσταλλώδη
1842 2061 1891 2088 καὶ

1101 2107 1131 2141 ἐξ
1148 2108 1253 2135 ὑδάτων
1274 2109 1434 2144 πεπηγυῖαν
1457 2108 1565 2140 οὐσίαν,
1595 2108 1676 2143 οἵπερ
1704 2108 1780 2134 ἐστὶν
1795 2107 1812 2142 ή
1840 2107 1889 2134 τοῦ

1103 2154 1296 2190 στερεώματος
1325 2153 1443 2190 χαυνοῢν
1469 2163 1500 2181 τε
1517 2155 1565 2180 καὶ
1586 2153 1721 2180 διαλύειν·
1738 2153 1776 2185 ὡς
1798 2153 1833 2180 ἂν
1852 2152 1889 2189 μὴ

1101 2201 1183 2228 τοῦτο
1201 2201 1308 2235 γένοιτο
1328 2201 1393 2236 περὶ
1411 2200 1456 2227 τὸν
1480 2199 1606 2234 οὐρανὸν,
1632 2198 1791 2233 ἀναγκαίως
1815 2199 1890 2235 αὐτῷ

1100 2247 1238 2283 τοσαύτην
1255 2246 1437 2282 ὑπερκεῖσθαι
1461 2245 1509 2273 τοῦ
1525 2245 1623 2277 ὕδατος
1642 2244 1778 2280 πεποίηκε
1796 2244 1888 2279 φύσιν.

1100 2293 1151 2328 ὅση
1170 2292 1316 2325 διασώζειν
1344 2292 1471 2327 ἀκαίριον
1496 2291 1633 2327 ήμελλεν·
1648 2290 1721 2317 οὓτω
1747 2290 1795 2317 τοῦ
1819 2290 1888 2317 Θεοῦ

1101 2338 1251 2374 φυλάττειν
1265 2337 1348 2365 αὑτὸν
1361 2337 1570 2372 εὐδοκήσαντος,
1580 2337 1604 2363 εί
1617 2337 1663 2363 καὶ
1675 2336 1743 2372 μόνη
1762 2335 1889 2372 βουλήσει

1099 2384 1180 2412 τοῦτο
1194 2384 1328 2420 πράττειν
1343 2383 1471 2419 ἠδύνατο,
1480 2382 1605 2418 καθάπερ
1621 2383 1667 2410 τὸν
1683 2382 1792 2418 πρῶτον
1805 2383 1888 2418 οὐρα-

1100 2430 1156 2458 νόν.
1176 2430 1254 2457 Ἐπεὶ
1280 2430 1327 2457 καὶ
1355 2429 1405 2465 τὴν
1431 2430 1569 2465 ἡμετέραν
1598 2428 1688 2464 σάρκα
1711 2429 1759 2456 καὶ
1785 2429 1889 2464 τροφῆς

1100 2475 1185 2511 χωρὶς
1205 2475 1350 2507 διασώζειν
1366 2474 1484 2509 ἠδύνατο
1498 2476 1547 2502 καὶ
1564 2475 1656 2511 μένειν
1672 2475 1719 2501 ἐπὶ
1740 2474 1788 2501 τοῦ
1803 2473 1888 2502 αὐτοῦ

1101 2520 1326 2555 παρασκευάσαι,
1342 2519 1357 2546 ὃ
1370 2520 1402 2556 δὴ
1427 2521 1476 2548 καὶ
1491 2521 1538 2547 ἐπὶ
1557 2520 1606 2547 τοῦ
1621 2520 1764 2555 μέλλοντος
1791 2520 1889 2551 αἰῶνος

1100 2565 1262 2601 ἐργάσεται.
1280 2566 1321 2593 Τὰ
1336 2566 1364 2593 δὲ
1385 2566 1551 2602 ἐπικείμενα
1576 2565 1660 2592 ὕδατα
1682 2566 1713 2592 οὐ
1731 2566 1812 2600 μόνον
1826 2574 1889 2591 συν-

1099 2612 1181 2647 τηρεῖ
1193 2612 1240 2638 τὸν
1260 2612 1386 2647 οὐρανὸν,
1407 2611 1477 2639 ἀλλὰ
1500 2612 1547 2638 καὶ
1569 2612 1619 2648 τὴν
1633 2611 1722 2646 φλόγα
1742 2611 1789 2638 τοῦ
1811 2611 1887 2646 ἡλίου

1099 2659 1147 2685 καὶ
1164 2658 1279 2694 σελήνης
1304 2659 1380 2686 κάτω
1406 2659 1525 2694 πέμπεν
1540 2659 1566 2685 ει
1589 2657 1644 2694 γὰρ
1667 2656 1701 2694 ἦν
1721 2657 1854 2693 διαφανὴς
1875 2658 1890 2684 ὁ

1099 2703 1224 2739 οὐρανὸς,
1244 2704 1292 2740 ὅλη
1321 2704 1379 2731 άνω
1401 2704 1513 2741 ἔτρεχεν
1540 2705 1558 2740 ἡ
1581 2705 1672 2740 αὐγή·
1702 2703 1733 2731 τὸ
1750 2704 1804 2739 γὰρ
1833 2703 1888 2739 πῦρ

1100 2751 1240 2786 ἀνωφερὲς
1251 2759 1258 2766 ·
1270 2750 1417 2787 ἑπυκνώθη
1429 2751 1520 2778 τοίνυν
1538 2752 1595 2783 τοῖς
1610 2750 1715 2778 ἄνωθεν
1735 2750 1830 2777 ὕδασιν
1851 2751 1889 2781 ὡς

1099 2797 1207 2832 ἀντωθῇ
1224 2796 1273 2832 τὴν
1292 2797 1381 2832 αὐγὴν
1397 2797 1466 2833 πρὸς
1479 2797 1514 2825 τὰ
1525 2797 1602 2825 κάτω
1616 2798 1727 2833 χωρεῖν.

255 2842 360 2872 tantur,
375 2839 422 2867 sed
435 2843 463 2867 et
475 2839 558 2866 aliam
574 2839 676 2868 habent
687 2838 922 2872 commoditatem,
939 2840 1045 2868 scilicet
1063 2842 1138 2876 quod
1155 2843 1221 2871 solis
1242 2842 1369 2878 lunatque
1387 2843 1480 2872 radios
1503 2843 1633 2871 deorsuut
1672 2841 1827 2878 impellunt,
1862 2847 1888 2868 ut

291 2895 316 2911 ”
335 2894 388 2924 lsa.
405 2903 502 2930 sunt,
522 2895 566 2923 l2.
603 2896 627 2912 ”
647 2895 698 2924 lsa.
719 2903 774 2929 xu,
791 2895 834 2923 i8.
873 2896 895 2912 ⁸⁷
917 2894 958 2923 lsa
989 2904 1044 2930 xiv,
1065 2896 1091 2924 6.
