  <div class='ocr_page' id='page_1' title='image "/cluster/home/n/w/nwhite01/storage/ocr_20150623/87, pt.1/njp.32101013202641/044.png"; bbox 0 0 2072 3157; ppageno 0'>
   <div class='ocr_carea' id='block_1_1' title="bbox 165 168 1792 215">
    <p class='ocr_par' dir='ltr' id='par_1_1' title="bbox 165 168 1792 215">
     <span class='ocr_line' id='line_1_1' title="bbox 165 168 1792 215; baseline 0.005 -8"><span class='ocrx_word' id='word_1_1' title='bbox 165 175 199 207; x_wconf 83' lang='lat'><strong>73</strong></span> <span class='ocrx_word' id='word_1_2' title='bbox 712 168 979 206; x_wconf 77' lang='lat' dir='ltr'><strong>COMMENTARH</strong></span> <span class='ocrx_word' id='word_1_3' title='bbox 1010 177 1047 208; x_wconf 86' lang='lat' dir='ltr'><strong>IN</strong></span> <span class='ocrx_word' id='word_1_4' title='bbox 1077 178 1253 209; x_wconf 79' lang='lat' dir='ltr'><strong>GENESIN.</strong></span> <span class='ocrx_word' id='word_1_5' title='bbox 1759 178 1792 215; x_wconf 57' lang='grc'><strong>71</strong></span> 
     </span>
    </p>
   </div>
   <div class='ocr_carea' id='block_1_2' title="bbox 166 229 1796 274">
    <p class='ocr_par' dir='ltr' id='par_1_2' title="bbox 166 229 1796 274">
     <span class='ocr_line' id='line_1_2' title="bbox 166 229 1796 274; baseline 0.004 -15"><span class='ocrx_word' id='word_1_6' title='bbox 166 237 302 259; x_wconf 79' lang='lat' dir='ltr'><strong>terrarum</strong></span> <span class='ocrx_word' id='word_1_7' title='bbox 317 230 377 258; x_wconf 86' lang='lat' dir='ltr'><strong>orbi</strong></span> <span class='ocrx_word' id='word_1_8' title='bbox 407 230 495 258; x_wconf 83' lang='lat' dir='ltr'><strong>lucem</strong></span> <span class='ocrx_word' id='word_1_9' title='bbox 511 229 698 265; x_wconf 73' lang='lat' dir='ltr'><strong>suppeditent.</strong></span> <span class='ocrx_word' id='word_1_10' title='bbox 723 230 752 258; x_wconf 88' lang='lat' dir='ltr'><strong>Si</strong></span> <span class='ocrx_word' id='word_1_11' title='bbox 768 231 842 258; x_wconf 90' lang='lat' dir='ltr'><strong>enim</strong></span> <span class='ocrx_word' id='word_1_12' title='bbox 858 230 958 258; x_wconf 87' lang='lat' dir='ltr'><strong>caelum</strong></span> <span class='ocrx_word' id='word_1_13' title='bbox 977 237 1050 260; x_wconf 86' lang='lat' dir='ltr'><strong>esset</strong></span> <span class='ocrx_word' id='word_1_14' title='bbox 1069 234 1247 268; x_wconf 85' lang='lat' dir='ltr'><strong>pellucidum,</strong></span> <span class='ocrx_word' id='word_1_15' title='bbox 1283 234 1429 262; x_wconf 87' lang='lat' dir='ltr'><strong>universus</strong></span> <span class='ocrx_word' id='word_1_16' title='bbox 1454 235 1581 270; x_wconf 75' lang='lat' dir='ltr'><strong>splendor</strong></span> <span class='ocrx_word' id='word_1_17' title='bbox 1605 236 1631 264; x_wconf 87' lang='lat' dir='ltr'><strong>in</strong></span> <span class='ocrx_word' id='word_1_18' title='bbox 1667 239 1796 274; x_wconf 74' lang='lat' dir='ltr'><strong>suprema</strong></span> 
     </span>
    </p>
   </div>
   <div class='ocr_carea' id='block_1_3' title="bbox 164 275 1798 321">
    <p class='ocr_par' dir='ltr' id='par_1_3' title="bbox 164 275 1798 321">
     <span class='ocr_line' id='line_1_3' title="bbox 164 275 1798 321; baseline 0.006 -17"><span class='ocrx_word' id='word_1_19' title='bbox 164 276 354 305; x_wconf 74' lang='lat' dir='ltr'><strong>contenderet.</strong></span> <span class='ocrx_word' id='word_1_20' title='bbox 371 275 440 304; x_wconf 81' lang='lat' dir='ltr'><strong>Nam</strong></span> <span class='ocrx_word' id='word_1_21' title='bbox 458 277 528 312; x_wconf 79' lang='lat' dir='ltr'><strong>ignis</strong></span> <span class='ocrx_word' id='word_1_22' title='bbox 548 284 598 304; x_wconf 86' lang='lat' dir='ltr'><strong>sua</strong></span> <span class='ocrx_word' id='word_1_23' title='bbox 615 280 714 304; x_wconf 88' lang='lat' dir='ltr'><strong>natura</strong></span> <span class='ocrx_word' id='word_1_24' title='bbox 727 285 837 305; x_wconf 88' lang='lat' dir='ltr'><strong>sursum</strong></span> <span class='ocrx_word' id='word_1_25' title='bbox 856 277 954 304; x_wconf 76' lang='lat' dir='ltr'><strong>tendit.</strong></span> <span class='ocrx_word' id='word_1_26' title='bbox 974 278 1066 307; x_wconf 80' lang='lat' dir='ltr'><strong>Itaque</strong></span> <span class='ocrx_word' id='word_1_27' title='bbox 1082 287 1210 315; x_wconf 86' lang='lat' dir='ltr'><strong>supremo</strong></span> <span class='ocrx_word' id='word_1_28' title='bbox 1225 281 1295 308; x_wconf 79' lang='lat' dir='ltr'><strong>cmlo</strong></span> <span class='ocrx_word' id='word_1_29' title='bbox 1310 281 1459 315; x_wconf 82' lang='lat' dir='ltr'><strong>conjuncta</strong></span> <span class='ocrx_word' id='word_1_30' title='bbox 1473 288 1516 310; x_wconf 86' lang='lat' dir='ltr'><strong>est</strong></span> <span class='ocrx_word' id='word_1_31' title='bbox 1534 290 1615 318; x_wconf 85' lang='lat' dir='ltr'><strong>aqua.</strong></span> <span class='ocrx_word' id='word_1_32' title='bbox 1649 289 1677 311; x_wconf 92' lang='lat' dir='ltr'><strong>ut</strong></span> <span class='ocrx_word' id='word_1_33' title='bbox 1706 287 1798 321; x_wconf 79' lang='lat' dir='ltr'><strong>splen-</strong></span> 
     </span>
    </p>
   </div>
   <div class='ocr_carea' id='block_1_4' title="bbox 163 321 722 356">
    <p class='ocr_par' dir='ltr' id='par_1_4' title="bbox 163 321 722 356">
     <span class='ocr_line' id='line_1_4' title="bbox 163 321 722 356; baseline 0 -8"><span class='ocrx_word' id='word_1_34' title='bbox 163 321 260 349; x_wconf 85' lang='lat' dir='ltr'><strong>dorem</strong></span> <span class='ocrx_word' id='word_1_35' title='bbox 276 321 309 349; x_wconf 91' lang='lat' dir='ltr'><strong>ad</strong></span> <span class='ocrx_word' id='word_1_36' title='bbox 325 321 379 348; x_wconf 89' lang='lat' dir='ltr'><strong>ima</strong></span> <span class='ocrx_word' id='word_1_37' title='bbox 399 321 526 349; x_wconf 82' lang='lat' dir='ltr'><strong>detrudat</strong></span> <span class='ocrx_word' id='word_1_38' title='bbox 540 325 566 348; x_wconf 88' lang='lat' dir='ltr'><strong>et</strong></span> <span class='ocrx_word' id='word_1_39' title='bbox 589 321 722 356; x_wconf 83' lang='lat' dir='ltr'><strong>impellat.</strong></span> 
     </span>
    </p>
   </div>
   <div class='ocr_carea' id='block_1_5' title="bbox 200 366 950 411">
    <p class='ocr_par' dir='ltr' id='par_1_5' title="bbox 200 366 950 402">
     <span class='ocr_line' id='line_1_5' title="bbox 200 366 950 402; baseline 0 -8"><span class='ocrx_word' id='word_1_40' title='bbox 200 367 280 398; x_wconf 82' lang='grc' dir='ltr'>Τινὲς</span> <span class='ocrx_word' id='word_1_41' title='bbox 294 367 323 393; x_wconf 81' lang='grc' dir='ltr'><strong>δὲ</strong></span> <span class='ocrx_word' id='word_1_42' title='bbox 341 367 477 402; x_wconf 81' lang='grc' dir='ltr'><strong>προφάσει</strong></span> <span class='ocrx_word' id='word_1_43' title='bbox 491 366 574 402; x_wconf 81' lang='grc' dir='ltr'>δῆθεν</span> <span class='ocrx_word' id='word_1_44' title='bbox 586 366 758 402; x_wconf 75' lang='grc' dir='ltr'><strong>ὑψηλοτέρας</strong></span> <span class='ocrx_word' id='word_1_45' title='bbox 768 369 888 402; x_wconf 75' lang='grc' dir='ltr'><strong>νοήσεως</strong></span> <span class='ocrx_word' id='word_1_46' title='bbox 906 368 950 394; x_wconf 71' lang='grc' dir='ltr'><strong>ἐπὶ</strong></span> 
     </span>
    </p>
   </div>
   <div class='ocr_carea' id='block_1_6' title="bbox 1001 366 1793 411">
    <p class='ocr_par' dir='ltr' id='par_1_6' title="bbox 1039 368 1793 411">
     <span class='ocr_line' id='line_1_6' title="bbox 1039 368 1793 411; baseline 0.016 -18"><span class='ocrx_word' id='word_1_47' title='bbox 1039 368 1155 400; x_wconf 73' lang='lat' dir='ltr'><strong>Quidam</strong></span> <span class='ocrx_word' id='word_1_48' title='bbox 1177 369 1282 397; x_wconf 85' lang='lat' dir='ltr'><strong>altioris</strong></span> <span class='ocrx_word' id='word_1_49' title='bbox 1315 370 1406 404; x_wconf 90' lang='lat' dir='ltr'><strong>cupidi</strong></span> <span class='ocrx_word' id='word_1_50' title='bbox 1432 371 1574 404; x_wconf 66' lang='lat' dir='ltr'><strong>scientiae,</strong></span> <span class='ocrx_word' id='word_1_51' title='bbox 1591 373 1626 400; x_wconf 86' lang='lat' dir='ltr'><strong>ad</strong></span> <span class='ocrx_word' id='word_1_52' title='bbox 1647 375 1793 411; x_wconf 77' lang='lat' dir='ltr'><strong>allegorias</strong></span> 
     </span>
    </p>
   </div>
   <div class='ocr_carea' id='block_1_7' title="bbox 161 412 953 448">
    <p class='ocr_par' dir='ltr' id='par_1_7' title="bbox 161 412 953 448">
     <span class='ocr_line' id='line_1_7' title="bbox 161 412 953 448; baseline 0 -8"><span class='ocrx_word' id='word_1_53' title='bbox 161 413 214 445; x_wconf 68' lang='grc' dir='ltr'><strong>τὰς</strong></span> <span class='ocrx_word' id='word_1_54' title='bbox 234 412 401 448; x_wconf 65' lang='grc' dir='ltr'>ἀλληγορίας</span> <span class='ocrx_word' id='word_1_55' title='bbox 422 412 592 447; x_wconf 77' lang='grc' dir='ltr'><strong>κατέφυγον·</strong></span> <span class='ocrx_word' id='word_1_56' title='bbox 611 413 743 448; x_wconf 86' lang='grc' dir='ltr'>δυνάμεις</span> <span class='ocrx_word' id='word_1_57' title='bbox 765 414 953 448; x_wconf 73' lang='grc' dir='ltr'><strong>πνευματικὰς</strong></span> 
     </span>
    </p>
   </div>
   <div class='ocr_carea' id='block_1_8' title="bbox 162 458 954 494">
    <p class='ocr_par' dir='ltr' id='par_1_8' title="bbox 162 458 954 494">
     <span class='ocr_line' id='line_1_8' title="bbox 162 458 954 494; baseline -0.001 -8"><span class='ocrx_word' id='word_1_58' title='bbox 162 458 201 486; x_wconf 84' lang='grc' dir='ltr'>τὰ</span> <span class='ocrx_word' id='word_1_59' title='bbox 211 458 307 486; x_wconf 81' lang='grc' dir='ltr'>ὕδατα</span> <span class='ocrx_word' id='word_1_60' title='bbox 319 458 455 492; x_wconf 81' lang='grc' dir='ltr'>λέγοντες,</span> <span class='ocrx_word' id='word_1_61' title='bbox 467 458 516 490; x_wconf 79' lang='grc' dir='ltr'><strong>τὰς</strong></span> <span class='ocrx_word' id='word_1_62' title='bbox 530 458 580 493; x_wconf 80' lang='grc' dir='ltr'>μὲν</span> <span class='ocrx_word' id='word_1_63' title='bbox 599 459 741 494; x_wconf 76' lang='grc' dir='ltr'><strong>κρείττους</strong></span> <span class='ocrx_word' id='word_1_64' title='bbox 757 459 805 484; x_wconf 80' lang='grc' dir='ltr'><strong>καὶ</strong></span> <span class='ocrx_word' id='word_1_65' title='bbox 823 460 878 486; x_wconf 82' lang='grc' dir='ltr'>ἄνω</span> <span class='ocrx_word' id='word_1_66' title='bbox 893 467 954 493; x_wconf 89' lang='grc' dir='ltr'>μει-</span> 
     </span>
    </p>
   </div>
   <div class='ocr_carea' id='block_1_9' title="bbox 162 503 954 539">
    <p class='ocr_par' dir='ltr' id='par_1_9' title="bbox 162 503 954 539">
     <span class='ocr_line' id='line_1_9' title="bbox 162 503 954 539; baseline -0.001 -8"><span class='ocrx_word' id='word_1_67' title='bbox 162 504 260 536; x_wconf 79' lang='grc' dir='ltr'>νάσας,</span> <span class='ocrx_word' id='word_1_68' title='bbox 288 504 392 535; x_wconf 84' lang='grc' dir='ltr'>αἵτινες</span> <span class='ocrx_word' id='word_1_69' title='bbox 406 504 454 530; x_wconf 73' lang='grc' dir='ltr'>καὶ</span> <span class='ocrx_word' id='word_1_70' title='bbox 468 504 564 539; x_wconf 84' lang='grc' dir='ltr'>ὑμνεῖν</span> <span class='ocrx_word' id='word_1_71' title='bbox 581 503 706 538; x_wconf 89' lang='grc' dir='ltr'>λέγονται</span> <span class='ocrx_word' id='word_1_72' title='bbox 717 504 762 530; x_wconf 81' lang='grc' dir='ltr'>τὸν</span> <span class='ocrx_word' id='word_1_73' title='bbox 775 504 852 534; x_wconf 72' lang='grc' dir='ltr'>Θεὸν,</span> <span class='ocrx_word' id='word_1_74' title='bbox 870 504 954 530; x_wconf 75' lang='grc' dir='ltr'>ὕδατα</span> 
     </span>
    </p>
   </div>
   <div class='ocr_carea' id='block_1_10' title="bbox 161 549 955 585">
    <p class='ocr_par' dir='ltr' id='par_1_10' title="bbox 161 549 955 585">
     <span class='ocr_line' id='line_1_10' title="bbox 161 549 955 585; baseline 0.001 -9"><span class='ocrx_word' id='word_1_75' title='bbox 161 550 258 577; x_wconf 78' lang='grc' dir='ltr'>ἐπάνω</span> <span class='ocrx_word' id='word_1_76' title='bbox 272 549 319 576; x_wconf 89' lang='grc' dir='ltr'><strong>τοῦ</strong></span> <span class='ocrx_word' id='word_1_77' title='bbox 335 549 451 585; x_wconf 85' lang='grc' dir='ltr'>οὐρανοῦ</span> <span class='ocrx_word' id='word_1_78' title='bbox 477 549 639 585; x_wconf 82' lang='grc' dir='ltr'>λεγόμεναι·</span> <span class='ocrx_word' id='word_1_79' title='bbox 665 550 715 582; x_wconf 82' lang='grc' dir='ltr'><strong>τὰς</strong></span> <span class='ocrx_word' id='word_1_80' title='bbox 730 550 758 576; x_wconf 80' lang='grc' dir='ltr'>δὲ</span> <span class='ocrx_word' id='word_1_81' title='bbox 781 550 889 585; x_wconf 78' lang='grc' dir='ltr'><strong>χείρους</strong></span> <span class='ocrx_word' id='word_1_82' title='bbox 908 551 955 577; x_wconf 80' lang='grc' dir='ltr'>καὶ</span> 
     </span>
    </p>
   </div>
   <div class='ocr_carea' id='block_1_11' title="bbox 160 595 956 632">
    <p class='ocr_par' dir='ltr' id='par_1_11' title="bbox 160 595 956 632">
     <span class='ocr_line' id='line_1_11' title="bbox 160 595 956 632; baseline 0.001 -10"><span class='ocrx_word' id='word_1_83' title='bbox 160 596 320 631; x_wconf 73' lang='grc' dir='ltr'>ιπεριγεῐους</span> <span class='ocrx_word' id='word_1_84' title='bbox 344 596 512 631; x_wconf 74' lang='grc' dir='ltr'><strong>γενομένας·</strong></span> <span class='ocrx_word' id='word_1_85' title='bbox 541 596 636 632; x_wconf 82' lang='grc' dir='ltr'>αἴπερ,</span> <span class='ocrx_word' id='word_1_86' title='bbox 653 596 691 628; x_wconf 85' lang='grc' dir='ltr'>ὡς</span> <span class='ocrx_word' id='word_1_87' title='bbox 715 595 883 632; x_wconf 81' lang='grc' dir='ltr'><strong>ταραχώδεις</strong></span> <span class='ocrx_word' id='word_1_88' title='bbox 906 596 956 623; x_wconf 72' lang='grc' dir='ltr'><strong>καὶ</strong></span> 
     </span>
    </p>
   </div>
   <div class='ocr_carea' id='block_1_12' title="bbox 160 642 953 678">
    <p class='ocr_par' dir='ltr' id='par_1_12' title="bbox 160 642 953 678">
     <span class='ocr_line' id='line_1_12' title="bbox 160 642 953 678; baseline 0.001 -10"><span class='ocrx_word' id='word_1_89' title='bbox 160 642 289 678; x_wconf 79' lang='grc' dir='ltr'>Θορὺὃοις</span> <span class='ocrx_word' id='word_1_90' title='bbox 306 642 402 669; x_wconf 84' lang='grc' dir='ltr'>παθῶν</span> <span class='ocrx_word' id='word_1_91' title='bbox 416 642 628 677; x_wconf 81' lang='grc' dir='ltr'>κυμαινόμεναι,</span> <span class='ocrx_word' id='word_1_92' title='bbox 649 643 783 669; x_wconf 82' lang='grc' dir='ltr'><strong>θάλασσαι</strong></span> <span class='ocrx_word' id='word_1_93' title='bbox 807 642 935 677; x_wconf 83' lang='grc' dir='ltr'>λέγονται</span> <span class='ocrx_word' id='word_1_94' title='bbox 946 651 953 658; x_wconf 93' lang='grc'><strong>·</strong></span> 
     </span>
    </p>
   </div>
   <div class='ocr_carea' id='block_1_13' title="bbox 160 688 955 724">
    <p class='ocr_par' dir='ltr' id='par_1_13' title="bbox 160 688 955 724">
     <span class='ocr_line' id='line_1_13' title="bbox 160 688 955 724; baseline 0 -9"><span class='ocrx_word' id='word_1_95' title='bbox 160 689 249 715; x_wconf 77' lang='grc' dir='ltr'>ταῦτα</span> <span class='ocrx_word' id='word_1_96' title='bbox 263 688 291 715; x_wconf 81' lang='grc' dir='ltr'><strong>δὲ</strong></span> <span class='ocrx_word' id='word_1_97' title='bbox 313 688 398 724; x_wconf 83' lang='grc' dir='ltr'>μῦθος</span> <span class='ocrx_word' id='word_1_98' title='bbox 409 689 456 715; x_wconf 72' lang='grc' dir='ltr'><strong>καὶ</strong></span> <span class='ocrx_word' id='word_1_99' title='bbox 472 689 566 724; x_wconf 83' lang='grc' dir='ltr'>λῆρος.</span> <span class='ocrx_word' id='word_1_100' title='bbox 585 689 644 716; x_wconf 83' lang='grc' dir='ltr'>Κᾶν</span> <span class='ocrx_word' id='word_1_101' title='bbox 660 689 715 724; x_wconf 81' lang='grc' dir='ltr'><strong>γὰρ</strong></span> <span class='ocrx_word' id='word_1_102' title='bbox 731 689 826 724; x_wconf 83' lang='grc' dir='ltr'><strong>ὑμνεῖν</strong></span> <span class='ocrx_word' id='word_1_103' title='bbox 841 689 955 724; x_wconf 81' lang='grc' dir='ltr'><strong>λέγηται</strong></span> 
     </span>
    </p>
   </div>
   <div class='ocr_carea' id='block_1_14' title="bbox 159 734 955 770">
    <p class='ocr_par' dir='ltr' id='par_1_14' title="bbox 159 734 955 770">
     <span class='ocr_line' id='line_1_14' title="bbox 159 734 955 770; baseline 0 -9"><span class='ocrx_word' id='word_1_104' title='bbox 159 734 208 761; x_wconf 80' lang='grc' dir='ltr'><strong>τὸν</strong></span> <span class='ocrx_word' id='word_1_105' title='bbox 226 734 292 761; x_wconf 80' lang='grc' dir='ltr'>Θεὸν</span> <span class='ocrx_word' id='word_1_106' title='bbox 307 735 341 761; x_wconf 78' lang='grc' dir='ltr'><strong>τά</strong></span> <span class='ocrx_word' id='word_1_107' title='bbox 370 735 462 761; x_wconf 80' lang='grc' dir='ltr'>ἐπάνω</span> <span class='ocrx_word' id='word_1_108' title='bbox 479 734 525 761; x_wconf 85' lang='grc' dir='ltr'><strong>τοῦ</strong></span> <span class='ocrx_word' id='word_1_109' title='bbox 546 734 664 770; x_wconf 80' lang='grc' dir='ltr'>οὐρανοῦ</span> <span class='ocrx_word' id='word_1_110' title='bbox 679 734 774 766; x_wconf 78' lang='grc' dir='ltr'>ὕδατα,</span> <span class='ocrx_word' id='word_1_111' title='bbox 790 735 821 761; x_wconf 85' lang='grc' dir='ltr'>οὐ</span> <span class='ocrx_word' id='word_1_112' title='bbox 841 735 955 770; x_wconf 83' lang='grc' dir='ltr'>λογικὴν</span> 
     </span>
    </p>
   </div>
   <div class='ocr_carea' id='block_1_15' title="bbox 159 779 955 816">
    <p class='ocr_par' dir='ltr' id='par_1_15' title="bbox 159 779 955 816">
     <span class='ocr_line' id='line_1_15' title="bbox 159 779 955 816; baseline -0.001 -8"><span class='ocrx_word' id='word_1_113' title='bbox 159 781 234 808; x_wconf 78' lang='grc' dir='ltr'>αὐτὰ</span> <span class='ocrx_word' id='word_1_114' title='bbox 248 779 331 815; x_wconf 78' lang='grc' dir='ltr'>φύσιν</span> <span class='ocrx_word' id='word_1_115' title='bbox 349 781 426 815; x_wconf 70' lang='grc' dir='ltr'>παρὰ</span> <span class='ocrx_word' id='word_1_116' title='bbox 443 779 522 807; x_wconf 85' lang='grc' dir='ltr'>τοῦτο</span> <span class='ocrx_word' id='word_1_117' title='bbox 543 780 691 816; x_wconf 76' lang='grc' dir='ltr'><strong>τιθέμεθα·</strong></span> <span class='ocrx_word' id='word_1_118' title='bbox 709 780 771 807; x_wconf 77' lang='grc' dir='ltr'>οὒτε</span> <span class='ocrx_word' id='word_1_119' title='bbox 785 781 839 816; x_wconf 87' lang='grc' dir='ltr'>γὰρ</span> <span class='ocrx_word' id='word_1_120' title='bbox 867 781 891 807; x_wconf 89' lang='grc' dir='ltr'>οἱ</span> <span class='ocrx_word' id='word_1_121' title='bbox 909 781 955 807; x_wconf 79' lang='grc' dir='ltr'><strong>οὺ-</strong></span> 
     </span>
    </p>
   </div>
   <div class='ocr_carea' id='block_1_16' title="bbox 160 826 956 863">
    <p class='ocr_par' dir='ltr' id='par_1_16' title="bbox 160 826 956 863">
     <span class='ocr_line' id='line_1_16' title="bbox 160 826 956 863; baseline -0.001 -10"><span class='ocrx_word' id='word_1_122' title='bbox 160 828 237 863; x_wconf 76' lang='grc' dir='ltr'>ρανοὶ</span> <span class='ocrx_word' id='word_1_123' title='bbox 256 827 384 862; x_wconf 79' lang='grc' dir='ltr'>έμψυχοι,</span> <span class='ocrx_word' id='word_1_124' title='bbox 399 826 496 862; x_wconf 73' lang='grc' dir='ltr'>ἐπειδὴ</span> <span class='ocrx_word' id='word_1_125' title='bbox 514 826 672 862; x_wconf 80' lang='grc' dir='ltr'><strong>διηγοῦνται</strong></span> <span class='ocrx_word' id='word_1_126' title='bbox 689 827 769 860; x_wconf 76' lang='grc' dir='ltr'>δόξαν</span> <span class='ocrx_word' id='word_1_127' title='bbox 791 827 878 854; x_wconf 83' lang='grc' dir='ltr'>Θεοῦ·</span> <span class='ocrx_word' id='word_1_128' title='bbox 895 826 956 853; x_wconf 78' lang='grc' dir='ltr'><strong>οὐδὲ</strong></span> 
     </span>
    </p>
   </div>
   <div class='ocr_carea' id='block_1_17' title="bbox 158 872 955 909">
    <p class='ocr_par' dir='ltr' id='par_1_17' title="bbox 158 872 955 909">
     <span class='ocr_line' id='line_1_17' title="bbox 158 872 955 909; baseline -0.001 -9"><span class='ocrx_word' id='word_1_129' title='bbox 158 874 191 900; x_wconf 82' lang='grc' dir='ltr'>τὸ</span> <span class='ocrx_word' id='word_1_130' title='bbox 207 873 353 909; x_wconf 78' lang='grc' dir='ltr'><strong>στερέωμα</strong></span> <span class='ocrx_word' id='word_1_131' title='bbox 369 872 438 904; x_wconf 82' lang='grc' dir='ltr'><strong>ζῶόν</strong></span> <span class='ocrx_word' id='word_1_132' title='bbox 461 873 536 899; x_wconf 72' lang='grc' dir='ltr'>ἐστιν</span> <span class='ocrx_word' id='word_1_133' title='bbox 552 872 722 908; x_wconf 72' lang='grc' dir='ltr'>αἰσθητικὸν,</span> <span class='ocrx_word' id='word_1_134' title='bbox 747 873 843 908; x_wconf 76' lang='grc' dir='ltr'>ἐπειδὴ</span> <span class='ocrx_word' id='word_1_135' title='bbox 869 873 955 906; x_wconf 82' lang='grc' dir='ltr'>ἀναγ-</span> 
     </span>
    </p>
   </div>
   <div class='ocr_carea' id='block_1_18' title="bbox 160 919 956 955">
    <p class='ocr_par' dir='ltr' id='par_1_18' title="bbox 160 919 956 955">
     <span class='ocr_line' id='line_1_18' title="bbox 160 919 956 955; baseline -0.001 -9"><span class='ocrx_word' id='word_1_136' title='bbox 160 920 252 954; x_wconf 80' lang='grc' dir='ltr'>γέλλει</span> <span class='ocrx_word' id='word_1_137' title='bbox 263 920 373 955; x_wconf 80' lang='grc' dir='ltr'>ποίησιν</span> <span class='ocrx_word' id='word_1_138' title='bbox 392 919 446 947; x_wconf 87' lang='grc' dir='ltr'><strong>τῶν</strong></span> <span class='ocrx_word' id='word_1_139' title='bbox 462 919 564 955; x_wconf 84' lang='grc' dir='ltr'>χειρῶν</span> <span class='ocrx_word' id='word_1_140' title='bbox 578 919 677 947; x_wconf 77' lang='grc' dir='ltr'>αὐτοῦ·</span> <span class='ocrx_word' id='word_1_141' title='bbox 693 920 740 946; x_wconf 74' lang='grc' dir='ltr'><strong>καὶ</strong></span> <span class='ocrx_word' id='word_1_142' title='bbox 753 919 850 955; x_wconf 81' lang='grc' dir='ltr'>δρόσος</span> <span class='ocrx_word' id='word_1_143' title='bbox 863 919 892 945; x_wconf 83' lang='grc' dir='ltr'><strong>δὲ</strong></span> <span class='ocrx_word' id='word_1_144' title='bbox 909 919 956 946; x_wconf 76' lang='grc' dir='ltr'><strong>καὶ</strong></span> 
     </span>
    </p>
   </div>
   <div class='ocr_carea' id='block_1_19' title="bbox 158 964 954 1001">
    <p class='ocr_par' dir='ltr' id='par_1_19' title="bbox 158 964 954 1001">
     <span class='ocr_line' id='line_1_19' title="bbox 158 964 954 1001; baseline 0 -9"><span class='ocrx_word' id='word_1_145' title='bbox 158 967 253 1001; x_wconf 79' lang='grc' dir='ltr'>πάχνη</span> <span class='ocrx_word' id='word_1_146' title='bbox 280 967 329 993; x_wconf 71' lang='grc' dir='ltr'>καὶ</span> <span class='ocrx_word' id='word_1_147' title='bbox 351 965 446 1001; x_wconf 77' lang='grc' dir='ltr'>καῦμα</span> <span class='ocrx_word' id='word_1_148' title='bbox 459 966 555 1001; x_wconf 81' lang='grc' dir='ltr'>ὑμνεῖν</span> <span class='ocrx_word' id='word_1_149' title='bbox 577 965 686 1000; x_wconf 84' lang='grc' dir='ltr'>λέγεται</span> <span class='ocrx_word' id='word_1_150' title='bbox 701 965 746 993; x_wconf 77' lang='grc' dir='ltr'>τὸν</span> <span class='ocrx_word' id='word_1_151' title='bbox 769 964 954 1001; x_wconf 85' lang='grc' dir='ltr'>Δημιουργόν.</span> 
     </span>
    </p>
   </div>
   <div class='ocr_carea' id='block_1_20' title="bbox 164 1011 956 1046">
    <p class='ocr_par' dir='ltr' id='par_1_20' title="bbox 164 1011 956 1046">
     <span class='ocr_line' id='line_1_20' title="bbox 164 1011 956 1046; baseline -0.003 -8"><span class='ocrx_word' id='word_1_152' title='bbox 164 1012 248 1038; x_wconf 75' lang='grc' dir='ltr'>Ἀλλὰ</span> <span class='ocrx_word' id='word_1_153' title='bbox 261 1011 316 1046; x_wconf 84' lang='grc' dir='ltr'><strong>γὰρ</strong></span> <span class='ocrx_word' id='word_1_154' title='bbox 330 1012 344 1038; x_wconf 82' lang='grc' dir='ltr'>ὁ</span> <span class='ocrx_word' id='word_1_155' title='bbox 356 1012 386 1038; x_wconf 84' lang='grc' dir='ltr'><strong>ὲν</strong></span> <span class='ocrx_word' id='word_1_156' title='bbox 401 1011 506 1043; x_wconf 83' lang='grc' dir='ltr'>τούτοις</span> <span class='ocrx_word' id='word_1_157' title='bbox 531 1011 607 1046; x_wconf 85' lang='grc' dir='ltr'>παρὰ</span> <span class='ocrx_word' id='word_1_158' title='bbox 621 1011 675 1037; x_wconf 83' lang='grc' dir='ltr'>τῶν</span> <span class='ocrx_word' id='word_1_159' title='bbox 700 1011 762 1037; x_wconf 83' lang='grc' dir='ltr'>νοῦν</span> <span class='ocrx_word' id='word_1_160' title='bbox 777 1011 892 1046; x_wconf 82' lang='grc' dir='ltr'>ἑχόντων</span> <span class='ocrx_word' id='word_1_161' title='bbox 911 1018 956 1037; x_wconf 89' lang='grc' dir='ltr'>τε-</span> 
     </span>
    </p>
   </div>
   <div class='ocr_carea' id='block_1_21' title="bbox 159 1057 952 1093">
    <p class='ocr_par' dir='ltr' id='par_1_21' title="bbox 159 1057 952 1093">
     <span class='ocr_line' id='line_1_21' title="bbox 159 1057 952 1093; baseline -0.014 -1"><span class='ocrx_word' id='word_1_162' title='bbox 159 1058 335 1093; x_wconf 67' lang='grc' dir='ltr'>θεώρημένος</span> <span class='ocrx_word' id='word_1_163' title='bbox 359 1057 603 1093; x_wconf 71' lang='grc' dir='ltr'>ἐκλαμϐανόμενος</span> <span class='ocrx_word' id='word_1_164' title='bbox 635 1057 867 1092; x_wconf 81' lang='grc' dir='ltr'>συμπληρωτικὸς</span> <span class='ocrx_word' id='word_1_165' title='bbox 893 1057 952 1083; x_wconf 75' lang='grc' dir='ltr'>ἐστι</span> 
     </span>
    </p>
   </div>
   <div class='ocr_carea' id='block_1_22' title="bbox 156 1103 953 1139">
    <p class='ocr_par' dir='ltr' id='par_1_22' title="bbox 156 1103 953 1139">
     <span class='ocr_line' id='line_1_22' title="bbox 156 1103 953 1139; baseline -0.001 -9"><span class='ocrx_word' id='word_1_166' title='bbox 156 1105 209 1139; x_wconf 72' lang='grc' dir='ltr'>τῆς</span> <span class='ocrx_word' id='word_1_167' title='bbox 223 1103 382 1138; x_wconf 76' lang='grc' dir='ltr'>δοξολογιας</span> <span class='ocrx_word' id='word_1_168' title='bbox 399 1103 447 1130; x_wconf 84' lang='grc' dir='ltr'><strong>τοῦ</strong></span> <span class='ocrx_word' id='word_1_169' title='bbox 463 1104 622 1135; x_wconf 71' lang='grc' dir='ltr'>κτίσαντος.</span> <span class='ocrx_word' id='word_1_170' title='bbox 640 1103 792 1138; x_wconf 77' lang='grc' dir='ltr'>Τοιγαροῦν</span> <span class='ocrx_word' id='word_1_171' title='bbox 808 1103 855 1130; x_wconf 78' lang='grc' dir='ltr'><strong>καὶ</strong></span> <span class='ocrx_word' id='word_1_172' title='bbox 869 1103 902 1130; x_wconf 85' lang='grc' dir='ltr'>τὰ</span> <span class='ocrx_word' id='word_1_173' title='bbox 920 1103 953 1129; x_wconf 81' lang='grc' dir='ltr'><strong>ὲκ</strong></span> 
     </span>
    </p>
   </div>
   <div class='ocr_carea' id='block_1_23' title="bbox 156 1148 953 1185">
    <p class='ocr_par' dir='ltr' id='par_1_23' title="bbox 156 1148 953 1185">
     <span class='ocr_line' id='line_1_23' title="bbox 156 1148 953 1185; baseline -0.001 -9"><span class='ocrx_word' id='word_1_174' title='bbox 156 1150 209 1184; x_wconf 83' lang='grc' dir='ltr'>τῆς</span> <span class='ocrx_word' id='word_1_175' title='bbox 221 1150 273 1184; x_wconf 82' lang='grc' dir='ltr'>γῆς</span> <span class='ocrx_word' id='word_1_176' title='bbox 290 1149 413 1177; x_wconf 78' lang='grc' dir='ltr'>αἰνοῦσιν</span> <span class='ocrx_word' id='word_1_177' title='bbox 431 1149 514 1175; x_wconf 83' lang='grc' dir='ltr'>αὐτὸν</span> <span class='ocrx_word' id='word_1_178' title='bbox 530 1148 628 1182; x_wconf 76' lang='grc' dir='ltr'>ὕδατα,</span> <span class='ocrx_word' id='word_1_179' title='bbox 643 1148 790 1185; x_wconf 55' lang='grc' dir='ltr'>δράκοντες</span> <span class='ocrx_word' id='word_1_180' title='bbox 804 1148 852 1175; x_wconf 81' lang='grc' dir='ltr'>καὶ</span> <span class='ocrx_word' id='word_1_181' title='bbox 866 1148 953 1175; x_wconf 82' lang='grc' dir='ltr'>πᾶσαι</span> 
     </span>
    </p>
   </div>
   <div class='ocr_carea' id='block_1_24' title="bbox 156 1193 952 1230">
    <p class='ocr_par' dir='ltr' id='par_1_24' title="bbox 156 1193 952 1230">
     <span class='ocr_line' id='line_1_24' title="bbox 156 1193 952 1230; baseline 0 -8"><span class='ocrx_word' id='word_1_182' title='bbox 156 1196 286 1223; x_wconf 73' lang='grc' dir='ltr'>ἇῦυσσοι.</span> <span class='ocrx_word' id='word_1_183' title='bbox 302 1195 366 1226; x_wconf 85' lang='grc' dir='ltr'><strong>Πῶς</strong></span> <span class='ocrx_word' id='word_1_184' title='bbox 381 1195 429 1222; x_wconf 80' lang='grc' dir='ltr'>οὖν</span> <span class='ocrx_word' id='word_1_185' title='bbox 442 1196 459 1230; x_wconf 85' lang='grc' dir='ltr'>ὴ</span> <span class='ocrx_word' id='word_1_186' title='bbox 475 1194 594 1226; x_wconf 79' lang='grc' dir='ltr'>ἄϐυσσος</span> <span class='ocrx_word' id='word_1_187' title='bbox 610 1194 741 1230; x_wconf 84' lang='grc' dir='ltr'>χειρόνων</span> <span class='ocrx_word' id='word_1_188' title='bbox 753 1193 855 1230; x_wconf 79' lang='grc' dir='ltr'>πλῆθος</span> <span class='ocrx_word' id='word_1_189' title='bbox 872 1194 952 1222; x_wconf 84' lang='grc' dir='ltr'>δυνά·</span> 
     </span>
    </p>
   </div>
   <div class='ocr_carea' id='block_1_25' title="bbox 158 1240 951 1277">
    <p class='ocr_par' dir='ltr' id='par_1_25' title="bbox 158 1240 951 1277">
     <span class='ocr_line' id='line_1_25' title="bbox 158 1240 951 1277; baseline -0.001 -10"><span class='ocrx_word' id='word_1_190' title='bbox 158 1251 234 1277; x_wconf 81' lang='grc' dir='ltr'>μεων</span> <span class='ocrx_word' id='word_1_191' title='bbox 255 1241 424 1277; x_wconf 73' lang='grc' dir='ltr'><strong>ὑπείληπται</strong></span> <span class='ocrx_word' id='word_1_192' title='bbox 451 1241 517 1276; x_wconf 86' lang='grc' dir='ltr'>παρ’</span> <span class='ocrx_word' id='word_1_193' title='bbox 547 1241 612 1276; x_wconf 86' lang='grc' dir='ltr'>ὑμῖν</span> <span class='ocrx_word' id='word_1_194' title='bbox 637 1240 737 1275; x_wconf 83' lang='grc' dir='ltr'>ὁμοίως</span> <span class='ocrx_word' id='word_1_195' title='bbox 766 1240 881 1267; x_wconf 78' lang='grc' dir='ltr'>αἰνοῦσα</span> <span class='ocrx_word' id='word_1_196' title='bbox 905 1240 951 1267; x_wconf 79' lang='grc' dir='ltr'>τὸν</span> 
     </span>
    </p>
   </div>
   <div class='ocr_carea' id='block_1_26' title="bbox 159 1284 950 1323">
    <p class='ocr_par' dir='ltr' id='par_1_26' title="bbox 159 1284 950 1323">
     <span class='ocr_line' id='line_1_26' title="bbox 159 1284 950 1323; baseline -0.001 -9"><span class='ocrx_word' id='word_1_197' title='bbox 159 1288 263 1323; x_wconf 69' lang='grc' dir='ltr'>Κύριον</span> <span class='ocrx_word' id='word_1_198' title='bbox 281 1288 339 1319; x_wconf 81' lang='grc' dir='ltr'>τοῖς</span> <span class='ocrx_word' id='word_1_199' title='bbox 355 1287 446 1319; x_wconf 80' lang='grc' dir='ltr'>ὕδασι,</span> <span class='ocrx_word' id='word_1_200' title='bbox 465 1289 522 1319; x_wconf 76' lang='grc' dir='ltr'>τοῖς</span> <span class='ocrx_word' id='word_1_201' title='bbox 535 1288 564 1313; x_wconf 81' lang='grc' dir='ltr'>ἐν</span> <span class='ocrx_word' id='word_1_202' title='bbox 580 1286 698 1322; x_wconf 80' lang='grc' dir='ltr'>οὐρανῷ,</span> <span class='ocrx_word' id='word_1_203' title='bbox 715 1286 733 1313; x_wconf 78' lang='grc' dir='ltr'><strong>ἃ.</strong></span> <span class='ocrx_word' id='word_1_204' title='bbox 747 1286 791 1313; x_wconf 72' lang='grc' dir='ltr'><strong>διὰ</strong></span> <span class='ocrx_word' id='word_1_205' title='bbox 808 1286 853 1313; x_wconf 84' lang='grc' dir='ltr'>τὸν</span> <span class='ocrx_word' id='word_1_206' title='bbox 874 1284 950 1313; x_wconf 85' lang='grc' dir='ltr'>αἶνον</span> 
     </span>
    </p>
   </div>
   <div class='ocr_carea' id='block_1_27' title="bbox 160 1330 949 1368">
    <p class='ocr_par' dir='ltr' id='par_1_27' title="bbox 160 1330 949 1368">
     <span class='ocr_line' id='line_1_27' title="bbox 160 1330 949 1368; baseline -0.003 -9"><span class='ocrx_word' id='word_1_207' title='bbox 160 1333 303 1368; x_wconf 71' lang='grc' dir='ltr'>κρείττους</span> <span class='ocrx_word' id='word_1_208' title='bbox 321 1332 452 1368; x_wconf 83' lang='grc' dir='ltr'>δυνάμεις</span> <span class='ocrx_word' id='word_1_209' title='bbox 484 1331 642 1367; x_wconf 79' lang='grc' dir='ltr'>νομίζεται;</span> <span class='ocrx_word' id='word_1_210' title='bbox 667 1332 784 1358; x_wconf 80' lang='grc' dir='ltr'>Κάκεῑνο</span> <span class='ocrx_word' id='word_1_211' title='bbox 802 1331 832 1357; x_wconf 81' lang='grc' dir='ltr'><strong>δὲ</strong></span> <span class='ocrx_word' id='word_1_212' title='bbox 852 1330 949 1365; x_wconf 79' lang='grc' dir='ltr'>ψεῦδος</span> 
     </span>
    </p>
   </div>
   <div class='ocr_carea' id='block_1_28' title="bbox 158 1375 950 1415">
    <p class='ocr_par' dir='ltr' id='par_1_28' title="bbox 158 1375 950 1415">
     <span class='ocr_line' id='line_1_28' title="bbox 158 1375 950 1415; baseline -0.003 -9"><span class='ocrx_word' id='word_1_213' title='bbox 158 1379 385 1415; x_wconf 73' lang='grc' dir='ltr'>κεκομψευμένον</span> <span class='ocrx_word' id='word_1_214' title='bbox 414 1378 445 1405; x_wconf 82' lang='grc' dir='ltr'>τδ</span> <span class='ocrx_word' id='word_1_215' title='bbox 470 1378 562 1412; x_wconf 86' lang='grc' dir='ltr'>λέγειν</span> <span class='ocrx_word' id='word_1_216' title='bbox 587 1378 702 1413; x_wconf 70' lang='grc' dir='ltr'>οὐρανὸν</span> <span class='ocrx_word' id='word_1_217' title='bbox 730 1377 779 1412; x_wconf 81' lang='grc' dir='ltr'>μὲν</span> <span class='ocrx_word' id='word_1_218' title='bbox 806 1375 876 1404; x_wconf 83' lang='grc' dir='ltr'>εἶναι</span> <span class='ocrx_word' id='word_1_219' title='bbox 899 1377 950 1410; x_wconf 83' lang='grc' dir='ltr'><strong>τὰς</strong></span> 
     </span>
    </p>
   </div>
   <div class='ocr_carea' id='block_1_29' title="bbox 158 1423 948 1462">
    <p class='ocr_par' dir='ltr' id='par_1_29' title="bbox 158 1423 948 1462">
     <span class='ocr_line' id='line_1_29' title="bbox 158 1423 948 1462; baseline -0.003 -10"><span class='ocrx_word' id='word_1_220' title='bbox 158 1425 332 1462; x_wconf 73' lang='grc' dir='ltr'>θεωρητικὰς</span> <span class='ocrx_word' id='word_1_221' title='bbox 354 1425 501 1460; x_wconf 86' lang='grc' dir='ltr'>δυνάμεις,</span> <span class='ocrx_word' id='word_1_222' title='bbox 533 1425 677 1460; x_wconf 84' lang='grc' dir='ltr'>στερέωμα</span> <span class='ocrx_word' id='word_1_223' title='bbox 701 1423 731 1450; x_wconf 79' lang='grc' dir='ltr'><strong>δὲ</strong></span> <span class='ocrx_word' id='word_1_224' title='bbox 755 1423 806 1455; x_wconf 82' lang='grc' dir='ltr'><strong>τὰς</strong></span> <span class='ocrx_word' id='word_1_225' title='bbox 829 1431 948 1459; x_wconf 80' lang='grc' dir='ltr'>πρακτι-</span> 
     </span>
    </p>
   </div>
   <div class='ocr_carea' id='block_1_30' title="bbox 157 1481 222 1504">
    <p class='ocr_par' dir='ltr' id='par_1_30' title="bbox 157 1481 222 1504">
     <span class='ocr_line' id='line_1_30' title="bbox 157 1481 222 1504; baseline 0 -5"><span class='ocrx_word' id='word_1_226' title='bbox 157 1481 222 1504; x_wconf 80' lang='grc' dir='ltr'>κας.</span> 
     </span>
    </p>
   </div>
   <div class='ocr_carea' id='block_1_31' title="bbox 1004 414 1797 457">
    <p class='ocr_par' dir='ltr' id='par_1_31' title="bbox 1004 414 1797 457">
     <span class='ocr_line' id='line_1_31' title="bbox 1004 414 1797 457; baseline 0.014 -17"><span class='ocrx_word' id='word_1_227' title='bbox 1004 414 1178 449; x_wconf 77' lang='lat' dir='ltr'><strong>confugiunt,</strong></span> <span class='ocrx_word' id='word_1_228' title='bbox 1192 415 1315 444; x_wconf 79' lang='lat' dir='ltr'><strong>diccnles</strong></span> <span class='ocrx_word' id='word_1_229' title='bbox 1329 417 1380 444; x_wconf 89' lang='lat' dir='ltr'><strong>sub</strong></span> <span class='ocrx_word' id='word_1_230' title='bbox 1392 417 1513 446; x_wconf 87' lang='lat' dir='ltr'><strong>dictione</strong></span> <span class='ocrx_word' id='word_1_231' title='bbox 1528 427 1623 453; x_wconf 76' lang='lat' dir='ltr'><strong>aquas,</strong></span> <span class='ocrx_word' id='word_1_232' title='bbox 1641 421 1797 457; x_wconf 78' lang='lat' dir='ltr'><strong>intelligen-</strong></span> 
     </span>
    </p>
   </div>
   <div class='ocr_carea' id='block_1_32' title="bbox 1005 459 1794 502">
    <p class='ocr_par' dir='ltr' id='par_1_32' title="bbox 1005 459 1794 502">
     <span class='ocr_line' id='line_1_32' title="bbox 1005 459 1794 502; baseline 0.011 -15"><span class='ocrx_word' id='word_1_233' title='bbox 1005 459 1055 488; x_wconf 85' lang='lat' dir='ltr'><strong>das</strong></span> <span class='ocrx_word' id='word_1_234' title='bbox 1067 467 1129 488; x_wconf 79' lang='lat' dir='ltr'><strong>eSse</strong></span> <span class='ocrx_word' id='word_1_235' title='bbox 1142 461 1298 495; x_wconf 86' lang='lat' dir='ltr'><strong>spirituales</strong></span> <span class='ocrx_word' id='word_1_236' title='bbox 1310 462 1444 496; x_wconf 80' lang='lat' dir='ltr'><strong>virtutes;</strong></span> <span class='ocrx_word' id='word_1_237' title='bbox 1455 465 1589 498; x_wconf 82' lang='lat' dir='ltr'><strong>quasdam</strong></span> <span class='ocrx_word' id='word_1_238' title='bbox 1601 473 1663 494; x_wconf 89' lang='lat' dir='ltr'><strong>esse</strong></span> <span class='ocrx_word' id='word_1_239' title='bbox 1671 468 1794 502; x_wconf 76' lang='lat' dir='ltr'><strong>potiores</strong></span> 
     </span>
    </p>
   </div>
   <div class='ocr_carea' id='block_1_33' title="bbox 1005 505 1796 546">
    <p class='ocr_par' dir='ltr' id='par_1_33' title="bbox 1005 505 1796 546">
     <span class='ocr_line' id='line_1_33' title="bbox 1005 505 1796 546; baseline 0.014 -16"><span class='ocrx_word' id='word_1_240' title='bbox 1005 505 1276 541; x_wconf 72' lang='lat' dir='ltr'><strong>prmstantioresque,</strong></span> <span class='ocrx_word' id='word_1_241' title='bbox 1293 511 1320 534; x_wconf 89' lang='lat' dir='ltr'><strong>et</strong></span> <span class='ocrx_word' id='word_1_242' title='bbox 1340 509 1445 535; x_wconf 87' lang='lat' dir='ltr'><strong>versari</strong></span> <span class='ocrx_word' id='word_1_243' title='bbox 1460 509 1486 535; x_wconf 96' lang='lat' dir='ltr'><strong>in</strong></span> <span class='ocrx_word' id='word_1_244' title='bbox 1503 511 1642 545; x_wconf 79' lang='lat' dir='ltr'><strong>supremis</strong></span> <span class='ocrx_word' id='word_1_245' title='bbox 1665 513 1753 546; x_wconf 84' lang='lat' dir='ltr'><strong>locis;</strong></span> <span class='ocrx_word' id='word_1_246' title='bbox 1768 519 1796 542; x_wconf 82' lang='lat' dir='ltr'><strong>et</strong></span> 
     </span>
    </p>
   </div>
   <div class='ocr_carea' id='block_1_34' title="bbox 1005 550 1794 594">
    <p class='ocr_par' dir='ltr' id='par_1_34' title="bbox 1005 550 1794 594">
     <span class='ocr_line' id='line_1_34' title="bbox 1005 550 1794 594; baseline 0.014 -18"><span class='ocrx_word' id='word_1_247' title='bbox 1005 550 1042 577; x_wconf 94' lang='lat' dir='ltr'><strong>ob</strong></span> <span class='ocrx_word' id='word_1_248' title='bbox 1054 550 1081 577; x_wconf 90' lang='lat' dir='ltr'><strong>id</strong></span> <span class='ocrx_word' id='word_1_249' title='bbox 1105 550 1159 578; x_wconf 84' lang='lat' dir='ltr'><strong>dici</strong></span> <span class='ocrx_word' id='word_1_250' title='bbox 1174 559 1189 578; x_wconf 90' lang='lat' dir='ltr'><strong>a</strong></span> <span class='ocrx_word' id='word_1_251' title='bbox 1204 550 1295 579; x_wconf 77' lang='lat' dir='ltr'><strong>Psalle</strong></span> <span class='ocrx_word' id='word_1_252' title='bbox 1312 553 1387 588; x_wconf 81' lang='lat' dir='ltr'><strong>regio</strong></span> <span class='ocrx_word' id='word_1_253' title='bbox 1403 561 1409 579; x_wconf 88' lang='lat'><strong>:</strong></span> <span class='ocrx_word' id='word_1_254' title='bbox 1434 563 1443 580; x_wconf 80' lang='grc' dir='ltr'><strong>ι</strong></span> <span class='ocrx_word' id='word_1_255' title='bbox 1456 554 1577 583; x_wconf 84' lang='lat' dir='ltr'><strong>Laudate</strong></span> <span class='ocrx_word' id='word_1_256' title='bbox 1588 556 1684 590; x_wconf 86' lang='lat' dir='ltr'><strong>Deum,</strong></span> <span class='ocrx_word' id='word_1_257' title='bbox 1704 564 1794 594; x_wconf 57' lang='lat' dir='ltr'><strong>aqua,</strong></span> 
     </span>
    </p>
   </div>
   <div class='ocr_carea' id='block_1_35' title="bbox 1005 597 1796 637">
    <p class='ocr_par' dir='ltr' id='par_1_35' title="bbox 1005 597 1796 637">
     <span class='ocr_line' id='line_1_35' title="bbox 1005 597 1796 637; baseline 0.015 -15"><span class='ocrx_word' id='word_1_258' title='bbox 1005 601 1066 630; x_wconf 69' lang='lat' dir='ltr'><strong>quae</strong></span> <span class='ocrx_word' id='word_1_259' title='bbox 1078 600 1142 623; x_wconf 88' lang='lat' dir='ltr'><strong>sunt</strong></span> <span class='ocrx_word' id='word_1_260' title='bbox 1157 604 1241 631; x_wconf 85' lang='lat' dir='ltr'><strong>supra</strong></span> <span class='ocrx_word' id='word_1_261' title='bbox 1255 597 1356 625; x_wconf 67' lang='lat' dir='ltr'><strong>caelum</strong></span> <span class='ocrx_word' id='word_1_262' title='bbox 1375 599 1407 625; x_wconf 79' lang='grc'><strong>⁸⁸.</strong></span> <span class='ocrx_word' id='word_1_263' title='bbox 1429 608 1438 625; x_wconf 81' lang='grc' dir='ltr'><strong>ι</strong></span> <span class='ocrx_word' id='word_1_264' title='bbox 1459 601 1535 628; x_wconf 74' lang='lat' dir='ltr'><strong>Alias</strong></span> <span class='ocrx_word' id='word_1_265' title='bbox 1558 609 1646 637; x_wconf 81' lang='lat' dir='ltr'><strong>aquas</strong></span> <span class='ocrx_word' id='word_1_266' title='bbox 1664 612 1728 633; x_wconf 86' lang='lat' dir='ltr'><strong>esse</strong></span> <span class='ocrx_word' id='word_1_267' title='bbox 1747 605 1796 633; x_wconf 89' lang='lat' dir='ltr'><strong>de-</strong></span> 
     </span>
    </p>
   </div>
   <div class='ocr_carea' id='block_1_36' title="bbox 1007 640 1795 679">
    <p class='ocr_par' dir='ltr' id='par_1_36' title="bbox 1007 640 1795 679">
     <span class='ocr_line' id='line_1_36' title="bbox 1007 640 1795 679; baseline 0.016 -13"><span class='ocrx_word' id='word_1_268' title='bbox 1007 640 1121 668; x_wconf 88' lang='lat' dir='ltr'><strong>teriores</strong></span> <span class='ocrx_word' id='word_1_269' title='bbox 1132 645 1160 668; x_wconf 93' lang='lat' dir='ltr'><strong>et</strong></span> <span class='ocrx_word' id='word_1_270' title='bbox 1173 645 1332 674; x_wconf 86' lang='lat' dir='ltr'><strong>terrestres,</strong></span> <span class='ocrx_word' id='word_1_271' title='bbox 1346 651 1407 678; x_wconf 68' lang='lat' dir='ltr'><strong>quae</strong></span> <span class='ocrx_word' id='word_1_272' title='bbox 1421 644 1480 672; x_wconf 83' lang='lat' dir='ltr'><strong>salo</strong></span> <span class='ocrx_word' id='word_1_273' title='bbox 1492 650 1519 672; x_wconf 90' lang='lat' dir='ltr'><strong>et</strong></span> <span class='ocrx_word' id='word_1_274' title='bbox 1537 647 1630 676; x_wconf 82' lang='lat' dir='ltr'><strong>arenis</strong></span> <span class='ocrx_word' id='word_1_275' title='bbox 1643 653 1795 679; x_wconf 65' lang='lat' dir='ltr'><strong>aestuantes</strong></span> 
     </span>
    </p>
   </div>
   <div class='ocr_carea' id='block_1_37' title="bbox 1005 685 1795 730">
    <p class='ocr_par' dir='ltr' id='par_1_37' title="bbox 1005 685 1795 730">
     <span class='ocr_line' id='line_1_37' title="bbox 1005 685 1795 730; baseline 0.014 -17"><span class='ocrx_word' id='word_1_276' title='bbox 1005 691 1032 713; x_wconf 89' lang='lat' dir='ltr'><strong>et</strong></span> <span class='ocrx_word' id='word_1_277' title='bbox 1047 685 1181 719; x_wconf 84' lang='lat' dir='ltr'><strong>furentes,</strong></span> <span class='ocrx_word' id='word_1_278' title='bbox 1199 687 1331 715; x_wconf 84' lang='lat' dir='ltr'><strong>dicuntur</strong></span> <span class='ocrx_word' id='word_1_279' title='bbox 1344 690 1441 717; x_wconf 85' lang='lat' dir='ltr'><strong>maria.</strong></span> <span class='ocrx_word' id='word_1_280' title='bbox 1461 691 1495 718; x_wconf 86' lang='lat' dir='ltr'><strong>At</strong></span> <span class='ocrx_word' id='word_1_281' title='bbox 1509 697 1561 719; x_wconf 83' lang='lat' dir='ltr'><strong>no‘s</strong></span> <span class='ocrx_word' id='word_1_282' title='bbox 1576 692 1628 720; x_wconf 88' lang='lat' dir='ltr'><strong>ista</strong></span> <span class='ocrx_word' id='word_1_283' title='bbox 1640 701 1691 722; x_wconf 88' lang='lat' dir='ltr'><strong>ceu</strong></span> <span class='ocrx_word' id='word_1_284' title='bbox 1708 703 1795 730; x_wconf 77' lang='lat' dir='ltr'><strong>nugas</strong></span> 
     </span>
    </p>
   </div>
   <div class='ocr_carea' id='block_1_38' title="bbox 1006 731 1794 774">
    <p class='ocr_par' dir='ltr' id='par_1_38' title="bbox 1006 731 1794 774">
     <span class='ocr_line' id='line_1_38' title="bbox 1006 731 1794 774; baseline 0.011 -16"><span class='ocrx_word' id='word_1_285' title='bbox 1006 735 1033 759; x_wconf 86' lang='lat' dir='ltr'><strong>et</strong></span> <span class='ocrx_word' id='word_1_286' title='bbox 1058 732 1145 759; x_wconf 84' lang='lat' dir='ltr'><strong>aniles</strong></span> <span class='ocrx_word' id='word_1_287' title='bbox 1190 731 1297 761; x_wconf 80' lang='lat' dir='ltr'><strong>fabulas</strong></span> <span class='ocrx_word' id='word_1_288' title='bbox 1336 733 1572 771; x_wconf 83' lang='lat' dir='ltr'><strong>deliramentaque</strong></span> <span class='ocrx_word' id='word_1_289' title='bbox 1609 738 1794 774; x_wconf 84' lang='lat' dir='ltr'><strong>explodimus.</strong></span> 
     </span>
    </p>
   </div>
   <div class='ocr_carea' id='block_1_39' title="bbox 1006 776 1794 817">
    <p class='ocr_par' dir='ltr' id='par_1_39' title="bbox 1006 776 1794 817">
     <span class='ocr_line' id='line_1_39' title="bbox 1006 776 1794 817; baseline 0.014 -13"><span class='ocrx_word' id='word_1_290' title='bbox 1006 776 1137 810; x_wconf 81' lang='lat' dir='ltr'><strong>Quamvis</strong></span> <span class='ocrx_word' id='word_1_291' title='bbox 1154 786 1242 814; x_wconf 61' lang='lat' dir='ltr'><strong>aquae,</strong></span> <span class='ocrx_word' id='word_1_292' title='bbox 1254 787 1314 815; x_wconf 69' lang='lat' dir='ltr'><strong>quae</strong></span> <span class='ocrx_word' id='word_1_293' title='bbox 1330 785 1394 808; x_wconf 88' lang='lat' dir='ltr'><strong>sunt</strong></span> <span class='ocrx_word' id='word_1_294' title='bbox 1410 789 1492 817; x_wconf 86' lang='lat' dir='ltr'><strong>supra</strong></span> <span class='ocrx_word' id='word_1_295' title='bbox 1516 784 1617 812; x_wconf 76' lang='lat' dir='ltr'><strong>ccelum</strong></span> <span class='ocrx_word' id='word_1_296' title='bbox 1631 805 1639 817; x_wconf 92' lang='lat'><strong>,</strong></span> <span class='ocrx_word' id='word_1_297' title='bbox 1666 785 1794 815; x_wconf 79' lang='lat' dir='ltr'><strong>laudibus</strong></span> 
     </span>
    </p>
   </div>
   <div class='ocr_carea' id='block_1_40' title="bbox 1008 823 1795 860">
    <p class='ocr_par' dir='ltr' id='par_1_40' title="bbox 1008 823 1795 860">
     <span class='ocr_line' id='line_1_40' title="bbox 1008 823 1795 860; baseline 0.014 -11"><span class='ocrx_word' id='word_1_298' title='bbox 1008 823 1078 850; x_wconf 82' lang='lat' dir='ltr'><strong>terre</strong></span> <span class='ocrx_word' id='word_1_299' title='bbox 1093 823 1176 851; x_wconf 84' lang='lat' dir='ltr'><strong>Deum</strong></span> <span class='ocrx_word' id='word_1_300' title='bbox 1191 825 1374 859; x_wconf 62' lang='lat' dir='ltr'><strong>prxdiceutur</strong></span> <span class='ocrx_word' id='word_1_301' title='bbox 1387 847 1395 859; x_wconf 90' lang='lat'><strong>,</strong></span> <span class='ocrx_word' id='word_1_302' title='bbox 1422 835 1477 855; x_wconf 89' lang='lat' dir='ltr'><strong>non</strong></span> <span class='ocrx_word' id='word_1_303' title='bbox 1503 833 1595 856; x_wconf 88' lang='lat' dir='ltr'><strong>tamen</strong></span> <span class='ocrx_word' id='word_1_304' title='bbox 1617 838 1667 858; x_wconf 82' lang='lat' dir='ltr'><strong>nos</strong></span> <span class='ocrx_word' id='word_1_305' title='bbox 1681 832 1795 860; x_wconf 79' lang='lat' dir='ltr'><strong>credere</strong></span> 
     </span>
    </p>
   </div>
   <div class='ocr_carea' id='block_1_41' title="bbox 1006 874 1791 911">
    <p class='ocr_par' dir='ltr' id='par_1_41' title="bbox 1006 874 1791 911">
     <span class='ocr_line' id='line_1_41' title="bbox 1006 874 1791 911; baseline 0.011 -15"><span class='ocrx_word' id='word_1_306' title='bbox 1006 874 1114 904; x_wconf 87' lang='lat' dir='ltr'><strong>oportet</strong></span> <span class='ocrx_word' id='word_1_307' title='bbox 1131 876 1217 904; x_wconf 88' lang='lat' dir='ltr'><strong>aquas</strong></span> <span class='ocrx_word' id='word_1_308' title='bbox 1234 879 1295 899; x_wconf 85' lang='lat' dir='ltr'><strong>esse</strong></span> <span class='ocrx_word' id='word_1_309' title='bbox 1318 877 1474 900; x_wconf 81' lang='lat' dir='ltr'><strong>creaturam</strong></span> <span class='ocrx_word' id='word_1_310' title='bbox 1499 875 1608 903; x_wconf 85' lang='lat' dir='ltr'><strong>ratione</strong></span> <span class='ocrx_word' id='word_1_311' title='bbox 1625 877 1766 911; x_wconf 66' lang='lat' dir='ltr'><strong>praeditam</strong></span> <span class='ocrx_word' id='word_1_312' title='bbox 1783 897 1791 910; x_wconf 90' lang='lat'><strong>,</strong></span> 
     </span>
    </p>
   </div>
   <div class='ocr_carea' id='block_1_42' title="bbox 1007 915 1794 958">
    <p class='ocr_par' dir='ltr' id='par_1_42' title="bbox 1007 915 1794 958">
     <span class='ocr_line' id='line_1_42' title="bbox 1007 915 1794 958; baseline 0.011 -16"><span class='ocrx_word' id='word_1_313' title='bbox 1007 915 1143 950; x_wconf 87' lang='lat' dir='ltr'><strong>siquidem</strong></span> <span class='ocrx_word' id='word_1_314' title='bbox 1170 924 1219 944; x_wconf 87' lang='lat' dir='ltr'><strong>nec</strong></span> <span class='ocrx_word' id='word_1_315' title='bbox 1247 917 1310 944; x_wconf 69' lang='grc' dir='ltr'>ραιιί</span> <span class='ocrx_word' id='word_1_316' title='bbox 1336 918 1450 946; x_wconf 84' lang='lat' dir='ltr'><strong>animati</strong></span> <span class='ocrx_word' id='word_1_317' title='bbox 1475 925 1550 953; x_wconf 84' lang='lat' dir='ltr'><strong>sunt,</strong></span> <span class='ocrx_word' id='word_1_318' title='bbox 1573 921 1638 949; x_wconf 86' lang='lat' dir='ltr'><strong>licet</strong></span> <span class='ocrx_word' id='word_1_319' title='bbox 1651 921 1794 958; x_wconf 81' lang='lat' dir='ltr'><strong>Scriptura</strong></span> 
     </span>
    </p>
   </div>
   <div class='ocr_carea' id='block_1_43' title="bbox 1006 964 1794 999">
    <p class='ocr_par' dir='ltr' id='par_1_43' title="bbox 1006 964 1794 999">
     <span class='ocr_line' id='line_1_43' title="bbox 1006 964 1794 999; baseline 0.009 -10"><span class='ocrx_word' id='word_1_320' title='bbox 1006 965 1125 990; x_wconf 88' lang='lat' dir='ltr'><strong>testetur</strong></span> <span class='ocrx_word' id='word_1_321' title='bbox 1149 969 1198 990; x_wconf 84' lang='lat' dir='ltr'><strong>eos</strong></span> <span class='ocrx_word' id='word_1_322' title='bbox 1216 970 1347 991; x_wconf 83' lang='lat' dir='ltr'><strong>enarrare</strong></span> <span class='ocrx_word' id='word_1_323' title='bbox 1367 964 1484 999; x_wconf 69' lang='lat' dir='ltr'><strong>gloriam</strong></span> <span class='ocrx_word' id='word_1_324' title='bbox 1513 965 1560 993; x_wconf 81' lang='lat' dir='ltr'><strong>Dei</strong></span> <span class='ocrx_word' id='word_1_325' title='bbox 1575 967 1609 994; x_wconf 76' lang='grc'><strong>⁵³.</strong></span> <span class='ocrx_word' id='word_1_326' title='bbox 1627 967 1682 996; x_wconf 85' lang='lat' dir='ltr'><strong>Nec</strong></span> <span class='ocrx_word' id='word_1_327' title='bbox 1701 969 1794 996; x_wconf 87' lang='lat' dir='ltr'><strong>tirma-</strong></span> 
     </span>
    </p>
   </div>
   <div class='ocr_carea' id='block_1_44' title="bbox 1008 1008 1795 1048">
    <p class='ocr_par' dir='ltr' id='par_1_44' title="bbox 1008 1008 1795 1048">
     <span class='ocr_line' id='line_1_44' title="bbox 1008 1008 1795 1048; baseline 0.01 -14"><span class='ocrx_word' id='word_1_328' title='bbox 1008 1012 1130 1035; x_wconf 89' lang='lat' dir='ltr'><strong>mentum</strong></span> <span class='ocrx_word' id='word_1_329' title='bbox 1143 1008 1244 1035; x_wconf 85' lang='lat' dir='ltr'><strong>animal</strong></span> <span class='ocrx_word' id='word_1_330' title='bbox 1261 1016 1323 1036; x_wconf 81' lang='lat' dir='ltr'><strong>esse</strong></span> <span class='ocrx_word' id='word_1_331' title='bbox 1338 1009 1504 1037; x_wconf 87' lang='lat' dir='ltr'><strong>credendum</strong></span> <span class='ocrx_word' id='word_1_332' title='bbox 1521 1015 1574 1044; x_wconf 83' lang='lat' dir='ltr'><strong>est,</strong></span> <span class='ocrx_word' id='word_1_333' title='bbox 1595 1013 1646 1040; x_wconf 90' lang='lat' dir='ltr'><strong>etsi</strong></span> <span class='ocrx_word' id='word_1_334' title='bbox 1661 1013 1702 1048; x_wconf 87' lang='lat' dir='ltr'><strong>(ut</strong></span> <span class='ocrx_word' id='word_1_335' title='bbox 1715 1013 1795 1043; x_wconf 87' lang='lat' dir='ltr'><strong>docet</strong></span> 
     </span>
    </p>
   </div>
   <div class='ocr_carea' id='block_1_45' title="bbox 969 1047 1792 1093">
    <p class='ocr_par' dir='ltr' id='par_1_45' title="bbox 969 1047 1792 1093">
     <span class='ocr_line' id='line_1_45' title="bbox 969 1047 1792 1093; baseline 0.011 -14"><span class='ocrx_word' id='word_1_336' title='bbox 969 1047 989 1074; x_wconf 80' lang='grc' dir='ltr'><strong><em>Β</em></strong></span> <span class='ocrx_word' id='word_1_337' title='bbox 1003 1053 1160 1088; x_wconf 85' lang='lat' dir='ltr'><strong>Scriptura)</strong></span> <span class='ocrx_word' id='word_1_338' title='bbox 1177 1061 1247 1088; x_wconf 86' lang='lat' dir='ltr'><strong>opus</strong></span> <span class='ocrx_word' id='word_1_339' title='bbox 1263 1062 1394 1082; x_wconf 87' lang='lat' dir='ltr'><strong>manuum</strong></span> <span class='ocrx_word' id='word_1_340' title='bbox 1415 1056 1481 1091; x_wconf 86' lang='lat' dir='ltr'><strong>&#39;ejus</strong></span> <span class='ocrx_word' id='word_1_341' title='bbox 1496 1059 1651 1086; x_wconf 70' lang='lat' dir='ltr'><strong>annuntiat.</strong></span> <span class='ocrx_word' id='word_1_342' title='bbox 1666 1047 1792 1093; x_wconf 75' lang='lat' dir='ltr'><strong>Scimus,</strong></span> 
     </span>
    </p>
   </div>
   <div class='ocr_carea' id='block_1_46' title="bbox 1005 1099 1793 1141">
    <p class='ocr_par' dir='ltr' id='par_1_46' title="bbox 1005 1099 1793 1141">
     <span class='ocr_line' id='line_1_46' title="bbox 1005 1099 1793 1141; baseline 0.01 -15"><span class='ocrx_word' id='word_1_343' title='bbox 1005 1105 1035 1127; x_wconf 86' lang='lat' dir='ltr'><strong>ut</strong></span> <span class='ocrx_word' id='word_1_344' title='bbox 1061 1099 1165 1127; x_wconf 87' lang='lat' dir='ltr'><strong>indicat</strong></span> <span class='ocrx_word' id='word_1_345' title='bbox 1192 1099 1346 1133; x_wconf 81' lang='lat' dir='ltr'><strong>Scriptura,</strong></span> <span class='ocrx_word' id='word_1_346' title='bbox 1375 1108 1476 1132; x_wconf 90' lang='lat' dir='ltr'><strong>rorem,</strong></span> <span class='ocrx_word' id='word_1_347' title='bbox 1502 1103 1640 1137; x_wconf 83' lang='lat' dir='ltr'><strong>pruinam,</strong></span> <span class='ocrx_word' id='word_1_348' title='bbox 1662 1104 1748 1141; x_wconf 78' lang='lat' dir='ltr'><strong>frigus</strong></span> <span class='ocrx_word' id='word_1_349' title='bbox 1765 1112 1793 1134; x_wconf 86' lang='lat' dir='ltr'><strong>et</strong></span> 
     </span>
    </p>
   </div>
   <div class='ocr_carea' id='block_1_47' title="bbox 1002 1145 1792 1186">
    <p class='ocr_par' dir='ltr' id='par_1_47' title="bbox 1002 1145 1792 1186">
     <span class='ocr_line' id='line_1_47' title="bbox 1002 1145 1792 1186; baseline 0.009 -13"><span class='ocrx_word' id='word_1_350' title='bbox 1002 1149 1099 1173; x_wconf 65' lang='lat' dir='ltr'><strong>aestum</strong></span> <span class='ocrx_word' id='word_1_351' title='bbox 1113 1145 1226 1174; x_wconf 86' lang='lat' dir='ltr'><strong>laudare</strong></span> <span class='ocrx_word' id='word_1_352' title='bbox 1242 1145 1382 1180; x_wconf 87' lang='lat' dir='ltr'><strong>Opiticem.</strong></span> <span class='ocrx_word' id='word_1_353' title='bbox 1399 1145 1498 1174; x_wconf 86' lang='lat' dir='ltr'><strong>Verum</strong></span> <span class='ocrx_word' id='word_1_354' title='bbox 1515 1149 1568 1176; x_wconf 87' lang='lat' dir='ltr'><strong>alia</strong></span> <span class='ocrx_word' id='word_1_355' title='bbox 1585 1151 1792 1186; x_wconf 85' lang='lat' dir='ltr'><strong>ratione,quam</strong></span> 
     </span>
    </p>
   </div>
   <div class='ocr_carea' id='block_1_48' title="bbox 1002 1193 1791 1227">
    <p class='ocr_par' dir='ltr' id='par_1_48' title="bbox 1002 1193 1791 1227">
     <span class='ocr_line' id='line_1_48' title="bbox 1002 1193 1791 1227; baseline 0.008 -7"><span class='ocrx_word' id='word_1_356' title='bbox 1002 1201 1053 1220; x_wconf 87' lang='lat' dir='ltr'><strong>nos</strong></span> <span class='ocrx_word' id='word_1_357' title='bbox 1069 1193 1273 1227; x_wconf 67' lang='lat' dir='ltr'><strong>praesumimus,</strong></span> <span class='ocrx_word' id='word_1_358' title='bbox 1288 1193 1447 1222; x_wconf 82' lang='lat' dir='ltr'><strong>Creatorem</strong></span> <span class='ocrx_word' id='word_1_359' title='bbox 1463 1195 1592 1226; x_wconf 82' lang='lat' dir='ltr'><strong>laudibus</strong></span> <span class='ocrx_word' id='word_1_360' title='bbox 1606 1198 1717 1226; x_wconf 89' lang='lat' dir='ltr'><strong>vehunt.</strong></span> <span class='ocrx_word' id='word_1_361' title='bbox 1735 1198 1791 1226; x_wconf 79' lang='lat' dir='ltr'><strong>Ra-</strong></span> 
     </span>
    </p>
   </div>
   <div class='ocr_carea' id='block_1_49' title="bbox 1002 1238 1792 1279">
    <p class='ocr_par' dir='ltr' id='par_1_49' title="bbox 1002 1238 1792 1279">
     <span class='ocr_line' id='line_1_49' title="bbox 1002 1238 1792 1279; baseline 0.008 -13"><span class='ocrx_word' id='word_1_362' title='bbox 1002 1239 1041 1266; x_wconf 85' lang='lat' dir='ltr'><strong>tio</strong></span> <span class='ocrx_word' id='word_1_363' title='bbox 1055 1238 1202 1270; x_wconf 84' lang='lat' dir='ltr'><strong>mirabilis,</strong></span> <span class='ocrx_word' id='word_1_364' title='bbox 1219 1246 1279 1273; x_wconf 74' lang='lat' dir='ltr'><strong>quae</strong></span> <span class='ocrx_word' id='word_1_365' title='bbox 1296 1239 1324 1266; x_wconf 89' lang='lat' dir='ltr'><strong>in</strong></span> <span class='ocrx_word' id='word_1_366' title='bbox 1343 1239 1386 1267; x_wconf 88' lang='lat' dir='ltr'><strong>his</strong></span> <span class='ocrx_word' id='word_1_367' title='bbox 1411 1240 1640 1270; x_wconf 75' lang='lat' dir='ltr'><strong>animadvertitur</strong></span> <span class='ocrx_word' id='word_1_368' title='bbox 1653 1250 1668 1270; x_wconf 90' lang='lat' dir='ltr'><strong>a</strong></span> <span class='ocrx_word' id='word_1_369' title='bbox 1682 1245 1792 1279; x_wconf 52' lang='lat' dir='ltr'><strong>sapiena</strong></span> 
     </span>
    </p>
   </div>
   <div class='ocr_carea' id='block_1_50' title="bbox 1000 1284 1791 1325">
    <p class='ocr_par' dir='ltr' id='par_1_50' title="bbox 1000 1284 1791 1325">
     <span class='ocr_line' id='line_1_50' title="bbox 1000 1284 1791 1325; baseline 0.009 -15"><span class='ocrx_word' id='word_1_370' title='bbox 1000 1284 1075 1311; x_wconf 88' lang='lat' dir='ltr'><strong>tibus</strong></span> <span class='ocrx_word' id='word_1_371' title='bbox 1088 1284 1166 1317; x_wconf 83' lang='lat' dir='ltr'><strong>viris,</strong></span> <span class='ocrx_word' id='word_1_372' title='bbox 1189 1284 1211 1311; x_wconf 88' lang='lat' dir='ltr'><strong>si</strong></span> <span class='ocrx_word' id='word_1_373' title='bbox 1229 1285 1312 1319; x_wconf 86' lang='lat' dir='ltr'><strong>probe</strong></span> <span class='ocrx_word' id='word_1_374' title='bbox 1330 1284 1413 1323; x_wconf 81' lang='lat' dir='ltr'><strong>fuerit</strong></span> <span class='ocrx_word' id='word_1_375' title='bbox 1431 1286 1571 1314; x_wconf 87' lang='lat' dir='ltr'><strong>intellecta</strong></span> <span class='ocrx_word' id='word_1_376' title='bbox 1595 1293 1622 1316; x_wconf 89' lang='lat' dir='ltr'><strong>et</strong></span> <span class='ocrx_word' id='word_1_377' title='bbox 1651 1295 1791 1325; x_wconf 77' lang='lat' dir='ltr'><strong>percepta.</strong></span> 
     </span>
    </p>
   </div>
   <div class='ocr_carea' id='block_1_51' title="bbox 1002 1329 1791 1366">
    <p class='ocr_par' dir='ltr' id='par_1_51' title="bbox 1002 1329 1791 1366">
     <span class='ocr_line' id='line_1_51' title="bbox 1002 1329 1791 1366; baseline 0.008 -10"><span class='ocrx_word' id='word_1_378' title='bbox 1002 1330 1127 1357; x_wconf 88' lang='lat' dir='ltr'><strong>homines</strong></span> <span class='ocrx_word' id='word_1_379' title='bbox 1154 1337 1187 1356; x_wconf 88' lang='lat' dir='ltr'><strong>eo</strong></span> <span class='ocrx_word' id='word_1_380' title='bbox 1213 1329 1339 1364; x_wconf 82' lang='lat' dir='ltr'><strong>impellit,</strong></span> <span class='ocrx_word' id='word_1_381' title='bbox 1365 1331 1461 1366; x_wconf 64' lang='lat' dir='ltr'><strong>uta]</strong></span> <span class='ocrx_word' id='word_1_382' title='bbox 1481 1331 1639 1360; x_wconf 84' lang='lat' dir='ltr'><strong>Creatorem</strong></span> <span class='ocrx_word' id='word_1_383' title='bbox 1664 1334 1791 1362; x_wconf 76' lang='lat' dir='ltr'><strong>laudibus</strong></span> 
     </span>
    </p>
   </div>
   <div class='ocr_carea' id='block_1_52' title="bbox 1000 1375 1791 1413">
    <p class='ocr_par' dir='ltr' id='par_1_52' title="bbox 1000 1375 1791 1413">
     <span class='ocr_line' id='line_1_52' title="bbox 1000 1375 1791 1413; baseline 0.008 -11"><span class='ocrx_word' id='word_1_384' title='bbox 1000 1375 1191 1402; x_wconf 83' lang='lat' dir='ltr'><strong>cohonestent.</strong></span> <span class='ocrx_word' id='word_1_385' title='bbox 1218 1375 1307 1407; x_wconf 84' lang='lat' dir='ltr'><strong>Quid?</strong></span> <span class='ocrx_word' id='word_1_386' title='bbox 1335 1375 1433 1404; x_wconf 68' lang='lat' dir='ltr'><strong>Annon</strong></span> <span class='ocrx_word' id='word_1_387' title='bbox 1459 1384 1548 1411; x_wconf 71' lang='lat' dir='ltr'><strong>aqute,</strong></span> <span class='ocrx_word' id='word_1_388' title='bbox 1576 1386 1639 1413; x_wconf 66' lang='lat' dir='ltr'><strong>qua</strong></span> <span class='ocrx_word' id='word_1_389' title='bbox 1666 1387 1698 1407; x_wconf 82' lang='lat' dir='ltr'><strong>ex</strong></span> <span class='ocrx_word' id='word_1_390' title='bbox 1718 1384 1791 1407; x_wconf 89' lang='lat' dir='ltr'><strong>terra</strong></span> 
     </span>
    </p>
   </div>
   <div class='ocr_carea' id='block_1_53' title="bbox 1000 1420 1792 1459">
    <p class='ocr_par' dir='ltr' id='par_1_53' title="bbox 1000 1420 1792 1459">
     <span class='ocr_line' id='line_1_53' title="bbox 1000 1420 1792 1459; baseline 0.005 -10"><span class='ocrx_word' id='word_1_391' title='bbox 1000 1420 1181 1449; x_wconf 85' lang='lat' dir='ltr'><strong>scaturiunt:</strong></span> <span class='ocrx_word' id='word_1_392' title='bbox 1205 1425 1349 1455; x_wconf 74' lang='lat' dir='ltr'><strong>serpentes</strong></span> <span class='ocrx_word' id='word_1_393' title='bbox 1368 1425 1396 1448; x_wconf 85' lang='lat' dir='ltr'><strong>et</strong></span> <span class='ocrx_word' id='word_1_394' title='bbox 1420 1429 1516 1450; x_wconf 87' lang='lat' dir='ltr'><strong>omnes</strong></span> <span class='ocrx_word' id='word_1_395' title='bbox 1544 1423 1635 1459; x_wconf 85' lang='lat' dir='ltr'><strong>abyssi</strong></span> <span class='ocrx_word' id='word_1_396' title='bbox 1660 1424 1792 1453; x_wconf 79' lang='lat' dir='ltr'><strong>laudibus</strong></span> 
     </span>
    </p>
   </div>
   <div class='ocr_carea' id='block_1_54' title="bbox 1000 1465 1791 1504">
    <p class='ocr_par' dir='ltr' id='par_1_54' title="bbox 1000 1465 1791 1504">
     <span class='ocr_line' id='line_1_54' title="bbox 1000 1465 1791 1504; baseline 0.005 -10"><span class='ocrx_word' id='word_1_397' title='bbox 1000 1467 1078 1494; x_wconf 90' lang='lat' dir='ltr'><strong>illum</strong></span> <span class='ocrx_word' id='word_1_398' title='bbox 1094 1465 1302 1493; x_wconf 84' lang='lat' dir='ltr'><strong>condecorant?</strong></span> <span class='ocrx_word' id='word_1_399' title='bbox 1317 1466 1408 1499; x_wconf 84' lang='lat' dir='ltr'><strong>Quare</strong></span> <span class='ocrx_word' id='word_1_400' title='bbox 1427 1467 1510 1502; x_wconf 75' lang='lat' dir='ltr'><strong>igitur</strong></span> <span class='ocrx_word' id='word_1_401' title='bbox 1534 1469 1651 1504; x_wconf 80' lang='lat' dir='ltr'><strong>abyssus</strong></span> <span class='ocrx_word' id='word_1_402' title='bbox 1669 1471 1791 1501; x_wconf 85' lang='lat' dir='ltr'><strong>deterio_</strong></span> 
     </span>
    </p>
   </div>
   <div class='ocr_carea' id='block_1_55' title="bbox 159 1511 1791 1553">
    <p class='ocr_par' dir='ltr' id='par_1_55' title="bbox 159 1511 1791 1553">
     <span class='ocr_line' id='line_1_55' title="bbox 159 1511 1791 1553; baseline -0.001 -8"><span class='ocrx_word' id='word_1_403' title='bbox 159 1526 221 1546; x_wconf 90' lang='lat' dir='ltr'><strong>rum</strong></span> <span class='ocrx_word' id='word_1_404' title='bbox 240 1525 376 1553; x_wconf 82' lang='lat' dir='ltr'><strong>aquarum</strong></span> <span class='ocrx_word' id='word_1_405' title='bbox 398 1524 414 1544; x_wconf 91' lang='lat' dir='ltr'><strong>a</strong></span> <span class='ocrx_word' id='word_1_406' title='bbox 429 1517 508 1545; x_wconf 83' lang='lat' dir='ltr'><strong>vobis</strong></span> <span class='ocrx_word' id='word_1_407' title='bbox 529 1521 638 1551; x_wconf 84' lang='lat' dir='ltr'><strong>recepta</strong></span> <span class='ocrx_word' id='word_1_408' title='bbox 655 1521 707 1549; x_wconf 84' lang='lat' dir='ltr'><strong>est,</strong></span> <span class='ocrx_word' id='word_1_409' title='bbox 724 1523 841 1551; x_wconf 84' lang='lat' dir='ltr'><strong>eamque</strong></span> <span class='ocrx_word' id='word_1_410' title='bbox 855 1515 948 1543; x_wconf 84' lang='lat' dir='ltr'><strong>dicitis</strong></span> <span class='ocrx_word' id='word_1_411' title='bbox 967 1513 1160 1543; x_wconf 75' lang='lat' dir='ltr'><strong>Commendare</strong></span> <span class='ocrx_word' id='word_1_412' title='bbox 1196 1511 1303 1539; x_wconf 86' lang='lat' dir='ltr'><strong>Deum?</strong></span> <span class='ocrx_word' id='word_1_413' title='bbox 1340 1512 1447 1540; x_wconf 85' lang='lat' dir='ltr'><strong>Nullam</strong></span> <span class='ocrx_word' id='word_1_414' title='bbox 1473 1513 1556 1547; x_wconf 77' lang='lat' dir='ltr'><strong>igitur</strong></span> <span class='ocrx_word' id='word_1_415' title='bbox 1580 1516 1791 1551; x_wconf 63' lang='lat' dir='ltr'><strong>praerogativam</strong></span> 
     </span>
    </p>
   </div>
   <div class='ocr_carea' id='block_1_56' title="bbox 157 1559 1789 1599">
    <p class='ocr_par' dir='ltr' id='par_1_56' title="bbox 157 1559 1789 1599">
     <span class='ocr_line' id='line_1_56' title="bbox 157 1559 1789 1599; baseline -0.002 -8"><span class='ocrx_word' id='word_1_416' title='bbox 157 1572 239 1599; x_wconf 65' lang='lat' dir='ltr'><strong>aquae</strong></span> <span class='ocrx_word' id='word_1_417' title='bbox 253 1562 413 1598; x_wconf 84' lang='lat' dir='ltr'><strong>spirituales</strong></span> <span class='ocrx_word' id='word_1_418' title='bbox 427 1563 468 1596; x_wconf 91' lang='lat' dir='ltr'><strong>(ut</strong></span> <span class='ocrx_word' id='word_1_419' title='bbox 483 1562 586 1597; x_wconf 88' lang='lat' dir='ltr'><strong>dicitis)</strong></span> <span class='ocrx_word' id='word_1_420' title='bbox 599 1568 656 1597; x_wconf 68' lang='lat' dir='ltr'><strong>pra:</strong></span> <span class='ocrx_word' id='word_1_421' title='bbox 671 1562 819 1589; x_wconf 79' lang='lat' dir='ltr'><strong>sensilibus</strong></span> <span class='ocrx_word' id='word_1_422' title='bbox 834 1561 945 1592; x_wconf 65' lang='lat' dir='ltr'><strong>habent,</strong></span> <span class='ocrx_word' id='word_1_423' title='bbox 966 1568 1028 1588; x_wconf 82' lang='lat' dir='ltr'><strong>cum</strong></span> <span class='ocrx_word' id='word_1_424' title='bbox 1039 1565 1066 1586; x_wconf 88' lang='lat' dir='ltr'><strong>et.</strong></span> <span class='ocrx_word' id='word_1_425' title='bbox 1079 1559 1130 1591; x_wconf 81' lang='lat' dir='ltr'><strong>hae,</strong></span> <span class='ocrx_word' id='word_1_426' title='bbox 1141 1566 1194 1585; x_wconf 82' lang='lat' dir='ltr'><strong>noti</strong></span> <span class='ocrx_word' id='word_1_427' title='bbox 1208 1566 1289 1585; x_wconf 84' lang='lat' dir='ltr'><strong>secus</strong></span> <span class='ocrx_word' id='word_1_428' title='bbox 1303 1565 1336 1585; x_wconf 90' lang='lat' dir='ltr'><strong>ac</strong></span> <span class='ocrx_word' id='word_1_429' title='bbox 1349 1559 1520 1593; x_wconf 85' lang='lat' dir='ltr'><strong>spirituales,</strong></span> <span class='ocrx_word' id='word_1_430' title='bbox 1555 1561 1683 1589; x_wconf 82' lang='lat' dir='ltr'><strong>laudibus</strong></span> <span class='ocrx_word' id='word_1_431' title='bbox 1702 1562 1789 1590; x_wconf 79' lang='lat' dir='ltr'><strong>Deum</strong></span> 
     </span>
    </p>
   </div>
   <div class='ocr_carea' id='block_1_57' title="bbox 157 1607 1791 1644">
    <p class='ocr_par' dir='ltr' id='par_1_57' title="bbox 157 1607 1791 1644">
     <span class='ocr_line' id='line_1_57' title="bbox 157 1607 1791 1644; baseline -0.001 -5"><span class='ocrx_word' id='word_1_432' title='bbox 157 1611 363 1639; x_wconf 83' lang='lat' dir='ltr'><strong>concelebrent.</strong></span> <span class='ocrx_word' id='word_1_433' title='bbox 375 1609 407 1636; x_wconf 85' lang='lat' dir='ltr'><strong>Et</strong></span> <span class='ocrx_word' id='word_1_434' title='bbox 421 1609 488 1636; x_wconf 91' lang='lat' dir='ltr'><strong>illud</strong></span> <span class='ocrx_word' id='word_1_435' title='bbox 504 1609 611 1644; x_wconf 81' lang='lat' dir='ltr'><strong>insigne</strong></span> <span class='ocrx_word' id='word_1_436' title='bbox 625 1609 796 1636; x_wconf 82' lang='lat' dir='ltr'><strong>mendacium</strong></span> <span class='ocrx_word' id='word_1_437' title='bbox 808 1612 863 1641; x_wconf 84' lang='lat' dir='ltr'><strong>est,</strong></span> <span class='ocrx_word' id='word_1_438' title='bbox 873 1609 945 1644; x_wconf 83' lang='lat' dir='ltr'><strong>quod</strong></span> <span class='ocrx_word' id='word_1_439' title='bbox 965 1609 1181 1641; x_wconf 78' lang='lat' dir='ltr'><strong>interpretantur</strong></span> <span class='ocrx_word' id='word_1_440' title='bbox 1199 1607 1283 1632; x_wconf 78' lang='lat' dir='ltr'><strong>ccelos</strong></span> <span class='ocrx_word' id='word_1_441' title='bbox 1308 1614 1369 1634; x_wconf 84' lang='lat' dir='ltr'><strong>esse</strong></span> <span class='ocrx_word' id='word_1_442' title='bbox 1397 1607 1582 1642; x_wconf 73' lang='lat' dir='ltr'><strong>intelligibiles</strong></span> <span class='ocrx_word' id='word_1_443' title='bbox 1615 1610 1732 1638; x_wconf 82' lang='lat' dir='ltr'><strong>virtutes</strong></span> <span class='ocrx_word' id='word_1_444' title='bbox 1763 1615 1791 1638; x_wconf 84' lang='lat' dir='ltr'><strong>ct</strong></span> 
     </span>
    </p>
   </div>
   <div class='ocr_carea' id='block_1_58' title="bbox 157 1652 1185 1693">
    <p class='ocr_par' dir='ltr' id='par_1_58' title="bbox 157 1652 1185 1693">
     <span class='ocr_line' id='line_1_58' title="bbox 157 1652 1185 1693; baseline -0.008 -8"><span class='ocrx_word' id='word_1_445' title='bbox 157 1659 309 1693; x_wconf 86' lang='lat' dir='ltr'><strong>potentias,</strong></span> <span class='ocrx_word' id='word_1_446' title='bbox 330 1660 359 1683; x_wconf 88' lang='lat' dir='ltr'><strong>et</strong></span> <span class='ocrx_word' id='word_1_447' title='bbox 375 1655 581 1682; x_wconf 86' lang='lat' dir='ltr'><strong>ﬁrmamentum</strong></span> <span class='ocrx_word' id='word_1_448' title='bbox 599 1654 756 1689; x_wconf 80' lang='lat' dir='ltr'><strong>signiﬁcare</strong></span> <span class='ocrx_word' id='word_1_449' title='bbox 777 1654 890 1681; x_wconf 82' lang='lat' dir='ltr'><strong>tradunt</strong></span> <span class='ocrx_word' id='word_1_450' title='bbox 903 1654 1040 1688; x_wconf 83' lang='lat' dir='ltr'><strong>practicas</strong></span> <span class='ocrx_word' id='word_1_451' title='bbox 1057 1652 1185 1678; x_wconf 84' lang='lat' dir='ltr'><strong>virtutes.</strong></span> 
     </span>
    </p>
   </div>
   <div class='ocr_carea' id='block_1_59' title="bbox 195 1698 950 1739">
    <p class='ocr_par' dir='ltr' id='par_1_59' title="bbox 195 1701 950 1739">
     <span class='ocr_line' id='line_1_59' title="bbox 195 1701 950 1739; baseline -0.005 -7"><span class='ocrx_word' id='word_1_452' title='bbox 195 1704 379 1739; x_wconf 71' lang='grc' dir='ltr'>Συναχθήτω</span> <span class='ocrx_word' id='word_1_453' title='bbox 394 1702 427 1729; x_wconf 81' lang='grc' dir='ltr'>τὸ</span> <span class='ocrx_word' id='word_1_454' title='bbox 445 1702 525 1736; x_wconf 78' lang='grc' dir='ltr'>ὕδωρ</span> <span class='ocrx_word' id='word_1_455' title='bbox 543 1701 578 1729; x_wconf 77' lang='grc' dir='ltr'>τὸ</span> <span class='ocrx_word' id='word_1_456' title='bbox 593 1701 732 1729; x_wconf 74' lang='grc' dir='ltr'>ὑποκάτω</span> <span class='ocrx_word' id='word_1_457' title='bbox 752 1701 807 1729; x_wconf 83' lang='grc' dir='ltr'><strong>τοῦ</strong></span> <span class='ocrx_word' id='word_1_458' title='bbox 820 1701 950 1736; x_wconf 83' lang='grc' dir='ltr'>οὐρανοῦ</span> 
     </span>
    </p>
   </div>
   <div class='ocr_carea' id='block_1_60' title="bbox 1001 1698 1791 1739">
    <p class='ocr_par' dir='ltr' id='par_1_60' title="bbox 1038 1698 1791 1739">
     <span class='ocr_line' id='line_1_60' title="bbox 1038 1698 1791 1739; baseline 0.007 -14"><span class='ocrx_word' id='word_1_459' title='bbox 1038 1700 1119 1726; x_wconf 73' lang='lat' dir='ltr'><strong>Vens.</strong></span> <span class='ocrx_word' id='word_1_460' title='bbox 1137 1700 1163 1730; x_wconf 81' lang='lat'><strong>9,</strong></span> <span class='ocrx_word' id='word_1_461' title='bbox 1183 1699 1226 1726; x_wconf 76' lang='lat'><strong>10.</strong></span> <span class='ocrx_word' id='word_1_462' title='bbox 1248 1698 1280 1725; x_wconf 78' lang='lat' dir='ltr'><strong>Et</strong></span> <span class='ocrx_word' id='word_1_463' title='bbox 1296 1700 1365 1726; x_wconf 75' lang='lat' dir='ltr'><strong>dixit</strong></span> <span class='ocrx_word' id='word_1_464' title='bbox 1381 1700 1448 1727; x_wconf 75' lang='lat' dir='ltr'><strong>Deus</strong></span> <span class='ocrx_word' id='word_1_465' title='bbox 1468 1708 1476 1726; x_wconf 97' lang='lat'><em>:</em></span> <span class='ocrx_word' id='word_1_466' title='bbox 1498 1700 1695 1737; x_wconf 69' lang='lat' dir='ltr'><strong>Congregentur</strong></span> <span class='ocrx_word' id='word_1_467' title='bbox 1715 1711 1791 1739; x_wconf 72' lang='lat' dir='ltr'><strong>aqum</strong></span> 
     </span>
    </p>
   </div>
   <div class='ocr_carea' id='block_1_61' title="bbox 155 1747 950 1785">
    <p class='ocr_par' dir='ltr' id='par_1_61' title="bbox 155 1747 950 1785">
     <span class='ocr_line' id='line_1_61' title="bbox 155 1747 950 1785; baseline -0.006 -7"><span class='ocrx_word' id='word_1_468' title='bbox 155 1753 203 1785; x_wconf 77' lang='grc' dir='ltr'><strong>εις</strong></span> <span class='ocrx_word' id='word_1_469' title='bbox 219 1749 404 1784; x_wconf 73' lang='grc' dir='ltr'>συναγωγὴν</span> <span class='ocrx_word' id='word_1_470' title='bbox 420 1749 512 1782; x_wconf 82' lang='grc' dir='ltr'>μίαν,</span> <span class='ocrx_word' id='word_1_471' title='bbox 534 1747 584 1775; x_wconf 70' lang='grc' dir='ltr'><strong>καὶ</strong></span> <span class='ocrx_word' id='word_1_472' title='bbox 605 1748 723 1783; x_wconf 60' lang='grc' dir='ltr'>ὀρθή-τω</span> <span class='ocrx_word' id='word_1_473' title='bbox 743 1749 762 1782; x_wconf 83' lang='grc' dir='ltr'><strong><em>ή</em></strong></span> <span class='ocrx_word' id='word_1_474' title='bbox 788 1747 880 1782; x_wconf 79' lang='grc' dir='ltr'>ξηρά·</span> <span class='ocrx_word' id='word_1_475' title='bbox 900 1747 950 1774; x_wconf 79' lang='grc' dir='ltr'>καὶ</span> 
     </span>
    </p>
   </div>
   <div class='ocr_carea' id='block_1_62' title="bbox 155 1794 950 1834">
    <p class='ocr_par' dir='ltr' id='par_1_62' title="bbox 155 1794 950 1834">
     <span class='ocr_line' id='line_1_62' title="bbox 155 1794 950 1834; baseline -0.008 -8"><span class='ocrx_word' id='word_1_476' title='bbox 155 1799 279 1834; x_wconf 74' lang='grc' dir='ltr'>ἐγένετο</span> <span class='ocrx_word' id='word_1_477' title='bbox 291 1797 386 1828; x_wconf 78' lang='grc' dir='ltr'>οὓτως</span> <span class='ocrx_word' id='word_1_478' title='bbox 396 1802 404 1809; x_wconf 88' lang='lat'><strong>&#39;</strong></span> <span class='ocrx_word' id='word_1_479' title='bbox 420 1795 470 1822; x_wconf 78' lang='grc' dir='ltr'><strong>καὶ</strong></span> <span class='ocrx_word' id='word_1_480' title='bbox 480 1794 620 1829; x_wconf 76' lang='grc' dir='ltr'><strong>συνήχθη</strong></span> <span class='ocrx_word' id='word_1_481' title='bbox 633 1795 666 1821; x_wconf 81' lang='grc' dir='ltr'>τὸ</span> <span class='ocrx_word' id='word_1_482' title='bbox 677 1794 754 1829; x_wconf 78' lang='grc' dir='ltr'>ὕδωρ</span> <span class='ocrx_word' id='word_1_483' title='bbox 765 1795 798 1821; x_wconf 77' lang='grc' dir='ltr'>τὸ</span> <span class='ocrx_word' id='word_1_484' title='bbox 811 1794 950 1822; x_wconf 81' lang='grc' dir='ltr'><strong>ὑποκάτω</strong></span> 
     </span>
    </p>
   </div>
   <div class='ocr_carea' id='block_1_63' title="bbox 156 1840 949 1877">
    <p class='ocr_par' dir='ltr' id='par_1_63' title="bbox 156 1840 949 1877">
     <span class='ocr_line' id='line_1_63' title="bbox 156 1840 949 1877; baseline -0.008 -5"><span class='ocrx_word' id='word_1_485' title='bbox 156 1844 213 1872; x_wconf 80' lang='grc' dir='ltr'><strong>τοῦ</strong></span> <span class='ocrx_word' id='word_1_486' title='bbox 228 1842 360 1877; x_wconf 79' lang='grc' dir='ltr'>οὐρανοῦ</span> <span class='ocrx_word' id='word_1_487' title='bbox 372 1843 416 1874; x_wconf 82' lang='grc' dir='ltr'><strong>εὶς</strong></span> <span class='ocrx_word' id='word_1_488' title='bbox 430 1841 483 1874; x_wconf 80' lang='grc' dir='ltr'>τὰς</span> <span class='ocrx_word' id='word_1_489' title='bbox 494 1841 671 1875; x_wconf 75' lang='grc' dir='ltr'>συναγωγὰς</span> <span class='ocrx_word' id='word_1_490' title='bbox 681 1841 790 1872; x_wconf 82' lang='grc' dir='ltr'>αὐτῶν,</span> <span class='ocrx_word' id='word_1_491' title='bbox 805 1840 855 1868; x_wconf 76' lang='grc' dir='ltr'><strong>καὶ</strong></span> <span class='ocrx_word' id='word_1_492' title='bbox 866 1840 949 1875; x_wconf 65' lang='grc' dir='ltr'><strong>ὤφθη</strong></span> 
     </span>
    </p>
   </div>
   <div class='ocr_carea' id='block_1_64' title="bbox 155 1886 949 1925">
    <p class='ocr_par' dir='ltr' id='par_1_64' title="bbox 155 1886 949 1925">
     <span class='ocr_line' id='line_1_64' title="bbox 155 1886 949 1925; baseline -0.016 -6"><span class='ocrx_word' id='word_1_493' title='bbox 155 1891 176 1924; x_wconf 81' lang='grc' dir='ltr'><strong>ἡ</strong></span> <span class='ocrx_word' id='word_1_494' title='bbox 189 1890 280 1925; x_wconf 78' lang='grc' dir='ltr'>ξηρά·</span> <span class='ocrx_word' id='word_1_495' title='bbox 295 1889 342 1916; x_wconf 76' lang='grc' dir='ltr'><strong>καὶ</strong></span> <span class='ocrx_word' id='word_1_496' title='bbox 359 1888 507 1915; x_wconf 73' lang='grc' dir='ltr'><strong>ἐκάλεσεν</strong></span> <span class='ocrx_word' id='word_1_497' title='bbox 518 1889 535 1914; x_wconf 84' lang='grc' dir='ltr'><em>ό</em></span> <span class='ocrx_word' id='word_1_498' title='bbox 548 1888 621 1920; x_wconf 78' lang='grc' dir='ltr'>Θεὸς</span> <span class='ocrx_word' id='word_1_499' title='bbox 633 1887 690 1921; x_wconf 74' lang='grc' dir='ltr'>τὴν</span> <span class='ocrx_word' id='word_1_500' title='bbox 700 1886 797 1921; x_wconf 77' lang='grc' dir='ltr'>ξηρὰν</span> <span class='ocrx_word' id='word_1_501' title='bbox 810 1886 883 1921; x_wconf 77' lang='grc' dir='ltr'>γῆν,</span> <span class='ocrx_word' id='word_1_502' title='bbox 900 1887 949 1913; x_wconf 61' lang='grc' dir='ltr'><strong>καὶ</strong></span> 
     </span>
    </p>
   </div>
   <div class='ocr_carea' id='block_1_65' title="bbox 155 1933 950 1971">
    <p class='ocr_par' dir='ltr' id='par_1_65' title="bbox 155 1933 950 1971">
     <span class='ocr_line' id='line_1_65' title="bbox 155 1933 950 1971; baseline -0.005 -7"><span class='ocrx_word' id='word_1_503' title='bbox 155 1938 194 1964; x_wconf 79' lang='grc' dir='ltr'>τὰ</span> <span class='ocrx_word' id='word_1_504' title='bbox 205 1936 388 1971; x_wconf 82' lang='grc' dir='ltr'>συστήματα</span> <span class='ocrx_word' id='word_1_505' title='bbox 398 1934 458 1961; x_wconf 81' lang='grc' dir='ltr'><strong>τῶν</strong></span> <span class='ocrx_word' id='word_1_506' title='bbox 471 1935 590 1962; x_wconf 76' lang='grc' dir='ltr'>ὑδάτων</span> <span class='ocrx_word' id='word_1_507' title='bbox 600 1934 728 1961; x_wconf 77' lang='grc' dir='ltr'>ἐκάλεσε</span> <span class='ocrx_word' id='word_1_508' title='bbox 738 1933 906 1966; x_wconf 76' lang='grc' dir='ltr'>θαλάσσας.</span> <span class='ocrx_word' id='word_1_509' title='bbox 919 1933 950 1960; x_wconf 82' lang='lat' dir='ltr'><strong>Et</strong></span> 
     </span>
    </p>
   </div>
   <div class='ocr_carea' id='block_1_66' title="bbox 157 1978 949 2020">
    <p class='ocr_par' dir='ltr' id='par_1_66' title="bbox 157 1978 949 2020">
     <span class='ocr_line' id='line_1_66' title="bbox 157 1978 949 2020; baseline -0.006 -10"><span class='ocrx_word' id='word_1_510' title='bbox 157 1983 240 2020; x_wconf 73' lang='grc' dir='ltr'>ῥυτὸν</span> <span class='ocrx_word' id='word_1_511' title='bbox 256 1982 335 2016; x_wconf 78' lang='grc' dir='ltr'>φύσει</span> <span class='ocrx_word' id='word_1_512' title='bbox 343 1982 374 2008; x_wconf 83' lang='grc' dir='ltr'>τὸ</span> <span class='ocrx_word' id='word_1_513' title='bbox 389 1980 473 2016; x_wconf 79' lang='grc' dir='ltr'>ὕδωρ,</span> <span class='ocrx_word' id='word_1_514' title='bbox 489 1982 517 2007; x_wconf 72' lang='grc' dir='ltr'>τί</span> <span class='ocrx_word' id='word_1_515' title='bbox 530 1980 734 2015; x_wconf 81' lang='grc' dir='ltr'>τὸπρόσταγμα</span> <span class='ocrx_word' id='word_1_516' title='bbox 746 1979 886 2014; x_wconf 85' lang='grc' dir='ltr'>βούλεται;</span> <span class='ocrx_word' id='word_1_517' title='bbox 902 1978 949 2012; x_wconf 79' lang='grc' dir='ltr'><strong>ἀφ’</strong></span> 
     </span>
    </p>
   </div>
   <div class='ocr_carea' id='block_1_67' title="bbox 155 2022 949 2061">
    <p class='ocr_par' dir='ltr' id='par_1_67' title="bbox 155 2022 949 2061">
     <span class='ocr_line' id='line_1_67' title="bbox 155 2022 949 2061; baseline -0.008 -7"><span class='ocrx_word' id='word_1_518' title='bbox 155 2027 256 2054; x_wconf 79' lang='grc' dir='ltr'>ἑαυτοῦ</span> <span class='ocrx_word' id='word_1_519' title='bbox 273 2027 327 2061; x_wconf 84' lang='grc' dir='ltr'><strong>γὰρ</strong></span> <span class='ocrx_word' id='word_1_520' title='bbox 342 2025 443 2061; x_wconf 76' lang='grc' dir='ltr'>ἡμελλε</span> <span class='ocrx_word' id='word_1_521' title='bbox 461 2025 560 2060; x_wconf 82' lang='grc' dir='ltr'>χωρεῖν</span> <span class='ocrx_word' id='word_1_522' title='bbox 574 2024 620 2050; x_wconf 76' lang='grc' dir='ltr'><strong>ὲπὶ</strong></span> <span class='ocrx_word' id='word_1_523' title='bbox 635 2023 669 2050; x_wconf 79' lang='grc' dir='ltr'>τὰ</span> <span class='ocrx_word' id='word_1_524' title='bbox 680 2023 833 2058; x_wconf 82' lang='grc' dir='ltr'>κοιλότερα.</span> <span class='ocrx_word' id='word_1_525' title='bbox 842 2023 904 2054; x_wconf 85' lang='grc' dir='ltr'>Πῶς</span> <span class='ocrx_word' id='word_1_526' title='bbox 920 2022 949 2049; x_wconf 81' lang='grc' dir='ltr'><strong>δὲ</strong></span> 
     </span>
    </p>
   </div>
   <div class='ocr_carea' id='block_1_68' title="bbox 155 2068 949 2107">
    <p class='ocr_par' dir='ltr' id='par_1_68' title="bbox 155 2068 949 2107">
     <span class='ocr_line' id='line_1_68' title="bbox 155 2068 949 2107; baseline -0.008 -8"><span class='ocrx_word' id='word_1_527' title='bbox 155 2072 250 2106; x_wconf 74' lang='grc' dir='ltr'>πεπλη</span> <span class='ocrx_word' id='word_1_528' title='bbox 256 2070 386 2107; x_wconf 88' lang='grc' dir='ltr'>ρωμένων</span> <span class='ocrx_word' id='word_1_529' title='bbox 392 2069 446 2096; x_wconf 84' lang='grc' dir='ltr'><strong>τῶν</strong></span> <span class='ocrx_word' id='word_1_530' title='bbox 459 2069 567 2100; x_wconf 76' lang='grc' dir='ltr'>κοιλων,</span> <span class='ocrx_word' id='word_1_531' title='bbox 578 2068 605 2095; x_wconf 81' lang='grc' dir='ltr'>εἴ</span> <span class='ocrx_word' id='word_1_532' title='bbox 614 2077 645 2102; x_wconf 85' lang='grc' dir='ltr'>γε</span> <span class='ocrx_word' id='word_1_533' title='bbox 652 2068 682 2094; x_wconf 77' lang='grc' dir='ltr'>τὸ</span> <span class='ocrx_word' id='word_1_534' title='bbox 693 2068 765 2103; x_wconf 78' lang='grc' dir='ltr'>ὕδωρ</span> <span class='ocrx_word' id='word_1_535' title='bbox 775 2068 845 2095; x_wconf 77' lang='grc' dir='ltr'>κατὰ</span> <span class='ocrx_word' id='word_1_536' title='bbox 858 2068 949 2102; x_wconf 82' lang='grc' dir='ltr'>πάσης</span> 
     </span>
    </p>
   </div>
   <div class='ocr_carea' id='block_1_69' title="bbox 155 2113 948 2152">
    <p class='ocr_par' dir='ltr' id='par_1_69' title="bbox 155 2113 948 2152">
     <span class='ocr_line' id='line_1_69' title="bbox 155 2113 948 2152; baseline -0.006 -8"><span class='ocrx_word' id='word_1_537' title='bbox 155 2117 273 2152; x_wconf 78' lang='grc' dir='ltr'>ὑπῆρχε</span> <span class='ocrx_word' id='word_1_538' title='bbox 298 2115 347 2149; x_wconf 85' lang='grc' dir='ltr'>τῆς</span> <span class='ocrx_word' id='word_1_539' title='bbox 362 2115 452 2149; x_wconf 81' lang='grc' dir='ltr'>γῆς,ὀ</span> <span class='ocrx_word' id='word_1_540' title='bbox 466 2115 514 2149; x_wconf 74' lang='grc' dir='ltr'><strong>τῆς</strong></span> <span class='ocrx_word' id='word_1_541' title='bbox 538 2114 643 2149; x_wconf 75' lang='grc' dir='ltr'>ῥύσεως</span> <span class='ocrx_word' id='word_1_542' title='bbox 661 2114 758 2149; x_wconf 80' lang='grc' dir='ltr'>δρόμος</span> <span class='ocrx_word' id='word_1_543' title='bbox 783 2114 830 2140; x_wconf 76' lang='grc' dir='ltr'><strong>ἐπὶ</strong></span> <span class='ocrx_word' id='word_1_544' title='bbox 862 2113 948 2139; x_wconf 83' lang='grc' dir='ltr'>ταῦτα</span> 
     </span>
    </p>
   </div>
   <div class='ocr_carea' id='block_1_70' title="bbox 156 2159 948 2198">
    <p class='ocr_par' dir='ltr' id='par_1_70' title="bbox 156 2159 948 2198">
     <span class='ocr_line' id='line_1_70' title="bbox 156 2159 948 2198; baseline -0.005 -9"><span class='ocrx_word' id='word_1_545' title='bbox 156 2163 325 2198; x_wconf 78' lang='grc' dir='ltr'>συνήρχετο,</span> <span class='ocrx_word' id='word_1_546' title='bbox 355 2160 561 2195; x_wconf 83' lang='grc' dir='ltr'>πεπληρωμένα</span> <span class='ocrx_word' id='word_1_547' title='bbox 590 2159 776 2194; x_wconf 73' lang='grc' dir='ltr'>τυγχάνοντας</span> <span class='ocrx_word' id='word_1_548' title='bbox 802 2159 871 2186; x_wconf 71' lang='grc' dir='ltr'>Ἀλλ’</span> <span class='ocrx_word' id='word_1_549' title='bbox 884 2159 948 2190; x_wconf 80' lang='grc' dir='ltr'>ἴσως</span> 
     </span>
    </p>
   </div>
   <div class='ocr_carea' id='block_1_71' title="bbox 158 2204 947 2244">
    <p class='ocr_par' dir='ltr' id='par_1_71' title="bbox 158 2204 947 2244">
     <span class='ocr_line' id='line_1_71' title="bbox 158 2204 947 2244; baseline -0.004 -10"><span class='ocrx_word' id='word_1_550' title='bbox 158 2209 210 2244; x_wconf 82' lang='grc' dir='ltr'>μὲν</span> <span class='ocrx_word' id='word_1_551' title='bbox 222 2208 282 2242; x_wconf 79' lang='grc' dir='ltr'><strong>άμα</strong></span> <span class='ocrx_word' id='word_1_552' title='bbox 297 2208 330 2242; x_wconf 83' lang='grc' dir='ltr'>τῇ</span> <span class='ocrx_word' id='word_1_553' title='bbox 342 2206 490 2241; x_wconf 78' lang='grc' dir='ltr'>προστάξει</span> <span class='ocrx_word' id='word_1_554' title='bbox 505 2206 554 2232; x_wconf 77' lang='grc' dir='ltr'><strong>καὶ</strong></span> <span class='ocrx_word' id='word_1_555' title='bbox 568 2206 680 2241; x_wconf 75' lang='grc' dir='ltr'>ρευστὸν</span> <span class='ocrx_word' id='word_1_556' title='bbox 692 2206 723 2231; x_wconf 79' lang='grc' dir='ltr'>τὸ</span> <span class='ocrx_word' id='word_1_557' title='bbox 736 2205 807 2240; x_wconf 77' lang='grc' dir='ltr'>ὕδωρ</span> <span class='ocrx_word' id='word_1_558' title='bbox 827 2204 947 2239; x_wconf 80' lang='grc' dir='ltr'>ἐγένετο,</span> 
     </span>
    </p>
   </div>
   <div class='ocr_carea' id='block_1_72' title="bbox 155 2251 947 2288">
    <p class='ocr_par' dir='ltr' id='par_1_72' title="bbox 155 2251 947 2288">
     <span class='ocr_line' id='line_1_72' title="bbox 155 2251 947 2288; baseline -0.004 -8"><span class='ocrx_word' id='word_1_559' title='bbox 155 2255 228 2288; x_wconf 77' lang='grc' dir='ltr'>τάχα</span> <span class='ocrx_word' id='word_1_560' title='bbox 257 2253 308 2288; x_wconf 80' lang='grc' dir='ltr'>τὴν</span> <span class='ocrx_word' id='word_1_561' title='bbox 324 2252 412 2287; x_wconf 82' lang='grc' dir='ltr'>ἀρχὴν</span> <span class='ocrx_word' id='word_1_562' title='bbox 435 2252 517 2278; x_wconf 75' lang='grc' dir='ltr'>οἱονεὶ</span> <span class='ocrx_word' id='word_1_563' title='bbox 539 2251 663 2286; x_wconf 85' lang='grc' dir='ltr'>πεπηγός</span> <span class='ocrx_word' id='word_1_564' title='bbox 691 2260 722 2277; x_wconf 84' lang='grc' dir='ltr'>τε</span> <span class='ocrx_word' id='word_1_565' title='bbox 749 2252 798 2278; x_wconf 78' lang='grc' dir='ltr'><strong>καὶ</strong></span> <span class='ocrx_word' id='word_1_566' title='bbox 817 2251 947 2286; x_wconf 87' lang='grc' dir='ltr'>στάσιμον</span> 
     </span>
    </p>
   </div>
   <div class='ocr_carea' id='block_1_73' title="bbox 156 2297 948 2334">
    <p class='ocr_par' dir='ltr' id='par_1_73' title="bbox 156 2297 948 2334">
     <span class='ocr_line' id='line_1_73' title="bbox 156 2297 948 2334; baseline -0.003 -9"><span class='ocrx_word' id='word_1_567' title='bbox 156 2300 197 2326; x_wconf 76' lang='grc' dir='ltr'><strong>δν.</strong></span> <span class='ocrx_word' id='word_1_568' title='bbox 225 2299 354 2334; x_wconf 70' lang='grc' dir='ltr'>’Δρμήσει</span> <span class='ocrx_word' id='word_1_569' title='bbox 370 2298 399 2324; x_wconf 83' lang='grc' dir='ltr'><strong>δὲ</strong></span> <span class='ocrx_word' id='word_1_570' title='bbox 421 2297 551 2332; x_wconf 76' lang='grc' dir='ltr'>καὶπρὸς</span> <span class='ocrx_word' id='word_1_571' title='bbox 575 2297 731 2332; x_wconf 74' lang='grc' dir='ltr'>ἀμφοτέρας</span> <span class='ocrx_word' id='word_1_572' title='bbox 754 2298 805 2328; x_wconf 80' lang='grc' dir='ltr'>τὰς</span> <span class='ocrx_word' id='word_1_573' title='bbox 831 2297 948 2332; x_wconf 76' lang='grc' dir='ltr'>ἀπορίας</span> 
     </span>
    </p>
   </div>
   <div class='ocr_carea' id='block_1_74' title="bbox 156 2342 947 2378">
    <p class='ocr_par' dir='ltr' id='par_1_74' title="bbox 156 2342 947 2378">
     <span class='ocr_line' id='line_1_74' title="bbox 156 2342 947 2378; baseline -0.001 -8"><span class='ocrx_word' id='word_1_574' title='bbox 156 2346 259 2376; x_wconf 72' lang='grc' dir='ltr'>εἰπεῖν,</span> <span class='ocrx_word' id='word_1_575' title='bbox 277 2345 317 2371; x_wconf 80' lang='grc' dir='ltr'>ὅτι</span> <span class='ocrx_word' id='word_1_576' title='bbox 331 2345 378 2370; x_wconf 69' lang='grc' dir='ltr'><strong>καὶ</strong></span> <span class='ocrx_word' id='word_1_577' title='bbox 391 2344 426 2370; x_wconf 72' lang='grc' dir='ltr'>τὰ</span> <span class='ocrx_word' id='word_1_578' title='bbox 443 2343 535 2378; x_wconf 82' lang='grc' dir='ltr'>δοχεῖα</span> <span class='ocrx_word' id='word_1_579' title='bbox 551 2343 606 2369; x_wconf 83' lang='grc' dir='ltr'><strong>τῶν</strong></span> <span class='ocrx_word' id='word_1_580' title='bbox 621 2342 725 2369; x_wconf 78' lang='grc' dir='ltr'>ὑδάτων</span> <span class='ocrx_word' id='word_1_581' title='bbox 741 2342 799 2377; x_wconf 79' lang='grc' dir='ltr'>ἅμα</span> <span class='ocrx_word' id='word_1_582' title='bbox 815 2344 848 2378; x_wconf 84' lang='grc' dir='ltr'><strong>τῇ</strong></span> <span class='ocrx_word' id='word_1_583' title='bbox 862 2351 947 2378; x_wconf 84' lang='grc' dir='ltr'>προσ-</span> 
     </span>
    </p>
   </div>
   <div class='ocr_carea' id='block_1_75' title="bbox 1003 1746 1788 1779">
    <p class='ocr_par' dir='ltr' id='par_1_75' title="bbox 1003 1746 1788 1779">
     <span class='ocr_line' id='line_1_75' title="bbox 1003 1746 1788 1779; baseline 0.004 -7"><span class='ocrx_word' id='word_1_584' title='bbox 1003 1747 1050 1773; x_wconf 78' lang='lat' dir='ltr'><strong>sub</strong></span> <span class='ocrx_word' id='word_1_585' title='bbox 1067 1746 1138 1772; x_wconf 63' lang='lat' dir='ltr'><strong>caelis</strong></span> <span class='ocrx_word' id='word_1_586' title='bbox 1156 1747 1182 1772; x_wconf 82' lang='lat' dir='ltr'><strong>in</strong></span> <span class='ocrx_word' id='word_1_587' title='bbox 1210 1746 1297 1772; x_wconf 82' lang='lat' dir='ltr'><strong>locum</strong></span> <span class='ocrx_word' id='word_1_588' title='bbox 1324 1754 1415 1778; x_wconf 77' lang='lat' dir='ltr'><strong>unum,</strong></span> <span class='ocrx_word' id='word_1_589' title='bbox 1433 1752 1461 1772; x_wconf 85' lang='lat' dir='ltr'><strong>ut</strong></span> <span class='ocrx_word' id='word_1_590' title='bbox 1486 1747 1568 1774; x_wconf 70' lang='lat' dir='ltr'><strong>videri</strong></span> <span class='ocrx_word' id='word_1_591' title='bbox 1585 1749 1668 1779; x_wconf 73' lang='lat' dir='ltr'><strong>possit</strong></span> <span class='ocrx_word' id='word_1_592' title='bbox 1686 1750 1765 1777; x_wconf 80' lang='lat' dir='ltr'><strong>arida</strong></span> <span class='ocrx_word' id='word_1_593' title='bbox 1780 1759 1788 1777; x_wconf 82' lang='lat'><strong>.-</strong></span> 
     </span>
    </p>
   </div>
   <div class='ocr_carea' id='block_1_76' title="bbox 1003 1791 1789 1830">
    <p class='ocr_par' dir='ltr' id='par_1_76' title="bbox 1003 1791 1789 1830">
     <span class='ocr_line' id='line_1_76' title="bbox 1003 1791 1789 1830; baseline 0.006 -12"><span class='ocrx_word' id='word_1_594' title='bbox 1003 1792 1152 1826; x_wconf 76' lang='lat' dir='ltr'><strong>factumque</strong></span> <span class='ocrx_word' id='word_1_595' title='bbox 1166 1797 1205 1818; x_wconf 77' lang='lat' dir='ltr'><strong>est</strong></span> <span class='ocrx_word' id='word_1_596' title='bbox 1221 1792 1269 1818; x_wconf 82' lang='lat' dir='ltr'><strong>ita.</strong></span> <span class='ocrx_word' id='word_1_597' title='bbox 1287 1791 1321 1818; x_wconf 83' lang='lat' dir='ltr'><strong>Et</strong></span> <span class='ocrx_word' id='word_1_598' title='bbox 1337 1793 1438 1818; x_wconf 75' lang='lat' dir='ltr'><strong>vacavit</strong></span> <span class='ocrx_word' id='word_1_599' title='bbox 1450 1792 1522 1819; x_wconf 69' lang='lat' dir='ltr'><strong>Deus</strong></span> <span class='ocrx_word' id='word_1_600' title='bbox 1539 1794 1657 1827; x_wconf 74' lang='lat' dir='ltr'><strong>aridam,</strong></span> <span class='ocrx_word' id='word_1_601' title='bbox 1670 1801 1769 1823; x_wconf 82' lang='lat' dir='ltr'><strong>terram</strong></span> <span class='ocrx_word' id='word_1_602' title='bbox 1779 1813 1789 1830; x_wconf 59' lang='grc' dir='ltr'>ί</span> 
     </span>
    </p>
   </div>
   <div class='ocr_carea' id='block_1_77' title="bbox 1002 1837 1790 1876">
    <p class='ocr_par' dir='ltr' id='par_1_77' title="bbox 1002 1837 1790 1876">
     <span class='ocr_line' id='line_1_77' title="bbox 1002 1837 1790 1876; baseline 0.006 -12"><span class='ocrx_word' id='word_1_603' title='bbox 1002 1842 1026 1864; x_wconf 82' lang='lat' dir='ltr'><strong>et</strong></span> <span class='ocrx_word' id='word_1_604' title='bbox 1041 1837 1233 1869; x_wconf 68' lang='lat' dir='ltr'><strong>(collectionem</strong></span> <span class='ocrx_word' id='word_1_605' title='bbox 1257 1845 1388 1872; x_wconf 82' lang='lat' dir='ltr'><strong>aquarum</strong></span> <span class='ocrx_word' id='word_1_606' title='bbox 1415 1839 1528 1870; x_wconf 77' lang='lat' dir='ltr'><strong>vocavit,</strong></span> <span class='ocrx_word' id='word_1_607' title='bbox 1545 1840 1643 1867; x_wconf 80' lang='lat' dir='ltr'><strong>maria.</strong></span> <span class='ocrx_word' id='word_1_608' title='bbox 1661 1841 1689 1867; x_wconf 90' lang='lat' dir='ltr'><strong>Si</strong></span> <span class='ocrx_word' id='word_1_609' title='bbox 1711 1848 1790 1876; x_wconf 64' lang='lat' dir='ltr'><strong>aqua!</strong></span> 
     </span>
    </p>
   </div>
   <div class='ocr_carea' id='block_1_78' title="bbox 1002 1883 1789 1921">
    <p class='ocr_par' dir='ltr' id='par_1_78' title="bbox 1002 1883 1789 1921">
     <span class='ocr_line' id='line_1_78' title="bbox 1002 1883 1789 1921; baseline 0.006 -12"><span class='ocrx_word' id='word_1_610' title='bbox 1002 1884 1081 1918; x_wconf 87' lang='lat' dir='ltr'><strong>quasi</strong></span> <span class='ocrx_word' id='word_1_611' title='bbox 1099 1883 1240 1918; x_wconf 87' lang='lat' dir='ltr'><strong>proprium</strong></span> <span class='ocrx_word' id='word_1_612' title='bbox 1256 1887 1299 1910; x_wconf 85' lang='lat' dir='ltr'><strong>est</strong></span> <span class='ocrx_word' id='word_1_613' title='bbox 1315 1887 1345 1910; x_wconf 86' lang='lat' dir='ltr'><strong>nt</strong></span> <span class='ocrx_word' id='word_1_614' title='bbox 1371 1883 1449 1915; x_wconf 77' lang='lat' dir='ltr'><strong>ﬂuat,</strong></span> <span class='ocrx_word' id='word_1_615' title='bbox 1466 1884 1529 1918; x_wconf 80' lang='lat' dir='ltr'><strong>quid</strong></span> <span class='ocrx_word' id='word_1_616' title='bbox 1545 1884 1597 1912; x_wconf 85' lang='lat' dir='ltr'><strong>sibi</strong></span> <span class='ocrx_word' id='word_1_617' title='bbox 1613 1886 1671 1913; x_wconf 84' lang='lat' dir='ltr'><strong>vult</strong></span> <span class='ocrx_word' id='word_1_618' title='bbox 1694 1886 1789 1921; x_wconf 78' lang='lat' dir='ltr'><strong>jussus</strong></span> 
     </span>
    </p>
   </div>
   <div class='ocr_carea' id='block_1_79' title="bbox 1002 1930 1789 1964">
    <p class='ocr_par' dir='ltr' id='par_1_79' title="bbox 1002 1930 1789 1964">
     <span class='ocr_line' id='line_1_79' title="bbox 1002 1930 1789 1964; baseline 0.004 -6"><span class='ocrx_word' id='word_1_619' title='bbox 1002 1930 1132 1958; x_wconf 76' lang='lat' dir='ltr'><strong>divinus?</strong></span> <span class='ocrx_word' id='word_1_620' title='bbox 1147 1930 1215 1956; x_wconf 84' lang='lat' dir='ltr'><strong>Nam</strong></span> <span class='ocrx_word' id='word_1_621' title='bbox 1229 1937 1278 1957; x_wconf 88' lang='lat' dir='ltr'><strong>sua</strong></span> <span class='ocrx_word' id='word_1_622' title='bbox 1289 1934 1387 1964; x_wconf 86' lang='lat' dir='ltr'><strong>sponte</strong></span> <span class='ocrx_word' id='word_1_623' title='bbox 1399 1930 1509 1958; x_wconf 78' lang='lat' dir='ltr'><strong>tondent</strong></span> <span class='ocrx_word' id='word_1_624' title='bbox 1522 1931 1555 1958; x_wconf 88' lang='lat' dir='ltr'><strong>ad</strong></span> <span class='ocrx_word' id='word_1_625' title='bbox 1569 1932 1628 1960; x_wconf 90' lang='lat' dir='ltr'><strong>loca</strong></span> <span class='ocrx_word' id='word_1_626' title='bbox 1640 1939 1789 1962; x_wconf 84' lang='lat' dir='ltr'><strong>cavernosa</strong></span> 
     </span>
    </p>
   </div>
   <div class='ocr_carea' id='block_1_80' title="bbox 1002 1976 1789 2012">
    <p class='ocr_par' dir='ltr' id='par_1_80' title="bbox 1002 1976 1789 2012">
     <span class='ocr_line' id='line_1_80' title="bbox 1002 1976 1789 2012; baseline 0.005 -8"><span class='ocrx_word' id='word_1_627' title='bbox 1002 1981 1082 2004; x_wconf 62' lang='lat' dir='ltr'><strong>terra:</strong></span> <span class='ocrx_word' id='word_1_628' title='bbox 1110 1984 1140 2005; x_wconf 85' lang='lat' dir='ltr'><strong>se</strong></span> <span class='ocrx_word' id='word_1_629' title='bbox 1169 1977 1330 2012; x_wconf 86' lang='lat' dir='ltr'><strong>recepisset.</strong></span> <span class='ocrx_word' id='word_1_630' title='bbox 1359 1976 1493 2006; x_wconf 72' lang='lat' dir='ltr'><strong>Prteterea</strong></span> <span class='ocrx_word' id='word_1_631' title='bbox 1509 1986 1572 2006; x_wconf 88' lang='lat' dir='ltr'><strong>cum</strong></span> <span class='ocrx_word' id='word_1_632' title='bbox 1600 1980 1789 2009; x_wconf 78' lang='lat' dir='ltr'><strong>concavitates</strong></span> 
     </span>
    </p>
   </div>
   <div class='ocr_carea' id='block_1_81' title="bbox 1003 2023 1790 2058">
    <p class='ocr_par' dir='ltr' id='par_1_81' title="bbox 1003 2023 1790 2058">
     <span class='ocr_line' id='line_1_81' title="bbox 1003 2023 1790 2058; baseline 0.006 -9"><span class='ocrx_word' id='word_1_633' title='bbox 1003 2023 1107 2050; x_wconf 75' lang='lat' dir='ltr'><strong>iuerint</strong></span> <span class='ocrx_word' id='word_1_634' title='bbox 1135 2023 1215 2058; x_wconf 82' lang='lat' dir='ltr'><strong>aquis</strong></span> <span class='ocrx_word' id='word_1_635' title='bbox 1239 2023 1368 2056; x_wconf 57' lang='lat' dir='ltr'><strong>obtectas,</strong></span> <span class='ocrx_word' id='word_1_636' title='bbox 1398 2024 1514 2052; x_wconf 87' lang='lat' dir='ltr'><strong>humore</strong></span> <span class='ocrx_word' id='word_1_637' title='bbox 1532 2029 1624 2052; x_wconf 63' lang='lat' dir='ltr'><strong>&#39;totatn</strong></span> <span class='ocrx_word' id='word_1_638' title='bbox 1653 2027 1790 2055; x_wconf 83' lang='lat' dir='ltr'><strong>obruente</strong></span> 
     </span>
    </p>
   </div>
   <div class='ocr_carea' id='block_1_82' title="bbox 1001 2069 1788 2104">
    <p class='ocr_par' dir='ltr' id='par_1_82' title="bbox 1001 2069 1788 2104">
     <span class='ocr_line' id='line_1_82' title="bbox 1001 2069 1788 2104; baseline 0.003 -8"><span class='ocrx_word' id='word_1_639' title='bbox 1001 2075 1114 2101; x_wconf 83' lang='lat' dir='ltr'><strong>terram,</strong></span> <span class='ocrx_word' id='word_1_640' title='bbox 1125 2069 1263 2104; x_wconf 90' lang='lat' dir='ltr'><strong>quomodo</strong></span> <span class='ocrx_word' id='word_1_641' title='bbox 1278 2069 1364 2104; x_wconf 83' lang='lat' dir='ltr'><strong>quivit</strong></span> <span class='ocrx_word' id='word_1_642' title='bbox 1376 2077 1445 2104; x_wconf 89' lang='lat' dir='ltr'><strong>aqua</strong></span> <span class='ocrx_word' id='word_1_643' title='bbox 1461 2069 1495 2096; x_wconf 89' lang='lat' dir='ltr'><strong>ad</strong></span> <span class='ocrx_word' id='word_1_644' title='bbox 1508 2077 1556 2097; x_wconf 87' lang='lat' dir='ltr'><strong>eas</strong></span> <span class='ocrx_word' id='word_1_645' title='bbox 1567 2070 1715 2102; x_wconf 79' lang='lat' dir='ltr'><strong>conﬂuere,</strong></span> <span class='ocrx_word' id='word_1_646' title='bbox 1725 2079 1788 2099; x_wconf 89' lang='lat' dir='ltr'><strong>cum</strong></span> 
     </span>
    </p>
   </div>
   <div class='ocr_carea' id='block_1_83' title="bbox 1001 2115 1789 2150">
    <p class='ocr_par' dir='ltr' id='par_1_83' title="bbox 1001 2115 1789 2150">
     <span class='ocr_line' id='line_1_83' title="bbox 1001 2115 1789 2150; baseline 0.004 -8"><span class='ocrx_word' id='word_1_647' title='bbox 1001 2116 1078 2150; x_wconf 88' lang='lat' dir='ltr'><strong>prius</strong></span> <span class='ocrx_word' id='word_1_648' title='bbox 1104 2116 1184 2150; x_wconf 83' lang='lat' dir='ltr'><strong>aquis</strong></span> <span class='ocrx_word' id='word_1_649' title='bbox 1218 2115 1321 2142; x_wconf 87' lang='lat' dir='ltr'><strong>I&#39;ucriut</strong></span> <span class='ocrx_word' id='word_1_650' title='bbox 1349 2115 1474 2143; x_wconf 74' lang='lat' dir='ltr'><strong>refertae?</strong></span> <span class='ocrx_word' id='word_1_651' title='bbox 1505 2115 1554 2143; x_wconf 89' lang='lat' dir='ltr'><strong>His</strong></span> <span class='ocrx_word' id='word_1_652' title='bbox 1583 2117 1789 2150; x_wconf 84' lang='lat' dir='ltr'><strong>objectionibus</strong></span> 
     </span>
    </p>
   </div>
   <div class='ocr_carea' id='block_1_84' title="bbox 1000 2161 1788 2198">
    <p class='ocr_par' dir='ltr' id='par_1_84' title="bbox 1000 2161 1788 2198">
     <span class='ocr_line' id='line_1_84' title="bbox 1000 2161 1788 2198; baseline 0.003 -9"><span class='ocrx_word' id='word_1_653' title='bbox 1000 2161 1212 2196; x_wconf 80' lang='lat' dir='ltr'><strong>respondebitur</strong></span> <span class='ocrx_word' id='word_1_654' title='bbox 1238 2161 1265 2188; x_wconf 92' lang='lat' dir='ltr'><strong>in</strong></span> <span class='ocrx_word' id='word_1_655' title='bbox 1295 2161 1368 2187; x_wconf 88' lang='lat' dir='ltr'><strong>hunc</strong></span> <span class='ocrx_word' id='word_1_656' title='bbox 1388 2162 1519 2195; x_wconf 83' lang='lat' dir='ltr'><strong>modum:</strong></span> <span class='ocrx_word' id='word_1_657' title='bbox 1545 2161 1684 2190; x_wconf 85' lang='lat' dir='ltr'><strong>Fortassis</strong></span> <span class='ocrx_word' id='word_1_658' title='bbox 1710 2171 1788 2198; x_wconf 70' lang='lat' dir='ltr'><strong>aqua:</strong></span> 
     </span>
    </p>
   </div>
   <div class='ocr_carea' id='block_1_85' title="bbox 1001 2205 1788 2240">
    <p class='ocr_par' dir='ltr' id='par_1_85' title="bbox 1001 2205 1788 2240">
     <span class='ocr_line' id='line_1_85' title="bbox 1001 2205 1788 2240; baseline 0.003 -6"><span class='ocrx_word' id='word_1_659' title='bbox 1001 2211 1098 2234; x_wconf 88' lang='lat' dir='ltr'><strong>natura</strong></span> <span class='ocrx_word' id='word_1_660' title='bbox 1114 2214 1168 2232; x_wconf 92' lang='lat' dir='ltr'><strong>non</strong></span> <span class='ocrx_word' id='word_1_661' title='bbox 1184 2205 1292 2234; x_wconf 85' lang='lat' dir='ltr'><strong>exstitit</strong></span> <span class='ocrx_word' id='word_1_662' title='bbox 1306 2205 1391 2232; x_wconf 88' lang='lat' dir='ltr'><strong>tluida</strong></span> <span class='ocrx_word' id='word_1_663' title='bbox 1406 2207 1493 2240; x_wconf 86' lang='lat' dir='ltr'><strong>prius,</strong></span> <span class='ocrx_word' id='word_1_664' title='bbox 1506 2207 1553 2234; x_wconf 89' lang='lat' dir='ltr'><strong>sed</strong></span> <span class='ocrx_word' id='word_1_665' title='bbox 1568 2206 1620 2233; x_wconf 81' lang='lat' dir='ltr'><strong>fuit</strong></span> <span class='ocrx_word' id='word_1_666' title='bbox 1637 2207 1743 2235; x_wconf 90' lang='lat' dir='ltr'><strong>stabilis</strong></span> <span class='ocrx_word' id='word_1_667' title='bbox 1760 2213 1788 2236; x_wconf 89' lang='lat' dir='ltr'><strong>et</strong></span> 
     </span>
    </p>
   </div>
   <div class='ocr_carea' id='block_1_86' title="bbox 1000 2251 1788 2282">
    <p class='ocr_par' dir='ltr' id='par_1_86' title="bbox 1000 2251 1788 2282">
     <span class='ocr_line' id='line_1_86' title="bbox 1000 2251 1788 2282; baseline 0.005 -4"><span class='ocrx_word' id='word_1_668' title='bbox 1000 2257 1138 2280; x_wconf 83' lang='lat' dir='ltr'><strong>concreta.</strong></span> <span class='ocrx_word' id='word_1_669' title='bbox 1153 2252 1288 2280; x_wconf 64' lang='lat' dir='ltr'><strong>(laterum</strong></span> <span class='ocrx_word' id='word_1_670' title='bbox 1306 2251 1434 2279; x_wconf 86' lang='lat' dir='ltr'><strong>manandi</strong></span> <span class='ocrx_word' id='word_1_671' title='bbox 1452 2253 1505 2278; x_wconf 85' lang='lat' dir='ltr'><strong>vim</strong></span> <span class='ocrx_word' id='word_1_672' title='bbox 1523 2254 1632 2280; x_wconf 82' lang='lat' dir='ltr'><strong>demunt</strong></span> <span class='ocrx_word' id='word_1_673' title='bbox 1648 2258 1728 2281; x_wconf 83' lang='lat' dir='ltr'><strong>nacta</strong></span> <span class='ocrx_word' id='word_1_674' title='bbox 1746 2259 1788 2282; x_wconf 90' lang='lat' dir='ltr'><strong>est</strong></span> 
     </span>
    </p>
   </div>
   <div class='ocr_carea' id='block_1_87' title="bbox 1000 2296 1786 2333">
    <p class='ocr_par' dir='ltr' id='par_1_87' title="bbox 1000 2296 1786 2333">
     <span class='ocr_line' id='line_1_87' title="bbox 1000 2296 1786 2333; baseline 0.001 -8"><span class='ocrx_word' id='word_1_675' title='bbox 1000 2298 1120 2332; x_wconf 83' lang='lat' dir='ltr'><strong>exjussu</strong></span> <span class='ocrx_word' id='word_1_676' title='bbox 1141 2303 1169 2324; x_wconf 84' lang='lat' dir='ltr'><strong>et</strong></span> <span class='ocrx_word' id='word_1_677' title='bbox 1189 2297 1304 2331; x_wconf 88' lang='lat' dir='ltr'><strong>imperio</strong></span> <span class='ocrx_word' id='word_1_678' title='bbox 1320 2296 1379 2324; x_wconf 84' lang='lat' dir='ltr'><strong>Dei.</strong></span> <span class='ocrx_word' id='word_1_679' title='bbox 1402 2297 1442 2324; x_wconf 83' lang='lat' dir='ltr'><strong>Ad</strong></span> <span class='ocrx_word' id='word_1_680' title='bbox 1461 2297 1518 2324; x_wconf 57' lang='lat' dir='ltr'><strong>haec</strong></span> <span class='ocrx_word' id='word_1_681' title='bbox 1533 2305 1653 2333; x_wconf 81' lang='lat' dir='ltr'><strong>congrue</strong></span> <span class='ocrx_word' id='word_1_682' title='bbox 1669 2298 1786 2333; x_wconf 85' lang='lat' dir='ltr'><strong>dicetur,</strong></span> 
     </span>
    </p>
   </div>
   <div class='ocr_carea' id='block_1_88' title="bbox 1001 2341 1785 2377">
    <p class='ocr_par' dir='ltr' id='par_1_88' title="bbox 1001 2341 1785 2377">
     <span class='ocr_line' id='line_1_88' title="bbox 1001 2341 1785 2377; baseline -0.001 -7"><span class='ocrx_word' id='word_1_683' title='bbox 1001 2347 1031 2370; x_wconf 90' lang='lat' dir='ltr'><strong>ut</strong></span> <span class='ocrx_word' id='word_1_684' title='bbox 1044 2346 1189 2376; x_wconf 86' lang='lat' dir='ltr'><strong>utramque</strong></span> <span class='ocrx_word' id='word_1_685' title='bbox 1214 2341 1413 2368; x_wconf 87' lang='lat' dir='ltr'><strong>dubitationem</strong></span> <span class='ocrx_word' id='word_1_686' title='bbox 1432 2342 1636 2376; x_wconf 81' lang='lat' dir='ltr'><strong>propulsemus,</strong></span> <span class='ocrx_word' id='word_1_687' title='bbox 1652 2349 1730 2377; x_wconf 73' lang='lat' dir='ltr'><strong>aqua:</strong></span> <span class='ocrx_word' id='word_1_688' title='bbox 1742 2350 1785 2369; x_wconf 89' lang='lat' dir='ltr'><strong>re-</strong></span> 
     </span>
    </p>
   </div>
   <div class='ocr_carea' id='block_1_89' title="bbox 156 2384 950 2424">
    <p class='ocr_par' dir='ltr' id='par_1_89' title="bbox 156 2388 945 2424">
     <span class='ocr_line' id='line_1_89' title="bbox 156 2388 945 2424; baseline -0.003 -7"><span class='ocrx_word' id='word_1_689' title='bbox 156 2390 233 2422; x_wconf 76' lang='grc' dir='ltr'>τάξει</span> <span class='ocrx_word' id='word_1_690' title='bbox 246 2389 422 2417; x_wconf 77' lang='grc' dir='ltr'>κοιλανθέντα</span> <span class='ocrx_word' id='word_1_691' title='bbox 435 2389 595 2424; x_wconf 82' lang='grc' dir='ltr'>γεγένηται,</span> <span class='ocrx_word' id='word_1_692' title='bbox 611 2389 645 2415; x_wconf 80' lang='grc' dir='ltr'><strong>τὰ</strong></span> <span class='ocrx_word' id='word_1_693' title='bbox 658 2389 776 2423; x_wconf 67' lang='grc' dir='ltr'>μέγιστα</span> <span class='ocrx_word' id='word_1_694' title='bbox 788 2389 870 2422; x_wconf 78' lang='grc' dir='ltr'>λέγω,</span> <span class='ocrx_word' id='word_1_695' title='bbox 885 2388 945 2415; x_wconf 80' lang='grc' dir='ltr'><strong>καθ’</strong></span> 
     </span>
    </p>
   </div>
   <div class='ocr_carea' id='block_1_90' title="bbox 1001 2384 1784 2424">
    <p class='ocr_par' dir='ltr' id='par_1_90' title="bbox 1001 2387 1784 2422">
     <span class='ocr_line' id='line_1_90' title="bbox 1001 2387 1784 2422; baseline -0.003 -6"><span class='ocrx_word' id='word_1_696' title='bbox 1001 2389 1140 2421; x_wconf 78' lang='lat' dir='ltr'><strong>ceptacula</strong></span> <span class='ocrx_word' id='word_1_697' title='bbox 1157 2387 1240 2414; x_wconf 78' lang='lat' dir='ltr'><strong>simul</strong></span> <span class='ocrx_word' id='word_1_698' title='bbox 1256 2395 1317 2414; x_wconf 87' lang='lat' dir='ltr'><strong>cum</strong></span> <span class='ocrx_word' id='word_1_699' title='bbox 1332 2387 1447 2422; x_wconf 86' lang='lat' dir='ltr'><strong>imperio</strong></span> <span class='ocrx_word' id='word_1_700' title='bbox 1462 2387 1557 2414; x_wconf 90' lang='lat' dir='ltr'><strong>divino</strong></span> <span class='ocrx_word' id='word_1_701' title='bbox 1567 2395 1629 2414; x_wconf 85' lang='lat' dir='ltr'><strong>esse</strong></span> <span class='ocrx_word' id='word_1_702' title='bbox 1640 2393 1784 2414; x_wconf 79' lang='lat' dir='ltr'><strong>excavata:</strong></span> 
     </span>
    </p>
   </div>
   <div class='ocr_carea' id='block_1_91' title="bbox 156 2434 947 2466">
    <p class='ocr_par' dir='ltr' id='par_1_91' title="bbox 156 2434 947 2466">
     <span class='ocr_line' id='line_1_91' title="bbox 156 2434 947 2466; baseline -0.001 -4"><span class='ocrx_word' id='word_1_703' title='bbox 156 2435 174 2462; x_wconf 74' lang='grc' dir='ltr'><strong>ἃ</strong></span> <span class='ocrx_word' id='word_1_704' title='bbox 189 2436 362 2462; x_wconf 80' lang='grc' dir='ltr'>συνίστανται</span> <span class='ocrx_word' id='word_1_705' title='bbox 382 2435 517 2462; x_wconf 80' lang='grc' dir='ltr'>θάλασσαι</span> <span class='ocrx_word' id='word_1_706' title='bbox 529 2443 536 2449; x_wconf 73' lang='grc'><strong><em>⁸</em></strong></span> <span class='ocrx_word' id='word_1_707' title='bbox 549 2435 596 2461; x_wconf 74' lang='grc' dir='ltr'>καὶ</span> <span class='ocrx_word' id='word_1_708' title='bbox 614 2434 642 2460; x_wconf 77' lang='grc' dir='ltr'><strong>εἴ</strong></span> <span class='ocrx_word' id='word_1_709' title='bbox 655 2443 727 2466; x_wconf 77' lang='grc' dir='ltr'>τινες</span> <span class='ocrx_word' id='word_1_710' title='bbox 741 2434 844 2460; x_wconf 77' lang='grc' dir='ltr'>τούτων</span> <span class='ocrx_word' id='word_1_711' title='bbox 860 2435 947 2461; x_wconf 78' lang='grc' dir='ltr'>κοιλό-</span> 
     </span>
    </p>
   </div>
   <div class='ocr_carea' id='block_1_92' title="bbox 156 2480 946 2517">
    <p class='ocr_par' dir='ltr' id='par_1_92' title="bbox 156 2480 946 2517">
     <span class='ocr_line' id='line_1_92' title="bbox 156 2480 946 2517; baseline -0.003 -9"><span class='ocrx_word' id='word_1_712' title='bbox 156 2489 238 2517; x_wconf 79' lang='grc' dir='ltr'>τητες</span> <span class='ocrx_word' id='word_1_713' title='bbox 253 2480 324 2516; x_wconf 78' lang='grc' dir='ltr'>ἦσαν</span> <span class='ocrx_word' id='word_1_714' title='bbox 341 2482 504 2516; x_wconf 79' lang='grc' dir='ltr'>μικρότεραι</span> <span class='ocrx_word' id='word_1_715' title='bbox 529 2481 598 2514; x_wconf 72' lang='grc' dir='ltr'>πρὸς</span> <span class='ocrx_word' id='word_1_716' title='bbox 616 2481 728 2512; x_wconf 78' lang='grc' dir='ltr'>ταύτας,</span> <span class='ocrx_word' id='word_1_717' title='bbox 746 2481 889 2507; x_wconf 81' lang='grc' dir='ltr'>ὲκενοῦντο</span> <span class='ocrx_word' id='word_1_718' title='bbox 908 2481 946 2516; x_wconf 84' lang='grc' dir='ltr'><strong>τῷ</strong></span> 
     </span>
    </p>
   </div>
   <div class='ocr_carea' id='block_1_93' title="bbox 157 2521 946 2563">
    <p class='ocr_par' dir='ltr' id='par_1_93' title="bbox 157 2521 946 2563">
     <span class='ocr_line' id='line_1_93' title="bbox 157 2521 946 2563; baseline 0.001 -10"><span class='ocrx_word' id='word_1_719' title='bbox 157 2527 225 2562; x_wconf 71' lang='grc' dir='ltr'>θείῳ</span> <span class='ocrx_word' id='word_1_720' title='bbox 242 2528 448 2563; x_wconf 82' lang='grc' dir='ltr'>προστάγματι·</span> <span class='ocrx_word' id='word_1_721' title='bbox 472 2527 510 2558; x_wconf 84' lang='grc' dir='ltr'>ὡς</span> <span class='ocrx_word' id='word_1_722' title='bbox 532 2527 605 2561; x_wconf 74' lang='grc' dir='ltr'>ἔχειν</span> <span class='ocrx_word' id='word_1_723' title='bbox 627 2526 658 2552; x_wconf 74' lang='grc' dir='ltr'>τὸ</span> <span class='ocrx_word' id='word_1_724' title='bbox 681 2526 753 2561; x_wconf 74' lang='grc' dir='ltr'>ὕδωρ</span> <span class='ocrx_word' id='word_1_725' title='bbox 772 2527 802 2559; x_wconf 82' lang='grc' dir='ltr'>ἐξ</span> <span class='ocrx_word' id='word_1_726' title='bbox 824 2521 946 2554; x_wconf 76' lang='grc' dir='ltr'>ἰσοπέδου</span> 
     </span>
    </p>
   </div>
   <div class='ocr_carea' id='block_1_94' title="bbox 156 2572 944 2608">
    <p class='ocr_par' dir='ltr' id='par_1_94' title="bbox 156 2572 944 2608">
     <span class='ocr_line' id='line_1_94' title="bbox 156 2572 944 2608; baseline 0 -9"><span class='ocrx_word' id='word_1_727' title='bbox 156 2574 226 2607; x_wconf 65' lang='grc' dir='ltr'>πρὸς</span> <span class='ocrx_word' id='word_1_728' title='bbox 244 2573 330 2599; x_wconf 78' lang='grc' dir='ltr'>ταῦτα</span> <span class='ocrx_word' id='word_1_729' title='bbox 346 2574 460 2607; x_wconf 78' lang='grc' dir='ltr'>χωρεῖν,</span> <span class='ocrx_word' id='word_1_730' title='bbox 478 2572 614 2608; x_wconf 84' lang='grc' dir='ltr'>πρότερον</span> <span class='ocrx_word' id='word_1_731' title='bbox 639 2572 805 2604; x_wconf 72' lang='grc' dir='ltr'>ἐπιπολάζον</span> <span class='ocrx_word' id='word_1_732' title='bbox 819 2572 894 2608; x_wconf 83' lang='grc' dir='ltr'>πάσῃ</span> <span class='ocrx_word' id='word_1_733' title='bbox 912 2574 944 2608; x_wconf 84' lang='grc' dir='ltr'>τῇ</span> 
     </span>
    </p>
   </div>
   <div class='ocr_carea' id='block_1_95' title="bbox 156 2617 945 2653">
    <p class='ocr_par' dir='ltr' id='par_1_95' title="bbox 156 2617 945 2653">
     <span class='ocr_line' id='line_1_95' title="bbox 156 2617 945 2653; baseline 0 -9"><span class='ocrx_word' id='word_1_734' title='bbox 156 2619 202 2652; x_wconf 81' lang='grc' dir='ltr'><strong>γῇ.</strong></span> <span class='ocrx_word' id='word_1_735' title='bbox 215 2619 291 2653; x_wconf 67' lang='grc' dir='ltr'>’Ἅμα</span> <span class='ocrx_word' id='word_1_736' title='bbox 304 2618 333 2644; x_wconf 79' lang='grc' dir='ltr'><strong>δὲ</strong></span> <span class='ocrx_word' id='word_1_737' title='bbox 347 2618 394 2644; x_wconf 74' lang='grc' dir='ltr'><strong>καὶ</strong></span> <span class='ocrx_word' id='word_1_738' title='bbox 408 2617 523 2652; x_wconf 77' lang='grc' dir='ltr'>δύναμιν</span> <span class='ocrx_word' id='word_1_739' title='bbox 537 2617 600 2652; x_wconf 75' lang='grc' dir='ltr'>ἔσχε</span> <span class='ocrx_word' id='word_1_740' title='bbox 614 2617 644 2643; x_wconf 79' lang='grc' dir='ltr'>τὸ</span> <span class='ocrx_word' id='word_1_741' title='bbox 660 2617 732 2651; x_wconf 81' lang='grc' dir='ltr'>ὕδωρ</span> <span class='ocrx_word' id='word_1_742' title='bbox 754 2618 810 2648; x_wconf 77' lang='grc' dir='ltr'>τοῖς</span> <span class='ocrx_word' id='word_1_743' title='bbox 824 2617 875 2652; x_wconf 85' lang='grc' dir='ltr'>τῆς</span> <span class='ocrx_word' id='word_1_744' title='bbox 895 2617 945 2644; x_wconf 82' lang='grc' dir='ltr'><strong>θα·-</strong></span> 
     </span>
    </p>
   </div>
   <div class='ocr_carea' id='block_1_96' title="bbox 156 2663 946 2699">
    <p class='ocr_par' dir='ltr' id='par_1_96' title="bbox 156 2663 946 2699">
     <span class='ocr_line' id='line_1_96' title="bbox 156 2663 946 2699; baseline 0 -10"><span class='ocrx_word' id='word_1_745' title='bbox 156 2663 258 2699; x_wconf 73' lang='grc' dir='ltr'>λάσσης</span> <span class='ocrx_word' id='word_1_746' title='bbox 276 2664 379 2695; x_wconf 72' lang='grc' dir='ltr'>κοῖλοις</span> <span class='ocrx_word' id='word_1_747' title='bbox 395 2664 553 2698; x_wconf 71' lang='grc' dir='ltr'>ἐπέχεσθαι,</span> <span class='ocrx_word' id='word_1_748' title='bbox 577 2663 630 2690; x_wconf 79' lang='grc' dir='ltr'><strong>κᾶν</strong></span> <span class='ocrx_word' id='word_1_749' title='bbox 651 2663 758 2698; x_wconf 60' lang='grc' dir='ltr'>ὑψωθῇ,</span> <span class='ocrx_word' id='word_1_750' title='bbox 776 2663 858 2690; x_wconf 79' lang='grc' dir='ltr'>πάλιν</span> <span class='ocrx_word' id='word_1_751' title='bbox 886 2663 946 2689; x_wconf 83' lang='grc' dir='ltr'>ἐπι-</span> 
     </span>
    </p>
   </div>
   <div class='ocr_carea' id='block_1_97' title="bbox 156 2708 946 2744">
    <p class='ocr_par' dir='ltr' id='par_1_97' title="bbox 156 2708 946 2744">
     <span class='ocr_line' id='line_1_97' title="bbox 156 2708 946 2744; baseline -0.001 -9"><span class='ocrx_word' id='word_1_752' title='bbox 156 2710 284 2744; x_wconf 72' lang='grc' dir='ltr'>στρέφειν</span> <span class='ocrx_word' id='word_1_753' title='bbox 312 2710 382 2744; x_wconf 78' lang='grc' dir='ltr'>πρὸς</span> <span class='ocrx_word' id='word_1_754' title='bbox 407 2708 500 2736; x_wconf 79' lang='grc' dir='ltr'>ἑαυτό.</span> <span class='ocrx_word' id='word_1_755' title='bbox 528 2709 584 2735; x_wconf 78' lang='grc' dir='ltr'><strong>Καὶ</strong></span> <span class='ocrx_word' id='word_1_756' title='bbox 598 2710 612 2735; x_wconf 86' lang='grc' dir='ltr'>ὁ</span> <span class='ocrx_word' id='word_1_757' title='bbox 628 2708 846 2743; x_wconf 78' lang='grc' dir='ltr'>Ἐκκλησιαστὴς</span> <span class='ocrx_word' id='word_1_758' title='bbox 866 2708 946 2734; x_wconf 73' lang='grc' dir='ltr'>τοῦτο</span> 
     </span>
    </p>
   </div>
   <div class='ocr_carea' id='block_1_98' title="bbox 155 2753 945 2790">
    <p class='ocr_par' dir='ltr' id='par_1_98' title="bbox 155 2753 945 2790">
     <span class='ocr_line' id='line_1_98' title="bbox 155 2753 945 2790; baseline -0.003 -9"><span class='ocrx_word' id='word_1_759' title='bbox 155 2755 242 2789; x_wconf 68' lang='grc' dir='ltr'>λέγων</span> <span class='ocrx_word' id='word_1_760' title='bbox 256 2755 323 2790; x_wconf 78' lang='grc' dir='ltr'>φησί</span> <span class='ocrx_word' id='word_1_761' title='bbox 335 2762 357 2780; x_wconf 80' lang='grc' dir='ltr'><strong>ἰ</strong></span> <span class='ocrx_word' id='word_1_762' title='bbox 371 2754 475 2785; x_wconf 86' lang='grc' dir='ltr'>Πάντες</span> <span class='ocrx_word' id='word_1_763' title='bbox 493 2753 518 2780; x_wconf 80' lang='grc' dir='ltr'>οἱ</span> <span class='ocrx_word' id='word_1_764' title='bbox 530 2754 677 2789; x_wconf 69' lang='grc' dir='ltr'>χείμαρροι</span> <span class='ocrx_word' id='word_1_765' title='bbox 689 2754 734 2780; x_wconf 72' lang='grc' dir='ltr'><strong>ἐπὶ</strong></span> <span class='ocrx_word' id='word_1_766' title='bbox 742 2755 791 2787; x_wconf 85' lang='grc' dir='ltr'>τὴν</span> <span class='ocrx_word' id='word_1_767' title='bbox 806 2753 945 2780; x_wconf 81' lang='grc' dir='ltr'>θάλασσαν</span> 
     </span>
    </p>
   </div>
   <div class='ocr_carea' id='block_1_99' title="bbox 156 2799 942 2836">
    <p class='ocr_par' dir='ltr' id='par_1_99' title="bbox 156 2799 942 2836">
     <span class='ocr_line' id='line_1_99' title="bbox 156 2799 942 2836; baseline -0.004 -8"><span class='ocrx_word' id='word_1_768' title='bbox 156 2801 330 2836; x_wconf 77' lang='grc' dir='ltr'>πορεύονται,</span> <span class='ocrx_word' id='word_1_769' title='bbox 341 2802 389 2827; x_wconf 79' lang='grc' dir='ltr'><strong>καὶ</strong></span> <span class='ocrx_word' id='word_1_770' title='bbox 400 2802 418 2835; x_wconf 84' lang='grc' dir='ltr'><strong>ἡ</strong></span> <span class='ocrx_word' id='word_1_771' title='bbox 433 2800 554 2827; x_wconf 84' lang='grc' dir='ltr'>Θάλασσα</span> <span class='ocrx_word' id='word_1_772' title='bbox 566 2801 615 2826; x_wconf 79' lang='grc' dir='ltr'><strong>οὐκ</strong></span> <span class='ocrx_word' id='word_1_773' title='bbox 631 2800 705 2827; x_wconf 73' lang='grc' dir='ltr'>ἔστιν</span> <span class='ocrx_word' id='word_1_774' title='bbox 720 2799 942 2835; x_wconf 71' lang='grc' dir='ltr'>ἐμπιπλαμένη.»</span> 
     </span>
    </p>
   </div>
   <div class='ocr_carea' id='block_1_100' title="bbox 193 2879 746 2911">
    <p class='ocr_par' dir='ltr' id='par_1_100' title="bbox 193 2879 746 2911">
     <span class='ocr_line' id='line_1_100' title="bbox 193 2879 746 2911; baseline 0.002 -5"><span class='ocrx_word' id='word_1_775' title='bbox 193 2880 217 2896; x_wconf 76' lang='grc'><strong>⁸³</strong></span> <span class='ocrx_word' id='word_1_776' title='bbox 238 2879 309 2907; x_wconf 88' lang='lat' dir='ltr'><strong>Psal.</strong></span> <span class='ocrx_word' id='word_1_777' title='bbox 331 2888 424 2910; x_wconf 71' lang='lat' dir='ltr'><strong>XLVIII,</strong></span> <span class='ocrx_word' id='word_1_778' title='bbox 439 2881 465 2906; x_wconf 63' lang='grc' dir='ltr'><strong>ὃ.</strong></span> <span class='ocrx_word' id='word_1_779' title='bbox 503 2880 525 2896; x_wconf 78' lang='grc'><strong>⁸³</strong></span> <span class='ocrx_word' id='word_1_780' title='bbox 539 2880 608 2907; x_wconf 84' lang='lat' dir='ltr'><strong>Psal.</strong></span> <span class='ocrx_word' id='word_1_781' title='bbox 628 2888 705 2911; x_wconf 80' lang='lat' dir='ltr'><strong>xvut,</strong></span> <span class='ocrx_word' id='word_1_782' title='bbox 721 2880 746 2906; x_wconf 70' lang='grc'><strong>1.</strong></span> 
     </span>
    </p>
   </div>
   <div class='ocr_carea' id='block_1_101' title="bbox 335 2936 739 2968">
    <p class='ocr_par' dir='ltr' id='par_1_101' title="bbox 335 2936 739 2968">
     <span class='ocr_line' id='line_1_101' title="bbox 335 2936 739 2968; baseline 0.005 -3"><span class='ocrx_word' id='word_1_783' title='bbox 335 2936 469 2968; x_wconf 67' lang='grc' dir='ltr'>Ριῃιοι..</span> <span class='ocrx_word' id='word_1_784' title='bbox 492 2937 549 2967; x_wconf 78' lang='lat' dir='ltr'><strong>Gn.</strong></span> <span class='ocrx_word' id='word_1_785' title='bbox 575 2937 739 2967; x_wconf 69' lang='lat' dir='ltr'><strong>LXXXVII</strong></span> 
     </span>
    </p>
   </div>
   <div class='ocr_carea' id='block_1_102' title="bbox 999 2434 1785 2470">
    <p class='ocr_par' dir='ltr' id='par_1_102' title="bbox 999 2434 1785 2470">
     <span class='ocr_line' id='line_1_102' title="bbox 999 2434 1785 2470; baseline -0.001 -9"><span class='ocrx_word' id='word_1_786' title='bbox 999 2435 1150 2470; x_wconf 74' lang='lat' dir='ltr'><strong>praesertim</strong></span> <span class='ocrx_word' id='word_1_787' title='bbox 1173 2439 1263 2461; x_wconf 85' lang='lat' dir='ltr'><strong>tamen</strong></span> <span class='ocrx_word' id='word_1_788' title='bbox 1290 2434 1409 2460; x_wconf 86' lang='lat' dir='ltr'><strong>maxima</strong></span> <span class='ocrx_word' id='word_1_789' title='bbox 1440 2440 1574 2467; x_wconf 88' lang='lat' dir='ltr'><strong>aquarttm</strong></span> <span class='ocrx_word' id='word_1_790' title='bbox 1602 2434 1785 2468; x_wconf 84' lang='lat' dir='ltr'><strong>receptacula,</strong></span> 
     </span>
    </p>
   </div>
   <div class='ocr_carea' id='block_1_103' title="bbox 998 2481 1785 2515">
    <p class='ocr_par' dir='ltr' id='par_1_103' title="bbox 998 2481 1785 2515">
     <span class='ocr_line' id='line_1_103' title="bbox 998 2481 1785 2515; baseline 0.001 -8"><span class='ocrx_word' id='word_1_791' title='bbox 998 2488 1058 2515; x_wconf 66' lang='lat' dir='ltr'><strong>qute</strong></span> <span class='ocrx_word' id='word_1_792' title='bbox 1075 2481 1160 2508; x_wconf 85' lang='lat' dir='ltr'><strong>maris</strong></span> <span class='ocrx_word' id='word_1_793' title='bbox 1189 2488 1290 2508; x_wconf 89' lang='lat' dir='ltr'><strong>nomen</strong></span> <span class='ocrx_word' id='word_1_794' title='bbox 1319 2484 1495 2514; x_wconf 84' lang='lat' dir='ltr'><strong>receperunt,</strong></span> <span class='ocrx_word' id='word_1_795' title='bbox 1524 2481 1558 2507; x_wconf 87' lang='lat' dir='ltr'><strong>ad</strong></span> <span class='ocrx_word' id='word_1_796' title='bbox 1584 2487 1646 2508; x_wconf 88' lang='lat' dir='ltr'><strong>eum</strong></span> <span class='ocrx_word' id='word_1_797' title='bbox 1674 2481 1785 2508; x_wconf 83' lang='lat' dir='ltr'><strong>modqu</strong></span> 
     </span>
    </p>
   </div>
   <div class='ocr_carea' id='block_1_104' title="bbox 998 2525 1786 2560">
    <p class='ocr_par' dir='ltr' id='par_1_104' title="bbox 998 2525 1786 2560">
     <span class='ocr_line' id='line_1_104' title="bbox 998 2525 1786 2560; baseline 0.001 -7"><span class='ocrx_word' id='word_1_798' title='bbox 998 2529 1094 2560; x_wconf 84' lang='lat' dir='ltr'><strong>parata</strong></span> <span class='ocrx_word' id='word_1_799' title='bbox 1109 2531 1184 2553; x_wconf 81' lang='lat' dir='ltr'><strong>sunt.</strong></span> <span class='ocrx_word' id='word_1_800' title='bbox 1201 2525 1229 2554; x_wconf 80' lang='lat' dir='ltr'><strong>Si</strong></span> <span class='ocrx_word' id='word_1_801' title='bbox 1248 2534 1309 2560; x_wconf 67' lang='lat' dir='ltr'><strong>qua:</strong></span> <span class='ocrx_word' id='word_1_802' title='bbox 1330 2526 1479 2553; x_wconf 76' lang='lat' dir='ltr'><strong>exstabant</strong></span> <span class='ocrx_word' id='word_1_803' title='bbox 1497 2527 1681 2554; x_wconf 85' lang='lat' dir='ltr'><strong>concavitates</strong></span> <span class='ocrx_word' id='word_1_804' title='bbox 1696 2527 1786 2554; x_wconf 74' lang='lat' dir='ltr'><strong>trino-</strong></span> 
     </span>
    </p>
   </div>
   <div class='ocr_carea' id='block_1_105' title="bbox 999 2572 1786 2608">
    <p class='ocr_par' dir='ltr' id='par_1_105' title="bbox 999 2572 1786 2608">
     <span class='ocr_line' id='line_1_105' title="bbox 999 2572 1786 2608; baseline 0.001 -9"><span class='ocrx_word' id='word_1_805' title='bbox 999 2580 1054 2605; x_wconf 86' lang='lat' dir='ltr'><strong>res,</strong></span> <span class='ocrx_word' id='word_1_806' title='bbox 1072 2572 1113 2599; x_wconf 70' lang='lat' dir='ltr'><strong>lite</strong></span> <span class='ocrx_word' id='word_1_807' title='bbox 1128 2572 1330 2606; x_wconf 84' lang='lat' dir='ltr'><strong>ampliabantur</strong></span> <span class='ocrx_word' id='word_1_808' title='bbox 1342 2572 1423 2606; x_wconf 83' lang='lat' dir='ltr'><strong>jussu</strong></span> <span class='ocrx_word' id='word_1_809' title='bbox 1438 2572 1543 2604; x_wconf 84' lang='lat' dir='ltr'><strong>divino,</strong></span> <span class='ocrx_word' id='word_1_810' title='bbox 1564 2577 1595 2599; x_wconf 90' lang='lat' dir='ltr'><strong>ttt</strong></span> <span class='ocrx_word' id='word_1_811' title='bbox 1612 2580 1700 2608; x_wconf 72' lang='lat' dir='ltr'><strong>aqum,</strong></span> <span class='ocrx_word' id='word_1_812' title='bbox 1724 2580 1786 2607; x_wconf 68' lang='lat' dir='ltr'><strong>qua!</strong></span> 
     </span>
    </p>
   </div>
   <div class='ocr_carea' id='block_1_106' title="bbox 998 2617 1786 2652">
    <p class='ocr_par' dir='ltr' id='par_1_106' title="bbox 998 2617 1786 2652">
     <span class='ocr_line' id='line_1_106' title="bbox 998 2617 1786 2652; baseline 0 -8"><span class='ocrx_word' id='word_1_813' title='bbox 998 2617 1169 2645; x_wconf 85' lang='lat' dir='ltr'><strong>inutnlabant</strong></span> <span class='ocrx_word' id='word_1_814' title='bbox 1183 2618 1258 2652; x_wconf 87' lang='lat' dir='ltr'><strong>prius</strong></span> <span class='ocrx_word' id='word_1_815' title='bbox 1274 2618 1430 2645; x_wconf 79' lang='lat' dir='ltr'><strong>universam</strong></span> <span class='ocrx_word' id='word_1_816' title='bbox 1453 2623 1532 2645; x_wconf 68' lang='lat' dir='ltr'><strong>terra:</strong></span> <span class='ocrx_word' id='word_1_817' title='bbox 1546 2618 1731 2652; x_wconf 84' lang='lat' dir='ltr'><strong>superﬁciem,</strong></span> <span class='ocrx_word' id='word_1_818' title='bbox 1751 2626 1786 2645; x_wconf 77' lang='lat' dir='ltr'><strong>ex</strong></span> 
     </span>
    </p>
   </div>
   <div class='ocr_carea' id='block_1_107' title="bbox 998 2659 1785 2698">
    <p class='ocr_par' dir='ltr' id='par_1_107' title="bbox 998 2659 1785 2698">
     <span class='ocr_line' id='line_1_107' title="bbox 998 2659 1785 2698; baseline 0.004 -10"><span class='ocrx_word' id='word_1_819' title='bbox 998 2662 1066 2689; x_wconf 85' lang='lat' dir='ltr'><strong>locis</strong></span> <span class='ocrx_word' id='word_1_820' title='bbox 1082 2663 1171 2697; x_wconf 86' lang='lat' dir='ltr'><strong>planis</strong></span> <span class='ocrx_word' id='word_1_821' title='bbox 1188 2663 1214 2689; x_wconf 95' lang='lat' dir='ltr'><strong>in</strong></span> <span class='ocrx_word' id='word_1_822' title='bbox 1226 2671 1272 2690; x_wconf 82' lang='lat' dir='ltr'><strong>cas</strong></span> <span class='ocrx_word' id='word_1_823' title='bbox 1284 2663 1432 2690; x_wconf 87' lang='lat' dir='ltr'><strong>decurrere</strong></span> <span class='ocrx_word' id='word_1_824' title='bbox 1449 2659 1571 2698; x_wconf 80' lang='lat' dir='ltr'><strong>possent.</strong></span> <span class='ocrx_word' id='word_1_825' title='bbox 1584 2663 1717 2691; x_wconf 59' lang='lat' dir='ltr'><strong>Praeterea</strong></span> <span class='ocrx_word' id='word_1_826' title='bbox 1734 2664 1785 2691; x_wconf 84' lang='lat' dir='ltr'><strong>lmc</strong></span> 
     </span>
    </p>
   </div>
   <div class='ocr_carea' id='block_1_108' title="bbox 999 2708 1785 2743">
    <p class='ocr_par' dir='ltr' id='par_1_108' title="bbox 999 2708 1785 2743">
     <span class='ocr_line' id='line_1_108' title="bbox 999 2708 1785 2743; baseline 0.003 -9"><span class='ocrx_word' id='word_1_827' title='bbox 999 2709 1077 2742; x_wconf 81' lang='lat' dir='ltr'><strong>quasi</strong></span> <span class='ocrx_word' id='word_1_828' title='bbox 1092 2708 1230 2743; x_wconf 83' lang='lat' dir='ltr'><strong>peculiare</strong></span> <span class='ocrx_word' id='word_1_829' title='bbox 1242 2714 1284 2735; x_wconf 88' lang='lat' dir='ltr'><strong>est</strong></span> <span class='ocrx_word' id='word_1_830' title='bbox 1300 2709 1391 2743; x_wconf 85' lang='lat' dir='ltr'><strong>aquis,</strong></span> <span class='ocrx_word' id='word_1_831' title='bbox 1404 2713 1433 2736; x_wconf 92' lang='lat' dir='ltr'><strong>ut</strong></span> <span class='ocrx_word' id='word_1_832' title='bbox 1444 2714 1557 2737; x_wconf 89' lang='lat' dir='ltr'><strong>currant</strong></span> <span class='ocrx_word' id='word_1_833' title='bbox 1572 2710 1598 2736; x_wconf 92' lang='lat' dir='ltr'><strong>in</strong></span> <span class='ocrx_word' id='word_1_834' title='bbox 1612 2717 1697 2738; x_wconf 87' lang='lat' dir='ltr'><strong>mare.</strong></span> <span class='ocrx_word' id='word_1_835' title='bbox 1707 2709 1785 2737; x_wconf 86' lang='lat' dir='ltr'><strong>huic-</strong></span> 
     </span>
    </p>
   </div>
   <div class='ocr_carea' id='block_1_109' title="bbox 998 2753 1785 2790">
    <p class='ocr_par' dir='ltr' id='par_1_109' title="bbox 998 2753 1785 2790">
     <span class='ocr_line' id='line_1_109' title="bbox 998 2753 1785 2790; baseline 0.001 -10"><span class='ocrx_word' id='word_1_836' title='bbox 998 2762 1050 2789; x_wconf 88' lang='lat' dir='ltr'><strong>que</strong></span> <span class='ocrx_word' id='word_1_837' title='bbox 1081 2753 1226 2786; x_wconf 84' lang='lat' dir='ltr'><strong>incubent,</strong></span> <span class='ocrx_word' id='word_1_838' title='bbox 1243 2759 1270 2782; x_wconf 89' lang='lat' dir='ltr'><strong>et</strong></span> <span class='ocrx_word' id='word_1_839' title='bbox 1293 2755 1317 2782; x_wconf 85' lang='lat' dir='ltr'><strong>si</strong></span> <span class='ocrx_word' id='word_1_840' title='bbox 1335 2755 1448 2790; x_wconf 87' lang='lat' dir='ltr'><strong>quando</strong></span> <span class='ocrx_word' id='word_1_841' title='bbox 1477 2755 1631 2783; x_wconf 78' lang='lat' dir='ltr'><strong>fervoribus</strong></span> <span class='ocrx_word' id='word_1_842' title='bbox 1648 2756 1785 2783; x_wconf 81' lang='lat' dir='ltr'><strong>solaribus</strong></span> 
     </span>
    </p>
   </div>
   <div class='ocr_carea' id='block_1_110' title="bbox 998 2798 1785 2834">
    <p class='ocr_par' dir='ltr' id='par_1_110' title="bbox 998 2798 1785 2834">
     <span class='ocr_line' id='line_1_110' title="bbox 998 2798 1785 2834; baseline 0.004 -9"><span class='ocrx_word' id='word_1_843' title='bbox 998 2799 1026 2826; x_wconf 95' lang='lat' dir='ltr'><strong>in</strong></span> <span class='ocrx_word' id='word_1_844' title='bbox 1038 2800 1122 2826; x_wconf 87' lang='lat' dir='ltr'><strong>altutn</strong></span> <span class='ocrx_word' id='word_1_845' title='bbox 1137 2799 1291 2834; x_wconf 85' lang='lat' dir='ltr'><strong>rapiantur,</strong></span> <span class='ocrx_word' id='word_1_846' title='bbox 1304 2805 1335 2828; x_wconf 90' lang='lat' dir='ltr'><strong>ut</strong></span> <span class='ocrx_word' id='word_1_847' title='bbox 1348 2801 1480 2828; x_wconf 86' lang='lat' dir='ltr'><strong>continuo</strong></span> <span class='ocrx_word' id='word_1_848' title='bbox 1495 2800 1663 2828; x_wconf 83' lang='lat' dir='ltr'><strong>descendant</strong></span> <span class='ocrx_word' id='word_1_849' title='bbox 1675 2805 1702 2828; x_wconf 89' lang='lat' dir='ltr'><strong>ct</strong></span> <span class='ocrx_word' id='word_1_850' title='bbox 1714 2798 1785 2829; x_wconf 80' lang='lat' dir='ltr'><strong>mari</strong></span> 
     </span>
    </p>
   </div>
   <div class='ocr_carea' id='block_1_111' title="bbox 1545 2938 1563 2965">
    <p class='ocr_par' dir='ltr' id='par_1_111' title="bbox 1545 2938 1563 2965">
     <span class='ocr_line' id='line_1_111' title="bbox 1545 2938 1563 2965; baseline 0 -1"><span class='ocrx_word' id='word_1_851' title='bbox 1545 2938 1563 2965; x_wconf 78' lang='grc'>3</span> 
     </span>
    </p>
   </div>
  </div>
