2072 3157
281 163 316 192 ’15
934 157 1107 188 PROCOPII
1137 157 1258 188 GAZIEI
1866 154 1901 184 76

282 219 380 246 iterum
396 217 576 252 applicentur,
595 215 667 250 quod
684 214 795 249 quidem
811 213 991 241 Ecclesiastes
1012 212 1068 239 evi—

1125 212 1252 247 ’Δλλαχοῦ
1276 213 1292 247 ἡ
1310 212 1403 246 Γρῑφή
1416 219 1424 227 ι
1438 221 1447 236 ι
1463 211 1497 237 Ἦ
1508 210 1557 246 ἐμὲ
1573 210 1603 236 οὑ
1614 209 1801 244 φοῦηθήσεσθε
1813 208 1903 243 ,λέγει

282 265 377 291 denter
387 263 466 291 docet
480 262 555 289 hisce
569 261 658 288 verbis
674 270 680 287 :
698 271 707 286 ‹
723 260 821 287 Omnia
835 259 947 286 ﬂumina
961 259 1064 285 vadunt

282 311 310 337 in
326 317 410 341 mare,
436 313 463 335 ct
489 315 562 334 mare
585 307 674 341 ipsum
696 315 751 333 non
776 306 904 341 impletur
917 307 948 331 ".
967 315 976 331 ι
994 305 1066 331 Alibi

281 363 392 390 quoque
407 354 498 388 inquit
513 353 655 387 Scriptura
671 361 679 379 τ
701 362 709 377 ι
730 352 771 378 An
792 359 834 378 me
847 360 900 378 non
922 351 1066 380 timehitis,

1118 259 1229 294 Κύριος,
1238 259 1283 284 τὸν
1294 258 1402 284 τιθέντα
1415 257 1507 292 ἄμμον
1516 257 1589 291 ὃριον
1598 257 1629 290 τῇ
1640 255 1771 290 θαλάσσῃ·
1782 265 1790 281 ι
1802 255 1834 281 'H
1849 256 1903 291 γὰρ

1120 304 1152 331 ἂν
1165 304 1284 338 Ἐρυθρὰ
1309 304 1429 330 θάλασσα
1453 303 1502 338 τὴν
1530 303 1667 336 Αἴγυπτον
1680 302 1788 328 ἅπασαν
1809 309 1904 327 ταπει-

1121 349 1234 385 νοτέραν
1250 349 1332 376 οὖσαν
1348 348 1509 375 ἐπέκλυσεν.
1592 344 1596 348 ⁷

281 402 347 429 dicit
358 399 507 427 Dominus?
524 403 570 426 aut
593 406 608 425 a
626 398 695 425 facie
711 405 768 425 mea
794 406 844 424 non
860 398 1097 425 contremiscetis?
1117 398 1162 432 qui
1195 397 1272 432 posui
1298 403 1409 423 arenam
1423 396 1569 422 terminum
1604 394 1690 422 maris
1721 394 1749 421 in
1772 397 1902 421 statutum

283 454 454 484 perpetuum,
470 454 520 474 nec
534 445 660 473 transibit
675 453 736 472 cum
752 446 785 471 5'.
806 455 815 470 ›
829 444 859 471 Ni
884 446 956 472 enim
971 446 1062 472 divina
1090 444 1265 471 Providentia
1280 444 1352 471 intra
1368 443 1539 478 praestitutus
1559 442 1692 469 terminos
1726 443 1813 469 maria
1833 449 1904 469 con.-

283 494 420 523 tinuisset,
437 491 560 526 profecto
585 499 659 520 mare
691 492 814 520 Rubrum
840 493 995 520 universam
1013 492 1171 528 Egyptum,
1183 492 1263 526 cujus
1276 493 1347 520 situs
1362 491 1491 518 humilior
1507 496 1550 518 est
1573 490 1631 522 illo,
1662 497 1796 524 aquarum
1820 490 1904 516 inun-

282 540 393 567 datione
407 537 563 565 delevisset.

316 587 450 613 Mirantur
463 585 558 620 aliqui,
568 593 628 621 quae
641 585 728 621 possit
742 583 878 620 assignari
896 582 978 615 ratio,
991 581 1065 616 quod

282 631 382 659 dixerit
399 631 471 658 Deus
485 640 492 657 ε
514 640 522 656 α
539 631 565 658 In
583 639 665 658 unam
679 631 870 659 collectionem
886 633 1068 664 congregetur

283 685 353 712 aqua
366 685 373 709 ;
397 686 406 702 ι
425 676 524 704 deinde
536 677 709 711 subjunxerit
723 687 729 704 :
744 686 753 702 ‹
769 676 798 703 1η
813 675 991 703 collectiones
1004 681 1068 701 suas

282 727 455 759 congregatae
470 729 536 749 sunt
551 730 638 756 aquae.
652 732 661 748 ι
675 721 713 748 Ex
729 722 772 749 his
784 721 848 748 licet
863 720 1003 755 conjicere
1014 726 1068 745 non

283 777 369 796 unum
390 777 449 797 esse
462 776 548 800 mare,
564 768 609 795 sed
625 769 752 802 plurima.
780 767 827 794 Sic
844 764 1042 801 respondemus
1059 773 1065 791 :

283 816 422 850 Aquarum
437 815 563 841 collectio
575 822 627 841 una
643 813 752 848 quidem
769 817 865 839 vocata
883 815 925 839 est
938 815 1065 846 respectu

284 860 379 891 aridae,
396 867 457 894 qua:
471 859 567 894 etipsa
581 867 634 886 una
645 863 696 886 est.
712 858 746 885 Ut
762 863 832 885 terra
852 865 915 890 una,
933 857 973 884 sic
984 857 1066 883 etiam

284 912 368 931 unum
383 904 484 930 dicitur
499 911 586 930 mare.
601 903 730 936 Quamvis
750 910 816 929 vero
833 910 916 929 unum
934 902 981 933 sit.
996 901 1067 928 reci-
1083 890 1104 919 Β

237 982 241 986 ,
283 951 324 985 pit
338 954 429 977 tamen
448 949 598 976 divisiones
615 949 714 976 multas
727 948 882 982 multosque
898 948 986 980 sinus,
998 954 1067 981 quos

283 995 369 1021 maria
392 994 562 1029 appellitant.
592 993 644 1026 Qui
670 998 804 1020 terrarum
821 993 916 1020 orbem
937 999 1067 1027 peragra-

282 1044 357 1072 runt,
374 1043 527 1067 memorant
553 1047 627 1066 mare
642 1038 764 1066 Rubrum
782 1044 809 1066 et
825 1039 979 1074 Hyrcanum
1001 1046 1068 1065 con-

280 1085 357 1121 jungi
370 1085 498 1112 faucibus
515 1085 602 1120 magni
624 1085 715 1112 maris.
734 1084 820 1111 Sicuti
840 1084 938 1111 coelum
955 1083 1066 1118 quidem

284 1140 367 1159 unum
385 1135 426 1159 est
449 1131 499 1159 sub
529 1131 709 1162 ﬁrmamento,
736 1133 857 1156 attamen
883 1129 991 1164 plurimi
1005 1133 1069 1155 sunt

284 1179 335 1206 sub
360 1185 393 1206 eo
418 1179 444 1204 in
475 1177 534 1204 suis
561 1176 629 1204 locis
648 1180 675 1203 et
694 1175 851 1211 regionibus
874 1175 1014 1206 distincti;
1033 1175 1068 1201 ita

284 1232 368 1252 unum
385 1223 495 1259 quidem
512 1230 588 1249 mare
613 1226 655 1249 est
673 1229 812 1256 magnum,
838 1221 911 1256 quod
929 1221 1069 1247 nominant

283 1271 435 1302 Oceanum,
453 1277 487 1297 ex
503 1277 557 1304 quo
571 1268 684 1295 [lumina
698 1273 725 1294 et
734 1267 915 1301 scaturigines
926 1266 1069 1299 fontesque

283 1315 437 1351 procedunt
453 1314 484 1341 in
498 1314 559 1341 loca
581 1313 657 1340 orbis
683 1312 874 1347 profundiora,
892 1319 953 1346 qua:
971 1311 1070 1338 deinde

279 1362 398 1397 .gignnnt
415 1367 536 1395 aequora,
568 1359 691 1393 aliasque
713 1365 847 1393 aquarum
876 1358 1068 1389 eollectiones,

279 1415 352 1442 quas
368 1407 509 1441 Scriptura
525 1413 605 1433 sacra
633 1404 733 1432 assolet
760 1411 859 1431 vocare
885 1404 986 1431 maria.
1002 1403 1071 1431 Sunt

283 1458 374 1479 autem
393 1451 459 1478 nihil
477 1450 563 1484 aliud,
580 1457 662 1485 quam
677 1449 771 1477 fauces
787 1448 912 1484 quaedam
930 1448 988 1476 sive
1008 1449 1070 1481 rivi,

284 1498 409 1532 ostiaqne
437 1496 527 1530 magni
555 1496 650 1523 maris.
679 1495 802 1527 Aridam,
831 1503 893 1529 qua
917 1494 1011 1522 eadem
1028 1498 1071 1522 est

284 1550 347 1570 cum
366 1546 451 1572 terra,
469 1541 523 1567 alio
549 1541 666 1575 quodam
691 1548 772 1567 sensu
800 1539 961 1567 diﬂ‘erentiae
983 1541 1070 1574 gratia
1084 1557 1106 1587 ο

284 1589 364 1615 dixit.
397 1587 429 1614 Ut
453 1587 525 1614 enim
551 1586 658 1612 risibile
673 1586 812 1621 proprium
838 1590 880 1613 est
898 1586 1029 1617 hominis.
1045 1590 1072 1613 et

285 1635 363 1660 homo
383 1638 425 1661 est
439 1640 537 1660 nomen
552 1640 599 1658 seu
617 1640 667 1658 vox
682 1632 741 1666 ejus
753 1632 891 1665 anitnalis,
906 1632 950 1659 cui
967 1632 1072 1659 risibile

285 1681 357 1707 inest
374 1699 382 1711 ,
407 1679 447 1706 sic
477 1678 591 1704 ariditas
605 1681 647 1704 est
668 1678 809 1712 proprium
830 1681 922 1709 teme,
946 1682 1073 1711 terraque

287 1725 440 1751 ariditatcm
457 1722 536 1758 quasi
553 1723 731 1757 peculiariter
744 1723 836 1750 habet.
850 1721 1000 1756 Frigiditas
1011 1723 1073 1758 qui-

286 1772 348 1799 dem
373 1777 482 1805 quoque
503 1769 617 1796 inhaeret
643 1774 731 1802 terrae,
747 1769 794 1796 sed
820 1776 875 1795 non
891 1774 971 1796 terra:
993 1769 1073 1804 quasi

286 1816 426 1852 proprium
443 1819 589 1843 censetur:
611 1814 665 1841 imo
681 1822 741 1842 eam
768 1814 930 1849 qualitatem
949 1822 1073 1842 commu-

286 1870 348 1890 nem
366 1860 486 1896 possidet
498 1868 562 1887 cum
575 1867 657 1895 aqua.
673 1859 708 1887 Ut
720 1867 791 1895 aqua
803 1859 981 1895 [rigiditatem
992 1869 1074 1896 pecu-

286 1908 392 1935 liariter
407 1910 492 1938 tenet,
517 1906 558 1934 sic
586 1905 759 1933 humiditatis
777 1913 839 1933 cum
857 1913 921 1933 aere
935 1905 1073 1940 particeps

286 1953 457 1988 perhibetur.
484 1950 519 1979 Ut
538 1959 584 1979 aer
604 1959 653 1979 ceu
678 1952 818 1986 proprium
835 1951 933 1978 retinet
951 1951 1073 1978 humidi-

286 2004 380 2030 Iatem,
398 1998 439 2026 sic
455 1998 535 2033 quasi
551 2005 599 2031 per
620 1998 768 2032 quamdam
785 1997 944 2025 societatem
962 1997 996 2024 ab
1011 1997 1074 2032 igne

286 2046 403 2073 calorem
422 2045 516 2072 trahit.
531 2044 566 2072 Ut
587 2044 660 2079 ignis
675 2052 725 2071 ceu
742 2044 882 2079 proprium
908 2044 961 2072 sibi
983 2043 1071 2071 vindi-

287 2095 331 2118 cat
358 2091 489 2121 calorem,
520 2090 560 2117 sic
590 2097 651 2117 etnn
678 2093 752 2116 terra
776 2090 894 2124 partitur
918 2089 1072 2116 ariditatem

286 2144 369 2173 quam
382 2141 455 2164 terra
471 2136 636 2171 peculiarem
652 2135 750 2170 adepta
761 2140 814 2162 est.
833 2136 866 2162 Et
882 2135 910 2162 in
929 2135 1002 2162 hunc
1017 2142 1075 2162 mo-

287 2184 351 2212 dum
367 2177 421 2217 22
442 2187 515 2217 patet
530 2182 648 2217 singulis
659 2181 801 2209 elementis
818 2180 885 2216 quid
906 2181 996 2208 inesse
1009 2188 1074 2216 pro-

1153 580 1213 612 ne;
1240 581 1268 607 δὲ
1297 582 1337 612 είς
1370 582 1435 616 μίαν
1456 581 1616 618 συναγωγὴν
1641 583 1832 615 κελευσθέντος
1855 583 1903 610 τοῦ

1117 626 1221 657 ὕδατος,
1235 627 1274 658 είς
1284 626 1331 658 τὰς
1352 627 1510 661 συναγωγὰς
1525 628 1625 660 αὐτῶν,
1635 629 1700 663 φησὶ
1711 649 1718 658 .
1736 629 1853 664 συνήχθη
1868 630 1905 656 τὰ

1120 669 1216 701 ὕδατα,
1229 670 1277 697 καὶ
1292 670 1400 702 πλείους
1413 672 1440 698 αἱ
1452 671 1585 699 θάλασσαι
1596 673 1753 707 φαίνονταις
1772 675 1830 701 Μία
1854 674 1904 709 μὲν

1119 713 1165 742 οὖν
1180 716 1288 751 εἴρηται
1301 717 1445 753 συναγωγὴ
1461 717 1700 754 ἀντιδιαιρόυμένη
1719 721 1751 755 τῇ
1770 719 1851 755 ξηρᾷ,
1865 720 1904 752 ὡς

1122 761 1186 796 μίαν
1212 762 1261 797 μὲν
1279 759 1347 788 εἶναι
1370 762 1453 796 κοινῷ
1481 762 1554 798 λόγῳ
1569 763 1619 798 τὴν
1641 763 1705 798 γῆν.
1721 765 1786 799 μίαν
1807 765 1835 791 δὲ
1853 765 1904 801 τὴν

1121 807 1259 834 θάλασσαν
1270 815 1277 822 ·
1295 808 1344 842 μία
1361 808 1389 834 δὲ
1403 807 1470 835 οὖσα
1484 809 1631 843 διαιρέσεις
1649 810 1705 845 ἔχει
1721 812 1769 838 καὶ
1786 812 1904 844 κόλπους

1121 854 1233 885 πολλοὺς
1258 854 1305 886 οὓς
1324 855 1461 886 θαλάσσας
1482 855 1613 882 ἐκάλεσε·
1637 857 1684 884 καὶ
1703 857 1751 892 τὴν
1772 858 1904 894 Ἐρυθρὰν

1117 900 1171 935 γὰρ
1185 901 1232 927 καὶ
1247 901 1393 936 Ὑρκανίαν
1406 903 1437 936 τῇ
1456 903 1563 939 μεγάλῃ
1586 904 1808 938 συνεστομῶσθαί
1822 913 1905 938 φασιν

1117 948 1142 972 οἱ
1161 947 1210 982 τὴν
1234 947 1285 981 γῆν
1314 947 1547 982 περιοδεύσαντες.
1579 949 1635 976 Καὶ
1665 950 1760 985 ὥσπερ
1790 951 1904 986 οὺρανδς

1118 993 1216 1024 κοινῶς
1232 993 1282 1028 μὲν
1297 994 1310 1019 ὁ
1330 991 1381 1026 εἷς,
1396 995 1410 1020 ὀ
1435 994 1487 1020 ὑπὸ
1497 995 1528 1020 τὺ
1545 995 1688 1029 στερέωμα
1703 997 1767 1027 πᾶς,
1787 996 1859 1027 ἰδίως
1876 997 1905 1024 δὲ

1119 1038 1228 1070 πλείους
1248 1040 1272 1065 οἱ
1286 1039 1314 1065 ἐν
1330 1039 1415 1075 τούτῳ
1437 1040 1597 1076 διῃρημένοι
1611 1049 1617 1055 ’
1635 1040 1721 1072 οὕτως
1741 1042 1789 1076 μία
1808 1043 1859 1077 μὲν
1886 1044 1902 1078 ἡ

1120 1085 1226 1120 μεγάλη
1237 1085 1388 1120 καθέστηκε
1397 1085 1517 1112 θάλασσα
1531 1087 1545 1113 ὁ
1560 1086 1695 1120 Ὠκεανὸς,
1712 1087 1742 1120 ἐξ
1752 1085 1783 1114 οὗ
1797 1089 1904 1116 διεκσο-

1118 1131 1162 1157 λαί
1181 1139 1253 1163 τινες
1267 1131 1403 1168 χωροῦσιν
1420 1133 1459 1164 εἰς
1470 1133 1570 1164 τόπους
1590 1133 1692 1168 βαθεῖς,
1708 1135 1735 1166 ἐξ
1749 1131 1786 1161 ὧν
1801 1135 1834 1161 τὰ
1853 1138 1905 1161 πε.

1117 1177 1188 1211 λάγη
1198 1178 1366 1210 συνίσταται,
1375 1179 1545 1213 συναγωγαὶ
1553 1179 1599 1205 καὶ
1609 1180 1759 1207 θάλασσαι
1771 1181 1864 1217 Γραφῇ
1871 1183 1904 1217 τῇ

1119 1222 1180 1258 θείᾳ
1194 1223 1342 1258 λεγόμενα,
1365 1224 1464 1259 ρύακές
1478 1233 1552 1256 τινες
1577 1225 1624 1251 καὶ
1648 1226 1770 1260 στόματα
1786 1227 1836 1261 τῆς
1856 1236 1906 1262 με·

1119 1269 1204 1303 γάλης
1219 1268 1298 1296 οὖσαι
1316 1270 1488 1304 συναγωγῆς.
1520 1270 1575 1305 Τὴν
1590 1270 1618 1297 δὲ
1635 1271 1721 1306 ξηρὰν
1740 1274 1773 1308 τῇ
1797 1274 1831 1308 γῇ
1854 1273 1906 1308 τὴν

1119 1314 1205 1349 αὐτὴν
1230 1312 1313 1341 οὖσαν
1336 1315 1396 1341 καθ’
1424 1315 1522 1351 ἑτέραν
1543 1316 1664 1342 ἐπίνοιαν
1687 1316 1822 1352 διαφόρως
1839 1318 1906 1344 ὠνό-

1121 1367 1218 1393 μασεν.
1240 1359 1283 1390 Ὠς
1298 1360 1352 1394 γὰρ
1365 1360 1395 1385 τὺ
1409 1360 1569 1394 γελαστικὸν
1584 1361 1648 1387 ἴδιόν
1665 1362 1738 1388 ὲστιν
1749 1362 1904 1398 ἀνθρώπου,

1119 1405 1136 1439 ἠ
1148 1405 1176 1430 δὲ
1190 1405 1344 1438 ἅνθρωπος
1355 1405 1429 1441 φωνὴ
1441 1406 1594 1442 σημαντικὴ
1604 1405 1651 1433 τοῦ
1662 1407 1742 1440 ζώου,
1787 1409 1906 1444 ὑπάρχει

1120 1449 1149 1475 τὸ
1164 1449 1244 1476 ἴδιον·
1262 1449 1332 1477 οὓτω
1348 1451 1394 1477 καὶ
1407 1451 1437 1478 τὸ
1460 1452 1543 1487 ξηρὸν
1557 1453 1622 1479 ῐδιον
1636 1454 1685 1488 τῆς
1703 1454 1753 1489 γῆς
1771 1454 1818 1481 καὶ
1832 1455 1906 1487 ἐξαί-

1122 1503 1199 1530 ρετον
1211 1503 1222 1510 "
1236 1495 1293 1531 ἔχει
1309 1496 1336 1522 δὲ
1353 1497 1401 1524 καὶ
1422 1498 1451 1523 τὸ
1466 1497 1579 1533 ψυχρὸν,
1602 1499 1670 1525 ἀλλὰ
1687 1500 1775 1526 κοινὸν
1791 1501 1859 1536 πρὸς
1875 1502 1906 1528 τὸ

1122 1541 1194 1577 ὕδωρ
1206 1550 1212 1556 ·
1229 1541 1365 1573 ὡςέκείνο
1378 1544 1457 1570 τοῦτο
1476 1543 1542 1570 ἴδιον
1555 1544 1627 1579 ἔχον,
1646 1545 1735 1572 κοινὸν
1754 1545 1825 1581 ἔχειν
1838 1548 1907 1583 πρὸς

1122 1588 1192 1623 ἀέρα
1203 1589 1234 1615 τὴ
1246 1589 1328 1624 ὑγρόν
1339 1590 1363 1616 ’ὀ
1383 1589 1411 1616 δὲ
1423 1590 1453 1616 τὸ
1468 1590 1551 1625 ὑγρὸν
1574 1591 1640 1617 ἴδιον
1655 1591 1734 1626 ἔχων,
1747 1593 1836 1619 κοινὸν
1849 1594 1907 1629 ἔχει.

1122 1634 1192 1669 πρὸς
1207 1635 1237 1661 τὸ
1259 1635 1313 1669 πῦρ
1328 1635 1359 1661 τὸ
1383 1635 1500 1670 θερμόν·
1517 1636 1609 1663 καὶτὸ
1631 1636 1688 1672 πῦρ
1715 1637 1778 1664 ίδιον
1801 1638 1861 1674 ἕχον
1877 1639 1908 1666 τὸ

1123 1679 1235 1714 θερμὴν,
1247 1681 1335 1707 κοινὸν
1354 1680 1410 1715 ἔχει
1434 1681 1502 1716 πρὸς
1529 1682 1580 1715 τὴν
1601 1682 1653 1717 γῆν
1674 1682 1704 1709 τὸ
1721 1683 1813 1718 ξηρὸν,
1838 1684 1907 1720 ὅπερ

1123 1724 1231 1760 ἐκείνης
1242 1725 1412 1760 καθέστηκεν
1428 1725 1494 1752 ἴδιον
1505 1733 1513 1741 ·
1525 1727 1573 1752 καὶ
1584 1726 1672 1758 οὕτως
1688 1728 1796 1763 ἑκάστῳ
1811 1728 1842 1755 τὺ
1857 1729 1907 1764 μὲν

1124 1770 1200 1801 ίδιον,
1216 1771 1247 1796 τὸ
1270 1771 1299 1797 δὲ
1324 1772 1413 1797 κοινὸν
1429 1772 1594 1807 ἐνυπάρχει·
1619 1773 1690 1800 κατὰ
1714 1774 1763 1808 μὲν
1785 1774 1816 1800 τὸ
1842 1775 1907 1802 ἴδιον

1126 1815 1317 1851 ἁφοριζομένῳ
1335 1817 1388 1842 τῶν
1414 1817 1513 1848 ἄλλων,
1530 1819 1724 1854 συναπτομὲνῳ
1738 1820 1766 1846 δὲ
1788 1820 1857 1847 κατὰ
1876 1821 1908 1848 τὸ

1124 1861 1213 1888 κοινὸν
1227 1863 1284 1893 τοῖς
1298 1861 1412 1897 πλησίον
1427 1863 1606 1899 ὑπάρχουσιν.
1621 1864 1694 1890 Ἔδει
1714 1865 1767 1901 γὰρ
1778 1863 1848 1893 εἶναι
1860 1867 1908 1893 καὶ

1123 1906 1338 1941 διακεκριμένα,
1364 1907 1402 1939 ὡς
1429 1907 1462 1934 ἂν
1485 1908 1533 1943 τὴν
1557 1909 1625 1936 ίδίαν
1645 1910 1726 1943 φύσιν
1748 1910 1908 1945 φυλάττοιεν

1124 1953 1171 1978 καὶ
1188 1953 1389 1988 συναπτόμενα,
1405 1954 1442 1985 ὡς
1456 1954 1489 1980 ἂν
1503 1955 1535 1981 ἐκ
1552 1954 1652 1982 τούτων
1666 1956 1682 1990 ἠ
1701 1956 1755 1982 τῶν
1773 1958 1908 1992 σωμάτων

1125 1998 1248 2030 σύνθεσις
1266 1999 1382 2033 γένοιτο,
1394 1999 1518 2035 ἀλλήλοις
1533 2000 1577 2027 ἀεὶ
1590 2001 1659 2028 κατὰ
1673 2001 1722 2036 τὴν
1740 2002 1831 2038 κοινὴν
1846 2011 1908 2029 συν-

1124 2044 1291 2079 απτομένοις
1318 2046 1467 2080 ποιότητα·
1496 2045 1592 2081 διόπερ
1619 2048 1633 2073 ὁ
1658 2047 1724 2078 Θεὸς
1747 2048 1796 2081 τὴν
1823 2048 1908 2084 ξηρὰν

1124 2089 1236 2116 ἐκάλεσε
1250 2089 1318 2124 γῆν,
1344 2089 1400 2116 ἀλλ’
1415 2089 1445 2116 οὐ
1459 2089 1508 2125 τὴν
1531 2090 1583 2124 γῆν
1611 2090 1723 2117 ἐκάλεσε
1740 2091 1834 2126 ξηράν
1846 2100 1852 2107 ·
1877 2091 1908 2118 τδ

1125 2134 1176 2169 μὲν
1191 2135 1244 2169 γὰρ
1264 2135 1362 2169 ἑδίωμα
1377 2135 1425 2161 καὶ
1446 2136 1694 2170 χαρακτηριστικόν
1711 2137 1768 2162 ἐστι
1787 2136 1837 2170 τῆς
1855 2137 1907 2170 φύ-

1125 2189 1203 2211 σεως,
1220 2181 1236 2214 ἡ
1255 2180 1284 2206 δὲ
1310 2179 1347 2214 γῆ
1374 2179 1439 2215 ψιλὴ
1464 2180 1634 2216 προσηγορία
1656 2180 1704 2207 τοῦ
1729 2181 1906 2216 πράγματος·

286 2229 390 2264 prium,
408 2233 434 2256 et
448 2227 512 2263 quid
526 2228 599 2262 quod
612 2235 674 2254 cum
688 2228 794 2254 caeteris
806 2227 906 2254 habent
917 2234 1071 2254 commune.

1125 2226 1171 2252 καὶ
1184 2225 1220 2256 ὡς
1235 2226 1284 2260 μὲν
1303 2226 1356 2260 πρὸ
1371 2226 1416 2252 τοῦ
1434 2226 1595 2252 ὑποκεῖσθαι
1616 2226 1723 2262 οὐρανῷ
1735 2225 1772 2261 γῆ
1787 2227 1907 2261 λέγεται,

288 2274 340 2302 Per
355 2274 466 2310 propria
490 2273 597 2307 singula
626 2279 641 2299 a
665 2273 782 2308 singulis
812 2276 995 2307 separantur:
1026 2280 1074 2307 per

288 2320 444 2348 communia
462 2319 569 2353 singula
588 2318 705 2352 singulis
725 2321 938 2345 connectuntur.
958 2317 1075 2352 Oporte-

288 2367 335 2393 bat
350 2366 424 2393 enim
448 2372 510 2392 esse
537 2367 674 2399 separata.
694 2367 722 2389 ut
737 2363 844 2398 singula
861 2370 939 2390 suam
959 2370 1073 2390 conser-

289 2415 385 2439 varent
410 2414 560 2438 naturam:
588 2409 732 2444 oportebat
753 2414 781 2436 et
806 2417 868 2437 esse
893 2409 986 2444 aliquo
1002 2416 1073 2435 nexu

290 2457 426 2491 copulata,
443 2461 474 2483 ut
503 2463 537 2482 ex
557 2455 600 2482 his
619 2462 767 2489 corporum
786 2457 949 2481 nasceretur
963 2461 1075 2487 compo-

290 2502 366 2534 sitio,
383 2509 444 2528 cum
465 2501 538 2528 aliud
564 2501 610 2527 alii
635 2505 710 2528 esset
733 2499 909 2534 conjunctum
926 2498 1075 2526 secundum

290 2555 462 2576 communem
478 2547 649 2581 qualitatem.
679 2547 852 2581 Quapropter
868 2545 940 2573 Deus
956 2545 1076 2579 optitnus

291 2593 448 2628 imponendi
460 2592 542 2620 rebus
559 2592 670 2620 nomina
684 2593 785 2619 artifex
810 2591 914 2618 aridam
931 2591 1076 2626 appellavit

294 2642 408 2669 terram,
426 2644 476 2664 nec
502 2637 725 2670 teri-atmvocat'it
748 2636 863 2663 aridum.
892 2635 948 2664 Iloc
974 2637 1074 2664 etenim

293 2691 391 2712 nomen
411 2688 454 2711 est
466 2684 543 2718 quasi
571 2683 710 2718 proprium
727 2687 754 2710 et
781 2682 905 2718 quaedam
928 2682 1076 2717 peculiaris

292 2734 357 2758 nota
372 2733 489 2761 natur-aa,
510 2737 592 2764 quant
612 2734 691 2756 terra:
721 2729 847 2756 novimus
865 2729 977 2756 insitam
1003 2736 1074 2755 esse.

293 2775 328 2803 Et
341 2775 570 2810 quemadmodum
591 2779 663 2802 terra
679 2782 758 2802 suum
779 2782 878 2801 nomen
894 2774 956 2801 inde
975 2774 1076 2806 traxit,

329 2864 352 2880 ⁵⁸
364 2864 455 2892 Eccle.
480 2872 498 2898 I,
531 2863 556 2890 7.
597 2863 616 2878 "
635 2862 733 2889 Jerem.
755 2869 780 2894 γ,
796 2861 840 2888 22.

1124 2272 1162 2304 ὡς
1178 2272 1206 2299 δὲ
1221 2272 1288 2306 πρὸς
1305 2272 1354 2306 τὴν
1368 2273 1455 2307 ὑγρὰν
1469 2273 1562 2298 οὐσίαν
1582 2272 1706 2306 ξηρά.’0
1721 2273 1750 2299 δὲ
1766 2274 1909 2309 προφήτης

1124 2318 1161 2349 ὡς
1175 2318 1310 2352 διαφόρων
1323 2318 1476 2353 μεμνῆσθαι
1489 2319 1563 2344 δοκεῖ
1574 2318 1759 2353 λέγων·‹¹¹Ετι
1766 2319 1839 2352 ἅπαξ
1853 2319 1908 2354 ἐγὼ

1125 2363 1207 2390 σείσω
1226 2364 1272 2390 τὸν
1292 2364 1406 2399 οὐρανὸν
1430 2364 1479 2390 καὶ
1493 2364 1542 2399 τὴν
1558 2364 1609 2400 γῆν
1633 2365 1681 2392 καὶ¹
1702 2365 1752 2400 τὴν
1770 2365 1910 2392 θάλασσαν

1126 2409 1172 2436 καὶ
1188 2409 1235 2444 τὴν
1248 2409 1360 2444 ξηράν.)
1371 2409 1491 2445 Εἴπομεν
1506 2410 1535 2436 δὲ
1546 2410 1595 2446 τὴν
1610 2411 1695 2446 αὐτὴν
1707 2409 1843 2438 εἷναικαθ“
1852 2412 1910 2438 ὲτέ-

1130 2464 1180 2490 ραν
1203 2456 1325 2482 ἐπίνοιαν
1349 2455 1570 2491 ὀνομαζομένην·
1587 2457 1623 2492 μή
1647 2465 1712 2484 ποτε
1743 2457 1771 2483 δὲ
1787 2457 1836 2492 τὴν
1862 2458 1910 2493 μὲν

1129 2500 1207 2535 ἔσχεν
1222 2500 1408 2537 προσηγορίαν
1429 2501 1480 2537 τῆς
1495 2501 1589 2533 οὐσίας
1616 2502 1798 2537 σημαντικὴν,
1819 2503 1867 2538 τὴν
1881 2503 1910 2530 δὲ

1128 2548 1178 2583 τῆς
1196 2548 1354 2583 ποιότητος·
1381 2548 1442 2574 ὅθεν
1468 2548 1516 2574 καὶ
1540 2548 1609 2583 μετὰ
1631 2548 1678 2575 τοῦ
1696 2549 1812 2584 οὐρανοῦ
1834 2557 1912 2582 γενο-

1130 2594 1197 2628 μένη
1214 2593 1323 2628 λέγεται
1339 2593 1388 2628 γῆ,
1399 2593 1494 2629 ὥσπερ
1514 2594 1617 2625 ἐκεῖνος
1640 2594 1743 2629 κυρίως
1766 2595 1909 2628 οὐρανός·

1127 2638 1163 2664 τὰ
1182 2638 1210 2664 δὲ
1227 2639 1295 2673 μετὰ
1309 2638 1397 2665 ταῦτα
1412 2639 1556 2673 γενόμενα¹
1575 2639 1606 2666 τὺ
1624 2639 1673 2674 μὲν
1692 2640 1794 2674 ἐκλήθη
1810 2640 1912 2674 κυρίως

1129 2683 1289 2718 στερέωμα,
1305 2684 1419 2718 ἐπίκλην
1435 2684 1462 2711 δὲ
1476 2685 1603 2718 οὐρανός
1614 2693 1620 2699 ’
1634 2684 1664 2711 τὸ
1677 2684 1705 2710 δὲ
1715 2684 1790 2719 ξηρὰ
1798 2685 1911 2718 κυρίως,

1130 2729 1244 2764 ἐπίκλην
1260 2729 1288 2755 δὲ
1305 2729 1344 2763 γῆ
1355 2737 1361 2744 ·
1378 2730 1416 2764 πῆ
1435 2730 1482 2764 μὲν
1502 2729 1557 2764 γὰρ
1583 2729 1672 2761 οὐσία,
1699 2729 1737 2764 πῆ
1751 2729 1779 2755 δὲ
1803 2729 1914 2763 ποιότης

1130 2775 1160 2802 τὸ
1173 2775 1388 2810 προηγούμενον.
1404 2775 1439 2802 Τὸ
1455 2775 1484 2802 δὲ
1509 2776 1642 2811 χρήσιμον
1656 2775 1740 2807 ἔδειξε
1760 2775 1809 2808 τῆς
1828 2783 1911 2810 προσ·
