  <div class='ocr_page' id='page_1' title='image "/cluster/home/n/w/nwhite01/storage/ocr_20150623/87, pt.1/njp.32101013202641/046.png"; bbox 0 0 2072 3157; ppageno 0'>
   <div class='ocr_carea' id='block_1_1' title="bbox 170 173 1807 215">
    <p class='ocr_par' dir='ltr' id='par_1_1' title="bbox 170 173 1807 215">
     <span class='ocr_line' id='line_1_1' title="bbox 170 173 1807 215; baseline 0.009 -15"><span class='ocrx_word' id='word_1_1' title='bbox 170 173 205 207; x_wconf 82' lang='lat'><strong>77</strong></span> <span class='ocrx_word' id='word_1_2' title='bbox 716 173 920 206; x_wconf 78' lang='lat' dir='ltr'><strong>COMMENTA</strong></span> <span class='ocrx_word' id='word_1_3' title='bbox 928 177 985 207; x_wconf 77' lang='grc' dir='ltr'><strong>ΒΗ</strong></span> <span class='ocrx_word' id='word_1_4' title='bbox 1004 177 1045 208; x_wconf 89' lang='lat' dir='ltr'><strong>IN</strong></span> <span class='ocrx_word' id='word_1_5' title='bbox 1061 177 1240 209; x_wconf 86' lang='lat' dir='ltr'><strong>GENESIN.</strong></span> <span class='ocrx_word' id='word_1_6' title='bbox 1771 183 1807 215; x_wconf 79' lang='grc'><strong>78</strong></span> 
     </span>
    </p>
   </div>
   <div class='ocr_carea' id='block_1_2' title="bbox 172 229 962 273">
    <p class='ocr_par' dir='ltr' id='par_1_2' title="bbox 172 229 962 269">
     <span class='ocr_line' id='line_1_2' title="bbox 172 229 962 269; baseline 0.003 -10"><span class='ocrx_word' id='word_1_7' title='bbox 172 233 286 266; x_wconf 75' lang='grc' dir='ltr'>τάξεως,</span> <span class='ocrx_word' id='word_1_8' title='bbox 303 230 415 263; x_wconf 65' lang='lat' dir='ltr'><strong>simium</strong></span> <span class='ocrx_word' id='word_1_9' title='bbox 434 229 559 266; x_wconf 74' lang='grc' dir='ltr'>Ὀιρθήτω</span> <span class='ocrx_word' id='word_1_10' title='bbox 573 232 590 267; x_wconf 83' lang='grc' dir='ltr'>ἡ</span> <span class='ocrx_word' id='word_1_11' title='bbox 606 231 748 268; x_wconf 78' lang='grc' dir='ltr'>ξηρὰ,›ὡς</span> <span class='ocrx_word' id='word_1_12' title='bbox 766 234 800 260; x_wconf 85' lang='grc' dir='ltr'>ἂν</span> <span class='ocrx_word' id='word_1_13' title='bbox 812 234 962 269; x_wconf 72' lang='grc' dir='ltr'>ἐπιτήδειος</span> 
     </span>
    </p>
   </div>
   <div class='ocr_carea' id='block_1_3' title="bbox 1012 229 1808 273">
    <p class='ocr_par' dir='ltr' id='par_1_3' title="bbox 1019 236 1808 273">
     <span class='ocr_line' id='line_1_3' title="bbox 1019 236 1808 273; baseline 0.006 -11"><span class='ocrx_word' id='word_1_14' title='bbox 1019 237 1092 270; x_wconf 88' lang='lat' dir='ltr'><strong>quod</strong></span> <span class='ocrx_word' id='word_1_15' title='bbox 1105 237 1175 264; x_wconf 63' lang='lat' dir='ltr'><strong>caelo</strong></span> <span class='ocrx_word' id='word_1_16' title='bbox 1190 236 1314 271; x_wconf 64' lang='lat' dir='ltr'><strong>sultjacet</strong></span> <span class='ocrx_word' id='word_1_17' title='bbox 1331 244 1337 262; x_wconf 95' lang='lat'>:</span> <span class='ocrx_word' id='word_1_18' title='bbox 1356 236 1396 265; x_wconf 83' lang='lat' dir='ltr'><strong>sic</strong></span> <span class='ocrx_word' id='word_1_19' title='bbox 1409 241 1535 273; x_wconf 87' lang='lat' dir='ltr'><strong>respectu</strong></span> <span class='ocrx_word' id='word_1_20' title='bbox 1548 237 1666 266; x_wconf 62' lang='lat' dir='ltr'><strong>humida!</strong></span> <span class='ocrx_word' id='word_1_21' title='bbox 1677 239 1808 267; x_wconf 79' lang='lat' dir='ltr'><strong>substan-</strong></span> 
     </span>
    </p>
   </div>
   <div class='ocr_carea' id='block_1_4' title="bbox 170 278 962 320">
    <p class='ocr_par' dir='ltr' id='par_1_4' title="bbox 170 278 820 314">
     <span class='ocr_line' id='line_1_4' title="bbox 170 278 820 314; baseline 0.002 -8"><span class='ocrx_word' id='word_1_22' title='bbox 170 280 285 314; x_wconf 78' lang='grc' dir='ltr'>γένηται</span> <span class='ocrx_word' id='word_1_23' title='bbox 303 278 372 313; x_wconf 82' lang='grc' dir='ltr'>πρὸς</span> <span class='ocrx_word' id='word_1_24' title='bbox 387 278 480 313; x_wconf 81' lang='grc' dir='ltr'>φυτῶν</span> <span class='ocrx_word' id='word_1_25' title='bbox 495 287 525 305; x_wconf 83' lang='grc' dir='ltr'><strong>τε</strong></span> <span class='ocrx_word' id='word_1_26' title='bbox 545 279 591 305; x_wconf 79' lang='grc' dir='ltr'>καὶ</span> <span class='ocrx_word' id='word_1_27' title='bbox 607 278 685 311; x_wconf 82' lang='grc' dir='ltr'>ζώων</span> <span class='ocrx_word' id='word_1_28' title='bbox 699 281 820 314; x_wconf 79' lang='grc' dir='ltr'>γένεσιν.</span> 
     </span>
    </p>
   </div>
   <div class='ocr_carea' id='block_1_5' title="bbox 1012 278 1806 320">
    <p class='ocr_par' dir='ltr' id='par_1_5' title="bbox 1019 281 1806 320">
     <span class='ocr_line' id='line_1_5' title="bbox 1019 281 1806 320; baseline 0.005 -12"><span class='ocrx_word' id='word_1_29' title='bbox 1019 281 1062 308; x_wconf 63' lang='lat' dir='ltr'><strong>tia!</strong></span> <span class='ocrx_word' id='word_1_30' title='bbox 1073 282 1231 310; x_wconf 92' lang='lat' dir='ltr'><strong>nominatur</strong></span> <span class='ocrx_word' id='word_1_31' title='bbox 1242 283 1329 310; x_wconf 80' lang='lat' dir='ltr'><strong>arida.</strong></span> <span class='ocrx_word' id='word_1_32' title='bbox 1343 281 1400 310; x_wconf 80' lang='lat' dir='ltr'><strong>lmo</strong></span> <span class='ocrx_word' id='word_1_33' title='bbox 1412 288 1439 310; x_wconf 90' lang='lat' dir='ltr'><strong>et</strong></span> <span class='ocrx_word' id='word_1_34' title='bbox 1446 284 1577 318; x_wconf 87' lang='lat' dir='ltr'><strong>propheta</strong></span> <span class='ocrx_word' id='word_1_35' title='bbox 1590 284 1697 312; x_wconf 90' lang='lat' dir='ltr'><strong>videtur</strong></span> <span class='ocrx_word' id='word_1_36' title='bbox 1707 293 1806 320; x_wconf 88' lang='lat' dir='ltr'><strong>quam-</strong></span> 
     </span>
    </p>
   </div>
   <div class='ocr_carea' id='block_1_6' title="bbox 170 325 1808 367">
    <p class='ocr_par' dir='ltr' id='par_1_6' title="bbox 170 325 1808 367">
     <span class='ocr_line' id='line_1_6' title="bbox 170 325 1808 367; baseline 0.004 -12"><span class='ocrx_word' id='word_1_37' title='bbox 170 327 235 355; x_wconf 87' lang='lat' dir='ltr'><strong>dam</strong></span> <span class='ocrx_word' id='word_1_38' title='bbox 261 326 333 354; x_wconf 88' lang='lat' dir='ltr'><strong>inter</strong></span> <span class='ocrx_word' id='word_1_39' title='bbox 358 325 412 354; x_wconf 81' lang='lat' dir='ltr'><strong>ista</strong></span> <span class='ocrx_word' id='word_1_40' title='bbox 437 334 540 361; x_wconf 89' lang='lat' dir='ltr'><strong>ponere</strong></span> <span class='ocrx_word' id='word_1_41' title='bbox 570 326 769 360; x_wconf 77' lang='lat' dir='ltr'><strong>diﬁerentiam,</strong></span> <span class='ocrx_word' id='word_1_42' title='bbox 794 336 857 355; x_wconf 91' lang='lat' dir='ltr'><strong>cum</strong></span> <span class='ocrx_word' id='word_1_43' title='bbox 873 328 962 356; x_wconf 87' lang='lat' dir='ltr'><strong>dicit:</strong></span> <span class='ocrx_word' id='word_1_44' title='bbox 986 338 996 354; x_wconf 78' lang='grc' dir='ltr'><strong>ι</strong></span> <span class='ocrx_word' id='word_1_45' title='bbox 1015 329 1111 356; x_wconf 78' lang='lat' dir='ltr'><strong>Adhuc</strong></span> <span class='ocrx_word' id='word_1_46' title='bbox 1131 338 1215 357; x_wconf 87' lang='lat' dir='ltr'><strong>unmn</strong></span> <span class='ocrx_word' id='word_1_47' title='bbox 1252 331 1390 359; x_wconf 89' lang='lat' dir='ltr'><strong>modicum</strong></span> <span class='ocrx_word' id='word_1_48' title='bbox 1424 336 1476 364; x_wconf 81' lang='lat' dir='ltr'><strong>est,</strong></span> <span class='ocrx_word' id='word_1_49' title='bbox 1505 336 1532 359; x_wconf 85' lang='lat' dir='ltr'><strong>et</strong></span> <span class='ocrx_word' id='word_1_50' title='bbox 1556 340 1607 367; x_wconf 80' lang='lat' dir='ltr'><strong>ego</strong></span> <span class='ocrx_word' id='word_1_51' title='bbox 1630 335 1808 365; x_wconf 83' lang='lat' dir='ltr'><strong>commovebo</strong></span> 
     </span>
    </p>
   </div>
   <div class='ocr_carea' id='block_1_7' title="bbox 172 373 1808 411">
    <p class='ocr_par' dir='ltr' id='par_1_7' title="bbox 172 373 1808 411">
     <span class='ocr_line' id='line_1_7' title="bbox 172 373 1808 411; baseline 0.006 -12"><span class='ocrx_word' id='word_1_52' title='bbox 172 374 272 400; x_wconf 78' lang='lat' dir='ltr'><strong>ccelum</strong></span> <span class='ocrx_word' id='word_1_53' title='bbox 296 377 323 400; x_wconf 90' lang='lat' dir='ltr'><strong>et</strong></span> <span class='ocrx_word' id='word_1_54' title='bbox 349 378 462 404; x_wconf 88' lang='lat' dir='ltr'><strong>terram,</strong></span> <span class='ocrx_word' id='word_1_55' title='bbox 490 381 566 400; x_wconf 89' lang='lat' dir='ltr'><strong>mare</strong></span> <span class='ocrx_word' id='word_1_56' title='bbox 583 377 610 400; x_wconf 87' lang='lat' dir='ltr'><strong>et</strong></span> <span class='ocrx_word' id='word_1_57' title='bbox 634 373 740 401; x_wconf 84' lang='lat' dir='ltr'><strong>aridam</strong></span> <span class='ocrx_word' id='word_1_58' title='bbox 757 374 790 401; x_wconf 80' lang='grc'><strong>⁶¹.</strong></span> <span class='ocrx_word' id='word_1_59' title='bbox 807 384 816 400; x_wconf 73' lang='grc' dir='ltr'><strong>ι</strong></span> <span class='ocrx_word' id='word_1_60' title='bbox 837 375 960 403; x_wconf 82' lang='lat' dir='ltr'><strong>Dicimus</strong></span> <span class='ocrx_word' id='word_1_61' title='bbox 979 375 1060 410; x_wconf 78' lang='lat' dir='ltr'><strong>igitur</strong></span> <span class='ocrx_word' id='word_1_62' title='bbox 1074 380 1187 408; x_wconf 88' lang='lat' dir='ltr'><strong>terram,</strong></span> <span class='ocrx_word' id='word_1_63' title='bbox 1201 377 1264 403; x_wconf 87' lang='lat' dir='ltr'><strong>licet</strong></span> <span class='ocrx_word' id='word_1_64' title='bbox 1280 378 1358 411; x_wconf 90' lang='lat' dir='ltr'><strong>plura</strong></span> <span class='ocrx_word' id='word_1_65' title='bbox 1370 378 1469 405; x_wconf 88' lang='lat' dir='ltr'><strong>habeat</strong></span> <span class='ocrx_word' id='word_1_66' title='bbox 1485 379 1606 410; x_wconf 85' lang='lat' dir='ltr'><strong>nomina.</strong></span> <span class='ocrx_word' id='word_1_67' title='bbox 1637 387 1699 406; x_wconf 85' lang='lat' dir='ltr'><strong>esse</strong></span> <span class='ocrx_word' id='word_1_68' title='bbox 1731 389 1808 408; x_wconf 89' lang='lat' dir='ltr'><strong>cam-</strong></span> 
     </span>
    </p>
   </div>
   <div class='ocr_carea' id='block_1_8' title="bbox 170 419 1805 462">
    <p class='ocr_par' dir='ltr' id='par_1_8' title="bbox 170 419 1805 462">
     <span class='ocr_line' id='line_1_8' title="bbox 170 419 1805 462; baseline 0.004 -15"><span class='ocrx_word' id='word_1_69' title='bbox 170 420 250 453; x_wconf 89' lang='lat' dir='ltr'><strong>dem;</strong></span> <span class='ocrx_word' id='word_1_70' title='bbox 267 420 385 447; x_wconf 81' lang='lat' dir='ltr'><strong>alterum</strong></span> <span class='ocrx_word' id='word_1_71' title='bbox 402 428 502 447; x_wconf 86' lang='lat' dir='ltr'><strong>nomen</strong></span> <span class='ocrx_word' id='word_1_72' title='bbox 532 419 604 447; x_wconf 76' lang='lat' dir='ltr'><strong>forte</strong></span> <span class='ocrx_word' id='word_1_73' title='bbox 630 425 710 448; x_wconf 56' lang='lat' dir='ltr'><strong>terra;</strong></span> <span class='ocrx_word' id='word_1_74' title='bbox 747 422 941 455; x_wconf 84' lang='lat' dir='ltr'><strong>substantiam,</strong></span> <span class='ocrx_word' id='word_1_75' title='bbox 972 422 1088 449; x_wconf 72' lang='lat' dir='ltr'><strong>alterum</strong></span> <span class='ocrx_word' id='word_1_76' title='bbox 1112 431 1195 458; x_wconf 89' lang='lat' dir='ltr'><strong>porro</strong></span> <span class='ocrx_word' id='word_1_77' title='bbox 1219 424 1349 456; x_wconf 80' lang='lat' dir='ltr'><strong>nimirum</strong></span> <span class='ocrx_word' id='word_1_78' title='bbox 1375 425 1436 459; x_wconf 89' lang='lat' dir='ltr'><strong>ejus</strong></span> <span class='ocrx_word' id='word_1_79' title='bbox 1464 426 1624 460; x_wconf 87' lang='lat' dir='ltr'><strong>qualitatem</strong></span> <span class='ocrx_word' id='word_1_80' title='bbox 1658 426 1805 462; x_wconf 76' lang='lat' dir='ltr'><strong>signiﬁcat.</strong></span> 
     </span>
    </p>
   </div>
   <div class='ocr_carea' id='block_1_9' title="bbox 170 467 1808 504">
    <p class='ocr_par' dir='ltr' id='par_1_9' title="bbox 170 467 1808 504">
     <span class='ocr_line' id='line_1_9' title="bbox 170 467 1808 504; baseline 0.004 -10"><span class='ocrx_word' id='word_1_81' title='bbox 170 467 254 494; x_wconf 80' lang='lat' dir='ltr'><strong>Terra</strong></span> <span class='ocrx_word' id='word_1_82' title='bbox 266 474 319 493; x_wconf 90' lang='lat' dir='ltr'><strong>una</strong></span> <span class='ocrx_word' id='word_1_83' title='bbox 330 474 394 493; x_wconf 89' lang='lat' dir='ltr'><strong>cum</strong></span> <span class='ocrx_word' id='word_1_84' title='bbox 406 467 486 498; x_wconf 68' lang='lat' dir='ltr'><strong>cutio,</strong></span> <span class='ocrx_word' id='word_1_85' title='bbox 500 474 555 494; x_wconf 80' lang='lat' dir='ltr'><strong>non</strong></span> <span class='ocrx_word' id='word_1_86' title='bbox 568 474 629 494; x_wconf 89' lang='lat' dir='ltr'><strong>cum</strong></span> <span class='ocrx_word' id='word_1_87' title='bbox 643 467 825 501; x_wconf 88' lang='lat' dir='ltr'><strong>ﬁrmamento,</strong></span> <span class='ocrx_word' id='word_1_88' title='bbox 841 468 888 496; x_wconf 90' lang='lat' dir='ltr'><strong>sed</strong></span> <span class='ocrx_word' id='word_1_89' title='bbox 900 476 959 495; x_wconf 92' lang='lat' dir='ltr'><strong>cum</strong></span> <span class='ocrx_word' id='word_1_90' title='bbox 980 468 1071 504; x_wconf 90' lang='lat' dir='ltr'><strong>primo</strong></span> <span class='ocrx_word' id='word_1_91' title='bbox 1087 469 1157 497; x_wconf 64' lang='lat' dir='ltr'><strong>caelo</strong></span> <span class='ocrx_word' id='word_1_92' title='bbox 1170 470 1280 497; x_wconf 90' lang='lat' dir='ltr'><strong>condita</strong></span> <span class='ocrx_word' id='word_1_93' title='bbox 1300 475 1352 498; x_wconf 90' lang='lat' dir='ltr'><strong>est.</strong></span> <span class='ocrx_word' id='word_1_94' title='bbox 1364 471 1481 504; x_wconf 70' lang='lat' dir='ltr'><strong>leum,</strong></span> <span class='ocrx_word' id='word_1_95' title='bbox 1493 471 1566 504; x_wconf 94' lang='lat' dir='ltr'><strong>quod</strong></span> <span class='ocrx_word' id='word_1_96' title='bbox 1596 471 1660 498; x_wconf 88' lang='lat' dir='ltr'><strong>huic</strong></span> <span class='ocrx_word' id='word_1_97' title='bbox 1695 480 1808 501; x_wconf 67' lang='lat' dir='ltr'><strong>succes-</strong></span> 
     </span>
    </p>
   </div>
   <div class='ocr_carea' id='block_1_10' title="bbox 171 514 1808 552">
    <p class='ocr_par' dir='ltr' id='par_1_10' title="bbox 171 514 1808 552">
     <span class='ocr_line' id='line_1_10' title="bbox 171 514 1808 552; baseline 0.004 -13"><span class='ocrx_word' id='word_1_98' title='bbox 171 514 207 540; x_wconf 87' lang='lat' dir='ltr'><strong>sit</strong></span> <span class='ocrx_word' id='word_1_99' title='bbox 221 514 326 540; x_wconf 89' lang='lat' dir='ltr'><strong>ratione</strong></span> <span class='ocrx_word' id='word_1_100' title='bbox 341 514 612 545; x_wconf 88' lang='lat' dir='ltr'><strong>creationis,nomen</strong></span> <span class='ocrx_word' id='word_1_101' title='bbox 624 515 855 550; x_wconf 84' lang='lat' dir='ltr'><strong>quasiproprium</strong></span> <span class='ocrx_word' id='word_1_102' title='bbox 885 516 978 547; x_wconf 84' lang='lat' dir='ltr'><strong>traxit,</strong></span> <span class='ocrx_word' id='word_1_103' title='bbox 1019 521 1048 542; x_wconf 92' lang='lat' dir='ltr'><strong>ut</strong></span> <span class='ocrx_word' id='word_1_104' title='bbox 1077 517 1214 543; x_wconf 88' lang='lat' dir='ltr'><strong>vocitctur</strong></span> <span class='ocrx_word' id='word_1_105' title='bbox 1246 518 1462 551; x_wconf 82' lang='lat' dir='ltr'><strong>ﬁrmamentum,</strong></span> <span class='ocrx_word' id='word_1_106' title='bbox 1492 518 1541 545; x_wconf 89' lang='lat' dir='ltr'><strong>sed</strong></span> <span class='ocrx_word' id='word_1_107' title='bbox 1568 526 1720 552; x_wconf 82' lang='lat' dir='ltr'><strong>cognomen</strong></span> <span class='ocrx_word' id='word_1_108' title='bbox 1749 520 1808 547; x_wconf 73' lang='lat' dir='ltr'><strong>mli</strong></span> 
     </span>
    </p>
   </div>
   <div class='ocr_carea' id='block_1_11' title="bbox 170 559 1809 599">
    <p class='ocr_par' dir='ltr' id='par_1_11' title="bbox 170 559 1809 599">
     <span class='ocr_line' id='line_1_11' title="bbox 170 559 1809 599; baseline 0.004 -12"><span class='ocrx_word' id='word_1_109' title='bbox 170 567 282 595; x_wconf 86' lang='lat' dir='ltr'><strong>quoque</strong></span> <span class='ocrx_word' id='word_1_110' title='bbox 306 559 467 594; x_wconf 73' lang='lat' dir='ltr'><strong>assumpsit.</strong></span> <span class='ocrx_word' id='word_1_111' title='bbox 489 559 536 587; x_wconf 84' lang='lat' dir='ltr'><strong>Sic</strong></span> <span class='ocrx_word' id='word_1_112' title='bbox 557 560 649 595; x_wconf 83' lang='lat' dir='ltr'><strong>quoad</strong></span> <span class='ocrx_word' id='word_1_113' title='bbox 675 565 801 588; x_wconf 91' lang='lat' dir='ltr'><strong>terram:</strong></span> <span class='ocrx_word' id='word_1_114' title='bbox 822 561 960 596; x_wconf 88' lang='lat' dir='ltr'><strong>proprium</strong></span> <span class='ocrx_word' id='word_1_115' title='bbox 980 560 1042 595; x_wconf 83' lang='lat' dir='ltr'><strong>ejus</strong></span> <span class='ocrx_word' id='word_1_116' title='bbox 1056 569 1153 589; x_wconf 89' lang='lat' dir='ltr'><strong>nomen</strong></span> <span class='ocrx_word' id='word_1_117' title='bbox 1178 566 1221 589; x_wconf 85' lang='lat' dir='ltr'><strong>est</strong></span> <span class='ocrx_word' id='word_1_118' title='bbox 1254 563 1340 594; x_wconf 87' lang='lat' dir='ltr'><strong>arida,</strong></span> <span class='ocrx_word' id='word_1_119' title='bbox 1367 571 1461 590; x_wconf 65' lang='lat' dir='ltr'><strong>verum</strong></span> <span class='ocrx_word' id='word_1_120' title='bbox 1489 568 1671 599; x_wconf 81' lang='lat' dir='ltr'><strong>cognomento</strong></span> <span class='ocrx_word' id='word_1_121' title='bbox 1705 566 1809 593; x_wconf 88' lang='lat' dir='ltr'><strong>dicitur</strong></span> 
     </span>
    </p>
   </div>
   <div class='ocr_carea' id='block_1_12' title="bbox 171 606 1806 643">
    <p class='ocr_par' dir='ltr' id='par_1_12' title="bbox 171 606 1806 643">
     <span class='ocr_line' id='line_1_12' title="bbox 171 606 1806 643; baseline 0.004 -10"><span class='ocrx_word' id='word_1_122' title='bbox 171 612 254 634; x_wconf 83' lang='lat' dir='ltr'><strong>terra.</strong></span> <span class='ocrx_word' id='word_1_123' title='bbox 272 606 363 634; x_wconf 85' lang='lat' dir='ltr'><strong>Unum</strong></span> <span class='ocrx_word' id='word_1_124' title='bbox 377 613 477 633; x_wconf 88' lang='lat' dir='ltr'><strong>nomen</strong></span> <span class='ocrx_word' id='word_1_125' title='bbox 493 606 688 641; x_wconf 81' lang='lat' dir='ltr'><strong>substantiam,</strong></span> <span class='ocrx_word' id='word_1_126' title='bbox 711 608 829 635; x_wconf 86' lang='lat' dir='ltr'><strong>alterum</strong></span> <span class='ocrx_word' id='word_1_127' title='bbox 843 607 1002 641; x_wconf 87' lang='lat' dir='ltr'><strong>qualitatetn</strong></span> <span class='ocrx_word' id='word_1_128' title='bbox 1014 607 1144 642; x_wconf 82' lang='lat' dir='ltr'><strong>explicat,</strong></span> <span class='ocrx_word' id='word_1_129' title='bbox 1174 616 1206 635; x_wconf 80' lang='lat' dir='ltr'><strong>ex</strong></span> <span class='ocrx_word' id='word_1_130' title='bbox 1225 608 1327 643; x_wconf 89' lang='lat' dir='ltr'><strong>quibus</strong></span> <span class='ocrx_word' id='word_1_131' title='bbox 1363 610 1445 637; x_wconf 87' lang='lat' dir='ltr'><strong>rebus</strong></span> <span class='ocrx_word' id='word_1_132' title='bbox 1475 610 1527 636; x_wconf 84' lang='lat' dir='ltr'><strong>ista</strong></span> <span class='ocrx_word' id='word_1_133' title='bbox 1558 609 1670 637; x_wconf 86' lang='lat' dir='ltr'><strong>nomina</strong></span> <span class='ocrx_word' id='word_1_134' title='bbox 1688 611 1806 640; x_wconf 81' lang='lat' dir='ltr'><strong>invenit.</strong></span> 
     </span>
    </p>
   </div>
   <div class='ocr_carea' id='block_1_13' title="bbox 171 652 1807 690">
    <p class='ocr_par' dir='ltr' id='par_1_13' title="bbox 171 652 1807 690">
     <span class='ocr_line' id='line_1_13' title="bbox 171 652 1807 690; baseline 0.002 -9"><span class='ocrx_word' id='word_1_135' title='bbox 171 653 208 681; x_wconf 79' lang='lat' dir='ltr'><strong>L‘t</strong></span> <span class='ocrx_word' id='word_1_136' title='bbox 223 653 368 680; x_wconf 88' lang='lat' dir='ltr'><strong>utilitatem</strong></span> <span class='ocrx_word' id='word_1_137' title='bbox 395 656 475 679; x_wconf 68' lang='lat' dir='ltr'><strong>terrae</strong></span> <span class='ocrx_word' id='word_1_138' title='bbox 490 658 730 688; x_wconf 84' lang='lat' dir='ltr'><strong>commonstraret,</strong></span> <span class='ocrx_word' id='word_1_139' title='bbox 752 653 842 689; x_wconf 88' lang='lat' dir='ltr'><strong>inquit</strong></span> <span class='ocrx_word' id='word_1_140' title='bbox 857 663 863 681; x_wconf 91' lang='lat'>:</span> <span class='ocrx_word' id='word_1_141' title='bbox 894 663 903 680; x_wconf 71' lang='grc' dir='ltr'><strong>ι</strong></span> <span class='ocrx_word' id='word_1_142' title='bbox 924 652 960 681; x_wconf 87' lang='lat' dir='ltr'><strong>Ut</strong></span> <span class='ocrx_word' id='word_1_143' title='bbox 979 653 1067 680; x_wconf 92' lang='lat' dir='ltr'><strong>videri</strong></span> <span class='ocrx_word' id='word_1_144' title='bbox 1081 655 1172 689; x_wconf 87' lang='lat' dir='ltr'><strong>possit</strong></span> <span class='ocrx_word' id='word_1_145' title='bbox 1185 655 1272 682; x_wconf 88' lang='lat' dir='ltr'><strong>arida.</strong></span> <span class='ocrx_word' id='word_1_146' title='bbox 1285 663 1294 680; x_wconf 80' lang='grc' dir='ltr'><strong>ι</strong></span> <span class='ocrx_word' id='word_1_147' title='bbox 1311 654 1414 690; x_wconf 83' lang='lat' dir='ltr'><strong>Nempe</strong></span> <span class='ocrx_word' id='word_1_148' title='bbox 1427 658 1456 682; x_wconf 94' lang='lat' dir='ltr'><strong>ut</strong></span> <span class='ocrx_word' id='word_1_149' title='bbox 1471 660 1602 690; x_wconf 84' lang='lat' dir='ltr'><strong>appareat</strong></span> <span class='ocrx_word' id='word_1_150' title='bbox 1620 659 1647 683; x_wconf 90' lang='lat' dir='ltr'><strong>ct</strong></span> <span class='ocrx_word' id='word_1_151' title='bbox 1678 656 1716 684; x_wconf 88' lang='lat' dir='ltr'><strong>sit</strong></span> <span class='ocrx_word' id='word_1_152' title='bbox 1747 657 1807 684; x_wconf 88' lang='lat' dir='ltr'><strong>ido-</strong></span> 
     </span>
    </p>
   </div>
   <div class='ocr_carea' id='block_1_14' title="bbox 168 699 1059 736">
    <p class='ocr_par' dir='ltr' id='par_1_14' title="bbox 168 699 1059 736">
     <span class='ocr_line' id='line_1_14' title="bbox 168 699 1059 736; baseline -0.002 -7"><span class='ocrx_word' id='word_1_153' title='bbox 168 708 222 729; x_wconf 86' lang='lat' dir='ltr'><strong>nea</strong></span> <span class='ocrx_word' id='word_1_154' title='bbox 241 705 267 728; x_wconf 83' lang='lat' dir='ltr'><strong>et</strong></span> <span class='ocrx_word' id='word_1_155' title='bbox 285 699 460 726; x_wconf 88' lang='lat' dir='ltr'><strong>accommoda</strong></span> <span class='ocrx_word' id='word_1_156' title='bbox 479 701 634 734; x_wconf 89' lang='lat' dir='ltr'><strong>plantarum</strong></span> <span class='ocrx_word' id='word_1_157' title='bbox 651 701 865 735; x_wconf 71' lang='lat' dir='ltr'><strong>animaliumque</strong></span> <span class='ocrx_word' id='word_1_158' title='bbox 877 700 1059 736; x_wconf 78' lang='lat' dir='ltr'><strong>generationi.</strong></span> 
     </span>
    </p>
   </div>
   <div class='ocr_carea' id='block_1_15' title="bbox 205 745 959 783">
    <p class='ocr_par' dir='ltr' id='par_1_15' title="bbox 205 745 959 783">
     <span class='ocr_line' id='line_1_15' title="bbox 205 745 959 783; baseline -0.001 -9"><span class='ocrx_word' id='word_1_159' title='bbox 205 748 261 774; x_wconf 77' lang='lat' dir='ltr'><strong>Kal.</strong></span> <span class='ocrx_word' id='word_1_160' title='bbox 274 747 335 774; x_wconf 82' lang='grc' dir='ltr'>τότε</span> <span class='ocrx_word' id='word_1_161' title='bbox 360 745 430 773; x_wconf 76' lang='grc' dir='ltr'>εἶδεν</span> <span class='ocrx_word' id='word_1_162' title='bbox 447 748 461 773; x_wconf 86' lang='grc' dir='ltr'><strong>ὁ</strong></span> <span class='ocrx_word' id='word_1_163' title='bbox 482 747 548 778; x_wconf 75' lang='grc' dir='ltr'>Θεὸς</span> <span class='ocrx_word' id='word_1_164' title='bbox 565 748 607 774; x_wconf 82' lang='grc' dir='ltr'>ὅτι</span> <span class='ocrx_word' id='word_1_165' title='bbox 630 747 725 775; x_wconf 84' lang='grc' dir='ltr'>καλόν.</span> <span class='ocrx_word' id='word_1_166' title='bbox 751 747 894 783; x_wconf 82' lang='grc' dir='ltr'>Πανταχοῦ</span> <span class='ocrx_word' id='word_1_167' title='bbox 915 747 959 780; x_wconf 76' lang='grc' dir='ltr'>τδ,</span> 
     </span>
    </p>
   </div>
   <div class='ocr_carea' id='block_1_16' title="bbox 167 791 964 829">
    <p class='ocr_par' dir='ltr' id='par_1_16' title="bbox 167 791 964 829">
     <span class='ocr_line' id='line_1_16' title="bbox 167 791 964 829; baseline 0.001 -10"><span class='ocrx_word' id='word_1_168' title='bbox 167 793 335 825; x_wconf 70' lang='grc' dir='ltr'>ἐκάλεσεν,</span> <span class='ocrx_word' id='word_1_169' title='bbox 361 792 407 818; x_wconf 76' lang='grc' dir='ltr'><strong>ἐπὶ</strong></span> <span class='ocrx_word' id='word_1_170' title='bbox 433 792 549 828; x_wconf 81' lang='grc' dir='ltr'><strong>δηλώσει</strong></span> <span class='ocrx_word' id='word_1_171' title='bbox 575 793 684 828; x_wconf 81' lang='grc' dir='ltr'>λέγεται</span> <span class='ocrx_word' id='word_1_172' title='bbox 709 792 756 820; x_wconf 83' lang='grc' dir='ltr'>τοῦ</span> <span class='ocrx_word' id='word_1_173' title='bbox 781 791 849 829; x_wconf 74' lang='grc' dir='ltr'>πρδς</span> <span class='ocrx_word' id='word_1_174' title='bbox 874 793 889 820; x_wconf 86' lang='lat'><strong>6</strong></span> <span class='ocrx_word' id='word_1_175' title='bbox 913 801 964 820; x_wconf 82' lang='grc' dir='ltr'>πε-</span> 
     </span>
    </p>
   </div>
   <div class='ocr_carea' id='block_1_17' title="bbox 168 837 963 874">
    <p class='ocr_par' dir='ltr' id='par_1_17' title="bbox 168 837 963 874">
     <span class='ocr_line' id='line_1_17' title="bbox 168 837 963 874; baseline -0.001 -8"><span class='ocrx_word' id='word_1_176' title='bbox 168 837 300 874; x_wconf 68' lang='grc' dir='ltr'>ποίηκεν.</span> <span class='ocrx_word' id='word_1_177' title='bbox 328 839 387 872; x_wconf 77' lang='grc' dir='ltr'><strong>Ἐφ’</strong></span> <span class='ocrx_word' id='word_1_178' title='bbox 409 839 534 865; x_wconf 80' lang='grc' dir='ltr'>ἁπάντων</span> <span class='ocrx_word' id='word_1_179' title='bbox 542 839 571 865; x_wconf 83' lang='grc' dir='ltr'><strong>δὲ</strong></span> <span class='ocrx_word' id='word_1_180' title='bbox 587 838 712 873; x_wconf 78' lang='grc' dir='ltr'>φαίνεται</span> <span class='ocrx_word' id='word_1_181' title='bbox 730 839 816 871; x_wconf 78' lang='grc' dir='ltr'>τιθεὶς</span> <span class='ocrx_word' id='word_1_182' title='bbox 831 839 871 871; x_wconf 83' lang='grc' dir='ltr'>τὸ,</span> <span class='ocrx_word' id='word_1_183' title='bbox 887 849 896 864; x_wconf 77' lang='grc' dir='ltr'><strong>ι</strong></span> <span class='ocrx_word' id='word_1_184' title='bbox 907 839 963 866; x_wconf 81' lang='lat' dir='ltr'><strong>Kai.</strong></span> 
     </span>
    </p>
   </div>
   <div class='ocr_carea' id='block_1_18' title="bbox 167 884 961 920">
    <p class='ocr_par' dir='ltr' id='par_1_18' title="bbox 167 884 961 920">
     <span class='ocr_line' id='line_1_18' title="bbox 167 884 961 920; baseline -0.001 -9"><span class='ocrx_word' id='word_1_185' title='bbox 167 884 399 918; x_wconf 73' lang='grc' dir='ltr'>ἑγένετοοῦτως,ι</span> <span class='ocrx_word' id='word_1_186' title='bbox 414 885 454 915; x_wconf 85' lang='grc' dir='ltr'>εἰς</span> <span class='ocrx_word' id='word_1_187' title='bbox 472 884 589 919; x_wconf 84' lang='grc' dir='ltr'><strong>δήλωσιν</strong></span> <span class='ocrx_word' id='word_1_188' title='bbox 602 884 683 910; x_wconf 84' lang='grc' dir='ltr'>τοῦτο</span> <span class='ocrx_word' id='word_1_189' title='bbox 695 884 774 919; x_wconf 73' lang='grc' dir='ltr'>ἔργον</span> <span class='ocrx_word' id='word_1_190' title='bbox 791 884 961 920; x_wconf 77' lang='grc' dir='ltr'>παρηκολουο</span> 
     </span>
    </p>
   </div>
   <div class='ocr_carea' id='block_1_19' title="bbox 168 930 963 966">
    <p class='ocr_par' dir='ltr' id='par_1_19' title="bbox 168 930 963 966">
     <span class='ocr_line' id='line_1_19' title="bbox 168 930 963 966; baseline -0.001 -9"><span class='ocrx_word' id='word_1_191' title='bbox 168 930 285 966; x_wconf 78' lang='grc' dir='ltr'>οηκὲναι</span> <span class='ocrx_word' id='word_1_192' title='bbox 297 931 330 965; x_wconf 85' lang='grc' dir='ltr'><strong>τῇ</strong></span> <span class='ocrx_word' id='word_1_193' title='bbox 351 930 477 965; x_wconf 83' lang='grc' dir='ltr'><strong>βουλήσει</strong></span> <span class='ocrx_word' id='word_1_194' title='bbox 493 931 527 965; x_wconf 81' lang='grc' dir='ltr'><strong>τῇ</strong></span> <span class='ocrx_word' id='word_1_195' title='bbox 542 930 590 956; x_wconf 78' lang='grc' dir='ltr'>τοῦ</span> <span class='ocrx_word' id='word_1_196' title='bbox 601 930 685 957; x_wconf 77' lang='grc' dir='ltr'><strong>Θεοῦ’</strong></span> <span class='ocrx_word' id='word_1_197' title='bbox 708 931 755 957; x_wconf 78' lang='grc' dir='ltr'><strong>ἐπὶ</strong></span> <span class='ocrx_word' id='word_1_198' title='bbox 766 930 794 957; x_wconf 80' lang='grc' dir='ltr'><strong>δὲ</strong></span> <span class='ocrx_word' id='word_1_199' title='bbox 818 931 865 958; x_wconf 74' lang='grc' dir='ltr'>’τοῦ</span> <span class='ocrx_word' id='word_1_200' title='bbox 882 931 963 966; x_wconf 78' lang='grc' dir='ltr'>οὐρα-</span> 
     </span>
    </p>
   </div>
   <div class='ocr_carea' id='block_1_20' title="bbox 167 975 961 1013">
    <p class='ocr_par' dir='ltr' id='par_1_20' title="bbox 167 975 961 1013">
     <span class='ocr_line' id='line_1_20' title="bbox 167 975 961 1013; baseline 0.001 -11"><span class='ocrx_word' id='word_1_201' title='bbox 167 976 230 1007; x_wconf 80' lang='grc' dir='ltr'>νοῦ,</span> <span class='ocrx_word' id='word_1_202' title='bbox 244 976 286 1008; x_wconf 78' lang='grc' dir='ltr'><strong>τὸ,</strong></span> <span class='ocrx_word' id='word_1_203' title='bbox 299 985 308 1001; x_wconf 80' lang='grc' dir='ltr'><strong>ι</strong></span> <span class='ocrx_word' id='word_1_204' title='bbox 323 976 378 1002; x_wconf 80' lang='grc' dir='ltr'><strong>Καὶ</strong></span> <span class='ocrx_word' id='word_1_205' title='bbox 395 975 522 1010; x_wconf 71' lang='grc' dir='ltr'>ἐποίησεν</span> <span class='ocrx_word' id='word_1_206' title='bbox 535 977 549 1002; x_wconf 98' lang='lat'><strong>6</strong></span> <span class='ocrx_word' id='word_1_207' title='bbox 564 976 631 1008; x_wconf 83' lang='grc' dir='ltr'><strong>Θεὸς</strong></span> <span class='ocrx_word' id='word_1_208' title='bbox 642 977 672 1002; x_wconf 79' lang='grc' dir='ltr'>τὸ</span> <span class='ocrx_word' id='word_1_209' title='bbox 687 977 854 1012; x_wconf 79' lang='grc' dir='ltr'>στερέωμα,»</span> <span class='ocrx_word' id='word_1_210' title='bbox 863 978 902 1009; x_wconf 84' lang='grc' dir='ltr'><strong>εἰς</strong></span> <span class='ocrx_word' id='word_1_211' title='bbox 913 977 961 1013; x_wconf 79' lang='grc' dir='ltr'><strong>δή·</strong></span> 
     </span>
    </p>
   </div>
   <div class='ocr_carea' id='block_1_21' title="bbox 166 1019 962 1058">
    <p class='ocr_par' dir='ltr' id='par_1_21' title="bbox 166 1019 962 1058">
     <span class='ocr_line' id='line_1_21' title="bbox 166 1019 962 1058; baseline 0.003 -10"><span class='ocrx_word' id='word_1_212' title='bbox 166 1024 254 1049; x_wconf 76' lang='grc' dir='ltr'>λωσιν</span> <span class='ocrx_word' id='word_1_213' title='bbox 268 1022 316 1048; x_wconf 82' lang='grc' dir='ltr'><strong>τοῦ</strong></span> <span class='ocrx_word' id='word_1_214' title='bbox 333 1022 370 1057; x_wconf 85' lang='grc' dir='ltr'>μὴ</span> <span class='ocrx_word' id='word_1_215' title='bbox 386 1022 481 1056; x_wconf 75' lang='grc' dir='ltr'>ἕτερον</span> <span class='ocrx_word' id='word_1_216' title='bbox 496 1019 566 1049; x_wconf 84' lang='grc' dir='ltr'>εἶναι</span> <span class='ocrx_word' id='word_1_217' title='bbox 579 1022 625 1049; x_wconf 79' lang='grc' dir='ltr'><strong>τὸν</strong></span> <span class='ocrx_word' id='word_1_218' title='bbox 640 1023 811 1058; x_wconf 75' lang='grc' dir='ltr'>πεποιηκότα</span> <span class='ocrx_word' id='word_1_219' title='bbox 827 1024 903 1057; x_wconf 74' lang='grc' dir='ltr'>παρὰ</span> <span class='ocrx_word' id='word_1_220' title='bbox 916 1021 962 1050; x_wconf 76' lang='grc' dir='ltr'><strong>τὸν</strong></span> 
     </span>
    </p>
   </div>
   <div class='ocr_carea' id='block_1_22' title="bbox 167 1067 963 1103">
    <p class='ocr_par' dir='ltr' id='par_1_22' title="bbox 167 1067 963 1103">
     <span class='ocr_line' id='line_1_22' title="bbox 167 1067 963 1103; baseline 0.004 -10"><span class='ocrx_word' id='word_1_221' title='bbox 167 1067 303 1102; x_wconf 81' lang='grc' dir='ltr'>γενέσθαι</span> <span class='ocrx_word' id='word_1_222' title='bbox 334 1068 544 1103; x_wconf 79' lang='grc' dir='ltr'>προστάξαντα·</span> <span class='ocrx_word' id='word_1_223' title='bbox 569 1068 618 1095; x_wconf 75' lang='grc' dir='ltr'>καὶ</span> <span class='ocrx_word' id='word_1_224' title='bbox 646 1068 726 1095; x_wconf 83' lang='grc' dir='ltr'>τοῦτο</span> <span class='ocrx_word' id='word_1_225' title='bbox 753 1068 826 1103; x_wconf 73' lang='grc' dir='ltr'>ἅπαξ</span> <span class='ocrx_word' id='word_1_226' title='bbox 855 1069 963 1102; x_wconf 75' lang='grc' dir='ltr'>διδάξας</span> 
     </span>
    </p>
   </div>
   <div class='ocr_carea' id='block_1_23' title="bbox 166 1112 962 1149">
    <p class='ocr_par' dir='ltr' id='par_1_23' title="bbox 166 1112 962 1149">
     <span class='ocr_line' id='line_1_23' title="bbox 166 1112 962 1149; baseline 0.004 -11"><span class='ocrx_word' id='word_1_227' title='bbox 166 1114 255 1148; x_wconf 72' lang='grc' dir='ltr'>ἡμᾶς,</span> <span class='ocrx_word' id='word_1_228' title='bbox 277 1113 323 1139; x_wconf 78' lang='grc' dir='ltr'><strong>ἐπὶ</strong></span> <span class='ocrx_word' id='word_1_229' title='bbox 343 1112 398 1139; x_wconf 86' lang='grc' dir='ltr'>τῶν</span> <span class='ocrx_word' id='word_1_230' title='bbox 415 1113 516 1139; x_wconf 81' lang='grc' dir='ltr'>λοιπῶν</span> <span class='ocrx_word' id='word_1_231' title='bbox 540 1114 665 1149; x_wconf 80' lang='grc' dir='ltr'><strong>ἀρκεῖται</strong></span> <span class='ocrx_word' id='word_1_232' title='bbox 677 1114 726 1149; x_wconf 81' lang='grc' dir='ltr'>τῷ,</span> <span class='ocrx_word' id='word_1_233' title='bbox 744 1114 885 1149; x_wconf 78' lang='grc' dir='ltr'><strong>Ἐγένετο,</strong></span> <span class='ocrx_word' id='word_1_234' title='bbox 901 1114 962 1141; x_wconf 80' lang='grc' dir='ltr'>καθ’</span> 
     </span>
    </p>
   </div>
   <div class='ocr_carea' id='block_1_24' title="bbox 166 1159 962 1196">
    <p class='ocr_par' dir='ltr' id='par_1_24' title="bbox 166 1159 962 1196">
     <span class='ocr_line' id='line_1_24' title="bbox 166 1159 962 1196; baseline 0.003 -11"><span class='ocrx_word' id='word_1_235' title='bbox 166 1159 288 1186; x_wconf 71' lang='grc' dir='ltr'>ἕκαστον</span> <span class='ocrx_word' id='word_1_236' title='bbox 302 1159 462 1194; x_wconf 79' lang='grc' dir='ltr'>ὀφείλοντας</span> <span class='ocrx_word' id='word_1_237' title='bbox 474 1160 544 1186; x_wconf 77' lang='grc' dir='ltr'>νοεῖν</span> <span class='ocrx_word' id='word_1_238' title='bbox 560 1160 598 1191; x_wconf 87' lang='grc' dir='ltr'>ὠς</span> <span class='ocrx_word' id='word_1_239' title='bbox 610 1160 623 1186; x_wconf 88' lang='lat'><strong>6</strong></span> <span class='ocrx_word' id='word_1_240' title='bbox 638 1161 755 1195; x_wconf 80' lang='grc' dir='ltr'><strong>ποιήσας</strong></span> <span class='ocrx_word' id='word_1_241' title='bbox 769 1161 849 1192; x_wconf 79' lang='grc' dir='ltr'>Θεός·</span> <span class='ocrx_word' id='word_1_242' title='bbox 865 1162 894 1187; x_wconf 78' lang='grc' dir='ltr'>οὺ</span> <span class='ocrx_word' id='word_1_243' title='bbox 908 1162 962 1196; x_wconf 86' lang='grc' dir='ltr'><strong>γὰρ</strong></span> 
     </span>
    </p>
   </div>
   <div class='ocr_carea' id='block_1_25' title="bbox 166 1204 961 1241">
    <p class='ocr_par' dir='ltr' id='par_1_25' title="bbox 166 1204 961 1241">
     <span class='ocr_line' id='line_1_25' title="bbox 166 1204 961 1241; baseline 0.004 -11"><span class='ocrx_word' id='word_1_244' title='bbox 166 1206 265 1239; x_wconf 75' lang='grc' dir='ltr'>ἕτερος</span> <span class='ocrx_word' id='word_1_245' title='bbox 281 1204 331 1240; x_wconf 82' lang='grc' dir='ltr'>μὲν</span> <span class='ocrx_word' id='word_1_246' title='bbox 342 1206 537 1240; x_wconf 69' lang='grc' dir='ltr'><strong>προσέταττεν,</strong></span> <span class='ocrx_word' id='word_1_247' title='bbox 553 1206 648 1241; x_wconf 84' lang='grc' dir='ltr'>ἒτερος</span> <span class='ocrx_word' id='word_1_248' title='bbox 661 1206 689 1232; x_wconf 85' lang='grc' dir='ltr'>δὲ</span> <span class='ocrx_word' id='word_1_249' title='bbox 702 1206 801 1239; x_wconf 74' lang='grc' dir='ltr'>ἐποίει,</span> <span class='ocrx_word' id='word_1_250' title='bbox 812 1207 880 1233; x_wconf 80' lang='grc' dir='ltr'>ἀλλὰ</span> <span class='ocrx_word' id='word_1_251' title='bbox 895 1207 961 1238; x_wconf 74' lang='grc' dir='ltr'>Θεὺς</span> 
     </span>
    </p>
   </div>
   <div class='ocr_carea' id='block_1_26' title="bbox 169 1250 962 1288">
    <p class='ocr_par' dir='ltr' id='par_1_26' title="bbox 169 1250 962 1288">
     <span class='ocr_line' id='line_1_26' title="bbox 169 1250 962 1288; baseline 0.005 -13"><span class='ocrx_word' id='word_1_252' title='bbox 169 1250 330 1285; x_wconf 69' lang='grc' dir='ltr'>ἀμφότερα.</span> <span class='ocrx_word' id='word_1_253' title='bbox 343 1250 374 1277; x_wconf 87' lang='grc' dir='ltr'>Ὀ</span> <span class='ocrx_word' id='word_1_254' title='bbox 383 1251 415 1285; x_wconf 77' lang='grc' dir='ltr'><strong>δὴ</strong></span> <span class='ocrx_word' id='word_1_255' title='bbox 429 1252 594 1285; x_wconf 72' lang='grc' dir='ltr'>σημαντικὸν</span> <span class='ocrx_word' id='word_1_256' title='bbox 603 1252 652 1287; x_wconf 82' lang='grc' dir='ltr'>τῆς</span> <span class='ocrx_word' id='word_1_257' title='bbox 666 1251 739 1284; x_wconf 84' lang='grc' dir='ltr'><strong>θείας</strong></span> <span class='ocrx_word' id='word_1_258' title='bbox 752 1252 845 1284; x_wconf 84' lang='grc' dir='ltr'>οὐσίας</span> <span class='ocrx_word' id='word_1_259' title='bbox 857 1253 962 1288; x_wconf 72' lang='grc' dir='ltr'>Πατρὸς</span> 
     </span>
    </p>
   </div>
   <div class='ocr_carea' id='block_1_27' title="bbox 168 1295 961 1333">
    <p class='ocr_par' dir='ltr' id='par_1_27' title="bbox 168 1295 961 1333">
     <span class='ocr_line' id='line_1_27' title="bbox 168 1295 961 1333; baseline 0.003 -12"><span class='ocrx_word' id='word_1_260' title='bbox 168 1297 218 1322; x_wconf 71' lang='grc' dir='ltr'><strong>καὶ</strong></span> <span class='ocrx_word' id='word_1_261' title='bbox 242 1295 308 1322; x_wconf 72' lang='grc' dir='ltr'><strong>1⁸ἱοῦ</strong></span> <span class='ocrx_word' id='word_1_262' title='bbox 333 1295 380 1322; x_wconf 67' lang='grc' dir='ltr'>καὶ</span> <span class='ocrx_word' id='word_1_263' title='bbox 400 1296 479 1330; x_wconf 78' lang='grc' dir='ltr'>ἁγίου</span> <span class='ocrx_word' id='word_1_264' title='bbox 503 1296 679 1331; x_wconf 71' lang='grc' dir='ltr'>Πνεῦμα-τος·</span> <span class='ocrx_word' id='word_1_265' title='bbox 696 1297 765 1324; x_wconf 79' lang='grc' dir='ltr'>ὥστε</span> <span class='ocrx_word' id='word_1_266' title='bbox 793 1297 830 1333; x_wconf 80' lang='grc' dir='ltr'>μὴ</span> <span class='ocrx_word' id='word_1_267' title='bbox 859 1297 961 1330; x_wconf 78' lang='grc' dir='ltr'>ξενίςου</span> 
     </span>
    </p>
   </div>
   <div class='ocr_carea' id='block_1_28' title="bbox 169 1340 963 1378">
    <p class='ocr_par' dir='ltr' id='par_1_28' title="bbox 169 1340 963 1378">
     <span class='ocr_line' id='line_1_28' title="bbox 169 1340 963 1378; baseline 0.003 -10"><span class='ocrx_word' id='word_1_268' title='bbox 169 1340 288 1377; x_wconf 80' lang='grc' dir='ltr'>ὕστερον</span> <span class='ocrx_word' id='word_1_269' title='bbox 303 1342 411 1368; x_wconf 81' lang='grc' dir='ltr'><strong>ἁκούων</strong></span> <span class='ocrx_word' id='word_1_270' title='bbox 435 1341 480 1368; x_wconf 76' lang='grc' dir='ltr'><strong>τὸν</strong></span> <span class='ocrx_word' id='word_1_271' title='bbox 505 1342 569 1368; x_wconf 80' lang='grc' dir='ltr'>Υίὺν</span> <span class='ocrx_word' id='word_1_272' title='bbox 585 1342 631 1369; x_wconf 79' lang='grc' dir='ltr'>τοῦ</span> <span class='ocrx_word' id='word_1_273' title='bbox 649 1342 717 1369; x_wconf 80' lang='grc' dir='ltr'>Θεοῦ</span> <span class='ocrx_word' id='word_1_274' title='bbox 734 1343 788 1370; x_wconf 85' lang='grc' dir='ltr'><strong>τῶν</strong></span> <span class='ocrx_word' id='word_1_275' title='bbox 814 1344 963 1378; x_wconf 78' lang='grc' dir='ltr'>γεγονότων</span> 
     </span>
    </p>
   </div>
   <div class='ocr_carea' id='block_1_29' title="bbox 168 1387 964 1425">
    <p class='ocr_par' dir='ltr' id='par_1_29' title="bbox 168 1387 964 1425">
     <span class='ocr_line' id='line_1_29' title="bbox 168 1387 964 1425; baseline 0.003 -11"><span class='ocrx_word' id='word_1_276' title='bbox 168 1387 437 1424; x_wconf 80' lang='grc' dir='ltr'>δημιουργόν.Λέγει</span> <span class='ocrx_word' id='word_1_277' title='bbox 450 1388 504 1423; x_wconf 81' lang='grc' dir='ltr'>γὰρ</span> <span class='ocrx_word' id='word_1_278' title='bbox 514 1396 536 1414; x_wconf 80' lang='grc' dir='ltr'><strong>ἰ</strong></span> <span class='ocrx_word' id='word_1_279' title='bbox 548 1387 577 1414; x_wconf 91' lang='lat'><strong>&#39;0</strong></span> <span class='ocrx_word' id='word_1_280' title='bbox 587 1389 680 1424; x_wconf 81' lang='grc' dir='ltr'>Πατήρ</span> <span class='ocrx_word' id='word_1_281' title='bbox 688 1398 737 1423; x_wconf 86' lang='grc' dir='ltr'><strong>μου</strong></span> <span class='ocrx_word' id='word_1_282' title='bbox 749 1390 801 1421; x_wconf 78' lang='grc' dir='ltr'><strong>ἓως</strong></span> <span class='ocrx_word' id='word_1_283' title='bbox 815 1389 964 1425; x_wconf 77' lang='grc' dir='ltr'>ἅρτιὲργά-</span> 
     </span>
    </p>
   </div>
   <div class='ocr_carea' id='block_1_30' title="bbox 168 1433 964 1470">
    <p class='ocr_par' dir='ltr' id='par_1_30' title="bbox 168 1433 964 1470">
     <span class='ocr_line' id='line_1_30' title="bbox 168 1433 964 1470; baseline 0.003 -10"><span class='ocrx_word' id='word_1_284' title='bbox 168 1433 261 1466; x_wconf 80' lang='grc' dir='ltr'>ζεται,</span> <span class='ocrx_word' id='word_1_285' title='bbox 281 1433 359 1468; x_wconf 81' lang='grc' dir='ltr'><strong>κάγὼ</strong></span> <span class='ocrx_word' id='word_1_286' title='bbox 372 1434 536 1470; x_wconf 71' lang='grc' dir='ltr'>ἐργάζομαι·</span> <span class='ocrx_word' id='word_1_287' title='bbox 545 1444 554 1459; x_wconf 77' lang='grc' dir='ltr'><strong>ι</strong></span> <span class='ocrx_word' id='word_1_288' title='bbox 563 1434 592 1460; x_wconf 75' lang='grc' dir='ltr'>τὸ</span> <span class='ocrx_word' id='word_1_289' title='bbox 607 1435 655 1469; x_wconf 77' lang='grc' dir='ltr'>μὲν</span> <span class='ocrx_word' id='word_1_290' title='bbox 671 1435 736 1470; x_wconf 75' lang='grc' dir='ltr'>γὰρ,</span> <span class='ocrx_word' id='word_1_291' title='bbox 749 1445 758 1460; x_wconf 73' lang='grc' dir='ltr'><strong>ε</strong></span> <span class='ocrx_word' id='word_1_292' title='bbox 772 1435 824 1467; x_wconf 69' lang='grc' dir='ltr'><strong>ἕως</strong></span> <span class='ocrx_word' id='word_1_293' title='bbox 836 1436 924 1470; x_wconf 63' lang='lat' dir='ltr'><strong>lipsi,»</strong></span> <span class='ocrx_word' id='word_1_294' title='bbox 934 1436 964 1462; x_wconf 75' lang='grc' dir='ltr'>τὸ</span> 
     </span>
    </p>
   </div>
   <div class='ocr_carea' id='block_1_31' title="bbox 168 1479 964 1516">
    <p class='ocr_par' dir='ltr' id='par_1_31' title="bbox 168 1479 964 1516">
     <span class='ocr_line' id='line_1_31' title="bbox 168 1479 964 1516; baseline 0.001 -9"><span class='ocrx_word' id='word_1_295' title='bbox 168 1479 293 1515; x_wconf 82' lang='grc' dir='ltr'><strong>διηνεκὲς</strong></span> <span class='ocrx_word' id='word_1_296' title='bbox 311 1480 362 1514; x_wconf 79' lang='grc' dir='ltr'>τῆς</span> <span class='ocrx_word' id='word_1_297' title='bbox 375 1480 505 1515; x_wconf 74' lang='grc' dir='ltr'>ὶργασίας</span> <span class='ocrx_word' id='word_1_298' title='bbox 518 1480 593 1516; x_wconf 71' lang='grc' dir='ltr'><strong>δηλοῖ</strong></span> <span class='ocrx_word' id='word_1_299' title='bbox 603 1488 609 1495; x_wconf 85' lang='lat'><strong>&#39;</strong></span> <span class='ocrx_word' id='word_1_300' title='bbox 626 1481 656 1506; x_wconf 84' lang='grc' dir='ltr'>τὸ</span> <span class='ocrx_word' id='word_1_301' title='bbox 666 1481 693 1507; x_wconf 82' lang='grc' dir='ltr'><strong>δὲ</strong></span> <span class='ocrx_word' id='word_1_302' title='bbox 711 1490 719 1506; x_wconf 83' lang='grc' dir='ltr'><strong>ι</strong></span> <span class='ocrx_word' id='word_1_303' title='bbox 733 1481 878 1516; x_wconf 76' lang='grc' dir='ltr'><strong>ἐργάζεται</strong></span> <span class='ocrx_word' id='word_1_304' title='bbox 893 1491 902 1507; x_wconf 69' lang='grc' dir='ltr'><strong>ι</strong></span> <span class='ocrx_word' id='word_1_305' title='bbox 917 1482 964 1509; x_wconf 81' lang='grc' dir='ltr'><strong>καὶ</strong></span> 
     </span>
    </p>
   </div>
   <div class='ocr_carea' id='block_1_32' title="bbox 177 1522 962 1560">
    <p class='ocr_par' dir='ltr' id='par_1_32' title="bbox 177 1522 962 1560">
     <span class='ocr_line' id='line_1_32' title="bbox 177 1522 962 1560; baseline 0.003 -10"><span class='ocrx_word' id='word_1_306' title='bbox 177 1533 187 1549; x_wconf 81' lang='grc' dir='ltr'><strong>ι</strong></span> <span class='ocrx_word' id='word_1_307' title='bbox 211 1522 393 1559; x_wconf 74' lang='grc' dir='ltr'>ἑργάζομαι,›</span> <span class='ocrx_word' id='word_1_308' title='bbox 410 1524 441 1550; x_wconf 81' lang='grc' dir='ltr'>τὸ</span> <span class='ocrx_word' id='word_1_309' title='bbox 456 1524 504 1559; x_wconf 78' lang='grc' dir='ltr'>τῆς</span> <span class='ocrx_word' id='word_1_310' title='bbox 530 1524 660 1560; x_wconf 77' lang='grc' dir='ltr'><strong>ἐργασίας</strong></span> <span class='ocrx_word' id='word_1_311' title='bbox 675 1525 772 1553; x_wconf 73' lang='grc' dir='ltr'>κοινόν.</span> <span class='ocrx_word' id='word_1_312' title='bbox 793 1525 846 1552; x_wconf 71' lang='grc' dir='ltr'>Καὶ</span> <span class='ocrx_word' id='word_1_313' title='bbox 866 1526 962 1552; x_wconf 71' lang='grc' dir='ltr'>πάλιν·</span> 
     </span>
    </p>
   </div>
   <div class='ocr_carea' id='block_1_33' title="bbox 175 1569 962 1607">
    <p class='ocr_par' dir='ltr' id='par_1_33' title="bbox 175 1570 962 1607">
     <span class='ocr_line' id='line_1_33' title="bbox 175 1570 962 1607; baseline 0.003 -11"><span class='ocrx_word' id='word_1_314' title='bbox 175 1571 287 1602; x_wconf 78' lang='grc' dir='ltr'>ιἈπερ</span> <span class='ocrx_word' id='word_1_315' title='bbox 304 1570 337 1597; x_wconf 81' lang='grc' dir='ltr'>ἂν</span> <span class='ocrx_word' id='word_1_316' title='bbox 353 1570 440 1607; x_wconf 79' lang='grc' dir='ltr'>βλέπῃ</span> <span class='ocrx_word' id='word_1_317' title='bbox 453 1570 499 1597; x_wconf 81' lang='grc' dir='ltr'>τὸν</span> <span class='ocrx_word' id='word_1_318' title='bbox 511 1571 620 1606; x_wconf 76' lang='grc' dir='ltr'>Πατέρα</span> <span class='ocrx_word' id='word_1_319' title='bbox 643 1571 782 1603; x_wconf 78' lang='grc' dir='ltr'>ποιοῦντα,</span> <span class='ocrx_word' id='word_1_320' title='bbox 798 1572 845 1598; x_wconf 84' lang='grc' dir='ltr'>καὶ</span> <span class='ocrx_word' id='word_1_321' title='bbox 861 1573 874 1598; x_wconf 88' lang='grc' dir='ltr'>ὁ</span> <span class='ocrx_word' id='word_1_322' title='bbox 903 1572 962 1604; x_wconf 83' lang='grc' dir='ltr'><strong>Υἱὸς</strong></span> 
     </span>
    </p>
   </div>
   <div class='ocr_carea' id='block_1_34' title="bbox 1012 1569 1452 1607">
    <p class='ocr_par' dir='ltr' id='par_1_34' title="bbox 1016 1569 1452 1605">
     <span class='ocr_line' id='line_1_34' title="bbox 1016 1569 1452 1605; baseline -0.002 -7"><span class='ocrx_word' id='word_1_323' title='bbox 1016 1578 1077 1598; x_wconf 87' lang='lat' dir='ltr'><strong>esse</strong></span> <span class='ocrx_word' id='word_1_324' title='bbox 1091 1571 1227 1605; x_wconf 88' lang='lat' dir='ltr'><strong>opiticem.</strong></span> <span class='ocrx_word' id='word_1_325' title='bbox 1242 1569 1333 1605; x_wconf 89' lang='lat' dir='ltr'><strong>lnquit</strong></span> <span class='ocrx_word' id='word_1_326' title='bbox 1352 1571 1425 1598; x_wconf 90' lang='lat' dir='ltr'><strong>enim</strong></span> <span class='ocrx_word' id='word_1_327' title='bbox 1445 1579 1452 1597; x_wconf 92' lang='lat'>:</span> 
     </span>
    </p>
   </div>
   <div class='ocr_carea' id='block_1_35' title="bbox 169 1614 962 1654">
    <p class='ocr_par' dir='ltr' id='par_1_35' title="bbox 169 1614 962 1654">
     <span class='ocr_line' id='line_1_35' title="bbox 169 1614 962 1654; baseline 0.003 -12"><span class='ocrx_word' id='word_1_328' title='bbox 169 1617 275 1651; x_wconf 75' lang='grc' dir='ltr'>ὁμοίως</span> <span class='ocrx_word' id='word_1_329' title='bbox 289 1618 387 1643; x_wconf 62' lang='grc' dir='ltr'>ποιείπ</span> <span class='ocrx_word' id='word_1_330' title='bbox 408 1616 440 1643; x_wconf 80' lang='grc' dir='ltr'>οὐ</span> <span class='ocrx_word' id='word_1_331' title='bbox 454 1616 653 1643; x_wconf 71' lang='grc' dir='ltr'>τοιαῦταάλλὰ</span> <span class='ocrx_word' id='word_1_332' title='bbox 665 1617 751 1643; x_wconf 72' lang='grc' dir='ltr'>ταῦτα</span> <span class='ocrx_word' id='word_1_333' title='bbox 766 1625 772 1630; x_wconf 92' lang='grc'>·</span> <span class='ocrx_word' id='word_1_334' title='bbox 783 1617 836 1643; x_wconf 68' lang='grc' dir='ltr'><strong>ο;δ“</strong></span> <span class='ocrx_word' id='word_1_335' title='bbox 852 1614 962 1654; x_wconf 73' lang='grc' dir='ltr'>οἷάπερ,</span> 
     </span>
    </p>
   </div>
   <div class='ocr_carea' id='block_1_36' title="bbox 168 1658 964 1696">
    <p class='ocr_par' dir='ltr' id='par_1_36' title="bbox 168 1658 964 1696">
     <span class='ocr_line' id='line_1_36' title="bbox 168 1658 964 1696; baseline 0 -8"><span class='ocrx_word' id='word_1_336' title='bbox 168 1661 231 1688; x_wconf 81' lang='grc' dir='ltr'>ἀλλ’</span> <span class='ocrx_word' id='word_1_337' title='bbox 256 1661 332 1695; x_wconf 81' lang='grc' dir='ltr'>ἅπερ</span> <span class='ocrx_word' id='word_1_338' title='bbox 346 1669 353 1676; x_wconf 94' lang='grc'><strong>·</strong></span> <span class='ocrx_word' id='word_1_339' title='bbox 379 1661 411 1688; x_wconf 78' lang='grc' dir='ltr'>οὺ</span> <span class='ocrx_word' id='word_1_340' title='bbox 440 1661 493 1695; x_wconf 81' lang='grc' dir='ltr'>γὰρ</span> <span class='ocrx_word' id='word_1_341' title='bbox 510 1661 543 1688; x_wconf 84' lang='grc' dir='ltr'>τὰ</span> <span class='ocrx_word' id='word_1_342' title='bbox 573 1661 622 1696; x_wconf 76' lang='grc' dir='ltr'>μὲν</span> <span class='ocrx_word' id='word_1_343' title='bbox 641 1658 728 1692; x_wconf 65' lang='grc' dir='ltr'>οὗτος,</span> <span class='ocrx_word' id='word_1_344' title='bbox 750 1661 784 1687; x_wconf 77' lang='grc' dir='ltr'><strong>τὰ</strong></span> <span class='ocrx_word' id='word_1_345' title='bbox 807 1660 835 1688; x_wconf 83' lang='grc' dir='ltr'><strong>δὲ</strong></span> <span class='ocrx_word' id='word_1_346' title='bbox 861 1662 964 1693; x_wconf 74' lang='grc' dir='ltr'>ἐκεῖνος</span> 
     </span>
    </p>
   </div>
   <div class='ocr_carea' id='block_1_37' title="bbox 169 1707 963 1743">
    <p class='ocr_par' dir='ltr' id='par_1_37' title="bbox 169 1707 963 1743">
     <span class='ocr_line' id='line_1_37' title="bbox 169 1707 963 1743; baseline 0 -9"><span class='ocrx_word' id='word_1_347' title='bbox 169 1707 332 1743; x_wconf 72' lang='grc' dir='ltr'><strong>ἐργάζεται.</strong></span> <span class='ocrx_word' id='word_1_348' title='bbox 351 1707 480 1734; x_wconf 76' lang='grc' dir='ltr'>Βλέπειν</span> <span class='ocrx_word' id='word_1_349' title='bbox 494 1707 523 1734; x_wconf 83' lang='grc' dir='ltr'><strong>δὲ</strong></span> <span class='ocrx_word' id='word_1_350' title='bbox 536 1707 646 1742; x_wconf 83' lang='grc' dir='ltr'>λέγεται</span> <span class='ocrx_word' id='word_1_351' title='bbox 659 1707 698 1741; x_wconf 84' lang='grc' dir='ltr'>τῷ</span> <span class='ocrx_word' id='word_1_352' title='bbox 711 1707 795 1743; x_wconf 75' lang='grc' dir='ltr'>μηδὲν</span> <span class='ocrx_word' id='word_1_353' title='bbox 807 1707 888 1734; x_wconf 74' lang='grc' dir='ltr'>αὑτὸν</span> <span class='ocrx_word' id='word_1_354' title='bbox 899 1708 963 1734; x_wconf 78' lang='grc' dir='ltr'>λαν-</span> 
     </span>
    </p>
   </div>
   <div class='ocr_carea' id='block_1_38' title="bbox 169 1753 963 1790">
    <p class='ocr_par' dir='ltr' id='par_1_38' title="bbox 169 1753 963 1790">
     <span class='ocr_line' id='line_1_38' title="bbox 169 1753 963 1790; baseline 0.001 -10"><span class='ocrx_word' id='word_1_355' title='bbox 169 1754 266 1780; x_wconf 82' lang='grc' dir='ltr'>οάνειν</span> <span class='ocrx_word' id='word_1_356' title='bbox 280 1754 335 1780; x_wconf 82' lang='grc' dir='ltr'>τῶν</span> <span class='ocrx_word' id='word_1_357' title='bbox 354 1754 400 1780; x_wconf 84' lang='grc' dir='ltr'>τοῦ</span> <span class='ocrx_word' id='word_1_358' title='bbox 418 1754 534 1789; x_wconf 85' lang='grc' dir='ltr'>Πατρός,</span> <span class='ocrx_word' id='word_1_359' title='bbox 559 1754 686 1781; x_wconf 80' lang='grc' dir='ltr'>Δείκνυσι</span> <span class='ocrx_word' id='word_1_360' title='bbox 700 1755 728 1781; x_wconf 75' lang='grc' dir='ltr'><strong>δὲ</strong></span> <span class='ocrx_word' id='word_1_361' title='bbox 743 1753 823 1781; x_wconf 82' lang='grc' dir='ltr'>αὐτὸν</span> <span class='ocrx_word' id='word_1_362' title='bbox 837 1754 963 1790; x_wconf 76' lang='grc' dir='ltr'>βουλήσει</span> 
     </span>
    </p>
   </div>
   <div class='ocr_carea' id='block_1_39' title="bbox 169 1799 961 1836">
    <p class='ocr_par' dir='ltr' id='par_1_39' title="bbox 169 1799 961 1836">
     <span class='ocr_line' id='line_1_39' title="bbox 169 1799 961 1836; baseline 0.001 -11"><span class='ocrx_word' id='word_1_363' title='bbox 169 1799 264 1825; x_wconf 74' lang='grc' dir='ltr'>πάντα.</span> <span class='ocrx_word' id='word_1_364' title='bbox 280 1800 464 1835; x_wconf 56' lang='grc' dir='ltr'>παράγοντι(</span> <span class='ocrx_word' id='word_1_365' title='bbox 478 1800 571 1827; x_wconf 72' lang='grc' dir='ltr'>Πάντα</span> <span class='ocrx_word' id='word_1_366' title='bbox 585 1800 650 1835; x_wconf 73' lang='grc' dir='ltr'>γὰρ,</span> <span class='ocrx_word' id='word_1_367' title='bbox 660 1801 810 1835; x_wconf 79' lang='grc' dir='ltr'>φησὶν,ὂοα</span> <span class='ocrx_word' id='word_1_368' title='bbox 818 1800 961 1836; x_wconf 74' lang='grc' dir='ltr'>ἠθέλησεν,</span> 
     </span>
    </p>
   </div>
   <div class='ocr_carea' id='block_1_40' title="bbox 168 1845 965 1883">
    <p class='ocr_par' dir='ltr' id='par_1_40' title="bbox 168 1845 965 1883">
     <span class='ocr_line' id='line_1_40' title="bbox 168 1845 965 1883; baseline 0.004 -12"><span class='ocrx_word' id='word_1_369' title='bbox 168 1845 312 1880; x_wconf 71' lang='grc' dir='ltr'>ἐποίησεν.</span> <span class='ocrx_word' id='word_1_370' title='bbox 328 1854 337 1871; x_wconf 72' lang='grc' dir='ltr'><strong>ι</strong></span> <span class='ocrx_word' id='word_1_371' title='bbox 352 1846 407 1872; x_wconf 79' lang='grc' dir='ltr'><strong>Καὶ</strong></span> <span class='ocrx_word' id='word_1_372' title='bbox 421 1847 557 1873; x_wconf 82' lang='grc' dir='ltr'>κοινωνῶν</span> <span class='ocrx_word' id='word_1_373' title='bbox 573 1847 647 1882; x_wconf 82' lang='grc' dir='ltr'><strong>αὺτῷ</strong></span> <span class='ocrx_word' id='word_1_374' title='bbox 661 1847 711 1882; x_wconf 74' lang='grc' dir='ltr'><strong>τῆς</strong></span> <span class='ocrx_word' id='word_1_375' title='bbox 727 1847 965 1883; x_wconf 74' lang='grc' dir='ltr'>βουλῆς.κοινωνεῖ</span> 
     </span>
    </p>
   </div>
   <div class='ocr_carea' id='block_1_41' title="bbox 169 1891 964 1928">
    <p class='ocr_par' dir='ltr' id='par_1_41' title="bbox 169 1891 964 1928">
     <span class='ocr_line' id='line_1_41' title="bbox 169 1891 964 1928; baseline 0 -9"><span class='ocrx_word' id='word_1_376' title='bbox 169 1893 221 1919; x_wconf 69' lang='grc' dir='ltr'><strong>καὶ</strong></span> <span class='ocrx_word' id='word_1_377' title='bbox 243 1892 296 1927; x_wconf 77' lang='grc' dir='ltr'>τῆς</span> <span class='ocrx_word' id='word_1_378' title='bbox 321 1892 463 1927; x_wconf 71' lang='grc' dir='ltr'>ἐργασίας,</span> <span class='ocrx_word' id='word_1_379' title='bbox 491 1893 540 1919; x_wconf 81' lang='grc' dir='ltr'><strong>καὶ</strong></span> <span class='ocrx_word' id='word_1_380' title='bbox 570 1893 671 1928; x_wconf 81' lang='grc' dir='ltr'>ὁμοίως</span> <span class='ocrx_word' id='word_1_381' title='bbox 693 1894 779 1919; x_wconf 84' lang='grc' dir='ltr'>ποιεῖ·</span> <span class='ocrx_word' id='word_1_382' title='bbox 809 1891 888 1919; x_wconf 77' lang='grc' dir='ltr'>τοῦτο</span> <span class='ocrx_word' id='word_1_383' title='bbox 909 1893 964 1928; x_wconf 86' lang='grc' dir='ltr'><strong>γὰρ</strong></span> 
     </span>
    </p>
   </div>
   <div class='ocr_carea' id='block_1_42' title="bbox 168 1938 964 1974">
    <p class='ocr_par' dir='ltr' id='par_1_42' title="bbox 168 1938 964 1974">
     <span class='ocr_line' id='line_1_42' title="bbox 168 1938 964 1974; baseline 0 -9"><span class='ocrx_word' id='word_1_384' title='bbox 168 1939 327 1974; x_wconf 61' lang='grc' dir='ltr'>ἔπὴγαγεν.</span> <span class='ocrx_word' id='word_1_385' title='bbox 351 1938 458 1970; x_wconf 73' lang='grc' dir='ltr'>δεικνὺς</span> <span class='ocrx_word' id='word_1_386' title='bbox 484 1939 514 1966; x_wconf 79' lang='grc' dir='ltr'>οὐ</span> <span class='ocrx_word' id='word_1_387' title='bbox 532 1939 613 1973; x_wconf 82' lang='grc' dir='ltr'>μόνον</span> <span class='ocrx_word' id='word_1_388' title='bbox 643 1939 677 1965; x_wconf 72' lang='grc' dir='ltr'>τὰ.</span> <span class='ocrx_word' id='word_1_389' title='bbox 705 1938 786 1971; x_wconf 78' lang='grc' dir='ltr'>αὐτὰ,</span> <span class='ocrx_word' id='word_1_390' title='bbox 814 1938 883 1965; x_wconf 75' lang='grc' dir='ltr'>ἀλλὰ</span> <span class='ocrx_word' id='word_1_391' title='bbox 915 1939 964 1966; x_wconf 76' lang='grc' dir='ltr'><strong>καὶ</strong></span> 
     </span>
    </p>
   </div>
   <div class='ocr_carea' id='block_1_43' title="bbox 167 1983 963 2021">
    <p class='ocr_par' dir='ltr' id='par_1_43' title="bbox 167 1983 963 2021">
     <span class='ocr_line' id='line_1_43' title="bbox 167 1983 963 2021; baseline -0.001 -10"><span class='ocrx_word' id='word_1_392' title='bbox 167 1985 274 2020; x_wconf 76' lang='grc' dir='ltr'>ὁμοίως</span> <span class='ocrx_word' id='word_1_393' title='bbox 301 1985 384 2016; x_wconf 86' lang='grc' dir='ltr'>ποιεῖ,</span> <span class='ocrx_word' id='word_1_394' title='bbox 401 1984 416 2010; x_wconf 87' lang='grc' dir='ltr'><strong>ὅ</strong></span> <span class='ocrx_word' id='word_1_395' title='bbox 440 1985 497 2011; x_wconf 73' lang='grc' dir='ltr'>ἐστι</span> <span class='ocrx_word' id='word_1_396' title='bbox 521 1984 648 2020; x_wconf 83' lang='grc' dir='ltr'>βουλήσει</span> <span class='ocrx_word' id='word_1_397' title='bbox 673 1985 722 2011; x_wconf 76' lang='grc' dir='ltr'><strong>καὶ</strong></span> <span class='ocrx_word' id='word_1_398' title='bbox 735 1983 853 2021; x_wconf 78' lang='grc' dir='ltr'>ἐξουσίᾳ.</span> <span class='ocrx_word' id='word_1_399' title='bbox 878 1985 963 2012; x_wconf 81' lang='grc' dir='ltr'>Τοῦτο</span> 
     </span>
    </p>
   </div>
   <div class='ocr_carea' id='block_1_44' title="bbox 167 2030 963 2066">
    <p class='ocr_par' dir='ltr' id='par_1_44' title="bbox 167 2030 963 2066">
     <span class='ocr_line' id='line_1_44' title="bbox 167 2030 963 2066; baseline 0.001 -10"><span class='ocrx_word' id='word_1_400' title='bbox 167 2031 226 2066; x_wconf 82' lang='grc' dir='ltr'><strong>γὰρ</strong></span> <span class='ocrx_word' id='word_1_401' title='bbox 243 2030 411 2065; x_wconf 76' lang='grc' dir='ltr'>σαφέστερον</span> <span class='ocrx_word' id='word_1_402' title='bbox 441 2031 593 2066; x_wconf 79' lang='grc' dir='ltr'>ἐπήνεγκεν</span> <span class='ocrx_word' id='word_1_403' title='bbox 620 2030 721 2064; x_wconf 79' lang='grc' dir='ltr'>λέγων·</span> <span class='ocrx_word' id='word_1_404' title='bbox 742 2040 751 2056; x_wconf 76' lang='grc' dir='ltr'><strong>ι</strong></span> <span class='ocrx_word' id='word_1_405' title='bbox 768 2031 874 2066; x_wconf 79' lang='grc' dir='ltr'>Ὥσπερ</span> <span class='ocrx_word' id='word_1_406' title='bbox 886 2031 963 2066; x_wconf 76' lang='grc' dir='ltr'><strong>γὰρὸ</strong></span> 
     </span>
    </p>
   </div>
   <div class='ocr_carea' id='block_1_45' title="bbox 169 2075 963 2110">
    <p class='ocr_par' dir='ltr' id='par_1_45' title="bbox 169 2075 963 2110">
     <span class='ocr_line' id='line_1_45' title="bbox 169 2075 963 2110; baseline 0.001 -9"><span class='ocrx_word' id='word_1_407' title='bbox 169 2075 270 2110; x_wconf 78' lang='grc' dir='ltr'>Πατὴρ</span> <span class='ocrx_word' id='word_1_408' title='bbox 292 2075 394 2110; x_wconf 73' lang='grc' dir='ltr'>ἐγείρει</span> <span class='ocrx_word' id='word_1_409' title='bbox 411 2075 474 2107; x_wconf 79' lang='grc' dir='ltr'>τοὺς</span> <span class='ocrx_word' id='word_1_410' title='bbox 502 2075 618 2110; x_wconf 77' lang='grc' dir='ltr'>νεκροὺς</span> <span class='ocrx_word' id='word_1_411' title='bbox 645 2076 691 2103; x_wconf 82' lang='grc' dir='ltr'><strong>καὶ</strong></span> <span class='ocrx_word' id='word_1_412' title='bbox 715 2076 852 2109; x_wconf 77' lang='grc' dir='ltr'>ζωοποιεῖ,</span> <span class='ocrx_word' id='word_1_413' title='bbox 876 2076 963 2108; x_wconf 84' lang='grc' dir='ltr'>οὕτως</span> 
     </span>
    </p>
   </div>
   <div class='ocr_carea' id='block_1_46' title="bbox 168 2121 963 2158">
    <p class='ocr_par' dir='ltr' id='par_1_46' title="bbox 168 2121 963 2158">
     <span class='ocr_line' id='line_1_46' title="bbox 168 2121 963 2158; baseline 0.001 -9"><span class='ocrx_word' id='word_1_414' title='bbox 168 2123 219 2149; x_wconf 70' lang='grc' dir='ltr'><strong>καὶ</strong></span> <span class='ocrx_word' id='word_1_415' title='bbox 229 2123 243 2148; x_wconf 80' lang='grc' dir='ltr'><strong>ὁ</strong></span> <span class='ocrx_word' id='word_1_416' title='bbox 257 2122 320 2153; x_wconf 69' lang='grc' dir='ltr'>Υἱὸς</span> <span class='ocrx_word' id='word_1_417' title='bbox 333 2121 379 2153; x_wconf 82' lang='grc' dir='ltr'>οὓς</span> <span class='ocrx_word' id='word_1_418' title='bbox 396 2121 467 2148; x_wconf 83' lang='grc' dir='ltr'>θέλει</span> <span class='ocrx_word' id='word_1_419' title='bbox 483 2121 619 2155; x_wconf 74' lang='grc' dir='ltr'>ζωοποιεῖ,</span> <span class='ocrx_word' id='word_1_420' title='bbox 634 2133 642 2148; x_wconf 76' lang='grc' dir='ltr'><strong>ι</strong></span> <span class='ocrx_word' id='word_1_421' title='bbox 655 2123 724 2157; x_wconf 82' lang='grc' dir='ltr'>ὅπερ</span> <span class='ocrx_word' id='word_1_422' title='bbox 738 2123 878 2158; x_wconf 78' lang='grc' dir='ltr'>Πατρικῆς</span> <span class='ocrx_word' id='word_1_423' title='bbox 889 2123 963 2150; x_wconf 83' lang='grc' dir='ltr'>ἐστιν</span> 
     </span>
    </p>
   </div>
   <div class='ocr_carea' id='block_1_47' title="bbox 171 2168 964 2205">
    <p class='ocr_par' dir='ltr' id='par_1_47' title="bbox 171 2168 964 2205">
     <span class='ocr_line' id='line_1_47' title="bbox 171 2168 964 2205; baseline 0 -9"><span class='ocrx_word' id='word_1_424' title='bbox 171 2170 296 2204; x_wconf 68' lang='grc' dir='ltr'>ἰσότητος</span> <span class='ocrx_word' id='word_1_425' title='bbox 309 2177 316 2183; x_wconf 93' lang='grc'><strong>·</strong></span> <span class='ocrx_word' id='word_1_426' title='bbox 328 2168 359 2195; x_wconf 79' lang='grc' dir='ltr'><strong>τὸ</strong></span> <span class='ocrx_word' id='word_1_427' title='bbox 370 2178 379 2193; x_wconf 81' lang='grc' dir='ltr'><strong>ι</strong></span> <span class='ocrx_word' id='word_1_428' title='bbox 395 2168 432 2200; x_wconf 88' lang='grc' dir='ltr'><strong>ὡς</strong></span> <span class='ocrx_word' id='word_1_429' title='bbox 450 2168 547 2201; x_wconf 57' lang='lat' dir='ltr'><strong>eihi,»</strong></span> <span class='ocrx_word' id='word_1_430' title='bbox 556 2170 616 2195; x_wconf 77' lang='grc' dir='ltr'>ἀντὶ</span> <span class='ocrx_word' id='word_1_431' title='bbox 630 2168 759 2205; x_wconf 71' lang='grc' dir='ltr'>τοῦ,μν5νῃ</span> <span class='ocrx_word' id='word_1_432' title='bbox 772 2169 880 2204; x_wconf 82' lang='grc' dir='ltr'>θελήσει</span> <span class='ocrx_word' id='word_1_433' title='bbox 890 2169 964 2197; x_wconf 78' lang='grc' dir='ltr'>’ὅθεν</span> 
     </span>
    </p>
   </div>
   <div class='ocr_carea' id='block_1_48' title="bbox 170 2214 963 2249">
    <p class='ocr_par' dir='ltr' id='par_1_48' title="bbox 170 2214 963 2249">
     <span class='ocr_line' id='line_1_48' title="bbox 170 2214 963 2249; baseline -0.001 -7"><span class='ocrx_word' id='word_1_434' title='bbox 170 2215 222 2242; x_wconf 65' lang='grc' dir='ltr'><strong>καὶ</strong></span> <span class='ocrx_word' id='word_1_435' title='bbox 248 2215 279 2241; x_wconf 86' lang='grc' dir='ltr'>τδ</span> <span class='ocrx_word' id='word_1_436' title='bbox 298 2214 451 2249; x_wconf 79' lang='grc' dir='ltr'>βάπτισμα,</span> <span class='ocrx_word' id='word_1_437' title='bbox 466 2215 534 2248; x_wconf 76' lang='grc' dir='ltr'>ὅπερ</span> <span class='ocrx_word' id='word_1_438' title='bbox 549 2215 609 2241; x_wconf 74' lang='grc' dir='ltr'>ἐστὶ</span> <span class='ocrx_word' id='word_1_439' title='bbox 631 2215 727 2249; x_wconf 80' lang='grc' dir='ltr'>καινῆς</span> <span class='ocrx_word' id='word_1_440' title='bbox 746 2214 881 2248; x_wconf 69' lang='grc' dir='ltr'>σύμϐολον</span> <span class='ocrx_word' id='word_1_441' title='bbox 903 2214 963 2241; x_wconf 81' lang='grc' dir='ltr'>κτί-</span> 
     </span>
    </p>
   </div>
   <div class='ocr_carea' id='block_1_49' title="bbox 171 2260 962 2296">
    <p class='ocr_par' dir='ltr' id='par_1_49' title="bbox 171 2260 962 2296">
     <span class='ocr_line' id='line_1_49' title="bbox 171 2260 962 2296; baseline -0.001 -8"><span class='ocrx_word' id='word_1_442' title='bbox 171 2269 255 2292; x_wconf 74' lang='grc' dir='ltr'>σεως.</span> <span class='ocrx_word' id='word_1_443' title='bbox 269 2262 310 2292; x_wconf 82' lang='grc' dir='ltr'><strong>εὶς</strong></span> <span class='ocrx_word' id='word_1_444' title='bbox 321 2260 372 2295; x_wconf 83' lang='grc' dir='ltr'>τὴν</span> <span class='ocrx_word' id='word_1_445' title='bbox 386 2260 494 2296; x_wconf 84' lang='grc' dir='ltr'>Πατρὸς</span> <span class='ocrx_word' id='word_1_446' title='bbox 509 2261 556 2287; x_wconf 69' lang='grc' dir='ltr'><strong>κα)⁸</strong></span> <span class='ocrx_word' id='word_1_447' title='bbox 569 2261 635 2287; x_wconf 78' lang='grc' dir='ltr'><strong>Υίοῦ</strong></span> <span class='ocrx_word' id='word_1_448' title='bbox 648 2261 696 2288; x_wconf 72' lang='grc' dir='ltr'><strong>καὶ</strong></span> <span class='ocrx_word' id='word_1_449' title='bbox 711 2261 791 2295; x_wconf 85' lang='grc' dir='ltr'>ἁγίου</span> <span class='ocrx_word' id='word_1_450' title='bbox 801 2261 962 2296; x_wconf 70' lang='grc' dir='ltr'>[Ινεὺματος</span> 
     </span>
    </p>
   </div>
   <div class='ocr_carea' id='block_1_50' title="bbox 171 2305 963 2342">
    <p class='ocr_par' dir='ltr' id='par_1_50' title="bbox 171 2305 963 2342">
     <span class='ocr_line' id='line_1_50' title="bbox 171 2305 963 2342; baseline -0.001 -9"><span class='ocrx_word' id='word_1_451' title='bbox 171 2305 318 2340; x_wconf 81' lang='grc' dir='ltr'>ἐπίκλησιν</span> <span class='ocrx_word' id='word_1_452' title='bbox 341 2306 428 2331; x_wconf 86' lang='grc' dir='ltr'>ποιεῖν</span> <span class='ocrx_word' id='word_1_453' title='bbox 451 2306 698 2341; x_wconf 82' lang='grc' dir='ltr'>προστετάγμεθα·</span> <span class='ocrx_word' id='word_1_454' title='bbox 727 2306 843 2342; x_wconf 75' lang='grc' dir='ltr'>ἐπείπερ</span> <span class='ocrx_word' id='word_1_455' title='bbox 865 2306 963 2333; x_wconf 78' lang='grc' dir='ltr'>συνθα-</span> 
     </span>
    </p>
   </div>
   <div class='ocr_carea' id='block_1_51' title="bbox 172 2349 964 2385">
    <p class='ocr_par' dir='ltr' id='par_1_51' title="bbox 172 2349 964 2385">
     <span class='ocr_line' id='line_1_51' title="bbox 172 2349 964 2385; baseline -0.001 -8"><span class='ocrx_word' id='word_1_456' title='bbox 172 2349 299 2385; x_wconf 74' lang='grc' dir='ltr'>πτόμεθά</span> <span class='ocrx_word' id='word_1_457' title='bbox 319 2357 350 2376; x_wconf 84' lang='grc' dir='ltr'>τε</span> <span class='ocrx_word' id='word_1_458' title='bbox 369 2350 399 2376; x_wconf 78' lang='grc' dir='ltr'>ἐν</span> <span class='ocrx_word' id='word_1_459' title='bbox 415 2349 489 2384; x_wconf 83' lang='grc' dir='ltr'><strong>αὑτῷ</strong></span> <span class='ocrx_word' id='word_1_460' title='bbox 515 2350 565 2376; x_wconf 71' lang='grc' dir='ltr'><strong>καὶ</strong></span> <span class='ocrx_word' id='word_1_461' title='bbox 588 2349 811 2385; x_wconf 84' lang='grc' dir='ltr'>συνανιστάμεθα</span> <span class='ocrx_word' id='word_1_462' title='bbox 838 2349 877 2384; x_wconf 85' lang='grc' dir='ltr'><strong>τῷ</strong></span> <span class='ocrx_word' id='word_1_463' title='bbox 896 2350 964 2385; x_wconf 87' lang='grc' dir='ltr'>Χρι-</span> 
     </span>
    </p>
   </div>
   <div class='ocr_carea' id='block_1_52' title="bbox 172 2395 963 2431">
    <p class='ocr_par' dir='ltr' id='par_1_52' title="bbox 172 2395 963 2431">
     <span class='ocr_line' id='line_1_52' title="bbox 172 2395 963 2431; baseline 0 -9"><span class='ocrx_word' id='word_1_464' title='bbox 172 2395 240 2431; x_wconf 81' lang='grc' dir='ltr'>στῷ,</span> <span class='ocrx_word' id='word_1_465' title='bbox 264 2395 336 2422; x_wconf 75' lang='grc' dir='ltr'>κατὰ</span> <span class='ocrx_word' id='word_1_466' title='bbox 359 2395 405 2422; x_wconf 80' lang='grc' dir='ltr'>τὸν</span> <span class='ocrx_word' id='word_1_467' title='bbox 424 2395 496 2421; x_wconf 78' lang='grc' dir='ltr'>θεῖον</span> <span class='ocrx_word' id='word_1_468' title='bbox 518 2395 694 2423; x_wconf 69' lang='grc' dir='ltr'>’Δπόστολονι</span> <span class='ocrx_word' id='word_1_469' title='bbox 719 2395 757 2427; x_wconf 81' lang='grc' dir='ltr'>ὼς</span> <span class='ocrx_word' id='word_1_470' title='bbox 778 2395 811 2422; x_wconf 86' lang='grc' dir='ltr'>ἂν</span> <span class='ocrx_word' id='word_1_471' title='bbox 829 2395 963 2431; x_wconf 76' lang='grc' dir='ltr'>μάθοιμεν</span> 
     </span>
    </p>
   </div>
   <div class='ocr_carea' id='block_1_53' title="bbox 170 2438 963 2476">
    <p class='ocr_par' dir='ltr' id='par_1_53' title="bbox 170 2438 963 2476">
     <span class='ocr_line' id='line_1_53' title="bbox 170 2438 963 2476; baseline -0.003 -8"><span class='ocrx_word' id='word_1_472' title='bbox 170 2443 215 2469; x_wconf 73' lang='grc' dir='ltr'>ὅτι</span> <span class='ocrx_word' id='word_1_473' title='bbox 230 2442 263 2467; x_wconf 74' lang='grc' dir='ltr'><strong>ἐκ</strong></span> <span class='ocrx_word' id='word_1_474' title='bbox 279 2440 329 2476; x_wconf 81' lang='grc' dir='ltr'>τῆς</span> <span class='ocrx_word' id='word_1_475' title='bbox 349 2441 465 2476; x_wconf 82' lang='grc' dir='ltr'>Τριάδος</span> <span class='ocrx_word' id='word_1_476' title='bbox 486 2440 699 2476; x_wconf 78' lang='grc' dir='ltr'>ἀνακτιζόμεθα,</span> <span class='ocrx_word' id='word_1_477' title='bbox 719 2441 764 2474; x_wconf 84' lang='grc' dir='ltr'><strong>ὑφ’</strong></span> <span class='ocrx_word' id='word_1_478' title='bbox 784 2438 875 2475; x_wconf 83' lang='grc' dir='ltr'>ἧσπερ</span> <span class='ocrx_word' id='word_1_479' title='bbox 891 2440 963 2467; x_wconf 77' lang='grc' dir='ltr'>ἐκτί-</span> 
     </span>
    </p>
   </div>
   <div class='ocr_carea' id='block_1_54' title="bbox 171 2483 959 2521">
    <p class='ocr_par' dir='ltr' id='par_1_54' title="bbox 171 2483 959 2521">
     <span class='ocr_line' id='line_1_54' title="bbox 171 2483 959 2521; baseline 0 -9"><span class='ocrx_word' id='word_1_480' title='bbox 171 2485 280 2520; x_wconf 82' lang='grc' dir='ltr'>σμεθα·</span> <span class='ocrx_word' id='word_1_481' title='bbox 293 2487 307 2512; x_wconf 92' lang='lat'><strong>6</strong></span> <span class='ocrx_word' id='word_1_482' title='bbox 326 2485 381 2521; x_wconf 78' lang='grc' dir='ltr'><strong>γὰρ</strong></span> <span class='ocrx_word' id='word_1_483' title='bbox 401 2484 482 2516; x_wconf 78' lang='grc' dir='ltr'>αὐτὸς</span> <span class='ocrx_word' id='word_1_484' title='bbox 493 2486 559 2517; x_wconf 81' lang='grc' dir='ltr'>Θεὸς</span> <span class='ocrx_word' id='word_1_485' title='bbox 571 2486 618 2512; x_wconf 80' lang='grc' dir='ltr'>καὶ</span> <span class='ocrx_word' id='word_1_486' title='bbox 638 2485 686 2512; x_wconf 83' lang='grc' dir='ltr'>τοῦ</span> <span class='ocrx_word' id='word_1_487' title='bbox 713 2483 784 2512; x_wconf 80' lang='grc' dir='ltr'>εἶναι</span> <span class='ocrx_word' id='word_1_488' title='bbox 799 2485 847 2512; x_wconf 71' lang='grc' dir='ltr'><strong>καὶ</strong></span> <span class='ocrx_word' id='word_1_489' title='bbox 866 2485 913 2512; x_wconf 75' lang='grc' dir='ltr'>τοῦ</span> <span class='ocrx_word' id='word_1_490' title='bbox 928 2483 959 2512; x_wconf 80' lang='grc' dir='ltr'>εὖ</span> 
     </span>
    </p>
   </div>
   <div class='ocr_carea' id='block_1_55' title="bbox 170 2529 960 2567">
    <p class='ocr_par' dir='ltr' id='par_1_55' title="bbox 170 2529 960 2567">
     <span class='ocr_line' id='line_1_55' title="bbox 170 2529 960 2567; baseline 0 -9"><span class='ocrx_word' id='word_1_491' title='bbox 170 2529 243 2558; x_wconf 77' lang='grc' dir='ltr'>εἶναι</span> <span class='ocrx_word' id='word_1_492' title='bbox 261 2532 368 2566; x_wconf 76' lang='grc' dir='ltr'>πέφυκε</span> <span class='ocrx_word' id='word_1_493' title='bbox 393 2532 521 2567; x_wconf 76' lang='grc' dir='ltr'>χορηγός.</span> <span class='ocrx_word' id='word_1_494' title='bbox 543 2531 715 2566; x_wconf 83' lang='grc' dir='ltr'>Σημειωτέον</span> <span class='ocrx_word' id='word_1_495' title='bbox 729 2531 759 2558; x_wconf 76' lang='grc' dir='ltr'><strong>δὲ</strong></span> <span class='ocrx_word' id='word_1_496' title='bbox 781 2532 822 2558; x_wconf 82' lang='grc' dir='ltr'>ὅτι</span> <span class='ocrx_word' id='word_1_497' title='bbox 846 2532 880 2558; x_wconf 86' lang='grc' dir='ltr'><strong>δι’</strong></span> <span class='ocrx_word' id='word_1_498' title='bbox 896 2532 960 2566; x_wconf 76' lang='grc' dir='ltr'>ὅλης</span> 
     </span>
    </p>
   </div>
   <div class='ocr_carea' id='block_1_56' title="bbox 168 2575 958 2613">
    <p class='ocr_par' dir='ltr' id='par_1_56' title="bbox 168 2575 958 2613">
     <span class='ocr_line' id='line_1_56' title="bbox 168 2575 958 2613; baseline -0.001 -9"><span class='ocrx_word' id='word_1_499' title='bbox 168 2578 220 2612; x_wconf 77' lang='grc' dir='ltr'>τῆς</span> <span class='ocrx_word' id='word_1_500' title='bbox 232 2578 411 2613; x_wconf 78' lang='grc' dir='ltr'>κοσμοποιίας</span> <span class='ocrx_word' id='word_1_501' title='bbox 425 2577 474 2612; x_wconf 84' lang='grc' dir='ltr'><strong>τῷ.</strong></span> <span class='ocrx_word' id='word_1_502' title='bbox 484 2575 584 2604; x_wconf 76' lang='grc' dir='ltr'>«Εἶπεν</span> <span class='ocrx_word' id='word_1_503' title='bbox 596 2578 610 2604; x_wconf 89' lang='lat'><strong>6</strong></span> <span class='ocrx_word' id='word_1_504' title='bbox 624 2577 701 2609; x_wconf 72' lang='grc' dir='ltr'>Θεὸς,</span> <span class='ocrx_word' id='word_1_505' title='bbox 715 2586 724 2603; x_wconf 70' lang='grc' dir='ltr'><strong>ι</strong></span> <span class='ocrx_word' id='word_1_506' title='bbox 743 2578 885 2613; x_wconf 68' lang='grc' dir='ltr'>πρόκειται</span> <span class='ocrx_word' id='word_1_507' title='bbox 901 2578 958 2610; x_wconf 77' lang='grc' dir='ltr'>καὶ,</span> 
     </span>
    </p>
   </div>
   <div class='ocr_carea' id='block_1_57' title="bbox 172 2622 961 2659">
    <p class='ocr_par' dir='ltr' id='par_1_57' title="bbox 172 2622 961 2659">
     <span class='ocr_line' id='line_1_57' title="bbox 172 2622 961 2659; baseline 0 -10"><span class='ocrx_word' id='word_1_508' title='bbox 172 2632 184 2649; x_wconf 69' lang='grc' dir='ltr'><strong>ε</strong></span> <span class='ocrx_word' id='word_1_509' title='bbox 195 2623 341 2658; x_wconf 75' lang='grc' dir='ltr'>Ἐποίησεν</span> <span class='ocrx_word' id='word_1_510' title='bbox 354 2623 368 2649; x_wconf 88' lang='lat'><strong>6</strong></span> <span class='ocrx_word' id='word_1_511' title='bbox 376 2622 451 2655; x_wconf 84' lang='grc' dir='ltr'>Θεὸς,</span> <span class='ocrx_word' id='word_1_512' title='bbox 458 2631 469 2649; x_wconf 75' lang='grc' dir='ltr'><strong>ι</strong></span> <span class='ocrx_word' id='word_1_513' title='bbox 477 2622 573 2657; x_wconf 75' lang='grc' dir='ltr'>δηλοῦν</span> <span class='ocrx_word' id='word_1_514' title='bbox 579 2622 609 2649; x_wconf 63' lang='grc' dir='ltr'><strong>τὸ</strong></span> <span class='ocrx_word' id='word_1_515' title='bbox 618 2622 814 2659; x_wconf 81' lang='grc' dir='ltr'>δημιουργικόν</span> <span class='ocrx_word' id='word_1_516' title='bbox 824 2630 831 2638; x_wconf 83' lang='grc'><em>’</em></span> <span class='ocrx_word' id='word_1_517' title='bbox 845 2622 961 2658; x_wconf 83' lang='grc' dir='ltr'>μάλιστα</span> 
     </span>
    </p>
   </div>
   <div class='ocr_carea' id='block_1_58' title="bbox 170 2667 961 2703">
    <p class='ocr_par' dir='ltr' id='par_1_58' title="bbox 170 2667 961 2703">
     <span class='ocr_line' id='line_1_58' title="bbox 170 2667 961 2703; baseline -0.001 -9"><span class='ocrx_word' id='word_1_518' title='bbox 170 2668 225 2702; x_wconf 73' lang='grc' dir='ltr'><strong>γὰρ</strong></span> <span class='ocrx_word' id='word_1_519' title='bbox 246 2667 291 2694; x_wconf 81' lang='grc' dir='ltr'>διὰ</span> <span class='ocrx_word' id='word_1_520' title='bbox 303 2667 407 2703; x_wconf 81' lang='grc' dir='ltr'><strong>ταύτης</strong></span> <span class='ocrx_word' id='word_1_521' title='bbox 429 2667 480 2702; x_wconf 85' lang='grc' dir='ltr'>τῆς</span> <span class='ocrx_word' id='word_1_522' title='bbox 496 2667 693 2702; x_wconf 81' lang='grc' dir='ltr'>προσηγορίας,</span> <span class='ocrx_word' id='word_1_523' title='bbox 713 2667 744 2693; x_wconf 76' lang='grc' dir='ltr'><strong>τὸ</strong></span> <span class='ocrx_word' id='word_1_524' title='bbox 764 2667 961 2702; x_wconf 76' lang='grc' dir='ltr'>δημιουργικὸν</span> 
     </span>
    </p>
   </div>
   <div class='ocr_carea' id='block_1_59' title="bbox 170 2712 963 2748">
    <p class='ocr_par' dir='ltr' id='par_1_59' title="bbox 170 2712 963 2748">
     <span class='ocr_line' id='line_1_59' title="bbox 170 2712 963 2748; baseline -0.001 -8"><span class='ocrx_word' id='word_1_525' title='bbox 170 2713 314 2748; x_wconf 76' lang='grc' dir='ltr'>δηλοῦται·</span> <span class='ocrx_word' id='word_1_526' title='bbox 327 2714 344 2748; x_wconf 85' lang='grc' dir='ltr'><strong>ή</strong></span> <span class='ocrx_word' id='word_1_527' title='bbox 358 2712 387 2740; x_wconf 78' lang='grc' dir='ltr'><strong>δὲ</strong></span> <span class='ocrx_word' id='word_1_528' title='bbox 402 2713 510 2747; x_wconf 83' lang='grc' dir='ltr'>Κύριος</span> <span class='ocrx_word' id='word_1_529' title='bbox 521 2713 664 2748; x_wconf 78' lang='grc' dir='ltr'>ὀνομασία,</span> <span class='ocrx_word' id='word_1_530' title='bbox 680 2712 810 2748; x_wconf 82' lang='grc' dir='ltr'>ἄρχοντος</span> <span class='ocrx_word' id='word_1_531' title='bbox 823 2715 871 2740; x_wconf 76' lang='grc' dir='ltr'><strong>καὶ</strong></span> <span class='ocrx_word' id='word_1_532' title='bbox 886 2713 963 2748; x_wconf 82' lang='grc' dir='ltr'>βασι-</span> 
     </span>
    </p>
   </div>
   <div class='ocr_carea' id='block_1_60' title="bbox 1051 745 1806 784">
    <p class='ocr_par' dir='ltr' id='par_1_60' title="bbox 1051 745 1806 784">
     <span class='ocr_line' id='line_1_60' title="bbox 1051 745 1806 784; baseline 0.009 -12"><span class='ocrx_word' id='word_1_533' title='bbox 1051 745 1120 773; x_wconf 85' lang='grc' dir='ltr'>Τιιιιι</span> <span class='ocrx_word' id='word_1_534' title='bbox 1132 746 1200 773; x_wconf 88' lang='lat' dir='ltr'><strong>vidit</strong></span> <span class='ocrx_word' id='word_1_535' title='bbox 1211 746 1284 775; x_wconf 82' lang='lat' dir='ltr'><strong>Deus</strong></span> <span class='ocrx_word' id='word_1_536' title='bbox 1296 747 1370 782; x_wconf 90' lang='lat' dir='ltr'><strong>quod</strong></span> <span class='ocrx_word' id='word_1_537' title='bbox 1382 748 1474 775; x_wconf 87' lang='lat' dir='ltr'><strong>omnia</strong></span> <span class='ocrx_word' id='word_1_538' title='bbox 1490 748 1590 783; x_wconf 87' lang='lat' dir='ltr'><strong>ubique</strong></span> <span class='ocrx_word' id='word_1_539' title='bbox 1601 750 1806 784; x_wconf 90' lang='lat' dir='ltr'><strong>pulchritudine</strong></span> 
     </span>
    </p>
   </div>
   <div class='ocr_carea' id='block_1_61' title="bbox 1016 792 1807 832">
    <p class='ocr_par' dir='ltr' id='par_1_61' title="bbox 1016 792 1807 832">
     <span class='ocr_line' id='line_1_61' title="bbox 1016 792 1807 832; baseline 0.009 -14"><span class='ocrx_word' id='word_1_540' title='bbox 1016 792 1145 819; x_wconf 89' lang='lat' dir='ltr'><strong>niterent.</strong></span> <span class='ocrx_word' id='word_1_541' title='bbox 1159 792 1237 825; x_wconf 85' lang='lat' dir='ltr'><strong>Quod</strong></span> <span class='ocrx_word' id='word_1_542' title='bbox 1260 793 1308 825; x_wconf 83' lang='lat' dir='ltr'><strong>ait,</strong></span> <span class='ocrx_word' id='word_1_543' title='bbox 1332 793 1451 826; x_wconf 79' lang='lat' dir='ltr'><strong>Vacavit,</strong></span> <span class='ocrx_word' id='word_1_544' title='bbox 1480 794 1592 822; x_wconf 84' lang='lat' dir='ltr'><strong>additur</strong></span> <span class='ocrx_word' id='word_1_545' title='bbox 1614 800 1643 823; x_wconf 93' lang='lat' dir='ltr'><strong>ut</strong></span> <span class='ocrx_word' id='word_1_546' title='bbox 1670 797 1807 832; x_wconf 79' lang='lat' dir='ltr'><strong>signiﬁcet</strong></span> 
     </span>
    </p>
   </div>
   <div class='ocr_carea' id='block_1_62' title="bbox 1015 838 1806 875">
    <p class='ocr_par' dir='ltr' id='par_1_62' title="bbox 1015 838 1806 875">
     <span class='ocr_line' id='line_1_62' title="bbox 1015 838 1806 875; baseline 0.008 -11"><span class='ocrx_word' id='word_1_547' title='bbox 1015 838 1187 873; x_wconf 79' lang='lat' dir='ltr'><strong>singulorum</strong></span> <span class='ocrx_word' id='word_1_548' title='bbox 1199 839 1366 873; x_wconf 78' lang='lat' dir='ltr'><strong>singularem</strong></span> <span class='ocrx_word' id='word_1_549' title='bbox 1381 839 1460 867; x_wconf 87' lang='lat' dir='ltr'><strong>ﬁnem</strong></span> <span class='ocrx_word' id='word_1_550' title='bbox 1475 844 1502 868; x_wconf 90' lang='lat' dir='ltr'><strong>et</strong></span> <span class='ocrx_word' id='word_1_551' title='bbox 1512 840 1649 875; x_wconf 81' lang='lat' dir='ltr'><strong>etl‘ectum,</strong></span> <span class='ocrx_word' id='word_1_552' title='bbox 1664 843 1736 870; x_wconf 90' lang='lat' dir='ltr'><strong>cuia</strong></span> <span class='ocrx_word' id='word_1_553' title='bbox 1748 843 1806 870; x_wconf 81' lang='lat' dir='ltr'><strong>Deo</strong></span> 
     </span>
    </p>
   </div>
   <div class='ocr_carea' id='block_1_63' title="bbox 1015 884 1804 924">
    <p class='ocr_par' dir='ltr' id='par_1_63' title="bbox 1015 884 1804 924">
     <span class='ocr_line' id='line_1_63' title="bbox 1015 884 1804 924; baseline 0.008 -14"><span class='ocrx_word' id='word_1_554' title='bbox 1015 889 1139 911; x_wconf 87' lang='lat' dir='ltr'><strong>creatore</strong></span> <span class='ocrx_word' id='word_1_555' title='bbox 1164 884 1300 911; x_wconf 87' lang='lat' dir='ltr'><strong>destinata</strong></span> <span class='ocrx_word' id='word_1_556' title='bbox 1322 890 1397 912; x_wconf 89' lang='lat' dir='ltr'><strong>sunt.</strong></span> <span class='ocrx_word' id='word_1_557' title='bbox 1419 886 1554 913; x_wconf 82' lang='lat' dir='ltr'><strong>Omnibus</strong></span> <span class='ocrx_word' id='word_1_558' title='bbox 1569 888 1702 921; x_wconf 82' lang='lat' dir='ltr'><strong>operibus</strong></span> <span class='ocrx_word' id='word_1_559' title='bbox 1728 888 1804 924; x_wconf 88' lang='lat' dir='ltr'><strong>adje-</strong></span> 
     </span>
    </p>
   </div>
   <div class='ocr_carea' id='block_1_64' title="bbox 1013 928 1805 965">
    <p class='ocr_par' dir='ltr' id='par_1_64' title="bbox 1013 928 1805 965">
     <span class='ocr_line' id='line_1_64' title="bbox 1013 928 1805 965; baseline 0.009 -10"><span class='ocrx_word' id='word_1_560' title='bbox 1013 928 1052 955; x_wconf 88' lang='lat' dir='ltr'><strong>cit</strong></span> <span class='ocrx_word' id='word_1_561' title='bbox 1071 937 1078 956; x_wconf 91' lang='lat'><strong>:</strong></span> <span class='ocrx_word' id='word_1_562' title='bbox 1095 939 1104 955; x_wconf 78' lang='grc' dir='ltr'><strong>ι</strong></span> <span class='ocrx_word' id='word_1_563' title='bbox 1120 928 1152 955; x_wconf 88' lang='grc' dir='ltr'><strong>Ει</strong></span> <span class='ocrx_word' id='word_1_564' title='bbox 1166 929 1266 956; x_wconf 79' lang='lat' dir='ltr'><strong>factum</strong></span> <span class='ocrx_word' id='word_1_565' title='bbox 1287 935 1340 963; x_wconf 89' lang='lat' dir='ltr'><strong>est,</strong></span> <span class='ocrx_word' id='word_1_566' title='bbox 1356 939 1366 956; x_wconf 76' lang='grc' dir='ltr'><strong>ι</strong></span> <span class='ocrx_word' id='word_1_567' title='bbox 1385 931 1486 965; x_wconf 85' lang='lat' dir='ltr'><strong>quibus</strong></span> <span class='ocrx_word' id='word_1_568' title='bbox 1508 931 1600 959; x_wconf 85' lang='lat' dir='ltr'><strong>verbis</strong></span> <span class='ocrx_word' id='word_1_569' title='bbox 1621 932 1740 961; x_wconf 86' lang='lat' dir='ltr'><strong>indicare</strong></span> <span class='ocrx_word' id='word_1_570' title='bbox 1754 941 1805 962; x_wconf 82' lang='lat' dir='ltr'><strong>vo-</strong></span> 
     </span>
    </p>
   </div>
   <div class='ocr_carea' id='block_1_65' title="bbox 1013 974 1804 1012">
    <p class='ocr_par' dir='ltr' id='par_1_65' title="bbox 1013 974 1804 1012">
     <span class='ocr_line' id='line_1_65' title="bbox 1013 974 1804 1012; baseline 0.009 -11"><span class='ocrx_word' id='word_1_571' title='bbox 1013 974 1075 1008; x_wconf 86' lang='lat' dir='ltr'><strong>luit,</strong></span> <span class='ocrx_word' id='word_1_572' title='bbox 1090 982 1160 1009; x_wconf 92' lang='lat' dir='ltr'><strong>opus</strong></span> <span class='ocrx_word' id='word_1_573' title='bbox 1188 982 1296 1010; x_wconf 74' lang='lat' dir='ltr'><strong>semper</strong></span> <span class='ocrx_word' id='word_1_574' title='bbox 1319 976 1497 1003; x_wconf 86' lang='lat' dir='ltr'><strong>subsecutum</strong></span> <span class='ocrx_word' id='word_1_575' title='bbox 1512 984 1574 1005; x_wconf 89' lang='lat' dir='ltr'><strong>esse</strong></span> <span class='ocrx_word' id='word_1_576' title='bbox 1594 977 1698 1012; x_wconf 80' lang='lat' dir='ltr'><strong>iussum</strong></span> <span class='ocrx_word' id='word_1_577' title='bbox 1713 984 1741 1007; x_wconf 90' lang='lat' dir='ltr'><strong>et</strong></span> <span class='ocrx_word' id='word_1_578' title='bbox 1756 987 1804 1008; x_wconf 86' lang='lat' dir='ltr'><strong>vo-</strong></span> 
     </span>
    </p>
   </div>
   <div class='ocr_carea' id='block_1_66' title="bbox 1013 1020 1803 1054">
    <p class='ocr_par' dir='ltr' id='par_1_66' title="bbox 1013 1020 1803 1054">
     <span class='ocr_line' id='line_1_66' title="bbox 1013 1020 1803 1054; baseline 0.01 -8"><span class='ocrx_word' id='word_1_579' title='bbox 1013 1020 1145 1048; x_wconf 82' lang='lat' dir='ltr'><strong>luntatem</strong></span> <span class='ocrx_word' id='word_1_580' title='bbox 1166 1021 1299 1048; x_wconf 89' lang='lat' dir='ltr'><strong>divinam.</strong></span> <span class='ocrx_word' id='word_1_581' title='bbox 1312 1021 1448 1049; x_wconf 70' lang='lat' dir='ltr'><strong>Cteterum</strong></span> <span class='ocrx_word' id='word_1_582' title='bbox 1466 1023 1493 1050; x_wconf 93' lang='lat' dir='ltr'><strong>in</strong></span> <span class='ocrx_word' id='word_1_583' title='bbox 1508 1024 1570 1050; x_wconf 67' lang='lat' dir='ltr'><strong>caeli</strong></span> <span class='ocrx_word' id='word_1_584' title='bbox 1584 1025 1724 1053; x_wconf 85' lang='lat' dir='ltr'><strong>creatione</strong></span> <span class='ocrx_word' id='word_1_585' title='bbox 1736 1034 1803 1054; x_wconf 91' lang='lat' dir='ltr'><strong>usus</strong></span> 
     </span>
    </p>
   </div>
   <div class='ocr_carea' id='block_1_67' title="bbox 1013 1067 1800 1105">
    <p class='ocr_par' dir='ltr' id='par_1_67' title="bbox 1013 1067 1800 1105">
     <span class='ocr_line' id='line_1_67' title="bbox 1013 1067 1800 1105; baseline 0.008 -11"><span class='ocrx_word' id='word_1_586' title='bbox 1013 1071 1056 1095; x_wconf 90' lang='lat' dir='ltr'><strong>est</strong></span> <span class='ocrx_word' id='word_1_587' title='bbox 1083 1067 1140 1095; x_wconf 91' lang='lat' dir='ltr'><strong>illis</strong></span> <span class='ocrx_word' id='word_1_588' title='bbox 1166 1068 1260 1096; x_wconf 86' lang='lat' dir='ltr'><strong>verbis</strong></span> <span class='ocrx_word' id='word_1_589' title='bbox 1277 1077 1283 1095; x_wconf 93' lang='lat'><strong>:</strong></span> <span class='ocrx_word' id='word_1_590' title='bbox 1300 1078 1309 1094; x_wconf 84' lang='grc' dir='ltr'><strong>ι</strong></span> <span class='ocrx_word' id='word_1_591' title='bbox 1332 1068 1365 1095; x_wconf 80' lang='lat' dir='ltr'><strong>Et</strong></span> <span class='ocrx_word' id='word_1_592' title='bbox 1382 1069 1448 1096; x_wconf 78' lang='lat' dir='ltr'><strong>fecit</strong></span> <span class='ocrx_word' id='word_1_593' title='bbox 1466 1068 1538 1097; x_wconf 89' lang='lat' dir='ltr'><strong>Deus</strong></span> <span class='ocrx_word' id='word_1_594' title='bbox 1561 1071 1773 1105; x_wconf 86' lang='lat' dir='ltr'><strong>ﬁrmamentum,</strong></span> <span class='ocrx_word' id='word_1_595' title='bbox 1790 1082 1800 1099; x_wconf 73' lang='grc' dir='ltr'><strong>ι</strong></span> 
     </span>
    </p>
   </div>
   <div class='ocr_carea' id='block_1_68' title="bbox 1013 1114 1804 1149">
    <p class='ocr_par' dir='ltr' id='par_1_68' title="bbox 1013 1114 1804 1149">
     <span class='ocr_line' id='line_1_68' title="bbox 1013 1114 1804 1149; baseline 0.008 -9"><span class='ocrx_word' id='word_1_596' title='bbox 1013 1121 1074 1149; x_wconf 64' lang='lat' dir='ltr'><strong>qua:</strong></span> <span class='ocrx_word' id='word_1_597' title='bbox 1090 1121 1144 1141; x_wconf 89' lang='lat' dir='ltr'><strong>non</strong></span> <span class='ocrx_word' id='word_1_598' title='bbox 1155 1114 1306 1141; x_wconf 88' lang='lat' dir='ltr'><strong>oscitanter</strong></span> <span class='ocrx_word' id='word_1_599' title='bbox 1317 1120 1344 1142; x_wconf 92' lang='lat' dir='ltr'><strong>et</strong></span> <span class='ocrx_word' id='word_1_600' title='bbox 1359 1115 1447 1142; x_wconf 81' lang='lat' dir='ltr'><strong>obiter</strong></span> <span class='ocrx_word' id='word_1_601' title='bbox 1461 1115 1602 1149; x_wconf 86' lang='lat' dir='ltr'><strong>interjecla</strong></span> <span class='ocrx_word' id='word_1_602' title='bbox 1617 1121 1689 1144; x_wconf 83' lang='lat' dir='ltr'><strong>sunt.</strong></span> <span class='ocrx_word' id='word_1_603' title='bbox 1710 1117 1804 1146; x_wconf 82' lang='lat' dir='ltr'><strong>Voluit</strong></span> 
     </span>
    </p>
   </div>
   <div class='ocr_carea' id='block_1_69' title="bbox 1012 1159 1803 1198">
    <p class='ocr_par' dir='ltr' id='par_1_69' title="bbox 1012 1159 1803 1198">
     <span class='ocr_line' id='line_1_69' title="bbox 1012 1159 1803 1198; baseline 0.008 -12"><span class='ocrx_word' id='word_1_604' title='bbox 1012 1160 1086 1187; x_wconf 89' lang='lat' dir='ltr'><strong>enim</strong></span> <span class='ocrx_word' id='word_1_605' title='bbox 1102 1159 1257 1191; x_wconf 87' lang='lat' dir='ltr'><strong>ostendere,</strong></span> <span class='ocrx_word' id='word_1_606' title='bbox 1269 1167 1324 1187; x_wconf 93' lang='lat' dir='ltr'><strong>non</strong></span> <span class='ocrx_word' id='word_1_607' title='bbox 1336 1160 1418 1187; x_wconf 81' lang='lat' dir='ltr'><strong>alium</strong></span> <span class='ocrx_word' id='word_1_608' title='bbox 1429 1161 1490 1187; x_wconf 63' lang='grc' dir='ltr'><strong>εαξη</strong></span> <span class='ocrx_word' id='word_1_609' title='bbox 1503 1169 1564 1189; x_wconf 89' lang='lat' dir='ltr'><strong>esse</strong></span> <span class='ocrx_word' id='word_1_610' title='bbox 1574 1163 1711 1197; x_wconf 77' lang='lat' dir='ltr'><strong>opificem,</strong></span> <span class='ocrx_word' id='word_1_611' title='bbox 1721 1171 1803 1198; x_wconf 84' lang='lat' dir='ltr'><strong>quant</strong></span> 
     </span>
    </p>
   </div>
   <div class='ocr_carea' id='block_1_70' title="bbox 1012 1205 1804 1240">
    <p class='ocr_par' dir='ltr' id='par_1_70' title="bbox 1012 1205 1804 1240">
     <span class='ocr_line' id='line_1_70' title="bbox 1012 1205 1804 1240; baseline 0.005 -7"><span class='ocrx_word' id='word_1_612' title='bbox 1012 1213 1087 1237; x_wconf 86' lang='lat' dir='ltr'><strong>eum,</strong></span> <span class='ocrx_word' id='word_1_613' title='bbox 1104 1207 1150 1240; x_wconf 90' lang='lat' dir='ltr'><strong>qui</strong></span> <span class='ocrx_word' id='word_1_614' title='bbox 1174 1205 1399 1240; x_wconf 71' lang='lat' dir='ltr'><strong>jusseritcmlum</strong></span> <span class='ocrx_word' id='word_1_615' title='bbox 1419 1206 1486 1233; x_wconf 84' lang='lat' dir='ltr'><strong>tieri.</strong></span> <span class='ocrx_word' id='word_1_616' title='bbox 1502 1206 1570 1234; x_wconf 89' lang='lat' dir='ltr'><strong>Cum</strong></span> <span class='ocrx_word' id='word_1_617' title='bbox 1591 1208 1617 1235; x_wconf 89' lang='lat' dir='ltr'><strong>id</strong></span> <span class='ocrx_word' id='word_1_618' title='bbox 1645 1210 1729 1236; x_wconf 80' lang='lat' dir='ltr'><strong>semel</strong></span> <span class='ocrx_word' id='word_1_619' title='bbox 1752 1217 1804 1238; x_wconf 83' lang='lat' dir='ltr'><strong>nos</strong></span> 
     </span>
    </p>
   </div>
   <div class='ocr_carea' id='block_1_71' title="bbox 1013 1251 1803 1290">
    <p class='ocr_par' dir='ltr' id='par_1_71' title="bbox 1013 1251 1803 1290">
     <span class='ocr_line' id='line_1_71' title="bbox 1013 1251 1803 1290; baseline 0.006 -12"><span class='ocrx_word' id='word_1_620' title='bbox 1013 1251 1148 1284; x_wconf 87' lang='lat' dir='ltr'><strong>docuerit,</strong></span> <span class='ocrx_word' id='word_1_621' title='bbox 1166 1251 1193 1278; x_wconf 94' lang='lat' dir='ltr'><strong>in</strong></span> <span class='ocrx_word' id='word_1_622' title='bbox 1206 1252 1319 1286; x_wconf 86' lang='lat' dir='ltr'><strong>reliquis</strong></span> <span class='ocrx_word' id='word_1_623' title='bbox 1333 1255 1375 1279; x_wconf 85' lang='lat' dir='ltr'><strong>sat</strong></span> <span class='ocrx_word' id='word_1_624' title='bbox 1390 1252 1471 1280; x_wconf 82' lang='lat' dir='ltr'><strong>habet</strong></span> <span class='ocrx_word' id='word_1_625' title='bbox 1486 1253 1588 1281; x_wconf 78' lang='lat' dir='ltr'><strong>dixisse</strong></span> <span class='ocrx_word' id='word_1_626' title='bbox 1601 1262 1607 1279; x_wconf 93' lang='lat'>:</span> <span class='ocrx_word' id='word_1_627' title='bbox 1627 1264 1636 1280; x_wconf 88' lang='grc'><em>‹</em></span> <span class='ocrx_word' id='word_1_628' title='bbox 1651 1253 1684 1281; x_wconf 88' lang='lat' dir='ltr'><strong>Et</strong></span> <span class='ocrx_word' id='word_1_629' title='bbox 1702 1255 1803 1290; x_wconf 83' lang='lat' dir='ltr'><strong>factum</strong></span> 
     </span>
    </p>
   </div>
   <div class='ocr_carea' id='block_1_72' title="bbox 1012 1296 1804 1334">
    <p class='ocr_par' dir='ltr' id='par_1_72' title="bbox 1012 1296 1804 1334">
     <span class='ocr_line' id='line_1_72' title="bbox 1012 1296 1804 1334; baseline 0.006 -11"><span class='ocrx_word' id='word_1_630' title='bbox 1012 1301 1063 1328; x_wconf 83' lang='lat' dir='ltr'><strong>est,</strong></span> <span class='ocrx_word' id='word_1_631' title='bbox 1080 1305 1089 1322; x_wconf 78' lang='grc' dir='ltr'><strong>ι</strong></span> <span class='ocrx_word' id='word_1_632' title='bbox 1108 1300 1228 1324; x_wconf 87' lang='lat' dir='ltr'><strong>attamen</strong></span> <span class='ocrx_word' id='word_1_633' title='bbox 1249 1301 1278 1323; x_wconf 94' lang='lat' dir='ltr'><strong>ut</strong></span> <span class='ocrx_word' id='word_1_634' title='bbox 1292 1296 1319 1323; x_wconf 93' lang='lat' dir='ltr'><strong>in</strong></span> <span class='ocrx_word' id='word_1_635' title='bbox 1333 1297 1450 1331; x_wconf 75' lang='lat' dir='ltr'><strong>singulis</strong></span> <span class='ocrx_word' id='word_1_636' title='bbox 1469 1297 1695 1334; x_wconf 67' lang='lat' dir='ltr'><strong>subintelligatur</strong></span> <span class='ocrx_word' id='word_1_637' title='bbox 1707 1306 1804 1328; x_wconf 82' lang='lat' dir='ltr'><strong>auctor</strong></span> 
     </span>
    </p>
   </div>
   <div class='ocr_carea' id='block_1_73' title="bbox 1012 1341 1802 1380">
    <p class='ocr_par' dir='ltr' id='par_1_73' title="bbox 1012 1341 1802 1380">
     <span class='ocr_line' id='line_1_73' title="bbox 1012 1341 1802 1380; baseline 0.005 -11"><span class='ocrx_word' id='word_1_638' title='bbox 1012 1345 1039 1369; x_wconf 90' lang='lat' dir='ltr'><strong>et</strong></span> <span class='ocrx_word' id='word_1_639' title='bbox 1052 1342 1172 1369; x_wconf 79' lang='lat' dir='ltr'><strong>emcieus</strong></span> <span class='ocrx_word' id='word_1_640' title='bbox 1184 1350 1267 1370; x_wconf 90' lang='lat' dir='ltr'><strong>causa</strong></span> <span class='ocrx_word' id='word_1_641' title='bbox 1283 1342 1363 1370; x_wconf 84' lang='lat' dir='ltr'><strong>Deus.</strong></span> <span class='ocrx_word' id='word_1_642' title='bbox 1378 1341 1454 1369; x_wconf 85' lang='lat' dir='ltr'><strong>Haud</strong></span> <span class='ocrx_word' id='word_1_643' title='bbox 1467 1344 1539 1370; x_wconf 91' lang='lat' dir='ltr'><strong>enim</strong></span> <span class='ocrx_word' id='word_1_644' title='bbox 1554 1345 1624 1373; x_wconf 88' lang='lat' dir='ltr'><strong>alius</strong></span> <span class='ocrx_word' id='word_1_645' title='bbox 1640 1345 1802 1380; x_wconf 85' lang='lat' dir='ltr'><strong>imperabat,</strong></span> 
     </span>
    </p>
   </div>
   <div class='ocr_carea' id='block_1_74' title="bbox 1012 1388 1804 1426">
    <p class='ocr_par' dir='ltr' id='par_1_74' title="bbox 1012 1388 1804 1426">
     <span class='ocr_line' id='line_1_74' title="bbox 1012 1388 1804 1426; baseline 0.008 -12"><span class='ocrx_word' id='word_1_646' title='bbox 1012 1393 1039 1414; x_wconf 86' lang='lat' dir='ltr'><strong>et</strong></span> <span class='ocrx_word' id='word_1_647' title='bbox 1058 1388 1128 1415; x_wconf 87' lang='lat' dir='ltr'><strong>alius</strong></span> <span class='ocrx_word' id='word_1_648' title='bbox 1143 1388 1255 1414; x_wconf 86' lang='lat' dir='ltr'><strong>creabat</strong></span> <span class='ocrx_word' id='word_1_649' title='bbox 1271 1396 1278 1414; x_wconf 89' lang='lat'><strong>:</strong></span> <span class='ocrx_word' id='word_1_650' title='bbox 1295 1392 1441 1422; x_wconf 89' lang='lat' dir='ltr'><strong>utrumque</strong></span> <span class='ocrx_word' id='word_1_651' title='bbox 1454 1389 1602 1423; x_wconf 71' lang='lat' dir='ltr'><strong>przestabat</strong></span> <span class='ocrx_word' id='word_1_652' title='bbox 1613 1389 1695 1423; x_wconf 88' lang='lat' dir='ltr'><strong>Deus,</strong></span> <span class='ocrx_word' id='word_1_653' title='bbox 1706 1399 1804 1426; x_wconf 85' lang='lat' dir='ltr'><strong>nempe</strong></span> 
     </span>
    </p>
   </div>
   <div class='ocr_carea' id='block_1_75' title="bbox 1011 1433 1802 1470">
    <p class='ocr_par' dir='ltr' id='par_1_75' title="bbox 1011 1433 1802 1470">
     <span class='ocr_line' id='line_1_75' title="bbox 1011 1433 1802 1470; baseline 0.005 -10"><span class='ocrx_word' id='word_1_654' title='bbox 1011 1433 1105 1460; x_wconf 84' lang='lat' dir='ltr'><strong>divina</strong></span> <span class='ocrx_word' id='word_1_655' title='bbox 1130 1433 1283 1460; x_wconf 84' lang='lat' dir='ltr'><strong>substantia</strong></span> <span class='ocrx_word' id='word_1_656' title='bbox 1312 1433 1412 1466; x_wconf 84' lang='lat' dir='ltr'><strong>Patris,</strong></span> <span class='ocrx_word' id='word_1_657' title='bbox 1434 1433 1497 1462; x_wconf 83' lang='lat' dir='ltr'><strong>Filii</strong></span> <span class='ocrx_word' id='word_1_658' title='bbox 1513 1441 1539 1462; x_wconf 88' lang='lat' dir='ltr'><strong>et</strong></span> <span class='ocrx_word' id='word_1_659' title='bbox 1554 1435 1674 1470; x_wconf 84' lang='lat' dir='ltr'><strong>Spiritus</strong></span> <span class='ocrx_word' id='word_1_660' title='bbox 1703 1438 1802 1465; x_wconf 84' lang='lat' dir='ltr'><strong>sancti.</strong></span> 
     </span>
    </p>
   </div>
   <div class='ocr_carea' id='block_1_76' title="bbox 1011 1479 1804 1516">
    <p class='ocr_par' dir='ltr' id='par_1_76' title="bbox 1011 1479 1804 1516">
     <span class='ocr_line' id='line_1_76' title="bbox 1011 1479 1804 1516; baseline 0.005 -10"><span class='ocrx_word' id='word_1_661' title='bbox 1011 1479 1051 1507; x_wconf 85' lang='lat' dir='ltr'><strong>Ne</strong></span> <span class='ocrx_word' id='word_1_662' title='bbox 1067 1479 1211 1514; x_wconf 77' lang='lat' dir='ltr'><strong>igiturtibi</strong></span> <span class='ocrx_word' id='word_1_663' title='bbox 1226 1479 1349 1508; x_wconf 85' lang='lat' dir='ltr'><strong>insolens</strong></span> <span class='ocrx_word' id='word_1_664' title='bbox 1369 1484 1396 1508; x_wconf 91' lang='lat' dir='ltr'><strong>et</strong></span> <span class='ocrx_word' id='word_1_665' title='bbox 1419 1480 1593 1516; x_wconf 79' lang='lat' dir='ltr'><strong>peregrinum</strong></span> <span class='ocrx_word' id='word_1_666' title='bbox 1619 1482 1755 1515; x_wconf 86' lang='lat' dir='ltr'><strong>videatur,</strong></span> <span class='ocrx_word' id='word_1_667' title='bbox 1778 1483 1804 1510; x_wconf 84' lang='lat' dir='ltr'><strong>si</strong></span> 
     </span>
    </p>
   </div>
   <div class='ocr_carea' id='block_1_77' title="bbox 1011 1525 1802 1562">
    <p class='ocr_par' dir='ltr' id='par_1_77' title="bbox 1011 1525 1802 1562">
     <span class='ocr_line' id='line_1_77' title="bbox 1011 1525 1802 1562; baseline 0.004 -10"><span class='ocrx_word' id='word_1_668' title='bbox 1011 1525 1142 1560; x_wconf 89' lang='lat' dir='ltr'><strong>deinceps</strong></span> <span class='ocrx_word' id='word_1_669' title='bbox 1158 1525 1255 1552; x_wconf 90' lang='lat' dir='ltr'><strong>audias</strong></span> <span class='ocrx_word' id='word_1_670' title='bbox 1267 1525 1365 1552; x_wconf 83' lang='lat' dir='ltr'><strong>Filium</strong></span> <span class='ocrx_word' id='word_1_671' title='bbox 1380 1525 1425 1552; x_wconf 89' lang='lat' dir='ltr'><strong>Dei</strong></span> <span class='ocrx_word' id='word_1_672' title='bbox 1439 1533 1546 1559; x_wconf 88' lang='lat' dir='ltr'><strong>eorum,</strong></span> <span class='ocrx_word' id='word_1_673' title='bbox 1562 1535 1622 1562; x_wconf 66' lang='lat' dir='ltr'><strong>qua.</strong></span> <span class='ocrx_word' id='word_1_674' title='bbox 1637 1527 1708 1555; x_wconf 82' lang='lat' dir='ltr'><strong>facta</strong></span> <span class='ocrx_word' id='word_1_675' title='bbox 1728 1533 1802 1562; x_wconf 88' lang='lat' dir='ltr'><strong>sunt,</strong></span> 
     </span>
    </p>
   </div>
   <div class='ocr_carea' id='block_1_78' title="bbox 1478 1571 1803 1606">
    <p class='ocr_par' dir='ltr' id='par_1_78' title="bbox 1478 1571 1803 1606">
     <span class='ocr_line' id='line_1_78' title="bbox 1478 1571 1803 1606; baseline 0.009 -9"><span class='ocrx_word' id='word_1_676' title='bbox 1478 1580 1487 1597; x_wconf 73' lang='grc' dir='ltr'><strong>ι</strong></span> <span class='ocrx_word' id='word_1_677' title='bbox 1506 1571 1588 1599; x_wconf 85' lang='lat' dir='ltr'><strong>Pater</strong></span> <span class='ocrx_word' id='word_1_678' title='bbox 1604 1580 1686 1606; x_wconf 78' lang='lat' dir='ltr'><strong>meus</strong></span> <span class='ocrx_word' id='word_1_679' title='bbox 1699 1573 1731 1600; x_wconf 90' lang='lat' dir='ltr'><strong>ad</strong></span> <span class='ocrx_word' id='word_1_680' title='bbox 1752 1573 1803 1601; x_wconf 83' lang='lat' dir='ltr'><strong>hoc</strong></span> 
     </span>
    </p>
   </div>
   <div class='ocr_carea' id='block_1_79' title="bbox 1015 1618 1802 1652">
    <p class='ocr_par' dir='ltr' id='par_1_79' title="bbox 1015 1618 1802 1652">
     <span class='ocr_line' id='line_1_79' title="bbox 1015 1618 1802 1652; baseline 0.005 -9"><span class='ocrx_word' id='word_1_681' title='bbox 1015 1623 1102 1651; x_wconf 88' lang='lat' dir='ltr'><strong>usque</strong></span> <span class='ocrx_word' id='word_1_682' title='bbox 1119 1622 1227 1651; x_wconf 88' lang='lat' dir='ltr'><strong>tempus</strong></span> <span class='ocrx_word' id='word_1_683' title='bbox 1252 1620 1391 1650; x_wconf 88' lang='lat' dir='ltr'><strong>operatur,</strong></span> <span class='ocrx_word' id='word_1_684' title='bbox 1408 1621 1435 1643; x_wconf 85' lang='lat' dir='ltr'><strong>et</strong></span> <span class='ocrx_word' id='word_1_685' title='bbox 1450 1624 1500 1652; x_wconf 79' lang='lat' dir='ltr'><strong>ego</strong></span> <span class='ocrx_word' id='word_1_686' title='bbox 1524 1625 1624 1652; x_wconf 86' lang='lat' dir='ltr'><strong>operor</strong></span> <span class='ocrx_word' id='word_1_687' title='bbox 1647 1619 1680 1646; x_wconf 83' lang='lat'><strong>&quot;.</strong></span> <span class='ocrx_word' id='word_1_688' title='bbox 1697 1628 1706 1644; x_wconf 77' lang='grc' dir='ltr'><strong>ι</strong></span> <span class='ocrx_word' id='word_1_689' title='bbox 1724 1618 1802 1652; x_wconf 87' lang='lat' dir='ltr'><strong>Quod</strong></span> 
     </span>
    </p>
   </div>
   <div class='ocr_carea' id='block_1_80' title="bbox 1014 1663 1802 1700">
    <p class='ocr_par' dir='ltr' id='par_1_80' title="bbox 1014 1663 1802 1700">
     <span class='ocr_line' id='line_1_80' title="bbox 1014 1663 1802 1700; baseline 0.006 -12"><span class='ocrx_word' id='word_1_690' title='bbox 1014 1663 1053 1689; x_wconf 84' lang='lat' dir='ltr'><strong>ait</strong></span> <span class='ocrx_word' id='word_1_691' title='bbox 1077 1670 1083 1688; x_wconf 94' lang='lat'>:</span> <span class='ocrx_word' id='word_1_692' title='bbox 1110 1673 1119 1689; x_wconf 78' lang='grc' dir='ltr'><strong>ι</strong></span> <span class='ocrx_word' id='word_1_693' title='bbox 1145 1663 1178 1690; x_wconf 87' lang='lat' dir='ltr'><strong>ad</strong></span> <span class='ocrx_word' id='word_1_694' title='bbox 1210 1665 1366 1697; x_wconf 86' lang='lat' dir='ltr'><strong>hocusque</strong></span> <span class='ocrx_word' id='word_1_695' title='bbox 1395 1667 1525 1698; x_wconf 89' lang='lat' dir='ltr'><strong>tempus,</strong></span> <span class='ocrx_word' id='word_1_696' title='bbox 1557 1672 1566 1690; x_wconf 74' lang='grc' dir='ltr'><strong>ι</strong></span> <span class='ocrx_word' id='word_1_697' title='bbox 1593 1665 1802 1700; x_wconf 76' lang='lat' dir='ltr'><strong>perpetuitatem</strong></span> 
     </span>
    </p>
   </div>
   <div class='ocr_carea' id='block_1_81' title="bbox 1013 1708 1801 1744">
    <p class='ocr_par' dir='ltr' id='par_1_81' title="bbox 1013 1708 1801 1744">
     <span class='ocr_line' id='line_1_81' title="bbox 1013 1708 1801 1744; baseline 0.003 -8"><span class='ocrx_word' id='word_1_698' title='bbox 1013 1708 1105 1744; x_wconf 85' lang='lat' dir='ltr'><strong>operis</strong></span> <span class='ocrx_word' id='word_1_699' title='bbox 1116 1708 1157 1735; x_wconf 89' lang='lat' dir='ltr'><strong>vel</strong></span> <span class='ocrx_word' id='word_1_700' title='bbox 1170 1709 1328 1736; x_wconf 90' lang='lat' dir='ltr'><strong>continuam</strong></span> <span class='ocrx_word' id='word_1_701' title='bbox 1348 1710 1536 1743; x_wconf 84' lang='lat' dir='ltr'><strong>operationem</strong></span> <span class='ocrx_word' id='word_1_702' title='bbox 1553 1710 1674 1738; x_wconf 84' lang='lat' dir='ltr'><strong>denotat.</strong></span> <span class='ocrx_word' id='word_1_703' title='bbox 1687 1710 1801 1743; x_wconf 86' lang='lat' dir='ltr'><strong>Verum,</strong></span> 
     </span>
    </p>
   </div>
   <div class='ocr_carea' id='block_1_82' title="bbox 1017 1756 1802 1790">
    <p class='ocr_par' dir='ltr' id='par_1_82' title="bbox 1017 1756 1802 1790">
     <span class='ocr_line' id='line_1_82' title="bbox 1017 1756 1802 1790; baseline 0.006 -10"><span class='ocrx_word' id='word_1_704' title='bbox 1017 1764 1026 1780; x_wconf 76' lang='grc' dir='ltr'><strong>ι</strong></span> <span class='ocrx_word' id='word_1_705' title='bbox 1046 1758 1178 1790; x_wconf 84' lang='lat' dir='ltr'><strong>operatur</strong></span> <span class='ocrx_word' id='word_1_706' title='bbox 1206 1759 1235 1782; x_wconf 85' lang='lat' dir='ltr'><strong>et</strong></span> <span class='ocrx_word' id='word_1_707' title='bbox 1261 1762 1371 1790; x_wconf 90' lang='lat' dir='ltr'><strong>operor,</strong></span> <span class='ocrx_word' id='word_1_708' title='bbox 1393 1764 1402 1780; x_wconf 72' lang='grc' dir='ltr'><strong>ι</strong></span> <span class='ocrx_word' id='word_1_709' title='bbox 1430 1756 1600 1790; x_wconf 87' lang='lat' dir='ltr'><strong>operationis</strong></span> <span class='ocrx_word' id='word_1_710' title='bbox 1628 1764 1802 1785; x_wconf 88' lang='lat' dir='ltr'><strong>communem</strong></span> 
     </span>
    </p>
   </div>
   <div class='ocr_carea' id='block_1_83' title="bbox 1014 1799 1800 1838">
    <p class='ocr_par' dir='ltr' id='par_1_83' title="bbox 1014 1799 1800 1838">
     <span class='ocr_line' id='line_1_83' title="bbox 1014 1799 1800 1838; baseline 0.004 -10"><span class='ocrx_word' id='word_1_711' title='bbox 1014 1801 1173 1828; x_wconf 85' lang='lat' dir='ltr'><strong>societatem</strong></span> <span class='ocrx_word' id='word_1_712' title='bbox 1212 1800 1339 1828; x_wconf 86' lang='lat' dir='ltr'><strong>edocent.</strong></span> <span class='ocrx_word' id='word_1_713' title='bbox 1374 1799 1406 1828; x_wconf 84' lang='lat' dir='ltr'><strong>Et</strong></span> <span class='ocrx_word' id='word_1_714' title='bbox 1431 1801 1531 1828; x_wconf 89' lang='lat' dir='ltr'><strong>iterum</strong></span> <span class='ocrx_word' id='word_1_715' title='bbox 1555 1802 1655 1830; x_wconf 85' lang='lat' dir='ltr'><strong>ibidem</strong></span> <span class='ocrx_word' id='word_1_716' title='bbox 1681 1802 1772 1838; x_wconf 90' lang='lat' dir='ltr'><strong>inquit</strong></span> <span class='ocrx_word' id='word_1_717' title='bbox 1792 1813 1800 1831; x_wconf 83' lang='lat'><strong>:</strong></span> 
     </span>
    </p>
   </div>
   <div class='ocr_carea' id='block_1_84' title="bbox 1016 1845 1803 1881">
    <p class='ocr_par' dir='ltr' id='par_1_84' title="bbox 1016 1845 1803 1881">
     <span class='ocr_line' id='line_1_84' title="bbox 1016 1845 1803 1881; baseline 0.008 -10"><span class='ocrx_word' id='word_1_718' title='bbox 1016 1855 1025 1871; x_wconf 73' lang='grc' dir='ltr'><strong>ε</strong></span> <span class='ocrx_word' id='word_1_719' title='bbox 1043 1845 1216 1881; x_wconf 65' lang='lat' dir='ltr'><strong>Quaecunque</strong></span> <span class='ocrx_word' id='word_1_720' title='bbox 1241 1846 1314 1873; x_wconf 91' lang='lat' dir='ltr'><strong>enitn</strong></span> <span class='ocrx_word' id='word_1_721' title='bbox 1343 1846 1389 1874; x_wconf 87' lang='lat' dir='ltr'><strong>ille</strong></span> <span class='ocrx_word' id='word_1_722' title='bbox 1406 1847 1513 1880; x_wconf 87' lang='lat' dir='ltr'><strong>tecerit,</strong></span> <span class='ocrx_word' id='word_1_723' title='bbox 1532 1847 1590 1875; x_wconf 62' lang='lat' dir='ltr'><strong>haec</strong></span> <span class='ocrx_word' id='word_1_724' title='bbox 1606 1848 1700 1876; x_wconf 81' lang='lat' dir='ltr'><strong>eadem</strong></span> <span class='ocrx_word' id='word_1_725' title='bbox 1718 1853 1746 1877; x_wconf 91' lang='lat' dir='ltr'><strong>et</strong></span> <span class='ocrx_word' id='word_1_726' title='bbox 1760 1849 1803 1876; x_wconf 82' lang='lat' dir='ltr'><strong>Fi-</strong></span> 
     </span>
    </p>
   </div>
   <div class='ocr_carea' id='block_1_85' title="bbox 1013 1891 1800 1927">
    <p class='ocr_par' dir='ltr' id='par_1_85' title="bbox 1013 1891 1800 1927">
     <span class='ocr_line' id='line_1_85' title="bbox 1013 1891 1800 1927; baseline 0.005 -9"><span class='ocrx_word' id='word_1_727' title='bbox 1013 1892 1067 1919; x_wconf 88' lang='lat' dir='ltr'><strong>lius</strong></span> <span class='ocrx_word' id='word_1_728' title='bbox 1079 1891 1144 1919; x_wconf 80' lang='lat' dir='ltr'><strong>facit</strong></span> <span class='ocrx_word' id='word_1_729' title='bbox 1158 1892 1286 1919; x_wconf 86' lang='lat' dir='ltr'><strong>similiter</strong></span> <span class='ocrx_word' id='word_1_730' title='bbox 1301 1892 1334 1919; x_wconf 68' lang='grc' dir='ltr'><strong>οδ.</strong></span> <span class='ocrx_word' id='word_1_731' title='bbox 1348 1902 1357 1918; x_wconf 76' lang='grc' dir='ltr'><strong>ι</strong></span> <span class='ocrx_word' id='word_1_732' title='bbox 1368 1892 1428 1920; x_wconf 85' lang='lat' dir='ltr'><strong>Non</strong></span> <span class='ocrx_word' id='word_1_733' title='bbox 1443 1893 1508 1920; x_wconf 86' lang='lat' dir='ltr'><strong>talia</strong></span> <span class='ocrx_word' id='word_1_734' title='bbox 1533 1893 1611 1927; x_wconf 91' lang='lat' dir='ltr'><strong>dicit,</strong></span> <span class='ocrx_word' id='word_1_735' title='bbox 1626 1893 1673 1921; x_wconf 87' lang='lat' dir='ltr'><strong>scd</strong></span> <span class='ocrx_word' id='word_1_736' title='bbox 1685 1895 1800 1922; x_wconf 82' lang='lat' dir='ltr'><strong>eadem:</strong></span> 
     </span>
    </p>
   </div>
   <div class='ocr_carea' id='block_1_86' title="bbox 1013 1938 1804 1974">
    <p class='ocr_par' dir='ltr' id='par_1_86' title="bbox 1013 1938 1804 1974">
     <span class='ocr_line' id='line_1_86' title="bbox 1013 1938 1804 1974; baseline 0.004 -8"><span class='ocrx_word' id='word_1_737' title='bbox 1013 1946 1068 1966; x_wconf 84' lang='lat' dir='ltr'><strong>non</strong></span> <span class='ocrx_word' id='word_1_738' title='bbox 1084 1938 1177 1973; x_wconf 88' lang='lat' dir='ltr'><strong>qualia</strong></span> <span class='ocrx_word' id='word_1_739' title='bbox 1204 1938 1306 1974; x_wconf 89' lang='lat' dir='ltr'><strong>inquit,</strong></span> <span class='ocrx_word' id='word_1_740' title='bbox 1327 1938 1375 1966; x_wconf 87' lang='lat' dir='ltr'><strong>sed</strong></span> <span class='ocrx_word' id='word_1_741' title='bbox 1399 1947 1467 1974; x_wconf 72' lang='lat' dir='ltr'><strong>qure.</strong></span> <span class='ocrx_word' id='word_1_742' title='bbox 1484 1939 1563 1973; x_wconf 82' lang='lat' dir='ltr'><strong>Quod</strong></span> <span class='ocrx_word' id='word_1_743' title='bbox 1583 1941 1742 1974; x_wconf 87' lang='lat' dir='ltr'><strong>adjunctum</strong></span> <span class='ocrx_word' id='word_1_744' title='bbox 1760 1946 1804 1969; x_wconf 87' lang='lat' dir='ltr'><strong>est</strong></span> 
     </span>
    </p>
   </div>
   <div class='ocr_carea' id='block_1_87' title="bbox 1013 1983 1802 2021">
    <p class='ocr_par' dir='ltr' id='par_1_87' title="bbox 1013 1983 1802 2021">
     <span class='ocr_line' id='line_1_87' title="bbox 1013 1983 1802 2021; baseline 0.004 -11"><span class='ocrx_word' id='word_1_745' title='bbox 1013 1983 1126 2011; x_wconf 87' lang='lat' dir='ltr'><strong>verbum</strong></span> <span class='ocrx_word' id='word_1_746' title='bbox 1141 1983 1236 2015; x_wconf 83' lang='lat' dir='ltr'><strong>videre,</strong></span> <span class='ocrx_word' id='word_1_747' title='bbox 1248 1984 1316 2012; x_wconf 87' lang='lat' dir='ltr'><strong>satis</strong></span> <span class='ocrx_word' id='word_1_748' title='bbox 1332 1983 1473 2012; x_wconf 78' lang='lat' dir='ltr'><strong>evidenter</strong></span> <span class='ocrx_word' id='word_1_749' title='bbox 1485 1990 1630 2017; x_wconf 82' lang='lat' dir='ltr'><strong>monstrat,</strong></span> <span class='ocrx_word' id='word_1_750' title='bbox 1650 1986 1721 2021; x_wconf 87' lang='lat' dir='ltr'><strong>quod</strong></span> <span class='ocrx_word' id='word_1_751' title='bbox 1734 1986 1802 2013; x_wconf 91' lang='lat' dir='ltr'><strong>nihil</strong></span> 
     </span>
    </p>
   </div>
   <div class='ocr_carea' id='block_1_88' title="bbox 1013 2029 1801 2067">
    <p class='ocr_par' dir='ltr' id='par_1_88' title="bbox 1013 2029 1801 2067">
     <span class='ocr_line' id='line_1_88' title="bbox 1013 2029 1801 2067; baseline 0.004 -11"><span class='ocrx_word' id='word_1_752' title='bbox 1013 2037 1119 2062; x_wconf 86' lang='lat' dir='ltr'><strong>eorum,</strong></span> <span class='ocrx_word' id='word_1_753' title='bbox 1136 2038 1197 2064; x_wconf 69' lang='lat' dir='ltr'><strong>qute</strong></span> <span class='ocrx_word' id='word_1_754' title='bbox 1221 2029 1302 2057; x_wconf 84' lang='lat' dir='ltr'><strong>Pater</strong></span> <span class='ocrx_word' id='word_1_755' title='bbox 1327 2029 1404 2062; x_wconf 81' lang='lat' dir='ltr'><strong>facit,</strong></span> <span class='ocrx_word' id='word_1_756' title='bbox 1419 2029 1516 2058; x_wconf 82' lang='lat' dir='ltr'><strong>Filium</strong></span> <span class='ocrx_word' id='word_1_757' title='bbox 1530 2031 1623 2058; x_wconf 88' lang='lat' dir='ltr'><strong>lateat.</strong></span> <span class='ocrx_word' id='word_1_758' title='bbox 1646 2031 1720 2059; x_wconf 88' lang='lat' dir='ltr'><strong>Satis</strong></span> <span class='ocrx_word' id='word_1_759' title='bbox 1734 2040 1801 2067; x_wconf 77' lang='lat' dir='ltr'><strong>pra:-</strong></span> 
     </span>
    </p>
   </div>
   <div class='ocr_carea' id='block_1_89' title="bbox 1013 2075 1802 2108">
    <p class='ocr_par' dir='ltr' id='par_1_89' title="bbox 1013 2075 1802 2108">
     <span class='ocr_line' id='line_1_89' title="bbox 1013 2075 1802 2108; baseline 0 -5"><span class='ocrx_word' id='word_1_760' title='bbox 1013 2080 1086 2103; x_wconf 87' lang='lat' dir='ltr'><strong>terea</strong></span> <span class='ocrx_word' id='word_1_761' title='bbox 1102 2075 1256 2103; x_wconf 88' lang='lat' dir='ltr'><strong>luculenter</strong></span> <span class='ocrx_word' id='word_1_762' title='bbox 1274 2075 1386 2108; x_wconf 85' lang='lat' dir='ltr'><strong>indicat,</strong></span> <span class='ocrx_word' id='word_1_763' title='bbox 1403 2083 1466 2103; x_wconf 91' lang='lat' dir='ltr'><strong>eum</strong></span> <span class='ocrx_word' id='word_1_764' title='bbox 1483 2076 1574 2102; x_wconf 87' lang='lat' dir='ltr'><strong>omnia</strong></span> <span class='ocrx_word' id='word_1_765' title='bbox 1591 2076 1729 2103; x_wconf 83' lang='lat' dir='ltr'><strong>voluntate</strong></span> <span class='ocrx_word' id='word_1_766' title='bbox 1743 2076 1802 2103; x_wconf 90' lang='lat' dir='ltr'><strong>sola</strong></span> 
     </span>
    </p>
   </div>
   <div class='ocr_carea' id='block_1_90' title="bbox 1013 2121 1803 2156">
    <p class='ocr_par' dir='ltr' id='par_1_90' title="bbox 1013 2121 1803 2156">
     <span class='ocr_line' id='line_1_90' title="bbox 1013 2121 1803 2156; baseline 0 -7"><span class='ocrx_word' id='word_1_767' title='bbox 1013 2130 1118 2150; x_wconf 89' lang='lat' dir='ltr'><strong>creare.</strong></span> <span class='ocrx_word' id='word_1_768' title='bbox 1142 2132 1151 2147; x_wconf 84' lang='lat'><strong>(</strong></span> <span class='ocrx_word' id='word_1_769' title='bbox 1171 2121 1270 2149; x_wconf 90' lang='lat' dir='ltr'><strong>Omnia</strong></span> <span class='ocrx_word' id='word_1_770' title='bbox 1290 2121 1364 2149; x_wconf 90' lang='lat' dir='ltr'><strong>enim</strong></span> <span class='ocrx_word' id='word_1_771' title='bbox 1389 2121 1523 2156; x_wconf 81' lang='lat' dir='ltr'><strong>(testatur</strong></span> <span class='ocrx_word' id='word_1_772' title='bbox 1541 2121 1715 2156; x_wconf 83' lang='lat' dir='ltr'><strong>Scriptura),</strong></span> <span class='ocrx_word' id='word_1_773' title='bbox 1741 2129 1803 2156; x_wconf 69' lang='lat' dir='ltr'><strong>quae</strong></span> 
     </span>
    </p>
   </div>
   <div class='ocr_carea' id='block_1_91' title="bbox 1012 2165 1802 2200">
    <p class='ocr_par' dir='ltr' id='par_1_91' title="bbox 1012 2165 1802 2200">
     <span class='ocr_line' id='line_1_91' title="bbox 1012 2165 1802 2200; baseline -0.001 -7"><span class='ocrx_word' id='word_1_774' title='bbox 1012 2166 1113 2198; x_wconf 90' lang='lat' dir='ltr'><strong>voluit,</strong></span> <span class='ocrx_word' id='word_1_775' title='bbox 1131 2166 1195 2193; x_wconf 80' lang='lat' dir='ltr'><strong>fecit</strong></span> <span class='ocrx_word' id='word_1_776' title='bbox 1210 2166 1244 2192; x_wconf 79' lang='grc'><strong>⁸⁸.</strong></span> <span class='ocrx_word' id='word_1_777' title='bbox 1265 2175 1273 2191; x_wconf 80' lang='grc' dir='ltr'><strong>ι</strong></span> <span class='ocrx_word' id='word_1_778' title='bbox 1293 2166 1362 2193; x_wconf 91' lang='lat' dir='ltr'><strong>Cum</strong></span> <span class='ocrx_word' id='word_1_779' title='bbox 1379 2165 1463 2200; x_wconf 78' lang='lat' dir='ltr'><strong>igitur</strong></span> <span class='ocrx_word' id='word_1_780' title='bbox 1478 2165 1505 2192; x_wconf 91' lang='lat' dir='ltr'><strong>in</strong></span> <span class='ocrx_word' id='word_1_781' title='bbox 1519 2166 1679 2192; x_wconf 86' lang='lat' dir='ltr'><strong>societatem</strong></span> <span class='ocrx_word' id='word_1_782' title='bbox 1694 2165 1802 2193; x_wconf 86' lang='lat' dir='ltr'><strong>consilii</strong></span> 
     </span>
    </p>
   </div>
   <div class='ocr_carea' id='block_1_92' title="bbox 1013 2211 1816 2246">
    <p class='ocr_par' dir='ltr' id='par_1_92' title="bbox 1013 2211 1816 2246">
     <span class='ocr_line' id='line_1_92' title="bbox 1013 2211 1816 2246; baseline -0.002 -6"><span class='ocrx_word' id='word_1_783' title='bbox 1013 2212 1218 2246; x_wconf 80' lang='lat' dir='ltr'><strong>voluntatisque</strong></span> <span class='ocrx_word' id='word_1_784' title='bbox 1234 2211 1407 2244; x_wconf 83' lang='lat' dir='ltr'><strong>adhibeatur,</strong></span> <span class='ocrx_word' id='word_1_785' title='bbox 1435 2219 1490 2238; x_wconf 92' lang='lat' dir='ltr'><strong>non</strong></span> <span class='ocrx_word' id='word_1_786' title='bbox 1510 2211 1664 2238; x_wconf 84' lang='lat' dir='ltr'><strong>excluditur</strong></span> <span class='ocrx_word' id='word_1_787' title='bbox 1678 2219 1816 2238; x_wconf 75' lang='lat' dir='ltr'><strong>commu-~</strong></span> 
     </span>
    </p>
   </div>
   <div class='ocr_carea' id='block_1_93' title="bbox 978 2245 1803 2294">
    <p class='ocr_par' dir='ltr' id='par_1_93' title="bbox 978 2245 1803 2294">
     <span class='ocr_line' id='line_1_93' title="bbox 978 2245 1803 2294; baseline -0.001 -7"><span class='ocrx_word' id='word_1_788' title='bbox 978 2245 1002 2274; x_wconf 71' lang='grc' dir='ltr'><strong>θ</strong></span> <span class='ocrx_word' id='word_1_789' title='bbox 1014 2259 1097 2287; x_wconf 89' lang='lat' dir='ltr'><strong>nione</strong></span> <span class='ocrx_word' id='word_1_790' title='bbox 1115 2262 1142 2287; x_wconf 89' lang='lat' dir='ltr'><strong>et</strong></span> <span class='ocrx_word' id='word_1_791' title='bbox 1170 2258 1340 2294; x_wconf 83' lang='lat' dir='ltr'><strong>operationis</strong></span> <span class='ocrx_word' id='word_1_792' title='bbox 1362 2258 1506 2287; x_wconf 76' lang='lat' dir='ltr'><strong>societate.</strong></span> <span class='ocrx_word' id='word_1_793' title='bbox 1530 2258 1589 2285; x_wconf 88' lang='lat' dir='ltr'><strong>Non</strong></span> <span class='ocrx_word' id='word_1_794' title='bbox 1616 2258 1691 2285; x_wconf 90' lang='lat' dir='ltr'><strong>enim</strong></span> <span class='ocrx_word' id='word_1_795' title='bbox 1707 2259 1757 2286; x_wconf 79' lang='lat' dir='ltr'><strong>abs</strong></span> <span class='ocrx_word' id='word_1_796' title='bbox 1773 2266 1803 2286; x_wconf 86' lang='lat' dir='ltr'><strong>re</strong></span> 
     </span>
    </p>
   </div>
   <div class='ocr_carea' id='block_1_94' title="bbox 1011 2304 1801 2339">
    <p class='ocr_par' dir='ltr' id='par_1_94' title="bbox 1011 2304 1801 2339">
     <span class='ocr_line' id='line_1_94' title="bbox 1011 2304 1801 2339; baseline 0 -7"><span class='ocrx_word' id='word_1_797' title='bbox 1011 2305 1077 2332; x_wconf 89' lang='lat' dir='ltr'><strong>illud</strong></span> <span class='ocrx_word' id='word_1_798' title='bbox 1093 2304 1217 2332; x_wconf 88' lang='lat' dir='ltr'><strong>additum</strong></span> <span class='ocrx_word' id='word_1_799' title='bbox 1232 2308 1285 2336; x_wconf 83' lang='lat' dir='ltr'><strong>est.</strong></span> <span class='ocrx_word' id='word_1_800' title='bbox 1302 2304 1356 2331; x_wconf 92' lang='lat' dir='ltr'><strong>imo</strong></span> <span class='ocrx_word' id='word_1_801' title='bbox 1373 2308 1404 2331; x_wconf 88' lang='lat' dir='ltr'><strong>ut</strong></span> <span class='ocrx_word' id='word_1_802' title='bbox 1419 2304 1578 2332; x_wconf 87' lang='lat' dir='ltr'><strong>ostenderet</strong></span> <span class='ocrx_word' id='word_1_803' title='bbox 1596 2305 1668 2339; x_wconf 86' lang='lat' dir='ltr'><strong>quod</strong></span> <span class='ocrx_word' id='word_1_804' title='bbox 1683 2312 1738 2332; x_wconf 88' lang='lat' dir='ltr'><strong>non</strong></span> <span class='ocrx_word' id='word_1_805' title='bbox 1753 2313 1801 2333; x_wconf 85' lang='lat' dir='ltr'><strong>so-</strong></span> 
     </span>
    </p>
   </div>
   <div class='ocr_carea' id='block_1_95' title="bbox 1011 2348 1803 2383">
    <p class='ocr_par' dir='ltr' id='par_1_95' title="bbox 1011 2348 1803 2383">
     <span class='ocr_line' id='line_1_95' title="bbox 1011 2348 1803 2383; baseline 0.001 -5"><span class='ocrx_word' id='word_1_806' title='bbox 1011 2351 1067 2378; x_wconf 91' lang='lat' dir='ltr'><strong>lum</strong></span> <span class='ocrx_word' id='word_1_807' title='bbox 1082 2349 1179 2378; x_wconf 86' lang='lat' dir='ltr'><strong>eadem</strong></span> <span class='ocrx_word' id='word_1_808' title='bbox 1195 2349 1308 2381; x_wconf 80' lang='lat' dir='ltr'><strong>faceret,</strong></span> <span class='ocrx_word' id='word_1_809' title='bbox 1321 2348 1369 2377; x_wconf 91' lang='lat' dir='ltr'><strong>sed</strong></span> <span class='ocrx_word' id='word_1_810' title='bbox 1384 2354 1412 2377; x_wconf 89' lang='lat' dir='ltr'><strong>et</strong></span> <span class='ocrx_word' id='word_1_811' title='bbox 1426 2350 1555 2378; x_wconf 85' lang='lat' dir='ltr'><strong>similiter</strong></span> <span class='ocrx_word' id='word_1_812' title='bbox 1565 2370 1573 2382; x_wconf 88' lang='lat'><strong>,</strong></span> <span class='ocrx_word' id='word_1_813' title='bbox 1593 2350 1622 2378; x_wconf 84' lang='lat' dir='ltr'><strong>id</strong></span> <span class='ocrx_word' id='word_1_814' title='bbox 1637 2355 1690 2383; x_wconf 89' lang='lat' dir='ltr'><strong>est,</strong></span> <span class='ocrx_word' id='word_1_815' title='bbox 1704 2352 1803 2379; x_wconf 62' lang='lat' dir='ltr'><strong>volun-</strong></span> 
     </span>
    </p>
   </div>
   <div class='ocr_carea' id='block_1_96' title="bbox 1011 2394 1800 2430">
    <p class='ocr_par' dir='ltr' id='par_1_96' title="bbox 1011 2394 1800 2430">
     <span class='ocr_line' id='line_1_96' title="bbox 1011 2394 1800 2430; baseline 0.003 -8"><span class='ocrx_word' id='word_1_816' title='bbox 1011 2399 1066 2422; x_wconf 89' lang='lat' dir='ltr'><strong>tate</strong></span> <span class='ocrx_word' id='word_1_817' title='bbox 1076 2400 1103 2422; x_wconf 88' lang='lat' dir='ltr'><strong>et</strong></span> <span class='ocrx_word' id='word_1_818' title='bbox 1118 2394 1251 2430; x_wconf 83' lang='lat' dir='ltr'><strong>potentia.</strong></span> <span class='ocrx_word' id='word_1_819' title='bbox 1263 2394 1336 2422; x_wconf 85' lang='lat' dir='ltr'><strong>Idem</strong></span> <span class='ocrx_word' id='word_1_820' title='bbox 1349 2398 1380 2421; x_wconf 87' lang='lat' dir='ltr'><strong>ut</strong></span> <span class='ocrx_word' id='word_1_821' title='bbox 1394 2395 1498 2422; x_wconf 81' lang='lat' dir='ltr'><strong>clarius</strong></span> <span class='ocrx_word' id='word_1_822' title='bbox 1515 2396 1685 2430; x_wconf 82' lang='lat' dir='ltr'><strong>explanaret,</strong></span> <span class='ocrx_word' id='word_1_823' title='bbox 1700 2396 1800 2424; x_wconf 80' lang='lat' dir='ltr'><strong>infert:</strong></span> 
     </span>
    </p>
   </div>
   <div class='ocr_carea' id='block_1_97' title="bbox 1015 2439 1800 2475">
    <p class='ocr_par' dir='ltr' id='par_1_97' title="bbox 1015 2439 1800 2475">
     <span class='ocr_line' id='line_1_97' title="bbox 1015 2439 1800 2475; baseline 0.003 -9"><span class='ocrx_word' id='word_1_824' title='bbox 1015 2449 1024 2466; x_wconf 80' lang='grc' dir='ltr'><strong>ι</strong></span> <span class='ocrx_word' id='word_1_825' title='bbox 1041 2440 1117 2468; x_wconf 89' lang='lat' dir='ltr'><strong>Sicut</strong></span> <span class='ocrx_word' id='word_1_826' title='bbox 1135 2440 1208 2467; x_wconf 85' lang='lat' dir='ltr'><strong>enim</strong></span> <span class='ocrx_word' id='word_1_827' title='bbox 1225 2439 1307 2467; x_wconf 81' lang='lat' dir='ltr'><strong>Pater</strong></span> <span class='ocrx_word' id='word_1_828' title='bbox 1337 2440 1453 2467; x_wconf 84' lang='lat' dir='ltr'><strong>suscitat</strong></span> <span class='ocrx_word' id='word_1_829' title='bbox 1481 2444 1606 2468; x_wconf 88' lang='lat' dir='ltr'><strong>ntortuos</strong></span> <span class='ocrx_word' id='word_1_830' title='bbox 1620 2445 1648 2468; x_wconf 92' lang='lat' dir='ltr'><strong>et</strong></span> <span class='ocrx_word' id='word_1_831' title='bbox 1669 2441 1800 2475; x_wconf 84' lang='lat' dir='ltr'><strong>viviﬁcat,</strong></span> 
     </span>
    </p>
   </div>
   <div class='ocr_carea' id='block_1_98' title="bbox 1012 2483 1803 2520">
    <p class='ocr_par' dir='ltr' id='par_1_98' title="bbox 1012 2483 1803 2520">
     <span class='ocr_line' id='line_1_98' title="bbox 1012 2483 1803 2520; baseline 0.004 -9"><span class='ocrx_word' id='word_1_832' title='bbox 1012 2485 1054 2512; x_wconf 90' lang='lat' dir='ltr'><strong>sic</strong></span> <span class='ocrx_word' id='word_1_833' title='bbox 1077 2488 1105 2512; x_wconf 90' lang='lat' dir='ltr'><strong>et</strong></span> <span class='ocrx_word' id='word_1_834' title='bbox 1120 2483 1207 2512; x_wconf 81' lang='lat' dir='ltr'><strong>Filius</strong></span> <span class='ocrx_word' id='word_1_835' title='bbox 1227 2492 1296 2518; x_wconf 84' lang='lat' dir='ltr'><strong>quos</strong></span> <span class='ocrx_word' id='word_1_836' title='bbox 1323 2484 1382 2511; x_wconf 87' lang='lat' dir='ltr'><strong>vult</strong></span> <span class='ocrx_word' id='word_1_837' title='bbox 1408 2483 1530 2511; x_wconf 86' lang='lat' dir='ltr'><strong>viviﬁcat</strong></span> <span class='ocrx_word' id='word_1_838' title='bbox 1552 2485 1594 2517; x_wconf 84' lang='lat'><strong>&quot;&#39;;</strong></span> <span class='ocrx_word' id='word_1_839' title='bbox 1617 2494 1626 2511; x_wconf 76' lang='grc' dir='ltr'><strong>ι</strong></span> <span class='ocrx_word' id='word_1_840' title='bbox 1650 2493 1711 2520; x_wconf 65' lang='lat' dir='ltr'><strong>quae</strong></span> <span class='ocrx_word' id='word_1_841' title='bbox 1726 2491 1803 2514; x_wconf 86' lang='lat' dir='ltr'><strong>certe</strong></span> 
     </span>
    </p>
   </div>
   <div class='ocr_carea' id='block_1_99' title="bbox 1013 2528 1800 2565">
    <p class='ocr_par' dir='ltr' id='par_1_99' title="bbox 1013 2528 1800 2565">
     <span class='ocr_line' id='line_1_99' title="bbox 1013 2528 1800 2565; baseline 0.003 -9"><span class='ocrx_word' id='word_1_842' title='bbox 1013 2529 1097 2556; x_wconf 79' lang='lat' dir='ltr'><strong>verba</strong></span> <span class='ocrx_word' id='word_1_843' title='bbox 1126 2529 1194 2557; x_wconf 87' lang='lat' dir='ltr'><strong>satis</strong></span> <span class='ocrx_word' id='word_1_844' title='bbox 1220 2529 1337 2556; x_wconf 83' lang='lat' dir='ltr'><strong>edocent</strong></span> <span class='ocrx_word' id='word_1_845' title='bbox 1348 2528 1411 2556; x_wconf 77' lang='lat' dir='ltr'><strong>Filii</strong></span> <span class='ocrx_word' id='word_1_846' title='bbox 1425 2537 1486 2556; x_wconf 88' lang='lat' dir='ltr'><strong>cum</strong></span> <span class='ocrx_word' id='word_1_847' title='bbox 1512 2528 1590 2557; x_wconf 89' lang='lat' dir='ltr'><strong>Patre</strong></span> <span class='ocrx_word' id='word_1_848' title='bbox 1605 2531 1800 2565; x_wconf 67' lang='lat' dir='ltr'><strong>aequalitatem.</strong></span> 
     </span>
    </p>
   </div>
   <div class='ocr_carea' id='block_1_100' title="bbox 1014 2575 1802 2612">
    <p class='ocr_par' dir='ltr' id='par_1_100' title="bbox 1014 2575 1802 2612">
     <span class='ocr_line' id='line_1_100' title="bbox 1014 2575 1802 2612; baseline 0.004 -10"><span class='ocrx_word' id='word_1_849' title='bbox 1014 2575 1091 2608; x_wconf 87' lang='lat' dir='ltr'><strong>Quod</strong></span> <span class='ocrx_word' id='word_1_850' title='bbox 1107 2575 1155 2607; x_wconf 88' lang='lat' dir='ltr'><strong>ait,</strong></span> <span class='ocrx_word' id='word_1_851' title='bbox 1177 2584 1187 2601; x_wconf 86' lang='grc'><strong>‹</strong></span> <span class='ocrx_word' id='word_1_852' title='bbox 1213 2582 1284 2610; x_wconf 85' lang='lat' dir='ltr'><strong>quos</strong></span> <span class='ocrx_word' id='word_1_853' title='bbox 1300 2575 1370 2607; x_wconf 86' lang='lat' dir='ltr'><strong>vult,</strong></span> <span class='ocrx_word' id='word_1_854' title='bbox 1387 2583 1397 2600; x_wconf 83' lang='grc'><strong>›</strong></span> <span class='ocrx_word' id='word_1_855' title='bbox 1417 2575 1609 2610; x_wconf 87' lang='lat' dir='ltr'><strong>accipiendum</strong></span> <span class='ocrx_word' id='word_1_856' title='bbox 1629 2581 1671 2604; x_wconf 90' lang='lat' dir='ltr'><strong>est</strong></span> <span class='ocrx_word' id='word_1_857' title='bbox 1691 2585 1740 2612; x_wconf 93' lang='lat' dir='ltr'><strong>pro</strong></span> <span class='ocrx_word' id='word_1_858' title='bbox 1757 2585 1802 2610; x_wconf 83' lang='lat' dir='ltr'><strong>eo,</strong></span> 
     </span>
    </p>
   </div>
   <div class='ocr_carea' id='block_1_101' title="bbox 1015 2620 1803 2657">
    <p class='ocr_par' dir='ltr' id='par_1_101' title="bbox 1015 2620 1803 2657">
     <span class='ocr_line' id='line_1_101' title="bbox 1015 2620 1803 2657; baseline 0.003 -9"><span class='ocrx_word' id='word_1_859' title='bbox 1015 2628 1047 2648; x_wconf 92' lang='lat' dir='ltr'><strong>ac</strong></span> <span class='ocrx_word' id='word_1_860' title='bbox 1061 2621 1083 2648; x_wconf 90' lang='lat' dir='ltr'><strong>si</strong></span> <span class='ocrx_word' id='word_1_861' title='bbox 1103 2621 1216 2653; x_wconf 85' lang='lat' dir='ltr'><strong>diceret,</strong></span> <span class='ocrx_word' id='word_1_862' title='bbox 1230 2621 1288 2648; x_wconf 84' lang='lat' dir='ltr'><strong>sola</strong></span> <span class='ocrx_word' id='word_1_863' title='bbox 1304 2620 1457 2648; x_wconf 84' lang='lat' dir='ltr'><strong>voluntate.</strong></span> <span class='ocrx_word' id='word_1_864' title='bbox 1475 2620 1546 2649; x_wconf 89' lang='lat' dir='ltr'><strong>llinc</strong></span> <span class='ocrx_word' id='word_1_865' title='bbox 1565 2622 1697 2657; x_wconf 73' lang='lat' dir='ltr'><strong>iubentur</strong></span> <span class='ocrx_word' id='word_1_866' title='bbox 1714 2623 1803 2657; x_wconf 87' lang='lat' dir='ltr'><strong>bapti-</strong></span> 
     </span>
    </p>
   </div>
   <div class='ocr_carea' id='block_1_102' title="bbox 1015 2666 1804 2702">
    <p class='ocr_par' dir='ltr' id='par_1_102' title="bbox 1015 2666 1804 2702">
     <span class='ocr_line' id='line_1_102' title="bbox 1015 2666 1804 2702; baseline 0.004 -9"><span class='ocrx_word' id='word_1_867' title='bbox 1015 2674 1117 2699; x_wconf 84' lang='lat' dir='ltr'><strong>smum,</strong></span> <span class='ocrx_word' id='word_1_868' title='bbox 1144 2666 1192 2701; x_wconf 85' lang='lat' dir='ltr'><strong>qui</strong></span> <span class='ocrx_word' id='word_1_869' title='bbox 1221 2670 1263 2693; x_wconf 91' lang='lat' dir='ltr'><strong>est</strong></span> <span class='ocrx_word' id='word_1_870' title='bbox 1289 2666 1443 2702; x_wconf 88' lang='lat' dir='ltr'><strong>syntbolum</strong></span> <span class='ocrx_word' id='word_1_871' title='bbox 1470 2674 1547 2694; x_wconf 76' lang='lat' dir='ltr'><strong>nova:</strong></span> <span class='ocrx_word' id='word_1_872' title='bbox 1577 2668 1736 2701; x_wconf 85' lang='lat' dir='ltr'><strong>creationis,</strong></span> <span class='ocrx_word' id='word_1_873' title='bbox 1752 2669 1804 2696; x_wconf 83' lang='lat' dir='ltr'><strong>rite</strong></span> 
     </span>
    </p>
   </div>
   <div class='ocr_carea' id='block_1_103' title="bbox 1019 2707 1803 2750">
    <p class='ocr_par' dir='ltr' id='par_1_103' title="bbox 1019 2707 1803 2750">
     <span class='ocr_line' id='line_1_103' title="bbox 1019 2707 1803 2750; baseline 0 -9"><span class='ocrx_word' id='word_1_874' title='bbox 1019 2721 1148 2749; x_wconf 79' lang='lat' dir='ltr'><strong>peragere</strong></span> <span class='ocrx_word' id='word_1_875' title='bbox 1165 2715 1193 2741; x_wconf 92' lang='lat' dir='ltr'><strong>in</strong></span> <span class='ocrx_word' id='word_1_876' title='bbox 1224 2713 1336 2741; x_wconf 89' lang='lat' dir='ltr'><strong>nomine</strong></span> <span class='ocrx_word' id='word_1_877' title='bbox 1367 2712 1468 2747; x_wconf 80' lang='lat' dir='ltr'><strong>Patris,</strong></span> <span class='ocrx_word' id='word_1_878' title='bbox 1496 2717 1524 2742; x_wconf 90' lang='lat' dir='ltr'><strong>et</strong></span> <span class='ocrx_word' id='word_1_879' title='bbox 1547 2707 1608 2742; x_wconf 84' lang='lat' dir='ltr'><strong>Filii</strong></span> <span class='ocrx_word' id='word_1_880' title='bbox 1627 2718 1654 2742; x_wconf 86' lang='lat' dir='ltr'><strong>et</strong></span> <span class='ocrx_word' id='word_1_881' title='bbox 1683 2714 1803 2750; x_wconf 82' lang='lat' dir='ltr'><strong>Spiritus</strong></span> 
     </span>
    </p>
   </div>
   <div class='ocr_carea' id='block_1_104' title="bbox 208 2781 962 2818">
    <p class='ocr_par' dir='ltr' id='par_1_104' title="bbox 208 2781 962 2818">
     <span class='ocr_line' id='line_1_104' title="bbox 208 2781 962 2818; baseline 0 -9"><span class='ocrx_word' id='word_1_882' title='bbox 208 2783 230 2798; x_wconf 81' lang='lat'><strong>&quot;</strong></span> <span class='ocrx_word' id='word_1_883' title='bbox 249 2783 316 2818; x_wconf 73' lang='lat' dir='ltr'><strong>Agg.</strong></span> <span class='ocrx_word' id='word_1_884' title='bbox 331 2791 362 2816; x_wconf 86' lang='grc' dir='ltr'><strong>ιι,</strong></span> <span class='ocrx_word' id='word_1_885' title='bbox 380 2782 405 2810; x_wconf 88' lang='grc'><strong>7.</strong></span> <span class='ocrx_word' id='word_1_886' title='bbox 444 2782 467 2799; x_wconf 79' lang='grc'>⁸³</span> <span class='ocrx_word' id='word_1_887' title='bbox 485 2781 565 2810; x_wconf 85' lang='lat' dir='ltr'><strong>Joan.</strong></span> <span class='ocrx_word' id='word_1_888' title='bbox 581 2790 597 2810; x_wconf 70' lang='grc' dir='ltr'><strong>ν</strong></span> <span class='ocrx_word' id='word_1_889' title='bbox 615 2782 658 2810; x_wconf 77' lang='grc'><strong>17.</strong></span> <span class='ocrx_word' id='word_1_890' title='bbox 696 2782 718 2799; x_wconf 70' lang='grc'><strong><em>⁵⁵</em></strong></span> <span class='ocrx_word' id='word_1_891' title='bbox 738 2782 807 2811; x_wconf 84' lang='lat' dir='ltr'><strong>Ibid.</strong></span> <span class='ocrx_word' id='word_1_892' title='bbox 828 2783 872 2810; x_wconf 72' lang='grc'><strong>19.</strong></span> <span class='ocrx_word' id='word_1_893' title='bbox 909 2784 932 2798; x_wconf 73' lang='grc'>⁸⁵</span> <span class='ocrx_word' id='word_1_894' title='bbox 948 2782 962 2809; x_wconf 71' lang='grc' dir='ltr'><strong>ι</strong></span> 
     </span>
    </p>
   </div>
   <div class='ocr_carea' id='block_1_105' title="bbox 1012 2781 1460 2818">
    <p class='ocr_par' dir='ltr' id='par_1_105' title="bbox 1015 2781 1460 2815">
     <span class='ocr_line' id='line_1_105' title="bbox 1015 2781 1460 2815; baseline -0.002 -5"><span class='ocrx_word' id='word_1_895' title='bbox 1015 2803 1022 2810; x_wconf 90' lang='grc'><em>.</em></span> <span class='ocrx_word' id='word_1_896' title='bbox 1040 2791 1144 2815; x_wconf 76' lang='lat' dir='ltr'><strong>cxvtn,</strong></span> <span class='ocrx_word' id='word_1_897' title='bbox 1167 2783 1194 2811; x_wconf 79' lang='lat'><strong>3.</strong></span> <span class='ocrx_word' id='word_1_898' title='bbox 1233 2783 1255 2799; x_wconf 76' lang='lat'><strong>“</strong></span> <span class='ocrx_word' id='word_1_899' title='bbox 1273 2781 1353 2810; x_wconf 87' lang='lat' dir='ltr'><strong>Joan.</strong></span> <span class='ocrx_word' id='word_1_900' title='bbox 1371 2790 1395 2814; x_wconf 88' lang='lat' dir='ltr'><strong>v,</strong></span> <span class='ocrx_word' id='word_1_901' title='bbox 1415 2781 1460 2809; x_wconf 70' lang='grc'><strong>21.</strong></span> 
     </span>
    </p>
   </div>
   <div class='ocr_carea' id='block_1_106' title="bbox 838 2849 1174 2878">
    <p class='ocr_par' dir='ltr' id='par_1_106' title="bbox 838 2849 1174 2878">
     <span class='ocr_line' id='line_1_106' title="bbox 838 2849 1174 2878; baseline 0.006 -2"><span class='ocrx_word' id='word_1_902' title='bbox 838 2849 953 2876; x_wconf 66' lang='lat' dir='ltr'><strong>VARI/EI</strong></span> <span class='ocrx_word' id='word_1_903' title='bbox 973 2849 1174 2878; x_wconf 58' lang='lat' dir='ltr'><strong>LECTIGNI‘IS.</strong></span> 
     </span>
    </p>
   </div>
   <div class='ocr_carea' id='block_1_107' title="bbox 211 2894 502 2931">
    <p class='ocr_par' dir='ltr' id='par_1_107' title="bbox 211 2894 502 2931">
     <span class='ocr_line' id='line_1_107' title="bbox 211 2894 502 2931; baseline 0.007 -9"><span class='ocrx_word' id='word_1_904' title='bbox 211 2894 220 2914; x_wconf 75' lang='grc' dir='ltr'>ι</span> <span class='ocrx_word' id='word_1_905' title='bbox 233 2895 302 2924; x_wconf 81' lang='lat' dir='ltr'><strong>Cod.</strong></span> <span class='ocrx_word' id='word_1_906' title='bbox 319 2895 502 2931; x_wconf 72' lang='grc' dir='ltr'>ὲπιζημώσει.</span> 
     </span>
    </p>
   </div>
  </div>
