2072 3157
160 179 193 212 81
713 183 984 213 CUMMENTARII
1002 182 1043 213 IN
1064 183 1234 214 GENESIN
1240 207 1247 215 .
1759 179 1794 210 82

157 240 212 267 tur,
230 235 267 270 si].
277 235 455 270 germinatio,
469 243 503 264 ex
519 236 724 272 germinatione
738 237 765 264 in
776 237 889 265 herbam
903 244 951 264 seu
970 244 1083 272 gramen
1101 238 1148 265 ﬁat
1175 244 1360 273 progressus:
1377 244 1490 272 gramen
1523 235 1724 263 incrementum
1745 243 1793 262 su-

156 288 235 309 tuens
247 281 278 309 ﬁt
294 281 406 310 fenum:
423 282 450 310 in
462 282 536 310 hunc
550 282 664 310 modum
677 283 797 315 cunctis,
816 290 877 318 qua:
892 286 964 310 terra
977 283 1094 318 profert,
1113 283 1247 318 paulatim
1273 290 1334 311 sese
1358 281 1569 317 perﬁcientihus
1586 301 1594 314 ,
1631 286 1658 308 et
1693 280 1727 307 ad
1745 281 1794 307 ltu-

156 326 241 354 ntinis
258 327 449 355 maturitatem
471 327 711 362 pervenientibus.
730 327 851 356 Proinde
879 333 993 356 secutus
1031 333 1074 357 est
1105 329 1231 356 ordinem
1268 336 1372 360 rerutn,
1402 328 1449 362 qui
1471 327 1604 362 deinceps
1629 334 1794 362 permansu-

157 380 205 399 rus
220 378 293 400 erat.
308 372 450 401 Germinet
462 378 535 402 terra
549 374 663 410 (inquit)
674 375 750 402 nulla
766 375 882 403 alterius
899 381 951 410 ope
969 375 1073 410 indiga.
1087 375 1256 410 Deusjussit
1271 379 1375 403 terram
1391 374 1490 401 vestiri
1505 373 1599 402 herbis
1630 378 1658 401 et
1690 372 1793 408 plantis

157 423 222 446 ante
237 420 406 447 creationem
423 420 492 448 solis
529 419 580 448 sed
605 427 638 448 ea
657 420 692 448 de
716 427 813 451 causa.
841 429 875 449 lle
900 422 964 456 quis
1000 422 1098 455 solem,
1113 422 1173 457 ejus
1195 421 1325 450 effectum
1352 422 1549 452 considerans,
1565 421 1592 447 in
1613 419 1727 447 deorttm
1745 427 1794 446 nu-

158 472 266 493 merum
305 465 429 497 referat,
451 466 645 502 religioneque
671 465 754 495 colat.
784 466 882 495 Herbae
906 472 934 496 et
973 469 1105 504 plantulze
1132 470 1305 505 antiquiores
1338 473 1422 500 sunt,
1449 469 1513 496 licet
1535 468 1616 503 vulgo
1651 471 1792 501 receptum

157 512 206 543 sit,
227 515 258 538 ut
276 511 424 540 credamus
440 512 511 540 istas
530 513 556 540 vi
569 513 660 540 calida
673 512 743 541 solis
757 520 790 541 ex
811 513 951 549 profundo
971 515 998 542 in
1017 515 1124 543 telluris
1141 515 1316 550 superﬁciem
1331 515 1452 543 evocari.

194 559 315 594 Βοτάνην
329 560 357 586 δὲ
369 560 467 595 χόρτου
487 560 520 588 τὰ
537 561 569 588 ὲκ
582 561 636 596 γῆς
652 561 776 597 φυόμενα
793 562 882 590 πάντα
901 572 953 589 κα-

1040 563 1159 591 Herbam
1188 563 1323 599 graminis
1349 568 1430 591 vocat
1457 562 1561 594 omnia,
1580 568 1641 596 quae
1666 568 1697 588 ex
1719 565 1793 588 terra

156 605 210 636 λετ.
226 607 281 634 εἴτε
296 606 471 642 αὐτομάτως,
485 606 541 634 εἴτε
554 608 721 643 σπειρόντων
743 607 833 644 ἡμῶν,
850 609 900 635 ὅσα
917 608 955 643 μὴ

1007 611 1184 645 proveniunt,
1201 610 1260 637 sive
1286 617 1336 637 sua
1356 613 1456 644 sponte
1473 609 1532 636 sive
1547 608 1693 639 seminata.
1710 611 1737 634 et
1755 607 1793 634 si-

158 651 239 685 ξύλου
261 652 422 688 μετέχοντα,
450 654 510 688 ἅμα
535 653 577 689 τῷ
599 656 752 690 παρασχεῖν
775 654 821 682 τὸν
854 656 955 682 οίκεῖον

1007 656 1061 683 mul
1086 663 1148 683 cum
1167 655 1258 683 fructu
1279 655 1444 682 auferuntur
1462 655 1495 682 de
1509 654 1657 688 superﬁcie
1673 653 1791 680 telluris.

157 697 269 732 καρπὸν
284 698 443 733 ἀφαιρεῖται
464 699 514 734 τῆς
535 700 598 735 γῆς,
620 701 718 736 χόρτου
731 701 794 728 τινὰ
808 701 884 735 τάξιν
897 703 956 733 τοῖς

156 744 314 779 ἀνθρώποις
325 744 485 780 πληροῦνται
495 752 502 760 ”
512 745 550 778 ὡς
561 746 656 780 ἕτερον
671 747 790 783 καρπὸν,
804 748 829 774 εί
846 747 892 774 καὶ
905 747 955 782 μέ-

157 798 211 821 νοι,
230 790 268 825 μὴ
281 790 415 826 παρέχειν
432 791 584 826 δυνάμενα.
602 791 712 818 Τούτων
727 792 782 828 γὰρ
798 792 867 828 πρὸς
885 792 956 820 ἀντι-

155 835 292 872 διαίρεσιν
310 837 435 872 ἐπήγαγε
449 837 491 870 τὸ,
504 846 514 863 ι
529 837 586 864 Καὶ
598 836 677 870 ξύλον
696 837 837 874 κάρπιμον
860 837 956 865 ποιοῦν

158 882 267 917 καρπόν
280 890 287 896 ’
302 892 311 908 ›
326 883 372 910 ἐπὶ
387 883 442 918 γὰρ
457 883 562 911 τούτων
573 884 621 911 τοῦ
629 884 737 920 καρποῦ
749 884 897 920 ληφθέντος
908 884 956 920 μέ-

156 938 200 956 νει
213 929 243 956 τὸ
259 929 380 965 δένδρον,
401 930 449 956 τὸν
473 929 556 957 αὐτὸν
581 930 611 956 ὲν
631 930 671 965 τῷ
695 930 845 966 καθήκοντι
865 931 956 966 καιρῷ

154 975 217 1006 τοῖς
234 975 392 1010 ἀνθρώποις
415 976 537 1011 παρέχον
555 976 671 1012 καρπόν.
700 974 762 1003 Οἵδε
787 976 837 1012 μὲν
852 976 899 1004 οὖν
912 976 957 1004 λέ-

155 1029 218 1055 γειν
231 1023 248 1056 ἡ
262 1021 359 1058 Γραφὴ
376 1023 424 1050 καὶ
437 1023 485 1050 ἐπὶ
499 1022 555 1050 τῶν
570 1022 752 1058 γεννημάτων
767 1023 813 1050 τὸν
827 1024 935 1057 καρπόν
947 1033 954 1038 -

157 1075 169 1093 ι
183 1067 240 1094 Καὶ
254 1067 367 1103 ἐποίησε
380 1068 487 1103 καρπον
498 1067 546 1095 τοῦ
552 1068 748 1104 γεννήματοῇι
765 1068 957 1099 λέγουσα.Ὲν-

153 1111 246 1141 ταῦθσ
252 1112 281 1139 δὲ
287 1113 355 1148 πρὸς
361 1113 510 1148 ἀντιδιαίρε
514 1121 556 1140 σιν
562 1112 669 1148 εἴρηται
675 1113 721 1140 τοῦ
732 1123 741 1139 ι
752 1115 863 1149 σπεῖρον
871 1115 922 1141 σπέ
925 1123 956 1149 ρ-

155 1167 196 1193 μα
208 1166 216 1173 ·
224 1168 234 1184 r
246 1159 261 1185 ό
273 1159 328 1194 γὰρ
341 1158 446 1186 τούτων
458 1159 577 1196 καρπὸς,
588 1159 748 1195 κριϐῆςλιιιῖ¹
757 1160 831 1187 σίτου
840 1161 888 1187 καὶ
902 1161 956 1187 τῶν

153 1204 359 1240 ἇλλωνμρημὶ,
384 1205 497 1241 σπέρμα
521 1205 629 1240 γίνεται
647 1205 717 1240 πρὸς
738 1205 787 1241 τὴν
810 1206 850 1238 εἰς
877 1203 956 1237 αὖθις

154 1250 340 1286 σποράν.Καὶ
357 1259 366 1276 t
381 1240 453 1278 κατᾷ
475 1251 554 1285 γένος
575 1260 585 1277 ι
598 1251 694 1286 φησιν·
723 1251 817 1287 ἐπειδὴ
845 1251 956 1287 σπέρμα
972 1240 993 1267 Β

154 1296 275 1322 ἕκαστον
287 1295 318 1323 τὸ
328 1297 429 1324 οἰκεῖον
442 1297 609 1324 ἀποδίδωσιν
624 1296 694 1329 εἶδος
705 1298 733 1324 ὲν
748 1299 805 1330 τοῖς
818 1297 848 1330 ἐξ
866 1297 950 1324 αὑτοῦ

155 1343 317 1378 γινομένοις
329 1345 457 1380 καρποῖς.
477 1344 509 1370 Εἰ
529 1344 556 1370 δέ
571 1353 614 1376 τις
628 1344 734 1378 γένοιτο
747 1343 844 1372 τούτου
866 1353 956 1379 παρα-

156 1389 260 1426 τροπὴ,
279 1390 424 1426 ἀναδοθείη
447 1390 477 1417 δὲ
490 1390 572 1426 τυχὸν
601 1389 686 1426 μέλας
705 1392 737 1417 ὲκ
750 1390 797 1418 τοῦ
816 1391 890 1417 σίτου
905 1399 956 1417 πυ-

158 1437 218 1473 ρὸς,
237 1437 287 1472 οὐχ
309 1437 403 1473 ἕτερον
419 1438 498 1472 γένος
508 1438 592 1470 ἐστὶν,
610 1438 692 1464 οίονεὶ
704 1438 734 1464 δὲ
747 1438 826 1470 νόσος
842 1446 885 1469 τις
905 1438 954 1465 καὶ

157 1482 304 1518 ἀρῥωστία
320 1482 366 1510 τοῦ
383 1483 541 1518 σπέρματος
553 1491 559 1497 ·
578 1483 716 1518 ὲμελάνθη
741 1483 797 1518 γὰρ
812 1483 955 1519 περικαεὶς

157 1530 192 1563 τῇ
212 1527 260 1554 τοῦ
287 1527 389 1564 κρύους
413 1527 562 1564 ὑπερὸολῇ.
588 1526 743 1564 Τοιγαροῦν
770 1527 885 1563 λέγεται
902 1529 956 1564 γῆς

158 1574 320 1610 ἐπιτηδείας
332 1575 381 1601 καὶ
397 1575 538 1610 εὐκράτων
556 1574 645 1610 ἀέρων
663 1574 871 1610 ἐπιλαϐόμενος,
885 1575 955 1610 πρὸς

157 1621 190 1647 τὸ
205 1621 322 1655 ἀρχαῖον
336 1619 404 1653 εἶδος
417 1620 566 1648 ἐπανιέναι.
579 1620 612 1647 Ἢ
626 1621 654 1646 δὲ
672 1620 807 1656 λεγομένη
824 1618 893 1653 αΤρα
907 1620 956 1647 καὶ

159 1667 214 1694 ὅσα
239 1667 321 1693 λοιπὰ
347 1666 413 1694 νόθα
439 1666 596 1702 σπέρματα.
619 1666 638 1694 ἃ.
659 1665 692 1702 δὴ
707 1665 818 1697 ᾇζάνιά
832 1675 915 1702 φησιν
937 1668 954 1702 ὴ

160 1712 274 1747 Γραφὴ,
291 1712 342 1739 οὐκ
370 1712 404 1739 ὲκ
419 1711 469 1747 τῆς
494 1711 541 1739 τοῦ
559 1712 634 1738 σίτου
658 1711 821 1747 μεταϐολῆς,
851 1712 910 1739 ἀλλ’
927 1711 956 1746 ἐξ

159 1759 269 1791 οἰκείας
282 1758 371 1794 ἀρχῆς
388 1758 505 1793 ὑπέστη,
527 1757 594 1785 ἴδιον
608 1757 705 1793 ἔχοντα
717 1757 796 1792 γένος
808 1766 814 1772 ·
832 1757 903 1794 ἅπερ
917 1759 957 1784 εί-

161 1804 232 1831 κόνα
247 1803 325 1839 φέρει
339 1803 391 1838 τῆς
405 1801 460 1830 τῶν
477 1802 725 1838 ἐτεροδιδασκάλων
743 1802 812 1838 πρὸς
830 1803 860 1829 τὺ
877 1803 959 1838 σῶμα

160 1850 215 1885 τῆς
231 1849 398 1886 Ἐκκλησίας
411 1849 628 1884 ὲγκαταμίξεως.

1005 699 1066 728 Huc
1091 700 1248 728 referantur
1278 704 1305 727 et
1323 700 1370 726 illa
1386 707 1448 734 qttte
1471 698 1525 726 feni
1559 706 1639 726 usunt
1673 697 1814 725 ltomini-.

1005 746 1057 773 bus
1084 749 1228 780 praestant,
1256 744 1335 780 quasi
1364 744 1449 771 alium
1475 751 1531 771 non
1561 743 1723 771 contineant
1750 743 1792 770 vel

1005 792 1129 827 pratbere
1155 792 1264 827 possint
1292 790 1424 823 fructum,
1441 790 1493 818 etsi
1522 797 1577 817 non
1606 789 1792 817 demetantur.

989 839 1141 866 Caeterum
1157 839 1191 865 ad
1211 839 1309 865 ltorutn
1330 837 1513 865 differentiam
1528 836 1646 868 induxit,
1666 843 1729 871 quae
1750 843 1793 863 se-

1005 888 1150 919 quuntur:
1169 892 1179 909 ι
1217 883 1250 910 Et
1278 883 1383 918 lignum
1413 881 1578 917 frugiferum
1606 881 1711 909 faciens
1732 881 1792 908 fru-

1005 935 1090 958 ctum.
1111 939 1121 955 ι
1141 929 1208 956 Nam
1227 929 1280 957 etsi
1297 929 1387 964 pomis
1399 932 1537 956 cluantur
1554 931 1580 955 et
1597 928 1677 962 quasi
1691 927 1793 962 despo-

1006 975 1109 1003 lientur
1127 974 1251 1006 arbores,
1272 977 1392 1001 attamen
1411 973 1503 1000 arbori
1519 973 1588 1000 nihil
1606 971 1793 999 incommoda-

1006 1025 1073 1049 tur:
1093 1020 1193 1048 eadem
1215 1019 1332 1048 subinde
1347 1023 1489 1054 permanet
1515 1025 1565 1046 suo
1591 1022 1716 1052 tentpore
1740 1017 1792 1044 ite-

1006 1075 1068 1095 rum
1090 1067 1252 1094 mortalibus
1277 1065 1386 1093 fructus
1401 1065 1519 1093 donans.
1542 1065 1623 1092 Novit
1650 1064 1792 1098 Scriptura

1006 1118 1030 1142 et
1049 1113 1083 1140 de
1096 1112 1267 1148 graminibus
1281 1112 1431 1146 prtedicare
1443 1112 1572 1138 fructum.
1593 1110 1732 1146 Siquidem
1749 1110 1792 1136 in-

1006 1160 1066 1195 qttit
1082 1168 1090 1187 :
1111 1159 1186 1186 Fecit
1204 1158 1276 1186 Deus
1292 1158 1413 1185 fructum
1428 1157 1571 1193 germinis,
1584 1157 1626 1184 vel
1647 1157 1792 1192 graminis.

1005 1206 1144 1234 Caeterum
1167 1209 1195 1233 et
1210 1205 1263 1232 hoc
1288 1204 1451 1232 diﬂ‘erentiaa
1479 1204 1567 1239 gratia
1585 1203 1696 1231 dicitur.
1712 1203 1794 1229 Ponit

1007 1252 1108 1280 etenim
1130 1252 1335 1279 distinctionem
1352 1251 1423 1278 inter
1435 1257 1548 1286 gramen
1559 1249 1613 1286 24
1624 1250 1665 1276 vel
1680 1249 1792 1277 herbam

1006 1297 1229 1330 fructiﬁcantem,
1247 1302 1274 1325 et
1297 1298 1369 1324 inter
1384 1297 1510 1328 herbam,
1539 1305 1601 1332 quae
1626 1297 1730 1323 nullum
1748 1303 1793 1323 se-

1006 1352 1069 1372 cum
1087 1344 1218 1376 fructum,
1234 1349 1333 1379 praeter
1350 1351 1456 1376 semen,
1483 1343 1570 1371 uﬂ'ert.
1596 1342 1708 1374 Hordei,
1735 1341 1794 1368 fru-

1006 1392 1102 1424 menti,
1120 1392 1293 1425 aliorumque
1309 1398 1364 1418 non
1392 1387 1568 1418 dissimilium
1595 1389 1703 1415 fructus
1727 1387 1804 1422 quid.

1005 1437 1080 1465 aliud
1102 1437 1217 1470 dixeris,
1236 1444 1317 1472 quant
1344 1443 1436 1464 semen
1466 1435 1538 1470 quod
1565 1434 1664 1462 deinde
1693 1434 1792 1460 iterum

1006 1483 1189 1511 committitur
1203 1482 1298 1515 sulcis,
1320 1487 1348 1509 ut
1364 1490 1460 1510 eorunt
1486 1481 1576 1508 fructu
1595 1481 1716 1507 humana
1738 1480 1793 1506 vita

1006 1529 1173 1564 adjuvetur?
1187 1528 1266 1562 Quod
1279 1529 1368 1563 inquit
1383 1537 1390 1555 :
1406 1537 1414 1553 ι
1430 1527 1589 1555 Secundum
1603 1534 1700 1561 genus,
1715 1535 1724 1551 ι
1738 1530 1794 1552 etc.

1007 1576 1148 1612 Siquidem
1165 1576 1274 1612 singula
1290 1576 1395 1604 sentina
1418 1582 1496 1602 suam
1525 1573 1644 1601 reddunt
1672 1572 1792 1607 speciem

1006 1623 1034 1650 itt
1049 1623 1199 1655 fructibus,
1222 1622 1269 1658 qui
1294 1629 1327 1649 ex
1350 1621 1501 1648 seminibus
1522 1619 1724 1656 percipiuntur.
1744 1616 1795 1644 Sin

1006 1673 1097 1695 autem
1111 1669 1205 1703 aliqua
1231 1667 1379 1703 contigerit
1402 1667 1530 1698 mutatio,
1554 1666 1670 1697 scilicet,
1690 1665 1714 1692 si
1735 1663 1794 1691 fru-

1005 1715 1103 1748 menti,
1120 1715 1193 1749 qttod
1213 1715 1331 1750 emergit
1353 1721 1386 1742 ex
1412 1714 1495 1741 hutno
1512 1721 1627 1748 granum
1647 1712 1732 1740 fuerit
1750 1712 1793 1739 ni-

1006 1768 1097 1796 grum,
1114 1769 1168 1788 non
1192 1760 1268 1788 aliud
1293 1768 1381 1796 genus
1406 1763 1460 1792 est,
1491 1760 1538 1787 sed
1566 1759 1646 1794 quasi
1680 1758 1794 1786 morbus

1006 1805 1156 1840 quispiam,
1174 1810 1201 1832 et
1218 1805 1366 1832 inﬁrmitas
1381 1804 1498 1832 seminis
1516 1811 1576 1832 esse
1598 1807 1719 1838 putatur.
1747 1802 1795 1829 Ni-

1005 1859 1084 1886 grum
1096 1851 1169 1878 enim
1185 1851 1306 1879 colorem
1328 1851 1414 1878 traxit
1434 1851 1527 1878 laesum
1548 1851 1640 1885 iniqua
1659 1850 1700 1877 vel
1716 1857 1795 1884 aspe-

162 1905 194 1923 ra
211 1895 277 1923 caeli
290 1895 463 1930 intemperie.
476 1894 597 1922 Proinde
615 1894 727 1926 dicitur,
745 1894 768 1922 si
787 1895 886 1922 bonam
901 1899 1001 1923 terram
1026 1897 1085 1925 sive
1104 1897 1218 1925 uberem
1261 1897 1346 1925 fuerit
1373 1901 1495 1928 nactum,
1539 1902 1705 1931 temperans'
1732 1904 1793 1923 mo-

162 1944 319 1978 derataqne
333 1942 468 1970 afﬂaverit
493 1942 584 1977 ipsum
604 1949 683 1975 aura,
709 1942 768 1970 fore
788 1946 818 1969 ttt
841 1942 875 1970 ad
909 1944 1053 1978 antiquam
1091 1947 1185 1973 redeat
1217 1945 1334 1973 formam
1361 1953 1478 1980 eamque
1503 1936 1631 1979 recipiat.
1657 1944 1793 1972 Caeterum

162 1989 317 2025 degeneres
331 1989 426 2017 herbae
436 1994 464 2017 et
473 1989 644 2020 adulterinae.
661 1997 729 2024 quas
745 1988 889 2024 Scriptura
904 1995 984 2018 vocat
996 1991 1090 2019 lolium
1102 2000 1112 2020 :
1128 2000 1179 2020 ttee
1194 1999 1249 2020 non
1281 1993 1398 2025 semina,
1430 1999 1492 2027 qua;
1520 1992 1614 2019 eadem
1651 1991 1794 2025 Scriptura

161 2035 287 2071 appellat
313 2036 442 2067 zizania.
470 2044 526 2063 non
546 2042 580 2063 ex
610 2035 743 2064 frumenti
775 2034 1020 2065 trausformatione
1053 2039 1230 2074 gignuntur,
1260 2039 1309 2067 sed
1335 2047 1369 2067 ex
1401 2038 1513 2074 proprio
1540 2038 1659 2073 quodam
1699 2041 1793 2064 exorta

161 2086 234 2109 sunt
260 2082 407 2117 principio.
438 2082 577 2116 peculiare
602 2081 733 2109 habentia
759 2089 860 2116 genus.
886 2083 920 2109 At
955 2088 1052 2119 typum
1086 2089 1188 2121 gerunt
1215 2085 1348 2114 falsorum
1384 2086 1542 2116 doctorum,
1564 2084 1612 2118 qui
1637 2091 1688 2110 sua
1710 2083 1796 2117 pesti-

164 2128 226 2156 fera
240 2127 366 2155 doctrina
383 2127 512 2155 Ecclesiae
527 2128 636 2163 corpori
655 2135 685 2155 se
703 2128 896 2156 commiscent.

208 2174 272 2200 Ἐπὶ
281 2174 309 2201 δὲ
316 2174 371 2200 τῶν
384 2174 511 2208 δένδρων,
522 2183 532 2199 ι
544 2170 574 2201 οὗ
584 2173 615 2200 τὺ
629 2174 740 2209 σπέρμα
750 2174 844 2207 αὐτοῦ,
863 2175 958 2210 φησὶν,

1046 2173 1084 2200 De
1092 2173 1239 2200 arboribus
1247 2172 1330 2200 dicit:
1341 2171 1440 2206 «Cujus
1449 2177 1542 2198 semen
1552 2170 1580 2196 in
1596 2169 1657 2202 ipso
1668 2168 1713 2200 sit,
1720 2177 1730 2194 ι
1741 2173 1795 2196 etc.

163 2222 195 2248 ιν
210 2219 298 2255 αὐτῷ,
314 2229 324 2246 ο
340 2218 436 2255 ἐπειδὴ
451 2218 489 2255 μὴ
513 2219 713 2254 παραπλησίως
733 2220 790 2251 τοῖς
805 2221 959 2256 γεννήμασι

163 2265 291 2293 τοιοῦτον
314 2265 392 2301 φέρει
424 2265 458 2292 τὰ
476 2264 571 2299 δένδρα
595 2264 711 2300 καρπὸν,
735 2264 806 2292 ὥστε
827 2265 908 2292 αὐτὸν
930 2265 960 2292 ὲν

165 2311 246 2347 χώρᾳ
267 2310 435 2346 σπερμάτων
454 2310 502 2336 ἐπὶ
513 2310 563 2345 τῆς
580 2309 632 2344 γῆς
649 2309 855 2345 καταϐληθέντα
868 2318 960 2345 παρα-

166 2359 288 2392 πλήσιον
310 2356 350 2391 τῷ
367 2355 485 2392 πρόσθεν
507 2354 655 2382 ἀποδοῦναι
672 2355 718 2382 τὸν
734 2356 857 2391 καρπόν·
873 2356 896 2383 εί
913 2357 961 2383 καὶ

168 2399 319 2434 συμὸαίνει
343 2399 438 2426 τοῦτον
457 2398 586 2432 γενέσθαι
607 2399 747 2432 πολλάκις,
771 2399 853 2435 μέρος
870 2400 961 2426 αὐτῶν

167 2445 329 2481 ἀφαιρεθὲν,
345 2445 518 2479 ἐντίϐεταιτῇ
527 2445 562 2480 γῇ
572 2444 762 2480 σπερματικὴν
775 2445 836 2480 ἔχον
849 2445 898 2480 τὴν
913 2445 961 2472 δύ-

167 2501 255 2527 ναμιν
274 2493 320 2520 καὶ
332 2491 412 2527 μένον
428 2490 476 2517 ἐπὶ
491 2489 603 2523 ταυτοῦ,
618 2491 682 2522 τοὺς
693 2491 821 2524 ἐτησίους
837 2492 961 2526 καρποὺς

170 2537 352 2565 ἀποδίδωσιν·
378 2537 410 2563 οὐ
439 2535 510 2564 κατὰ
525 2535 576 2571 τὴν
604 2535 686 2570 φύσιν
715 2536 769 2563 τῶν
782 2538 962 2573 γεννημάτων

171 2585 231 2620 ἃμα
243 2583 282 2619 τῷ
292 2583 383 2611 δοῦναι
393 2583 440 2610 τὸν
454 2582 560 2618 καρπὸν
570 2582 879 2618 ἁφαιρούμενον.”0οεν,
896 2593 905 2608 ι
916 2584 962 2610 ἐπὶ

170 2633 221 2667 τῆς
236 2633 298 2668 γῆς,
318 2642 329 2660 I
343 2632 457 2664 εἰκότως
475 2631 630 2668 προσέθηκε
643 2640 649 2646 ·
663 2631 814 2663 τουτέστιν,
834 2631 876 2664 ἐφ’
903 2631 963 2662 ἑνὸς

173 2679 305 2714 ἱδρυμένα
317 2679 401 2705 τόπου
419 2677 466 2704 καὶ
483 2678 606 2712 μένοντα.
622 2677 786 2712 Θαυμαστὸν
800 2677 828 2703 δὲ
847 2676 922 2703 οὐδὲν
938 2677 963 2703 εἰ

172 2725 221 2750 ἰπὶ
235 2724 290 2751 τῶν
301 2724 420 2759 δένδρων
442 2721 503 2750 εἶπε
522 2723 643 2758 σπέρμα,
653 2723 702 2758 τὴν
717 2722 908 2758 σπερματικὴν
918 2721 964 2748 δύμ-

171 2780 274 2804 ναμιν,
281 2771 347 2798 ὅπου
362 2771 410 2798 καὶ
424 2770 468 2796 ἐπ’
481 2769 634 2805 ἀνθρώπων
645 2769 731 2801 οὓτως
753 2768 962 2804 ἐπονομάζεται.

172 2817 256 2843 ’Λλλὰ
270 2817 328 2848 πῶς
340 2836 349 2848 ,
367 2816 460 2850 φασὶν,
480 2816 497 2850 ἡ
512 2815 560 2842 τοῦ
572 2815 642 2842 Θεοῦ
668 2814 815 2851 πρόσταξις
843 2814 892 2841 καί
916 2814 962 2840 τοῦ

1010 2217 1078 2246 Nam
1090 2219 1217 2250 arbores.
1231 2225 1297 2249 non,
1312 2221 1342 2244 ut
1355 2217 1456 2249 herbae,
1474 2215 1592 2242 fructum
1606 2213 1796 2248 ferunt,quem

1010 2265 1034 2292 si
1056 2269 1131 2292 terra
1149 2265 1303 2299 opertteris,
1319 2268 1349 2290 ut
1363 2263 1415 2291 sibi
1437 2262 1555 2290 similem
1576 2259 1709 2296 proferat.
1723 2259 1798 2286 Licet

1010 2311 1038 2338 id
1054 2318 1242 2345 saepenumero
1255 2309 1373 2341 accidat,
1395 2312 1516 2335 attamen
1537 2307 1642 2334 nullam
1663 2305 1797 2332 rationem

1011 2357 1197 2385 universalem
1214 2361 1343 2391 praestare
1361 2359 1462 2390 potest.
1484 2353 1561 2386 Quod
1579 2352 1613 2380 ad
1629 2352 1743 2380 arbores
1757 2355 1799 2378 at-

1011 2404 1091 2436 tinet,
1112 2411 1166 2430 nott
1186 2406 1326 2433 seruntur,
1341 2401 1388 2428 sed
1406 2400 1513 2428 surculi
1541 2399 1606 2426 inde
1627 2398 1749 2433 decerpti
1772 2401 1799 2425 et

1012 2449 1112 2482 avulsi,
1126 2449 1173 2484 qui
1191 2448 1306 2476 seminis
1321 2448 1376 2474 vim
1400 2450 1507 2478 tenent,
1536 2444 1690 2479 deﬁguntur
1707 2449 1798 2472 terrm.

1012 2495 1147 2522 Praeterea
1169 2495 1282 2522 arbores
1306 2496 1468 2528 permanent
1491 2491 1610 2519 subinde
1635 2491 1800 2518 inhaerentes

1013 2542 1082 2573 solo,
1102 2549 1152 2568 nee
1175 2541 1239 2568 inde
1258 2544 1416 2570 moventur,
1442 2542 1470 2566 et
1494 2538 1535 2565 sic
1560 2545 1666 2564 annuos
1692 2537 1800 2564 fructus

1013 2586 1178 2614 mortalibus
1200 2585 1354 2621 largiuntur
1370 2593 1378 2617 -,
1393 2584 1439 2618 qui
1468 2583 1568 2611 modus
1583 2583 1617 2609 ab
1641 2582 1735 2610 herbis
1757 2585 1801 2609 est

1013 2632 1210 2659 alienissimus.
1232 2631 1403 2665 Quapropter
1430 2637 1484 2656 tton
1499 2629 1549 2656 abs
1575 2636 1606 2656 re
1629 2628 1774 2662 subiungit
1792 2637 1798 2654 :

1017 2688 1025 2704 ι
1048 2677 1136 2712 Super
1151 2681 1266 2708 terram.
1288 2686 1297 2701 ι
1317 2676 1342 2703 id
1360 2679 1414 2708 est,
1435 2676 1461 2702 itt
1480 2683 1535 2702 uno
1550 2675 1611 2702 loco
1628 2675 1688 2702 sitat
1707 2674 1801 2708 ibique

1014 2724 1205 2759 persistentes.
1221 2722 1277 2750 Nec
1288 2722 1333 2749 cui
1357 2722 1483 2749 mirabile
1500 2722 1637 2752 videatur,
1654 2720 1678 2747 si
1695 2719 1802 2747 arbori-

1015 2770 1066 2796 bus
1081 2777 1186 2801 semen,
1202 2768 1229 2796 id
1245 2772 1296 2799 est.
1314 2769 1368 2794 vim
1383 2767 1574 2795 seminativam
1592 2766 1721 2794 attribuit
1735 2786 1744 2798 ,
1760 2766 1801 2793 si-

1015 2816 1125 2850 quidem
1141 2815 1237 2843 eadent
1252 2815 1295 2843 vis
1321 2820 1349 2843 et
1373 2815 1407 2842 de
1438 2814 1596 2842 ltominibus
1622 2814 1801 2848 praedicatur.

175 2862 366 2889 συνανατείὶαι
380 2862 416 2888 τὰ
433 2860 554 2896 βλαϐερὰ
577 2860 653 2887 αἰτία
679 2859 837 2895 γεγένηται,
861 2859 908 2886 καὶ
930 2859 958 2885 τὰ

1017 2862 1116 2888 Verum
1146 2860 1258 2896 quidam
1286 2861 1445 2896 objiciunt:
1476 2859 1545 2894 Ergo
1569 2860 1666 2894 jussus
1690 2859 1800 2886 divinus

175 2908 343 2945 ﬁqlqvﬁpta;
365 2909 426 2935 ’Ὁτι
450 2908 487 2944 μὴ
509 2908 667 2935 παντάπασι
681 2906 812 2943 βλαϐερὰ,
830 2906 915 2942 ἑτέρῳ
934 2906 962 2933 δὲ

1018 2916 1100 2934 causa
1116 2910 1167 2940 cst,
1185 2912 1214 2934 ut
1233 2913 1286 2934 non
1302 2906 1391 2934 solum
1407 2906 1484 2933 bona:
1499 2909 1526 2932 et
1554 2904 1680 2932 salubres
1698 2903 1799 2931 subnu-
