2072 3157
280 178 317 210 83
935 179 1111 210 PROCOPII
1131 179 1249 209 GAZIEI
1741 185 1745 190 '
1868 180 1903 211 Si.

282 238 424 261 scrrentur
436 233 536 265 herbae,
545 241 638 260 verttm
653 238 680 260 ut
689 233 874 267 pluritntetum
888 234 1000 262 arbores
1009 243 1071 261 cum

1125 234 1223 268 ἀγαθὸν
1238 235 1307 270 ὅπερ
1335 234 1451 269 ἔϐλαψεν
1468 235 1568 269 ἕτερον,
1586 234 1679 269 ὥσπερ
1697 235 1756 261 ἐστὶ
1774 235 1838 271 πρὸς
1856 236 1905 271 μὲν

282 279 373 306 herba:
391 278 555 313 pullularent
576 283 717 306 veneuaue
732 284 759 305 et
774 279 921 313 pestilens.
945 279 1068 314 Respon-

282 325 379 352 demus
395 333 402 351 :
423 323 481 350 Non
502 328 567 351 sunt
584 324 696 350 omnino
716 324 814 353 norim.
830 332 923 351 verum
940 326 994 351 vim
1011 333 1067 352 me-

281 369 371 396 dicam
390 369 526 401 retinent;
551 368 616 396 lzeso
638 368 815 400 auxiliantur,
834 374 861 395 ut
877 369 970 396 videre
987 369 1014 397 in
1028 370 1067 396 ci-

281 419 344 442 cuta
358 419 410 445 est,
428 423 489 449 qua:
517 414 629 448 prodest
656 414 730 449 lepra
757 414 879 445 infectis.
897 415 923 441 in
944 416 1066 442 elleboro

282 464 399 487 satiante
413 463 523 494 orlygas
548 463 658 493 propter
677 458 823 493 quamdam
841 460 990 489 naturalem
1009 461 1064 487 vim

281 511 309 533 et
332 507 470 532 virtutem.
492 505 644 531 Plurimum
676 505 835 532 conducunt
863 506 1063 534 conservationi

283 552 365 586 hujus
388 552 520 582 universi,
535 551 661 586 quamvis
678 551 818 577 damnosa:
843 550 980 578 interdum
997 551 1065 585 parti

1120 281 1211 316 ψᾶρας
1226 280 1257 307 τὸ
1270 280 1391 312 κώνειον,
1411 280 1552 316 ἐλλέϐορος
1574 281 1601 307 δὲ
1615 280 1682 314 πρὸς
1697 281 1760 312 τοὺς
1776 281 1903 316 ὄρτυγας,

1119 327 1163 353 διὰ
1180 335 1240 353 τινα
1256 327 1373 362 φυσικὴν
1395 326 1515 361 ίδιότητα
1528 335 1535 341 ·
1562 326 1601 361 τῷ
1618 326 1702 353 παντὶ
1717 327 1807 354 τοίνυν
1834 327 1905 354 λυσιη

1117 372 1184 406 τελῆ
1207 372 1242 398 τὰ
1258 373 1327 407 μέρη
1351 372 1405 398 τινὶ
1429 371 1628 406 λυμαινόμενα.
1653 370 1708 398 Καὶ
1733 372 1787 406 γὰρ
1803 373 1817 398 ὁ
1841 372 1905 407 βοῦς

1118 416 1186 451 πρὸς
1211 416 1347 452 γεωργίαν
1373 416 1532 452 εὔχρηστος,
1562 417 1586 443 ει
1617 416 1665 442 καὶ
1690 416 1721 443 τὸ
1745 413 1816 450 αἷμα
1840 418 1904 444 τού-

1117 469 1164 487 του
1192 461 1360 496 καθέστηκεν
1402 462 1466 496 ήμίν
1500 461 1679 496 δηλητήριον·
1700 462 1729 488 ἐν
1756 462 1844 498 καιρῷ
1874 463 1903 489 δὲ

1118 506 1185 540 ἡμῖν
1218 506 1266 532 καὶ
1290 506 1376 535 ταῦτα
1393 507 1524 542 χρήσιμα,
1552 507 1590 539 ὡς
1611 506 1710 541 ἰατρῶν
1733 507 1822 534 ἴσασιν
1842 509 1905 534 παῖ-

1120 551 1176 582 δες.

283 599 363 627 alicui
377 599 579 626 existimentur.
601 597 667 624 Nam
683 602 710 624 et
728 598 777 624 bos
794 598 869 624 utilis
884 600 927 624 est
947 597 980 623 ad
996 597 1205 631 agriculturam,
1219 597 1329 625 interim
1357 599 1468 634 sanguis
1488 599 1547 634 ejus
1575 607 1710 627 venenum
1740 605 1792 628 est.
1818 600 1906 628 luter-

283 646 348 673 dum
364 652 465 672 venena
484 644 564 671 nobis
580 644 699 670 maxime
715 647 839 678 prosunt,
865 643 943 670 sicuti
965 647 1067 670 norunt
1086 642 1255 671 medicorum
1269 643 1328 672 ﬁlii.

319 691 372 719 Sed
393 699 445 726 qua
463 690 567 717 ratione
588 689 625 718 ait
640 689 673 716 de
690 689 782 716 herbis
798 697 804 715 τ
823 697 832 714 ι
852 688 995 715 Setninans
1019 695 1065 715 se-

283 745 363 770 men;
379 746 387 762 )
399 740 426 764 et
441 737 473 763 de
486 735 632 768 arboribus
647 744 653 761 :
672 745 680 760 ‹
698 734 811 768 Lignum
830 733 1002 760 l‘ructilerum
1015 740 1065 759 cu-

281 784 327 819 jus
343 790 435 810 semen
451 782 478 808 in
499 782 549 808 se?
564 790 574 806 ι
594 787 660 812 etc.,
685 787 746 806 cum
763 787 850 814 neque
867 779 1000 811 calamus,
1018 787 1065 805 ne-

285 837 339 864 que
358 828 473 864 agrestis
492 826 590 863 [herba
615 831 658 854 est
685 834 745 861 quae
772 826 798 852 in
828 833 932 852 tnorem
958 825 1066 852 hedera:

285 876 370 910 serpit
384 878 411 902 et
434 872 586 908 dilatatur],
605 880 692 906 neque
708 871 829 902 mentita,
847 879 934 906 neque
959 878 1067 903 crocus,

1161 688 1240 715 Ἀλλὰ
1264 689 1333 721 πῶς,
1361 688 1453 724 φασὶν,
1484 689 1531 716 ἐπὶ
1553 689 1602 724 μὲν
1624 689 1677 716 τῶν
1700 689 1819 723 βοτανῶν
1833 688 1905 723 εἶπε,

1121 743 1130 759 ι
1141 735 1250 771 σπεῖρον
1257 734 1377 769 σπέρμα,
1385 744 1393 760 ι
1403 734 1481 761 ὲπὶδὲ
1487 734 1658 771 τῶνδένδρων
1667 745 1675 761 ι
1688 735 1763 767 ξύλον
1769 735 1907 772 κάρπιμον

1117 776 1148 807 οὗ
1164 781 1194 807 τὺ
1210 781 1321 817 σπέρμα
1337 780 1419 808 αὑτοῦ
1439 782 1468 808 ἐν
1483 781 1574 817 adad);
1595 791 1604 807 ι
1621 782 1687 808 ὅπου
1703 790 1735 816 γε
1747 782 1809 809 οὔτε
1823 783 1907 809 κάλα-

1121 835 1180 862 μος,
1189 826 1250 853 οὔτε
1262 828 1408 862 ἄγρωστις,
1416 826 1476 853 οὔτε
1485 827 1595 863 ήμίνθη,
1606 827 1636 854 οὑ
1649 828 1757 863 κρόκος,
1766 828 1796 854 οὐ
1812 829 1908 863 σκόρορ

1119 872 1210 904 δον,οὑ
1226 872 1366 908 βούτομον,
1380 873 1433 900 οὐδ’
1453 873 1519 899 ἄλλα
1532 873 1615 909 μυρία
1625 875 1690 909 γένη
1708 875 1907 910 σπερματίςον-

286 927 374 955 neque
393 919 499 950 allium,
526 926 575 945 nec
589 918 732 945 butouium
758 916 853 952 [herba
877 920 920 944 est
937 916 1067 943 arundini

1125 925 1152 943 ια
1168 916 1293 951 φαίνεται
1305 926 1312 932 ·
1336 917 1383 944 καὶ
1402 917 1457 944 τῶν
1479 917 1595 954 δένδρων
1618 918 1725 954 ὁρῶμεν
1741 919 1827 946 πολλὰ
1844 919 1907 945 οὔτε

286 965 396 997 similis,
412 967 439 992 et
454 964 479 990 in
498 963 598 998 pabulo
621 963 684 990 data
710 962 792 989 boves
810 961 929 996 enecat],
957 962 1070 995 aliasque

284 1010 433 1037 herbarum
447 1010 551 1044 species
571 1007 683 1035 inﬁnitae
693 1015 786 1035 semen
801 1007 898 1034 all‘erre
910 1011 1068 1042 appareant;

287 1056 420 1084 Praeterea
442 1054 629 1090 conspicimus
653 1055 764 1081 arbores
789 1054 931 1088 plurimas,
949 1061 1009 1088 qua;
1026 1062 1071 1081 ne—

287 1110 342 1137 que
364 1102 472 1129 fructus
492 1108 580 1135 neque
606 1100 710 1127 semina
736 1103 893 1134 apporlaut.
911 1099 1016 1132 Quibus
1043 1099 1070 1126 in

287 1148 363 1174 hunc
389 1146 501 1173 modutn
526 1145 724 1180 respondemus
753 1153 760 1171 :
784 1143 886 1176 Multa,
915 1151 975 1179 quae
999 1145 1071 1171 alma

288 1192 379 1220 fundit
398 1191 509 1224 humus,
535 1191 562 1218 in
579 1191 638 1218 solo
654 1194 680 1216 et
696 1189 787 1217 radice
809 1190 879 1216 vires
903 1189 1015 1221 habent,
1032 1190 1071 1217 si-

288 1237 346 1266 cuti
361 1242 389 1265 et
411 1237 543 1264 calamus.
571 1235 637 1262 Nam
663 1242 805 1270 postquam
833 1235 982 1262 excesserit
1006 1235 1070 1262 anni

288 1289 398 1319 tempus
410 1291 443 1311 ex
458 1283 548 1310 radice
566 1282 703 1317 protrudit
723 1282 876 1313 surculum,
892 1282 938 1317 qui
958 1282 1071 1308 seminis

290 1329 423 1358 rationem
448 1329 559 1356 retinet.
586 1327 682 1355 Herba:
705 1335 766 1362 quze
787 1327 862 1354 butni
895 1331 1020 1362 serpunt,
1043 1327 1070 1354 in

289 1375 430 1403 radicibus
454 1374 558 1401 sobolis
576 1374 778 1401 successionem
802 1377 975 1401 conservant.
1004 1373 1072 1400 Hinc

291 1421 380 1448 elucet
393 1420 507 1455 singulis
522 1420 613 1447 inesse
627 1427 718 1447 semen
739 1423 786 1446 aut
801 1419 853 1446 vim
869 1419 1014 1454 quamdam
1030 1427 1072 1446 se-

292 1467 455 1494 minantetn.
470 1466 548 1499 Quod
568 1466 601 1493 ad
617 1465 732 1492 arbores
758 1465 865 1492 steriles
889 1465 1017 1500 pertinet,
1032 1466 1072 1493 sic

292 1511 442 1539 habetote:
463 1511 529 1543 alni,
551 1510 628 1542 ulmi,
652 1510 761 1542 salices,
781 1512 929 1546 populique
950 1510 1002 1538 etsi
1017 1518 1071 1537 non

292 1559 321 1586 in
337 1558 480 1593 propatulo
492 1563 589 1592 gerunt
605 1557 721 1590 fructus,
745 1562 863 1585 attamen
887 1558 959 1585 foliis
981 1558 1073 1592 subje-

1121 964 1246 998 καρποῖς,
1258 962 1318 990 οὔτε
1344 962 1481 998 σπέρματι
1503 963 1671 998 κεχρημένοι,
1688 965 1759 999 Πρὸς
1779 964 1797 991 ἆ
1818 973 1910 999 φαμεν

1120 1008 1162 1035 δτι
1176 1008 1261 1035 πολλὰ
1274 1008 1329 1035 τῶν
1351 1009 1494 1044 φυομένων
1514 1010 1546 1035 ὲκ
1561 1009 1611 1044 γῆς
1636 1010 1683 1036 ἐπὶ
1703 1010 1750 1036 τοῦ
1772 1010 1907 1045 πυθμένος

1121 1054 1230 1089 καὶτῆς
1248 1054 1327 1090 ῥίζης
1344 1053 1400 1089 ἔχει
1414 1053 1463 1089 τὴν
1479 1054 1593 1089 δύναμιν
1606 1062 1612 1069 '
1638 1054 1732 1090 ὥσπερ
1756 1056 1770 1082 ὁ
1787 1055 1907 1090 κάλαμος

1123 1099 1192 1134 μετὰ
1212 1100 1262 1135 τὴν
1282 1099 1405 1127 ἐπέτειον
1424 1100 1538 1135 αὔξησιν
1561 1102 1614 1128 ἀπὸ
1637 1102 1685 1136 τῆς
1709 1102 1787 1137 ῥίζης
1812 1103 1908 1137 ἀφίησί

1120 1153 1181 1171 τινα
1205 1145 1339 1181 προϐολὴν
1362 1146 1519 1181 σπέρματος
1545 1146 1623 1180 λόγον
1644 1147 1769 1182 ἔχουσαν,
1795 1148 1842 1174 καὶ
1865 1148 1909 1174 διὰ.

1121 1189 1173 1225 γῆς
1190 1190 1327 1225 νεμόμενα
1343 1190 1371 1216 ἐν
1385 1192 1445 1222 ταῖς
1461 1190 1551 1226 ῥίζαις
1565 1191 1612 1226 τὴν
1624 1191 1748 1226 διαδοχὴν
1762 1192 1906 1227 κέκτηται,

1122 1235 1191 1262 ὥστε
1207 1236 1314 1270 ἑκάστῳ
1331 1235 1347 1273 ἢ
1369 1236 1479 1271 σπέρμα
1494 1233 1564 1263 εἶναι
1586 1237 1602 1271 ἢ
1619 1236 1732 1272 δύναμίν
1745 1246 1805 1263 τινα
1824 1246 1908 1273 σπερ-

1124 1281 1241 1317 ματικὴν
1263 1282 1433 1316 ἐνυπάρχειν.
1472 1282 1525 1308 Καὶ
1547 1282 1599 1308 τῶν
1611 1282 1726 1318 δένδρων
1739 1282 1771 1317 δὴ
1794 1283 1910 1318 αἴγειροι

1122 1327 1169 1353 καὶ
1185 1327 1296 1354 πτελέαι
1310 1327 1357 1354 καὶ
1372 1328 1499 1357 ίτέαικαὶ
1512 1328 1619 1360 λεῦκαι,
1639 1329 1664 1354 εἰ
1679 1329 1725 1355 καὶ
1743 1328 1780 1363 μὴ
1796 1329 1909 1363 φέρουσι

1123 1373 1263 1408 προδήλως
1274 1373 1391 1410 καρπὸν,
1407 1373 1465 1400 ἀλλ’
1478 1371 1524 1400 οὖν
1545 1375 1558 1400 ὁ
1573 1374 1753 1408 ὑποκείμενος
1765 1374 1853 1400 αὐτῶν
1871 1374 1912 1408 τῷ,

1123 1417 1215 1453 φύλλῳ
1233 1418 1328 1448 κλάδος
1342 1418 1371 1444 ὃν
1390 1419 1505 1453 μίσχον
1526 1419 1639 1446 καλοῦσί
1661 1428 1743 1451 τινες,
1765 1419 1842 1446 τοῦτο
1861 1419 1909 1446 τοῦ

1123 1463 1278 1498 σπέρματος
1297 1463 1352 1498 ἔχει
1366 1463 1414 1499 τὴν
1429 1463 1551 1499 δύναμιν.
1569 1463 1638 1490 Ὅσα
1664 1464 1717 1499 γὰρ
1733 1463 1785 1490 ἀπὸ
1807 1463 1910 1490 κλάδων

1123 1508 1245 1544 γίνεσθαι
1260 1509 1390 1543 πέφυκεν,
1411 1509 1544 1543 ἐντεῐιθεν¹
1558 1509 1595 1541 ὼς
1606 1510 1639 1536 τὰ
1652 1509 1748 1542 πολλὰ,
1764 1509 1913 1545 προϐάλλει,

1124 1556 1173 1587 τὰς
1186 1555 1274 1590 ῥίζας.
1293 1555 1370 1590 Τάχα
1386 1555 1414 1582 δὲ
1428 1555 1585 1590 σπέρματος
1603 1555 1696 1590 ἔχουσι
1717 1556 1796 1590 λόγον
1816 1556 1862 1581 καὶ
1882 1556 1912 1581 αὶ

292 1609 354 1632 ctus
370 1611 462 1631 ramus
478 1605 570 1638 (quem
592 1602 688 1638 μισχὺν
702 1603 812 1638 vocant)
827 1603 940 1630 seminis
954 1603 1008 1630 vim
1024 1591 1072 1630 ob-

1125 1601 1179 1627 τῶν
1193 1599 1276 1635 ῥιζῶν
1286 1601 1446 1635 ἀποφύσεις,
1462 1601 1480 1631 δι
1492 1601 1688 1635 παρασπῶντες
1710 1602 1734 1628 οἱ
1752 1602 1909 1636 φυτοκόμοι,

292 1651 371 1678 tinet.
391 1649 566 1684 Quaecunque
582 1649 654 1677 enim
673 1657 705 1677 ex
720 1650 804 1676 ramis
819 1650 943 1684 generari
956 1656 1074 1676 consue-

293 1699 402 1727 verunt,
418 1695 578 1730 plerumque
599 1694 663 1721 inde
679 1694 843 1729 promittunt
861 1694 976 1721 radices.
1001 1693 1074 1721 Prae-

293 1746 368 1769 terea
392 1743 464 1768 inter
479 1742 586 1768 semina
609 1740 838 1767 connumerandm
863 1746 927 1767 sunt
949 1740 1073 1767 radicum

293 1786 469 1823 appendices,
485 1794 553 1821 quas
563 1786 730 1820 plantatores
744 1786 901 1820 defringunt
915 1790 942 1813 et
954 1786 981 1813 in
995 1791 1074 1814 trun-

293 1840 343 1861 cos
356 1833 484 1860 arborum
500 1832 655 1866 depangunt
669 1836 800 1866 augentes
824 1833 953 1859 arborum
974 1840 1072 1866 genus.

293 1879 426 1906 Caeterum
443 1886 503 1912 quae
514 1878 664 1905 nobiliores
679 1878 791 1905 arbores
808 1882 886 1905 erant
900 1881 1007 1910 natura,
1019 1885 1075 1914 pra)

294 1923 505 1959 ignobiltoribus
525 1923 686 1950 nobiliorem
715 1930 825 1958 quoque
847 1923 975 1950 invenere
999 1931 1075 1951 men-

294 1970 409 2001 tionem,
426 1973 456 1995 ut
466 1975 526 2003 qua:
542 1968 602 1995 suis
616 1967 753 1995 fructibus
768 1967 905 1994 hominem
919 1970 1011 1994 essent
1029 1965 1076 1993 ad-

292 2014 404 2049 juturre,
429 2021 483 2048 quo
514 2013 616 2041 lautius
638 2013 750 2040 viveret.
776 2012 949 2048 Signiﬁcatur
968 2019 1078 2047 quoque

294 2060 396 2092 omnia,
415 2059 460 2087 ubi
475 2060 593 2095 primum
602 2059 698 2094 jussus
710 2058 984 2094 divinuscontigerit,
997 2058 1078 2093 prod-

295 2107 386 2134 iisse:
409 2111 436 2134 ct
461 2107 569 2142 singula
595 2114 650 2133 una
685 2106 824 2140 propriam
851 2105 903 2140 25
932 2103 1078 2140 quamdam

295 2152 436 2187 accepisse
447 2152 590 2184 virtutem,
605 2160 657 2187 qua
673 2159 722 2179 ceu
738 2157 802 2179 nota
817 2151 935 2186 quadam
948 2151 1079 2186 peculiari

1125 1647 1156 1674 τὸ
1171 1647 1248 1681 γένος
1261 1646 1382 1679 αὕξουσι.
1406 1647 1479 1682 Πρὸς
1498 1647 1527 1673 δὲ
1548 1648 1654 1679 τούτοις
1668 1647 1702 1674 τὰ
1716 1647 1863 1683 τιμιώτερα
1877 1648 1912 1683 τῇ

1127 1692 1207 1727 φύσει
1223 1693 1433 1728 προηγουμένης
1449 1693 1558 1728 μνήμης
1574 1693 1732 1728 τετύχηκεν,
1747 1693 1796 1720 ὅσα
1811 1693 1911 1728 ήμελλε

1126 1741 1183 1771 τοῖς
1198 1739 1307 1770 οἰκείοις
1323 1740 1436 1776 καρποῖς
1447 1739 1493 1765 τδν
1507 1739 1651 1773 ἄνθρωπον
1659 1738 1816 1772 δεξιούμενοι
1829 1738 1912 1771 ἄφθο-

1126 1793 1170 1812 νον
1181 1784 1254 1819 αὐτῷ
1267 1784 1486 1820 παρασκευάζειν
1500 1784 1550 1819 τὴν
1570 1784 1684 1815 δίαιταν.
1707 1783 1854 1819 Ἑπισημσί
1863 1792 1912 1809 ιον-

1127 1839 1171 1856 ται
1190 1830 1229 1863 δὲ,
1242 1831 1282 1857 ὅτι
1305 1831 1393 1857 πάντα
1412 1830 1462 1866 μὲν
1477 1830 1535 1864 ἅμα
1553 1831 1587 1865 τῇ
1616 1829 1761 1864 προστάξει
1783 1830 1914 1868 προῆλθε,¹

1128 1876 1198 1911 μετὰ
1216 1876 1266 1911 τῆς
1279 1877 1382 1908 οίκείας
1394 1876 1508 1903 ἕκαστον
1526 1876 1655 1910 ἰδιότητος
1678 1875 1771 1910 οἰκείῳ
1783 1874 1913 1910 γνωριζό-

1129 1931 1209 1958 μενον
1234 1923 1400 1958 χαρακτῆρι.
1426 1923 1500 1958 Πλήν
1516 1931 1548 1956 γε
1567 1921 1654 1949 ὅτιτὸ
1675 1921 1748 1957 ῥόδον
1764 1921 1824 1947 τότε
1848 1920 1912 1947 ἄνευ

1129 1969 1250 2005 ἀκάνθης
1260 1967 1303 2006 ἧν,
1317 1969 1428 2004 ὕστερον
1438 1969 1466 1995 δὲ
1480 1968 1519 2004 τῷ
1531 1968 1625 1998 κάλλει
1637 1967 1684 1994 τοῦ
1696 1967 1788 1999 ἄνθους
1802 1967 1819 2001 ὴ
1830 1967 1914 1993 ἄκαν-

1131 2015 1164 2041 θα
1178 2015 1364 2050 παρεζεὺχθη,
1383 2015 1427 2042 ῐνα
1445 2014 1484 2053 τῷ
1497 2013 1606 2049 τερπνῷ
1619 2014 1668 2048 τῆς
1679 2013 1852 2043 ἀπολαύσεως
1867 2013 1914 2045 εγ-

1131 2060 1213 2096 γύθεν
1225 2060 1331 2096 ἔχωμεν
1346 2060 1550 2099 παρακειμένην
1563 2059 1613 2096 τὴν
1628 2059 1727 2094 λύπην,
1746 2058 1914 2094 μεμνημένοι

1130 2107 1180 2142 τῆς
1191 2107 1327 2142 ἁμαρτίας
1339 2107 1371 2134 δι’
1385 2108 1418 2143 ἦν
1428 2106 1549 2138 ἀκάνθας
1559 2106 1607 2133 καὶ
1620 2105 1761 2141 τριϐόλους
1772 2105 1837 2140 ἡμῖν
1849 2105 1864 2139 ή
1879 2103 1916 2140 γῆ

1131 2153 1285 2180 ἀνατέλλειν
1300 2153 1492 2188 κατεδικάσθη.

294 2199 441 2234 signantur
466 2202 494 2226 et
522 2204 735 2234 cognoscuntur.
761 2197 860 2225 Verum
880 2206 894 2224 a
924 2197 1076 2233 primordio
1095 2200 1241 2228 ereationls
1261 2208 1325 2228 rosa
1343 2200 1428 2227 nullis
1449 2199 1538 2234 spinis
1561 2203 1619 2226 erat
1662 2205 1782 2235 aspera:
1819 2200 1917 2231 postea

296 2243 406 2271 demum
419 2244 478 2277 ejus
492 2243 689 2278 pulchritudini
700 2250 842 2270 accessere
857 2242 946 2277 asperi
961 2242 999 2269 illi
1016 2241 1114 2272 aculei.
1137 2250 1167 2271 υι
1183 2245 1247 2272 dum
1274 2245 1333 2280 ejus
1370 2245 1447 2272 suavi
1468 2244 1552 2271 odore
1578 2243 1694 2270 fruimur
1728 2245 1751 2269 et
1795 2241 1914 2268 delecta-

295 2297 370 2320 ntur.
388 2286 542 2323 appositam
566 2295 674 2321 quoque
711 2288 863 2315 sentiamus
904 2288 1044 2314 tristitiam
1082 2291 1259 2318 recordantes
1287 2291 1392 2326 peccati
1413 2290 1448 2317 ob
1466 2288 1545 2324 quod
1570 2291 1644 2316 terra
1685 2286 1915 2314 condemnatione

296 2338 433 2370 prostrata
452 2337 504 2364 est,
521 2337 549 2359 ut
567 2333 645 2359 nobis
669 2332 773 2366 spinas,
794 2336 886 2360 sentes
907 2332 1080 2367 tribulosque
1099 2335 1198 2369 pariat.

334 2379 417 2406 Vens.
435 2379 479 2406 l5.
495 2378 571 2404 Dixit
588 2386 648 2404 vero
668 2377 737 2404 Deus
751 2385 761 2404 :
779 2376 862 2404 Fiant
881 2379 1028 2405 luminaria
1050 2379 1073 2405 in

1166 2382 1219 2408 Καὶ
1231 2380 1314 2408 εἶπεν
1322 2383 1337 2408 ὁ
1347 2381 1429 2413 Θεὸς,
1439 2380 1659 2413 Γενηθήτωσαν
1667 2376 1824 2412 φωστῆρες
1833 2376 1867 2402 ὲν
1875 2374 1915 2408 τῷ

298 2427 468 2461 ﬁrmamento
484 2425 553 2454 coeli,
570 2430 597 2450 ut
613 2424 701 2450 lumen
726 2424 861 2458 prtebeaut
878 2433 956 2459 super
969 2430 1078 2457 terram,

298 2477 323 2499 et
335 2472 530 2498 distinctionem
550 2470 732 2505 faciantinler
744 2470 813 2497 diem
830 2476 854 2497 et
880 2471 947 2497 inter
969 2477 1081 2498 noctem.

300 2518 367 2551 Qua:
384 2517 517 2544 hactenus
545 2517 821 2544 commemoravimus
849 2517 988 2543 simillima
1018 2521 1083 2544 sunt

302 2562 440 2597 magniﬁci
457 2562 529 2596 epuli
554 2561 709 2595 apparatui.
726 2561 848 2588 Pritnum
864 2561 943 2588 locus
964 2562 1080 2588 munda-

301 2613 359 2639 tur,
376 2616 410 2634 ne
426 2615 487 2642 quas
503 2607 645 2634 offendant
661 2608 790 2634 convivas
813 2607 919 2634 sordes.
934 2606 999 2634 Dein
1017 2615 1083 2634 con-

301 2654 404 2681 vivium
430 2658 544 2689 paratur
557 2657 584 2681 et
602 2654 760 2682 instruitur.
780 2653 881 2681 Deinde
899 2653 1019 2680 lucernas
1037 2660 1083 2680 ac-

301 2701 466 2728 cenduntur.
495 2701 640 2728 Postremo
669 2700 711 2726 via
748 2708 801 2734 qua
828 2700 951 2727 convivae
971 2700 1083 2727 veniant

304 2746 523 2780 praecedentibus
551 2746 640 2773 servis
666 2750 694 2772 et
712 2745 976 2780 ministris,-nentpe
992 2746 1081 2772 brutis

303 2793 468 2819 animalibus
479 2801 485 2824 ;
498 2792 647 2819 novissime
663 2791 771 2818 accedit
785 2791 817 2817 ad
833 2791 858 2817 id
875 2791 986 2825 epulum
1003 2791 1081 2824 quasi

303 2837 435 2865 Dominus
449 2842 476 2865 et
493 2846 539 2864 rex
556 2837 700 2864 rationalis
717 2840 857 2868 creatura,
874 2844 971 2870 nempe
988 2835 1081 2863 homo.

303 2883 341 2913 he
357 2884 413 2912 hac
431 2884 549 2912 absurda
571 2884 615 2911 cui
638 2883 791 2916 videantur,
813 2881 976 2910 meminerit
1003 2882 1083 2908 Chri-

1134 2427 1312 2462 στερείίψατι
1325 2427 1375 2454 τοῦ
1383 2426 1512 2461 οὐρανοῦ
1523 2426 1566 2458 εις
1576 2425 1699 2459 ψαῦσιν,
1711 2423 1788 2451 ὥστε
1799 2423 1917 2457 φαίνειν

1134 2473 1182 2500 ἐπὶ
1192 2472 1246 2506 τῆς
1255 2472 1310 2506 γῆς
1322 2472 1371 2498 καὶ
1381 2472 1398 2498 δ
1400 2480 1429 2498 ια
1431 2470 1561 2505 χωρίζειν
1569 2469 1626 2496 ἀνὰ
1636 2468 1733 2503 μέσον
1740 2467 1795 2501 τῆς
1807 2466 1917 2501 ἡμέρας

1134 2519 1182 2546 καὶ
1193 2519 1249 2545 ἀνὰ
1258 2518 1355 2552 μέσον
1368 2517 1420 2550 τῆς
1433 2516 1553 2548 νυκτός.
1563 2515 1724 2544 Ἐστιὰσεως
1745 2513 1815 2539 Enixa
1831 2512 1916 2538 ταῦτα

1136 2564 1311 2598 παρασκευῇ.
1335 2562 1448 2596 Πρῶτον
1473 2561 1523 2596 μὲν
1547 2562 1564 2596 ἡ
1589 2559 1635 2586 τοῦ
1657 2559 1740 2585 τόπου
1765 2558 1914 2592 κάθαρσις·

1134 2611 1259 2645 δεύτερον
1275 2610 1302 2635 δὲ
1315 2610 1331 2644 ή
1342 2609 1390 2642 τῆς
1405 2608 1520 2643 εὐωχίας
1540 2607 1647 2640 ποίησις
1657 2613 1664 2619 ⁸
1686 2605 1777 2639 τρίτον
1790 2604 1817 2629 δὲ
1830 2604 1917 2637 φωτὸς

1135 2656 1247 2691 ἔξαψις·
1277 2653 1327 2681 εἷθ’
1353 2654 1440 2683 οὕτως
1463 2654 1480 2688 ἡ
1509 2653 1563 2679 τῶν
1594 2651 1788 2686 εὐωχουμένων
1816 2649 1917 2680 εἴσοδος

1134 2699 1245 2726 οἰκετῶν
1268 2707 1298 2724 τε
1321 2698 1469 2733 προϊόντων
1490 2696 1595 2730 ἀλόγων
1617 2696 1663 2722 καὶ
1685 2694 1831 2723 δεσποτῶν,
1850 2693 1918 2727 μετᾶ

1135 2745 1221 2771 ταῦτα
1235 2743 1441 2776 ἐπιφαινομένου
1456 2741 1503 2767 τοῦ
1518 2740 1638 2774 λογικοῦ.
1661 2740 1728 2773 Φησὶ⁴
1744 2738 1808 2772 γοῦν
1830 2739 1843 2763 ὁ
1857 2738 1917 2763 Σω-

1134 2790 1186 2824 τὴρ
1212 2791 1240 2816 ὲν
1268 2790 1326 2819 ταῖς
1353 2786 1529 2822 παραϐολαῖς,
1557 2785 1664 2811 δείπνου
1689 2782 1918 2819 παρασκευαστὴν

1136 2834 1288 2868 ἀνθρώποις
1303 2829 1371 2859 εἶναι
1384 2831 1429 2857 τὸν
1441 2830 1516 2856 Θεόν.
1531 2829 1586 2855 Καὶ
1599 2828 1629 2854 τό
1638 2836 1669 2862 γε
1684 2827 1727 2854 ἐπ’
1746 2826 1830 2860 αὐτῷ,
1850 2825 1918 2859 πρὸς

1138 2878 1252 2914 εὐωχίαν
1266 2876 1435 2913 μακαριστὴν
1451 2874 1631 2911 παρήχθημεν
1646 2874 1692 2900 ἀπ’
1709 2873 1796 2910 ἀρχῆς
1811 2872 1839 2898 ἐν
1851 2872 1916 2899 καλ-
