2072 3157
173 152 209 183 85
733 154 996 184 COMMENTARII
1012 155 1052 184 IN
1069 153 1252 186 GENESIN.
1760 152 1796 183 86

173 209 256 244 λιστῳ
278 209 325 235 καὶ
350 209 446 244 ὥσπερ
474 209 608 244 ἐπιλέκτῳ
630 210 680 245 τῆς
707 210 760 246 γῆς
782 211 958 241 καταστάντες

1015 216 1087 238 stum
1102 212 1128 239 in
1145 211 1286 247 parabolis
1303 210 1444 240 docuisse,
1461 209 1545 236 Deum
1565 215 1712 243 apparasse
1727 215 1796 235 cou-

174 254 221 279 ἐπὶ
241 255 348 289 τρυφῇ·
366 252 401 290 ἧς
416 254 524 286 ἑκόντες
538 256 619 290 ἡμεῖς
650 251 878 290 ἐκπεπτώκαμεν.
902 255 964 282 Δεί-

173 307 273 326 κνυται
295 300 324 326 δὲ
341 300 381 327 ὅτι
395 300 498 333 τάξεως
524 301 606 328 ἕνεκα
623 301 636 326 ὁ
658 302 773 337 ἀριθμὸς
789 301 842 328 τῶν
852 302 963 337 ἡμερῶν
983 330 987 333 ,

173 343 278 370 τούτων
297 345 484 381 παρείληπται
504 346 552 372 καὶ
575 347 644 381 προς
663 347 713 381 τὴν
732 347 869 381 ἡμετέραν
883 347 963 373 ἀσθὲ-

175 397 262 421 νειαν,
278 389 365 422 ἄλλως
383 391 420 426 μὴ
438 391 596 427 δυναμένων
608 393 677 419 νοεῖν
692 392 746 419 τῶν
760 392 865 427 ἀθρόως
885 401 961 427 γενο-

176 435 266 469 μένων
291 436 340 471 τὴν
363 437 483 472 ποίησιν.
514 437 558 469 Ὠς
581 438 636 472 γὰρ
659 438 692 464 τὰ
712 437 826 474 σώματα
850 439 907 474 ἅμα
929 441 962 475 τῇ

175 481 324 508 ὑποστάσει
338 483 386 509 καὶ
400 483 499 518 χρῶμα
521 484 568 510 καὶ
583 484 698 518 μέγεθος
710 483 777 519 ἔχει,
800 485 848 511 καὶ
865 485 915 512 οὐκ
934 487 963 512 ἐν

174 528 264 562 χρόνῳ
282 529 407 556 διεστῶτι
435 530 559 566 ἀλλήλων
580 530 718 565 ὑφέστηκε
742 533 911 567 χωρισμένα,
929 534 961 568 τῇ

172 573 203 600 δὲ
214 574 322 610 ἐπινοίᾳ
335 576 366 602 τὸ
381 576 429 610 μὲν
446 576 537 603 αὐτῶν
559 576 692 612 πρότερόν
709 577 778 610 ἐστι,
792 578 823 604 τὸ
833 578 861 604 δὲ
872 578 963 604 δεύτε-

174 626 232 654 ρον,
246 619 318 647 οὕτω
330 621 377 648 καὶ
392 623 421 648 ἐν
435 622 512 654 τάξει
529 622 674 658 γενόμενος
688 623 702 650 ό
717 623 819 658 κόσμος
832 624 863 650 οὑ
875 624 962 660 χρόνῳ

172 665 244 692 ἀλλὰ
258 668 291 702 τῇ
308 667 427 703 ἁρμονία
441 668 660 694 συντετέλεσταιο
677 669 737 695 οὐδὲ
752 669 806 704 γὰρ
816 669 846 695 τὸ
858 670 907 704 μὲν
918 670 962 704 γέ-

171 718 236 744 γονε
253 711 298 738 τοῦ
315 713 428 747 κόσμου,
446 713 477 738 τὸ
489 713 518 739 δὲ
533 714 625 740 λεῖπον
639 713 798 749 ἐτύγχανεν.
815 715 897 742 ’Ὅθεν
915 717 962 742 καὶ

171 757 197 783 οξ
213 757 357 792 φωστῆρες
370 759 399 784 ὲν
413 760 445 794 τῇ
461 759 577 794 τετάρτῃ
594 759 685 794 ἡμέρᾳ
698 760 847 794 γενόμενοι,
865 760 908 787 διὰ
918 762 961 787 τὴν

171 803 240 837 περὶ
260 803 359 835 αὐτοὺς
381 804 459 837 λόγον
475 805 522 831 ire
538 804 646 839 τιμίους
661 805 750 837 ὄντας,
767 806 796 831 ὲν
809 805 893 842 ταύτῃ
916 807 961 832 λέ-

169 858 266 884 γονται
280 851 454 886 γεγενῆσθαι.
477 851 509 878 Ἦ
529 852 583 887 γὰρ
599 852 698 887 τετρὰς
714 853 826 888 δυνάμει
842 851 908 880 οὖσα
923 854 961 880 δε-

169 898 233 930 κὰς,
249 898 330 934 τιμία
351 899 471 934 ὑπάρχει
483 907 490 914 ·
514 899 597 934 μονὰς
608 899 665 934 γὰρ
677 900 722 926 καὶ
738 900 804 931 δυὰς
822 900 870 926 καὶ
884 902 961 936 τριὰς

169 944 220 970 καὶ
236 944 337 980 τετρὰς
351 944 481 979 ἀλλήλαις
496 945 677 977 συντεθεῖσαι,
693 945 742 980 τὴν
761 945 861 973 δεκάδα
874 947 962 973 ποιοῦ-

171 1000 199 1018 σι
213 1000 221 1006 ·
238 991 282 1018 διὰ
302 992 393 1024 πάσης
408 991 436 1017 δὲ
448 991 498 1026 τῆς
512 991 622 1026 Γραφῆς
634 993 650 1027 ὴ
666 993 745 1023 δεκὰς
757 993 880 1028 ὑμνεῖται
893 1002 899 1008 ·
916 994 961 1020 καὶ

167 1037 225 1071 γὰρ
238 1037 307 1064 δέκα
322 1037 418 1071 λόγους
433 1037 556 1073 Μωῦσῆς
571 1038 682 1070 δέδωκε,
698 1039 746 1065 καὶ
766 1039 877 1066 δεκάται
890 1049 960 1076 παρ-

165 1082 289 1117 ἐχονται.

164 1129 257 1157 tentia
286 1133 330 1157 est
357 1129 453 1163 decas,
474 1132 615 1164 pretiosus
642 1135 667 1158 et
695 1130 813 1166 insignis
841 1131 958 1159 habetur
977 1139 1120 1164 numerus.
1141 1132 1248 1163 unitas,
1285 1132 1424 1162 binarius.

1015 257 1116 285 vivium
1128 258 1302 284 mortalibus.
1315 256 1392 289 Quod
1404 256 1514 291 quidem
1527 255 1560 282 ad
1576 255 1661 282 Deum
1676 258 1795 288 spectat,

1013 311 1100 331 coenae
1121 303 1269 331 admodum
1288 303 1401 338 prolixae
1420 306 1447 330 et
1465 302 1557 329 dubim
1583 308 1634 328 nos
1656 300 1794 333 adhibuit,

1014 358 1076 378 cum
1092 357 1142 378 nos
1163 350 1319 377 induxisset
1335 350 1362 376 in
1379 350 1468 377 locum
1481 352 1507 375 et
1528 347 1745 375 amcenissimum
1768 351 1796 374 et

1014 396 1246 431 pulcherrimum,
1279 396 1409 430 omnique
1438 395 1577 429 voluptate
1607 393 1794 425 dillluentem,

1013 442 1093 477 cujus
1108 442 1232 469 dominio
1247 442 1401 469 excidimus
1419 441 1507 469 secuti
1523 445 1646 467 nostram
1669 440 1797 466 volunta-

1013 491 1109 515 temet
1136 496 1189 516 non
1205 489 1263 515 Dei.
1288 488 1372 515 Docet
1397 495 1541 515 numerum
1557 487 1665 514 dierum
1689 493 1796 513 assum-

1012 539 1090 569 ptum
1118 542 1181 562 esse
1205 535 1312 562 ordinis
1329 534 1429 569 gratia,
1450 538 1477 561 et
1493 533 1529 560 ob
1556 537 1681 560 nostram
1708 531 1796 559 imbe-

1013 580 1157 608 cillitatem
1183 581 1353 608 intellectus.
1372 579 1439 606 Nam
1461 579 1564 614 alioqui
1591 587 1644 606 non
1659 577 1796 614 quivisse—

1014 635 1075 655 mus
1089 627 1215 655 ordinem
1235 636 1326 655 rerum
1349 631 1505 655 creatarum
1533 627 1568 654 ob
1590 625 1796 653 multitmlinem

1013 675 1134 709 assequi.
1159 673 1397 707 Quemadmodum
1427 681 1518 700 rerum
1543 672 1714 699 naturalium
1734 678 1796 697 cor-

1014 727 1091 753 pora,
1108 719 1154 746 ubi
1173 719 1289 754 primum
1304 719 1330 745 in
1345 718 1494 745 essentiam
1511 724 1657 752 progressa
1674 716 1794 745 fuerunt,

1013 765 1095 791 simul
1124 764 1246 791 colorem
1264 768 1292 790 et
1317 763 1533 798 magnitudinem
1553 761 1708 791 continent.
1725 767 1795 794 quo-

1012 817 1073 836 rum
1098 811 1215 837 alterum
1233 810 1309 844 prius
1337 808 1625 841 intellectui,alterum
1642 807 1795 835 secundum

1012 859 1054 882 est
1072 864 1078 882 :
1093 855 1136 882 sic
1160 859 1188 882 et
1215 855 1336 882 mundus
1364 854 1463 881 ordine
1490 853 1620 881 conditus
1644 860 1699 880 non
1725 856 1795 879 tem-

1014 908 1090 935 pore,
1106 901 1153 929 sed
1169 901 1277 929 decenti
1293 906 1319 929 et
1339 901 1430 928 debita
1447 900 1593 927 harmonia
1609 899 1731 934 undique
1747 898 1795 925 ab-

1012 947 1119 975 solutus
1137 951 1189 975 est.
1207 947 1285 975 llaud
1301 947 1374 974 enim
1397 955 1461 981 pars
1481 946 1574 973 immdi
1596 953 1649 972 una
1677 945 1794 972 formata

1010 999 1063 1025 est,
1095 993 1194 1020 deinde
1227 993 1313 1020 altera
1340 992 1437 1020 del‘uit.
1467 991 1538 1018 Hinc
1566 996 1593 1019 et
1623 991 1794 1023 luminaria,

1012 1043 1124 1075 propter
1153 1047 1230 1066 suam
1251 1039 1438 1074 praestantiam
1451 1059 1458 1070 ,
1477 1042 1729 1066 commemorantur
1750 1037 1795 1064 die

1011 1089 1110 1121 quarto
1138 1085 1313 1120 apparuisse.
1342 1084 1371 1112 Si
1403 1084 1515 1120 quidem
1534 1089 1632 1116 tetras,
1659 1090 1720 1118 qua)
1745 1089 1794 1118 po-

1463 1131 1601 1158 ternarius
1625 1135 1652 1158 et
1682 1135 1795 1164 quater-

165 1174 268 1202 narius
286 1175 358 1202 inter
378 1182 439 1203 sese
457 1175 555 1209 additi,
571 1176 675 1204 decada
690 1175 874 1203 constituunt.
905 1176 1039 1203 Cmterum
1074 1176 1100 1202 in
1133 1177 1259 1204 universa
1286 1175 1427 1211 Scriptura
1461 1176 1543 1204 decas
1581 1175 1678 1210 insigni
1715 1175 1795 1205 laude

163 1219 266 1248 fertur.
286 1219 424 1255 Praecepta
439 1221 533 1250 decem
550 1223 627 1251 dedit
644 1223 747 1255 llloses,
765 1223 877 1251 decimae
896 1223 1052 1251 solvuntur.

202 1265 284 1297 Τινὲς
301 1266 330 1293 δὲ
345 1267 394 1293 καὶ
411 1269 523 1304 χρονικῇ
538 1269 615 1302 τάξει
634 1269 775 1303 γεγονέναι
790 1269 878 1296 πάντα
893 1269 960 1304 φασὶ

164 1310 236 1345 πρὸς
257 1311 308 1346 τὴν
333 1311 507 1340 διδασκαλίαν
528 1313 584 1340 τῶν
603 1313 722 1348 λογικῶν
743 1314 902 1349 δυνάμεων,
922 1315 961 1347 ὡς

164 1356 276 1390 εἴρηται
297 1357 442 1393 πρότερον.
463 1358 546 1393 Δηλοῖ
557 1359 586 1385 δὲ
601 1360 651 1394 τὴν
661 1359 741 1386 ἄλλου
758 1364 818 1395 μετ’
835 1360 900 1387 ἄλλο
914 1361 962 1395 γέ-

163 1411 242 1430 νεσιν
266 1403 315 1430 καὶ
333 1404 347 1430 ὸ
363 1404 460 1440 χρόνος
481 1406 514 1432 ὲκ
539 1406 590 1442 τῆς
605 1407 717 1444 πρώτης
734 1407 842 1443 ἡμέρας
863 1409 903 1440 εἰς
918 1408 959 1435 ἔτι

161 1449 213 1476 νῦν
229 1449 448 1485 ἀριθμούμενος·
465 1451 559 1488 ὥσπερ
570 1452 598 1479 δὲ
614 1453 684 1488 μετὰ
700 1453 734 1480 τὰ
752 1454 823 1488 φυτὰ
837 1454 883 1481 καὶ
895 1454 958 1489 βλα-

164 1496 315 1531 στήματα,
344 1496 457 1531 γέγονεν
479 1497 574 1532 ἥλιος,
601 1497 644 1524 ἵνα
673 1498 712 1534 μὴ
742 1498 844 1526 τούτων
872 1500 958 1531 αῐτιος

162 1541 371 1577 ὑποπτεὺηται,
399 1541 471 1569 οὕτω
494 1543 586 1579 πολλῷ
612 1543 713 1580 μᾶλλον
741 1544 811 1580 μετὰ
835 1545 884 1581 τὴν
908 1545 955 1572 τοῦ

162 1587 257 1620 φωτὸς
279 1588 450 1623 παρελήλυθε
475 1589 593 1624 γένεσιν,
614 1590 651 1625 μὴ
673 1590 722 1616 καὶ
745 1590 813 1626 λάοῃ
841 1592 956 1627 χορηγὸς

1046 1268 1162 1302 Quidam
1189 1274 1286 1304 putant
1315 1276 1407 1296 omnia
1441 1268 1538 1296 ordine
1567 1269 1698 1303 temporis
1733 1277 1795 1297 esse

1011 1319 1104 1342 creata
1119 1314 1236 1342 docendi
1253 1315 1340 1350 gratia
1355 1314 1516 1349 spirituales
1535 1318 1562 1342 et
1580 1315 1721 1350 angelicas
1738 1316 1794 1343 vir-

1012 1364 1097 1393 tutes,
1112 1364 1142 1388 ut
1158 1367 1243 1395 supra
1269 1360 1399 1387 diximus.
1419 1359 1541 1394 Tempus
1561 1364 1652 1387 autem
1667 1368 1681 1386 a
1707 1361 1794 1395 primo

1012 1405 1058 1433 die
1081 1405 1134 1432 huc
1159 1413 1248 1440 usque
1266 1410 1452 1438 numeratum,
1474 1405 1597 1433 ostendit
1624 1406 1793 1432 creationem

1011 1459 1115 1485 rerum,
1132 1459 1194 1486 quae
1217 1451 1396 1478 successione
1423 1450 1542 1486 quadam
1571 1456 1667 1478 mutua
1691 1452 1791 1479 evenit.

1011 1496 1132 1527 Plantis.
1166 1495 1259 1523 herbis
1287 1499 1314 1522 et
1338 1495 1509 1530 germinibus
1536 1494 1673 1522 successit
1699 1494 1739 1522 sol
1766 1494 1792 1522 in

1009 1542 1160 1570 creationis
1175 1542 1257 1574 serie,
1275 1549 1310 1569 ne
1323 1542 1386 1577 quis
1402 1542 1497 1569 credat
1517 1548 1579 1568 eum
1596 1541 1792 1576 praedictorum

1008 1596 1071 1616 esse
1086 1592 1240 1615 auctorem.
1265 1587 1312 1615 Sic
1326 1587 1396 1614 luteis
1412 1587 1515 1615 creatio
1532 1587 1614 1622 longe
1635 1595 1698 1615 eum
1714 1591 1792 1614 ante-

161 1631 262 1658 τοὺτου
284 1632 381 1665 δοκῶν,
407 1634 455 1660 καὶ
479 1634 513 1661 δι’
539 1635 604 1661 αὐτὸ
624 1635 872 1671 προσκυνούμενος.
899 1637 954 1664 Καὶ

1010 1633 1104 1666 cessit,
1122 1641 1157 1660 ne
1180 1633 1243 1668 quis
1266 1632 1337 1660 forte
1365 1632 1448 1659 tacite
1460 1631 1566 1666 judicet
1591 1635 1618 1659 et
1641 1632 1790 1664 existimet,

162 1676 226 1707 ’ὡς
248 1677 288 1709 εἰς
314 1677 415 1712 φαΰσιν
439 1679 454 1705 ὁ
475 1679 552 1714 ἥλιος
576 1679 692 1714 γίνεται,
717 1681 744 1707 εἴ
761 1689 793 1715 γε
805 1681 852 1709 τοῦ
868 1682 956 1716 φωτὸς

162 1722 249 1756 φύσις
272 1724 420 1761 παρήχθη;
487 1725 517 1752 δὲ
545 1726 637 1761 μέντοι
662 1726 692 1753 τὺ
710 1728 814 1762 ταύτης
843 1727 955 1763 δοχεῖον,

161 1769 264 1805 ὥσπερ
284 1770 349 1797 ἄλλο
376 1771 432 1806 πῦρ
456 1780 487 1798 τε
508 1772 557 1798 καὶ
583 1771 699 1808 λύχνος·
727 1772 774 1800 τοῦ
800 1773 853 1808 γὰρ
873 1773 956 1801 ὰῢλου

163 1816 257 1850 φωτὸς
274 1816 378 1843 ἐκείνου
402 1817 482 1845 τοῦτο
498 1818 579 1853 σῶμα
600 1819 764 1854 γεγένηται·
785 1819 846 1845 ἐπεὶ
860 1820 907 1846 καὶ
922 1819 958 1846 τὰ

162 1862 284 1888 σύνθετα
322 1863 466 1898 διαιρεῖται
503 1864 543 1896 εῐς
572 1873 603 1890 τε
633 1864 665 1891 τὸ
696 1865 875 1900 ὑποκείμενον
910 1866 956 1892 καὶ

161 1907 213 1942 τὴν
236 1908 266 1933 ἐν
281 1907 386 1939 τούτοις
415 1909 554 1944 ποιότητα.
577 1909 668 1943 Ἀπαξ
693 1910 721 1937 δὲ
743 1909 870 1938 συντεθὲν
893 1910 956 1946 βου-

161 1952 243 1987 λήσει
261 1952 331 1979 Θεοῦ
347 1954 379 1979 τό
395 1962 425 1980 τε
445 1954 504 1989 φῶς
516 1955 604 1982 καὶτὸ
617 1956 809 1992 ὑποκείμενον,
823 1959 889 1994 ἡμῖν
907 1959 956 1995 μέν

161 2000 242 2025 ἐστιν
256 1999 409 2034 ἀδιαίρετα.
424 2001 493 2035 πλὴν
514 2001 611 2036 λόγων,
640 2002 679 2037 τῷ
694 2003 723 2030 δὲ
749 2004 873 2031 συνθέντι
886 2006 955 2032 διαιο

161 2045 244 2080 ρετᾶ,
262 2045 356 2081 ὥσπερ
374 2047 420 2072 ἐπὶ
436 2046 518 2082 βάτου
536 2048 586 2082 τὴν
601 2049 750 2085 καυστικὴν
769 2051 895 2085 ἀφείλετο
911 2052 957 2078 δύ-

159 2097 249 2127 ναμιν
276 2093 437 2120 καταλιπὼν
456 2095 520 2130 ντὴν
548 2097 687 2132 φωτικὴν,
714 2097 753 2133 τῷ
772 2097 892 2134 θαύματι
910 2099 956 2127 τὸν

160 2139 288 2173 Μωῦσήν
303 2140 468 2175 ἐπιστρέψαι
491 2141 663 2176 βουλόμενος.
690 2142 776 2170 Τοῦτο
797 2144 844 2171 καὶ
859 2146 873 2172 ό
885 2145 955 2180 ψαλ-

163 2183 241 2218 934,1
256 2184 327 2219 Ἀρα
343 2185 419 2220 φωνὴ
428 2186 530 2221 Κυρίου
540 2186 728 2222 διατέμνοντος
740 2188 825 2223 φλόγα
841 2191 952 2226 πυρός.»

166 2229 260 2255 ’Πλίου
282 2230 332 2264 μὲν
348 2230 429 2264 μόνον
453 2233 500 2258 καὶ
513 2234 597 2268 πυρὸς
615 2233 749 2269 ἐνέργεια,
771 2235 828 2269 φῶς
839 2243 847 2251 '
864 2237 955 2273 ἡμέρα

161 2273 191 2299 δὲ
207 2274 289 2308 ἀέρος
312 2277 520 2310 πεφωτισμένον
542 2277 650 2304 τοσόνδε
672 2279 825 2314 διάστημα·
846 2280 906 2316 δίχα
927 2283 954 2309 δὲ

1009 1680 1096 1708 solem
1111 1687 1173 1708 esse
1188 1679 1260 1707 lucis
1286 1678 1460 1713 largitorem,
1477 1682 1504 1705 et
1528 1678 1564 1705 ob
1588 1677 1614 1705 id
1639 1678 1749 1706 divinus
1764 1678 1791 1706 ei

1008 1726 1173 1754 decernatur
1196 1725 1299 1752 cultus.
1332 1723 1398 1757 Quae
1425 1723 1498 1751 ratio
1523 1724 1597 1751 enim
1618 1724 1734 1758 patitur,
1761 1728 1789 1750 ut

1010 1771 1052 1799 sol
1066 1771 1138 1799 lucis
1157 1771 1235 1806 origo
1263 1771 1309 1802 sit,
1328 1777 1391 1797 eum
1410 1769 1480 1797 lucis
1508 1769 1612 1796 creatio
1630 1777 1692 1796 eum
1713 1773 1791 1796 ante-

1009 1817 1110 1844 ivcrit?
1134 1816 1227 1844 Primo
1243 1816 1290 1843 lux
1306 1816 1333 1842 in
1361 1815 1481 1843 medium
1497 1815 1616 1842 adducta
1641 1819 1684 1842 est
1706 1814 1792 1842 inter-

1008 1867 1093 1891 ventu
1119 1863 1218 1890 divina:
1244 1863 1319 1890 vocis
1338 1871 1345 1889 :
1367 1861 1465 1890 deinde
1484 1861 1595 1889 demum
1622 1861 1691 1888 lucis
1717 1870 1793 1889 τορε-

1010 1909 1150 1945 ptaeulum
1171 1909 1310 1936 conditum
1326 1913 1378 1936 est.
1399 1907 1434 1936 Ut
1456 1908 1529 1936 enim
1551 1907 1625 1935 aliud
1648 1912 1690 1935 est
1708 1907 1790 1943 ignis,

1009 1957 1051 1984 sic
1076 1955 1151 1982 aliud
1175 1959 1218 1983 est
1244 1955 1372 1990 lychnus.
1397 1953 1465 1981 Nam
1492 1954 1574 1986 lucis,
1603 1961 1663 1988 quae
1679 1953 1792 1980 materia

1009 2005 1095 2032 caret,
1110 2001 1151 2028 sol
1173 2000 1251 2036 quasi
1270 2007 1371 2035 corpus
1400 1999 1490 2027 factus
1513 2003 1576 2032 est,
1603 1999 1740 2034 siquidem
1764 2003 1792 2026 et

1009 2048 1161 2082 composita
1181 2046 1342 2073 dividuntur
1359 2046 1386 2073 in
1411 2046 1566 2081 subjectum
1581 2048 1608 2072 et
1628 2045 1790 2080 qualitatem

1008 2102 1070 2130 quae
1090 2093 1217 2127 subjecto
1238 2092 1362 2120 inhaeret.
1380 2092 1471 2119 Semel
1490 2094 1579 2118 autem
1604 2098 1619 2117 a
1633 2090 1689 2118 Deo
1713 2098 1791 2116 com-

1008 2141 1097 2175 posita
1115 2147 1177 2166 cum
1193 2139 1249 2167 sint
1266 2138 1313 2165 lux
1331 2141 1358 2164 et
1386 2137 1540 2171 subjectum
1563 2135 1635 2170 ejus,
1665 2142 1680 2162 a
1710 2135 1791 2162 nobis

1010 2194 1063 2213 non
1090 2185 1181 2217 aliter,
1207 2184 1260 2211 nisi
1279 2190 1407 2211 sermone
1424 2186 1472 2208 aut
1489 2182 1656 2217 cogitatione
1671 2181 1791 2216 dispesci

1008 2236 1135 2266 possunt.
1153 2231 1182 2257 Ei
1198 2238 1274 2260 vero,
1292 2229 1339 2264 qui
1357 2232 1474 2263 utraque
1491 2227 1638 2261 conjunxit
1657 2232 1684 2254 et
1706 2235 1792 2261 copu-

1010 2278 1088 2311 lavit,
1102 2277 1184 2305 facile
1203 2275 1354 2303 divisibilia
1376 2278 1451 2301 sunt.
1474 2273 1560 2308 Cujus
1582 2275 1619 2301 rei
1634 2273 1790 2308 exemplum

161 2318 218 2344 τῶν
241 2319 342 2345 οὐσιῶν
364 2319 415 2349 τὰς
435 2321 575 2356 ἐνεργείας
599 2320 652 2351 οἶδε
684 2313 854 2359 παραιρέρειν
871 2313 953 2360 δεὺς,

1010 2323 1180 2350 luculentum
1199 2321 1274 2349 dedit
1292 2321 1319 2347 in
1346 2320 1415 2347 rubo
1435 2319 1552 2351 ardenti,
1583 2318 1628 2346 ubi
1654 2318 1709 2353 igni
1734 2318 1788 2345 vim

161 2364 224 2390 ἐπεὶ
249 2365 297 2390 καὶ
324 2366 395 2391 κατὰ
412 2366 462 2395 τὴν
479 2367 616 2400 Αἴγυπτον
640 2369 684 2394 ὅτε
716 2370 810 2402 σκότος
825 2370 953 2407 ψηλαφη-

160 2408 210 2434 τδν
242 2409 351 2442 ἐγένετο
383 2410 430 2436 ἐπὶ
455 2412 529 2445 τρεῖς
558 2412 682 2446 ἡμέρας,
710 2414 778 2440 πᾶσι
802 2416 859 2446 τοῖς
884 2416 953 2448 υἱοῖς

168 2454 278 2490 Ἰσραὴλ
302 2455 362 2490 φῶς
377 2453 422 2490 ἦν.
447 2457 503 2483 Καὶ
523 2458 583 2484 κατ’
600 2458 688 2494 ἀρχὰς
703 2459 792 2486 τοίνυν
807 2460 838 2486 τὸ
850 2461 952 2496 ἀστρα-

161 2502 244 2526 παῑον
255 2500 314 2534 φῶς
329 2501 418 2528 ἐκεῖνο
432 2502 539 2538 ἡμέρας
558 2503 695 2540 διάστημα
723 2506 867 2541 τρισσάκις
882 2516 954 2543 παρ-

161 2546 248 2571 έτεινε
253 2565 260 2572 .

1007 2367 1105 2396 urendi
1123 2366 1248 2398 abstulit,
1264 2370 1290 2392 et
1313 2364 1400 2392 solam
1419 2363 1632 2391 illuminationis
1654 2367 1681 2390 et
1698 2363 1791 2397 splen-

1006 2414 1085 2441 doris
1111 2413 1240 2441 virtutem
1266 2411 1389 2445 reliquit,
1416 2414 1445 2436 nt
1464 2417 1497 2437 eo
1526 2409 1660 2436 miraculo
1686 2408 1789 2436 Mosam

1006 2463 1191 2488 converteret.
1203 2458 1251 2486 llis
1263 2457 1404 2484 consentit
1415 2456 1658 2490 Psalmographus,
1674 2455 1769 2483 dicens
1782 2464 1788 2482 :

1010 2516 1019 2531 ι
1036 2505 1094 2532 Vox
1111 2504 1220 2531 Domini
1235 2503 1354 2530 dissecat
1367 2501 1492 2528 llainmas
1505 2502 1598 2536 igneas
1611 2501 1643 2528 ⁸³,
1659 2510 1667 2527 ι
1687 2501 1790 2535 Quam-

1006 2551 1051 2578 vis
1071 2550 1157 2584 igitur
1179 2548 1291 2575 nonnisi
1303 2548 1343 2575 sol
1357 2552 1385 2574 et
1406 2547 1478 2581 ignis
1499 2547 1587 2573 lucem
1609 2546 1733 2581 proferre
1749 2546 1790 2572 vi-

161 2592 292 2626 dcantur,
318 2599 410 2622 tamen
441 2595 501 2623 dies
528 2596 620 2625 illuxit
642 2598 712 2633 (sive
733 2599 802 2631 sole)
828 2607 877 2634 per
897 2603 952 2626 tam
970 2600 1082 2633 longum
1100 2597 1286 2624 intervallum.
1309 2594 1377 2621 Nam
1397 2598 1472 2621 tanta
1508 2599 1551 2622 est
1574 2594 1696 2629 potentia
1727 2594 1786 2625 Dci,

161 2644 195 2667 ut
204 2640 321 2668 ell'ectus
335 2641 487 2676 producere
505 2648 587 2678 queat
598 2644 669 2672 citra
683 2645 867 2674 substantias.
880 2645 948 2673 Cum
967 2645 1039 2681 apud
1053 2644 1197 2679 (Egyptios
1210 2643 1302 2670 tribus
1316 2642 1415 2670 diebus
1428 2642 1522 2669 omnia
1552 2643 1673 2669 involuta
1694 2651 1787 2673 essent

161 2686 373 2714 obscurissimis
383 2689 514 2721 tenebris,
528 2689 574 2716 lux
593 2691 666 2718 alma
693 2692 837 2719 recreabat
851 2691 1004 2720 lsraelitas.
1024 2691 1082 2718 Lux
1104 2691 1148 2717 illa
1166 2689 1347 2724 primogenia,
1375 2696 1436 2724 (tua:
1469 2688 1555 2716 instar
1592 2689 1708 2724 fulguris
1739 2697 1788 2717 co-

162 2733 294 2760 ruscabat
310 2732 346 2759 ab
363 2733 454 2765 initio,
471 2735 554 2762 trium
573 2737 680 2765 dierum
698 2739 818 2774 spatium
834 2739 952 2774 explevit
971 2743 998 2767 et
1013 2744 1126 2766 emensa
1145 2741 1196 2764 est.

197 2779 284 2812 Λόγος
297 2777 325 2804 δέ
340 2787 381 2810 τις
401 2780 475 2814 ἡμᾶς
497 2781 527 2808 ἐν
544 2782 693 2819 ἀπορρήτῳ
724 2785 844 2812 παιδεύει
861 2785 906 2813 καὶ
919 2786 947 2813 ἐν

1038 2785 1172 2812 Praeterea
1185 2783 1272 2811 fertur
1288 2781 1399 2818 quidam
1416 2789 1516 2814 sermo,
1535 2786 1562 2809 at
1574 2782 1711 2814 occultus,
1727 2781 1797 2809 fore.

199 2869 222 2883 “
243 2867 316 2895 Psal.
335 2877 429 2901 xxvm,
445 2870 472 2895 7.
