2072 3157
266 115 300 146 87

917 118 1093 148 PROCOPII
1117 119 1238 148 ϐΛΖίΕΙ

1849 117 1884 149 88

268 171 296 197 in
314 175 435 197 extremo
453 170 507 202 die,
526 175 555 197 ut
570 171 641 206 ignis
655 172 794 201 dividatur
811 182 816 199 2
835 174 880 200 lux
897 174 976 208 ignea
990 174 1051 201 red-

1103 174 1142 209 τῷ
1158 175 1282 210 μέλλοντι
1315 175 1393 202 αἰῶνι
1421 174 1583 210 διαιρεῖσθαι
1595 174 1625 202 τὸ
1639 174 1695 210 πῦρ
1708 183 1716 191 ι
1729 174 1778 201 καὶ
1789 174 1820 202 τδ
1834 175 1884 210 μὲν

266 218 346 243 detur
363 216 418 251 piis
435 226 440 243 :
463 217 505 244 vis
520 225 585 245 vero
611 218 692 253 ignis.
712 227 771 252 qua:
787 220 855 251 urit,
878 220 1049 247 attribuetur

267 262 370 296 impiis.
389 266 419 289 ut
436 269 469 290 ea
496 263 524 290 in
543 267 677 290 aeternum
703 265 757 299 26
780 266 952 292 crucientur.
975 265 1049 293 ldem

266 309 427 343 comprobat
442 309 507 336 luna
525 317 598 338 nunc
614 310 704 344 plena.
719 317 793 338 nunc
808 318 877 337 nova
892 310 1048 338 exsistens:

266 355 401 388 qualitate
416 363 489 382 nunc
514 355 672 385 accedente.
689 363 763 382 nunc
785 355 934 383 decedente
951 363 967 382 a
987 363 1049 383 cor-

266 406 332 434 pore
348 399 448 426 lunari.
465 399 544 426 Certe
561 399 703 431 evidenter
723 400 878 435 conspicari
901 401 964 427 licet
978 400 1049 427 lume

266 451 342 472 nunc
365 445 603 477 obscurationem,
617 453 690 472 nunc
714 446 886 480 splendorem
903 447 961 474 sive
984 446 1048 472 illu-

266 490 596 524 minationem,quamvis
623 490 700 517 dicas
724 498 785 518 eam
801 491 890 518 aliena
915 491 952 517 uti
976 491 1047 522 luce,

265 543 346 569 quam
364 543 379 562 a
403 536 462 563 sole
484 540 636 563 mutuetur.
659 534 803 570 Utcunque
829 536 887 563 haec
909 536 1047 568 eveniant.

264 580 382 616 liquido,
398 589 461 616 quae
482 581 563 615 modo
584 581 714 612 diximus.
730 582 801 609 lume
821 582 947 609 accidere
970 582 1048 609 novi-

266 635 347 661 mus;
370 627 412 655 sol
430 627 477 656 ubi
503 627 586 655 semel
613 628 719 663 potitus
740 632 783 654 est
799 627 874 660 luce,
899 635 959 655 eam
978 635 1048 655 nun-

266 680 348 706 quam
376 673 472 708 abjicit
497 673 540 700 vel
565 673 689 708 deponit.
714 672 782 699 Nam
803 679 833 700 ut
858 673 1049 700 existimemus

267 718 356 752 primo
371 719 442 746 caelo
469 718 542 749 facto
558 719 658 746 ibidem
682 718 807 753 relictam
821 726 882 746 esse
895 719 922 745 in
940 726 1049 749 summo

265 764 466 799 primqgeniam
490 765 591 796 lucem,
607 769 634 791 et
650 764 802 792 secundum
826 764 978 800 indiguisse
991 771 1049 791 cm-

267 801 321 845 lpm
339 810 400 843 luce
414 809 490 836 nulla
508 809 577 837 ratio
591 810 735 845 permittit.
750 809 859 836 Nullum
872 811 957 842 enim,
974 809 1047 843 quod

265 855 339 885 inter
365 862 497 895 corporea
524 859 693 887 recensetur,
711 860 772 890 post
792 855 909 890 primum
927 854 998 881 diem
1015 862 1048 881 ex
1064 849 1085 876 Β

267 908 321 936 non
333 901 531 929 exsistentibus
547 902 694 936 formatum
705 906 758 929 est.
770 901 805 927 At
818 900 1047 936 quemadmodum

266 945 336 975 facta
356 946 418 974 luce
435 946 525 974 dixit:
544 956 554 972 ι
567 946 599 974 Et
617 946 689 974 facta
698 951 741 974 est
759 954 886 982 vespera.
906 950 933 973 et
946 946 1048 975 factum

266 995 309 1020 cst
325 999 405 1019 mane
426 992 485 1020 dies
501 1000 573 1019 unus
585 1013 593 1025 ,
610 1002 619 1019 ι
639 993 680 1020 sic
697 993 809 1020 condito
825 993 997 1020 ﬁrmamento
1010 993 1050 1020 lo-

268 1043 349 1065 eutus
364 1042 426 1065 est:
443 1047 451 1063 ι
468 1037 550 1065 Facta
567 1043 607 1065 est
622 1046 748 1073 vespera,
766 1043 793 1066 ct
806 1038 906 1065 factum
922 1043 1050 1066 estmane

268 1083 328 1116 dies
342 1083 493 1111 secundus.
510 1093 519 1110 ›
535 1084 606 1111 Idem
632 1092 724 1112 sermo
751 1084 979 1113 accommodatus
1007 1088 1050 1112 est

269 1129 351 1156 tertio
371 1129 437 1162 diei,
454 1129 582 1163 quamvis
605 1130 647 1157 sol
679 1129 799 1157 nondum
819 1134 930 1158 creatus
965 1133 1048 1161 esset,

269 1175 316 1210 qui
334 1180 435 1210 quarto
449 1176 558 1203 demum
575 1176 619 1203 die
635 1177 774 1211 apparuit.
790 1176 835 1204 Sic
851 1178 933 1212 igitur
949 1178 1050 1213 primo-

268 1220 349 1255 genia
366 1221 413 1251 lux
425 1226 456 1248 ut
473 1222 578 1256 peperit
594 1222 713 1256 primum
731 1223 813 1253 diem,
827 1223 866 1250 sic
880 1224 960 1249 etiam
978 1223 1051 1248 inSe-

269 1270 386 1299 quentes
402 1266 472 1294 duos
498 1267 647 1294 constituit
670 1271 815 1301 antequam
842 1272 982 1294 crearetur
999 1268 1050 1294 sol.

269 1312 404 1342 Caeterum
433 1312 505 1340 Deus
531 1313 709 1350 purissimam
740 1317 846 1348 partem
879 1314 1053 1348 primogenia:

270 1358 343 1395 lucis
372 1358 522 1396 accipiens,
551 1359 694 1386 transtulit
719 1359 746 1386 in
772 1360 857 1386 solem
881 1369 888 1387 :
917 1360 1051 1394 reliquam

270 1408 377 1447 partem
409 1404 480 1432 lucis
507 1404 649 1441 distribuit
674 1405 745 1436 inter
762 1404 867 1437 lunam,
892 1405 1054 1440 reliquaque

270 1450 358 1480 astra.
382 1450 419 1477 De
443 1450 508 1478 hinc
528 1450 595 1485 ipsis
611 1451 771 1484 imperatum
787 1456 830 1477 est
846 1458 861 1477 a
879 1449 944 1482 Deo,
966 1455 996 1482 ut
1010 1451 1051 1478 di-

270 1497 444 1532 stinguerent
458 1497 530 1524 diem
546 1502 573 1524 et
589 1501 711 1527 noctem,
727 1496 799 1531 quod
824 1500 905 1523 antea
921 1504 1053 1531 exseque-

271 1542 353 1569 batur
381 1542 551 1577 primogenia
575 1543 621 1572 lux
642 1542 722 1577 jussu
749 1542 856 1572 divino.
880 1542 997 1577 caligine
1025 1547 1052 1570 et

271 1588 331 1616 luce
345 1588 396 1616 sibi
417 1589 535 1615 invicem
557 1588 771 1621 succedentibus
786 1588 820 1615 ad
842 1596 905 1614 eum
930 1588 1052 1621 modum,

269 1643 350 1670 quem
393 1636 600 1670 praescripserat
628 1634 710 1662 Deus.
747 1633 793 1661 Sol
828 1641 902 1661 nunc
935 1626 1053 1667 metitur

269 1678 342 1706 diem
366 1679 511 1713 spatiaque
527 1678 625 1706 diurna
644 1689 650 1706 :
669 1679 735 1709 luna
753 1686 908 1706 mensuram
928 1679 984 1714 agit
1005 1687 1053 1706 no-

269 1723 355 1751 ctium
372 1724 435 1751 dum
451 1725 571 1752 subinde
585 1724 617 1751 ad
636 1725 816 1759 plenilunium
837 1725 879 1751 vel
895 1733 972 1758 suam
993 1733 1054 1760 per-

1065 1518 1086 1547 C

1100 220 1158 254 φῶς
1189 220 1341 248 ἀποδιδόναι
1370 222 1426 252 τοῖς
1441 221 1565 253 δικαίοις,
1581 222 1638 252 τοῖς
1648 220 1676 247 δὲ
1687 220 1882 255 κολαζομένοις

1099 266 1130 292 τὸ
1156 265 1204 292 τοῦ
1231 266 1320 300 φωτὸς
1346 266 1513 292 καυστιιιὸν⁵
1532 266 1580 292 καὶ
1595 266 1613 301 ἡ
1636 265 1735 301 σελήνη
1751 265 1780 292 δὲ
1805 265 1885 291 τοῦτο

1099 311 1248 346 παρίστησι
1262 311 1437 347 πληρουμένη
1453 312 1501 338 καὶ
1511 311 1643 346 λήγουσα,
1655 311 1695 346 πῆ
1709 311 1759 346 μὲν
1773 310 1884 342 ὲπιϐαι·

1099 357 1196 392 νούσης
1208 359 1258 392 τῆς
1275 358 1426 392 ποιότητος,
1440 357 1478 392 πῆ
1489 357 1517 383 δὲ
1527 356 1715 392 ἀφισταμένης
1730 356 1776 383 τοῦ
1792 355 1885 391 σῶμα·

1098 411 1154 434 τος.
1170 403 1226 430 Καὶ
1250 403 1323 430 ἐστιν
1342 403 1464 438 ἐναργῶς
1483 403 1546 429 ἰδεῖν
1560 402 1589 429 τὸ
1606 402 1656 438 μὲν
1677 401 1840 436 ἀφώτιστον,
1854 401 1885 428 τὺ

1098 450 1126 475 δὲ
1139 449 1348 483 πεφωτισμένον
1377 449 1462 483 αὐτῆς
1477 456 1484 464 ⁸
1502 447 1553 474 κᾶν
1583 448 1637 483 γὰρ
1654 447 1682 480 ἐξ
1698 447 1775 482 ἡλίου
1802 446 1885 481 φαίης

1099 495 1167 530 αὐτῇ
1185 495 1215 521 τὸ
1226 495 1284 529 φῶς
1307 494 1441 530 ὑπάρχειν
1471 494 1644 524 ἐπείσακτον,
1671 493 1727 519 ἁλλ¹
1742 492 1789 520 οὖν
1814 493 1884 519 ἀπο-

1099 541 1244 576 συμὸαίνει
1259 540 1305 566 καὶ
1327 540 1453 574 γίνεται·
1468 540 1482 565 ὁ
1496 539 1525 565 δὲ
1538 539 1613 574 ἥλιος
1639 538 1712 570 ἆπαξ
1727 537 1816 564 λαϐὼν
1833 537 1885 572 οὐκ

1099 586 1270 614 ἀποτίθεται.
1282 586 1319 612 Τὸ
1329 585 1381 621 γὰρ
1391 585 1480 620 λέγειν
1493 585 1529 615 ὡς
1541 584 1587 611 τοῦ
1602 583 1791 619 στερεώματος
1803 589 1884 615 γεγο-

1099 633 1185 666 νότος,
1204 632 1262 668 ἆμα
1277 632 1307 659 τὸ
1322 632 1430 667 πρῶτον
1446 631 1599 666 ἀπείληπτο
1607 630 1676 665 φῶς,
1688 630 1736 656 καὶ
1751 629 1794 656 διὰ
1808 628 1887 661 τοῦτο

1098 678 1223 714 δεύτερον
1235 677 1361 713 ἐδέησεν,
1376 678 1407 704 οὑ
1423 678 1494 704 πάνυ
1507 677 1629 711 εὔλογον.
1648 676 1731 703 Οὐδὲν
1754 675 1809 710 γὰρ
1831 674 1885 701 τῶν

1100 724 1264 759 σωματικῶν
1293 724 1360 759 μετά
1374 723 1423 758 τὴν
1434 723 1546 758 πρώτην
1570 722 1689 757 ἡμέραν,
1706 722 1738 747 ὲκ
1753 721 1789 756 μὴ
1801 721 1886 748 ὄντων

1099 770 1218 804 ἐγένετο,
1231 770 1335 801 ’Ἄλλως
1347 778 1376 796 τε
1387 769 1479 804 ὥσπερ
1489 767 1551 795 εἷπε
1564 767 1708 802 γεγονότος
1722 766 1770 793 τοῦ
1786 766 1884 800 φωτὸς.

1102 826 1110 841 ι
1123 815 1245 850 Ἐγένετο
1252 815 1318 842 έσπέ
1323 824 1365 850 ρα,
1373 815 1419 841 καὶ
1427 814 1535 848 ἐγένετο
1542 813 1625 849 πρωϊ,
1631 813 1721 848 ἡμέρα
1731 812 1790 847 μία,
1798 821 1806 837 ι
1816 811 1888 839 οὕτω

1100 863 1146 889 και
1159 863 1209 897 τὴν
1221 862 1268 889 τοῦ
1282 862 1472 896 στερεώματος
1491 859 1601 896 ποίησιν
1617 859 1682 894 πρὶν
1695 858 1826 892 γενέσθαι
1840 857 1887 884 τὸν

1099 908 1173 942 ἥλιον
1199 908 1245 933 ἐπὶ
1259 908 1308 942 τῆς
1324 907 1453 941 δευτέρας
1479 906 1525 932 καὶ
1554 905 1650 941 τρίτης
1665 905 1783 940 ἡμέρας,
1805 903 1888 936 δῆλον

1099 955 1136 985 ὡς
1150 954 1196 980 καὶ
1211 953 1279 988 μετὰ
1289 953 1319 978 τὺ
1333 953 1488 986 στερέωμα,
1508 951 1556 978 τοῦ
1587 950 1760 986 πρωτογόνου
1794 949 1886 983 φωτὸς

1099 998 1148 1029 τὰς
1164 997 1271 1033 ἡμέρας
1286 996 1335 1028 τὰς
1352 997 1397 1023 δύο
1410 996 1537 1032 καθάπερ
1553 995 1601 1022 καὶ
1616 994 1664 1030 τὴν
1677 993 1789 1030 πρώτην
1807 993 1886 1027 ποιή-

1102 1051 1209 1074 σαντος.
1234 1041 1287 1068 Τοῦ
1303 1041 1332 1068 δὲ
1350 1041 1525 1077 πρωτογόνου
1553 1039 1641 1074 φωτὸς
1659 1040 1721 1065 ὅσον
1738 1036 1887 1073 μὲνμαθα-

1101 1088 1231 1124 ρώτατον,
1245 1087 1357 1121 ἐνέθηκε
1377 1086 1416 1121 τῷ
1431 1086 1509 1121 ἡλίῳ,
1525 1085 1556 1112 τὸ
1569 1084 1598 1111 δὲ
1608 1084 1703 1111 λοιπὸν
1719 1083 1819 1118 σελήνῃ
1839 1082 1887 1109 καὶ

1099 1134 1154 1164 τοῖς
1180 1133 1291 1167 ἄστροις
1310 1132 1438 1168 ἐμέρισεν
1456 1139 1463 1146 ⁸
1480 1129 1551 1157 οὕτω
1572 1129 1619 1156 καὶ
1635 1127 1809 1162 διαχωρίζειν
1821 1126 1886 1152 ὲτά-

1100 1179 1204 1214 χϐησαν
1219 1178 1270 1204 ἀνὰ
1288 1178 1370 1212 μέσον
1382 1177 1489 1212 ἡμέρας
1500 1184 1529 1202 τε
1545 1175 1593 1202 καὶ
1605 1175 1712 1207 νυκτὸς,
1729 1175 1743 1200 ὃ
1756 1174 1887 1208 πρότερον

1101 1223 1247 1259 προστάξει
1258 1222 1325 1249 Θεοῦ
1335 1222 1364 1249 τὸ
1377 1222 1435 1256 φῶς
1449 1221 1535 1247 ἐποίει
1550 1221 1597 1248 καὶ
1611 1220 1640 1246 τὸ
1653 1220 1760 1250 σκότος.
1778 1219 1887 1253 ὑποχω-

1103 1268 1200 1303 ροῦντα
1229 1266 1300 1293 κατὰ
1327 1265 1436 1301 ὁρισθὲν
1452 1266 1551 1300 μέτρον
1565 1264 1703 1299 ἀλλήλοις.
1721 1263 1777 1290 Νῦν
1791 1263 1819 1289 δὲ
1831 1264 1888 1293 τοῖς

1104 1315 1215 1349 μέτροις
1229 1314 1276 1348 τῆς
1292 1314 1400 1347 ἡμέρας
1426 1307 1502 1346 ἥλιος
1528 1311 1703 1349 ἐπιτέτακται
1717 1318 1724 1325 ·
1737 1310 1785 1344 τῆς
1802 1309 1831 1335 δὲ
1842 1317 1887 1334 νυ-

1102 1359 1166 1390 κτὺς
1180 1360 1198 1394 ἡ
1216 1359 1326 1394 σελήνη,
1356 1358 1420 1385 ὅταν
1449 1357 1514 1383 ποτε
1543 1357 1612 1392 πρὸς
1642 1357 1686 1383 τὺν
1699 1356 1764 1384 ἴδιον
1784 1354 1886 1382 κύκλον

1102 1404 1272 1440 ἀπαρτισθῇ.
1289 1404 1357 1430 Τότε
1387 1403 1442 1438 γὰρ
1459 1403 1594 1438 κατάρχει
1607 1403 1658 1438 τῆς
1674 1401 1769 1432 νυκτὸς
1781 1399 1819 1434 τῷ
1831 1399 1889 1436 ἰδίῳ

1103 1450 1172 1485 φωτί
1188 1458 1193 1464 ·
1209 1449 1278 1485 πρὸς
1292 1450 1347 1485 γὰρ
1359 1449 1389 1476 τὺ
1401 1449 1503 1484 ταύτης
1520 1448 1626 1484 εἴρηται
1640 1447 1744 1474 τέλειον
1756 1446 1786 1473 τὸ
1797 1446 1887 1480 πάσης

1103 1496 1197 1532 ἄρχειν
1225 1496 1321 1526 νυκτός
1335 1503 1341 1511 ·
1358 1495 1394 1526 ὠς
1408 1493 1495 1522 οὖντὸ
1513 1494 1583 1530 ὓδωρ
1599 1492 1796 1528 διακεχυμένον
1809 1491 1887 1527 πρῶ-

1102 1552 1147 1570 τον
1163 1542 1234 1569 κατά
1264 1542 1354 1577 πάσης
1382 1542 1431 1576 τῆς
1458 1541 1520 1576 γῆς,
1536 1540 1648 1575 ὕστερον
1665 1541 1703 1571 εἰς
1727 1538 1888 1572 συναγωγὴν

1104 1589 1169 1624 μίαν
1187 1588 1355 1624 συνήνεγκεν
1372 1589 1386 1614 ὁ
1399 1587 1464 1619 Θεὸς
1482 1589 1521 1619 εις
1545 1588 1596 1619 τὰς
1610 1586 1746 1617 θαλάσσας
1774 1585 1822 1611 καὶ
1838 1592 1887 1610 πο-

1102 1634 1206 1670 ταμούς
1218 1643 1248 1660 τε
1260 1634 1308 1661 καὶ
1324 1635 1440 1669 φρέατα,
1466 1633 1538 1660 οὕτω
1550 1634 1596 1660 καὶ
1607 1634 1637 1660 τὸ
1649 1633 1706 1667 φῶς
1721 1631 1887 1666 διακεχυμέ-

1103 1688 1148 1706 νον
1159 1678 1267 1715 ἀθρόως
1293 1678 1466 1714 συναγαγὼν,
1489 1679 1565 1714 ἥλιόν
1575 1688 1605 1705 τε
1620 1679 1667 1706 καὶ
1701 1678 1816 1714 σελήνην
1841 1675 1889 1702 καὶ

1106 1725 1169 1757 τοὺς
1178 1726 1296 1760 ἀστέρας
1307 1725 1446 1760 ἐποίησεν.

271 1769 417 1796 rectionem
445 1768 598 1796 contendit.
623 1769 706 1796 Plena
731 1770 803 1797 enim
835 1770 973 1798 exsistens
998 1775 1072 1798 recte
1109 1771 1219 1805 propria
1248 1774 1276 1798 et
1319 1770 1452 1810 peculiari
1482 1771 1545 1798 luce
1579 1771 1688 1806 noctem
1718 1768 1888 1803 auspicatur.

269 1811 389 1842 Proinde
410 1813 512 1840 dicitur
527 1823 533 1839 :
551 1819 581 1840 ut
599 1813 720 1848 perfecte
738 1814 786 1841 toti
811 1813 968 1841 dominetur
989 1813 1073 1842 nocti.
1109 1813 1346 1846 Quemadmodum
1371 1808 1464 1850 itaque
1492 1808 1562 1842 Deus
1584 1816 1741 1842 universam
1773 1820 1888 1848 aquam,

270 1866 332 1893 qua:
348 1859 427 1894 prius
438 1860 591 1887 inundabat
605 1864 689 1887 totam
707 1864 822 1892 terram,
837 1860 863 1887 in
879 1867 963 1887 unum
977 1859 1056 1894 quasi
1076 1859 1293 1894 receptaculum,
1311 1868 1411 1895 nempe
1428 1861 1454 1887 in
1468 1861 1564 1892 maria,
1600 1861 1710 1887 tlumina
1741 1864 1890 1895 patensque

270 1907 390 1941 coniecit
408 1926 415 1939 ,
437 1907 478 1934 sic
501 1907 588 1934 lucem
607 1907 633 1933 in
658 1907 750 1934 omnia
771 1906 899 1934 diliusam
918 1906 1050 1938 ubertim,
1072 1906 1098 1945 in
1116 1913 1200 1933 unum
1233 1907 1382 1939 contraxit,
1417 1907 1516 1939 solem,
1550 1898 1646 1934 lunam.
1676 1910 1805 1942 astraque
1825 1905 1890 1932 inde

271 1952 433 1980 illustravit.

307 2000 458 2027 Sciendum
477 2005 569 2027 tamen
594 2004 638 2035 est
663 2000 769 2031 lunam.
790 2001 866 2027 illico
889 2001 934 2028 ubi
961 2005 1054 2028 creata

269 2050 326 2079 est,
343 2046 429 2074 fuisse
446 2046 553 2081 plenam
571 2050 598 2073 et
614 2047 726 2081 proprio
741 2047 875 2074 enituisse
900 2047 1011 2081 jubarc,
1029 2052 1056 2074 et

271 2100 425 2128 orcupasse
440 2100 570 2120 occasum
588 2093 647 2120 sole
664 2092 809 2120 obtinente
826 2093 989 2120 orientalem
1006 2093 1056 2119 h0-

271 2139 416 2166 rizontem.
442 2138 582 2174 Siquidem
603 2138 677 2169 huic.
696 2139 772 2172 diei,
789 2139 838 2169 illi.
859 2139 948 2166 noctis
968 2140 1056 2177 impe-

272 2185 345 2211 rium
371 2185 511 2221 dccretum
526 2188 580 2213 est.
600 2184 637 2211 Eo
662 2185 757 2220 itaque
778 2190 902 2220 tempore
923 2190 983 2215 erat
997 2185 1056 2221 ple-

1144 1999 1245 2026 ’ἰστέον
1258 1999 1286 2025 δὲ
1300 2000 1337 2031 ὡς
1351 2000 1398 2026 καὶ
1416 2000 1432 2035 ἡ
1449 1999 1548 2035 σελήνη
1560 1998 1662 2036 τέλειον
1695 1998 1776 2029 εὐθὺς
1792 1998 1821 2030 ἐξ
1838 1998 1889 2032 ἀρ-

1100 2045 1151 2080 χῆς
1161 2046 1192 2071 τὺ
1206 2045 1264 2079 φῶς
1273 2045 1419 2081 ἀπειλήφει
1428 2046 1458 2071 τὺ
1469 2045 1544 2077 ἴδιον,
1563 2046 1609 2079 καὶ
1621 2045 1716 2070 ἵστατο
1728 2044 1798 2070 κατὰ
1812 2043 1890 2072 δύσιν

1099 2092 1146 2117 τὴν
1174 2091 1298 2125 ὁρίζοντα
1313 2091 1359 2117 τὸν
1371 2090 1531 2118 ἀνατολικὸν
1559 2090 1706 2124 ἐπέχοντος
1719 2088 1767 2115 τοῦ
1786 2088 1862 2123 ἡλίου
1879 2096 1886 2102 ·

1103 2137 1130 2163 εἴ
1142 2145 1173 2171 γε
1188 2138 1202 2163 ὁ
1219 2137 1268 2172 μὲν
1291 2138 1340 2172 τῆς
1368 2137 1476 2173 ἡμέρας
1507 2136 1618 2171 ἄρχειν,
1633 2137 1649 2171 ἡ
1663 2136 1692 2161 δὲ
1715 2134 1766 2168 τῆς
1793 2132 1891 2165 νυκτὸς

1103 2183 1268 2210 ὲπετάττετο
1278 2192 1284 2198 ·
1297 2181 1331 2218 ἦν
1340 2181 1386 2209 οὖν
1397 2182 1575 2216 πανσέληνος.
1590 2181 1627 2207 Οὐ
1643 2181 1695 2216 γάρ
1706 2180 1787 2211 εὐθὺς
1798 2180 1890 2214 ἡκρω-

273 2231 421 2258 nilunium.
441 2230 519 2258 Haud
535 2231 609 2258 enim
631 2231 772 2263 conlinuo,
797 2231 899 2266 alioqui
927 2231 1052 2260 sublimis

1107 2231 1251 2266 τηρίαστο”
1270 2229 1382 2264 ὕστερον
1398 2229 1487 2263 δὲτὴν
1515 2227 1658 2254 ἀλλοίωσιν
1684 2226 1751 2262 πρὸς
1779 2225 1828 2261 τὴν
1849 2225 1892 2260 Evt

272 2283 366 2304 evecta
387 2281 470 2304 esset.
492 2276 626 2312 Deinceps
646 2285 712 2305 vero
733 2278 889 2310 mutationi,
908 2286 969 2312 quae
987 2286 1054 2313 con-

273 2320 350 2359 ducit
371 2322 406 2349 iis
422 2329 482 2356 quae
509 2326 582 2348 terra
603 2326 740 2356 procreat,
765 2322 883 2349 obnoxia
904 2322 975 2350 facta
1000 2327 1053 2354 est,

273 2368 333 2395 sive
355 2373 384 2394 ut
409 2367 542 2402 temporis
569 2374 726 2394 mensuram
742 2372 923 2403 exsequatur.
952 2369 1010 2396 sive
1026 2375 1056 2396 ut

272 2414 436 2442 occasiones
451 2417 605 2447 temporum
622 2414 663 2445 (ut
677 2413 805 2447 qumlibet
824 2421 867 2441 res
881 2421 962 2441 suum
982 2418 1054 2441 tem-

274 2450 324 2494 pus
337 2458 429 2491 habet)
443 2457 525 2484 nobis
540 2457 694 2484 annuntict.
704 2457 751 2484 Sol
763 2457 858 2494 itaque
868 2462 983 2485 exortus
1000 2462 1053 2485 est.

274 2503 340 2530 Erat
361 2502 461 2529 etenim
475 2501 636 2529 diluculum.
651 2501 728 2529 Luna
744 2503 778 2529 ad
798 2510 929 2530 ocoasum
945 2502 1053 2530 fereba-

275 2554 328 2582 tur,
349 2548 444 2583 solque
458 2547 521 2574 huic
536 2548 732 2582 opponebatur.
744 2547 790 2575 Sol
807 2548 956 2583 incipiebat
970 2548 1053 2581 diem,

273 2599 302 2625 et
323 2594 356 2621 ad
380 2601 509 2622 occasum
532 2594 668 2629 pergebat.
691 2594 737 2622 Illa
753 2603 820 2623 vero
847 2597 983 2623 orientem
998 2597 1055 2623 cir-

273 2640 432 2668 cumeundo
458 2647 521 2667 eum
550 2640 640 2667 locum
663 2642 797 2675 captavit,
826 2641 899 2669 unde
924 2645 1057 2676 prmesset

275 2688 361 2715 nocti.
384 2686 486 2714 Verum
514 2686 536 2714 si
560 2691 659 2721 quarto
676 2688 785 2715 demum
802 2688 846 2715 die
871 2688 936 2714 luna
955 2688 988 2715 ad
1013 2688 1056 2716 sui

274 2733 442 2760 creationem
474 2732 609 2767 pervenit,
626 2739 679 2767 qua
702 2732 806 2760 ratione
822 2733 928 2760 exstitit
952 2733 1054 2768 plena?

275 2778 381 2809 Etenim
393 2777 465 2810 dies,
484 2777 531 2812 qui
546 2785 715 2812 praecessere
729 2778 887 2811 luminaria,
900 2787 962 2806 eum
979 2787 1056 2806 mun-

275 2825 311 2860 do
325 2830 350 2852 et
371 2825 547 2859 generatione
566 2828 772 2859 computantur.
801 2824 871 2852 Cum
889 2825 971 2860 igitur
989 2833 1057 2853 non-
1078 2835 1081 2839 ·

1107 2277 1217 2314 έργειαν
1231 2276 1358 2309 λυσιτελῆ
1373 2277 1428 2307 τοῖς
1442 2274 1503 2301 καθ’
1517 2275 1590 2310 ἡμᾶς
1603 2273 1758 2307 ὑπεδέχετο,
1772 2273 1827 2298 εἴτε
1839 2271 1887 2298 καὶ

1108 2323 1176 2358 πρὸς
1191 2321 1294 2357 καιρῶν
1309 2321 1354 2348 καὶ
1372 2321 1468 2356 χρόνου
1482 2320 1625 2354 διαίρεσιν.
1636 2319 1664 2346 Ὀ
1679 2318 1753 2354 ἥλιος
1769 2315 1816 2345 οὖν
1846 2318 1891 2344 ἁν-

1109 2368 1212 2403 έτελλεν
1222 2376 1229 2384 ·
1248 2367 1344 2402 ὔρῡρος
1358 2366 1411 2400 γὰρ
1423 2364 1456 2400 ἧν
1467 2373 1474 2381 ·
1491 2367 1507 2400 ἡ
1521 2365 1548 2391 δὲ
1562 2365 1630 2400 πρὸς
1654 2364 1728 2391 δύσιν
1755 2363 1868 2398 ἐφέρετο
1881 2385 1888 2396 ,

1109 2415 1156 2440 καὶ
1169 2413 1295 2448 ἀλλήλοις
1319 2411 1544 2438 ἀντικαθίσταντο
1554 2419 1561 2426 ·
1575 2412 1588 2437 ὁ
1607 2410 1656 2445 μὲν
1668 2410 1774 2445 ἡμέραν
1805 2408 1889 2435 ποιῶν

1107 2461 1155 2487 καὶ
1169 2460 1270 2495 ταύτης
1297 2459 1388 2494 ἄρχων
1401 2458 1449 2484 καὶ
1463 2458 1531 2493 πρὸς
1541 2457 1615 2484 δύσιν
1634 2457 1691 2490 ἰὼν,
1703 2456 1752 2492 ἡδὲ
1765 2456 1810 2484 τὺν
1822 2457 1890 2482 ἀνα-

1107 2506 1214 2532 τολικὸν
1239 2503 1418 2540 περιελθοῦσα
1443 2504 1591 2538 κατείληφε
1609 2504 1701 2535 τόπον,
1713 2503 1750 2534 ὼς
1764 2503 1796 2530 ἂν
1811 2503 1888 2538 ἄρχοι

1108 2552 1157 2586 τῆς
1169 2551 1276 2582 νυκτός.
1296 2550 1364 2576 Ἀλλ’
1379 2551 1403 2576 εἰ
1415 2550 1444 2576 ὲν
1456 2549 1547 2585 ἡμέρᾳ.
1562 2550 1682 2585 τετάρτῃ
1694 2549 1791 2584 σελήνη
1809 2547 1890 2582 γεγέ-

1108 2606 1184 2632 νητο,
1209 2596 1267 2627 πῶς
1293 2595 1401 2631 ὑπῆρχε
1429 2594 1613 2630 πληρωμένη;
1632 2594 1679 2621 καὶ
1708 2595 1736 2620 αἱ
1758 2594 1809 2629 πρὸ
1835 2593 1889 2619 τῶν

1109 2643 1262 2678 φωστήρων
1276 2642 1329 2677 γὰρ
1340 2641 1444 2677 ἡμέραι
1466 2641 1504 2675 τῷ
1520 2641 1615 2676 κόσμῳ
1631 2640 1826 2676 καιτῇγενέσει
1842 2640 1889 2666 λο-

1110 2681 1231 2723 γίζονται
1248 2697 1254 2703 ·
1272 2688 1313 2715 ὅτι
1338 2687 1486 2720 τεταρταίσ.
1511 2685 1578 2712 οὖσα
1591 2688 1640 2712 οὐκ
1653 2686 1686 2713 ἂν
1700 2686 1729 2712 τὸ
1743 2686 1825 2720 ἄκρον
1839 2686 1889 2710 ὲπ-

1110 2735 1166 2769 εῖχε
1178 2734 1228 2768 τῆς
1236 2732 1349 2766 δύσεως,
1360 2732 1415 2759 οὐδ’
1425 2733 1457 2759 ἂν
1467 2732 1648 2767 ἀντικατέστη
1663 2731 1730 2766 πρὸς
1742 2731 1791 2766 τὴν
1802 2730 1890 2766 ἀρχὴν

1109 2781 1158 2815 τῆς
1170 2781 1230 2807 τότε
1243 2779 1450 2814 νυκτὸς,ἇρχειν
1461 2779 1561 2814 ταύτης
1570 2777 1725 2812 ὀφείλουσα”
1737 2777 1891 2804 πλεονεκτεῖ

1111 2827 1199 2852 τοίνυν
1229 2825 1335 2861 ἡμέρας
1362 2825 1467 2857 ἕνδεκα,
1487 2827 1519 2861 τῇ
1539 2824 1655 2861 τετάρτῃ
1682 2823 1771 2859 ἡμέρᾳ
1791 2823 1890 2859 προελ-
