2072 3157
196 151 233 183 89
757 155 1026 188 COMMENTARII
1041 159 1080 189 IN
1097 159 1278 189 GENESIN.
1799 162 1834 194 90

197 208 283 235 θοῦσα
311 208 582 243 πεντεκαιδεκαταία,
611 210 658 237 καὶ
676 210 789 244 ταύταις
813 208 985 241 ἐπλεονέκτει

1047 215 1103 242 lum
1125 215 1277 243 excesserit
1297 215 1370 242 diem
1393 219 1535 250 quartum,
1554 214 1610 242 ﬁeri
1637 216 1708 243 haud
1733 217 1832 252 quivit,

196 255 242 282 τὸν
254 254 341 290 ἥλιον,
358 256 448 283 καίτοι
475 256 525 282 σὺν
537 256 612 292 αὐτῷ
629 258 762 293 γενομένη
774 267 781 274 ο
795 259 828 290 ἃς
838 257 886 286 οὖν
910 261 990 287 ἐπλε-

197 300 339 336 ονέκτησε,
354 300 418 327 καθ’
428 300 542 327 ἕκαστον
559 302 722 330 ἀποδίδωσιν
735 303 806 334 ἔτος.
823 305 852 331 Ὁ
871 305 921 340 μὲν
935 306 990 341 γὰρ

199 345 303 381 ταύτης
317 346 371 382 μὴν
381 348 469 373 εἴκοσι
484 347 563 374 ἐννέα
577 348 692 383 ήμίςεός
708 349 783 376 ἐστιν
796 351 920 386 ἡμερῶν·
931 352 946 378 ό
960 352 989 379 δὲ

200 392 248 418 τοῦ
262 392 339 428 ἡλίου
362 393 522 428 τριάκοντα,
538 393 592 420 τῶν
604 394 778 423 λεπτοτάτων
794 397 988 433 ποστημορίων

201 437 456 474 προσλογιζομένων
477 438 566 475 ἡλίου,
581 438 612 472 ἐξ
626 437 664 467 ὧν
675 442 703 467 ai.
719 441 801 468 πέντε
827 443 989 478 προστίθεν-

201 493 258 511 ται.

1044 267 1072 290 ιιι
1086 263 1227 290 obtineret
1240 269 1359 290 occasus
1372 262 1512 296 regionem
1530 269 1701 296 supremam.
1711 261 1767 290 Nec
1782 263 1834 291 soli

1041 309 1168 344 Opposita
1186 308 1238 336 fuit
1253 308 1314 343 ejus
1332 308 1422 335 noctis
1438 307 1528 334 initio.
1546 307 1617 340 Quia
1639 312 1696 334 tum
1713 308 1834 343 primum

1041 361 1120 381 suum
1134 354 1302 380 curriculum
1313 353 1431 380 debebat
1443 353 1566 388 incipere
1577 360 1717 387 peragere.
1729 353 1834 385 Quarto
1868 378 1872 385 ,

1041 400 1135 434 itaque
1164 400 1282 427 formata
1299 391 1427 432 die,cum
1446 399 1503 433 jam
1531 399 1668 433 attigisset
1697 398 1834 426 decimum

1043 446 1169 480 quintum
1186 445 1269 475 diem.
1280 444 1431 472 excedebat
1446 444 1573 471 undecim
1584 444 1693 476 diebus,
1705 443 1834 470 videlicet

1043 491 1214 523 solem,licet
1232 499 1286 518 una
1302 498 1363 517 cum
1375 490 1427 517 hoc
1440 490 1467 516 in
1481 490 1630 517 essentiam
1649 489 1832 523 prorupisset.

204 528 269 557 Dies
279 529 384 564 itaque.
400 530 505 565 quibus
522 531 608 559 solem
621 534 782 568 superabat,
792 536 942 569 quotannis
953 536 1068 565 reddere
1081 538 1368 572 solet.Complectitnr
1380 537 1453 564 enim
1470 537 1574 564 lunaris
1595 537 1697 564 mensis
1718 536 1773 564 .lies
1785 534 1831 567 ‘29,

203 584 266 605 cum
294 575 420 604 dimidio.
445 576 583 605 Caeterum
613 579 713 607 solaris
741 581 847 608 mensis
871 582 992 610 continet
1009 582 1068 611 dies
1084 583 1129 616 50,
1146 584 1248 611 additis
1279 591 1391 619 quoque
1423 582 1547 610 minutiis
1562 582 1759 614 solaribus,ex
1772 582 1833 617 qui-

203 622 255 650 bus
266 622 327 650 dies
338 623 463 658 quinque
475 623 656 659 adjiciuntur.

238 668 375 704 Ζητητέον
389 668 417 695 δὲ
431 669 456 696 εί
470 669 669 707 ὲμπεπήγασιν
693 671 818 708 οὐρανῷ,
835 673 852 708 ἢ
868 674 928 700 κατ’
945 675 992 700 αὑ-

1078 672 1201 706 ρυαιδιῖο
1226 679 1300 698 nunc
1320 671 1457 702 nascitur,
1470 677 1505 697 an
1528 669 1574 697 illa
1597 669 1745 696 luminaria
1761 668 1833 696 cmlo

200 713 248 740 τοῦ
262 713 392 748 φέρονται
418 713 560 748 μένοντος,
576 715 698 751 ἦτούτου
718 717 883 752 κατώτερον.
899 718 929 744 '0
941 719 992 753 μὲν

1047 720 1097 746 lixa
1108 717 1362 745 circumvolvantur
1377 726 1384 744 :
1405 717 1449 744 vel
1461 717 1532 744 caelo
1548 716 1641 743 stabili
1657 721 1684 743 et
1696 715 1831 742 immobili

201 759 256 793 γὰρ
271 759 397 794 Ὄμηρος
411 759 544 794 (λεγέσθω
565 761 621 796 γὰρ
635 761 714 789 τοῦτο
728 763 798 799 πρὺς
813 765 876 796 τοὺς
890 765 991 800 Ἔλλη-

1047 767 1175 791 manente
1197 771 1263 791 suas
1279 763 1468 791 revolutiones
1494 762 1660 797 absolvant;
1678 761 1778 788 deinde
1797 768 1832 788 an

201 804 260 840 νας)
272 805 339 840 φησί
352 813 404 832 που
416 805 528 839 λέγων-ι
541 807 645 839 Ἠέλιος
654 807 676 834 δ’
682 809 807 836 ἀνέτελλε
816 809 903 836 λιπὼν
918 819 992 846 περι-

204 850 302 877 καλλέα
317 851 415 886 λίμνην
428 852 542 887 οὐρανὸν
554 853 582 884 ἐς
597 853 778 889 πολύχαλκον.
796 865 805 881 ι
824 856 879 882 Καὶ
893 856 987 889 πάλιν,

1042 810 1116 838 infra
1134 810 1186 837 hoc
1203 811 1304 837 ccelum
1321 814 1414 837 motus
1440 817 1506 836 suos
1523 809 1621 835 citent.
1639 807 1707 834 Nam
1730 806 1831 834 Home-

1043 865 1092 884 rus
1107 857 1208 884 alicubi
1227 857 1267 892 (nt
1280 857 1393 883 interim
1408 856 1511 882 Graacis
1525 857 1581 882 haec
1592 853 1732 889 objiciam)
1744 853 1830 880 dicit:

203 906 213 922 ι
233 896 278 930 Ἐξ
299 896 500 933 ἀκαλαρρείταο
515 898 666 935 βαθυρρόου
680 900 837 928 ὠκεανοῖο.)
857 902 935 934 Τινὲς
962 902 991 929 δὲ

1048 913 1056 929 ι
1088 903 1134 931 Sol
1163 903 1325 938 relinquens
1356 902 1573 938 pulcherrimum
1606 901 1695 928 locum
1730 900 1831 927 coelum

201 942 350 977 κατωτέρω
358 944 441 976 φασὶν
451 945 567 980 οὐρανοῦ
582 947 746 982 ἀεροπορεῖν
761 947 825 979 τοὺς
843 948 991 985 φωστῆρας

200 988 297 1024 πόρρω
310 989 505 1025 τυγχάνοντας.
523 991 628 1018 Οὐκοῦν
640 992 670 1018 τὸ
688 992 769 1020 πλέον
780 994 837 1020 ἄνω
848 995 992 1030 παρέπεμ-

200 1043 251 1060 πον
260 1034 308 1061 τοῦ
325 1036 414 1069 φωτὸς
428 1036 484 1071 ὅσῳ
509 1037 558 1063 καὶ
572 1040 723 1074 κατωτέρω
750 1039 910 1076 ἐτύγχανον,
922 1042 953 1068 τὸ
965 1043 995 1070 δὲ

199 1077 294 1104 λοιπὸν
322 1079 415 1105 κάτιιγ
438 1081 489 1106 οὐκ
505 1080 580 1108 ἐστιν
603 1080 650 1110 οὖν
674 1083 745 1110 ὥστε
763 1084 868 1118 φαίνειν
887 1086 933 1112 ἐπὶ
944 1087 995 1121 τῆς

200 1124 252 1157 γῆς
262 1123 374 1159 μᾶλλον,
382 1125 450 1152 ἀλλὰ
460 1126 507 1153 καὶ
517 1126 574 1154 ἄνω
587 1129 626 1159 εἰς
637 1130 700 1161 τοὺς
713 1130 742 1156 οὐ
747 1131 995 1165 ρανούς.Ἐοίκασιν

200 1166 247 1195 οὖν
273 1170 425 1197 ἐπιϐαίνειν
451 1172 500 1206 τῆς
526 1173 688 1206 ἐπιφανείας
700 1175 784 1201 αὐτοῦ
800 1175 831 1202 τὸ
847 1176 906 1209 φῶς
921 1177 994 1205 ἅπαν

199 1215 245 1249 ἐφ’
266 1216 340 1251 ἡμᾶς
352 1217 600 1252 παραπέμποντες·
621 1220 682 1247 ὅθεν
703 1222 719 1256 ᾑ
737 1222 842 1258 Γραφὴ,
861 1232 870 1249 ι
887 1223 991 1256 Ἕοετο,

200 1263 295 1298 φησὶν,
304 1263 374 1290 αὐτὰ
389 1265 404 1291 ὁ
418 1265 484 1296 Θεὸς
497 1266 525 1291 ἐν
539 1266 578 1301 τῷ
588 1267 783 1302 στερεώματι,ι
794 1269 844 1296 οὐκ
856 1270 915 1297 ἀντὶ
927 1270 996 1304 ἐπη-

200 1308 375 1342 ξεν,ἁλλ“ὠς
382 1311 542 1343 τὺ,‹¹Εθετο
556 1312 602 1338 τὸν
609 1313 695 1348 Ἀδὰμ
707 1315 720 1340 ὁ
732 1314 799 1346 Θεὸς
813 1316 842 1342 ἐν
853 1315 893 1351 τῷ
906 1325 996 1350 παραυ

199 1355 308 1390 δείσῳ.»
329 1356 481 1392 Τοιγαροῦν
495 1359 542 1385 καὶ
558 1358 663 1393 Ἰησοῦς
677 1360 691 1386 ό
702 1360 749 1386 τοῦ
763 1361 869 1396 Ναυῆ,«
887 1361 995 1396 Στήτω,

201 1401 296 1436 φησὶν,
309 1403 323 1429 ό
334 1402 437 1438 ἣλιος.»
445 1404 517 1438 οὐχὶ,
528 1405 543 1431 ὁ
554 1405 639 1431 κινῶν
651 1406 732 1432 αὑτὸν
740 1407 944 1443 οὐρανὸς,καὶή
956 1415 999 1434 σε·

200 1449 334 1484 λὴνη,καὶ
342 1449 455 1483 γέγονεν
464 1449 560 1482 οὕτως.
568 1451 697 1486 Διαφέρει
706 1452 734 1478 δὲ
745 1452 784 1485 τὸ,
794 1462 803 1478 ι
816 1453 914 1480 Ἔθετο
926 1454 997 1481 αὐτὰ

199 1495 215 1521 ό
230 1494 299 1525 Θεὸς
313 1495 344 1521 ὲν
362 1495 403 1530 τῷ
420 1496 602 1530 στερεώματι,
620 1507 629 1523 ι
643 1498 691 1524 τοῦ
717 1498 782 1533 περὶ
813 1498 869 1525 τῶν
897 1499 997 1534 ὀρνέων

201 1539 354 1576 λεχθέντος,
381 1541 423 1568 ὅτι
438 1542 518 1568 Κατὰ
526 1542 557 1568 τὸ
572 1543 716 1578 στερέωμα
734 1543 781 1570 τοῦ
797 1544 913 1579 οὐρανοῦ
926 1544 997 1571 ἔστω

202 1586 358 1621 πετόμενα²
374 1587 439 1614 ἄλλο
453 1587 507 1623 γὰρ
521 1588 552 1614 τὺ
565 1588 601 1615 ἐν
614 1588 705 1621 αὐτῷ,
735 1589 782 1616 καὶ
794 1589 824 1616 τὸ
849 1589 912 1616 κατ’
922 1589 997 1616 αὐτὸ

203 1633 252 1668 μὶ
264 1632 423 1667 μετέωρον.

1043 949 1167 978 ascendit
1185 949 1272 977 multo
1297 957 1361 976 aere
1386 948 1532 984 fulgidum.
1548 957 1557 974 ι
1576 947 1608 974 Et
1632 947 1729 974 iterum
1745 955 1752 973 :
1771 956 1780 971 ι
1793 945 1834 972 Ex

1043 996 1141 1024 leniter
1169 996 1294 1023 ﬂuitante
1321 998 1348 1022 et
1373 994 1511 1029 profundo
1535 992 1657 1020 Oceano.
1677 1001 1686 1017 ι
1714 990 1832 1023 Quidam

1044 1042 1226 1078 pronuntiant
1241 1040 1389 1068 luminaria
1404 1032 1555 1075 longinquo
1567 1046 1583 1065 a
1600 1038 1671 1065 coelo
1687 1036 1833 1064 intervallo

1044 1090 1071 1115 in
1099 1096 1161 1116 aere
1175 1087 1266 1122 vagari
1286 1087 1402 1113 multum
1429 1094 1443 1112 a
1463 1085 1534 1112 cmlo
1550 1089 1666 1112 remota.
1681 1082 1785 1116 Itaque,
1802 1085 1833 1108 ut

1044 1141 1075 1160 ex
1093 1133 1231 1168 praedictis
1252 1135 1375 1166 apparet,
1391 1129 1553 1164 pleramque
1580 1128 1651 1154 lucis
1668 1131 1784 1161 partem,
1803 1129 1834 1152 ut

1045 1179 1072 1205 in
1099 1178 1269 1213 superiorem
1299 1176 1437 1211 regionem
1465 1173 1699 1204 transfunderent,
1721 1176 1748 1198 et
1768 1170 1834 1198 reli-

1045 1233 1127 1260 quam
1156 1225 1266 1252 denmm
1293 1222 1423 1249 deorsum
1449 1220 1483 1247 ad
1517 1228 1567 1247 nos
1591 1219 1832 1246 transmitterem:

1045 1275 1176 1306 praeterea
1204 1269 1292 1304 magis
1304 1269 1404 1300 caelos,
1430 1274 1512 1302 quam
1542 1270 1666 1292 nostram
1692 1264 1834 1298 regionem

1046 1324 1097 1343 suo
1110 1315 1215 1350 fulgore
1231 1315 1415 1341 illustrarent.
1428 1311 1465 1339 Ut
1475 1311 1542 1339 mihi
1556 1310 1675 1342 videtur,
1690 1309 1742 1343 2'7
1759 1309 1835 1335 ince-

1046 1364 1115 1391 dunt
1133 1371 1181 1398 per
1208 1362 1272 1390 coeli
1295 1360 1472 1396 superﬁciem
1498 1360 1588 1386 lucem
1605 1357 1638 1384 ad
1667 1364 1718 1384 nos
1745 1356 1836 1390 porri-

1047 1410 1141 1445 gentia
1172 1409 1340 1436 universam.
1362 1406 1422 1434 Non
1448 1405 1521 1433 enim
1538 1405 1641 1432 frustra
1658 1403 1741 1430 habet
1758 1401 1836 1429 Scri-

1046 1462 1125 1491 ptura
1139 1465 1146 1483 :
1165 1465 1174 1482 ι
1186 1455 1282 1482 Posuit
1299 1454 1371 1481 Dens
1384 1462 1416 1481 ea
1431 1453 1459 1480 in
1480 1453 1664 1479 ﬁrmamento.
1684 1460 1694 1476 ι
1711 1448 1767 1476 Nec
1788 1449 1832 1475 in-

1047 1502 1196 1536 telligenda
1215 1505 1268 1533 est,
1297 1505 1326 1528 ut
1342 1499 1455 1534 quidam
1469 1499 1576 1529 volunt,
1601 1497 1704 1528 dictio.
1731 1495 1835 1530 posuit,

1048 1554 1097 1581 pro
1113 1546 1183 1580 ﬁxit.
1209 1545 1382 1580 Quapropter
1405 1548 1432 1571 et
1455 1542 1536 1571 Jesus
1556 1543 1628 1570 [ilius
1643 1541 1717 1568 Nave
1742 1539 1836 1568 excia-

1050 1597 1108 1620 mat
1123 1602 1129 1619 :
1151 1601 1160 1617 ‹
1177 1591 1236 1619 Stet
1251 1591 1303 1624 sol,
1320 1601 1329 1617 ι
1356 1598 1407 1618 nec
1422 1589 1494 1616 dixit
1516 1599 1523 1616 :
1547 1589 1607 1616 Stet
1625 1588 1736 1619 caelum,
1762 1584 1836 1620 quod

1052 1639 1142 1674 ipsum
1159 1644 1259 1665 movet.
1281 1637 1376 1664 Diﬁert
1391 1640 1483 1663 autem
1501 1643 1621 1670 praesens
1641 1634 1741 1661 locus:
1761 1642 1769 1658 ι
1785 1631 1837 1658 Ρο-

204 1678 262 1706 suit
277 1686 311 1706 ea
338 1679 409 1706 Deus
433 1680 459 1706 in
486 1678 669 1710 ﬁrmamento.
696 1688 706 1705 ›
730 1683 797 1712 etc.,
818 1680 853 1708 ab
874 1688 907 1708 eo
933 1681 979 1716 qni
999 1682 1033 1709 de
1052 1684 1151 1710 avibus
1183 1687 1431 1713 commemoratur,
1455 1681 1583 1709 scilicet:
1611 1678 1674 1706 Sint
1711 1685 1760 1713 per
1782 1677 1829 1704 lir-

205 1730 377 1752 inameutnm
388 1726 452 1753 caeli
471 1726 607 1753 volantes.
625 1724 706 1752 Aliud
724 1726 798 1753 enim
815 1730 868 1758 est,
880 1727 907 1753 in
926 1727 994 1762 ipsa,
1014 1737 1108 1764 quam.
1120 1737 1166 1764 per
1182 1730 1280 1764 ipsum,
1297 1733 1323 1755 et
1339 1728 1367 1755 in
1384 1724 1503 1754 sublimi.
1518 1723 1520 1725 ⁷

241 1771 322 1803 Τινὲς
336 1771 364 1798 δὲ
375 1771 419 1798 διὰ
433 1770 483 1802 τὰς
505 1771 623 1806 ἡλιακὰς
648 1771 786 1805 ἐκλείψεις
807 1771 997 1808 κατωτέρω¹δὲ

205 1818 254 1845 τοῦ
267 1817 345 1854 ἡλίου
355 1817 405 1852 τὴν
417 1817 532 1852 σελήνην
543 1817 675 1843 ὑπέθεντο
690 1825 697 1832 ’
718 1817 742 1843 οἳ
753 1817 799 1843 καὶ
816 1817 853 1852 μὴ
868 1817 998 1852 λέγοντες

207 1865 328 1898 σφαῖραν
357 1860 428 1889 εἶναι
453 1862 500 1889 τὸν
530 1862 655 1898 οὐρανὸν,
673 1863 787 1896 ζητοῦσι
801 1863 852 1890 ποῦ
864 1863 938 1890 δύνει
949 1864 999 1900 τὴν

205 1910 294 1937 νύκτα
316 1909 364 1936 καὶ
376 1909 499 1944 φέρεται.
513 1910 566 1936 Καί
581 1918 648 1944 φασι
663 1910 700 1944 μὴ
718 1904 808 1936 δύῦειν
823 1910 875 1937 ὑπὸ
888 1912 955 1946 γῆν·
967 1911 999 1937 τὺ

205 1957 234 1982 δὲ
259 1956 368 1982 δυτικὺν
396 1956 484 1990 πέρας
512 1955 655 1989 ἐξελθόντα
679 1955 727 1982 τοῦ
746 1956 873 1992 οὐρανοῦ,
891 1957 999 1992 τρέχειν

208 2003 257 2028 ἐπὶ
267 2001 368 2037 βορρᾶν
379 2000 475 2036 ὥσπερ
487 2001 540 2027 ὑπό
549 2010 610 2028 τινα
631 2002 721 2036 τοῖχον
737 2002 926 2037 κρυπτόμενον
939 2010 946 2017 ³
961 2002 999 2038 μὴ

209 2048 424 2082 συγχωρούντων
436 2047 526 2074 αὐτῶν
537 2048 591 2074 τῶν
603 2048 708 2076 ὑδάτων
718 2049 846 2084 φανῆναι,
864 2049 912 2076 καὶ
927 2049 999 2076 οὕτω

207 2094 302 2129 κύκλῳ
312 2095 410 2129 χωρεῖν
425 2094 467 2120 ἐπ’
478 2095 610 2130 ἀνατολήν
620 2103 627 2110 ·
640 2095 687 2121 τὸν
709 2095 926 2131 Ἐκκλησιαστὴν
939 2096 1001 2122 ἑπι-

211 2139 430 2175 μαρτυρούμενοι
441 2140 578 2174 λέγονταἿ
591 2141 742 2168 Ἀνατέλλει
751 2143 765 2167 ὁ
773 2142 858 2177 ἥλιος,
869 2143 916 2169 καὶ
928 2142 1000 2169 δύνει

208 2188 223 2214 ὀ
237 2187 324 2221 ἥλιος,
337 2186 490 2213 ἀνατέλλων
505 2187 652 2222 πορεύεται
668 2188 739 2214 κατὰ
750 2188 829 2215 δύσιν
844 2189 890 2214 καὶ
903 2188 1001 2215 κυκλοῖ

210 2232 280 2268 πρὸς
309 2232 419 2267 βορρᾶν,
435 2233 531 2260 κυκλοῖ
549 2233 656 2259 κυκλῶν
671 2234 718 2260 καὶ
738 2235 778 2266 εἰς
790 2234 836 2261 τὸν
852 2235 935 2261 τόπον
946 2234 997 2261 αὺ-

1083 1775 1199 1808 Quidam
1228 1774 1339 1802 adducti
1368 1773 1520 1808 eclipsibus
1549 1771 1704 1803 solaribus,
1729 1771 1836 1798 dixere.

1049 1823 1140 1849 lunam
1161 1822 1234 1849 infra
1252 1821 1338 1849 solem
1351 1820 1483 1855 positam,
1500 1819 1544 1854 qui
1561 1819 1625 1846 licet
1639 1818 1761 1846 sentiant
1778 1825 1837 1845 cm-

1048 1868 1103 1894 lum
1118 1875 1170 1894 non
1187 1875 1251 1895 esse
1263 1867 1386 1902 globum,
1403 1869 1533 1900 qmerunt
1559 1865 1603 1891 ubi
1618 1864 1727 1892 occidat
1739 1868 1834 1896 noctu,

1047 1918 1075 1941 et
1093 1921 1149 1949 quo
1163 1913 1255 1940 vadat.
1269 1913 1352 1940 Aiunt
1368 1912 1442 1939 enim
1459 1920 1512 1939 non
1526 1911 1651 1938 occidere
1662 1911 1715 1938 sub
1734 1915 1836 1937 terram

1049 1960 1104 1987 iter
1118 1959 1278 1990 facientem,
1296 1958 1343 1986 sed
1355 1958 1553 1986 occidentalem
1571 1957 1633 1985 ωειὶ
1649 1957 1764 1984 limitem
1777 1963 1839 1990 per-

1050 2010 1217 2037 eurrentem.
1235 2004 1349 2032 tendere
1364 2004 1398 2031 ad
1416 2004 1647 2039 septentrionem,
1664 2003 1711 2030 ubi
1733 2009 1763 2030 se
1787 2009 1836 2028 oc-

1050 2052 1135 2080 cultet
1150 2050 1227 2086 quasi
1255 2051 1283 2077 in
1308 2058 1389 2077 muro
1412 2049 1505 2077 valido
1523 2049 1604 2084 aquis
1627 2048 1839 2083 prohibentibus

1050 2102 1077 2125 et
1103 2096 1294 2124 avertentibus
1321 2103 1336 2123 a
1361 2100 1437 2123 terra
1460 2094 1631 2129 splendorem
1654 2094 1740 2128 ejus:
1765 2097 1793 2120 ct
1810 2093 1837 2119 in

1051 2144 1124 2170 lmnc
1141 2143 1253 2169 modum
1270 2142 1380 2169 tandem
1404 2141 1542 2176 proﬁcisci
1560 2140 1594 2167 ad
1610 2139 1744 2167 orientem
1761 2143 1838 2166 motu

1050 2197 1103 2217 suo
1116 2188 1259 2216 circulari.
1273 2187 1395 2218 Teslem,
1414 2194 1468 2221 quo
1492 2186 1563 2213 hanc
1586 2185 1745 2220 opinionem
1759 2192 1838 2212 suam

1051 2234 1196 2266 aliirment,
1213 2233 1401 2260 Ecclesiasten
1415 2230 1567 2262 adducunt,
1579 2231 1733 2258 dicentem:
1750 2239 1759 2255 ι
1775 2229 1839 2256 Ori-

209 2278 260 2306 τοῦ
282 2278 366 2306 ἕλκει.
379 2278 460 2305 Ὅθεν
474 2279 502 2305 ὲν
524 2279 639 2314 χειμῶνι
666 2279 715 2315 τὴν
738 2280 870 2315 ἀνατολὴν
893 2281 925 2306 ἐκ
950 2278 996 2306 τοῦ

1052 2284 1096 2307 tur
1111 2279 1151 2307 sol
1168 2283 1195 2306 et
1211 2278 1314 2306 occidit
1329 2278 1381 2310 sol,
1400 2282 1426 2304 et
1446 2277 1478 2304 ad
1497 2277 1586 2303 locum
1601 2283 1680 2303 suum
1698 2275 1776 2309 petit,
1791 2274 1838 2302 uhl

211 2325 372 2360 νατιωτέρου
386 2324 491 2360 μέρους.
497 2325 572 2352 *τοιού
577 2334 668 2361 μενος,
681 2326 770 2360 ὀλίγον
782 2326 873 2361 τεμὼν
885 2327 999 2360 διάστη-

215 2381 254 2407 μα
269 2372 342 2397 ποιεῖ
363 2371 465 2407 μικρὰν
487 2370 535 2406 τὴν
554 2371 679 2407 ἡμέραν·
693 2372 780 2398 δύνων
794 2372 823 2398 δὲ
840 2373 888 2399 καὶ
915 2372 1000 2398 πολὺν

214 2418 315 2455 κύκλον
339 2418 453 2453 τρέχων.
465 2420 536 2446 ποιεῖ
549 2419 659 2455 μακρὰν
675 2419 725 2454 τὴν
747 2419 844 2446 νύκτα.
861 2419 1001 2454 Διέρχεται

215 2465 269 2499 γὰρ
283 2464 357 2491 δύσιν
366 2465 430 2500 ὃλην
441 2466 487 2491 καὶ
502 2465 602 2501 βορρᾶν
615 2466 675 2492 ὅλον
690 2466 736 2492 καὶ
748 2467 840 2492 πᾶσαν
852 2466 1000 2500 ἀνατολὴν,

216 2510 285 2545 πρὸς
300 2511 329 2537 τδ
340 2510 454 2546 ἔσχατον
478 2511 564 2546 αὐτῆς
579 2512 625 2538 ἐπὶ
647 2511 723 2538 νότον
738 2511 888 2546 ἀφικέσθαι
907 2511 1001 2546 βουλό-

218 2565 300 2591 μενος
315 2564 322 2571 ·
343 2557 375 2583 ὲκ
401 2557 485 2592 μέσου
508 2557 537 2583 δὲ
559 2557 645 2592 αὐτῆς
667 2557 822 2584 ἀνατέλλων
853 2557 1001 2592 ἰσημερίαν

216 2603 291 2628 ποιεῖ
304 2611 311 2617 ·
325 2602 358 2629 ὲκ
372 2602 400 2629 δὲ
411 2602 457 2629 τοῦ
482 2602 587 2638 βορείου
599 2603 684 2637 μείζω
694 2603 743 2638 τὴν
761 2602 869 2638 ἡμέραν
882 2601 999 2636 ἐργάζε-

215 2657 260 2675 ται
276 2648 430 2680 ἐξεναντίας
443 2648 459 2683 ἢ
472 2649 515 2674 ὅτε
531 2648 615 2683 μείζω
631 2650 681 2684 τὴν
694 2649 780 2676 νύκτα
796 2648 893 2675 ἐποίει.

1049 2326 1106 2361 ipse
1120 2325 1237 2352 oriatur.
1261 2323 1373 2350 Transit
1395 2323 1427 2349 ad
1449 2321 1603 2354 meridiem,
1629 2325 1656 2348 et
1671 2320 1789 2348 deﬂectit
1804 2319 1839 2346 ad

1050 2372 1207 2407 aquilonem
1221 2370 1293 2401 "‘7'.
1309 2374 1377 2397 nete.
1387 2369 1562 2405 Quapropter
1574 2369 1601 2396 in
1612 2368 1701 2395 hieme
1711 2373 1839 2395 exortum

1052 2418 1157 2445 faciens
1176 2425 1191 2444 a
1208 2416 1381 2443 meridionali
1396 2420 1484 2442 tractu
1500 2415 1573 2446 coeli,
1587 2413 1726 2441 modicum
1742 2421 1840 2442 secans

1053 2463 1185 2498 spatium,
1204 2462 1302 2489 breves
1319 2461 1403 2488 clﬁcit
1419 2460 1499 2493 dies;
1514 2460 1646 2487 occidens
1660 2468 1724 2487 vero
1738 2463 1765 2486 et
1779 2460 1840 2486 lon-

1052 2516 1116 2543 gum
1133 2507 1270 2534 circulum
1285 2506 1427 2538 evolvens,
1451 2506 1547 2540 longas
1569 2505 1716 2532 constituit
1731 2510 1837 2532 noctes.

1054 2554 1152 2581 Totum
1166 2553 1267 2580 etenim
1285 2556 1416 2586 peragrat
1429 2559 1559 2578 occasum
1571 2554 1717 2585 totumque
1730 2554 1839 2584 septen-

1055 2600 1172 2626 trionem
1197 2604 1249 2624 nec
1269 2604 1325 2623 non
1341 2597 1501 2623 universum
1515 2596 1647 2624 orientem
1662 2595 1694 2622 ad
1716 2595 1777 2629 ejus
1791 2603 1840 2621 ex-

1056 2645 1223 2672 tremitatem
1248 2643 1354 2671 scilicet
1376 2648 1498 2670 austrum
1519 2643 1614 2670 venire
1633 2646 1776 2678 expetens.
1791 2641 1842 2669 Sin

219 2704 285 2722 vero
301 2697 329 2724 in
345 2697 437 2724 medio
448 2696 600 2729 exoriatur,
614 2697 810 2732 aequinoctium
823 2696 907 2732 parit.
921 2696 1056 2723 Caeterum
1073 2702 1106 2721 ex
1124 2692 1226 2720 boreali
1268 2692 1348 2727 plaga
1384 2691 1546 2726 procedens,
1583 2691 1655 2718 diem
1688 2689 1840 2724 longiorem

218 2743 305 2782 gignit
321 2751 329 2770 :
345 2743 369 2770 si
383 2750 449 2770 vero
466 2750 480 2769 a
496 2742 606 2771 diversa
627 2744 786 2779 egrediatur
804 2748 894 2779 parte,
911 2742 1111 2778 longitudinem
1129 2738 1205 2767 addit
1217 2739 1359 2766 noetibus.

223 2786 226 2789 ’
255 2789 310 2815 Καὶ
323 2787 463 2816 εστωσαν
485 2790 528 2822 εἰς
542 2789 652 2824 σημεῖα
676 2789 724 2816 καί
741 2790 785 2822 εις
805 2788 926 2823 καιροὺς
946 2788 995 2815 καὶ

257 2878 318 2907 9’s”
332 2877 424 2906 Eccle.
435 2885 454 2914 ι,
466 2877 491 2911 5,
505 2878 532 2905 6.

1086 2784 1169 2812 Vens.
1189 2784 1230 2812 li.
1250 2783 1283 2811 Et
1301 2785 1354 2812 sint
1375 2784 1402 2811 in
1425 2783 1512 2818 signa,
1531 2787 1556 2810 et
1573 2783 1600 2810 in
1620 2786 1694 2809 σει-ια
1708 2786 1837 2814 tempora,
