2072 3157
233 157 263 190 91

887 159 1063 189 PROCOPII
1081 159 1201 188 GAZI‘El

1819 159 1858 191 92

232 218 256 240 et
272 213 300 240 in
313 213 369 240 dies
384 217 462 248 atque
481 213 509 239 in
528 221 624 240 annos.
651 213 735 249 Signa
758 213 858 241 horum
877 214 1016 241 luminum

1085 215 1110 245 lc
1126 214 1238 248 ἡμέρας
1257 213 1305 240 καὶ
1331 213 1375 246 εις
1400 213 1570 246 ἐνιαυτούς.
1604 213 1765 247 ’Δναγκαῐαι
1788 215 1856 250 πρὸς

233 260 276 287 vel
300 259 436 294 imprimis
463 260 623 286 necessaria
652 264 718 286 sunt
745 260 778 287 ad
799 259 947 286 humanam
974 260 1017 286 vi—

233 309 290 332 tam
305 309 381 332 recte
399 305 627 339 transigendam:
648 305 704 332 nisi
722 306 788 340 quis
802 306 875 332 ultra
890 305 1018 340 pra'scri-

235 354 311 385 ptum
329 350 440 377 modum
467 350 616 384 operosius
636 354 662 377 et
678 350 904 385 superstitiosius
920 358 1017 377 eorum

234 396 314 429 signa
330 402 430 422 curare
448 395 524 423 velit.
547 394 672 422 Plurima
693 395 829 423 discimus
849 395 1019 431 experientia

235 440 311 472 freti,
332 440 367 467 de
395 440 499 475 pluvia.
530 440 717 473 siccitatibus.
734 441 824 468 ventis
851 446 878 468 et
892 440 927 468 de
942 445 1019 467 mqu

235 485 447 521 particularium
470 488 520 512 aut
536 485 658 512 universi
685 485 808 513 violento
831 486 872 513 vel
888 486 1018 513 remisso.

235 527 329 559 Unum
346 539 455 564 eorum,
473 538 537 566 quae
553 531 594 558 sol
608 531 763 564 ministrat,
782 531 865 558 etiam
887 531 1021 558 Dominus

235 578 317 605 nobis
342 577 470 611 tradidit,
497 578 650 612 inquiens:
666 586 676 604 ι
707 577 850 605 Serenitas
865 578 939 608 erit;
958 584 1020 604 nam

236 623 317 651 rubet
336 623 449 651 ccclum.
477 622 511 650 Et
535 631 640 651 mane:
671 623 760 650 Hodie
775 628 925 658 tempestas
951 624 1020 656 erit;

237 669 319 696 rubet
335 669 409 696 enim
427 669 528 696 caelum
552 669 633 696 triste
647 669 682 696 '”.
702 677 712 694 ι
738 667 875 696 Praeterea
889 668 1023 696 Dominus

237 714 365 750 prmdixit
395 714 424 742 in
452 715 604 742 novissimo
630 714 673 741 die
704 714 817 749 quando
846 714 939 751 pninia
968 714 1024 741 ele-

240 765 332 788 menta
350 760 519 788 intercident
534 761 561 787 in
578 761 637 787 sole
658 764 687 787 et
707 760 773 787 luna
790 759 929 794 astrisque
944 759 1024 794 signa

239 806 412 841 apparitura.
440 805 530 840 Atque
551 805 609 832 haec
632 805 694 840 eius
718 805 801 832 verba
827 809 913 831 sunt:
945 812 954 829 ι
978 804 1024 830 Sol

239 856 417 879 convertetur
433 852 461 878 in
491 851 635 882 tenebras,
663 854 691 878 et
709 850 772 877 luna
792 850 819 877 in
839 849 1022 883 sanguinem:

238 901 266 924 et
306 902 383 924 astra
425 904 481 924 non
532 897 649 924 fundent
690 897 810 930 amplius
847 885 1062 930 splendoremB

240 950 321 970 suum
333 944 367 969 ".
385 953 394 968 ι
412 943 492 976 Quod
525 943 633 978 inquit,
650 943 678 970 in
700 948 816 977 tempora
831 962 839 974 ,
861 947 927 976 etc.,
946 943 1026 969 intel-

240 989 300 1023 ligit
327 993 481 1024 temporum
509 989 676 1016 mutationes
690 993 718 1016 et
742 989 827 1016 vices.
844 987 920 1021 Quod
944 987 1024 1020 dicit,

239 1037 269 1062 in
296 1035 372 1067 dies,
397 1040 474 1067 etc.,
496 1043 550 1062 non
585 1035 776 1070 accipiendum
804 1039 867 1067 est,
895 1039 924 1061 ut
964 1035 1025 1062 dies

241 1081 354 1114 faciant,
377 1082 426 1110 sed
455 1085 484 1109 ut
500 1082 527 1109 in
553 1081 597 1108 his
620 1081 757 1108 Curricula
785 1089 836 1108 sua
862 1081 1024 1109 decurrant.

243 1126 308 1154 Dies
324 1135 444 1161 namque
463 1131 490 1154 et
504 1134 558 1154 nox
576 1126 752 1161 antiquiores
773 1130 838 1154 sunt
858 1131 933 1153 motu
947 1127 1027 1154 lumi-

242 1172 364 1200 nariunI.
383 1173 451 1200 Nam
473 1176 500 1200 et
527 1164 659 1200 Psalmus
683 1172 768 1200 habet
783 1182 790 1199 :
807 1182 816 1199 (
834 1172 926 1200 Solem
940 1163 1025 1205 ‘l‘acit,

243 1222 273 1245 ut
297 1218 454 1245 dominium
479 1219 579 1246 habeat
605 1219 632 1245 in
650 1217 694 1246 die
718 1218 752 1245 τ’.
768 1227 778 1244 ι
803 1217 946 1253 Siquidem
968 1218 1026 1249 lux,

242 1272 325 1299 quam
346 1265 448 1298 ubique
469 1265 642 1296 circumfert,
669 1265 886 1300 supergrediens
903 1269 1026 1291 nostrum

244 1311 428 1343 horizontem,
458 1311 530 1338 diem
561 1311 669 1346 praebet
695 1311 854 1338 dissolvens
886 1311 1026 1338 tenebras.

245 1356 299 1383 Sed
325 1361 353 1383 et
377 1357 411 1384 ad
437 1356 632 1384 formationem
658 1361 686 1384 et
710 1357 935 1384 constitutiOneuI
961 1357 1027 1384 anni

245 1402 297 1430 ista
312 1402 366 1429 duo
395 1403 542 1430 luminaria
567 1402 694 1430 instituta
717 1406 792 1429 sunt.
808 1401 877 1428 Nam
895 1403 958 1429 luna
975 1403 1028 1429 duo

245 1449 339 1476 decies
352 1456 432 1476 suum
448 1449 620 1476 curriculum
644 1448 807 1478 conliciens,
824 1439 925 1475 annum
944 1450 1028 1483 parit:

247 1494 287 1521 sol
306 1493 340 1520 ad
365 1493 436 1521 idem
463 1498 608 1529 punctum.
624 1493 697 1520 unde
721 1493 803 1520 eundi
828 1493 935 1520 initium
953 1493 1029 1526 fecit,

246 1547 386 1572 reversus,
413 1547 515 1566 annum
558 1540 718 1567 constituit.
760 1539 839 1572 Quod
864 1547 929 1566 vero
951 1540 1029 1575 signa

247 1585 372 1620 quaedam
393 1586 567 1616 contineant,
586 1585 696 1612 videtur
722 1585 866 1612 insinuare
887 1585 1032 1620 Scriptura

248 1639 339 1660 sacra.
368 1632 507 1666 Repeteus
530 1631 605 1658 enim
633 1636 775 1658 astrorum
808 1630 967 1663 utilitatem,
991 1631 1034 1657 iu-

247 1678 319 1711 quit,
338 1685 393 1704 non
420 1677 510 1704 solum
533 1682 562 1703 ut
586 1677 674 1703 lucem
693 1679 840 1710 apportent
859 1676 1033 1707 mortalibus,

249 1722 297 1750 sed
314 1726 343 1749 ut
370 1722 487 1756 imperio
506 1725 633 1756 premant
660 1720 733 1747 diem
755 1724 931 1754 noctemque,
946 1723 972 1746 et
990 1720 1033 1746 lu-

248 1777 308 1797 cem
327 1777 342 1796 a
359 1769 495 1802 tenebris,
512 1769 644 1796 tenebras
662 1768 695 1795 ab
711 1769 772 1795 luce
787 1771 945 1795 secernant.
963 1767 1034 1795 Sunt

249 1816 343 1851 itaque
367 1816 511 1842 luminaria
529 1815 576 1842 illa
600 1815 680 1849 signa
696 1814 804 1841 dierum
824 1817 851 1840 et
867 1813 989 1840 noctium
1005 1818 1034 1841 et

1067 260 1112 286 τὸν
1124 259 1293 294 ἀνθρώπινον
1306 259 1464 295 βίοναίὰπὸ
1486 259 1540 286 τῶν
1564 260 1715 294 φωστήρων
1737 262 1856 294 σημειώ-

1069 314 1136 337 σεις,
1164 306 1210 332 ἐὰν
1228 306 1319 341 μήτις
1343 306 1416 340 πέρα
1437 305 1484 332 τοῦ
1512 305 1624 339 μετρίου
1637 307 1671 331 τὰ
1691 305 1740 332 ἀπ’
1765 306 1856 332 αὐτῶν

1070 353 1170 386 σημεῖα
1198 351 1429 387 περιεργάζηται.
1450 351 1540 378 Πολλὰ
1555 351 1604 386 μὲν
1621 351 1676 386 γὰρ
1695 352 1760 386 περὶ
1771 352 1856 386 ἐπομ-

1070 397 1149 432 ϐρίας
1165 397 1222 423 ἔστι
1237 398 1269 432 τῇ
1287 397 1379 432 μακρᾷ
1396 396 1478 432 πείρᾳ
1510 395 1605 431 μαθεῖν
1620 403 1627 411 ·
1646 395 1732 422 πολλὰ
1745 395 1774 422 δὲ
1789 397 1857 430 περὶ

1070 442 1183 478 αὐχμῶν
1206 444 1254 469 καὶ
1269 443 1433 477 πνευμάτων
1463 441 1599 477 κινήσεως
1625 441 1776 477 μερικῶνῆ
1793 441 1856 467 καθ’

1070 488 1131 515 ὅλου
1147 489 1241 524 βιαίων
1255 489 1270 524 ἢ
1283 488 1443 523 ἀνειμένων.
1467 488 1515 515 Ἐν
1529 488 1583 523 γάρ
1603 496 1630 514 τι
1642 487 1695 513 τῶν
1721 487 1766 521 ἀφ’
1782 487 1857 522 ήλίου

1071 533 1349 567 παραδεικνυμένωνὸ
1361 531 1462 567 Κύριος
1473 533 1538 567 ἡμῖν
1553 531 1746 567 παραδέδωκεν
1758 531 1855 563 εἰπὼν,

1071 579 1112 605 ὃτι
1125 588 1134 604 ι
1151 578 1261 613 Χειμὼν
1273 578 1348 604 ἔσται
1359 586 1366 593 ·
1375 577 1518 611 στυγνάζει
1529 577 1584 612 γὰρ
1595 577 1741 612 Μρρἀων
1753 578 1859 612 606p:-

1072 625 1128 656 νός.
1142 624 1227 658 »Ἰίδη
1244 623 1272 650 δὲ
1285 624 1332 650 καὶ
1349 623 1398 658 τῆς
1412 622 1459 649 τοῦ
1476 623 1576 654 παντὸς
1591 623 1738 654 διαλύσεως
1751 623 1778 649 ὲν
1791 623 1860 658 ηλίῳ

1073 671 1119 696 καὶ
1136 669 1235 705 σελήνῃ
1252 670 1299 696 καὶ
1314 669 1425 704 ἄστροις
1437 670 1538 703 σημεῖα
1554 668 1722 704 φανήσεσθαι
1733 669 1746 693 ὸ
1757 669 1858 704 Κύριος

1073 715 1300 750 προηγόρευσενί
1312 715 1341 742 ’0
1351 715 1426 750 ἣλιος
1438 715 1696 750 μεταστραφήσεται
1703 715 1742 746 εἰς
1754 715 1858 747 σκότος,

1074 763 1122 788 καὶ
1134 762 1150 796 ὴ
1164 762 1261 796 σελήνη
1272 763 1312 793 εἰς
1325 759 1405 796 αἷμα,
1415 762 1504 788 καὶτὰ
1521 761 1606 796 ἄστρα
1616 761 1647 788 οὐ
1656 759 1737 787 δώσει
1751 761 1781 786 τὸ
1799 761 1861 794 φέγ-

1075 816 1122 842 γος
1133 808 1249 834 αὐτῶν.»
1267 807 1394 841 Καίροὺς
1404 807 1433 834 δὲ
1449 807 1524 841 λέγει
1537 807 1586 838 τὰς
1599 806 1652 833 τῶν
1664 806 1770 842 καιρῶν
1783 806 1862 832 ὲναλ-

1075 854 1180 888 λαγάς·
1199 853 1230 880 τὸ
1247 853 1274 879 δὲ
1296 854 1344 880 καὶ
1369 854 1413 885 sic
1429 853 1552 887 ἡμέρας,
1583 853 1632 887 οὐχ
1658 852 1729 879 ὥστε
1754 852 1862 887 ἡμέρας

1078 899 1175 929 ποιεῖν,
1194 897 1251 924 ἀλλ’
1265 897 1336 924 ὥστε
1359 898 1507 932 κατάρχειν
1528 898 1581 924 τῶν
1613 896 1724 932 ἡμερῶν
1741 905 1747 912 ·
1772 896 1863 931 ἡμέρα

1078 944 1132 979 γὰρ
1148 945 1195 970 καὶ
1210 944 1258 977 νὺξ
1278 944 1463 979 πρεσϐύτεραι
1480 945 1530 978 τῆς
1545 943 1598 969 τῶν
1614 943 1765 977 φωστήρων
1782 943 1864 975 κινή-

1079 999 1158 1021 σεως.
1165 990 1219 1016 Καὶ
1231 990 1357 1025 ὁψαλμὺς
1366 992 1445 1024 γᾶρμ
1453 989 1548 1015 Ἔθετο
1562 989 1607 1015 τὸν
1620 989 1706 1024 ἥλιον,
1716 988 1809 1022 φησὶν,
1825 989 1865 1018 εἰς

1078 1036 1202 1068 ἐξουσίαν
1214 1036 1264 1071 τῆς
1275 1036 1391 1071 ἡμέρας,
1412 1036 1461 1069 τὴν
1478 1035 1594 1070 σελήνην
1612 1035 1660 1061 καὶ
1675 1035 1708 1061 τὰ
1725 1034 1811 1069 ἄστρα
1826 1035 1865 1065 εις

1078 1083 1201 1116 ἐξουσίαν
1209 1083 1259 1117 τῆς
1269 1082 1372 1113 νυκτός.
1380 1091 1388 1106 ι
1397 1082 1433 1108 Τὸ
1441 1081 1494 1116 γὰρ
1503 1081 1559 1115 φῶς
1566 1082 1594 1107 ὲν
1601 1081 1689 1115 ἑαυτῷ
1698 1081 1863 1115 περιφέρων,

1079 1128 1201 1162 ὑπερϐὰς
1214 1128 1260 1154 τὸν
1269 1128 1411 1163 καθ’ήμᾶς
1425 1127 1551 1163 ὁρίζοντα
1563 1127 1611 1162 τὴν
1621 1126 1727 1162 ἡμέραν
1738 1127 1864 1161 παρέχει,

1079 1174 1240 1206 διαλύσαςτὸ
1250 1174 1353 1205 σκότος.
1363 1174 1442 1200 Ἀλλὰ
1451 1174 1497 1200 καὶ
1510 1173 1550 1204 εἰς
1561 1173 1700 1203 ἐνιαυτοὺς
1708 1172 1865 1207 ἐτάχθησαν

1080 1219 1157 1255 ἥλιος
1184 1221 1231 1247 καὶ
1262 1219 1407 1255 σελήνη,ή
1438 1220 1487 1254 μὲν
1512 1219 1663 1250 δωδεκάκις
1690 1219 1736 1245 τὸν
1761 1219 1865 1252 ἑαυτῆς

1081 1265 1228 1292 ἐκτελοῦσα
1244 1265 1353 1300 δρόμον,
1369 1265 1422 1292 όδὲ
1439 1265 1493 1292 ἀπὸ
1512 1265 1558 1291 τοῦ
1586 1264 1667 1291 αὑτοῦ
1683 1264 1798 1299 σημείου
1821 1265 1867 1290 ἐπὶ

1083 1312 1114 1338 τὸ
1131 1311 1197 1338 αὐτὸ
1210 1312 1357 1343 καταστάς.
1377 1311 1438 1337 ’Ὁτι
1452 1311 1481 1337 δὲ
1495 1310 1596 1337 τούτων
1625 1311 1742 1346 σημεῖα,
1774 1310 1866 1344 φησὶν.

1082 1358 1216 1392 ἐδήλωσεν
1229 1358 1246 1393 ή
1261 1358 1355 1392 Γρατή
1367 1365 1374 1372 ο
1387 1356 1596 1383 ὲπανοιλαδοῦσα
1619 1357 1674 1391 γὰρ
1691 1357 1720 1382 ὲν
1731 1357 1788 1387 τοῖς
1804 1355 1868 1389 ἑξῆς

1081 1403 1135 1428 τῶν
1151 1402 1258 1436 ἄστρων
1270 1404 1321 1437 τὴν
1331 1403 1425 1438 χρείαν
1436 1402 1465 1428 τὸ
1480 1402 1584 1436 φαίνειν
1595 1400 1657 1428 εἷπε
1675 1402 1756 1436 μόνον
1770 1402 1817 1428 καὶ
1837 1401 1868 1427 το

1083 1449 1177 1484 ἄρχειν
1194 1448 1298 1484 ἡμέρας
1315 1449 1362 1475 καὶ
1375 1448 1471 1480 νυκτὸς
1490 1448 1538 1474 καὶ
1551 1448 1722 1483 διαχωρίςειν
1730 1447 1781 1473 ἀνὰ
1789 1447 1870 1482 μέσον

1084 1494 1172 1528 φωτὸς
1188 1496 1235 1521 καὶ
1252 1495 1362 1526 σκότους
1375 1503 1382 1511 ⁸
1397 1494 1499 1521 τούτων
1522 1494 1576 1529 ἄρα
1597 1495 1644 1520 καὶ
1665 1493 1765 1529 σημεῖά
1785 1495 1869 1527 ἐστιν⁹

1084 1539 1195 1576 ἡμερῶν
1206 1540 1252 1566 καὶ
1266 1541 1370 1566 νυκτῶν
1383 1539 1430 1566 καὶ
1441 1539 1495 1566 τῶν
1513 1540 1545 1565 ὲκ
1554 1539 1656 1565 τούτων
1680 1538 1871 1574 συγκειμένων

1083 1586 1186 1620 χρόνων
1203 1585 1250 1611 καὶ
1261 1585 1314 1612 τῶν
1324 1585 1352 1611 ὲν
1368 1585 1468 1617 αὐτοῖς,
1482 1584 1528 1616 οὓς
1535 1584 1619 1619 ἑτέρα.
1630 1584 1733 1615 ἕκδοσις
1744 1583 1871 1618 ὠνόμασε

1082 1630 1246 1665 συνταγὰς,
1260 1631 1400 1657 τουτέστιν
1427 1631 1524 1666 ἑορτάς
1542 1639 1549 1646 ο
1574 1630 1611 1660 ὡς
1627 1629 1754 1656 more:
1784 1628 1870 1663 Σιρὰχ
1905 1621 1908 1625 Δ

1084 1677 1149 1711 περὶ
1173 1677 1222 1711 τῆς
1236 1677 1350 1712 σελήνης
1367 1677 1463 1711 λέγων,
1481 1678 1521 1709 είς
1534 1677 1668 1708 ἀνάδειξιν
1691 1676 1742 1710 ἔφη
1769 1675 1872 1711 χρόνων

1085 1722 1170 1756 αὐτὴν
1186 1720 1312 1749 εἶναικαὶ
1327 1725 1439 1757 σημεῖον
1455 1723 1562 1757 ἑορτῆς.
1580 1722 1698 1748 Δύναται
1711 1722 1738 1748 δὲ
1753 1722 1800 1748 καὶ¹
1830 1722 1871 1752 εἰς

1085 1769 1199 1802 σημεῖα,
1211 1768 1248 1800 ὼς
1262 1769 1306 1794 ὅτε
1325 1769 1434 1795 ἵσταται
1443 1769 1519 1804 ἥλιος
1534 1770 1581 1795 καὶ
1594 1768 1693 1802 σελήνη
1705 1768 1743 1799 ὡς
1756 1768 1803 1794 ἐπὶ
1819 1767 1872 1802 Ὶη-

1087 1814 1135 1840 σοῦ
1147 1814 1194 1840 τοῦ
1206 1815 1296 1849 Ναυῆ,
1309 1816 1356 1841 καὶ
1376 1815 1498 1847 Ἐζεκίου
1511 1816 1554 1841 ὅτε
1567 1814 1731 1846 ἀναποδίςει.

249 1868 417 1899 tempormn,
445 1872 506 1900 quae
530 1871 563 1891 ex
591 1863 635 1890 his
663 1862 840 1895 conﬂantur;
867 1870 918 1889 nec
934 1870 988 1888 non
1004 1866 1032 1889 et
1050 1862 1272 1894 solemnitatum,
1292 1870 1352 1897 quae
1373 1862 1401 1889 in
1423 1863 1491 1897 ipsis
1506 1863 1680 1895 contingunt,
1717 1868 1786 1895 quas
1819 1860 1873 1887 alia

249 1911 391 1938 translatio
419 1911 544 1937 nominat
568 1914 640 1936 stata
663 1908 741 1942 Ῑεειιι,
781 1907 1013 1942 quemadmodum
1045 1911 1071 1934 et
1092 1908 1191 1934 Sirach
1216 1908 1250 1934 de
1279 1908 1342 1934 luna
1362 1908 1445 1934 verba
1465 1907 1541 1938 facit,
1567 1907 1685 1934 dicens:

1679 1916 1685 1934 :
1702 1916 1711 1932 ι
1729 1905 1760 1932 Et
1780 1906 1870 1932 lunam

251 1957 316 1984 fecit
341 1957 368 1984 in
394 1959 496 1984 statum
515 1955 548 1982 ad
570 1960 679 1989 tempus
720 1961 812 1981 suum.
848 1953 1117 1981 Demonstralionem
1145 1958 1301 1989 temporum
1323 1957 1351 1981 et
1374 1953 1483 1989 signum
1509 1953 1615 1985 saeculi,
1640 1957 1666 1980 et
1697 1960 1712 1979 a
1737 1954 1802 1979 luna
1835 1951 1874 1978 si-

251 2010 334 2039 gnum
362 2001 520 2029 festivitatis
549 2001 581 2027 ⁷⁸.
616 2009 625 2026 ι
655 1999 750 2027 Potest
771 1999 855 2026 etiam
877 1999 925 2027 hic
946 1999 1033 2032 locus,
1055 2000 1165 2028 Scilicet.
1180 2003 1211 2027 ut
1236 2000 1293 2027 sint
1316 1999 1343 2026 in
1370 2000 1460 2034 signa,
1485 2004 1554 2030 etc..
1571 1999 1687 2034 intelligi
1706 2002 1733 2025 et
1764 1997 1798 2025 de
1829 2005 1874 2026 se-

251 2051 411 2086 quentibus.
428 2050 510 2077 Stetit
533 2047 719 2083 enim(quod
734 2047 844 2075 celebre
874 2047 984 2082 signum
1018 2047 1153 2083 habetur)
1185 2048 1238 2080 sol,
1269 2047 1400 2082 lunaque,
1431 2051 1554 2074 tempore
1581 2045 1667 2073 Josue
1706 2045 1752 2072 filii
1789 2043 1873 2072 Nave.

221 2129 224 2132 Α
252 2097 436 2132 Temporibus
468 2095 592 2122 Ezechize
616 2097 692 2122 retro
721 2094 807 2122 cessit
838 2093 881 2120 sol
903 2093 1035 2129 gradibus
1055 2094 1161 2129 aliquot
1178 2095 1210 2121 ⁷⁸.

289 2145 362 2172 Sane
385 2144 448 2179 quis
479 2143 599 2170 inveniat
622 2143 730 2177 aliquas
750 2142 858 2174 stellas,
879 2149 953 2176 quae,
972 2149 1036 2168 cum

254 2191 422 2226 quibusdam
441 2189 616 2224 temporibus
637 2193 782 2223 apparent,
803 2188 894 2216 solent
911 2188 1038 2223 quaedam

1125 2142 1207 2178 Εὖροι
1217 2143 1240 2170 δ’
1254 2141 1286 2169 ἄν
1303 2150 1344 2173 τις
1360 2141 1406 2167 καί
1421 2148 1498 2171 τινας
1507 2139 1559 2165 τῶν
1568 2138 1689 2173 ἀστέρων
1698 2137 1769 2164 κατὰ
1780 2136 1876 2172 καιρδν

1091 2190 1270 2225 φαινομένους
1297 2187 1416 2222 καλῶνῆ
1432 2186 1523 2213 κακῶν
1558 2185 1678 2220 μηνυτὰς
1692 2184 1730 2215 ὡς
1741 2183 1771 2216 ἐξ
1789 2183 1877 2218 ἐ’ργῆς

254 2236 412 2273 significare
424 2255 432 2267 ,
446 2239 474 2262 et
499 2235 578 2269 quasi
594 2234 779 2269 praenuntiare
804 2234 873 2260 bona
898 2234 941 2260 vel
958 2233 1026 2260 mala

1091 2234 1107 2269 ἢ
1127 2234 1269 2269 εὐμενείας
1294 2232 1363 2259 Θεοῦ
1375 2241 1381 2247 ι
1393 2231 1460 2259 ἀλλὰ
1476 2230 1561 2257 ταῦτα
1571 2230 1704 2265 παρέντες
1720 2228 1803 2260 τινὲς,
1826 2228 1876 2262 τὴν

254 2292 316 2318 quae
338 2283 372 2310 ab
398 2283 470 2309 irato
488 2281 531 2308 Vel
552 2281 686 2308 benevolo
704 2280 761 2308 Deo
780 2280 964 2307 descendunt.
986 2279 1038 2306 Sed

255 2331 299 2358 lIis
316 2329 441 2358 omissis.
456 2326 570 2362 quidam
587 2326 828 2353 GeIIetlIliacoruIn
848 2325 1039 2353 detestandam

257 2379 358 2407 artem,
387 2380 470 2407 quam
496 2371 598 2406 ubique
627 2371 738 2397 dubiam
766 2374 793 2397 et
819 2369 954 2397 incertam
980 2378 1042 2397 esse

256 2423 367 2448 constat
386 2419 442 2453 28
469 2426 518 2452 per
543 2417 600 2444 lucc
624 2415 751 2450 portendi
765 2416 871 2442 volunt.
889 2414 991 2443 Verum
1013 2420 1043 2442 ut

258 2464 340 2500 hujus
375 2461 582 2498 superstitionis
606 2461 714 2487 vanitas
748 2464 890 2490 cernatur.
915 2461 1042 2492 obsecro,

259 2518 320 2545 qute
343 2512 511 2544 sequuntur,
523 2507 671 2541 diligenter
693 2505 835 2532 attendite.
855 2506 882 2532 Si
896 2506 959 2540 quis
973 2506 1044 2533 duo-

261 2556 396 2584 decimam
423 2561 528 2590 partem
557 2561 611 2580 non
640 2552 751 2580 erratici
767 2551 860 2586 (astri)
876 2552 904 2578 iu
932 2551 1045 2585 triginta

261 2603 365 2630 dividat
398 2605 502 2636 partes.
535 2607 604 2634 quas
632 2597 674 2626 sol
708 2605 758 2624 suo
798 2604 880 2623 cursu
906 2597 1044 2628 metitur;

265 2647 365 2675 deinde
381 2646 499 2681 singulae
528 2649 621 2679 partes
641 2646 771 2670 secentur
796 2642 823 2669 in
845 2649 978 2676 sexagena
994 2641 1047 2667 mi-

264 2702 345 2727 nuta;
362 2694 500 2722 minutum
526 2692 710 2720 distribuatur
735 2690 763 2717 in
780 2697 933 2726 saxagenas
951 2689 1045 2716 llllllu-

263 2744 362 2770 tiarum
384 2740 533 2767 minutias:
551 2746 616 2773 qua,
638 2737 765 2768 obsecro,
793 2736 897 2763 ratione
913 2736 1046 2770 possibile

263 2789 327 2819 erit,
338 2791 368 2814 ut
383 2787 554 2820 lioroscopus
565 2787 662 2811 exacte
679 2786 847 2817 asscquatur
863 2786 1043 2813 momentum,

315 2846 351 2872 ".
367 2845 460 2872 Matth.
480 2853 533 2873 xw.
550 2844 578 2873 2.
593 2844 619 2870 5.

264 2881 287 2898 ⁷³
306 2881 337 2909 IV
359 2881 423 2915 Reg.
448 2889 490 2911 ιι,
511 2880 558 2911 lli;
574 2880 623 2905 lsa.
653 2884 764 2906 surtu.
780 2876 806 2902 8.

671 2843 693 2858 "'
714 2841 810 2868 Matth.
838 2849 911 2873 μιν,
927 2841 981 2873 ‘29;
1001 2840 1059 2867 Act.

1091 2280 1311 2314 γενεολιαλογίαν
1326 2278 1427 2304 οἴονται
1450 2277 1493 2303 διὰ
1510 2276 1614 2302 τούτων
1628 2273 1809 2310 σημαίνεσθαι
1825 2273 1876 2308 τὴν

1091 2325 1259 2360 πανταχόθεν
1274 2323 1452 2358 δεικνυμένην
1483 2321 1643 2348 ἀσύστατον.
1662 2319 1794 2346 Ἐκάστου
1822 2319 1877 2353 γὰρ

1092 2371 1328 2405 δωδεκατημορίου
1338 2369 1388 2403 τῆς
1400 2367 1536 2398 ἀπλανοῦς
1552 2367 1592 2398 εἰς
1605 2366 1753 2401 τριάκοντα
1780 2364 1877 2399 μοίρας

1092 2416 1292 2451 διαιρουμένου,
1307 2415 1342 2441 δι’
1363 2415 1434 2440 ὅσων
1455 2413 1532 2448 ἥλιος
1544 2411 1656 2447 ήμερῶν
1684 2410 1764 2437 τοῦτο
1785 2410 1878 2436 διαπο-

1094 2460 1211 2496 ρεύεται.
1223 2460 1341 2492 ἑκάστης
1355 2458 1383 2485 δὲ
1405 2457 1502 2493 μοίρας
1516 2457 1556 2487 εἰς
1570 2455 1704 2490 ἑξήκοντα
1716 2454 1815 2485 λεπτὰ,
1830 2454 1878 2480 καὶ

1091 2506 1193 2532 τούτων
1216 2506 1332 2531 ἑιὰστου
1363 2504 1446 2530 πάλιν
1479 2503 1519 2533 εὶς
1544 2500 1680 2536 ἐξήκοντα.
1692 2498 1728 2525 τὰ
1741 2499 1878 2534 λεγόμενα

1091 2550 1294 2578 λεπτεπίλεπτα
1305 2570 1313 2582 ,
1329 2549 1379 2575 ποῦ
1396 2547 1508 2575 δυνατὸν
1525 2546 1572 2573 τοῦ
1588 2545 1730 2580 τεχθέντος
1742 2544 1788 2571 τὸν
1808 2543 1877 2578 ὠρο-

1094 2597 1194 2623 σκόπον
1209 2596 1371 2622 καταλαὸεῖν
1382 2595 1427 2621 ἐπὶ
1447 2594 1521 2625 τινος
1536 2592 1591 2619 τῶν
1607 2591 1780 2618 λεπτοτάτων
1803 2589 1878 2623 ἐτύγ-

1093 2650 1192 2677 χανεν;
1208 2640 1301 2672 Οὖτως
1318 2640 1452 2674 ὀξυτάτης
1465 2638 1548 2672 οὔσης
1560 2637 1610 2670 τῆς
1629 2635 1761 2670 οὐρανίας
1778 2634 1878 2669 φορᾶς,

1097 2689 1144 2715 καὶ
1159 2687 1273 2714 πλεῖστα
1286 2684 1513 2721 παρατρεχούσης
1528 2682 1614 2709 λεπτὰ
1629 2682 1657 2707 ὲν
1667 2679 1705 2715 τῷ
1721 2680 1767 2706 τὸν
1782 2679 1879 2714 ἀστρο-

1098 2733 1175 2766 λόγον
1191 2732 1242 2759 κᾶν
1258 2731 1326 2767 τύχῃ
1338 2729 1443 2765 παρὼν,
1457 2729 1502 2756 διὰ
1519 2727 1566 2754 τοῦ
1579 2725 1749 2760 ἀστρολάὃου
1765 2724 1813 2758 τὴν
1832 2723 1880 2750 τοῦ

1097 2780 1255 2815 ώροςκόπου
1272 2777 1350 2812 πῆξιν
1365 2777 1399 2804 δι’
1411 2775 1555 2811 ἀκριϐείας
1568 2773 1669 2800 ἐθέλειν
1685 2771 1795 2798 εἰδέναι.
1808 2770 1839 2796 Εἰ
1852 2769 1881 2795 δὲ

1078 2847 1114 2869 ll,
1133 2840 1178 2866 “li.
1230 2839 1252 2854 ⁷³
1270 2838 1340 2870 l'sal,
1366 2830 1475 2868 exuti,
1492 2837 1518 2864 8.
1562 2835 1585 2852 "‘
1606 2833 1689 2861 Eucli.
1707 2839 1771 2859 XLIII
1785 2852 1791 2863 _.
1811 2831 1838 2861 ϐ,
1854 2831 1882 2856 Ἱ-
