2072 3157
211 185 246 216 93
771 185 1037 218 COMMENTARII
1058 185 1099 215 IN
1118 184 1298 215 GENESIN.
1801 179 1836 211 94

210 241 288 270 τοῦτο
300 241 360 270 λίαν
382 242 523 273 ἀδύνατον,
550 242 668 279 τοσαύτη
682 242 710 269 δὲ
724 243 841 279 διαφορᾶ
863 243 995 270 λεπτοτά-
1012 245 1028 272 Α

1019 245 1033 272 λ
1048 243 1075 269 in
1095 250 1151 277 quo
1165 242 1200 274 is,
1221 241 1256 270 de
1278 241 1363 276 cujus
1388 241 1533 269 nntivitate
1557 240 1659 276 agitur,
1684 244 1765 266 natus
1782 238 1837 265 sit?

209 295 255 313 του
267 287 336 322 πρὸς
361 286 538 319 λεπτότατον,
556 287 594 318 ὡς
608 287 638 313 τὸ
653 287 713 322 μὲν,
728 288 752 314 εἰ
769 287 856 323 τύχοι,
885 288 999 323 βασιλέα

1051 289 1208 316 Praesertim
1226 296 1288 316 cum
1303 288 1373 316 adeo
1398 289 1481 316 celeri
1499 291 1573 314 motu
1589 287 1696 314 feratur
1710 285 1774 312 coeli
1792 293 1838 311 vo-

210 334 308 363 ποιεῖν,
326 332 357 359 τὸ
370 333 397 358 δὲ
413 332 575 368 προσαίτην,
592 333 651 364 πῶς
667 333 718 360 οὐκ
729 333 879 365 ἀσύστατος
889 335 905 369 ὴ
917 334 999 369 τέχνη

1050 335 1130 366 Ιιιιίο,
1156 343 1206 362 nec
1232 343 1287 362 non
1310 334 1437 370 plurima:
1451 334 1600 362 elabuntur
1621 331 1754 363 minutiaz,
1773 331 1836 358 dum

210 379 381 414 φανήσεται.
407 379 469 410 Πῶς
498 379 527 406 δὲ
540 380 570 406 οὐ
590 379 644 406 τῶν
670 379 854 406 ἀτοπωτάτων
883 380 914 406 ὲκ
945 379 999 406 τῶν

1050 380 1218 415 astrologus.
1237 380 1261 408 si
1282 387 1403 414 praesens
1418 383 1470 412 est,
1487 377 1666 406 astrolabium
1679 376 1764 411 capit,
1784 383 1838 410 quo

211 425 277 460 παρ’
292 426 357 460 ἡμῖν
384 425 557 460 φαινομένων
581 427 639 457 τοῖς
655 425 734 460 ἐντῷ
759 426 868 461 οὐρανῷ
894 425 1000 458 ζωδιοις

1052 426 1140 454 fretus
1167 431 1264 454 exacte
1289 434 1346 454 rem
1375 426 1507 462 indagare
1532 424 1640 460 possit?
1662 423 1692 451 Si
1709 424 1759 450 hoc
1778 429 1839 457 por-

211 469 341 505 παρέχειν
367 470 422 496 τῶν
444 471 674 505 ἀποτελεσμάτων
691 471 725 498 τὰ
743 470 893 506 ἰδιώματας
921 470 1000 506 Κριῷ

1051 478 1132 506 qualn
1148 471 1322 506 impossibile
1338 475 1392 502 est.
1407 476 1540 506 tantaque
1562 470 1599 497 sil.
1617 467 1771 496 diﬂ’erentia
1789 468 1840 493 ml-

211 516 266 551 γαρ
283 524 336 547 τις,
352 516 443 549 φασὶν,
462 516 532 550 ἔχων
553 515 603 552 τὴν
623 516 707 551 ὥραν,
730 514 808 548 οὗλός
827 518 887 543 ὲστι
919 517 1000 551 τυχὸν

1050 517 1190 544 nntiarum
1215 517 1251 544 ad
1278 517 1420 549 minutias,
1453 507 1642 550 momentique
1662 513 1696 541 ad
1713 520 1839 540 momen-

210 561 260 596 τὴν
273 560 354 596 τρίχα
369 562 416 587 καὶ
443 561 573 596 χαρωπὸς
596 561 643 587 καὶ
669 561 850 596 μεγαλόφρων
867 562 914 588 καὶ
932 562 999 596 ἠγε-

1051 568 1120 595 tum,
1143 563 1238 590 ethoc
1257 563 1369 598 quidem
1394 570 1497 597 regem,
1521 561 1589 589 illud
1617 559 1774 588 mendicum
1793 558 1840 586 de-

213 606 320 641 μονικὺς
345 607 391 634 καὶ
411 606 604 642 προαιρετικὸς
620 607 666 633 καὶ
686 607 847 642 ποριστικός
859 615 866 622 ο
879 606 1000 633 τοιοῦτον

1049 609 1147 642 claret,
1160 609 1299 644 quomodo
1317 608 1381 644 quis
1398 616 1452 635 non
1475 613 1504 635 ut
1519 608 1646 635 fallacem
1665 610 1692 634 et
1708 607 1839 632 incertam

212 651 278 687 γὰρ,
293 651 386 686 φασὶν,
404 653 418 679 ὁ
437 652 532 687 κριός·
549 651 747 687 ἀποτιθέμενος
770 652 825 686 γὰρ
850 651 949 687 ῥᾳδίως
970 650 999 677 τὸ

1049 663 1109 683 eam
1133 662 1220 683 artem
1253 655 1406 690 explodat?
1433 654 1580 685 Praeterea,
1597 661 1631 680 an
1657 660 1712 680 non
1732 655 1774 679 est
1792 651 1839 678 ab-

211 698 295 733 ἔριον,
315 700 347 726 ὲκ
359 699 407 734 τῆς
419 698 527 733 φύσεως
539 698 620 725 πάλιν
634 699 868 733 ὲπαμεριέννυται.
885 699 940 725 Καὶ
954 698 999 724 ἐπὶ

1050 702 1247 730 snrdissitnum
1268 701 1383 730 eosdem
1409 701 1525 729 effectus
1543 704 1571 728 ct
1593 699 1780 734 proprietates
1796 701 1839 724 at-

210 744 258 771 τοῦ
270 744 371 780 ταύρου
382 745 494 771 τοιαῦτα
503 745 550 771 καὶ
565 745 618 771 τῶν
633 745 735 771 λοιπῶν
748 744 850 776 ζωδίων
862 745 940 779 φασὶ,
953 744 1000 770 καὶ

1051 748 1175 775 tribuere
1187 748 1275 783 signis
1301 747 1463 776 coelestibus
1479 747 1551 783 (qua:
1573 745 1702 773 animalia
1722 744 1840 772 credun-

209 790 261 822 τὰς
277 790 414 826 ἡμετέρας
432 791 608 827 προαιρέσεις
636 791 742 822 τούτοις
757 792 925 818 ἀνάπτουσιν
940 798 947 805 ·
962 790 1000 821 ὡς

1051 796 1106 828 tur)
1137 801 1207 828 quas
1236 796 1332 821 tenent
1359 792 1490 820 animalia
1523 789 1731 819 terrestria?Si
1765 789 1838 824 quis,

211 836 258 862 καὶ
270 836 320 870 τὴν
331 836 470 871 ἡμετέραν
493 837 593 862 κακίαν
611 837 651 866 εἰς
670 837 713 862 τὸν
733 836 767 862 τὰ
782 837 869 871 ἄστρα
882 844 1000 870 πεποιη-

1051 838 1216 873 (inquiunt),
1236 839 1332 867 arietis
1350 839 1446 865 horam
1471 837 1582 868 habeat,
1608 837 1702 870 crispo
1720 835 1840 862 decorus

211 882 278 911 κότα
301 881 366 908 Θεὸν
390 882 574 918 ἀναφέρεσθαι
590 892 596 897 '
615 883 661 909 καὶ
683 883 761 918 δῑιην
790 883 902 917 ἀψύχων
925 883 999 918 ἡμᾶς
1018 917 1029 920 _

1021 917 1034 920 _
1052 889 1096 912 cst
1114 885 1259 920 capillitio,
1278 884 1361 912 hilari
1379 887 1506 919 aspectu,
1523 888 1550 910 et
1565 882 1760 917 magnanimus
1775 888 1839 908 cen-

209 927 273 961 τῇδε
286 927 396 953 κάκεῖσε
415 917 527 961 πρδςτὰ
548 928 678 962 σχήματα
695 917 749 954 τῶν
764 928 889 962 ἀστέρων
917 917 997 962 ἀμεῖ-
1016 917 1027 944 ί

1020 917 1037 944 Β
1051 917 1283 960 selum-consilio
1306 930 1390 962 valet,
1410 917 1438 956 et
1466 928 1570 956 divitiis
1587 928 1681 963 pollet.
1698 927 1752 954 llas
1765 927 1838 954 enim

211 973 321 999 σεσθαι·
338 973 381 1000 ὅτε
397 975 445 1001 καὶ
457 974 546 1009 μάτην
561 974 668 1001 ἔσονται
689 975 767 1010 νόμοι
783 975 830 1001 καὶ
845 974 938 1008 βουλαὶ
953 975 1000 1002 καὶ

1051 975 1235 1011 proprietates
1265 975 1322 1004 fere
1346 983 1445 1003 omnes
1464 979 1538 1002 tenet
1560 975 1646 1002 aries.
1667 973 1746 1000 Licet
1760 972 1840 1000 facile

210 1019 385 1054 παραινέσεις
413 1020 460 1046 καὶ
487 1019 664 1055 δικαστήρια,
691 1020 720 1053 ἐξ
746 1020 870 1056 ἀνάγκης
891 1020 1000 1047 πάντων

1051 1022 1144 1049 lanam
1171 1026 1268 1057 ponat,
1291 1021 1460 1048 naturaliter
1477 1026 1568 1048 tamen
1591 1028 1650 1047 eam
1666 1019 1770 1052 statim,
1788 1025 1839 1052 qua

209 1064 289 1100 ἡμῶν
300 1065 348 1096 τὰς
362 1065 475 1101 γνώμας
489 1065 695 1101 κακυνομένων.

1050 1067 1195 1100 vestiatur,
1217 1068 1326 1102 recipit.
1355 1066 1432 1093 Haud
1460 1066 1608 1094 dissimilia
1621 1064 1838 1092 comminiscun-

210 1115 256 1138 tur
272 1111 305 1138 de
319 1116 409 1144 tauro,
426 1112 545 1146 aliisque
559 1112 661 1147 signis.
682 1111 732 1140 His
747 1115 874 1144 eventus,
891 1116 1044 1148 nostraque
1065 1113 1182 1141 consilia
1198 1114 1343 1141 ascribunt
1360 1123 1367 1140 :
1388 1114 1444 1140 imo
1468 1117 1495 1140 et
1532 1116 1645 1147 peccata
1683 1116 1777 1138 nostra
1811 1111 1838 1137 in

208 1165 285 1189 eum,
299 1157 346 1192 qui
365 1161 439 1185 astra
454 1156 531 1190 fecit,
550 1158 601 1185 hoc
626 1158 706 1185 modo
740 1165 791 1185 ceu
834 1162 975 1185 auctorem
1010 1159 1148 1187 derivant.
1187 1160 1322 1187 Praeterea
1367 1160 1466 1187 volunt
1507 1166 1569 1190 nos.
1608 1155 1839 1192 quemadmodum

209 1203 303 1230 anima
319 1203 456 1235 carentia,
481 1211 531 1238 pro
556 1203 673 1230 arbitrio
689 1207 828 1230 astrorum
843 1204 895 1230 bac
928 1207 1013 1239 atque
1050 1204 1113 1232 illac
1141 1205 1211 1239 rapi.
1241 1204 1358 1232 Frustra
1383 1205 1477 1240 itaque
1496 1208 1578 1232 erunt
1597 1204 1682 1238 leges,
1709 1202 1838 1234 consilia,

209 1250 430 1283 adhortationes,
452 1255 661 1285 conventusque
674 1250 800 1286 juridici,
821 1251 844 1278 si
865 1251 1055 1279 necessarium
1070 1252 1150 1279 nobis
1164 1254 1236 1280 inest
1252 1252 1366 1279 malum.

248 1298 280 1325 El.
295 1299 324 1325 δὲ
336 1299 431 1334 μηδεὶς
464 1299 581 1335 ποιητὴς
606 1299 661 1326 τῶν
688 1299 822 1335 ἀστέρων,
838 1299 1000 1335 αὐτομάτως

1086 1300 1113 1327 Si
1129 1301 1225 1329 nullus
1238 1305 1282 1328 est
1298 1304 1440 1328 astrorum
1467 1301 1588 1328 creator.
1607 1295 1656 1324 sed
1672 1303 1722 1323 sua
1743 1299 1841 1329 sponte

207 1345 238 1372 δὲ
253 1345 396 1379 γεγονότες
411 1345 566 1379 αὐτόματον
584 1346 633 1372 καὶ
645 1345 695 1380 τὴν
715 1345 816 1372 κακίαν
846 1346 998 1381 ἐκτήσαντο

1050 1353 1113 1375 nata
1130 1353 1205 1381 sunt,
1227 1352 1410 1383 spontaneam
1429 1345 1576 1380 possident
1595 1343 1740 1374 malitiam,
1758 1349 1839 1377 quam

209 1391 258 1419 καὶ
274 1391 377 1427 ταύτης
394 1391 593 1426 μεταδιδόασιν,
610 1392 653 1422 τίς
669 1393 683 1417 ὁ
695 1392 779 1423 τάξας
805 1392 852 1419 καὶ
865 1392 913 1424 τὰς
929 1392 996 1427 πρὸς

1050 1393 1123 1421 inter
1138 1402 1198 1421 sese
1214 1395 1297 1421 rebus
1313 1392 1506 1420 contribuunt.
1531 1390 1601 1424 Quis
1616 1397 1693 1420 vero,
1709 1389 1732 1415 si
1759 1395 1842 1422 spon-

208 1436 342 1472 ἀλλήλους
354 1437 473 1471 σχέσεις,
484 1438 531 1464 καὶ
546 1437 665 1472 δρόμους
678 1438 858 1472 ἐναρμονίους
869 1438 1001 1472 ἀπεργα-

1052 1443 1134 1466 tanea
1154 1447 1318 1474 provenere.
1333 1443 1445 1466 mutuas
1460 1444 1556 1464 eorum
1583 1435 1797 1470 conjunctiones
1815 1437 1841 1460 et

209 1482 347 1517 σάμενοςς
365 1482 449 1509 Οὐδὲν
475 1482 531 1518 γὰρ
552 1483 706 1518 αὐτόματον
737 1483 873 1518 τεχνικὸν,
884 1483 946 1510 οὐδὲ
960 1483 1001 1509 δι-

1054 1486 1226 1520 complexus,
1253 1491 1410 1517 cursusque
1435 1482 1553 1509 mirifica
1576 1480 1756 1516 proportione
1772 1478 1842 1506 insi-

208 1528 285 1564 αρκῆ
309 1529 354 1555 τὸν
383 1529 485 1563 κόσμον
504 1530 533 1555 ὲν
549 1529 624 1564 πάσῃ
654 1529 801 1564 ἐκτήσατο.
824 1529 887 1561 Πῶς
904 1529 941 1555 .δὲ
963 1528 1001 1564 μὴ

1054 1538 1120 1566 gues
1148 1530 1233 1558 astris
1262 1529 1354 1556 dedit?
1375 1528 1449 1556 Nihil
1475 1527 1560 1559 enim,
1586 1525 1659 1561 quod
1686 1528 1785 1559 sponte
1802 1523 1840 1554 fit.

209 1574 333 1610 γενέσεις
345 1574 406 1601 καθ’
421 1575 530 1610 ἡμέραν
545 1575 695 1609 βασιλικαὶ,
719 1574 855 1601 τοσούτων
880 1575 923 1609 ἐφ’
939 1575 1002 1601 ἐκά-

1055 1577 1198 1604 artiticiale
1217 1576 1330 1603 dixeris.
1351 1574 1440 1601 Simili
1470 1573 1578 1600 ratione
1599 1580 1650 1599 nec
1665 1570 1798 1597 mundum
1815 1569 1842 1596 in

210 1628 279 1655 στης
291 1620 528 1654 ὲναλλαττομένων
542 1620 596 1646 τῶν
609 1621 776 1656 emptitant);
792 1620 854 1652 Πῶς
869 1621 898 1647 δὲ
925 1621 1003 1655 ἱερω-
1020 1648 1028 1656 1

1023 1648 1039 1656 η
1055 1623 1187 1650 omnibus
1212 1622 1264 1649 sibi
1289 1621 1469 1648 sufﬁcientem
1493 1623 1626 1646 creasset.
1642 1617 1693 1649 Qui
1713 1616 1752 1648 fit,
1769 1614 1841 1649 quod

213 1666 293 1693 σύναι
311 1667 360 1693 καὶ
376 1666 511 1702 βασιλεῖαι
525 1667 654 1701 γεγόνασι
672 1668 807 1702 πατρικαὶ
822 1687 829 1699 ,
847 1667 942 1702 γενεὰς
954 1667 1004 1693 οὐκ
1017 1648 1031 1678 ί

1025 1668 1040 1678 “
1057 1676 1110 1694 non
1129 1667 1246 1694 subinde
1265 1673 1343 1699 reges
1359 1670 1520 1694 nascantur.
1536 1670 1598 1689 cum
1617 1661 1742 1696 quotidie
1757 1660 1843 1687 stcllzc

210 1710 305 1745 ὀλίγας
327 1712 360 1737 ἐκ
390 1711 518 1746 πατέρων
544 1713 585 1743 είς
611 1712 709 1744 παῖδας
736 1713 1002 1748 παραπεμπόμεναι;

1057 1713 1210 1740 formentur
1236 1716 1263 1739 et
1289 1709 1566 1742 tnutenturTQnare,
1587 1707 1610 1734 si
1640 1706 1723 1734 astris
1750 1705 1841 1731 omnia

211 1756 275 1788 Πῶς
285 1757 394 1783 ⁸πάντων
404 1757 536 1792 Ἐϐραίων
550 1758 575 1783 οἱ
586 1758 679 1789 παῖδες
688 1759 721 1793 τῇ
733 1758 814 1792 ὀγδόῃ
829 1758 882 1784 τῶν
893 1757 1004 1793 ἡμερῶν

1056 1763 1120 1787 sunt
1151 1757 1323 1793 imputanda,
1353 1755 1477 1791 quadam
1519 1753 1674 1781 sacerdotia
1703 1754 1769 1778 sunt
1795 1757 1843 1784 pa-

211 1802 441 1837 σπριτὲμνονται;
458 1803 521 1834 Πῶς
536 1803 564 1829 δὲ
579 1803 644 1838 παρ’
664 1803 852 1838 ἰσμαηλίταις
865 1803 964 1834 πάντες
980 1802 1005 1829 οἱ

1056 1810 1144 1836 terna,
1172 1804 1274 1838 unique
1289 1803 1363 1838 genti
1379 1801 1526 1829 dedicata?
1545 1804 1675 1835 pncterea
1695 1804 1783 1833 quare
1800 1803 1843 1823 re-

211 1849 295 1883 ιερείς
311 1849 449 1880 δεκαετείς
466 1849 698 1884 περιτέμνονταις
717 1849 767 1875 καὶ
793 1848 859 1884 παρ’
877 1849 1002 1883 Αἰθίοψιν

1056 1859 1108 1887 gna
1134 1858 1245 1886 quoque
1277 1849 1397 1876 filiorum
1427 1845 1599 1875 successioni
1620 1844 1765 1876 debentur,
1783 1849 1843 1876 quae

210 1894 238 1920 οἱ
247 1893 354 1926 δέτινες
370 1894 575 1930 περιαιροῦνται
590 1894 646 1920 τῶν
658 1894 778 1928 γονάτων
789 1893 836 1924 τὰς
844 1897 868 1925 η,
882 1894 929 1920 καὶ
942 1894 1005 1925 τοὺς

1057 1899 1084 1926 in
1101 1898 1171 1924 filios
1190 1902 1217 1924 et
1243 1899 1358 1930 nepotes
1382 1902 1430 1929 per
1458 1893 1564 1928 aliquot
1589 1890 1783 1919 successiones
1794 1888 1842 1916 de-

211 1938 324 1975 ὲτέρους
347 1940 402 1966 τῶν
425 1940 520 1974 μαζῶν
539 1941 568 1966 αἱ
586 1939 746 1974 ἅμαζὸνες;
763 1939 802 1966 Οὐ
819 1939 873 1975 γὰρ
900 1939 1005 1965 ἔνεστιν

1056 1942 1212 1973 volvuntur,
1251 1941 1274 1968 si
1308 1939 1402 1966 omnia
1440 1936 1609 1972 assignanda
1639 1939 1703 1963 sunt
1738 1933 1844 1961 astris?

212 1986 302 2013 εἰπεῖν
311 1985 349 2017 ὡς
365 1985 405 2011 ἐνὶ
415 1985 515 2020 ὁμοίως
529 1986 730 2012 ὑποϐάλλονται
752 1985 885 2020 σχήματι,
897 1985 949 2012 κᾶν
965 1986 1006 2012 αἱ·

1056 1987 1147 2021 Quare
1165 1987 1208 2014 die
1224 1990 1323 2013 octavo
1339 1985 1517 2012 Hebraeorum
1535 1983 1614 2010 liberi
1636 1980 1843 2009 circumcidun-

213 2031 298 2066 τιᾶσῃ
312 2031 501 2067 κλιματάρχην
513 2031 617 2067 ἀστέρα
635 2031 651 2066 ἢ
663 2031 770 2063 ζώδιον.
791 2031 846 2058 Καὶ
859 2032 1006 2066 μεταστάν-

1057 2032 1120 2059 tur?
1133 2031 1223 2064 Quare
1238 2031 1309 2065 apud
1334 2029 1488 2057 lsutaelitas
1513 2026 1692 2058 sacerdotes,
1710 2025 1757 2052 ubi
1787 2023 1844 2052 nati

213 2077 389 2112 τεςἘὸραίοι
399 2079 448 2112 τῆς
456 2077 584 2109 Ἰουδαίας
599 2078 646 2104 καὶ
660 2077 799 2112 πανταχοῦ
810 2077 1006 2112 διασπαρέντες

1058 2077 1159 2104 fuerint
1173 2083 1261 2103 annos
1288 2075 1395 2107 decem,
1420 2072 1633 2108 circumcisione
1657 2071 1801 2105 signantur
1817 2072 1845 2096 et

213 2124 265 2158 τῆς
285 2123 348 2158 γῆς,
372 2123 449 2149 οὐδὲν
476 2121 557 2159 ἦττον
579 2124 630 2158 τὴν
653 2123 806 2159 περιτομὴν
828 2124 857 2149 ὲν
873 2124 905 2158 τῇ
923 2123 1005 2159 ὀγδόῃ

1057 2123 1129 2158 apud
1151 2122 1297 2156 Ethiopes
1316 2119 1501 2156 quorumdam
1520 2125 1609 2153 genua
1622 2115 1822 2144 absciduntur?
1836 2117 1844 2126 ’

214 2169 317 2201 πάντες
346 2169 518 2203 ὑφίστανται.
547 2169 607 2201 [lth
623 2169 652 2196 δὲ
673 2169 734 2196 καθ’
763 2169 835 2204 ὑμᾶς
855 2169 884 2202 ἐξ
910 2168 1006 2200 αἰῶνος

1057 2169 1149 2202 Quare
1161 2169 1316 2195 Amazones
1333 2167 1421 2194 altera
1445 2165 1588 2201 privantur
1612 2162 1750 2190 mamma?
1765 2161 1845 2189 Certe

213 2216 332 2251 ἁπείρου
344 2216 511 2250 κινουμένων
521 2216 574 2242 τῶν
584 2216 702 2250 ἄστρων,
714 2215 779 2250 χθές
789 2224 840 2242 που
852 2216 899 2242 καὶ
911 2214 1006 2250 πρώην

1058 2215 1103 2241 hic
1121 2221 1174 2241 non
1199 2213 1265 2240 licet
1287 2212 1420 2247 objicere,
1438 2211 1512 2245 quod
1537 2217 1633 2237 omnes
1648 2216 1681 2236 ex
1699 2215 1776 2243 aequo
1798 2207 1845 2234 uni

213 2263 245 2288 τὸ
258 2262 430 2298 Χριστιανῶν
441 2261 485 2288 ἐπ’
498 2261 639 2292 εὐσεὸείας
654 2261 804 2296 διέλαμψεν
814 2261 900 2293 ἔθνος,
914 2262 960 2288 καὶ
973 2262 1007 2287 τὰ

1059 2259 1211 2287 subdantur
1227 2258 1311 2286 sideri
1338 2257 1380 2285 vel
1397 2257 1489 2291 signo,
1507 2256 1560 2284 etsi
1583 2262 1698 2283 causam
1714 2255 1742 2281 in
1761 2253 1844 2280 clima

214 2308 301 2335 πάλαι
320 2307 477 2343 κυρωθέπντα
488 2307 542 2334 τῶν
559 2307 691 2342 Ἐλλήνων
701 2306 816 2342 ὲσὸἐσθη
833 2306 1006 2342 σεϐάσματα;
1024 2315 1032 2343 ι

1027 2315 1046 2343 ι)
1060 2306 1135 2339 coeli,
1157 2305 1201 2333 cui
1228 2304 1342 2332 obnoxii
1363 2311 1469 2335 sumus,
1503 2302 1619 2336 rejicere
1639 2300 1718 2328 velis.
1733 2300 1800 2327 Nam
1819 2303 1845 2327 et

215 2353 278 2386 Πῶς
291 2354 319 2381 δὲ
329 2355 437 2381 πάντων
454 2355 506 2380 ὑπὸ
515 2354 564 2390 τὴν
575 2354 748 2390 εἱμαρμένην
761 2353 920 2386 τελούντων,
932 2353 1005 2385 τινὲς

1056 2351 1143 2379 Judaei
1165 2359 1198 2378 ex
1213 2350 1306 2378 Judsca
1332 2350 1404 2385 pulsi
1422 2353 1450 2377 et
1467 2349 1494 2376 in
1511 2348 1603 2376 omnia
1622 2355 1690 2382 pene
1705 2346 1845 2374 habitabi-

215 2399 303 2435 αὐτὴν
315 2400 506 2435 ἀνατρέπουσι,
523 2400 558 2426 τὰ
583 2400 633 2434 μὲν
660 2399 731 2434 ψιλῴ
759 2399 843 2433 λόγῳ,
856 2398 890 2425 τὰ
909 2399 937 2425 δὲ
960 2398 1009 2424 καὶ

1056 2399 1091 2426 lis
1106 2397 1184 2425 orbis
1206 2397 1320 2424 climata
1337 2396 1467 2431 dispersi,
1485 2395 1665 2422 nihilominus
1684 2393 1728 2420 die
1748 2396 1846 2419 octavo

217 2445 400 2481 μακροτέροις
410 2445 682 2480 συγγράμμασινςΕί
697 2445 751 2479 γὰρ
765 2444 835 2479 αὕτη
848 2444 902 2470 τῶν
918 2451 1008 2479 πρατ-

1057 2443 1300 2472 circumcisionem
1319 2443 1477 2478 patiuntur.
1498 2443 1588 2474 Quare
1610 2440 1633 2467 si
1650 2447 1698 2467 vos
1717 2438 1845 2466 audiendi

215 2491 339 2527 τομὲνων
351 2491 435 2522 αἰτία,
446 2490 516 2524 αὓτη
529 2490 678 2517 κατάλυσιν
695 2490 764 2516 ἰδίαν
782 2489 938 2524 ἐργάζεται.
962 2488 1008 2515 El-

1058 2490 1138 2521 estis,
1165 2496 1229 2516 cum
1253 2489 1310 2522 jam
1328 2488 1363 2515 ab
1384 2487 1513 2514 omnibus
1539 2485 1648 2513 saeculis
1676 2489 1750 2512 astra
1765 2491 1844 2512 snutn

217 2536 305 2567 κότως
312 2536 365 2571 ἄρα
376 2537 433 2567 τοῖς
446 2535 578 2566 τοιούτοις
589 2535 728 2567 ὀνειδίζων
743 2535 834 2567 Θεῆςμ
847 2535 1005 2570 Στὴτωσαν,

1058 2535 1207 2563 habuerint
1230 2537 1349 2565 motum,
1365 2533 1424 2560 bcri
1440 2532 1551 2559 demum
1575 2539 1606 2559 ac
1621 2530 1767 2558 admodum
1789 2530 1845 2565 pri—

217 2582 298 2616 φησὶ,
316 2582 364 2608 καὶ
379 2582 543 2609 σωσάτωσὰν
556 2589 585 2607 σε
596 2582 619 2607 οἱ
632 2581 792 2616 ἀστρολόγοι
820 2581 866 2607 τοῦ
894 2580 1009 2614 οὐρανοῦ

1057 2582 1118 2609 dem
1137 2580 1218 2616 quasi
1245 2587 1279 2606 ex
1305 2578 1425 2606 tenebris
1451 2577 1566 2606 emersit
1585 2577 1743 2604 Christiana
1761 2574 1845 2610 gens’

217 2627 243 2654 οἱ
259 2627 378 2662 ὁρῶντες
391 2628 453 2660 τοὺς
463 2627 590 2662 ἀστέρας,
604 2627 630 2653 τί
645 2626 737 2661 μέλλει
750 2627 796 2652 ἐπὶ
806 2626 835 2652 σὲ
851 2625 1008 2661 ἔρχεσθαι.»

1057 2634 1143 2661 quare
1158 2625 1371 2661 superstitiones
1390 2624 1536 2659 gentilium
1566 2630 1640 2650 nunc
1656 2623 1766 2649 demum
1780 2623 1845 2648 sunt

217 2673 314 2700 Ταῦτά
329 2682 395 2708 φησι
411 2673 478 2708 πρὶς
503 2673 551 2708 τὴν
577 2673 716 2708 θυγατέρα
733 2673 786 2699 τῶν
798 2672 938 2699 Χαλδαίων
956 2672 1010 2699 τῶν

1059 2671 1242 2699 oblitteratae?
1266 2670 1369 2703 Quare.
1391 2669 1415 2697 si
1441 2677 1538 2697 omnes
1554 2668 1610 2696 fato
1626 2667 1740 2695 obnoxii
1759 2666 1843 2693 vitam

218 2719 304 2747 ταῦτα
317 2719 435 2754 μάλιστα
448 2719 522 2754 παρὰ
537 2720 640 2750 πάντας
648 2719 850 2753 ἐπισταμένων.

1059 2718 1180 2752 agimus,
1197 2717 1308 2751 quidam
1337 2723 1476 2748 sermone,
1503 2715 1614 2750 quidam
1631 2714 1743 2748 scriptis
1767 2711 1844 2738 libris

219 2764 306 2792 fatum
325 2764 485 2792 subvertere
511 2773 564 2792 non
592 2765 781 2792 erubescunt?
798 2763 826 2790 Si
855 2763 1004 2799 astrologia
1025 2770 1110 2790 causa
1130 2767 1172 2789 est
1186 2769 1283 2790 corum
1299 2770 1361 2797 quac
1377 2761 1445 2789 fiunt
1461 2761 1639 2791 etdicuntur,
1669 2759 1752 2787 etiam
1785 2757 1843 2789 dis_

220 2811 372 2846 solutionis
393 2816 476 2847 caput
501 2813 565 2840 erit.
591 2812 650 2839 Non
673 2812 768 2847 itaque
784 2811 923 2838 immerito
955 2811 1024 2838 tales
1061 2809 1266 2845 reprehendens
1295 2815 1323 2836 et
1349 2810 1478 2837 incusans
1504 2807 1588 2839 Deus,
1616 2807 1736 2834 clamat:
1763 2813 1772 2830 ι
1797 2804 1851 2830 Sta-

221 2865 296 2890 nunc
314 2865 378 2884 cum
404 2858 608 2886 divinatoribus
622 2857 688 2892 tuis,
708 2861 735 2885 et
751 2864 812 2886 cum
831 2856 1010 2884 multitudine
1027 2863 1169 2892 magorum
1186 2860 1306 2889 tuorum,
1323 2863 1385 2883 cum
1416 2855 1517 2891 quibus
1532 2858 1557 2882 te
1574 2853 1694 2889 fatigasti
1728 2860 1743 2878 a
1779 2857 1847 2886 puc-

256 2921 273 2939 ι
288 2916 328 2947 lla
347 2918 406 2945 (πολι.
