2072 3157
231 168 267 200 95
885 170 1061 201 PROCOPII
1081 172 1203 203 GAZ/El
1819 175 1855 207 96

229 211 294 251 ritia
310 228 369 257 tua,
387 224 410 251 si
437 223 509 251 forte
528 225 618 259 possis
646 225 788 260 proﬁcere,
816 229 864 252 aut
888 226 959 253 forte
986 230 1013 253 te
1033 227 1177 255 rohorare.
1195 228 1338 256 Molestata
1355 236 1385 256 es
1402 229 1429 255 in
1463 228 1641 256 multitudine
1673 229 1854 258 consiliorum

228 275 349 298 tuorum.
367 271 446 299 Stent
469 280 544 300 nunc
572 277 599 300 et
630 273 737 301 salvent
760 277 788 301 te
819 277 990 301 scrutatores
1024 275 1171 308 caelorum,
1193 279 1221 303 et
1246 276 1481 311 contemplatores
1505 277 1660 309 stellarum,
1688 282 1716 304 et
1744 278 1790 312 qui
1820 284 1854 304 ex

229 317 420 345 lenationibus
451 317 587 353 iudicant,
621 326 683 353 qua:
722 324 839 347 ventura
862 321 920 347 sint
945 327 1027 355 super
1052 324 1079 347 te
1110 322 1143 348 ".
1164 331 1173 347 ι
1207 321 1269 349 Haec
1303 321 1373 349 dixit
1392 321 1426 349 ad
1453 321 1536 349 ﬁliam
1560 322 1761 357 Chaldaeorum,
1794 331 1856 358 qua:

229 374 285 402 prae
316 366 426 394 caeteris
451 366 611 394 nationibus
639 367 787 402 plurimum
817 373 844 394 et
877 367 961 395 studii
986 371 1013 395 et
1032 375 1122 402 opera:
1142 369 1206 396 huic
1224 369 1337 396 vanitati
1357 368 1504 404 impendit.

265 412 333 439 Cum
351 412 434 446 igitur
460 413 529 439 satis
547 413 725 440 manifestum
740 413 776 440 sit
792 420 825 440 ex
838 413 977 448 praedictis
990 418 1013 440 et

1103 413 1182 440 Οὕτω
1195 414 1223 441 δὲ
1237 414 1288 449 τῆς
1300 415 1480 450 ἀστρολογίας
1499 414 1654 441 ἀσυστάτου
1673 414 1855 451 δεικνυμένης

229 459 292 486 aliis
319 458 414 485 multis
439 459 622 492 argumentis,
636 467 697 494 qua:
712 459 838 486 consulto
859 460 1014 492 omisimus,

231 503 410 538 astrologiam
435 511 497 531 esse
523 504 680 531 instabilem
698 509 726 531 et
745 504 914 540 ambiguam,
931 505 1016 531 miror

231 549 355 584 profecto
367 550 469 584 quibus
491 550 647 577 rationibus
665 551 729 577 moli
749 550 872 585 quidam,
891 551 937 585 qui
954 551 1016 585 phi-

231 595 371 630 losophari
394 595 539 628 dicuntur,
555 597 648 623 ausint
663 604 836 631 proponere:
857 601 932 624 astra
952 597 1016 624 nul-

230 641 284 669 lam
301 642 356 668 vim
374 643 416 669 vel
439 646 602 677 potestatem
618 642 718 669 habere
731 642 786 677 29
800 642 826 669 in
842 643 1015 670 nativitatem

231 686 369 713 hominis:
398 692 588 714 verumtamen
617 687 752 722 cujusque
790 688 887 718 vitam.
925 689 1015 724 qualis

231 730 324 758 futura
350 731 396 765 sit,
411 732 569 767 designare.
585 732 719 760 Caeterum
749 733 829 760 modo
845 740 1015 761 commemo-

230 781 290 804 rata
315 779 520 812 argumentatio
547 783 674 813 potenter
699 779 815 811 evincit,
844 783 920 807 astra
939 781 1015 808 nulla

231 823 256 849 vi
273 830 335 850 esse
351 823 462 857 prazdita
488 824 521 851 ad
545 824 720 851 iudicandam
745 824 893 852 humanam
918 827 1013 858 vitam,

229 867 321 904 qualis
332 866 426 894 futura
443 868 491 895 sit.
511 868 563 895 Sed
586 869 613 895 hi
628 869 809 897 nihilominus
829 877 1015 905 repugnantes

230 913 296 943 illis,
313 913 357 948 qui
373 914 456 941 astris
473 914 525 940 vim
539 914 659 948 aliquam
691 915 816 943 tribuunt
838 916 864 943 in
886 917 1015 944 nativita-

229 962 283 987 tem
311 959 440 989 hominis.
458 960 522 986 talia
542 960 693 989 eﬂutiunt:
710 962 761 995 Qui
786 962 844 990 ﬁeri
862 967 964 998 potest,
985 968 1015 990 ut

229 1004 348 1039 alicujus
365 1006 467 1040 positio
492 1006 673 1040 demonstret,
703 1009 748 1043 qui
771 1009 832 1044 ejus
848 1009 947 1036 fuerint
965 1017 1013 1044 pa-

229 1055 331 1083 rentes,
360 1060 425 1078 num
445 1052 557 1087 ingenui
585 1057 612 1080 et
640 1053 758 1086 honesti,
783 1062 849 1081 num
879 1061 1013 1089 pauperes

227 1097 270 1124 vel
296 1097 415 1125 divites?
440 1102 493 1125 etc.
509 1098 576 1131 Quae
601 1100 672 1127 ratio
687 1100 800 1135 patitur,
817 1105 847 1128 ut
872 1102 934 1136 quis
951 1108 1014 1136 pro-

227 1143 336 1169 nuntiet
359 1143 436 1178 sigua
464 1143 536 1178 ejus,
552 1145 600 1178 qui
625 1144 696 1172 forte
718 1145 800 1174 hodie
822 1150 904 1174 natus
922 1147 969 1176 sit.
985 1149 1015 1173 ut

227 1195 318 1215 causa:
345 1189 401 1215 sint
414 1180 520 1222 eorum,
543 1190 591 1224 qui
608 1190 713 1218 dudum
733 1193 1016 1226 praecessere?nimi-

226 1241 287 1260 rum
313 1235 408 1262 eadem
438 1235 546 1263 tandem
584 1239 611 1263 et
625 1236 659 1263 ad
693 1241 819 1264 mortuos
848 1238 1013 1274 dirigentur.

225 1279 369 1315 Siquidem
392 1281 434 1308 vis
451 1280 590 1313 elicctiva,
609 1290 657 1310 seu
674 1282 799 1310 eiicetrix
824 1291 933 1318 semper
948 1285 1014 1312 επο-

226 1326 316 1354 ctibus
338 1327 478 1361 antiquior
496 1333 550 1356 est.
578 1328 642 1360 Sed,
666 1329 807 1364 inquiunt,
821 1331 916 1358 saltem
941 1331 1015 1358 indi-

225 1379 292 1400 cant
304 1374 378 1408 quod
395 1375 466 1402 tales
484 1375 599 1407 fuerint,
624 1384 674 1404 nec
702 1380 792 1404 tamen
807 1385 868 1404 eam
883 1378 1013 1405 virtutem

226 1420 348 1447 habuere
363 1425 448 1453 astra,
465 1426 495 1448 ut
512 1422 663 1454 efﬁcerent,
679 1423 727 1457 qui
745 1424 815 1450 tales
832 1431 1014 1458 procrearen-

226 1470 282 1492 tur.
313 1465 416 1493 lterum
437 1468 626 1502 interrogandi
649 1469 715 1495 mihi
742 1469 781 1496 illi
806 1474 892 1497 sunt:
926 1471 1015 1498 Dicite

226 1520 330 1546 quzeso,
348 1521 405 1548 quo
430 1518 513 1548 pacto
533 1515 615 1542 unius
633 1515 734 1550 positio
755 1522 888 1550 praestare
912 1517 1013 1551 possit,

226 1563 257 1584 ut
283 1566 338 1585 non
365 1560 454 1586 solum
479 1565 617 1594 parentes,
654 1561 703 1588 sed
727 1565 755 1588 et
784 1561 877 1594 liberi,
903 1562 1014 1593 fratres,

226 1605 308 1632 amici
339 1609 367 1631 et
391 1605 537 1634 domestici
564 1607 634 1635 tales
667 1611 829 1639 nascantur,
855 1608 946 1642 qualis
970 1608 1015 1635 ille

226 1651 321 1678 unus?
338 1651 383 1678 Sic
411 1657 490 1679 certe
511 1657 654 1687 sequetur,
674 1657 704 1680 ut
729 1661 784 1680 non
809 1654 873 1688 quis
889 1661 921 1681 ex
949 1662 1014 1689 pro-

226 1697 286 1732 pria
301 1699 430 1732 quadam,
453 1699 527 1733 quod
543 1706 638 1725 verum
662 1703 716 1730 est,
733 1700 841 1726 oriatur
863 1701 1013 1735 positione.

1067 459 1111 486 διὰ
1123 468 1153 486 τε
1168 460 1222 486 τῶν
1239 460 1395 496 εἰρημένων
1409 462 1456 488 καὶ
1469 461 1574 496 μυρίων
1601 462 1672 488 ὅσων
1688 458 1726 488 ὧν
1741 463 1854 498 παρελί-

1067 514 1165 541 πομεν,
1181 506 1232 533 ούκ
1261 505 1310 533 οἷδ’
1341 507 1416 539 ὄπως
1438 507 1594 543 φιλοσοφεῖν
1614 517 1688 540 τινες
1708 508 1833 541 δόξαντες
1845 530 1853 542 ,

1067 553 1225 586 ποιητικοὺς
1248 553 1299 580 οὐκ
1320 551 1390 580 εἶναι
1417 562 1494 587 φασι,
1521 555 1710 589 σημαντικοὺς
1737 555 1767 581 δὲ
1790 556 1855 587 τοὺς

1066 598 1185 633 ἀστέρας
1209 599 1260 633 τῆς
1291 598 1407 625 ἑκάστου
1441 597 1515 633 ζωῆς
1550 599 1743 627 ὑποτίθενται·
1765 601 1854 628 καίτοι

1066 643 1117 678 τῆς
1136 644 1285 679 εἰρημένης
1296 644 1450 680 ἀνασκευῆς
1465 645 1540 671 οὐδὲν
1551 643 1632 680 ἦττον
1648 646 1696 672 καὶ
1712 646 1743 672 τὸ
1757 646 1794 681 μὴ
1806 655 1854 681 ση-

1068 690 1215 723 μαντικοὺς
1235 687 1383 720 εἶναιτοὺς
1399 689 1517 725 ἀστέρας
1543 690 1759 726 ἁπελεγχούσης.
1784 691 1854 719 ⁸Αλλ¹

1066 734 1140 769 ὅμως
1158 735 1307 770 μαχόμενοι
1335 736 1391 766 τοῖς
1405 735 1515 768 λέγουσι
1546 735 1657 767 τούτους
1683 737 1853 772 ποιητικοὺς,

1065 780 1151 807 ταῦτά
1162 789 1227 815 φασι
1241 788 1249 796 ⁸
1268 781 1331 812 Πῶς
1343 780 1418 807 τοῦδέ
1430 781 1536 813 τινοςτδ
1552 781 1622 817 Θέμα
1637 782 1769 817 περιέχει,
1780 783 1854 814 τινες

1065 825 1148 853 αὑτοῦ
1165 825 1310 860 γεγόνασιν
1323 827 1346 852 οἱ
1362 827 1451 859 γονεῖς
1465 847 1472 857 ,
1491 827 1514 852 εί
1537 825 1687 862 ἐλεύθεροι,
1704 829 1728 854 εἱ
1743 827 1852 861 ἁγαθοὶ,

1066 872 1090 898 εί
1105 871 1216 907 ἄποροι,
1235 872 1260 898 εί
1274 871 1407 903 πλούσιοι,
1421 871 1554 898 εἰτούτων
1564 872 1711 904 τάναντίας
1729 872 1791 903 Πῶς
1800 873 1854 908 γὰρ

1064 917 1098 944 τὰ
1111 918 1238 952 σχήματα
1256 916 1304 943 τοῦ
1322 917 1452 952 σήμερον,
1472 917 1496 942 εί
1511 915 1761 952 τύχοι,τεχθέντος,
1779 916 1853 944 αἴτια

1066 963 1196 998 ποιητικὰ
1203 962 1256 989 τῶν
1269 962 1318 998 ἠδη
1327 962 1542 997 προγεγονότων,
1557 962 1623 993 ἴσως
1638 962 1667 989 δὲ
1677 962 1724 989 καὶ
1731 962 1854 989 τετελευ-

1064 1009 1186 1044 τηκότων
1198 1008 1359 1043 γενήσεται;
1375 1008 1429 1034 πᾶν
1439 1008 1493 1043 γὰρ
1509 1007 1539 1034 τδ
1556 1006 1660 1039 ποιοῦν,
1676 1007 1723 1034 τοῦ
1739 1015 1855 1043 πεποιη-

1067 1055 1148 1090 μένου
1163 1054 1360 1090 πρεσὸύτερον.
1373 1054 1453 1081 Ἀλλά
1471 1054 1598 1089 σημαίνει
1627 1054 1686 1089 μὲν,
1703 1055 1795 1089 φασὶν,
1812 1054 1854 1080 ὄτι

1065 1102 1160 1129 τοιοίδε
1189 1101 1352 1135 γεγόνασιν,
1387 1101 1417 1126 οὺ
1449 1100 1502 1136 μὴν
1544 1100 1680 1131 τοιούτους
1710 1100 1853 1134 γεγονέναι

1066 1146 1231 1182 παρέσχετο.
1246 1146 1332 1174 Πάλιν
1351 1146 1409 1178 πῶς
1421 1147 1480 1178 ἑνὸς
1494 1146 1524 1173 τὸ
1539 1145 1610 1182 Θέμα
1624 1146 1752 1181 μὴμόνον
1767 1147 1854 1180 γονεῖς

1064 1192 1187 1218 τοιούσδε
1204 1192 1346 1226 γεγονέναι
1363 1193 1461 1222 ποιεῖν,
1480 1191 1549 1218 ἀλλὰ
1562 1192 1609 1218 καὶ
1619 1191 1718 1223 παῖδας
1730 1191 1777 1218 καὶ
1790 1191 1854 1222 τοὺς

1065 1238 1196 1272 ἀδελφοὺς
1209 1238 1256 1264 καὶ
1270 1238 1364 1272 φίλους
1377 1238 1423 1264 καὶ
1440 1236 1549 1268 οἰκέτας
1561 1245 1569 1267 ς
1587 1236 1664 1264 ἔσται
1675 1237 1729 1271 γὰρ
1739 1237 1855 1268 ἕκαστος

1064 1285 1114 1311 οὐκ
1129 1284 1159 1316 ἐξ
1169 1283 1271 1310 οἰκείου
1287 1283 1369 1318 μόνου
1382 1283 1524 1318 γινόμενος
1541 1284 1670 1318 θέματος,
1686 1283 1754 1318 ὅπερ
1768 1282 1853 1314 ἐστὶν,

1064 1329 1132 1356 ἀλλὰ
1153 1329 1200 1355 καὶ
1214 1329 1243 1361 ἐξ
1264 1328 1368 1363 ἐτέρων
1393 1328 1509 1363 μυρίων.
1546 1328 1577 1354 Ei
1602 1327 1630 1354 δὲ
1651 1328 1686 1353 τὰ
1716 1328 1764 1362 μὲν
1789 1327 1854 1362 περὶ

1065 1375 1276 1410 παρῳχημένων
1300 1375 1429 1408 σχήματα
1456 1373 1564 1409 ἐροῦσιν
1583 1374 1750 1408 σημαντικὰ,
1775 1373 1811 1399 τὰ
1824 1373 1854 1399 δὲ

1065 1422 1129 1456 περὶ
1147 1421 1298 1456 μελλόντων
1309 1420 1449 1454 ποιητικὰ,
1460 1420 1504 1450 τίς
1518 1420 1534 1454 ἡ
1550 1419 1744 1454 ἀποκλήρωσις
1756 1427 1764 1451 ;
1777 1418 1794 1454 ἢ
1812 1420 1854 1450 τίς

1064 1467 1114 1501 τῆς
1142 1465 1277 1500 τοσαύτης
1305 1465 1378 1491 αἰτία
1411 1464 1563 1500 μεταϐολῆς
1584 1464 1634 1499 τῆς
1656 1464 1711 1490 τῶν
1731 1463 1854 1499 ἀστέρων

1064 1513 1205 1547 ἐνεργείας
1217 1520 1247 1538 τι
1259 1512 1306 1538 καὶ
1319 1512 1474 1547 δυνάμεως
1496 1510 1615 1545 Ἀνάγκη
1631 1509 1685 1545 ἄρα
1699 1510 1853 1545 σημαίνειν,

1065 1559 1142 1593 φασὶ,
1161 1558 1208 1584 καὶ
1221 1557 1256 1584 τὰ
1273 1557 1321 1592 μὲν
1336 1558 1377 1589 εἰς
1405 1556 1507 1590 γνῶσίν
1519 1564 1600 1583 τινων
1615 1556 1758 1591 Θειοτέρων
1773 1555 1854 1582 δυνά-

1066 1612 1150 1639 μεων,
1164 1604 1198 1631 τὰ
1214 1604 1242 1630 δὲ
1257 1605 1299 1634 εἰς
1317 1604 1457 1638 ἐνέργειαν
1469 1611 1477 1619 ι
1496 1601 1590 1638 ὥσπερ
1610 1602 1693 1637 τυχὸν
1708 1603 1773 1637 παρ’
1787 1602 1854 1637 ἡμῖν

1065 1651 1234 1686 γέγραπται,
1247 1651 1263 1685 ἡ
1282 1650 1331 1684 μὲν
1345 1649 1513 1684 κοσμοποιία
1528 1649 1567 1680 εἰς
1575 1649 1688 1683 γνῶσιν,
1702 1649 1730 1676 αἱ
1741 1648 1770 1675 δὲ
1781 1649 1855 1675 ἐντο-

1064 1697 1109 1724 λαὶ
1122 1697 1161 1728 είς
1172 1697 1222 1728 τὴν
1239 1695 1337 1731 πρᾶξιν
1347 1703 1354 1710 ·
1371 1695 1445 1726 ὅπως
1460 1696 1493 1722 ἂν
1508 1695 1575 1722 Θεοῦ
1592 1695 1718 1730 βουλήσει
1732 1695 1855 1722 διοικῶσῑ

226 1743 273 1770 sed
289 1747 316 1770 et
333 1751 366 1770 ex
381 1743 499 1771 aliorum
520 1744 646 1772 inﬁnitis.
663 1744 692 1771 St
709 1752 774 1772 vero
790 1745 887 1772 dicunt
903 1753 936 1773 ea
952 1754 1013 1774 esse

1065 1744 1097 1770 τὰ
1107 1742 1168 1769 καθ’
1185 1743 1269 1776 ἡμᾶς.
1293 1742 1348 1767 Καὶ
1361 1741 1566 1776 παραφέρουσιν
1583 1741 1614 1768 ὲκ
1629 1741 1679 1776 τῆς
1694 1741 1776 1776 εὐχῆς
1796 1741 1855 1767 ’ἰω-

227 1789 305 1823 signa
329 1790 546 1824 pneteritorum,
567 1795 595 1817 et
619 1798 742 1822 monere,
760 1799 821 1825 quae
840 1791 868 1818 in
890 1791 1012 1819 futurum

225 1835 284 1862 sive
309 1834 441 1869 deinceps
482 1835 607 1862 iacienda
633 1836 701 1866 sint.
723 1836 798 1871 quis,
821 1837 936 1864 obsecro
960 1837 1014 1864 erit

227 1880 397 1914 singulorum
423 1879 504 1907 ol'ﬁeii
531 1880 619 1907 ordo?
644 1889 705 1915 quze
735 1887 818 1909 tanta;
851 1882 1013 1910 mutationis

226 1926 332 1952 causa?
365 1926 438 1953 unde
467 1930 544 1954 tanta
572 1927 660 1954 virtus
684 1931 713 1954 et
743 1927 866 1955 eﬂlcacia
911 1928 1015 1955 astris?

227 1970 373 1997 inierunt:
409 1970 530 2000 Necesse
555 1976 609 2003 est.
640 1977 669 1999 ut
704 1973 828 2008 quaedam
859 1973 1016 2008 signiﬁcent

227 2016 313 2043 stella:
333 2017 367 2043 ad
383 2018 592 2052 cognoscendas
606 2018 758 2046 diviniores
769 2020 924 2054 potentias:
937 2028 1012 2054 quaa-

1066 1789 1121 1824 σὴφ
1133 1788 1173 1819 τὸ,
1185 1797 1194 1812 ι
1209 1787 1340 1820 Ἀνέγνων
1350 1787 1404 1820 γὰρ
1416 1788 1444 1813 ὲν
1457 1788 1518 1818 ταῖς
1530 1787 1611 1818 πλαξὶ
1618 1786 1665 1813 τοῦ
1675 1785 1791 1822 οὐρανοῦ
1805 1786 1856 1814 ὅσα

1066 1835 1233 1870 συμϐήσεται
1246 1835 1310 1869 ὑμῖν
1325 1833 1372 1860 καὶ
1383 1835 1440 1865 τοῖς
1454 1834 1520 1864 υἱοῖς
1537 1833 1624 1868 ὑμῶν,
1640 1843 1650 1859 ι
1667 1833 1720 1859 ὑπὸ
1733 1833 1780 1859 τοῦ
1802 1832 1854 1858 Ἰα-

1066 1881 1124 1908 κὼό
1139 1880 1292 1914 λεγόμενον.
1308 1880 1384 1914 Τάχα
1397 1879 1424 1905 δέ
1437 1887 1502 1913 φασι
1515 1880 1562 1905 καὶ
1576 1879 1617 1911 τὸ,
1634 1889 1644 1905 ι
1655 1879 1827 1914 Ἐλιγήσεται
1841 1879 1855 1905 ὁ

1066 1927 1179 1963 οὐρανὸς
1191 1927 1229 1958 ὡς
1245 1925 1374 1960 βιϐλίον,»
1385 1927 1449 1957 τοὺς
1470 1925 1565 1960 λόγους
1575 1926 1638 1957 τοὺς
1656 1925 1855 1960 ἐμπεριεχομέ-

1066 1982 1128 2004 νους
1140 1972 1324 2008 σημαντικοὺς
1335 1972 1388 1998 τῶν
1404 1971 1553 2005 ἐσομένων,
1567 1971 1855 2008 ἁπαρτισθησομένους

1067 2019 1112 2046 διὰ
1126 2019 1176 2053 τῆς
1189 2018 1243 2044 τῶν
1258 2017 1431 2052 πραγμάτων
1446 2017 1597 2047 ὲκῦάσεως.

226 2061 290 2088 dant
305 2070 370 2089 vero
382 2066 413 2090 ut
423 2063 544 2090 sciamus
552 2064 618 2098 quid
632 2063 707 2091 factu
721 2064 757 2091 sit
768 2071 848 2100 opus.
859 2064 1019 2099 Sequuntur
1033 2065 1087 2092 hoc
1097 2065 1158 2091 loco
1170 2063 1281 2090 modum
1291 2062 1443 2098 Scripturae
1457 2070 1544 2091 sacra:
1554 2063 1599 2090 ubi
1610 2062 1749 2097 opiﬁcium
1760 2059 1854 2090 mundi

226 2107 332 2136 inducit
348 2109 395 2136 Dei
411 2110 548 2144 notitiam,
571 2111 615 2138 lex
626 2119 694 2138 vero
714 2117 806 2139 tnouet
830 2121 892 2148 quae.
914 2112 1040 2141 facienda
1050 2119 1145 2147 quave
1160 2111 1272 2138 vitanda
1294 2111 1400 2144 sint,ut
1414 2110 1505 2138 omnia
1534 2119 1568 2138 ex
1586 2110 1748 2146 praescripto
1762 2111 1855 2138 divino

225 2154 272 2182 hic
297 2159 428 2191 gerantur
443 2160 471 2183 et
484 2157 725 2186 administrentur.
741 2157 877 2186 Prii-terea
902 2163 931 2186 ut
946 2160 1032 2194 magis
1049 2166 1128 2186 suam
1145 2157 1303 2192 opinionem
1322 2157 1476 2190 stabiliant,
1500 2157 1716 2184 adducuntillud
1731 2158 1855 2185 testimo-

226 2204 315 2237 nium,
345 2204 380 2231 ab
398 2203 502 2232 Jacobo
522 2205 639 2238 dictum,
671 2214 705 2234 ex
733 2207 858 2235 oratione
882 2207 994 2243 Iosephi
1018 2216 1025 2234 :
1054 2216 1063 2233 ι
1083 2206 1148 2241 Legi
1186 2206 1214 2233 in
1247 2205 1351 2233 tabulis
1365 2205 1427 2233 caali
1445 2210 1548 2240 quanta
1566 2206 1728 2240 contingent
1741 2207 1818 2233 vobis
1828 2211 1855 2234 et

227 2251 290 2280 ﬁliis
307 2252 408 2279 vestris
426 2252 460 2279 '".
479 2261 488 2278 ι
511 2251 570 2280 lluc
586 2253 729 2288 applicant
756 2254 822 2282 illud
848 2254 941 2283 Isaiae:
968 2264 978 2282 ι
994 2255 1174 2282 lnvolventur
1185 2253 1248 2280 εωΙί
1266 2257 1297 2280 ut
1313 2253 1382 2281 liber
1399 2254 1433 2280 “’".
1451 2263 1459 2279 I
1474 2253 1608 2281 Cmterum
1621 2262 1682 2288 qua:
1695 2254 1738 2281 hic
1756 2254 1854 2282 dicun-

225 2305 271 2328 tur
289 2304 354 2328 sunt
367 2307 522 2332 sermones,
540 2300 587 2334 qui
601 2301 701 2328 docent
714 2310 774 2337 qua:
797 2302 890 2330 futura
925 2308 1001 2334 sunt,
1019 2307 1046 2330 et
1065 2309 1096 2329 ea
1113 2301 1222 2328 tandem
1242 2300 1276 2326 ad
1295 2307 1352 2327 rem
1364 2319 1372 2332 ,
1386 2307 1421 2326 ne
1450 2299 1512 2334 quis
1526 2299 1644 2330 dubitet,
1662 2300 1792 2327 collatum
1807 2301 1853 2329 iri.

262 2345 375 2378 Melum,
404 2354 485 2380 quem
512 2351 587 2373 astra
615 2347 742 2374 videntur
770 2348 886 2382 injicere
912 2349 1012 2376 animis

1099 2347 1151 2374 Τὸν
1169 2347 1215 2373 ἐπὶ
1232 2347 1264 2381 τῇ
1276 2345 1388 2381 τοιαύτῃ
1406 2345 1434 2371 δὲ
1449 2345 1616 2381 νομιζομένῃ
1633 2346 1757 2381 angusta
1772 2346 1854 2380 φόϐον

227 2392 380 2423 hominum,
394 2395 422 2419 et
448 2399 530 2426 quem
555 2393 709 2427 important
733 2393 797 2420 dum
815 2400 944 2429 putamus
961 2395 1012 2421 ali-

226 2438 294 2472 quid
310 2438 373 2464 mali
388 2441 552 2465 eventurum
568 2446 601 2466 ex
631 2438 772 2466 iuliuentia
789 2445 940 2472 astrormu,
955 2441 1014 2476 pul-

227 2485 293 2510 rhre
321 2483 417 2510 adimit
443 2483 589 2516 Jeremias,
618 2484 736 2512 dicens:
755 2495 764 2511 ι
783 2485 861 2513 Viam
889 2488 1011 2521 geritium

227 2537 282 2557 non
301 2529 414 2557 discatis
429 2537 517 2564 neque
532 2531 662 2558 metuatis
688 2532 765 2565 signa
784 2533 922 2565 caelestia,
939 2533 1012 2560 sicut

227 2582 323 2611 gentes
342 2579 469 2603 metuunt
482 2576 517 2604 ab
535 2576 589 2605 illis
608 2577 642 2604 ⁷’.
659 2587 668 2603 ι
688 2578 741 2605 Sed
764 2578 808 2606 hic
831 2578 981 2614 obiicitur:
1000 2589 1009 2606 ›

228 2622 256 2650 Si
272 2622 405 2658 praenmit
433 2623 516 2655 Deus,
540 2631 601 2659 quae
631 2624 722 2652 futura
750 2629 825 2657 sunt.
853 2627 1012 2654 necessario

227 2670 365 2701 evenient,
385 2677 446 2704 quae
472 2677 522 2704 per
547 2674 623 2697 astra
651 2671 860 2703 deuuntiantur,
884 2679 916 2698 ne
941 2671 1013 2699 Deus

228 2722 403 2750 praenoscens
423 2715 551 2742 videatur
568 2716 710 2744 aberrare.
732 2716 802 2744 Iluic
832 2717 1012 2752 opponimus,

229 2759 300 2796 quod
316 2761 441 2795 sequitur
459 2761 634 2796 exemplum:
658 2761 803 2796 Propterea
830 2762 1014 2796 prmcognovit

231 2811 302 2843 [iens
327 2805 425 2833 Iudam
455 2806 636 2842 proditorem.
670 2806 805 2842 siquidem
839 2806 911 2834 haud
937 2807 1014 2834 illum

268 2894 291 2917 υ
307 2893 358 2922 lsa.
378 2901 463 2928 vau,
481 2894 582 2927 12,15.
616 2895 638 2911 ⁷⁷
656 2893 723 2922 Gen.
753 2901 844 2928 uvut,
873 2894 914 2921 ll.

955 2895 976 2910 7B
998 2894 1048 2922 '51-

1066 2393 1202 2428 Ἱερεμίας
1216 2391 1378 2426 περιαιρῶν,
1394 2391 1463 2425 τάχα
1475 2391 1506 2417 δὲ
1523 2391 1570 2417 καὶ
1592 2390 1709 2427 δοκούσῃ
1724 2393 1854 2428 ποιητικῇ

1063 2440 1118 2467 τῶν
1136 2439 1318 2474 δηλουμένων,
1330 2438 1410 2473 φησίν
1420 2446 1428 2453 ·
1444 2447 1453 2462 ι
1464 2437 1530 2464 Ἀπὸ
1546 2437 1600 2463 τῶν
1615 2437 1737 2472 σημείων
1748 2437 1796 2464 τοῦ
1809 2438 1855 2464 οὐ·

1067 2486 1148 2521 ραιιοῦ
1161 2485 1197 2520 μὴ
1213 2484 1365 2518 φοὸεῖσθε.»
1376 2483 1607 2518 ’Δνθυποφέρεται
1628 2482 1696 2518 πρὸς
1708 2482 1794 2510 ταῦτα
1805 2491 1811 2498 ·
1822 2482 1853 2509 Εἰ

1066 2531 1188 2566 προεῖδέν
1202 2531 1217 2556 ὸ
1231 2529 1296 2560 Θεὸς
1307 2549 1314 2560 ,
1341 2528 1371 2561 ἐξ
1401 2528 1524 2564 ἀνάγκης
1550 2528 1693 2562 γενήσεται
1709 2528 1743 2555 τὰ
1757 2528 1855 2558 δηλού-

1067 2585 1145 2612 μενα,
1163 2576 1206 2602 ἵνα
1218 2575 1255 2610 μὴ
1279 2574 1417 2610 διαμάρτῃ
1445 2574 1580 2610 προγνοὺς
1605 2575 1619 2600 ὸ
1641 2573 1718 2606 Θεός.
1739 2574 1811 2609 Πρὸς
1823 2574 1852 2601 δὲ

1065 2624 1145 2651 τοῦτο
1156 2624 1250 2661 ῥητέον
1261 2624 1298 2655 ὡς
1312 2623 1356 2650 διὰ
1363 2623 1441 2650 τοῦτο
1457 2622 1538 2657 τυχδν
1551 2622 1677 2657 προέγνω
1688 2622 1734 2648 τὸν
1750 2622 1852 2648 Ἰούδαν

1066 2670 1208 2705 προδότην,
1218 2665 1366 2704 ὲπείδήπερ
1377 2668 1478 2703 ἥμελλε
1487 2667 1642 2702 προδιδόναι
1649 2668 1680 2694 ὲκ
1692 2667 1741 2702 τῆς
1749 2667 1852 2699 οἰκείας

1066 2716 1226 2749 κινούμενος
1254 2715 1451 2750 προαιρέσεως,
1477 2714 1538 2749 ἥτις
1553 2713 1651 2749 ἔχουσα
1665 2713 1713 2740 καὶ
1728 2713 1760 2740 τὸ
1772 2713 1852 2740 δύνα-

1068 2762 1129 2788 σθαι
1143 2761 1179 2797 μὴ
1194 2760 1359 2795 προδιδόναι,
1387 2759 1557 2795 προδέδωκεν
1568 2767 1575 2774 ·
1601 2758 1672 2785 ὥστε
1689 2759 1738 2793 οὐχ
1751 2759 1766 2794 ἡ
1782 2758 1851 2793 πρός

1067 2816 1167 2842 γνωσις
1183 2807 1258 2834 αἰτία
1275 2805 1411 2841 πράξεως,
1427 2806 1484 2833 ἀλλ’
1501 2807 1517 2842 ἡ
1533 2806 1632 2841 πρᾶξις
1659 2805 1709 2842 τῆς
1723 2804 1851 2840 προγνώ-

1067 2902 1159 2926 χττιν,
1188 2895 1209 2909 τ’
1225 2892 1325 2920 Jcrcm.
1344 2900 1369 2923 ἰ,
1387 2892 1415 2919 2.
