2072 3157
192 155 228 187 97
753 155 1023 186 COMMENTARII
1044 155 1084 186 IN
1103 155 1282 186 GENESIN.
1792 161 1828 193 οε

193 221 273 246 σεως.
294 213 341 249 Μὴ
367 214 520 250 μιχευέτω
549 214 603 249 γάρ
625 222 678 247 τις,
693 213 740 241 καὶ
754 214 784 240 οὐ
801 214 990 249 προέγνωσται

1046 213 1146 241 latebat
1170 214 1243 248 quod
1275 214 1438 248 proditurus
1465 219 1525 242 erat
1548 216 1658 251 propria
1688 217 1829 248 voluntate

192 260 271 295 παρὰ
292 260 340 287 τοῦ
369 260 438 287 Θεοῦ
453 260 582 294 γενέσθαι
613 259 705 296 μοιχός
719 268 725 275 ·
741 261 765 287 εἰ
790 260 818 287 δὲ
832 260 981 295 μοιχεύσει,

192 306 281 332 καίτοι
313 306 350 341 μὴ
379 305 516 341 μοιχεύειν
544 305 624 340 εἴπερ
656 305 795 341 ἠϐουλήθη
821 306 982 341 δυνάμενος,

195 352 265 388 ὅπερ
293 350 341 378 οὖν
356 352 441 378 θέλων
456 351 627 387 ἐμοίχευσεν,
642 352 723 383 αὐτὸς
737 352 859 388 παρέσχε
876 353 927 387 τὴν
940 353 983 379 αι-

191 398 253 424 τίαν
264 397 311 423 τοῦ
327 397 448 429 τοιοῦτος
463 397 656 433 προεγνιῖισθαι
678 398 754 433 παρὰ
770 397 818 424 τοῦ
840 398 920 430 Θεοῦ,
935 399 984 433 τὴν

193 443 372 478 ἐνδεχομένην
382 444 482 478 πρᾶξιν
491 443 681 480 προλαὸούσης
687 443 814 478 γνώσεως
821 445 984 478 ἀναγκαίας,

192 490 243 516 οὐκ
258 490 476 524 ἀναγκαπικῆς,
490 490 549 516 ἀλλ’
567 491 765 526 ἀναμαρτήτου
777 490 917 525 ἀκριϐοῦς.
934 491 985 517 Τὸν

194 536 249 572 γὰρ
259 536 325 562 Θεὸν
337 537 388 563 οὐκ
399 536 539 571 ἐνδέχεται
553 535 717 570 ψεύδεσθαι·
727 536 863 572 ἐνδέχεται
878 537 907 563 δὲ
922 537 986 573 περὶ

194 582 249 608 τῶν
267 582 450 617 ἐνδεχομένων
464 583 512 609 καὶ
531 582 568 617 μὴ
583 582 716 617 φρονῆσαι
730 582 759 609 τὺ
775 583 901 618 γενέσθαι
917 582 987 610 αὐτὰ

195 628 285 654 καὶτὸ
314 630 351 664 μὴ
379 629 506 663 γενέσθαι
522 637 530 644 ·
553 626 610 656 οἷον
633 629 658 654 sl.
673 628 809 663 ἐνδέχεται
823 629 869 656 τὸν
887 629 987 656 Ἰούδαν

196 675 291 709 μεῖναι
304 675 465 707 ἀπόστολον,
482 674 620 710 ἐνδέχεται
650 675 729 702 τοῦτο
746 676 842 710 νοῆσαι
861 676 925 711 περὶ
938 676 987 702 αὺ-

194 720 243 747 τοῦ
258 721 303 747 τδν
316 720 392 754 Θεὸν,
418 721 517 757 ὥσπερ
534 720 581 748 οὖν
599 721 647 749 καὶ
668 722 823 749 τούναντίον
837 723 878 749 ὅτι
893 722 989 757 προδό-

1036 259 1185 294 impulsus,
1210 267 1306 294 quant,
1325 260 1409 288 modo
1424 261 1567 295 voluisset,
1597 262 1735 297 potuisset
1755 265 1828 293 inhi-

1037 305 1102 332 bere
1122 309 1149 332 et
1175 313 1231 333 non
1259 305 1386 340 prodere,
1410 315 1490 342 quem
1511 310 1602 335 tamen
1629 309 1759 343 prodidit.
1774 311 1829 338 lto-

1037 358 1090 385 qne
1110 359 1192 378 nemo
1214 351 1316 378 dixerit
1341 353 1541 387 praenotionem
1569 361 1632 381 esse
1648 362 1763 383 causam
1789 357 1830 384 fa-

1037 398 1086 428 cti.
1106 398 1160 424 imo
1182 398 1285 425 factum
1306 402 1414 425 asserat
1429 407 1542 426 causam
1564 400 1704 435 perhiberi
1721 409 1829 436 praeno-

1038 443 1133 470 tionis.
1163 443 1242 471 Licet
1271 445 1335 479 quis
1370 445 1536 472 adulterium
1569 447 1735 479 committat,
1774 456 1829 475 non

1038 494 1129 517 tamen
1148 490 1294 524 prazscitus
1315 495 1357 518 est
1377 498 1391 517 a
1408 490 1463 518 Deo
1479 496 1508 519 ut
1531 491 1578 518 ﬁat
1598 493 1716 520 adulter.
1734 493 1763 521 Si
1779 502 1830 521 au-

1039 539 1092 562 tem
1111 535 1259 568 adulterio,
1269 537 1315 564 cui
1327 537 1459 565 resistere
1474 542 1578 572 posset,
1589 539 1671 567 modo
1683 540 1828 572 voluisset.

1039 589 1069 609 se
1085 582 1200 616 polluat.
1213 583 1273 618 ipse
1290 584 1404 618 propria
1428 584 1533 611 malitia
1555 585 1608 612 hoc
1634 586 1752 613 crimine
1765 595 1830 621 pro-

1039 627 1148 656 fanatus
1172 633 1224 660 est,
1243 634 1269 656 et
1292 629 1333 656 sic
1353 630 1530 658 occasionem
1552 635 1580 658 et
1614 639 1710 659 ansam
1729 633 1764 660 de
1799 640 1830 660 se

1040 675 1165 709 praebuit,
1185 679 1215 702 ut
1242 675 1306 703 talis
1326 682 1545 710 prmnosceretur
1558 685 1573 704 a
1587 677 1644 705 Deo
1662 678 1781 706 futurus.
1799 679 1829 706 In

1041 720 1115 748 hunc
1133 721 1243 748 modqu
1264 722 1429 756 contingens
1453 722 1556 749 factum
1578 722 1626 750 Dei
1640 724 1762 758 cognitio
1779 732 1829 752 an-

195 773 246 799 της
255 773 263 780 ·
297 765 481 801 ἐνδεχομένων
505 766 534 792 δὲ
545 766 600 793 τῶν
613 766 672 799 δύο,
685 766 726 801 τῷ
737 764 808 793 εἶναι
824 768 853 792 ὲν
869 766 945 802 αὐτῷ
958 767 989 793 τὸ

194 810 307 846 ἀληθὲς,
336 811 458 846 ρεψάσης
482 812 552 847 πρὸς
580 812 611 839 τὸ
636 812 783 848 προδοῦναι
798 812 849 845 τῆς
861 813 990 848 προαιρέ-

1046 817 1072 840 ut
1085 813 1237 840 sentiamus
1261 813 1355 840 omnia
1370 814 1403 841 ad
1425 822 1544 849 unguem
1564 819 1629 842 nota
1645 818 1672 842 et
1683 817 1830 851 explorata

197 864 277 888 σεως,
292 857 380 892 ἀληθῆ
395 857 597 893 προγινώσκων
611 858 625 883 ὁ
638 858 717 890 Θεὸς,
731 858 923 893 προγνώσεται
943 859 989 885 τὸν

1046 867 1104 888 esse
1125 859 1191 887 Deo.
1211 859 1279 886 Nam
1305 860 1382 887 nulla
1408 861 1481 887 ratio
1508 862 1653 896 permittit,
1671 866 1701 889 ut
1717 863 1831 889 merula-

202 901 303 929 Ἰούδαν
318 903 452 939 προδότην
478 903 616 938 γενέσθαι,
645 904 682 930 Τὸ
701 904 729 931 δὲ
752 905 817 940 περὶ.
828 902 858 931 οὗ
872 905 984 937 γνῶσις,

1046 905 1113 932 :ium
1133 905 1160 932 in
1182 904 1266 932 Deum
1288 906 1380 933 cadat.
1404 905 1498 934 Potest
1516 907 1598 934 etiam
1623 908 1694 940 ﬁeri,
1710 912 1742 934 ut
1756 908 1830 935 Deus

197 947 337 983 ἐνεδέχετο
352 949 398 976 καὶ
410 950 513 985 ἑτέρως
540 949 678 986 γενέσθαι,
687 950 735 976 καὶ
752 950 823 984 ἔγνω
836 951 851 977 ὁ
871 950 937 982 Θεὸς
948 951 989 977 ὅτι

1046 950 1111 978 nihil
1130 949 1263 978 deliberet
1285 951 1320 978 de
1346 950 1451 979 futuris
1472 952 1713 987 contingentibus,
1741 954 1830 988 siqui-

195 993 346 1029 δυνάμενος
363 995 401 1031 μὴ
415 996 541 1031 ποιῆσαι,
558 996 718 1031 πεποίηκεν.

1046 996 1103 1023 dem
1129 996 1187 1023 ﬁeri
1215 1000 1242 1024 et
1269 1005 1323 1024 non
1349 997 1408 1024 ﬁeri
1438 1003 1567 1032 possunt.
1594 999 1718 1034 Exempli
1742 1000 1830 1035 gratia

197 1040 340 1073 videlicet.
358 1042 382 1069 si
413 1042 451 1069 sit
473 1042 635 1076 contingens
665 1045 695 1069 ut
715 1041 802 1070 Judas
823 1045 986 1076 permaneat
1011 1041 1038 1069 iu
1065 1042 1239 1076 apostolatu,
1267 1043 1355 1077 igitur
1373 1047 1465 1077 potest
1490 1043 1563 1076 ﬁeri,
1580 1048 1610 1071 ut
1632 1044 1706 1072 Deus
1725 1045 1751 1072 id
1782 1053 1832 1072 co-

197 1087 295 1121 gitarit
307 1089 342 1117 de
364 1089 435 1124 ipso,
461 1089 695 1125 quemadmodum
717 1094 745 1118 et
774 1090 948 1117 contrarium
981 1091 1122 1125 cognovit.
1146 1089 1277 1118 videlicet
1298 1097 1362 1117 eum
1398 1090 1568 1124 proditorem
1604 1090 1671 1118 fore.
1697 1092 1832 1118 Caaterum

196 1145 259 1164 cum
276 1137 358 1164 ambo
373 1137 431 1164 haec
444 1137 471 1164 in
485 1137 555 1165 Juda
574 1137 687 1169 iuerint.
708 1141 736 1165 et
755 1142 848 1165 utrum
872 1137 988 1164 voluerit
1007 1137 1144 1173 quivisset
1160 1137 1265 1170 facere,
1293 1140 1404 1170 repente
1432 1141 1459 1165 et
1483 1137 1633 1165 inclinante
1676 1137 1768 1164 animo
1797 1137 1832 1164 ad

197 1185 396 1217 proditionem.
419 1191 483 1211 vera
499 1190 730 1220 praecognoscens
753 1184 825 1213 Deus
855 1185 994 1220 pra-scivit
1016 1184 1114 1212 Judam
1136 1183 1303 1219 proditionis
1327 1184 1443 1211 crimine
1478 1184 1653 1219 inquinatum
1675 1183 1719 1210 iri.
1753 1183 1832 1216 Quod

197 1237 292 1259 autem
322 1231 425 1258 attinet
437 1230 471 1258 ad
488 1231 526 1261 id.
544 1230 618 1265 quod
637 1231 809 1265 pramotione
831 1231 924 1258 divina
938 1234 1002 1257 ante
1021 1230 1140 1264 capitur.
1165 1236 1248 1256 nemo
1278 1228 1385 1256 dubitet
1420 1229 1487 1264 quin
1518 1229 1598 1257 aliter
1639 1227 1697 1255 ﬁeri
1723 1229 1833 1263 possit;

197 1282 224 1304 et
246 1276 377 1311 cognovit
401 1275 472 1302 Deus
486 1275 559 1308 quod
577 1282 640 1302 cum
664 1275 690 1302 id
707 1282 761 1302 non
777 1275 866 1302 facere
883 1279 986 1310 posset,
1005 1274 1078 1302 fecit.

233 1321 302 1348 Οὐδὲ
318 1321 374 1356 γὰρ
384 1321 526 1356 προφήτης
541 1320 683 1357 προλέγων
696 1321 750 1347 τινὶ
761 1321 819 1347 τόδε
830 1330 866 1351 τι,
880 1321 992 1355 γέγονεν

1076 1319 1154 1347 Haud
1178 1320 1252 1347 enim
1270 1319 1403 1354 propheta
1421 1320 1611 1355 pnenuntians
1624 1321 1737 1356 aliquod
1751 1329 1834 1349 even-

197 1368 285 1399 αἰτιος
302 1367 353 1402 τῆς
367 1367 517 1398 ὲκὸάσεως,
530 1367 561 1393 τὸ
574 1366 603 1393 δὲ
620 1366 719 1401 μέλλον
732 1366 861 1401 ἐδήλωσε.
879 1367 933 1394 Καὶ
953 1366 993 1392 ία-

1046 1368 1146 1397 turum,
1167 1369 1194 1392 et
1215 1365 1239 1393 si
1264 1365 1290 1392 id
1304 1365 1417 1396 accidit,
1443 1367 1579 1393 continuo
1598 1371 1713 1394 eventus
1734 1374 1834 1394 auctor

197 1415 272 1450 τρῶν
285 1414 314 1440 δὲ
329 1414 422 1445 παῖδες
437 1413 509 1448 πάθη
523 1412 685 1448 προλέγουσι
699 1413 840 1448 μέλλοντα,
856 1413 906 1439 οὐκ
917 1412 993 1439 αὐτοὶ

1046 1411 1116 1439 erit:
1144 1418 1239 1439 verum
1264 1411 1291 1438 id
1316 1411 1390 1446 quod
1412 1411 1533 1439 futurum
1557 1417 1626 1443 erat,
1648 1412 1832 1443 denuntiavit.

199 1459 328 1496 δρῶντες,
339 1457 379 1491 οἷς
393 1460 441 1486 καὶ
452 1459 566 1486 κωλύειν
577 1458 739 1494 ἐπάγγελμα
747 1467 754 1474 ·
767 1459 849 1485 Ὅθεν
859 1458 993 1493 πολλαχοῦ

1046 1457 1134 1485 Etiam
1158 1456 1328 1484 medicorum
1354 1456 1402 1484 ﬁlii
1420 1457 1572 1491 pradicunt
1587 1457 1696 1485 morbos
1711 1457 1832 1492 futuros,

1041 767 1149 801 ticipat,
1171 774 1226 794 non
1248 767 1328 801 quasi
1361 772 1441 803 cogat
1471 772 1501 795 ut
1525 769 1588 803 quis
1609 769 1764 803 delinquat,
1780 771 1828 798 sed

200 1507 257 1534 τῶν
274 1506 394 1541 Γραφῶν
411 1507 426 1533 ὁ
452 1506 518 1538 Θεὸς
535 1505 642 1533 κελεύει
657 1506 720 1538 τοὺς
737 1506 881 1542 προφήτας
892 1506 994 1540 κηρύσ-

201 1561 261 1580 σειν
272 1553 321 1588 τὴν
338 1553 491 1588 μετάνοιαν,
507 1552 552 1579 τὸν
577 1552 628 1579 οὐκ
647 1552 736 1579 εἰδότα
748 1551 992 1587 προσποιούμενος,

201 1599 258 1625 εἴτε
274 1597 469 1633 πεισθήσονται
482 1599 633 1632 μετανοεῖν,
647 1597 700 1624 εἴτε
719 1597 766 1633 μὴ,
783 1597 826 1623 ἵνα
837 1597 874 1632 μὴ
885 1596 928 1623 διὰ
942 1596 992 1630 τῆς

1044 1509 1114 1536 quos
1126 1501 1177 1536 ipsi
1205 1509 1261 1529 non
1285 1502 1398 1536 pariunt
1409 1511 1415 1529 :
1428 1502 1476 1530 sed
1493 1503 1616 1537 ipsorum
1631 1502 1765 1537 professio
1777 1508 1833 1536 est,

1044 1548 1156 1575 morbos
1182 1548 1307 1576 inhibere
1325 1551 1352 1575 et
1366 1555 1476 1576 curare.
1505 1548 1573 1576 Hinc
1591 1548 1752 1583 frequenter
1766 1550 1834 1585 legi.

1044 1599 1108 1619 mus
1121 1591 1148 1619 in
1164 1591 1307 1627 Scriptura
1321 1592 1376 1627 3o
1390 1600 1479 1625 sacra,
1497 1592 1582 1620 Deum
1601 1593 1700 1628 jubere
1716 1596 1833 1630 prophe-

202 1645 386 1681 προγνώσεως
410 1645 662 1679 ἐπαγγελλόμενος,
690 1645 740 1680 τὴν
757 1645 847 1671 αἰτίαν
866 1644 929 1681 δόξῃ
944 1644 993 1677 τῆς

1047 1642 1100 1670 tas.
1117 1643 1147 1665 ut
1165 1638 1316 1673 praedicent
1334 1639 1536 1673 pmnitentiam,
1564 1639 1710 1674 ﬁngentem
1726 1648 1755 1668 se
1772 1648 1833 1667 om-

201 1689 344 1721 ἁπειϐείας
379 1689 606 1724 παρεσχηκέναι,
632 1689 718 1716 ποιῶν
750 1689 896 1716 ἀναπεσεῖν
929 1689 993 1720 τοὺς

202 1735 363 1767 ἀκούοντας.
379 1736 433 1762 Καὶ
446 1735 519 1770 λέγει
530 1743 581 1761 που
594 1734 770 1770 τῷΊερεμίᾳ,
785 1744 794 1761 ι
806 1734 886 1765 Ἴσως
910 1734 994 1761 ἀκού-

204 1790 297 1808 σονται
310 1782 358 1808 καὶ
370 1782 594 1817 μετανοήσουσι,›
605 1780 636 1807 τὸ
651 1781 803 1808 ἰσοστάσιον
818 1780 872 1807 τῶν
879 1780 996 1815 δυναμέ-

203 1836 258 1853 νων
286 1826 412 1861 γενέσθαι
440 1826 559 1858 δεικνύς.
577 1826 634 1853 Καὶ
650 1825 752 1860 ἀγαθὸς
774 1826 802 1852 δέ
823 1834 864 1857 τις
886 1826 996 1853 ἔσεσθαι

203 1873 366 1909 προμαθὼν,
383 1873 431 1908 οὐχ
443 1872 514 1899 οὕτω
522 1872 670 1908 προθύμως
682 1872 750 1908 πρὸς
773 1871 822 1907 τὴν
836 1871 934 1898 κακίαν
955 1871 996 1898 δι-

204 1919 381 1953 αγωνίσεται,
410 1918 595 1954 πεπεισμένος
630 1918 668 1949 ὡς
709 1918 820 1949 πάντως
841 1917 996 1952 γενήσεται.

211 1965 312 1991 ἰστέον
328 1964 383 1999 γὰρ
399 1964 436 1996 ὡς
449 1963 498 1991 καὶ
521 1962 719 1999 προγινώσκων
736 1963 799 1994 τοὺς
814 1961 944 1996 ἀγαθοὺς,
964 1962 997 1988 δι’

205 2010 320 2044 ἀγώνων
333 2009 444 2036 τοιῶνδε
464 2009 509 2036 καὶ
523 2009 611 2044 πάλης
636 2008 684 2035 καὶ
708 2008 758 2043 τῆς
780 2008 929 2044 καρτερίας
943 2006 998 2034 οἶδε

205 2055 346 2087 τοιούτους
361 2055 563 2090 γενησομένους
575 2063 582 2070 ·
598 2055 712 2086 εἰκότως
731 2052 779 2081 οὖν
793 2054 869 2089 ἡμᾶς
885 2055 953 2090 πρὸς
969 2053 1000 2080 τὸ

208 2103 329 2138 μέλλονό
342 2102 408 2134 Θεὸς
427 2101 634 2136 ἀπετύφλωσεν,
656 2102 698 2128 ἵνα
724 2103 762 2137 μή
789 2109 830 2133 τις
851 2101 998 2137 προγνοὺς,

207 2146 269 2176 εἶτα
282 2147 422 2184 ῥᾳθυμῶν,
436 2147 504 2183 αὐτῇ
517 2148 550 2182 τῇ
560 2145 715 2183 προγνώσει
727 2145 774 2172 τοῦ
785 2145 853 2172 Θεοῦ
864 2145 998 2180 μάχηται,

208 2195 278 2230 πρὸς
304 2195 354 2231 τὴν
380 2195 477 2229 κτῆσιν
501 2193 550 2228 τῆς
574 2193 675 2229 ἀρετῆς
694 2191 1002 2226 ἐκλυόμενοςσκώλυμα

207 2242 262 2276 γὰρ
272 2241 340 2277 πρὸς
351 2240 400 2275 τὴν
410 2239 511 2275 ἀρετὴν
521 2238 677 2265 συνέϐαινεν
693 2236 821 2272 εἶναιτὴν
832 2237 1001 2273 πρόγνωσιν,

207 2285 299 2313 Πολλὰ
317 2286 346 2312 δὲ
358 2286 461 2320 γίνεται
490 2285 521 2310 ὲκ
535 2283 589 2310 τῶν
607 2284 647 2318 μή
661 2284 705 2318 ἐφ’
716 2284 782 2317 ἡμῖν
802 2282 876 2309 αττια
889 2282 944 2309 τῶν
959 2279 1003 2316 ἐφ’

1045 1684 1120 1711 ιιίιιιιι
1136 1684 1254 1712 inscium
1267 1692 1328 1719 qua:
1346 1684 1440 1712 futura
1461 1685 1528 1712 sint.
1547 1685 1577 1712 Id
1595 1693 1628 1713 eo
1642 1685 1682 1717 ﬁt,
1701 1686 1758 1714 sive
1772 1694 1831 1721 poe-

1045 1729 1188 1756 nitentiam
1211 1730 1385 1764 abripuerint
1405 1730 1447 1757 vel
1465 1731 1619 1763 rejecerint,
1644 1739 1677 1758 ne
1692 1732 1834 1760 existime-

1045 1779 1091 1802 tur
1102 1782 1150 1810 per
1166 1782 1244 1802 suam
1259 1774 1459 1809 praescientiam
1486 1782 1598 1802 causam
1627 1774 1778 1810 praebuisse
1805 1780 1834 1803 et

1045 1820 1220 1847 occasionem
1248 1820 1425 1848 audientibus
1453 1824 1484 1847 ut
1502 1819 1632 1847 caderent
1658 1824 1686 1848 et
1700 1820 1834 1855 perirent.

1046 1866 1182 1900 Quocirca
1205 1865 1307 1893 alicubi
1336 1866 1488 1900 alloquitur
1517 1864 1663 1892 Jeremiam
1696 1865 1730 1892 ad
1761 1866 1834 1893 hunc

1048 1911 1191 1939 modum:
1232 1921 1241 1937 ι
1285 1911 1425 1939 Fortassis
1459 1910 1610 1939 audientet
1644 1912 1834 1946 pmnitentiarn

1048 1962 1129 1994 agent
1137 1958 1190 1992 ⁸ο.»
1207 1957 1292 1993 quod,
1306 1957 1328 1985 si
1346 1957 1458 1990 vellent,
1473 1964 1552 1992 teque
1565 1957 1623 1984 ﬁeri
1639 1962 1742 1992 posset,
1760 1966 1792 1984 ac
1807 1959 1835 1984 in

1049 2009 1221 2040 peccatorum
1255 2005 1313 2032 luto
1338 2004 1451 2031 interere.
1483 2003 1512 2031 Si
1546 2003 1608 2038 quis
1635 2004 1777 2038 praesriret
1805 2011 1835 2030 se

1050 2050 1151 2079 bonum
1165 2051 1287 2078 futurum
1307 2054 1333 2077 et
1351 2050 1392 2078 sic
1416 2057 1626 2084 permansurum
1644 2057 1733 2084 usque
1756 2050 1790 2076 ad
1805 2050 1837 2077 li-

1051 2105 1124 2130 nem,
1142 2101 1217 2124 certe
1242 2102 1416 2131 nequaquam
1433 2102 1530 2129 magna
1554 2094 1770 2129 promplitudine
1795 2102 1838 2121 re-

1051 2145 1226 2178 pugnaturus
1258 2145 1333 2169 esset
1347 2141 1445 2168 vitiis:
1465 2140 1531 2175 quia
1562 2143 1638 2167 certa
1659 2139 1838 2174 persuasione

1053 2188 1152 2220 fretus,
1177 2188 1261 2215 sciret
1285 2195 1314 2214 se
1339 2187 1424 2214 talem
1450 2193 1672 2220 permansurum.
1702 2184 1837 2212 Praeterea

1054 2233 1206 2261 notandum
1223 2239 1335 2264 censeo,
1354 2231 1484 2267 quamvis
1507 2230 1580 2258 Deus
1595 2231 1704 2258 noverit
1723 2237 1772 2258 eos
1790 2231 1839 2257 bo-

1055 2287 1105 2307 nos
1122 2279 1190 2312 fore,
1211 2282 1331 2305 attamen
1345 2277 1416 2305 haud
1436 2284 1499 2305 eum
1516 2275 1586 2311 fugit
1606 2275 1678 2311 quod
1696 2276 1838 2303 exercitati

208 2333 286 2367 ἡμῖν,
302 2331 418 2358 καὶτῶν
433 2329 548 2365 πρώτων
576 2328 758 2365 ἀνῃρημένων
786 2327 836 2354 οὐκ
861 2327 938 2354 ἔσται
965 2326 993 2353 τὸ

1052 2325 1137 2353 variis
1153 2324 1351 2352 certaminibus
1369 2328 1396 2351 et
1413 2322 1619 2355 luctationibus,
1646 2329 1715 2357 quas
1729 2322 1838 2357 patien-

209 2378 334 2413 δεύτερα..
349 2374 412 2404 Οἷον
424 2377 456 2403 ὲκ
471 2377 521 2411 τῆς
536 2375 589 2401 τῶν
610 2374 749 2410 τυράννων
769 2373 869 2405 κακξας
885 2373 914 2399 τὸ
931 2371 1001 2399 κατὰ

209 2425 277 2451 Θεὸν
299 2425 462 2459 μαρτυρεῖν·
480 2422 533 2448 τῶν
547 2422 602 2456 γὰρ
618 2421 756 2455 τυράννων
779 2419 817 2455 μὴ
837 2418 1000 2454 γενομένων,

212 2472 251 2507 μὴ
278 2469 452 2506 μαρτυρῆσαί
479 2477 555 2499 τινας
579 2467 659 2502 εἴπερ
681 2465 837 2501 ἠϐούλοντο.
857 2465 887 2491 Εἰ
914 2465 942 2491 δέ
958 2472 1001 2496 τις

211 2517 290 2551 ζητεῖ
299 2516 328 2542 τὸ
344 2515 388 2549 ἐφ’
413 2516 481 2550 ἡμῖν
507 2511 709 2547 ἀπολελυμένον
734 2509 803 2537 εἶναι
825 2509 873 2536 τοῦ
888 2509 999 2541 παντὸς,

211 2563 283 2589 ὥστε
302 2561 341 2596 μὴ
357 2561 401 2587 διὰ
414 2561 476 2587 τάδε
491 2559 552 2586 τινὰ
566 2557 761 2593 συμϐεϐηκότα
787 2559 853 2592 ἡμῖν
870 2558 942 2592 ἡμᾶς
958 2557 1001 2583 αἱ-

212 2609 321 2644 ρεῖσθαι
335 2607 409 2639 τάδε,
425 2606 599 2642 ἐπιλέλησται
617 2604 720 2639 κόσμου
734 2604 816 2639 μέρος
831 2603 879 2633 ὢν,
895 2603 942 2630 καὶ
968 2602 1002 2629 τὰ

211 2654 340 2682 κινοῦντα
351 2654 385 2680 τὰ
394 2654 435 2688 ἐφ’
448 2654 514 2688 ἡμῖν
529 2652 576 2678 καὶ
591 2651 767 2686 γυμνάζοντα
779 2649 927 2684 περικόψαι
943 2648 1004 2683 βου-

212 2700 336 2735 λόμενος.

1054 2377 1096 2399 ter
1117 2371 1242 2402 tulerint,
1271 2370 1304 2397 ad
1325 2370 1453 2397 virtutem
1475 2373 1503 2396 et
1531 2368 1681 2396 bonitatem
1702 2368 1759 2394 sint
1777 2375 1840 2394 eva-

1053 2416 1120 2445 suri.
1152 2416 1325 2450 Quapropter
1356 2415 1428 2442 haud
1457 2415 1507 2442 abs
1523 2422 1552 2441 re
1581 2414 1652 2441 Deus
1681 2421 1732 2440 nos
1753 2412 1839 2440 futuri

1053 2461 1157 2490 creavit
1175 2462 1295 2497 ignaros,
1309 2468 1343 2487 ne
1365 2460 1472 2488 scilicet
1486 2459 1550 2493 quis
1566 2465 1794 2494 prascognoscens
1811 2465 1841 2484 se

1052 2509 1156 2536 virtute
1176 2507 1319 2542 prazditum
1349 2506 1418 2539 fore,
1443 2505 1628 2540 negligentius
1652 2504 1763 2531 virtutis
1790 2504 1840 2531 vize

1053 2554 1165 2582 insistat
1178 2558 1206 2581 et
1227 2552 1400 2588 prmscientia
1419 2551 1555 2587 superbus
1585 2559 1646 2578 cum
1671 2550 1726 2577 Deo
1740 2555 1841 2584 pugnet

1055 2601 1206 2635 obtorpens
1230 2599 1265 2626 ad
1286 2599 1416 2626 virtutem
1445 2597 1654 2632 capessendam.
1673 2596 1752 2623 Esset
1767 2595 1841 2622 enim

1057 2645 1282 2681 impedimentum
1309 2649 1336 2671 et
1367 2643 1540 2671 obstaculum
1577 2642 1688 2669 virtutis
1713 2641 1841 2676 paranda:

1052 2691 1239 2729 praescientia.
1275 2691 1314 2718 Ad
1333 2691 1391 2718 haec
1424 2690 1511 2717 multa
1537 2693 1673 2725 geruntur
1706 2690 1733 2714 et
1761 2687 1840 2716 llunt,

212 2753 333 2781 quorum
356 2752 408 2772 nos
429 2751 485 2771 non
508 2749 605 2770 sumus
638 2740 809 2777 principium
841 2743 868 2767 et
899 2747 1004 2767 causa:
1025 2739 1112 2766 multa
1137 2741 1268 2773 praeterea
1284 2737 1461 2772 contingunt,
1482 2743 1600 2771 quorum
1630 2742 1681 2761 nos
1713 2736 1840 2760 auctores

212 2780 405 2828 perhibemur.
418 2790 555 2818 Caeterum
572 2787 690 2816 Sublatis
723 2787 833 2823 primis,
869 2793 904 2814 ne
919 2785 1042 2814 secunda
1075 2785 1185 2821 quidem
1213 2785 1349 2812 evenient.
1375 2782 1496 2818 Exempli
1530 2780 1629 2817 gratia,
1662 2784 1840 2815 tyrannorum

247 2881 272 2898 "
284 2880 387 2909 Jerem.
409 2887 484 2912 nvi,
500 2879 526 2907 5.
