2072 3157
243 186 278 218 99
898 185 1076 215 PROCOPII
1095 186 1216 216 δέψει
1814 189 1864 222 100

241 242 346 272 saevitia
368 241 396 269 in
419 241 500 276 culpa
521 244 574 272 est.
594 244 624 267 ut
641 240 755 276 quidam
772 247 827 268 non
850 246 1029 276 perseverent
1044 242 1072 269 in
1093 242 1236 277 martyrio.
1254 241 1301 269 sed
1318 242 1458 269 Christum
1483 243 1546 271 vita:
1562 247 1701 272 auctorem
1719 245 1865 282 abnegent.

240 290 309 317 Nam
340 288 396 316 nisi
421 287 600 315 interveniret
628 292 808 322 tyrannorum
836 287 971 314 atrocitas
999 292 1026 314 et
1044 287 1272 319 crndelitas,non
1289 289 1465 316 exorirentur
1484 294 1631 326 martyres.
1671 291 1866 322 Verumtamen

241 335 374 374 possibile
388 342 441 366 εει,
459 334 524 360 licet
544 334 654 369 tyranni
680 341 730 361 sua
750 333 845 360 innata
868 334 1032 361 crudelitate
1068 335 1193 365 saaviant.
1231 339 1261 361 ut
1289 335 1462 370 reperiantur
1483 337 1580 371 aliqui,
1604 338 1652 372 qui
1670 338 1696 365 iu
1715 346 1778 366 vera
1805 341 1866 368 lidei

241 380 418 411 confessione
453 380 616 414 persistant,
655 386 827 413 nequaquam
860 379 1029 413 abnegantes
1048 379 1201 411 Christum,
1216 379 1296 406 modo
1316 379 1343 406 id
1361 379 1452 407 facere
1465 381 1619 409 instituant.
1640 381 1670 409 Si
1705 391 1771 411 vero
1804 386 1868 420 quis

242 429 332 459 credit
352 437 404 457 nos
428 428 589 464 planissime
611 428 646 455 ab
674 429 804 455 universo
827 435 890 456 esse
906 432 1086 463 segregatos,
1115 433 1143 456 et
1188 429 1298 464 penitus
1331 429 1419 461 nulla,
1442 435 1524 465 prout
1548 439 1593 458 res
1629 438 1659 458 se
1693 430 1866 463 obtulerunt,

242 484 293 504 nos
311 476 382 502 volet
399 475 490 502 valere
515 474 635 509 eligendi
662 473 811 502 facultate:
832 474 856 502 is
871 478 947 502 certe
962 474 1066 503 oblitus
1091 479 1144 507 est,
1175 483 1206 502 se
1230 475 1325 503 mundi
1351 483 1413 503 esse
1432 482 1549 510 partem,
1585 480 1613 504 et
1639 483 1682 508 ea.
1716 483 1777 511 quae
1815 483 1867 504 nos

243 526 352 550 moveut
368 527 396 547 et
412 524 552 551 exercent,
578 520 727 554 praecidere
741 525 868 547 conatur.

279 567 362 594 Vens.
387 566 430 592 16.
451 565 524 592 Fecit
543 571 630 592 autem
650 565 718 592 Deus
738 565 791 592 duo
807 565 953 592 luminaria
968 573 1027 591 ma-
1046 570 1066 600 Α

1050 570 1066 600 λ
1114 565 1167 592 Καὶ
1174 564 1300 597 ἐποίησε
1306 564 1376 596 τοὺς
1388 564 1548 599 φωστῆρας
1557 564 1627 598 τοὺς
1634 564 1795 600 μεγάλους.
1807 567 1868 594 Διτ-

243 622 305 648 grta.
331 612 457 646 Magnum
479 610 621 646 quidpiam
647 610 751 645 duplici
779 611 886 638 ratione
916 610 1029 638 dicitur.

1080 608 1125 635 τὸν
1133 609 1162 634 τὸ
1178 609 1248 642 μέγα
1261 617 1267 623 ·
1285 608 1315 635 τὸ
1341 609 1400 643 μὲν,
1421 609 1489 644 πρὶς
1501 609 1595 644 ἐτέρου
1613 610 1766 645 παράθεσιν
1777 620 1783 625 ·
1806 612 1867 644 ὡςὸ

245 659 334 687 Unum
354 658 469 693 quidem
491 665 620 692 magnum
637 661 690 689 est,
717 657 739 684 si
759 657 793 683 ad
816 657 888 684 aliud
903 658 1031 685 confera-

1083 657 1195 692 μύρμηξ
1212 657 1297 692 μέγας
1311 657 1418 692 λέγεται
1430 659 1487 689 τοῖς
1500 659 1642 693 ὁμογενέσι
1659 660 1868 696 παραϐαλλόμε-

244 712 300 738 tur,
313 704 430 739 exempli
447 704 554 739 gratia:
577 702 705 729 Formica
731 711 830 738 magna
848 709 901 736 est,
919 703 942 730 si
957 710 1032 739 corn-

1081 711 1126 734 νος
1140 711 1146 717 ·
1172 703 1202 729 τὺ
1227 703 1266 734 δὲ,
1282 704 1426 735 ἁπόλυτον,
1442 703 1536 738 ὥσπερ
1557 704 1617 732 νῦν.
1638 706 1674 732 Οὐ
1690 706 1744 742 γὰρ
1758 707 1799 734 ὅτι
1814 707 1867 734 τῶν

244 753 358 785 paretur
388 748 432 776 sui
461 747 570 783 generis
594 747 731 774 bestiolis.
763 748 884 774 Alterum
919 748 1031 783 quidem

1081 747 1170 775 ἄλλων
1202 747 1312 783 μείζους
1334 748 1468 783 ἀστέρων,
1491 749 1548 774 ἀλλ’
1569 749 1662 785 ἐπειδὴ
1678 751 1798 778 τοσοῦτοι
1818 752 1868 787 τὴν

245 802 374 830 magnum
389 794 487 826 l'ertur,
499 794 571 828 quod
587 801 635 828 per
651 801 681 821 se
694 801 824 829 magnum
838 797 892 826 est,
903 794 1033 829 quemad-

1083 795 1267 829 περιγραφὴν,
1282 794 1320 826 ὡς
1336 794 1462 829 ἐξαρκεῖν
1474 795 1523 829 τὴν
1551 796 1598 822 ἀπ’
1614 796 1705 830 αὑγῶν
1727 796 1813 832 αὐτὴν
1829 797 1868 833 τῷ

245 840 355 867 modum
372 838 399 865 in
421 838 550 873 praesenti
565 837 636 864 loco.
650 837 710 864 Non
725 838 799 865 enim
822 845 919 873 magna
935 837 1032 865 dicun-

1086 840 1202 875 οὐρανῷ,
1218 841 1264 866 καὶ
1276 841 1343 867 πᾶσι
1355 842 1410 872 τοῖς
1433 839 1492 868 οὖσι
1512 843 1805 878 συμπαρεκτείνεσθαι,
1821 845 1868 871 καὶ

245 888 300 915 tur.
330 884 410 920 quasi
438 883 628 918 magnitudine
649 883 756 918 reliqua
782 888 856 910 astra
886 884 1031 916 excellant,

1083 885 1171 911 πάντα
1185 885 1361 921 περιπολοῦσι
1375 886 1556 921 πανταχόθεν,
1569 888 1620 913 ῐσοι
1641 888 1697 919 τοῖς
1710 888 1794 922 ὁρῶσι
1807 897 1869 923 φαι-

244 931 293 958 sed
311 930 384 965 quod
405 937 454 957 sua
473 929 664 964 magnitudine
685 930 754 956 adeo
769 931 950 965 praepotentia
966 931 1031 962 sint,

1084 931 1206 965 νόμενοι·
1238 931 1324 967 μέγας
1351 930 1398 958 οὖν
1423 932 1513 958 αὐτῶν
1543 933 1672 969 ἑκάτερος
1695 934 1743 960 καὶ
1757 936 1869 971 ἀπειρο-

245 981 275 1003 ut
289 977 397 1011 possint
416 975 573 1002 illuminare
587 982 638 1002 sua
657 976 684 1002 vi
699 976 800 1002 callum
820 981 846 1003 et
864 977 957 1003 omnia
973 984 1034 1010 qua

1084 977 1206 1004 πλασίων
1220 977 1266 1003 τοῦ
1281 977 1454 1012 φαινομένου.
1472 978 1508 1004 Τὸ
1523 978 1551 1004 δὲ
1567 979 1683 1013 ἐγένετο
1696 980 1870 1008 ἀνταποδοτι-

245 1028 321 1051 sunt.
343 1023 479 1051 Praeterea
504 1023 607 1058 ubique
631 1030 681 1050 sua
705 1023 846 1050 curricula
873 1023 1032 1055 absolvunt,

1083 1023 1141 1054 κδν,
1160 1022 1296 1049 δείκνυσιν
1312 1024 1353 1049 ὃτι
1376 1023 1456 1050 τοῦτο
1472 1024 1600 1058 ἐποίησεν
1613 1025 1626 1050 ὁ
1649 1025 1752 1060 Ἰησοῦς
1770 1027 1837 1062 ὅπερ
1855 1025 1870 1053 ὁ

245 1070 349 1105 ubique
369 1070 511 1104 aequaliter
537 1069 668 1096 omnibus
690 1069 861 1104 apparentia.
880 1068 1034 1105 Utrumque

1083 1069 1178 1105 Πατὴρ
1195 1070 1344 1104 ὑποστῆναι
1361 1069 1477 1105 ἠθέλησε
1492 1078 1499 1085 ·
1520 1070 1566 1096 καὶ
1585 1071 1640 1106 γὰρ
1656 1071 1706 1097 οὐκ
1724 1072 1869 1107 εἰρημένου

245 1116 340 1151 itaque
376 1116 514 1143 luminare
538 1114 729 1150 magnitudine
756 1115 849 1150 pollet,
868 1118 895 1142 et
917 1115 1033 1143 inlinitis

1083 1116 1161 1142 πόσοι
1175 1116 1307 1149 γένωνται
1319 1115 1474 1150 φωστῆρες,
1488 1115 1625 1151 ὲπηνέχθη
1638 1125 1645 1132 ·
1663 1125 1673 1142 ι
1697 1117 1839 1152 Ἐποίησεν
1855 1117 1870 1144 ὁ

245 1161 336 1188 modis
358 1162 463 1195 majora
489 1164 564 1192 sunt,
589 1167 671 1194 quam
692 1160 795 1187 nostris
815 1161 903 1188 oculis
920 1161 1033 1187 vidcan-

1083 1162 1149 1194 Θεὸς
1165 1162 1229 1193 τοὺς
1254 1161 1300 1188 δύο
1325 1162 1480 1197 φωστῆρας.
1494 1171 1503 1187 ι
1517 1161 1610 1194 Οὕτως
1626 1163 1642 1198 ἡ
1657 1163 1725 1198 αὑτὴ
1745 1162 1870 1199 βούλησις

246 1212 301 1235 tur.
319 1207 397 1240 Quod
426 1206 620 1241 inquit,facta
649 1211 708 1233 sunt
736 1211 801 1238 etc.,
829 1210 871 1234 est
893 1207 1032 1241 accipien-

1083 1208 1129 1233 καὶ
1146 1207 1271 1241 ἐνέργεια
1285 1207 1391 1242 [ἰατρὸς
1402 1208 1449 1234 καὶ
1460 1207 1508 1234 τοῦ
1523 1207 1645 1234 riui.“
1653 1208 1711 1240 δὲ,‹
1720 1208 1872 1236 Ἐθετοαὺ-

245 1254 311 1280 dum
341 1253 419 1288 quasi
450 1260 540 1279 causa:
564 1252 701 1284 redditio,
722 1257 748 1279 et
775 1251 871 1279 edocet
901 1254 974 1287 quod
1009 1250 1063 1280 idl

1054 1250 1071 1277 Β
1084 1253 1158 1286 τοὺς,
1166 1262 1174 1278 ›
1186 1254 1215 1279 οὐ
1228 1253 1325 1280 ταύτὸν
1337 1253 1376 1287 τῷ
1388 1254 1558 1287 Ἐποίησεν·
1566 1253 1626 1280 οὐδὲ
1636 1255 1676 1281 ὅτι
1685 1255 1791 1291 πρῶτον
1798 1255 1872 1289 γενό-

245 1299 333 1327 Fiiius
350 1299 456 1331 fecerit,
484 1297 560 1333 quod
578 1297 658 1325 Pater
681 1297 833 1325 subsistere
850 1301 876 1324 et
893 1306 956 1325 esse
970 1298 1031 1333 jus-

1088 1308 1173 1334 μενοι,
1187 1299 1301 1334 ὕστερον
1317 1299 1459 1334 ἐτέθησαν,
1475 1299 1532 1326 ἀλλ’
1541 1300 1704 1335 ὄτιήὲννοια
1726 1300 1872 1328 ὑποϐάλλει

246 1345 324 1373 serit.
340 1345 407 1372 Cum
424 1352 478 1371 non
497 1348 657 1371 enarratum
675 1348 759 1377 esset,
782 1349 849 1378 quot
871 1343 974 1370 inierint
989 1344 1033 1370 lu-

1087 1345 1199 1380 πρώτην
1219 1343 1289 1372 εἶναι
1313 1345 1362 1380 τὴν
1383 1345 1490 1379 γένεσιν
1511 1346 1560 1381 τῆς
1581 1345 1699 1378 θέσεως·
1715 1345 1745 1372 et
1760 1346 1809 1382 μὲν
1819 1347 1873 1382 γὰρ

246 1391 376 1424 minaria,
395 1391 528 1419 continuo
557 1390 696 1425 subjecit:
726 1398 735 1415 ι
765 1390 797 1416 Et
813 1390 877 1417 fecit
894 1389 965 1418 Deus
980 1390 1034 1417 duo

1088 1391 1252 1426 ὑποστῆσαι,
1268 1391 1297 1418 τδ
1313 1391 1342 1418 δὲ
1358 1391 1478 1427 ἁρμόσαι
1494 1392 1561 1428 πρὸς
1577 1392 1612 1419 τὰ
1623 1392 1690 1420 ἄλλα
1705 1392 1752 1419 τοῦ
1770 1392 1873 1428 κόσμου

246 1437 404 1464 luminaria.
434 1447 444 1463 ι
462 1437 521 1470 Qua
541 1444 574 1464 ex
592 1444 622 1463 re
648 1435 753 1470 liquido
770 1440 891 1469 constat,
909 1437 1033 1464 eamdem
1090 1438 1171 1473 μ’έρη.

245 1485 414 1512 voluntatem
442 1489 470 1512 et
498 1484 685 1518 operationem
710 1491 772 1510 esse
794 1483 884 1510 Patris
909 1483 1036 1519 Filiique.
1057 1483 1136 1517 Quod
1153 1485 1191 1512 ait
1205 1493 1240 1512 ται
1254 1484 1350 1512 Posuit
1367 1492 1409 1517 ea.
1430 1495 1439 1511 ι
1461 1489 1528 1518 etc.,
1555 1493 1611 1513 non
1647 1485 1804 1521 aequipollet
1836 1486 1874 1518 ei,

246 1531 323 1566 quod
350 1531 431 1563 dixit,
461 1529 556 1564 Fecit;
584 1538 635 1557 nec
678 1530 737 1556 vult
762 1533 791 1556 ut
815 1531 1002 1565 intelligamus
1043 1538 1073 1558 ea
1094 1532 1182 1567 primo
1202 1540 1264 1559 esse
1294 1531 1423 1564 formata,
1453 1537 1481 1560 et
1503 1536 1600 1567 postea
1615 1532 1724 1559 denuuu
1743 1535 1769 1559 in
1784 1531 1876 1559 [irrua-

247 1583 370 1605 mentum
394 1577 540 1610 translata,
565 1576 613 1604 sed
628 1576 702 1612 quod
724 1584 824 1604 sensus
842 1577 883 1604 vel
900 1577 1033 1612 cogitatio
1053 1578 1188 1612 suggerit,
1207 1579 1411 1613 generationem
1435 1586 1531 1605 eorum
1545 1579 1667 1613 priorem
1703 1578 1791 1606 fuisse
1823 1586 1874 1614 po.

246 1625 358 1653 sitione.
384 1625 506 1652 Alterum
530 1626 603 1653 enim
633 1628 751 1662 pertinet
775 1628 808 1655 ad
834 1629 1034 1661 substantiam,
1071 1630 1190 1657 alterum
1222 1636 1255 1656 eo
1283 1633 1401 1664 spectat,
1420 1633 1451 1656 ut
1466 1629 1612 1656 conveniat
1633 1632 1660 1655 ct
1681 1632 1816 1663 congruat
1833 1636 1876 1656 re-

247 1671 330 1706 liquis
347 1670 440 1698 muudi
454 1671 592 1706 partibus.

284 1717 369 1744 Vens.
391 1716 436 1744 20.
465 1716 497 1743 Et
519 1717 588 1744 dixit
608 1717 677 1745 Deus
692 1726 701 1745 :
719 1718 876 1752 Reptiﬁcent
899 1727 976 1754 aqua
992 1727 1034 1746 re-

1119 1718 1174 1746 Καί
1184 1713 1270 1745 εἶπεν
1281 1719 1298 1744 ὁ
1320 1717 1402 1750 Θεός·
1416 1716 1601 1752 Ἐξαταγέτω
1615 1716 1652 1743 τὰ
1665 1716 1759 1744 ὕδατα
1767 1717 1875 1751 ἑρπετὰ

246 1763 310 1798 ριὶίε
323 1762 420 1789 animi:
442 1762 550 1789 viventia
563 1771 572 1790 :
585 1767 609 1789 et
624 1771 696 1790 avem
712 1772 770 1798 qua:
784 1764 873 1791 volitet
891 1773 969 1799 super
984 1769 1036 1792 ter-

1083 1763 1193 1799 ψυχῶν
1207 1762 1308 1794 ζωσῶν
1324 1763 1399 1790 κατὰ
1416 1762 1512 1797 γένος’
1523 1762 1573 1788 καί
1591 1765 1711 1790 πετεινὰ
1726 1764 1874 1798 πετόμενα

247 1816 306 1834 ram
334 1809 361 1833 in
388 1807 456 1841 facie
483 1808 647 1842 ﬁrmamenti
673 1809 741 1836 cwli.
763 1809 850 1837 Terra
879 1812 1035 1845 coelumque

1083 1810 1159 1837 κατὰ
1172 1809 1206 1836 τὸ
1216 1808 1367 1843 στερέωμα
1377 1809 1430 1835 τοῦ
1443 1808 1574 1842 οὐρανοῦ
1586 1808 1661 1835 κατὰ
1671 1809 1768 1843 γένος.
1783 1809 1873 1836 Κεκὸ-

248 1852 368 1881 miriﬁco
392 1859 492 1881 ornatu
523 1854 633 1881 exculta
660 1860 760 1883 erant:
789 1857 982 1891 requirebatur
1005 1862 1035 1885 ut

1089 1863 1192 1892 σμηται
1206 1855 1241 1890 γῆ
1252 1855 1332 1891 ἀέρος
1341 1854 1388 1882 καὶ
1405 1854 1501 1886 ὓδατος
1509 1854 1672 1890 λῆξιν,ὃπερ
1684 1855 1727 1881 διὰ
1742 1855 1795 1881 τῶν
1805 1862 1875 1890 παρ-

248 1900 331 1927 etiam
361 1907 408 1927 aer
426 1907 552 1935 aquaque
571 1905 787 1933 exornarentur,
808 1903 889 1930 sicuti
911 1911 944 1930 ex
966 1912 1036 1939 prae-

1087 1903 1170 1929 όντων
1190 1901 1364 1937 σημαίνεται.
1389 1900 1448 1927 Νῦν
1468 1901 1496 1927 δὲ
1513 1900 1623 1936 πρῶτον
1644 1899 1764 1935 ἔμψυχον
1779 1900 1875 1936 αἰσθή-

249 1945 376 1973 sentibus
390 1944 519 1972 discitur.
537 1945 614 1972 Nunc
632 1946 742 1973 demum
757 1947 858 1974 animal
874 1949 1034 1975 sensitivum
1051 1973 1067 1983 η

1056 1973 1071 1983 η
1090 1957 1160 1978 eam:
1168 1948 1281 1983 μετέχον
1297 1947 1365 1979 ζῶον
1378 1947 1595 1982 δημιουργεῖται*
1607 1945 1656 1982 ζῇν
1673 1946 1722 1981 μὲν
1737 1945 1874 1982 γὰρλέγὶ-

250 1991 279 2018 in
307 1991 438 2018 mundum
464 1991 649 2027 progreditur.
680 1973 784 2021 Plantae

1056 1973 1072 2001 ⁵
1088 1973 1199 2021 έέζὲζέ
1210 1973 1340 2028 sire-:11
1353 1973 1448 2020 statua,
1463 1973 1587 2028 μὲὲέχειν
1600 1973 1750 2027 θ’ῥὶπὲικῆξ
1764 1973 1811 2020 atat
1827 1973 1874 2019 ἑοῦ

251 2037 395 2071 dicuntur,
414 2037 487 2073 quod
516 2038 634 2066 habeant
655 2039 776 2066 animam
805 2040 988 2075 vegetativam
1011 2046 1038 2068 et

1088 2040 1180 2075 ὁμοίου
1191 2039 1352 2074 γεννητικῆς
1363 2039 1515 2073 δυνάμεως,
1529 2038 1587 2065 ἀλλ’
1602 2039 1632 2064 οὺ
1649 2038 1734 2074 δήπου
1751 2038 1875 2073 μετέχειν

251 2083 492 2118 augmentativam,
523 2084 647 2119 etquod
686 2085 728 2112 sui
775 2086 864 2113 simile
893 2095 1039 2121 procreare

1088 2087 1251 2121 αἰσθήσεως.
1261 2085 1382 2119 Ἐρπετὰ
1391 2085 1419 2111 δέ
1431 2093 1524 2119 φησιν,
1535 2083 1628 2119 ἐπειδὴ
1638 2084 1692 2110 πᾶν
1704 2083 1734 2110 τὺ
1749 2083 1876 2117 νηκτικδν

251 2133 387 2155 noverunt
412 2129 544 2156 Caeterum
562 2129 654 2157 nullus
677 2130 718 2158 bis
735 2131 806 2158 inest
826 2139 935 2160 sensus.
951 2132 1038 2167 Repli-

1089 2131 1168 2166 ἕρπει
1189 2131 1222 2157 δι’
1237 2130 1344 2162 ὓδατος,
1355 2130 1551 2165 ὲπισυρόμενον
1580 2129 1674 2156 τούτου
1697 2129 1736 2165 τῷ
1750 2129 1855 2164 σώματι
1867 2137 1875 2144 ·

252 2175 290 2201 I-ia
303 2175 410 2210 inquit:
427 2183 489 2202 nam
507 2183 588 2203 omne
603 2176 726 2203 natabile
751 2177 953 2211 quodammodo
970 2179 1039 2214 repit

1088 2177 1130 2203 ἔτι
1146 2177 1194 2212 μὲν
1202 2177 1256 2211 γάρ
1267 2185 1325 2202 τινα
1343 2176 1465 2202 ὑπόποδα
1481 2175 1530 2202 καὶ
1541 2174 1586 2201 διὰ
1600 2174 1680 2201 τοῦτο
1692 2175 1812 2210 ἀμφίϐια
1820 2172 1876 2202 οἷον

251 2229 300 2256 per
313 2229 414 2256 aquam
429 2222 557 2256 corporis
573 2223 691 2257 quodam
712 2227 814 2250 tractu.
832 2223 902 2250 Sunt
918 2224 943 2250 in
958 2225 1039 2259 aquis

1089 2224 1188 2257 φῶκαι,
1205 2223 1308 2255 κτένες,
1325 2222 1503 2257 κροκόδειλοι,
1519 2222 1597 2248 ἵπποι
1617 2221 1758 2257 ποτάμιοι,
1777 2221 1877 2257 βάτρα-

251 2267 376 2302 qumdam
405 2267 534 2294 animalia
558 2269 641 2302 pedes
670 2269 811 2303 habentia,
843 2275 870 2297 et
892 2275 1040 2305 propterea

1089 2278 1141 2305 χοι,
1154 2270 1278 2304 καρκῖνοι
1288 2276 1295 2285 ’
1304 2266 1416 2295 ἀλλὀὑν
1430 2267 1647 2303 προηγούμενον,
1662 2269 1711 2295 καὶ
1727 2268 1809 2295 πλέον
1820 2267 1876 2302 ἔχει

252 2313 353 2347 partim
373 2313 401 2340 in
415 2313 496 2348 aquis
507 2314 607 2348 partim
626 2314 653 2341 in
672 2319 744 2342 terra
755 2314 870 2350 degunt,
888 2321 916 2342 ut
935 2315 1037 2350 phocas,

1087 2315 1118 2341 τὸ
1130 2314 1271 2349 νηκτίκόν.
1290 2314 1352 2345 Τοῖς
1370 2314 1399 2340 δὲ
1411 2313 1501 2344 ἄλλοις
1516 2313 1567 2340 οὐκ
1582 2313 1673 2348 ἔχουσι
1690 2312 1831 2347 πνεύμονα
1844 2312 1876 2339 δι’

252 2359 386 2393 pectines.
407 2359 552 2392 crocodili,
575 2360 638 2394 equi
657 2359 816 2391 fluviatiles.
836 2369 910 2388 ranae
927 2367 952 2388 et
971 2370 1038 2389 can-

1088 2357 1118 2388 οὗ
1139 2361 1287 2387 σπάσονται
1306 2360 1352 2386 τὸν
1364 2359 1443 2394 ἀέρα,
1457 2360 1556 2395 ἡπᾶσα
1567 2358 1624 2394 ζωὴ
1635 2359 1705 2386 κατὰ
1722 2359 1769 2386 τοῦ
1783 2358 1878 2390 ὕδατος

252 2404 304 2431 cri.
321 2403 422 2431 Verum
439 2405 466 2431 in
485 2405 529 2432 his
543 2405 654 2432 excellit
679 2406 794 2432 natatio.
812 2405 916 2432 Caetera
934 2407 1039 2433 anima-

1089 2407 1196 2440 πέφυκε
1206 2414 1213 2421 '
1225 2405 1342 2441 βραγχία
1351 2406 1404 2441 γὰρ
1422 2405 1524 2440 ἔχουσι,
1535 2405 1567 2431 δι’
1583 2402 1620 2432 ὧν
1636 2406 1667 2431 τι
1677 2404 1748 2438 ὕδωρ
1757 2404 1879 2440 δέχονταί

253 2451 302 2481 lia,
318 2458 377 2485 quae
391 2458 505 2485 prorsus
520 2450 710 2477 destituuntur
734 2451 875 2485 pulmone,
898 2460 945 2486 per
957 2459 1039 2486 quem

1088 2460 1118 2478 τε
1132 2446 1181 2478 καὶ
1206 2451 1434 2486 παραπέμπουσι.
1442 2451 1569 2485 καθάπερ
1579 2451 1659 2486 ἡμεῖς
1669 2450 1715 2476 τὸν
1723 2450 1800 2484 ἀέρα.
1816 2450 1877 2475 Τοι-

254 2504 301 2524 aer
313 2497 440 2523 hauritur
448 2496 499 2531 31
510 2503 624 2531 prorsus
647 2497 675 2523 in
687 2497 767 2531 aquis
780 2497 863 2524 vitam
873 2502 965 2533 agunt.
984 2497 1040 2524 Ha-

1090 2498 1190 2533 γαροῦν
1206 2498 1253 2524 καὶ
1266 2506 1333 2533 χωρι
1353 2496 1433 2524 “avra
1447 2497 1494 2523 τοῦ
1505 2496 1791 2531 ὓδατοςδιαφθείρεται
1801 2516 1808 2522 .
1823 2495 1878 2522 Καὶ

255 2542 320 2569 bent
335 2549 399 2569 vero
412 2541 573 2574 branchias,
595 2541 695 2577 quibus
709 2542 852 2576 excipiunt
866 2547 893 2570 et
908 2543 1040 2570 enitittuut

1088 2544 1124 2570 τὰ
1138 2543 1249 2570 πετεινὰ
1262 2544 1290 2570 δέ
1300 2545 1332 2570 ὲκ
1346 2543 1402 2569 τῶν
1413 2543 1517 2570 ὑδάτων
1532 2543 1698 2578 προέρχεται
1711 2551 1717 2557 “
1735 2543 1796 2569 ἐπεὶ
1831 2542 1878 2569 καὶ

254 2595 363 2622 aquam,
379 2587 460 2615 sicuti
473 2595 523 2614 nos
539 2595 642 2615 aerem.
664 2588 837 2623 Quapropter
858 2589 901 2616 ubi
918 2590 1038 2624 primum

1088 2590 1191 2616 τούτων
1202 2589 1286 2616 πολλὰ
1294 2590 1342 2624 μιν
1352 2591 1408 2621 τοῖς
1417 2589 1511 2616 ὕδασιν
1518 2589 1534 2624 ἢ
1542 2589 1590 2624 τὴν
1602 2589 1730 2624 πλείστην
1740 2588 1756 2623 ἤ
1767 2587 1816 2623 τὴν
1828 2588 1879 2614 πᾶ-

252 2639 376 2662 extracta
394 2633 498 2660 iuerint
523 2642 556 2661 ex
573 2635 662 2668 aquis.
683 2635 863 2662 intercidunt.
879 2635 951 2662 Aves
969 2643 1038 2670 quo-
1051 2643 1070 2673 ι]

1061 2644 1077 2673 [)
1091 2643 1140 2661 σαν
1157 2634 1212 2669 ἔχει
1227 2635 1365 2669 διαγωγήν
1375 2642 1382 2649 ·
1410 2635 1456 2660 καὶ
1473 2633 1508 2660 τὰ
1521 2633 1602 2660 λοιπά
1618 2633 1646 2660 δὲ
1656 2654 1663 2667 ,
1682 2634 1730 2661 ἅτε
1753 2633 1786 2660 δι’
1799 2633 1879 2667 ἀέρος

254 2689 306 2715 que
329 2688 362 2708 ex
387 2681 466 2715 aquis
478 2680 643 2716 procedunt.
669 2680 737 2708 Nam
756 2681 892 2717 pleraeque
906 2689 970 2709 aves
989 2685 1036 2708 aut

1087 2681 1137 2716 τὴν
1152 2679 1263 2716 πορείαν
1275 2681 1304 2707 ὲν
1320 2679 1450 2715 μετεώρῳ
1458 2679 1616 2715 ποιούμενα,
1623 2680 1654 2712 ἐξ
1663 2680 1768 2706 ὑδάτων
1777 2679 1876 2714 προέρ-

254 2725 400 2761 plurimum
425 2729 472 2752 aut
493 2726 607 2752 omnino
630 2725 657 2752 in
675 2725 754 2760 aquis
769 2726 852 2753 vitam
868 2727 1035 2762 transigunt.

1089 2735 1167 2762 χεται
1180 2726 1224 2753 διὰ
1234 2725 1283 2761 τὴν
1295 2725 1362 2760 προς
1375 2725 1478 2761 ἄλληλα
1487 2726 1539 2752 τῶν
1552 2726 1694 2761 στοιχείων
1702 2725 1871 2760 συγγένειαν.

254 2771 311 2798 imo
339 2776 366 2798 et
391 2776 497 2799 craterae
513 2779 588 2803 aves,
614 2779 676 2806 qua:
699 2771 726 2798 in
750 2771 862 2800 sublimi
877 2773 971 2799 volant
991 2779 1039 2807 per

1097 2771 1302 2806 Ἐξυγραίνεταί
1317 2780 1346 2798 τε
1360 2771 1414 2806 γὰρ
1429 2772 1443 2798 ὁ
1458 2772 1511 2807 ἀὴρ
1525 2772 1570 2798 καὶ
1596 2773 1664 2806 πρδς
1680 2772 1749 2806 νέφη
1761 2770 1878 2798 πυκνού-

255 2825 329 2851 aera,
345 2825 378 2845 ex
401 2818 479 2852 aquis
498 2817 633 2852 originem
666 2822 791 2849 sumunt,
814 2822 926 2852 propter
940 2825 1039 2852 quaru-

1093 2826 1173 2852 μενος
1190 2818 1229 2849 εἰς
1255 2817 1326 2852 ὕδωρ
1357 2816 1518 2852 μεθίσταται
1533 2825 1540 2834 ·
1555 2818 1602 2844 καὶ
1628 2817 1659 2845 τδ
1676 2817 1749 2852 ὕδωρ
1765 2817 1877 2852 ἐξατμι-

254 2863 316 2890 dam
333 2863 528 2891 elementorum
549 2864 756 2898 cognationem.
776 2864 830 2891 Aer
854 2864 926 2890 enim
941 2863 969 2890 iu
985 2863 1038 2890 liu-

1089 2863 1151 2889 σθὲν
1177 2863 1247 2898 ἀέρα
1280 2863 1360 2890 ποιεῖ.
1396 2862 1500 2894 Ἄλλως
1521 2871 1551 2890 τε
1576 2864 1623 2889 καὶ
1658 2863 1686 2889 ἓν
1713 2863 1878 2897 ἀμφοτέροις

255 2916 358 2937 morem
383 2909 542 2943 resolvitur,
559 2913 587 2938 et
610 2909 636 2936 in
654 2910 742 2938 nubes
760 2914 910 2938 concretus
926 2909 1036 2938 tandem

1089 2908 1187 2943 ἰδίωμα
1201 2917 1208 2924 ν
1219 2923 1224 2928 ς
1235 2907 1272 2939 ὡς
1288 2908 1341 2943 γὰρ
1353 2907 1378 2934 οἱ
1391 2908 1486 2943 ἰχθύες
1507 2909 1536 2936 τὸ
1548 2908 1621 2944 ὕδωρ
1642 2908 1770 2943 τέμνουσι
1784 2909 1817 2944 τῇ
1832 2916 1876 2935 κι-
