2072 3157
205 177 253 211 ιοι

751 180 1020 212 COMMENTARII
1043 183 1082 212 IN
1100 183 1267 216 GENESIN

1790 191 1842 225 102

204 235 281 270 νήσει
296 243 350 260 των
363 235 520 270 πτερυγίων
531 235 572 266 εἰς
584 234 615 261 τὸ
626 235 722 270 πρόσω
732 236 898 272 χωροῦντες,
914 239 947 272 τῇ
974 238 1000 264 δὲ

1054 240 1154 266 transit
1180 241 1207 267 in
1230 248 1341 276 aquam.
1358 242 1494 271 Praeterea
1519 252 1590 280 aqua
1610 254 1658 281 per
1677 249 1719 276 sui
1740 257 1843 285 evapo-

202 281 250 308 τοῦ
263 280 374 316 οὐραίου
390 281 526 316 μεταϐολῇ
535 282 584 313 τὰς
597 281 743 316 διαφόρους
755 283 844 318 ὁρμὰς
858 284 997 316 οἰακίζον-

202 333 259 358 τες⁴
272 326 343 353 οὕτω
358 327 403 353 καὶ
413 327 458 352 ἐπὶ
477 327 532 352 τῶν
544 327 654 362 πτηνῶν
670 326 745 352 ἔστιν
758 327 823 354 ἰδεῖν
838 328 1000 364 διανηχομέ-

203 380 257 398 νων
272 371 318 398 τὸν
329 372 400 407 ἀέρα
411 373 468 403 τοῖς
485 372 608 407 πτεροῖς.
626 372 698 407 Πλὴν
713 372 789 398 οὐδὲν
808 372 862 399 τῶν
876 373 997 409 πτηνῶν,

203 415 250 444 διὰ
262 417 293 443 τὸ
307 419 376 445 πᾶσι
391 418 439 454 τὴν
451 418 555 445 δίαιταν
569 418 703 454 ὑπάρχειν
727 419 759 444 ἐκ
773 419 834 454 γῆς.

1051 286 1186 313 rationem
1205 287 1234 314 in
1249 295 1313 315 aera
1333 290 1463 319 vertitur.
1484 291 1593 327 Alioqui
1610 294 1692 321 etiam
1713 296 1841 330 qumdam

1053 331 1126 359 inter
1141 333 1193 360 ista
1213 333 1269 362 duo
1288 335 1423 363 elementa
1450 337 1568 365 aliinitas
1584 343 1637 366 est.
1654 339 1840 373 Quemadmo-

1053 377 1118 404 dum
1140 379 1230 414 pisces
1246 388 1344 415 aquam
1371 381 1540 410 intersecaut
1557 384 1704 419 pinnarum
1721 391 1797 414 motu
1813 387 1842 414 in

1052 424 1218 451 anteriorem
1245 430 1350 460 partem
1377 427 1593 462 progredientes,
1623 433 1650 456 et
1681 431 1757 458 varie
1775 439 1840 458 suos

207 460 327 497 impetus
357 464 508 490 caudarum
537 464 693 491 sulcatione
712 464 886 499 gubernant:
914 465 954 492 sic
992 471 1018 493 et
1058 468 1085 494 in
1117 470 1277 498 volatilibus
1308 472 1401 499 vidcrc
1430 460 1478 500 Vest
1512 475 1748 504 transnatantibus
1779 484 1841 504 aera

207 510 318 544 pennis.
340 508 475 536 Caeterum
500 510 604 537 nullam
627 510 708 538 dabis
723 512 873 543 volucrem,
889 512 934 539 cui
967 513 1050 547 pedes
1074 515 1176 549 desint,
1212 518 1277 552 quia
1305 525 1402 547 omnes
1428 520 1560 548 alimenta
1591 529 1625 548 cx
1660 526 1734 550 terra
1770 523 1841 550 indi-

205 555 368 590 piscuutur.

245 611 254 626 ι
275 602 315 628 Τὰ
327 601 437 627 πετεινὰ
453 601 491 634 δὲ,
519 601 582 637 ἐφη,
600 602 645 628 ἐπὶ
685 602 734 636 τῆς
749 603 801 636 γῆς
829 603 999 638 πετόμενα.»

211 651 257 677 Ἐν
283 651 319 685 γῇ
344 650 398 684 γὰρ
412 651 468 684 ἕχει
482 649 532 684 τὴν
550 650 656 676 δίαιταν
668 657 675 663 ·
691 651 719 682 ἐξ
735 650 819 684 αὐτῆς
839 651 868 677 δὲ
891 652 1001 678 ἀνιόντα

205 698 253 722 καὶ
278 697 317 726 εἰς
338 695 424 730 αὐτὴν
459 695 662 730 καθιπτάμενα.
697 697 731 722 Ἦ
759 696 825 729 γοῦν
854 698 948 733 ἐπειδὴ
969 698 1002 724 τὰ

207 742 323 768 πλεῖστα
338 742 386 767 καὶ
403 741 470 774 πρὸς
481 742 586 776 τροφὴν
608 742 673 776 ἡμῖν
695 741 825 777 δεδομένα
839 742 1000 779 χαμαιπετῆ

207 789 278 817 ἐστι,
297 787 351 813 τῶν
365 787 453 814 ἄλλων
482 787 622 820 ὺψιπετῶν
636 787 731 820 όντων,
760 788 814 815 ἀπὸ
830 789 876 815 τοῦ
891 789 1002 817 πλεονά-

207 833 299 865 ζοντος
311 835 357 860 καὶ
370 835 586 869 ἀναγκαιοτέρου
599 834 654 866 τὺ,‹
677 836 722 861 ἐπὶ
732 835 781 870 τῆς
793 836 871 871 γῆς,ι
884 837 1000 872 εἴρηταιο

1093 604 1183 640 lnquit
1206 613 1336 640 quoque:
1358 615 1368 631 ι
1392 605 1519 633 Volatilia
1543 614 1628 642 super
1651 611 1723 635 terra
1743 609 1841 636 volan-

1056 650 1103 677 tia.
1123 660 1132 676 ι
1153 650 1221 677 Nam
1244 652 1271 678 in
1288 656 1361 678 terra
1386 652 1487 680 habent
1504 652 1618 684 victum,
1643 661 1677 681 ex
1702 663 1756 689 qua
1775 663 1840 682 evo-

1035 696 1123 735 _lant,
1142 703 1169 724 et
1182 698 1281 724 iterum
1302 697 1331 724 in
1352 698 1423 724 hanc
1436 697 1577 725 devolant.
1599 698 1732 727 Praeterea
1746 701 1843 735 plerae-

1054 749 1108 776 que
1124 750 1188 769 aves
1212 743 1292 770 nobis
1310 743 1338 769 in
1364 743 1458 770 cibum
1483 743 1564 777 datm,
1587 745 1660 772 llumi
1681 746 1842 781 plerumque

1054 787 1190 821 volitant,
1207 789 1320 822 reliqua:
1343 789 1476 817 sublimes
1489 790 1601 817 abeunt.
1616 791 1694 823 Quod
1711 792 1840 819 additur:

1060 843 1067 857 ι
1086 833 1175 868 Super
1197 838 1280 865 terra,
1300 843 1309 858 ι
1327 838 1380 861 etc.
1404 835 1468 868 quia
1486 835 1648 876 plerumque
1666 836 1703 862 ibi
1725 844 1837 864 moran-

206 881 239 906 τὸ
251 881 290 911 δὲ,
311 890 320 906 ι
342 882 413 907 κατὰ
425 880 455 906 τὸ
476 880 618 915 στερέωμα
633 880 679 906 τοῦ
694 881 820 916 οὐρανοῦ,
837 882 898 908 ιδιὰ
915 882 963 917 τὴν
981 884 1000 909 ὲν

1062 884 1116 911 tur,
1135 885 1161 907 et
1177 879 1332 907 necessario
1367 880 1487 914 quietem
1514 881 1658 915 agitaturze
1685 881 1711 908 in
1738 885 1840 908 terram

207 929 270 961 ἀέρι
284 927 394 961 πτῆσιν,
410 926 440 957 ὃς
466 926 581 961 οὐρανὸς
594 925 757 961 ὀνομάζεται
780 927 824 954 διὰ
834 928 865 953 τὸ
876 928 1002 963 ὁρᾶσθαι.

214 974 324 1008 ’Δμέλει
342 973 389 999 καὶ
401 973 469 1007 νέφη
484 973 598 1007 οὐρανὸς
616 972 726 1005 λέγεται
751 973 827 1008 παρὰ
849 976 882 1009 τῇ
897 975 1003 1010 Γραφῇ,

207 1021 316 1046 καὶτὸν
335 1019 412 1045 ὑετὸν
435 1018 581 1053 οὐρανόθεν
597 1017 741 1053 ἔρχεσθαι.
774 1020 950 1055 Στερεώματι
975 1022 1004 1048 δέ

207 1076 276 1102 φησι
293 1066 337 1092 διὰ
349 1066 380 1092 τὸ
392 1065 558 1099 πυκνότερόν
585 1074 642 1096 πως
662 1063 732 1092 εἶναι
747 1067 888 1101 συγκρίσει
901 1068 948 1094 τοῦ
960 1070 1004 1095 αἰ-

207 1113 299 1147 θερίου
337 1111 481 1147 σώματος,
511 1111 559 1137 καὶ
599 1111 701 1145 μᾶλλον
727 1112 913 1148 πεπιλημένον
945 1115 1004 1146 ταῖς

207 1159 333 1186 κάτωθεν
362 1159 514 1193 ἀναφοραῖς
543 1158 590 1184 τὸν
617 1157 687 1193 ὑπὲρ
705 1158 755 1192 τῆς
776 1159 897 1194 κεφαλῆς
925 1160 1004 1195 ἡμῶν

206 1205 287 1240 ἀέρα.
304 1214 312 1230 ι
333 1205 411 1231 Κατὰ
423 1204 500 1237 γένος
514 1214 522 1229 ι
539 1204 567 1230 δὲ
582 1204 789 1240 ἐπ’ἀμφὸτερον
804 1205 845 1235 τὸ,
864 1206 924 1232 κατ’
934 1205 1004 1238 εἶδος

207 1250 337 1285 σημαίνει
348 1257 356 1263 ⁸
370 1248 425 1276 οἷον
437 1249 528 1281 ἐντοῖς
541 1249 662 1284 ἐνύδροις
671 1250 705 1276 τὰ
721 1250 770 1285 μὲν
786 1250 1001 1286 ὀστρακόδερμα,

206 1296 243 1322 τὰ
259 1296 288 1322 δὲ
304 1295 528 1330 μαλακόστρακα,
556 1295 592 1326 ὡς
611 1295 726 1330 κάραϐοι
741 1296 788 1322 καὶ
803 1298 928 1330 καρκῐνοι
943 1305 949 1312 ⁸
968 1297 1003 1323 τὰ

205 1342 235 1368 δὲ
248 1337 430 1376 μαλάκια.ὧν
446 1342 462 1375 ή
478 1340 547 1376 σὰρξ
564 1341 667 1376 ἁπαλὴ,
679 1339 735 1367 οἷον
754 1341 849 1376 σηπίαι
863 1342 910 1368 καὶ
926 1342 1004 1369 πολύ-

207 1388 307 1419 ποδες·
322 1388 356 1414 τὰ
372 1387 400 1413 δὲ
419 1387 538 1421 σελάχια,
555 1386 591 1418 ὡς
611 1387 635 1413 οἱ
652 1387 776 1413 κυνίσκοι
793 1388 841 1414 καὶ
857 1389 945 1414 πάντα
969 1387 1003 1415 τὰ

205 1433 333 1468 γαλεώδη
344 1442 350 1448 ·
369 1433 387 1460 ἃ
403 1433 435 1468 δὴ
462 1432 509 1458 καὶ
523 1432 653 1463 ζωοτοκεῖ
672 1432 724 1459 τῶν
750 1432 838 1459 ἄλλων
852 1433 1002 1460 ὼοτοκοὺν-

205 1488 277 1506 ⁴των.
295 1479 372 1505 Ἐστι
387 1478 417 1504 δὲ
434 1478 480 1504 καὶ
494 1477 528 1505 τὰ
542 1476 650 1512 κητώδη
665 1477 772 1504 καὶτῶν
783 1478 888 1504 λεπτῶν
903 1480 1002 1514 ἰχθύων

207 1526 313 1559 ἄπειρα
339 1525 422 1559 γένη·
435 1523 536 1559 ὁμοίως
561 1524 607 1550 καὶ
636 1524 690 1551 τῶν
711 1524 852 1551 πετεινῶν.
866 1525 957 1552 Ἐοικε
973 1526 1000 1552 δὲ

207 1572 264 1598 τῶν
280 1571 398 1605 ἐνύδρων
416 1570 518 1605 ἑρπετὰ
545 1570 594 1604 μὲν
616 1569 782 1604 κεκληκέναι
807 1571 842 1596 τὰ
874 1571 1000 1605 σώματα,

207 1618 299 1652 ψυχὰς
321 1616 349 1642 δὲ
368 1616 458 1648 ζώσας
485 1615 534 1647 τὰς
545 1615 633 1650 ψυχὰς
644 1615 735 1649 λέγειν
749 1623 756 1630 ·
770 1615 822 1642 κᾶν
838 1615 893 1651 γὰρ
906 1616 1001 1650 ἄλογος

207 1661 238 1700 ᾗ,
253 1661 371 1697 ζωτικὴν
385 1661 500 1696 δύναμιν
516 1660 555 1695 τῷ
567 1659 674 1695 σώματι
698 1660 823 1695 παρέχει.
855 1660 962 1693 Ταύτας
973 1661 1001 1687 δὲ

208 1708 261 1733 οὐκ
277 1707 308 1732 ὲκ
322 1706 376 1732 τῶν
405 1705 510 1732 ὑδάτων
532 1704 604 1732 καθὰ
630 1704 665 1730 τὰ
691 1704 806 1740 σώματα
824 1705 974 1741 πεποίηκεν
988 1708 1002 1733 ὁ

208 1753 289 1784 Θεὸς,
304 1751 360 1778 ἀλλ’
379 1751 437 1786 ἰδίῳ
450 1751 581 1786 θελήματι
592 1750 642 1785 τὴν
653 1749 775 1785 ψύχωσιν
795 1751 842 1777 καὶ
857 1750 907 1786 τὴν
923 1751 1001 1787 κζνη*

210 1806 255 1824 σιν
282 1797 440 1832 ἐνεποίησεν
453 1804 460 1812 ·
485 1796 515 1822 οὺ
539 1797 772 1831 προῦποστάντων
793 1796 848 1823 τῶν
867 1798 1001 1832 σωμάτων

210 1843 261 1868 καὶ
274 1841 346 1867 οὕτω
361 1840 548 1875 ψυχουμένων.
565 1840 696 1866 Ἐκάστου
707 1840 736 1866 δὲ
747 1840 897 1874 γένουςτὰς
910 1842 1000 1878 ὰπαρ‹

209 1889 263 1924 χὰς
276 1887 370 1923 ὥσπερ
386 1888 447 1914 τινὰ
459 1889 508 1922 τῆς
521 1887 629 1922 φύσεως
642 1887 790 1922 σπέρματα
814 1888 1001 1924 προδληθῆναι

209 1934 335 1962 κελεύει·
351 1934 381 1960 τὸ
393 1933 422 1959 δὲ
433 1932 533 1967 πλῆθος
555 1933 645 1960 αὐτῶν
655 1934 684 1959 ὲν
702 1934 734 1968 τῇ
751 1933 819 1968 μετὰ
838 1934 924 1961 ταῦτα
945 1935 1000 1962 δια-

209 1982 276 2016 δοχῇ
293 1980 452 2015 ταμιεύεται
466 1980 530 2006 ὅταν
548 1978 713 2011 αὐξάνεσθαι
745 1980 792 2006 καὶ
818 1980 1000 2016 πληθύνεσθαι

211 2026 272 2062 δέῃ.
291 2027 344 2052 Καὶ
361 2025 434 2057 etab;
457 2025 512 2051 ἀπὸ
536 2025 634 2057 παντὸς
649 2025 727 2057 ζώων
746 2025 842 2060 γένους
859 2019 1000 2060 δύόγεγο-

211 2073 298 2103 νέναι,
313 2072 439 2106 καθάπερ
466 2071 510 2097 τὸν
537 2070 692 2106 ἄνθρωπον.
720 2071 813 2102 Οὕτως
824 2071 851 2097 δὲ
874 2071 1001 2106 συζυγίαι

212 2119 292 2153 μόναι
305 2116 375 2153 ἦσαν
391 2118 436 2144 ὅτε
451 2120 498 2144 καὶ
512 2118 663 2152 συνήγαγεν
683 2117 752 2144 αὐτὰ
765 2117 880 2144 ἐνώπιον
903 2118 999 2152 Ἀδὰμ,

211 2165 257 2191 ἵνα
278 2165 399 2199 ὀνόματα
425 2163 505 2198 ἐπιθῇ
527 2163 633 2194 τούτοις
662 2159 700 2190 ὧν
722 2163 822 2198 ἤμελλε
848 2164 998 2196 δεσπόζειν.

211 2211 289 2237 Ἐστι
304 2211 332 2236 δὲ
342 2209 532 2244 τεκμήρασθαι
551 2210 598 2236 καὶ
609 2209 654 2236 ἐπὶ
669 2209 715 2235 τοῦ
735 2209 941 2244 κατακλυσμοῦ,
959 2210 1000 2236 ὅτι

208 2256 256 2282 δύο
271 2257 310 2287 εἰς
322 2255 372 2290 τὴν
382 2254 499 2281 κιϐωτὸν
526 2255 682 2290 εἰσφέρεται
704 2255 773 2281 κατὰ
796 2255 826 2280 τὸ
838 2255 1001 2290 τῆς-κοσμο-

208 2301 302 2333 ποιίας
329 2301 516 2336 παράδειγμα.
563 2301 594 2326 Et
623 2300 652 2326 δὲ
684 2300 795 2327 πλείονα
822 2300 935 2335 εἰσήχθη
965 2299 1001 2327 τὰ

208 2347 327 2383 καθαρὰ,
357 2347 443 2373 αἴτιον
466 2347 496 2373 τὸ
522 2346 665 2381 βούλεσθαι
691 2345 737 2372 τὸν
757 2346 818 2372 Νῶε
834 2345 914 2372 οὖσαι
930 2346 999 2381 μετὰ

206 2390 257 2425 τὴν
266 2390 402 2425 σωτηρίαν
434 2389 503 2424 Θεῷ,
527 2390 573 2416 καὶ
603 2389 634 2416 τὸ
658 2389 801 2425 βούλεσθαι
822 2389 868 2416 τὸν
883 2389 950 2417 Θεὸν
962 2389 998 2417 τὰ

207 2435 404 2471 χρησιμώτερα
418 2437 475 2467 τοῖς
494 2434 649 2470 ἀνθρώποις
679 2434 789 2461 πλείονα
801 2434 993 2467 διασώζεσθαι.

1055 925 1232 953 delabuntur.
1256 925 1335 957 Quod
1352 925 1456 953 dicitur
1480 934 1488 954 :
1510 935 1519 951 ‹
1543 926 1569 953 In
1595 926 1765 954 ﬁrmamento
1783 935 1841 954 ca:-

1056 971 1084 1002 li,
1105 981 1114 996 ›
1129 976 1195 1004 etc.,
1213 971 1350 1005 adjectum
1371 976 1413 998 est
1429 976 1540 1007 propter
1559 972 1691 1003 volatum,
1708 980 1790 1006 quem
1814 974 1841 1000 in

1055 1023 1117 1043 aere
1132 1021 1273 1050 peragunt.
1288 1015 1354 1043 Nam
1369 1017 1450 1043 etiam
1469 1024 1516 1043 aer
1533 1017 1560 1043 in
1577 1016 1720 1052 Scriptura
1739 1018 1839 1045 cmlum

1055 1061 1222 1088 nominatur.
1241 1060 1270 1087 Id
1294 1065 1336 1088 est
1359 1061 1486 1096 οὐρανὸς,
1502 1061 1546 1088 διὰ
1562 1061 1593 1088 τὸ
1616 1062 1741 1098 ὁρᾶσθαι,
1767 1063 1840 1098 quod

1054 1105 1252 1139 conspiciatur.
1273 1105 1374 1132 Adhaac
1390 1107 1489 1141 saapius
1506 1106 1622 1141 legimus
1650 1108 1677 1134 in
1697 1107 1841 1142 Scriptura

1054 1158 1150 1178 sacra:
1170 1161 1179 1177 ι
1200 1150 1294 1179 Nubes
1314 1152 1387 1179 coeli.
1407 1161 1417 1177 ι
1437 1152 1574 1180 Praeterea
1591 1153 1715 1181 videmus
1735 1159 1760 1181 et
1779 1155 1841 1189 plu-

1054 1197 1125 1223 viam
1159 1196 1267 1224 cmlitus
1295 1197 1407 1224 deferri.
1441 1197 1657 1225 Firmamentum
1690 1200 1738 1232 ait,
1766 1201 1840 1235 quod

1053 1242 1256 1277 quodannnodo
1269 1243 1383 1271 densius
1397 1244 1433 1271 sit
1447 1244 1470 1271 si
1485 1249 1663 1279 comparetur
1675 1253 1738 1272 curn
1756 1246 1842 1274 aethe-

1054 1297 1103 1322 re;
1129 1289 1243 1324 insuper
1257 1289 1333 1324 quod
1362 1297 1408 1318 aer
1434 1289 1515 1317 nobis
1543 1290 1705 1325 impendens
1723 1291 1841 1319 maxime

1053 1335 1174 1370 repletus
1203 1336 1239 1363 sit
1261 1336 1382 1363 nubibus
1401 1340 1428 1363 et
1455 1337 1615 1372 vaporibus,
1643 1337 1691 1372 qui
1710 1337 1737 1364 in
1755 1338 1839 1365 altum

1052 1386 1177 1416 pergunt.
1206 1381 1282 1414 Quod
1300 1382 1368 1409 dicit
1384 1391 1390 1409 :
1408 1391 1418 1407 ι
1443 1382 1598 1410 Secundum
1617 1391 1714 1418 genus,
1737 1393 1746 1410 ι
1763 1387 1818 1412 etc.
1831 1404 1839 1417 ,

1053 1427 1086 1454 dc
1111 1427 1236 1462 utrisque
1254 1428 1418 1463 capiendum
1445 1433 1498 1460 cst,
1524 1436 1555 1456 ac
1580 1429 1602 1456 si
1621 1429 1731 1456 locutus
1755 1434 1839 1461 esset,

1053 1473 1209 1501 Secundum
1227 1474 1356 1509 speciem.
1379 1474 1614 1507 Quemadmodum
1631 1475 1658 1502 in
1672 1475 1840 1510 aquatilibus

1052 1519 1175 1554 quaedam
1193 1519 1280 1550 molli.
1299 1520 1427 1554 quaedam
1443 1520 1511 1547 dura
1525 1520 1687 1554 integuntur
1710 1524 1792 1552 testa.
1811 1524 1840 1548 ut

1052 1565 1147 1592 carabi
1164 1569 1191 1592 et
1206 1566 1312 1596 cancri.
1333 1566 1455 1600 quietiam
1470 1565 1597 1593 feruntur
1612 1566 1715 1599 mollia,
1733 1572 1763 1594 ut
1778 1567 1841 1602 qui-

1052 1611 1103 1638 bus
1117 1611 1233 1646 simplex
1250 1615 1277 1639 et
1297 1615 1392 1638 tenera
1407 1619 1473 1638 caro
1490 1615 1542 1643 est,
1557 1611 1639 1638 sicuti
1656 1612 1737 1646 sepia:
1749 1618 1775 1639 et
1795 1620 1840 1647 po-

1051 1657 1114 1693 lypo
1144 1666 1151 1685 :
1178 1658 1302 1693 quaedam
1320 1658 1499 1693 perhibentur
1522 1658 1726 1693 cartilaginata,
1747 1663 1775 1686 ut
1792 1666 1840 1694 εγω

1052 1702 1120 1730 nisei
1136 1707 1164 1730 et
1178 1703 1270 1730 omnia
1286 1703 1454 1736 mustellina,
1469 1711 1530 1738 quze
1544 1711 1612 1731 sane
1633 1703 1744 1738 pariunt
1762 1704 1839 1731 viros

1052 1748 1135 1781 fetus,
1153 1756 1215 1776 cum
1231 1753 1328 1777 caetera
1348 1757 1399 1776 ova
1414 1754 1528 1784 ponant.
1555 1749 1625 1776 Sunt
1645 1755 1776 1784 praeterea
1795 1758 1840 1778 cc-

1052 1799 1142 1823 torum
1166 1801 1194 1824 et
1219 1797 1415 1831 pisciculorum
1446 1803 1545 1831 genera
1569 1795 1692 1831 qumdam
1720 1796 1838 1824 inﬁnita.

1052 1840 1152 1869 Eadem
1174 1842 1373 1869 dissimilitudo
1392 1842 1550 1877 eaedemque
1574 1841 1736 1870 dill‘urentiaa
1761 1850 1840 1877 repe-

1052 1889 1161 1915 riuntur
1177 1893 1203 1916 et
1218 1889 1287 1916 inter
1304 1889 1433 1915 volatilia.
1455 1888 1533 1921 Quod
1556 1889 1653 1916 attinet
1676 1889 1710 1916 ad
1732 1891 1839 1924 aquati-

1052 1934 1087 1960 lia
1103 1934 1161 1961 sive
1185 1934 1217 1961 ad
1234 1935 1334 1969 pisces.
1355 1934 1421 1961 mihi
1445 1935 1554 1962 videtur
1576 1934 1699 1969 ipsorum
1722 1942 1839 1970 corpora

1051 1978 1124 2007 dicta
1146 1986 1207 2006 esse
1227 1979 1353 2014 rcptilia.
1376 1984 1505 2007 cancrum
1535 1987 1631 2007 eorum
1657 1980 1751 2012 vitam,
1780 1980 1839 2007 dici

1051 2024 1167 2051 animas.
1183 2024 1314 2057 Quamvis
1330 2025 1426 2052 horum
1441 2025 1534 2052 anima
1548 2026 1663 2053 rationis
1675 2026 1711 2052 sit
1729 2034 1838 2061 expers,

1051 2074 1170 2096 attamen
1193 2071 1302 2098 vitalem
1331 2071 1457 2106 spiritum
1492 2077 1519 2099 et
1552 2072 1682 2099 virtutem
1714 2073 1838 2107 ipsorum

1051 2115 1213 2150 corporibus
1237 2116 1362 2150 largitur.
1384 2115 1484 2143 Verum
1510 2116 1582 2144 [lens
1610 2125 1664 2144 non
1683 2117 1788 2144 creavit
1804 2126 1838 2145 ex

1052 2161 1141 2195 aquis,
1159 2165 1188 2187 ut
1203 2168 1297 2188 eorum
1312 2169 1439 2196 corpora,
1456 2162 1496 2188 sic
1510 2166 1537 2189 et
1560 2163 1666 2190 animas
1682 2172 1688 2190 :
1708 2163 1755 2191 sed
1773 2171 1838 2198 pro-

1016 2222 1038 2250 ι)
1052 2206 1112 2239 pria
1124 2206 1243 2241 quadam
1260 2207 1402 2234 voluntate
1422 2210 1525 2239 motus,
1546 2207 1666 2234 animam
1685 2212 1713 2235 ct
1733 2213 1838 2236 motum

1054 2251 1131 2279 hisce
1158 2252 1267 2284 indidit,
1284 2259 1345 2279 cum
1362 2252 1438 2287 prius
1455 2260 1510 2279 non
1536 2257 1640 2286 essent,
1667 2258 1694 2280 et
1723 2253 1750 2281 in
1766 2254 1839 2282 hunc

1053 2297 1163 2324 modum
1184 2298 1293 2324 illorum
1313 2305 1429 2332 corpora
1457 2299 1600 2326 animavit.
1627 2299 1720 2327 Primo
1746 2305 1838 2328 autent

1052 2343 1175 2370 omnium
1196 2351 1325 2378 generum
1341 2349 1369 2371 et
1385 2344 1537 2379 specierum
1552 2345 1685 2380 quasdam
1704 2346 1839 2381 primitias

1049 2397 1100 2417 ceu
1127 2389 1231 2417 semina
1257 2390 1361 2424 spargit
1382 2399 1389 2416 :
1415 2398 1476 2426 qua;
1507 2391 1682 2426 multiplicari
1700 2396 1728 2420 et
1745 2393 1838 2427 augeri

1048 2438 1156 2470 oportet
1171 2434 1288 2469 quadam
1305 2434 1390 2469 prolis
1415 2435 1566 2470 multiiuga:
1582 2436 1771 2464 successione.
1787 2436 1840 2464 Vc-

206 2482 324 2510 risimile
345 2485 388 2509 est
404 2481 482 2508 initio
498 2481 562 2508 bina
590 2483 618 2508 in
635 2481 709 2508 omni
736 2480 919 2508 animantium
948 2489 1057 2516 genere,
1092 2480 1323 2516 quemadmodum
1339 2484 1367 2508 et
1399 2488 1461 2508 cum
1499 2481 1608 2509 homine
1627 2482 1738 2514 accidit,
1777 2488 1839 2511 ess:

206 2529 328 2556 condita.
347 2528 430 2554 Erant
466 2528 557 2562 itaque
579 2527 753 2555 solummodo
793 2527 869 2562 paria
903 2534 952 2554 seu
980 2526 1192 2561 coniunctiones
1223 2534 1349 2561 quaenam
1382 2527 1554 2562 singulorum
1585 2528 1745 2555 animalium
1774 2536 1837 2556 cum

205 2575 413 2602 adducerentur
426 2574 459 2601 ad
472 2574 619 2606 Adamum,
637 2577 666 2601 ut
685 2574 753 2608 ipsis
773 2573 884 2601 nomina
902 2573 991 2607 daret,
1012 2574 1113 2609 quibus
1130 2573 1202 2600 foret
1219 2573 1418 2608 imperaturus.
1440 2574 1469 2601 Id
1487 2582 1595 2610 quoque
1634 2573 1769 2608 coniicere
1802 2575 1837 2603 li‘

206 2626 249 2648 cet
265 2628 299 2648 ex
328 2620 445 2652 diluvio,
470 2619 581 2655 quando
610 2619 676 2647 bina
700 2622 728 2646 et
755 2618 821 2646 bina
847 2619 874 2646 in
899 2627 993 2647 arcam
1031 2618 1270 2653 compcllebantur
1295 2618 1329 2645 ad
1370 2620 1524 2655 exemplum
1555 2619 1702 2647 creationis
1729 2620 1835 2648 mundi-

204 2666 284 2700 Quod
303 2675 371 2694 vero
387 2666 463 2701 plura
479 2665 610 2693 animalia
625 2665 726 2692 munda
746 2665 774 2692 in
797 2672 890 2692 arcam
914 2665 1026 2692 inducta
1042 2668 1117 2696 sunt,
1132 2671 1214 2699 quam
1229 2664 1382 2697 immunda,
1398 2664 1460 2692 ideo
1486 2664 1589 2692 factum
1622 2668 1675 2697 est,
1707 2669 1738 2692 ut
1766 2664 1833 2698 Noe,

205 2712 252 2740 ubi
277 2713 407 2747 praesenti
427 2711 548 2746 periculo
575 2714 687 2745 ereptus
711 2710 805 2742 fuerit,
824 2714 851 2738 et
874 2710 992 2737 salutem
1013 2713 1193 2741 consecutus,
1210 2708 1323 2736 haberet
1337 2709 1474 2742 victimas,
1489 2717 1559 2744 quas
1595 2708 1750 2737 immolaret
1783 2709 1836 2737 Do-

204 2760 293 2786 mino.
309 2757 443 2786 Praeterea
460 2757 531 2785 Deus
548 2757 677 2788 malebat,
701 2759 732 2784 ut
760 2756 838 2791 plura
865 2755 996 2783 animalia
1016 2762 1078 2791 quae
1095 2753 1259 2790 prodessent
1275 2755 1378 2783 homini
1404 2759 1644 2784 conservarentur.

242 2806 305 2832 ὐτι
323 2805 351 2832 δὲ
366 2806 382 2840 ὴ
396 2804 442 2831 τοῦ
462 2803 530 2831 Θεοῦ
546 2804 694 2839 πρόσταξις
717 2803 803 2829 ταῦτα
820 2803 995 2838 δημιουργεῖ,

204 2851 263 2878 ἀλλ’
280 2851 331 2876 οὑκ
345 2850 439 2876 ἐνὸντα
449 2851 504 2881 τοῖς
517 2849 610 2876 ὕδασιν
626 2848 728 2880 ἐξιέναι
739 2849 948 2884 προστάττεται,
958 2848 996 2880 ὡς

205 2895 255 2922 καὶ
272 2895 312 2929 τὸ,
329 2904 338 2921 ι
348 2895 598 2930 Βλαστησάτωηγῆ
612 2903 635 2920 ·›
649 2894 745 2930 οὐγὰρ
757 2894 915 2921 ἐναπέκειτο
927 2894 996 2929 πρό-

1085 2802 1221 2829 Caaterum
1240 2802 1419 2830 manifestum
1436 2810 1499 2829 reor
1511 2803 1620 2836 jussum
1637 2805 1664 2829 et
1687 2801 1832 2836 imperium

1050 2847 1174 2876 divinum
1192 2847 1245 2875 ista
1272 2849 1365 2875 omnia
1396 2848 1562 2880 condidisse,
1591 2855 1642 2875 nec
1665 2847 1743 2882 jussa
1770 2854 1832 2874 esse

1051 2893 1324 2929 prodire,quasijam
1340 2898 1419 2922 antea
1435 2893 1463 2921 in
1479 2894 1558 2929 aquis
1567 2892 1722 2922 exstiterint
1736 2891 1835 2925 Quem-
