2072 3157
243 177 294 209 103

903 175 1081 206 PROCOPII
1104 175 1224 206 GAZ/EI

1818 173 1868 206 104

241 235 388 263 admodum
406 236 536 272 praecepit
555 239 584 263 ut
619 239 690 262 terra
711 237 840 262 vernaret
857 233 963 264 herbis,
979 233 1029 260 lin-

1091 241 1161 268 :590v
1179 241 1214 259 τα
1230 231 1312 267 φυτὰ,
1329 233 1359 258 ἐν
1387 233 1420 267 τῇ
1438 232 1616 259 ἀνταποδόσει
1640 232 1799 267 δεδήλωκεν.
1828 234 1866 259 Ou

244 283 321 311 ribus
332 283 535 317 arboribusque
550 289 611 317 quae
628 281 704 316 prius
717 288 771 308 non
782 283 861 308 erant
873 284 953 307 terra:
965 280 1032 307 insi-

243 332 289 360 tae,
299 332 327 356 et
342 332 510 364 praeceptum
531 331 648 355 secutus
660 332 702 354 est
716 325 845 357 eﬂectus,
863 325 992 352 similiter
1004 329 1032 352 et

245 373 291 400 hic
309 373 410 400 evenit.
430 372 608 407 Nequaquam
635 372 707 398 enim
725 371 867 406 subjunxit
884 379 892 398 :
908 370 940 397 Et
963 370 1032 398 edu-

246 423 346 446 xerunt
359 426 447 453 aquae,
461 423 515 445 etc.
541 417 612 450 Quid
629 417 732 453 igitur?
749 426 757 443 t
784 416 858 444 Fecit
871 416 942 443 Deus
957 420 1032 444 cetos

245 472 358 499 magnos
375 469 402 491 et
417 471 525 490 onmem
544 463 663 490 animam
681 462 840 490 animalium
857 461 1006 497 reptilium.
1020 471 1030 488 ι

246 509 315 536 Dum
341 510 433 544 itaque
449 508 574 535 meminit
591 513 728 540 ceterum,
750 507 797 542 qui
819 507 957 535 excellunt
976 513 1033 532 ma-

244 555 401 590 gnitudine,
425 555 494 582 satis
509 554 624 581 evidens
639 559 682 580 est
696 553 779 581 etiam
797 553 919 579 minores
944 551 1034 587 pisces

245 603 282 629 ab
297 602 359 637 ipso
373 607 482 629 creatos
501 601 560 628 solo
575 601 666 635 jussu.
691 599 726 626 At
744 599 771 626 hi
786 599 840 626 ceti
857 599 893 625 ob
908 597 1035 632 corporis

246 652 352 675 vastam
373 647 472 675 molem
491 646 545 681 32
563 645 703 672 montibus
719 644 901 672 conferuntur
918 652 925 670 :
948 644 1035 670 inter-

245 693 312 721 dum
336 694 489 721 insularum
517 693 636 727 speciem
665 691 842 718 intuentibus
855 690 974 718 oﬂ‘erunt
989 690 1036 717 ubi

194 760 196 765 τ
247 740 276 767 in
289 747 424 767 summam
441 743 588 767 enatarunt
611 745 722 773 aquam.
746 737 799 770 Qui
823 737 865 769 lit,
889 736 962 772 quod
980 744 1035 763 non

247 786 320 813 circa
335 786 429 812 littora
441 789 602 816 versantur,
617 784 665 811 sed
691 784 780 818 magis
793 783 963 810 Atlanticum
981 783 1039 809 ele-

247 839 323 868 gere,
339 832 367 858 in
384 839 439 866 quo
461 835 615 861 morantur,
634 830 731 857 mare?
750 829 881 862 Quaedam
907 828 1037 856 animalia

249 886 264 905 a
282 878 336 905 Deo
355 879 473 904 formata
495 881 574 908 sunt.
590 881 620 903 ut
634 876 789 903 inserviant
813 875 917 902 homini
934 884 940 902 :
962 882 1037 909 qua:—

1085 279 1139 314 γὰρ
1166 277 1236 310 εἶπε,
1271 279 1326 306 Καὶ
1349 279 1468 314 ἐξήγαγε
1497 279 1532 306 τὰ
1563 278 1658 308 ὕδατα,
1687 278 1791 310 exta...
1812 279 1868 305 Καὶ

1085 324 1215 359 ἐποίησεν
1232 324 1247 350 ὁ
1266 323 1332 356 Θεὸς
1353 323 1386 350 τὰ
1416 324 1487 358 κήτη
1518 323 1553 350 τὰ
1578 323 1684 358 μεγάλα
1700 323 1747 349 καὶ
1777 324 1869 350 πᾶσαν

1085 371 1174 406 ψυχὴν
1187 370 1240 396 τῶν
1256 370 1333 402 ζώων
1355 370 1490 406 ἑρπετῶν.
1508 379 1518 395 ι
1531 369 1578 396 τοῦ
1597 369 1651 396 τῶν
1668 369 1759 404 κητῶν
1773 369 1869 403 γένους

1088 416 1218 452 μνησθεὶς
1234 417 1293 442 κατ’
1309 415 1447 450 ἐξαίρετον
1461 415 1505 442 διὰ
1519 415 1550 442 τὸ
1559 413 1727 449 ὑπερϐάλλον
1744 413 1869 449 μέγεθος,

1086 463 1128 489 ὃτι
1143 462 1244 497 ὁμοίιος
1260 463 1319 493 τοῖς
1336 462 1511 496 μικροτάτοις
1532 461 1580 487 καὶ
1593 460 1680 487 ταῦτα
1693 459 1844 494 πεποίηκεν
1856 459 1871 485 6

1087 508 1154 539 Θεὸς
1172 507 1244 543 ψιλῷ
1260 508 1300 543 τῷ
1327 507 1531 542 προστάγματι,
1557 506 1576 533 ἃ
1600 506 1709 542 μεγέθει
1733 504 1870 541 σώματος,

1089 554 1138 581 καὶ
1151 554 1242 590 ὕρεσιν
1261 552 1454 585 ἀπεικάζεται,
1477 553 1524 579 καὶ
1541 553 1631 588 νήσων
1655 551 1786 582 πολλάκις
1803 559 1872 585 φαν-

1087 600 1184 627 τασίαν
1205 599 1287 631 ποιεῖ,
1301 599 1385 625 ὲπειδ’
1404 598 1437 625 ἂν
1454 598 1523 633 πρὸς
1543 597 1632 633 ἄκραν
1649 597 1811 631 ἐπιφάνειαν
1824 595 1872 623 τοῦ

1089 646 1184 678 ὕδατος
1204 645 1384 679 ἀνανήξηται.
1406 643 1557 679 Τοιγαροῦν
1575 644 1605 670 οὐ
1627 644 1691 679 περὶ
1714 644 1799 677 ἀκτᾲς
1814 643 1873 670 δια-

1089 692 1187 727 τρίϐει,
1204 691 1235 718 τὸ
1250 691 1278 718 δὲ
1290 690 1467 718 ’Δτλαντικὺν
1484 689 1652 725 καλούμενον
1674 689 1792 724 πέλαγος
1806 690 1875 715 ἐνοι-

1090 739 1147 764 κεῖ·
1166 737 1200 764 τὰ
1217 737 1267 772 μὲν
1277 736 1332 772 γὰρ
1348 736 1403 763 τῶν
1419 735 1496 767 ζώων
1510 736 1550 768 εἰς
1561 735 1714 770 ὑπηρεσίαν
1722 734 1874 770 ἀνθρώπων

1090 782 1230 819 παρήχθη,
1253 782 1286 809 τὰ
1311 782 1340 809 δὲ
1356 783 1397 813 εἰς
1425 781 1543 817 Θεωρίαν
1568 781 1616 808 τοῦ
1637 781 1702 816 ιιιεερῖ⁸
1721 780 1770 816 τὴν
1785 780 1874 807 κτίσιν

1090 829 1231 864 θαύματος
1239 836 1246 844 ·
1263 829 1331 856 ἄλλα
1343 827 1411 864 πρὸς
1425 828 1507 863 eam
1517 827 1744 862 παιδαγωγοῦντα
1762 827 1817 853 τῶν
1829 827 1876 853 ἀν-

1091 876 1208 911 θρώπων
1225 875 1256 901 τὸ
1281 874 1413 910 ῥᾴθυμον,
1440 873 1508 900 ἄλλα
1528 873 1596 909 πρὸς
1617 873 1721 910 τροφὴν
1737 873 1789 908 τὴν
1807 873 1876 908 μετὰ

246 923 311 950 dam
329 926 358 950 ut
372 931 424 950 nos
437 922 571 949 inducant
587 922 614 949 in
630 921 847 957 speculationem
870 925 899 948 et
917 924 1039 947 contem-

1091 921 1138 957 τὴν
1151 921 1318 957 παράϐασιν.
1337 920 1518 955 Εὑλογοῦνται
1527 920 1556 946 δὲ
1566 920 1597 946 οὑ
1613 919 1684 946 κατὰ
1696 920 1760 950 τοὺς
1771 918 1876 954 ἀνθρώ-

250 970 398 1004 plationem
415 968 591 996 miraeulosze
615 965 711 995 mundi
726 967 876 995 creatiouis
891 976 898 994 :
915 966 1038 1002 quaedam

248 1022 278 1043 ut
294 1024 344 1044 nos
359 1017 468 1050 [timore
492 1015 645 1050 percellant
659 1015 792 1049 quodam,
807 1022 841 1041 nc
864 1019 938 1041 metu
963 1013 1039 1040 omni

249 1062 329 1089 vacui
349 1061 515 1097 negligentia
539 1062 761 1095 obtorpeamus:
787 1059 912 1095 quaedam
937 1063 967 1087 ut
993 1066 1039 1086 ce-

248 1106 316 1132 dant
329 1106 358 1132 in
380 1106 511 1133 alimenta
536 1106 642 1132 homini
673 1111 736 1139 post
753 1113 860 1133 casum.
877 1104 978 1132 Verum
993 1104 1039 1131 illa

250 1150 378 1177 animalia
391 1158 566 1185 nequaquam
583 1155 614 1177 ut
631 1151 770 1183 homines,
793 1151 935 1186 spirituali
958 1150 1041 1177 bean-

249 1200 296 1224 tur
311 1196 503 1224 benedictione
519 1205 526 1223 :
547 1197 597 1224 sed
621 1196 732 1224 illorum
746 1197 902 1224 benedictio
922 1197 1040 1232 pertinet

249 1243 284 1269 ad
299 1242 425 1269 sobolem
449 1242 660 1277 procreandum,
676 1250 738 1277 quae
755 1241 784 1269 fit
804 1243 912 1277 generis
931 1249 1040 1270 succes-

249 1287 339 1316 sione.
357 1287 414 1315 lloc
429 1288 552 1323 quidem,
573 1288 625 1315 etsi
648 1295 705 1314 non
723 1287 830 1315 diserte
853 1287 977 1321 profatus
997 1290 1040 1314 est

248 1333 285 1361 de
301 1333 414 1369 plantis,
428 1337 548 1360 attamen
563 1333 589 1360 id
602 1333 696 1360 volens
712 1332 874 1367 signiﬁcare
888 1337 986 1367 postea
999 1333 1040 1359 in-

250 1379 313 1407 tulit
328 1388 335 1406 :
355 1388 364 1405 ι
392 1379 426 1406 Et
437 1379 505 1406 vidit
520 1378 592 1406 Deus
607 1378 680 1413 quod
696 1384 770 1406 esset
785 1378 897 1405 bonum.
918 1387 927 1404 ι
946 1378 976 1405 Si
993 1377 1041 1405 bo-

250 1432 316 1452 num
335 1429 404 1456 erat,
426 1425 520 1459 utique
542 1430 570 1451 et
597 1431 762 1459 permanere
788 1423 815 1451 id
831 1423 927 1451 voluit.
953 1423 1041 1450 Nimi-

250 1477 312 1497 rum
332 1470 416 1498 tacite
433 1470 477 1497 hic
499 1470 625 1497 innuitur
640 1476 742 1504 quanta
757 1470 793 1497 sit
809 1470 967 1504 praestantia
985 1470 1041 1497 ani-

250 1516 378 1548 malium,
399 1515 421 1542 si
438 1515 619 1543 conferantur
632 1522 696 1542 cum
711 1515 814 1549 plantis
837 1518 865 1542 et
882 1514 1038 1543 arboribus.

251 1561 318 1589 Nam
337 1566 450 1597 propter
466 1562 598 1589 animalia
617 1562 716 1596 planta:
728 1566 826 1589 creata:
838 1565 914 1589 sunt.
932 1561 1040 1594 Quibus

1090 977 1158 1000 πους
1177 967 1384 1003 πνευματικῶς,
1398 967 1470 994 κατὰ
1486 966 1569 1002 ψιλὴν
1585 967 1614 993 δὲ
1631 966 1727 1000 γένους
1738 965 1875 1000 διαδοχὴ-ι,

1089 1015 1159 1049 ὅπερ
1171 1015 1196 1040 εί
1211 1014 1259 1040 καὶ
1276 1013 1313 1049 μὴ
1335 1011 1404 1039 εἶδεν
1419 1013 1549 1048 ἁντικρυς
1562 1012 1609 1039 ἐπὶ
1627 1011 1683 1039 τῶν
1701 1011 1804 1046 φυτῶν,
1817 1011 1875 1038 ἀλλ’

1090 1058 1137 1087 οὗν
1154 1060 1330 1095 ὑπεδήλωσεν
1341 1059 1438 1090 εἰπὼν,
1462 1068 1471 1084 ι
1488 1059 1545 1085 Καὶ
1564 1056 1643 1085 εἶπεν
1657 1058 1671 1084 6
1685 1058 1752 1090 Θεὸς
1773 1058 1814 1084 ὅτι
1829 1067 1878 1084 κα-

1090 1106 1152 1132 λόνο
1175 1116 1184 1131 )
1200 1105 1290 1140 είγὰρ
1303 1105 1396 1136 καλὸν,
1415 1104 1462 1131 καὶ
1481 1103 1620 1139 διαμένειν
1640 1103 1781 1138 ὴόούλετο.
1794 1103 1876 1134 Ἴσως

1089 1150 1118 1177 δὲ
1133 1151 1208 1185 δηλοί
1229 1150 1284 1176 τῶν
1309 1149 1386 1181 ζώων
1401 1149 1470 1185 πρὸς
1488 1149 1522 1175 τὰ
1534 1149 1606 1183 φυτὰ
1627 1148 1676 1184 τὴν
1692 1148 1875 1184 προτίμησιν’

1089 1196 1178 1223 ταῦτα
1187 1196 1242 1231 γὰρ
1256 1195 1368 1222 ἐκείνων
1384 1195 1466 1222 ἕνεκα
1478 1195 1606 1229 γέγονεν’
1619 1191 1657 1221 ὧν
1671 1193 1877 1228 εὑλογουμένων

1091 1244 1107 1278 ἡ
1122 1243 1232 1277 εὐλογία
1248 1243 1294 1270 καὶ
1312 1242 1393 1278 μᾶχρι
1404 1241 1508 1269 τούτων
1522 1240 1698 1278 ὅιὲρχεται,ἃ
1709 1241 1753 1268 διὰ
1762 1240 1812 1276 τὴν
1823 1240 1878 1267 τῶν

1090 1288 1168 1321 ζώων
1182 1289 1276 1323 χρείαν
1290 1287 1406 1323 ὑπέστη.
1419 1288 1524 1320 Ἀλλως
1541 1296 1572 1314 τε
1586 1287 1621 1314 τὰ
1634 1287 1684 1323 μὲν
1701 1287 1773 1321 φυτὰ
1782 1287 1829 1313 καὶ
1844 1287 1878 1313 τὰ

1091 1334 1248 1370 σπέρματα,
1261 1335 1293 1368 τῇ
1308 1335 1362 1360 τῶν
1377 1334 1573 1369 γεωργούντων
1595 1333 1729 1369 συνεργίᾳ
1745 1333 1816 1360 κατὰ
1828 1332 1878 1368 τὴν

1089 1379 1276 1415 ἀποκειμένην
1292 1380 1384 1410 αὺτοῖς
1408 1379 1524 1414 δύναμιν
1541 1379 1574 1405 ἐκ
1600 1378 1668 1405 Θεοῦ
1692 1378 1742 1414 τὴν
1758 1378 1878 1405 ἐπίδοσιν

1090 1425 1232 1460 λαμϐάνει,
1251 1425 1285 1452 τὰ
1301 1425 1330 1452 δὲ
1358 1424 1416 1457 ζῶα
1445 1426 1477 1451 ὲκ
1493 1425 1543 1460 τῆς
1569 1425 1637 1456 ιδίας
1652 1424 1721 1460 πρὸς
1741 1424 1790 1459 τὴν
1804 1424 1878 1459 μίξιν

1089 1471 1189 1507 ὁρμῆς.
1201 1480 1211 1497 ‹
1225 1471 1305 1498 Ὅθεν
1321 1472 1376 1503 τὸ,‹
1393 1471 1547 1507 Εὺλόγησεν
1560 1471 1631 1499 αὐτὰ
1645 1472 1660 1498 6
1673 1471 1753 1502 Θεὸς·
1763 1480 1772 1496 ι
1786 1471 1878 1497 δείκνυ

1090 1517 1145 1552 γὰρ
1160 1517 1197 1548 ὡς
1210 1516 1259 1551 οὺχ
1277 1517 1383 1548 ἑαυτοῖς
1397 1517 1487 1553 ὁρμὴν
1501 1517 1604 1552 ταύτην
1619 1517 1774 1552 παρέσχετο
1783 1516 1831 1551 ἀφ’
1844 1514 1878 1552 ἧς

1091 1563 1108 1597 ἡ
1126 1562 1174 1589 τοῦ
1190 1562 1286 1597 γένους
1299 1563 1429 1594 ἐπίδοσις.

251 1609 447 1637 benedictione
471 1608 617 1636 oblectatis
644 1612 671 1636 et
685 1608 806 1640 donatis,
830 1611 906 1635 certe
934 1612 962 1634 et
990 1607 1057 1634 illuc
1076 1608 1296 1636 benedictionem
1321 1609 1484 1637 transivisse
1520 1609 1684 1637 credendum
1719 1609 1880 1644 est,siqui-

251 1655 313 1683 dem
337 1657 448 1692 plantae,
475 1660 505 1682 ut
523 1655 623 1690 juvent
640 1655 782 1689 animalia,
812 1662 826 1681 a
857 1653 914 1682 Deo
924 1654 1040 1682 condite
1059 1659 1134 1683 sunt.
1169 1655 1304 1683 Caeterum
1340 1656 1438 1690 planta;
1456 1659 1489 1689 ,οι
1511 1656 1619 1683 sentina
1642 1663 1724 1691 opera
1746 1655 1880 1691 agricola—

252 1711 313 1730 rum
331 1702 483 1731 seeuudum
513 1702 622 1729 insitam
646 1709 662 1729 a
683 1701 738 1729 Deo
758 1702 822 1733 vim,
845 1701 1044 1728 incrementum
1063 1705 1090 1728 et
1115 1702 1303 1729 maturitatem
1331 1707 1454 1729 sumunt.
1473 1702 1507 1729 At
1528 1702 1658 1729 animalia
1702 1707 1833 1729 crescunt
1852 1708 1881 1729 et.

251 1753 388 1785 augentur
415 1748 547 1783 peculiari
572 1748 692 1782 quadam
722 1747 852 1782 cupidine
876 1746 990 1774 coeundi
1028 1751 1054 1774 et
1092 1748 1195 1775 sobolis
1208 1747 1360 1783 gignenda.
1373 1748 1547 1783 Quapropter
1563 1748 1687 1775 dicitur:
1703 1757 1713 1774 ι
1735 1747 1881 1776 Benedixit

250 1797 294 1823 eis
324 1795 407 1822 Deus.
426 1794 533 1826 Quibus
553 1794 646 1821 verbis
675 1793 837 1824 edocemur,
860 1792 935 1827 quod
959 1799 1017 1819 non
1044 1802 1077 1820 ex
1093 1802 1155 1822 sese
1181 1794 1300 1822 habeant
1317 1794 1393 1821 illum
1428 1795 1472 1822 sui
1489 1794 1582 1822 simile
1615 1795 1780 1829 procreandi
1801 1795 1883 1822 ardo-'

253 1849 323 1872 rem,
339 1841 410 1868 unde
433 1840 543 1874 generis
570 1839 600 1866 ﬁt
618 1843 646 1866 et
670 1840 811 1867 successio
838 1844 866 1867 et
888 1840 1098 1867 incrementum.
1697 1862 1699 1864 .

289 1887 406 1914 Pulchre
423 1889 555 1921 praeterea
572 1885 692 1912 refertur
706 1893 713 1912 :
742 1894 752 1910 ‹
768 1885 914 1920 Augescite
925 1889 952 1912 et
969 1885 1039 1912 Inul-

1125 1885 1222 1917 Καλῶς
1236 1886 1264 1912 δὶ
1274 1886 1331 1918 καὶ,
1343 1895 1353 1912 ι
1363 1886 1515 1919 Λύξάνεσθε
1524 1895 1548 1913 Ἰ
1559 1886 1589 1920 ἐξ
1602 1887 1686 1922 αὐτῆς
1700 1887 1755 1923 γὰρ
1769 1888 1820 1923 τῆς
1831 1889 1881 1917 τοῦ

253 1931 428 1968 tiplicamini.
449 1940 459 1957 ι
477 1930 545 1957 Nam
561 1938 595 1957 ex
610 1931 671 1965 ipso
695 1931 810 1958 seminis
831 1930 909 1965 iactu
931 1935 1043 1958 sumunt

254 1980 468 2009 incrementum,
485 1976 549 2004 inde
559 1977 594 2003 ad
609 1976 804 2011 perfectionem
818 1976 901 2004 datur
914 1984 1044 2012 progres-

253 2032 314 2057 sus,
332 2023 465 2057 deinceps
478 2022 512 2049 ad
533 2022 577 2050 sui
597 2022 688 2049 simile
702 2022 868 2057 gignendum
884 2027 1043 2057 properant.

253 2069 397 2106 Signiﬁcat
417 2069 508 2103 itaque
530 2073 710 2103 augmentum
736 2069 938 2095 incrementum
962 2068 1042 2101 illud,

255 2123 310 2151 quo
323 2114 485 2150 magnitudo
499 2114 648 2149 accipitur.
668 2113 862 2149 Multiplicatio
885 2113 997 2141 denotat
1011 2122 1043 2141 ex

254 2162 343 2194 coitu,
362 2169 395 2189 ex
414 2159 608 2188 commistione
630 2160 659 2187 in
676 2160 882 2187 multitudinem
904 2159 1044 2187 dilatatio-

255 2215 319 2234 nem
344 2210 372 2234 et
388 2206 605 2233 successionem.
632 2205 686 2233 Sed
708 2206 851 2241 quomodo
874 2206 982 2233 ratione
998 2213 1044 2232 ca-

255 2254 381 2281 rentibus
393 2254 559 2288 imperavit?
573 2252 648 2281 Satis
667 2254 780 2288 planum
804 2253 947 2284 existimo,
963 2257 1045 2280 natu-

255 2299 341 2327 ralem
362 2299 473 2326 modum
491 2303 519 2326 et
536 2299 676 2331 ardorem,
693 2300 741 2334 qui
759 2299 831 2326 inest
855 2299 964 2326 cunctis
982 2299 1043 2326 ani-

255 2345 376 2372 malibus
403 2344 437 2370 ad
478 2344 590 2379 generis
620 2345 869 2379 propagationem,
906 2344 953 2371 Dei
983 2351 1044 2371 esse

254 2389 392 2424 quoddam
411 2393 579 2423 praeceptum
603 2392 630 2416 et
654 2389 803 2423 quamdam
820 2390 920 2424 legem.
936 2389 983 2415 Sic
1003 2391 1045 2424 (ut

255 2434 337 2461 docet
351 2433 435 2460 Jonas
448 2433 490 2468 ")
514 2433 585 2460 Deus
609 2433 754 2468 imperavit
777 2439 838 2460 ceto
853 2437 881 2460 et
893 2434 1045 2461 vermiculo

256 2480 404 2506 matutino.
421 2478 488 2505 Nam
508 2479 554 2505 Dei
576 2479 673 2513 jussus
691 2486 740 2506 seu
765 2479 909 2514 imperium
929 2479 1045 2506 creden-

256 2525 322 2552 dum
338 2529 391 2555 est,
411 2524 547 2559 quidquid
564 2525 624 2559 ipso
638 2525 750 2552 volente
765 2529 793 2552 et
807 2524 969 2559 providente
985 2524 1044 2552 ﬁeri

1095 1931 1251 1966 σπέρματος
1264 1932 1418 1966 καταὸολῆς
1433 1933 1588 1959 ἐπιδιδόντα
1608 1934 1676 1968 πρὸς
1695 1933 1820 1969 αὔξησιν,
1841 1935 1881 1966 είς

1093 1977 1250 2013 τελειότητα
1277 1978 1469 2013 παραγίνεται,
1500 1979 1548 2005 καὶ
1571 1979 1632 2005 τότε
1660 1979 1730 2014 πρὸς
1753 1979 1880 2016 γέννησιν

1093 2023 1187 2059 ἑτέρου
1202 2026 1285 2058 χωρεῖ
1296 2032 1302 2039 ·
1313 2024 1442 2060 σημαίνει
1454 2025 1570 2059 τοίνυνὴ
1582 2025 1632 2060 μὲν
1640 2025 1763 2061 αὔξησις,
1776 2027 1825 2061 τὴν
1839 2027 1880 2058 εἰς

1095 2070 1210 2105 μέγεθος
1221 2071 1390 2104 ἑπίδοσιν,τὺ
1408 2071 1436 2098 δὲ
1447 2093 1454 2104 ,
1467 2080 1476 2096 ι
1493 2071 1663 2107 Πληθύνεσθε
1675 2092 1684 2105 ,
1700 2081 1709 2098 ι
1721 2073 1772 2108 τὴν
1785 2073 1818 2099 ὲκ
1828 2074 1879 2108 τῆς

1096 2116 1196 2152 μίξεως
1211 2117 1250 2148 εἰς
1269 2117 1373 2152 πλῆθος
1394 2118 1532 2153 διαδοχήν.
1548 2118 1610 2150 Πῶς
1625 2117 1654 2144 δὲ
1667 2118 1775 2152 ἀλόγοις
1795 2127 1880 2154 προσ-

1094 2162 1190 2194 έταξεν
1200 2164 1214 2189 ὁ
1228 2163 1294 2195 Θεὸς
1305 2163 1400 2194 ;“Λλλὰ
1412 2163 1491 2197 δῆλον
1502 2163 1542 2189 ὅτι
1555 2163 1586 2189 τὺ
1601 2163 1716 2197 φυσικὸν
1730 2163 1835 2200 κίνημα
1849 2165 1883 2191 eo

1095 2208 1246 2244 ἐνυπάρχον
1267 2210 1324 2240 τοῖς
1339 2209 1418 2240 ζώοις
1431 2210 1498 2244 πρὸς
1513 2209 1561 2244 τὴν
1574 2208 1621 2234 τοῦ
1634 2209 1731 2241 γένους
1741 2209 1880 2244 διαδοχὴνί

1095 2255 1190 2290 ὥσπερ
1203 2255 1297 2290 ἐντολή
1311 2254 1351 2286 τίς
1367 2255 1425 2281 ἐστι
1438 2255 1485 2282 τοῦ
1504 2255 1571 2282 Θεοῦ
1581 2265 1589 2272 ·
1603 2256 1689 2288 οὕτως
1702 2257 1730 2284 ὲν
1752 2257 1830 2292 Ἱωνᾷ
1840 2256 1880 2292 τῷ

1096 2302 1174 2336 κήτει
1200 2300 1364 2337 προσέταξεν
1388 2302 1403 2327 ὁ
1429 2301 1506 2333 Θεὸς,
1531 2302 1578 2328 καὶ
1607 2302 1729 2338 σκώληκι
1757 2302 1877 2338 ὲωθινῷ·

1096 2347 1246 2382 πρόσταξις
1257 2347 1311 2382 γὰρ
1325 2347 1409 2375 αὐτοῦ
1428 2348 1536 2381 λέγεται
1558 2348 1589 2375 τὸ
1613 2348 1682 2375 κατὰ
1706 2348 1833 2384 βούλησίν
1849 2357 1879 2375 τε

1096 2393 1145 2419 καὶ
1161 2394 1289 2428 πρόνοιαν
1305 2394 1416 2420 τοιῶσδε
1438 2395 1592 2429 γινόμενον.
1602 2393 1665 2426 Πῶς
1689 2394 1717 2421 δὲ
1733 2394 1881 2429 πρόσταξις

1096 2438 1140 2465 ἐπ’
1153 2439 1277 2472 εὐλογίας
1293 2439 1454 2472 ἁκὸλουθοςς
1476 2440 1537 2466 Ὀτι
1553 2441 1599 2466 καὶ
1615 2441 1724 2475 ὲνεργεϊ
1736 2448 1763 2466 τι
1775 2440 1809 2466 τὰ
1823 2440 1881 2472 ζῶα

1096 2484 1165 2519 πρὸς
1179 2485 1209 2511 τὸ
1222 2485 1416 2520 πληθύνεσθαι,
1431 2486 1499 2513 ἀλλὰ
1508 2486 1555 2513 τοῦ
1568 2486 1635 2513 Θεοῦ
1651 2486 1881 2522 δημιουργοῦντος

1096 2529 1206 2561 αυξάνει
1223 2530 1270 2556 καὶ
1288 2530 1417 2566 πληθύνει
1431 2531 1461 2558 τὸ
1477 2531 1569 2566 ἔργον,
1583 2531 1665 2558 οἱονεὶ
1679 2531 1726 2558 τοῦ
1738 2531 1806 2563 {dion
1830 2531 1880 2566 τὴν

255 2571 465 2606 cognoscimus.
483 2570 535 2597 Sed
559 2579 612 2606 qua
627 2571 735 2598 ralione
763 2570 922 2598 benedictio
936 2569 1039 2605 jussum

1097 2574 1245 2610 πρόσταξιν
1257 2561 1442 2611 ἐνεργοῦντος.
1461 2561 1500 2602 To
1511 2561 1549 2607 de,
1563 2561 1576 2602 ⁷‹
1604 2576 1728 2611 Πλήσατε
1743 2561 1780 2602 τὰ
1796 2561 1880 2602 ὕδατα

256 2623 306 2643 seu
318 2615 463 2651 imperium
479 2616 525 2644 Dei
541 2617 686 2644 conuuode
695 2617 842 2651 sequitur?
853 2615 882 2644 Si
896 2617 963 2652 quid
977 2623 1045 2644 con-

257 2661 350 2689 l‘erunt
374 2663 407 2689 ad
434 2662 692 2697 multiplicationem
719 2663 761 2690 sui
782 2663 894 2698 generis
913 2663 1045 2690 animalia

257 2715 290 2734 ex
308 2707 355 2735 Dei
371 2707 487 2742 imperio
500 2714 527 2736 et
542 2709 623 2744 jussu
643 2709 669 2736 id
684 2710 809 2745 augescit
830 2715 857 2737 et
873 2710 1045 2745 multiplica-

257 2757 314 2785 tur,
333 2753 398 2780 licet
424 2761 476 2782 nos
502 2755 696 2783 existimemus
727 2763 837 2783 omnem
855 2757 1045 2792 operationem

254 2806 318 2828 esse
333 2800 472 2829 animalis.
491 2801 571 2834 Quod
589 2803 628 2830 ait
645 2810 651 2829 :
673 2811 682 2828 ι
703 2802 817 2838 lmpleto
839 2811 927 2839 aquas
944 2803 972 2831 iu
990 2811 1045 2831 ma-

293 2888 316 2904 "
335 2887 411 2916 Iona:
427 2897 458 2922 ιι,
474 2889 500 2915 l.

1094 2620 1122 2645 ἐν
1131 2621 1189 2651 ταῖς
1203 2620 1361 2653 θαλάσσαις,
1369 2630 1379 2646 ›
1388 2621 1425 2652 ὡς
1436 2620 1479 2647 ἐπ’
1487 2620 1638 2656 ἀνθρώπων
1647 2620 1702 2651 τὺ,(
1716 2620 1881 2656 Πληρώσατε

1092 2666 1142 2700 τὴν
1150 2666 1226 2701 γῆν.»
1241 2667 1358 2702 εἴρηται,
1372 2667 1417 2693 ἵνα
1428 2667 1474 2693 ἐπὶ
1489 2666 1539 2701 μὲν
1547 2666 1600 2693 τῶν
1611 2666 1728 2702 ἐνύδρων
1736 2668 1789 2698 πᾶς
1800 2666 1880 2698 τόπος

1094 2712 1143 2748 ἔχῃ
1164 2713 1197 2738 τὰ
1209 2713 1394 2748 ὲννηχὸμενα·
1410 2713 1457 2739 ἐπὶ
1473 2712 1502 2739 δὲ
1516 2712 1563 2739 τοῦ
1575 2712 1731 2748 ἀνθρώπου,
1746 2713 1788 2740 ἵνα
1806 2714 1880 2740 πᾶσι

1094 2759 1111 2793 ὴ
1125 2759 1260 2785 οἰκεῖσθαι
1276 2759 1413 2795 δυναμένη
1429 2759 1466 2795 γῆ
1485 2759 1531 2786 τὸν
1555 2759 1712 2795 πληροῦντα
1730 2758 1817 2794 αὐτὴν
1834 2759 1881 2786 ἄν·

1094 2804 1202 2839 θρωπον
1217 2803 1284 2839 Εχῃ·
1300 2804 1378 2831 οὐδὲν
1392 2804 1659 2840 παραϐλαπτομένου
1680 2804 1727 2830 τοῦ
1741 2804 1822 2838 λόγου
1838 2801 1880 2830 διά

1402 2890 1414 2904 1
