2072 3157
172 186 224 221 105
719 184 985 215 COMMENTARII
1010 185 1050 215 ΙΝ
1070 185 1247 217 GENESIN.
1746 187 1795 219 106

170 251 201 269 τε
219 242 267 277 τὴν
281 241 504 276 διακεκαυμένην
520 242 567 268 καὶ
581 241 630 275 τὴν
645 240 865 275 κατεψυγμένην,
879 238 961 266 οὖσαν

1014 241 1046 273 ri,
1065 250 1073 265 ι
1090 245 1157 272 etc.,
1178 249 1211 268 ne
1225 241 1345 269 mireris.
1362 241 1503 277 Siquidem
1517 241 1643 270 sitniliter
1656 243 1689 270 de
1703 243 1795 270 homi.

171 288 299 322 ἀοίκητον
310 295 317 302 ·
330 287 368 319 ὡς
383 288 438 322 γὰρ
450 288 474 313 εἰ
490 286 625 313 κάκείνων
646 286 815 321 οἱκουμένων
828 285 960 321 ἠϐούλετὸ

1014 285 1093 312 nibus
1108 293 1217 320 quoque
1229 286 1333 312 dictum
1349 290 1424 313 estzt
1437 286 1548 321 lmplete
1564 290 1668 314 terram
1679 287 1729 313 θ’.»
1742 287 1794 314 Sed

172 343 215 364 τις
239 334 367 368 ἐγκαλεῖν
390 333 421 360 τὺ
435 331 505 359 εἶναι
519 333 659 368 διάστημα
676 332 800 368 ἐρημιῶν
818 332 865 358 καὶ
891 331 963 367 ὀρῶν

1014 331 1112 364 quare?
1120 334 1150 358 ut
1161 331 1256 358 nullus
1269 331 1349 359 lucus
1357 339 1434 366 aqua:
1442 332 1610 359 destituatur
1619 333 1798 365 animalibus,

172 381 222 406 οὐκ
242 379 420 414 οἰκουμένων,
444 379 505 405 οὐδὲ
517 378 744 414 γεωργουμένων,
755 377 858 412 ἠλίθιος
873 377 906 404 ἂν
915 376 961 412 ἦν,

1015 385 1075 410 ψιὶιέ
1092 377 1128 404 ibi
1147 382 1261 404 natent:
1278 382 1304 404 et
1319 377 1408 412 quoad
1424 377 1575 410 hominem,
1592 383 1621 404 ut
1638 379 1730 406 omnis
1749 379 1800 405 ha-

173 425 259 455 οὕτως
285 426 310 451 εί
346 423 597 459 ὲπιλαμὸανόμενός
627 432 670 455 τις
692 424 738 449 τοῦ
767 422 962 458 Πληρὼσατε,

1016 423 1138 450 bitabilis
1156 423 1232 457 regio
1246 424 1373 450 homines
1387 424 1494 453 habeat.
1509 431 1523 449 a
1538 424 1639 457 quibus
1652 425 1801 451 incolatur.

173 471 247 505 λέγοι
265 471 303 506 μὴ
316 470 485 505 ήληθεῠσοαι
504 469 554 504 τὴν
571 468 718 503 πρόσταξιν
729 468 773 495 διὰ
784 469 818 495 τὰ
836 468 963 503 ἀοίκητα.

1019 467 1118 494 Verum
1146 469 1215 495 nihil
1242 469 1399 496 detrimenti
1427 470 1503 503 capit
1528 469 1574 496 Dei
1594 470 1696 500 oratio,
1727 469 1802 505 quod

173 521 251 543 terra
269 517 370 543 alicubi
389 516 475 543 nimio
497 520 566 543 aestu
593 515 730 548 aduritur,
752 520 777 542 et
804 515 871 542 alibi
901 518 1014 549 propter
1031 514 1147 541 nimium
1159 514 1250 549 frigus
1267 515 1387 549 squalet.
1427 520 1456 542 ut
1491 515 1619 542 neutrohi
1655 517 1804 543 commode

173 562 256 589 liceat
277 562 402 589 habitare
422 562 539 589 homini.
556 561 585 589 Si
601 561 665 596 quis
680 561 746 588 velit
766 561 833 588 vitio
853 566 964 588 vertere
985 563 1075 592 terrae,
1091 561 1166 595 quod
1183 566 1295 596 propter
1310 562 1444 596 quosdam
1482 568 1590 591 montes
1612 567 1639 590 et
1678 564 1805 591 solitudio

173 616 223 636 nes
244 609 280 635 sit
305 608 506 640 inhabitabilis,
528 607 593 643 quia
612 615 668 634 non
688 607 819 634 coluntur
841 611 870 634 et
894 606 1106 641 frequentantur
1128 614 1142 633 a
1161 608 1336 640 mortalibus,
1354 614 1428 636 eerte
1447 610 1568 644 plurimo
1591 610 1724 644 indigebit
1739 610 1806 637 elle‘

172 654 253 682 boro.
269 654 347 681 Haud
363 654 494 682 dissimili
516 655 624 681 ratione
641 653 665 681 si
695 654 757 688 quis
780 652 852 680 dicat
887 653 990 680 falsum
1025 660 1087 680 esse
1110 653 1183 688 quod
1213 654 1334 681 dixerit:
1362 654 1490 689 lmplete,
1530 661 1595 690 ete.,
1617 658 1718 684 stultus
1739 666 1804 684 cen—

177 702 300 733 sebitur,
313 702 377 736 quia
398 702 483 728 multa
502 708 637 735 aquarum
652 701 712 727 loca
731 700 898 728 animalibus
914 703 1021 727 vacent.

209 747 267 773 Καὶ
279 745 364 773 εἶπεν
383 747 398 772 ό
412 746 483 778 Θεός
493 754 501 761 ·
523 743 707 779 Ἔξαγαγέτω
719 746 737 778 ἠ
749 744 785 779 τῆ
796 744 902 779 ψυχὴν
916 743 965 774 1.7?)-

173 801 236 821 σαν
262 792 338 819 κατὰ
354 791 388 818 τὸ
411 791 500 826 γένος
517 791 684 825 τετράποδα
714 791 763 817 καὶ
790 791 900 824 ἑρπετὰ
914 790 964 817 καὶ

173 838 263 872 θηρία
287 838 361 864 κατὰ
391 837 424 863 τὸ
443 837 532 871 γένος
543 844 550 851 ·
563 836 612 864 καὶ
633 836 752 871 ἐγένετο
769 836 874 869 οὕτως.
891 836 963 862 Ἔδει

172 885 223 918 τὴν
235 884 288 918 γῆν
307 884 374 918 μετὰ
392 883 427 909 τὰ
448 883 519 916 φυτὰ
532 883 580 914 καὶ
598 882 678 914 ζώοις
694 882 865 918 κοσμηθῆναι
879 882 962 908 καθά-

172 937 228 964 περ
243 930 260 965 ὴ
272 929 404 956 θάλασσα·
418 929 474 955 ἀλλ’
485 930 544 955 ἐκεῖ
559 929 608 964 μὲν
623 937 706 963 φησιν
722 938 731 954 ι
755 928 859 963 ἑρπετὰ
870 927 964 963 ψυχῶν

173 976 296 1008 (testim)
307 973 358 1002 ὦδε
366 976 394 1003 δὲ
406 986 414 1002 ι
423 975 513 1011 ψυχὴν
521 976 638 1008 ca.cm
650 975 680 1001 οὺ
691 975 739 1010 τὴν
750 975 965 1010 ἐναποκειμένην

174 1023 259 1049 πάλιν
275 1024 308 1056 τῇ
326 1024 362 1057 γῇ
375 1031 382 1037 ·
405 1022 442 1057 μὴ
467 1021 594 1048 τοσοῦτον
612 1022 759 1056 Μανιχαῖοι
777 1020 965 1056 μαινέσθωσαν

173 1065 270 1101 ὥσπερ
284 1066 332 1092 ἐπὶ
346 1066 397 1100 γῆς
416 1066 585 1101 βλαστούσης
599 1066 653 1093 τῶν
678 1065 781 1092 ὑδάτων
796 1065 966 1100 ἐκφερόντων

171 1111 283 1145 ἐλέγετο
294 1119 302 1127 ·
314 1112 364 1146 οὐχ
375 1112 444 1147 ὅπερ
455 1115 502 1138 ουν
517 1111 575 1146 ἔχει
591 1113 700 1144 κτᾶται,
718 1111 765 1138 τοῦ
778 1111 848 1137 Θεοῦ
863 1111 965 1146 δωρου-

173 1157 259 1192 μένου
275 1157 326 1192 τῆς
349 1158 490 1193 ἐνεργείας
517 1158 566 1190 τὴν
586 1158 712 1192 δύναμιν.
734 1158 764 1184 Ei
789 1157 818 1184 δὲ
830 1156 919 1192 ψυχὴν
933 1157 966 1192 ἣν

171 1201 248 1238 εἶχεν
260 1203 398 1235 ἐξέϐαλεν,
416 1204 524 1238 ἐρήμην
540 1204 643 1238 ἑαυτὴν
663 1203 793 1230 κατέλιπε
806 1203 854 1238 τῆς
865 1202 964 1238 ψυχῆς,

171 1250 223 1276 καὶ
243 1249 303 1281 πῶς
323 1249 408 1284 αὐτὴν
430 1249 552 1284 ἔμψυχον
576 1249 769 1282 ὑποτίθενται;
791 1249 831 1275 Τὰ
849 1249 899 1284 μὲν
916 1249 964 1275 οὖν

172 1295 264 1329 νηκτὰ
281 1295 310 1320 ἐν
324 1295 358 1329 τῇ
371 1294 507 1329 παχύτητι
520 1294 566 1321 τοῦ
580 1294 675 1325 ὓδατος
687 1293 863 1329 διαιτώμενα,
872 1294 965 1321 ἀτελε-

174 1342 276 1377 στέραν
291 1350 349 1373 πως
372 1341 428 1376 ἔχει
451 1341 524 1377 ζωήν
538 1350 545 1358 ·
575 1342 687 1377 μνήμης
700 1349 730 1367 τι
747 1341 802 1376 γὰρ
816 1341 966 1375 φαντασίας

172 1389 222 1414 καὶ
239 1387 371 1423 συνήθους
387 1387 560 1422 ἐπιγνώσεως
576 1387 697 1422 πέφυκεν
710 1386 820 1422 ἐρημαο
832 1386 965 1422 ἀμϐλείας

171 1433 202 1460 δὲ
225 1434 275 1460 καὶ
298 1433 348 1464 τὰς
367 1433 508 1468 αἰσθήσεις
525 1434 670 1467 ἐκτήσατο,
687 1433 726 1465 ὼς
750 1434 800 1468 τὴν
827 1434 965 1469 σαρκικὴν

173 1479 250 1513 ζωὴν
265 1479 451 1514 καθηγεῖσθαι
467 1478 567 1514 μᾶλλον
583 1479 638 1505 τῶν
653 1479 776 1513 ψυχικῶν
787 1480 963 1514 κινημάτων·

172 1524 237 1550 ὅθεν
262 1524 374 1555 εἰκότως
389 1533 398 1550 ι
420 1525 523 1559 ἑρπετὰ
541 1524 635 1560 ψυχῶν
648 1524 744 1556 ζωσῶν
762 1534 771 1550 ι
793 1524 859 1559 περὶ
873 1525 964 1551 αὐτῶν

1054 742 1140 771 Vens.
1164 744 1210 772 24.
1232 743 1267 770 Et
1289 743 1358 771 dixit
1382 745 1453 772 Deus
1468 753 1478 773 ε
1500 746 1635 773 Ρνοάκεαι
1660 752 1731 774 terra
1747 749 1804 774 ani-

1018 796 1087 815 mum
1098 789 1223 816 uiuentem
1237 790 1382 816 secundum
1393 791 1505 824 speciem
1530 800 1619 823 suam,
1639 793 1801 827 jumentum.

1017 834 1110 869 reptile
1134 841 1160 862 et
1176 835 1288 862 bestiam
1307 840 1383 864 terra
1405 838 1551 864 secundum
1578 841 1689 873 speciem
1713 848 1801 867 suam.

1016 879 1052 906 Et
1071 880 1172 914 factum
1190 886 1229 908 est
1249 882 1298 908 ita.
1315 881 1475 910 Necessitas
1490 885 1633 918 postulare
1648 885 1799 918 videbatur.

1016 929 1047 954 ut
1064 931 1149 957 terra.
1166 927 1213 954 ubi
1228 928 1337 954 exculta
1354 927 1455 956 fuisset
1471 930 1619 958 arboribus
1634 935 1661 958 et
1687 933 1799 967 plantis,

1014 973 1097 999 etiam
1113 972 1281 1000 animalibus
1304 973 1441 1001 ditaretur
1455 976 1537 1002 sicuti
1559 980 1586 1002 et
1609 984 1694 1004 mare.
1715 977 1799 1005 Caete-

1015 1024 1088 1048 rum,
1109 1017 1184 1051 quod
1213 1017 1247 1044 ad
1275 1026 1353 1045 mare
1379 1024 1497 1053 spectat,
1527 1020 1614 1052 dixit,
1650 1031 1660 1046 ι
1691 1022 1800 1056 reptilia

1015 1062 1169 1089 animarum
1179 1063 1365 1096 viventiuth
1385 1065 1432 1092 hic
1447 1073 1512 1093 vero
1537 1066 1637 1101 inquit,
1659 1077 1668 1093 ι
1680 1068 1800 1095 animant

1016 1109 1178 1142 viventem"
1195 1117 1246 1137 nec
1263 1114 1356 1138 tamen
1372 1111 1410 1138 ibi
1429 1112 1629 1146 repositam,ut
1648 1113 1734 1141 furori
1745 1113 1802 1141 Ma-

1015 1154 1184 1182 niehzeorum
1209 1156 1282 1184 fores
1316 1157 1532 1191 prtecludantur.
1562 1158 1799 1191 Quemadmodum

1014 1205 1141 1237 potenter
1154 1202 1240 1236 jussit
1256 1207 1358 1230 terram
1369 1205 1536 1238 germinare,
1549 1209 1576 1232 et
1591 1212 1677 1240 aquas
1691 1206 1801 1240 reptiiia

1015 1246 1149 1281 proferre,
1167 1251 1195 1275 et
1207 1249 1342 1275 continuo
1358 1247 1471 1276 effectus
1485 1249 1561 1277 visus
1573 1254 1615 1277 est
1628 1259 1634 1277 :
1652 1251 1692 1278 sic
1706 1256 1733 1278 et
1747 1251 1800 1278 hoc

1015 1293 1087 1320 loco.
1103 1293 1163 1320 Non
1180 1294 1265 1329 igitur
1279 1298 1362 1327 terra,
1377 1294 1451 1329 quod
1465 1295 1598 1330 possidet,
1619 1296 1799 1332 deprompsit,

1014 1338 1062 1366 sed
1078 1339 1150 1374 quod
1167 1347 1221 1367 non
1239 1340 1357 1368 habebat
1370 1341 1527 1376 acquisivit,
1546 1341 1600 1369 Deo
1616 1341 1736 1370 donante
1752 1351 1801 1378 po—

1014 1384 1109 1411 tentiae
1124 1384 1283 1413 etlieaciam.
1300 1385 1328 1412 Si
1342 1386 1472 1418 animam,
1488 1394 1570 1422 quam
1587 1387 1694 1421 habuit,
1716 1394 1746 1415 ut
1760 1389 1801 1417 illi

1014 1429 1169 1462 clamitant,
1184 1430 1276 1464 cjecit,
1305 1431 1428 1465 profecto
1443 1432 1562 1466 seipsam
1587 1433 1679 1460 anima
1697 1435 1800 1469 spolia-

1013 1476 1062 1503 vit.
1074 1475 1164 1508 Quare
1178 1476 1262 1511 igitur
1274 1484 1327 1504 non
1345 1477 1426 1511 pudet
1439 1477 1500 1505 illos
1523 1485 1678 1513 proponere
1699 1486 1800 1508 terram

1013 1529 1076 1549 esse
1090 1522 1258 1549 animatam?
1282 1521 1412 1550 Natantia
1430 1524 1573 1557 animalia,
1594 1533 1656 1560 qua:
1671 1526 1801 1554 volutan-

172 1576 277 1603 φησιν’
292 1569 338 1595 ἐπὶ
351 1569 379 1595 δὲ
398 1569 452 1595 τῶν
468 1570 614 1604 χερσαίων,
635 1578 645 1594 ι
665 1569 754 1604 ψυχὴν
769 1568 859 1601 ζῶσαν
871 1577 878 1584 ·
895 1578 904 1595 ι
921 1570 962 1596 al-

1014 1572 1059 1594 tur
1081 1567 1109 1594 in
1132 1575 1265 1602 aquarum
1284 1568 1433 1602 densitate,
1456 1569 1660 1604 quodammodo
1685 1572 1800 1606 reliquis

172 1614 288 1648 σθὴσεις
300 1622 329 1640 τε
347 1614 401 1648 γὰρ
415 1613 504 1646 ὀξείας
519 1615 565 1640 καὶ
581 1615 690 1650 μνήμας
704 1614 893 1650 παρελθόντων
904 1614 960 1649 ἔχει

171 1659 278 1685 τούτων
303 1659 338 1686 τὰ
364 1659 488 1686 πλεῖστα.
514 1660 658 1686 Δείκνυσιν
670 1660 718 1687 οὖν
743 1660 777 1687 τὰ
803 1660 852 1695 μὲν
865 1660 963 1696 ἔνυδρα

173 1703 292 1739 σώματα
303 1704 477 1738 ἓψυχωμένα.
493 1704 540 1730 ἐπὶ
555 1705 583 1730 δὲ
599 1705 653 1730 τῶν
668 1705 803 1739 χερσαίων
816 1705 905 1740 ψυχὴν
925 1706 964 1731 οξ-

172 1749 344 1784 κονομοῦςαν
362 1749 486 1784 σώματα,
500 1749 537 1781 ὡς
553 1749 674 1781 πλείονος
697 1750 816 1784 ζωτικῆς
835 1750 963 1786 μετεχόν-

171 1803 230 1820 των
257 1795 420 1828 δυνάμεως·
440 1796 465 1820 εί
489 1795 544 1830 γὰρ
559 1796 606 1822 καὶ
631 1796 727 1829 ἄλογα,
752 1797 810 1823 ἀλλ’
822 1795 868 1822 οὖν
888 1797 963 1831 φωνῇ

171 1841 278 1876 φυσικῇ
295 1841 343 1866 καὶ
358 1840 445 1875 χαρὰν
461 1842 506 1866 καὶ
519 1840 608 1876 λύπην
620 1841 749 1876 ἐμφαίνει
762 1850 769 1856 ·
787 1843 834 1868 καὶ
848 1841 896 1868 τοῦ
907 1850 966 1868 συν·

171 1887 258 1921 ἠθους
279 1887 428 1920 ἐπίγνωσιν
453 1895 482 1912 τε
497 1888 544 1913 καὶ
563 1887 714 1922 χωρισμὸν,
739 1888 786 1913 καὶ.
802 1887 904 1922 τροφῆς
920 1887 964 1913 ἑν-

172 1933 261 1963 δειαν.
287 1932 335 1958 καὶ
356 1931 462 1962 πόθους.
481 1932 528 1958 καὶ
543 1932 657 1958 πλεῖστα
676 1932 788 1958 τοιαῦτα
800 1941 808 1947 ·
821 1932 966 1968 τοιγαροῦν

175 1988 186 2004 ι
201 1979 303 2012 Ἔγνω,
322 1979 400 2012 φησι,
419 1977 482 2013 βοῦς
499 1978 545 2004 τὸν
562 1978 743 2012 κτησάμενον,
763 1979 811 2004 καὶ
830 1978 889 2009 ὄνος
916 1977 966 2013 τὴν

173 2025 279 2059 φάτνην
288 2025 333 2051 τοῦ
345 2024 439 2059 κυρίου
446 2023 538 2050 αὐτοῦ·
546 2033 555 2049 ι
565 2025 595 2050 οὐ
604 2024 683 2059 μόνον
690 2024 717 2050 δὲ
725 2025 839 2059 φάτνην,
847 2024 913 2051 ἀλλὰ
920 2024 967 2050 καὶ

174 2070 278 2106 συνήθη
294 2071 386 2105 φωνὴν
403 2070 450 2096 καὶ
461 2070 520 2096 ὁδὸν
536 2070 568 2104 ἢν
583 2069 718 2101 ὲὸἀδισεν,
731 2069 768 2101 ὡς
779 2069 885 2104 ὁδηγεῖν
899 2070 968 2105 πρὸς

176 2126 188 2143 2
194 2116 279 2151 αὐτην
290 2116 337 2143 τὸν
349 2115 449 2150 ὲποχοιί
454 2124 546 2150 μενον.

1012 1613 1215 1648 imperfectiora
1231 1614 1440 1648 dignoscuntur.
1455 1614 1565 1641 Privata
1581 1616 1653 1642 enim
1666 1620 1731 1643 sunt
1746 1616 1800 1652 33

1014 1659 1157 1691 memoria,
1173 1659 1368 1694 imaginatione
1382 1664 1409 1687 et.
1423 1664 1554 1687 consueta
1564 1661 1671 1693 notitia.
1681 1661 1800 1689 Praeter-

1013 1711 1046 1731 ea
1069 1704 1157 1743 major
1176 1709 1218 1732 est
1233 1713 1362 1732 sensuum
1381 1705 1536 1738 hebetudo,
1555 1711 1582 1733 et
1607 1707 1708 1742 ubique
1735 1715 1800 1735 eor-

1014 1757 1066 1785 pus
1077 1754 1188 1785 superat
1204 1752 1302 1778 animae
1318 1754 1420 1778 motus.
1438 1750 1530 1784 Quare
1541 1760 1596 1780 non
1612 1753 1750 1781 immerito
1765 1754 1800 1782 de

1014 1796 1083 1830 ipsis
1108 1801 1295 1829 memoratur,
1329 1807 1339 1823 ι
1374 1798 1482 1833 reptilia
1516 1799 1670 1826 animarum
1703 1801 1799 1828 viven-

1014 1841 1095 1873 tium,
1116 1850 1125 1866 ι
1148 1845 1201 1869 etc.
1218 1840 1318 1868 Verum
1334 1841 1368 1869 de
1385 1843 1577 1876 terrestribus,
1593 1848 1622 1871 ut
1638 1845 1800 1873 excellentia

1014 1890 1157 1918 cernatur,
1179 1885 1279 1920 inquit,
1295 1896 1304 1911 ι
1322 1887 1440 1914 animam
1455 1887 1604 1915 viventem.
1627 1897 1637 1914 ι
1656 1888 1722 1916 Nam
1738 1897 1800 1917 sen-

1016 1932 1093 1959 sibus
1107 1932 1297 1966 plurimumet
1320 1933 1454 1960 memoria
1482 1934 1583 1966 valent,
1612 1935 1659 1962 ubi
1681 1935 1797 1970 primum

1016 1981 1080 2003 nata
1108 1975 1222 2003 fuerint.
1252 1976 1337 2004 Docet
1353 1977 1445 2012 itaque
1479 1979 1572 2012 pisces
1600 1979 1709 2013 quidem
1736 1988 1799 2008 esse

1016 2023 1176 2050 animatos:
1194 2026 1222 2049 at
1249 2023 1392 2050 terrestria
1418 2023 1548 2050 anitualia
1575 2024 1680 2051 indicat
1697 2025 1800 2053 habere

1017 2067 1123 2095 animas
1138 2076 1154 2094 a
1171 2068 1272 2101 quibus
1292 2068 1419 2096 ordinate
1433 2074 1576 2103 regantur,
1592 2071 1744 2106 eademque
1761 2071 1800 2098 si—

1018 2113 1129 2148 gnilieat
1144 2115 1262 2148 amplius
1281 2114 1433 2149 quidpiam,
1456 2122 1539 2149 quam
1554 2117 1736 2150 vegetativam
1757 2121 1800 2145 te-

175 2171 242 2189 nere
265 2162 396 2189 animam.
418 2161 490 2188 Licet
508 2162 564 2188 sint
591 2161 684 2193 bruta,
703 2166 825 2188 attamen
853 2165 955 2189 norunt
975 2167 1041 2187 voee
1055 2161 1177 2187 naturali
1194 2160 1323 2195 gaudium
1341 2165 1368 2186 et
1381 2160 1522 2187 tristitiam
1545 2163 1640 2188 testari
1658 2170 1665 2188 :
1698 2167 1726 2190 et
1757 2163 1799 2189 in-

174 2210 301 2244 telligunt
314 2210 337 2237 si
357 2217 372 2236 a
388 2217 418 2236 se
438 2209 553 2236 invicem
571 2213 762 2244 segregentur.
785 2213 888 2236 norunt
902 2210 955 2237 cibi
975 2208 1122 2240 defectum,
1156 2211 1258 2235 norunt
1279 2211 1307 2234 et
1335 2207 1504 2235 desiderium
1520 2213 1547 2235 et
1581 2209 1633 2235 alia
1669 2210 1797 2244 plurima.

175 2256 261 2284 Isaias
282 2256 390 2291 inquit:
408 2265 417 2282 ‹
440 2255 574 2290 Cognovit
596 2257 644 2283 bos
662 2264 850 2292 possessorem
865 2264 956 2288 suum,
977 2259 1005 2282 et
1023 2254 1118 2281 asinus
1155 2262 1277 2289 praesepe
1303 2253 1476 2281 dominorum
1497 2262 1611 2282 suorum
1635 2255 1669 2281 ³³.
1693 2263 1703 2280 ›
1738 2254 1797 2282 Non

175 2303 265 2330 solum
284 2309 417 2338 praesepe,
434 2301 483 2328 sed
494 2306 521 2328 et
534 2306 696 2329 consuetam
713 2310 807 2329 vocem
824 2302 960 2337 agnoscit,
980 2301 1110 2335 viamque
1120 2308 1174 2334 qua
1190 2301 1251 2333 ivit,
1268 2304 1299 2328 ut
1316 2300 1404 2335 possit
1420 2308 1468 2335 per
1484 2300 1556 2328 hanc
1589 2302 1691 2329 ducere
1723 2310 1797 2334 eum,

174 2351 222 2386 qui
241 2351 289 2377 illo
306 2350 424 2377 vehitur.

216 2395 324 2430 Ἐξάγει
335 2396 362 2422 δὲ
371 2396 461 2431 ψυχὴν
472 2405 488 2431 η
498 2396 546 2430 γῆ,
562 2397 606 2423 ἵνα
623 2396 711 2432 μάθῃς
724 2396 855 2431 διαφορὰς
871 2396 961 2431 ψυχῆς

1047 2391 1188 2427 Depromit
1214 2397 1306 2419 autem
1335 2396 1408 2418 terra
1431 2393 1566 2421 animam.
1591 2398 1619 2418 ut
1643 2400 1716 2421 scias
1736 2401 1798 2429 quae

175 2442 289 2476 κτήνους
301 2442 346 2467 καὶ
357 2442 445 2476 ψυχῆς
453 2441 597 2477 ἀνθρώπου
605 2450 612 2456 ’
624 2441 727 2476 γεώδης
737 2442 790 2476 γὰρ
800 2442 815 2475 ἡ
826 2441 880 2467 τών
895 2441 958 2469 ἁλό-

174 2495 232 2520 γων
241 2487 286 2512 καὶ
294 2487 334 2517 εἰς
341 2486 393 2520 γῆν
401 2487 551 2513 διαλύεταιπ
561 2487 627 2522 φησὶ
638 2487 702 2522 γὰρ,
713 2487 764 2518 ὡς(
777 2487 880 2517 Παντὸς
889 2486 958 2518 (tum

174 2534 192 2569 ή
202 2533 276 2568 ψυχὴ
284 2534 313 2559 τὺ
328 2530 398 2567 αἷμα
412 2533 493 2559 αὑτοῦ
505 2534 578 2559 ἐστιν
589 2541 596 2548 ·
615 2543 623 2558 ι
633 2531 702 2567 αἷμα
714 2533 742 2559 δὲ
753 2534 793 2564 εἰς
805 2534 894 2567 σάρκα
908 2534 960 2569 πή-

173 2585 283 2611 γνυται·
294 2578 311 2611 ἡ
323 2577 352 2603 δὲ
364 2577 508 2611 φθαρεῖσα,
518 2578 557 2608 εἰς
570 2577 622 2610 γῆν
635 2576 790 2602 ἀναλύεται·
806 2584 960 2611 συνεσπαρ-

174 2625 257 2657 μέναι
271 2623 326 2657 γάρ
343 2623 396 2648 εισι
409 2623 465 2653 τοῖς
476 2622 598 2656 σώμασιν
607 2622 696 2648 αὐτῶν
708 2622 838 2656 αίψυχαὶ,
847 2621 907 2647 ὅθεν
916 2621 964 2647 καὶ

174 2668 400 2703 ωμφθεὶρονται·
410 2667 444 2700 γῆ
453 2667 506 2702 ἄρα
515 2667 569 2693 τῶν
578 2667 683 2701 κτηνῶν
690 2668 707 2701 ἡ
717 2666 801 2702 ψυχή·
812 2666 862 2692 κᾶν
870 2666 963 2697 παῑδες

171 2712 432 2747 ὑθλῶσινἚλλήνων
445 2713 669 2748 μετεμψυχώεεις
677 2714 743 2748 ήμϊν
754 2712 961 2747 φανταζόμενον

171 2760 280 2791 τούτοις
291 2760 319 2786 δὲ
337 2759 501 2795 παρεοίκαςι
525 2759 572 2785 καὶ
589 2759 614 2784 οἰ
635 2760 683 2790 τὰς
699 2759 773 2790 Θείας
784 2759 895 2793 Γραφόις
915 2767 961 2785 σε-

124 2806 127 2808 ’
175 2807 315 2841 μνοποιεῑν
341 2805 503 2840 νομίσαντες
518 2805 547 2830 ὲν
573 2804 613 2838 τῷ
641 2804 780 2836 διακένους
797 2804 961 2840 ἀλληγορίας

208 2897 231 2913 ⁸¹
255 2899 324 2926 Gen.
339 2905 377 2925 ιι.
396 2895 423 2922 7.
461 2895 484 2911 ⁸³
501 2894 556 2922 lsa.
580 2902 606 2926 ι,
621 2894 646 2921 5.

339 2945 472 2976 Ρλτιιοιι.
494 2942 552 2973 Gn.
575 2941 746 2972 LXXXVII.

739 2895 761 2910 “
777 2894 863 2922 Levil.
880 2903 944 2928 Χνμ,
964 2896 1003 2922 il.

1017 2441 1054 2467 sit
1075 2439 1230 2466 differentia
1253 2439 1326 2466 inter
1347 2439 1466 2465 animam
1486 2439 1606 2466 hominis
1624 2444 1651 2466 et
1667 2440 1795 2474 jumenti.

1019 2486 1116 2513 Anima
1133 2486 1275 2512 brutorum
1295 2487 1402 2511 terrena
1428 2489 1482 2514 est.
1498 2490 1526 2511 et
1544 2486 1570 2512 iu
1587 2490 1686 2513 terram
1708 2487 1796 2514 resol-

1013 2533 1095 2558 vitur.
1110 2531 1178 2558 Nam
1194 2532 1251 2558 ait:
1272 2541 1282 2556 ι
1298 2530 1396 2558 Omnis
1412 2531 1561 2558 animantis
1575 2532 1664 2558 anima
1683 2533 1797 2567 sanguis

1013 2578 1074 2613 ejus
1086 2582 1128 2605 est
1140 2578 1173 2604 ⁸⁵.
1195 2588 1204 2604 ι
1222 2577 1324 2604 Verum
1339 2578 1453 2612 sanguis
1469 2577 1495 2604 in
1510 2585 1620 2605 carnem
1641 2579 1797 2606 concrescit

1012 2629 1038 2650 et
1063 2622 1259 2650 condensatur.
1287 2622 1387 2648 Anima
1408 2622 1452 2648 tibi
1482 2621 1564 2649 fuerit
1593 2627 1735 2657 corrupta,
1767 2623 1795 2649 in

1012 2673 1113 2695 terram
1123 2668 1306 2695 convertitur.
1316 2667 1421 2694 Animae
1431 2668 1504 2695 enim
1518 2668 1660 2694 brutorum
1675 2668 1796 2702 undique

1012 2714 1122 2741 illorum
1145 2714 1310 2748 corporibus
1335 2718 1400 2741 sunt
1425 2714 1564 2748 implicitae
1584 2719 1611 2741 et
1636 2717 1794 2741 consertae:
1837 2708 1839 2711 ’

1012 2765 1181 2796 quapropter
1201 2768 1254 2787 una
1270 2768 1331 2788 cum
1357 2761 1521 2796 corporibus
1538 2761 1689 2788 interemit.
1706 2760 1795 2788 Mani-

1010 2806 1110 2834 festum
1128 2807 1222 2842 itaque
1239 2811 1293 2839 est,
1311 2806 1501 2841 iumentorum
1531 2807 1639 2835 animas
1654 2807 1724 2834 nihil
1741 2805 1793 2833 nisi

1559 2939 1578 2969 h-
