2072 3157
269 171 319 205 107

926 173 1087 204 PROCOPI
1091 173 1104 203 Ι
1124 173 1246 204 GAZzEI

1853 170 1903 203 108

267 232 369 255 terram
382 234 455 260 esse,
467 226 532 255 licet
546 227 704 255 Graecorum
722 227 769 255 ﬁlii
783 227 879 256 nescio
891 235 960 263 quas
977 228 1057 255 nobis

1112 229 1175 263 ἡμῖν
1206 226 1436 259 ἀναπλάττεσθαι,
1452 226 1502 258 τὰς
1526 225 1594 257 ἰδίας
1609 225 1723 258 ἐννοίας,
1738 224 1795 254 ἀλλ’
1808 225 1839 252 οὖ
1854 227 1905 262 τὴν

268 275 368 302 stultas
393 273 596 309 palingenesias
612 273 783 309 conﬁngant.
810 273 858 302 His
881 274 953 300 haud
974 273 1058 301 dissi-

267 320 349 347 miles
364 325 439 351 sunt,
453 320 500 354 qui
520 324 617 354 putant
637 327 667 348 se
691 321 786 348 nescio
801 328 883 355 quam
904 320 1059 347 veneratio-

268 374 330 393 nem
352 367 474 393 tribuere
506 366 658 400 Scriptura:
676 373 774 398 sacrae,
800 366 865 393 dum
884 373 970 394 vanas
992 367 1059 393 alle-

267 413 361 447 gorias
376 412 491 446 lingunt,
505 412 606 446 quibus
617 419 682 439 suas
700 412 894 447 cogitationes,
912 420 967 439 non
983 412 1059 439 Scri-

267 463 377 493 pturam
406 465 514 485 sacram
549 458 715 486 conﬁrment
742 463 769 486 et
801 459 945 486 roborent.
972 459 1060 487 Nemo

268 504 380 531 iucuset
394 505 490 536 Deum,
505 504 579 538 quod
599 508 731 531 venenata
746 507 772 531 et
786 504 912 532 lethifera
930 506 1059 532 animalia

267 551 383 578 creavit.
400 549 529 577 Nostram
547 550 619 577 enim
635 550 858 578 incredulitatem
877 552 1001 578 nonnihil
1016 552 1060 586 ju-

268 600 344 624 vant.
361 596 390 624 Si
405 596 496 623 omnis
515 604 577 630 spes
593 600 638 623 Iua
654 601 681 624 et
700 596 799 624 fiducia
815 598 843 624 in
862 598 920 625 solo
936 597 992 625 Deo
1010 597 1059 625 tibi

269 643 321 671 sita
338 647 392 674 est.
410 652 419 668 ι
440 642 529 676 Super
547 642 670 677 aspidem
687 647 715 669 et
732 642 894 670 basiliscum
916 644 1035 671 .incedrs
1052 653 1058 670 :

269 694 296 716 et
313 689 434 716 calcabis
453 688 562 715 leonem
581 692 609 715 et
625 688 773 716 draconem
791 688 825 721 ⁸³,
846 698 856 714 ι
881 690 1061 723 quemadmo-

269 735 334 762 (lum
361 742 477 770 magnus
505 734 619 767 Paulus,
642 735 689 769 qui
719 735 785 762 nillil
809 736 873 762 mali
902 739 1008 771 accepit
1027 745 1060 763 ex

269 781 401 808 maleﬁca:
426 781 526 816 vipera:
552 789 648 808 morsu
660 781 692 808 ⁸⁸.
720 780 750 808 Si
775 781 935 810 incredulus
962 782 1059 814 fueris,

269 834 325 854 non
355 826 471 853 bestiam
500 827 583 856 time.
606 829 698 853 metue
723 831 798 853 tuam
828 827 1059 862 im'redulitatem,

269 878 381 908 propter
397 880 479 907 quam
496 872 634 899 obnoxius
652 879 682 899 es
692 872 766 898 omni
781 873 938 908 perditioni.
957 872 984 899 Si
997 874 1060 908 quis

1113 275 1190 302 θείαν
1206 274 1355 310 κυροῦντες
1369 274 1491 309 Γραφήν.
1513 272 1683 307 Ἐγκαλείτω
1702 273 1730 299 δὲ
1756 274 1849 308 μηδεὶς
1863 273 1903 310 τῷ

1113 320 1183 355 Θεῷ,
1204 319 1238 345 τὰ
1259 319 1348 345 ἰοδὸλα
1370 319 1427 351 ζῶα
1450 318 1597 354 προφέρων
1620 317 1668 344 καὶ
1685 317 1834 352 φθαρτικὰ.
1853 319 1903 354 τὴν

1113 366 1243 392 ἀπιστίαν
1256 364 1334 400 ἡμῶν
1358 365 1559 400 σωφρονίζοντα
1571 372 1578 379 ’
1592 365 1616 390 ει
1636 365 1690 400 γὰρ
1711 365 1843 396 πέποιθας
1858 366 1904 392 ἐπὶ

1113 411 1227 447 Κύριον,
1250 421 1259 437 ι
1281 411 1343 437 Ἐπὶ
1354 411 1454 438 ἀσπίδα
1473 411 1520 437 καὶ
1541 410 1697 445 βασιλισκον
1709 411 1839 447 ὲπιεήσῃ,
1857 412 1904 438 καὶ

1113 458 1321 492 καταπατήσεις
1335 457 1432 484 λέοντα
1454 456 1502 483 καὶ
1516 456 1653 490 δράκοντα
1663 464 1671 472 ⁸
1691 465 1700 482 ι
1720 454 1776 488 οἷος
1789 458 1803 483 ὁ
1818 458 1904 492 μέγας

1115 502 1231 535 Παῦλος,
1242 503 1325 538 μηδὲν
1339 503 1371 529 ἐκ
1381 503 1430 537 τῆς
1441 502 1576 538 δακούσης
1591 503 1672 528 αὑτὸν
1681 502 1785 538 ἐχίδνης
1798 503 1902 529 παθών·

1114 549 1237 576 ἀπιστῶν
1251 549 1278 575 δὲ
1291 549 1328 584 μὴ
1341 549 1371 575 τὸ
1384 548 1478 584 θηρίον
1493 548 1586 583 φοϐοῦ,
1602 549 1651 584 τὴν
1665 549 1694 576 δὲ
1710 550 1759 584 σὴν
1775 550 1905 576 ἀπιστίαν

1113 596 1147 622 δι’
1161 596 1193 630 ἢν
1209 595 1345 627 εὐάλωτος
1369 596 1443 630 πάσῃ
1464 595 1608 630 τυγχάνεις
1622 596 1719 631 φθορᾷ.
1736 596 1791 631 Τῆς
1806 597 1834 624 δὲ
1848 597 1903 623 τῶν

1115 641 1192 673 ζώων
1208 641 1351 676 ὑπάρξεως
1368 640 1398 667 τὺ
1408 641 1544 676 χρήσιμον
1559 642 1756 676 ἐρευνώμενος,
1775 641 1850 678 εὖροι
1862 652 1904 674 τις

1089 721 1091 724 _
1115 689 1148 715 ἂν
1158 687 1205 714 τοῦ
1225 688 1274 721 μὲν
1290 688 1321 714 τὺ
1337 688 1441 723 ἥμερον
1453 687 1596 714 συντελοῦν
1610 689 1666 718 τοῖς
1679 687 1844 722 ἀνθρώποις,
1861 690 1907 715 ὲν-

1113 734 1214 769 τρέπον
1227 734 1272 760 τὸν
1297 734 1407 769 θυμώδη
1423 735 1469 760 καὶ
1492 734 1590 769 ἄγριον
1601 742 1607 749 ·
1623 734 1670 760 τοῦ
1691 734 1720 761 δὲ
1732 735 1762 761 τὸ
1777 735 1907 770 ἐπιμελὲς

1114 780 1162 806 καὶ
1173 779 1372 815 φροντιστικὸν,
1389 779 1522 814 διεγεῖρον
1547 780 1593 805 τον
1616 779 1725 815 ἀμελῆ·
1743 779 1790 806 καὶ
1809 782 1842 806 τά
1857 780 1906 815 μὲν

1115 827 1154 858 εἰς
1173 825 1363 860 σωφροσύνην,
1377 826 1410 852 τὰ
1424 826 1452 851 δὲ
1469 825 1647 852 συντελοῦντα
1662 826 1729 861 πρὶς
1747 826 1847 859 γονέων
1864 835 1905 852 τι-

1116 873 1170 908 μήν
1183 880 1189 887 ·
1203 873 1250 898 καὶ
1270 872 1338 904 ὅλως
1356 873 1387 899 ἐκ
1404 871 1452 898 τοῦ
1468 872 1611 904 ἐλάττονος
1624 872 1670 898 τὸν
1685 873 1745 898 κατ’
1760 872 1852 899 εἰκόνα
1864 881 1907 906 γε·

270 920 402 947 attentius
420 919 537 946 rimetur
550 923 654 954 quanta
675 919 781 946 utilitas
806 920 873 946 insit
890 920 979 947 brutis
996 920 1058 947 aui—

1112 919 1220 953 νόμενον
1234 919 1263 944 ὲν
1272 915 1312 949 οἷς
1321 918 1417 952 άμελεῖ
1426 917 1629 953 διορθούμενον.
1642 918 1719 945 Μετὰ
1734 918 1763 944 δὲ
1775 919 1804 944 τὸ
1816 920 1906 944 εἰπεῖν

269 966 400 997 malibus.
430 965 551 993 inveniet
576 965 659 1000 hujus
686 965 927 993 mansuetudinem
952 972 979 994 et
1005 968 1062 994 cle-

269 1012 403 1039 mentiam
420 1015 545 1038 nostram
569 1011 724 1045 reprimere
746 1011 895 1043 feritatem,
911 1011 1033 1039 furorem
1052 1022 1059 1039 :

269 1058 383 1087 alterius
411 1065 505 1085 curam
533 1063 560 1084 et
589 1057 766 1085 sedulitatem
788 1062 911 1085 nostram
937 1060 1061 1087 exeitare

268 1104 475 1140 negligentiam.
488 1103 618 1137 Quaedam
631 1105 763 1131 animalia
786 1106 998 1140 temperantiam
1015 1114 1061 1133 co-

269 1149 341 1182 lunt,
356 1149 482 1184 quaedam
501 1149 665 1182 parentibus
681 1149 815 1177 honorem
834 1150 942 1177 deferre
957 1150 1059 1178 sciunt.

269 1194 303 1222 Et
321 1200 350 1222 ut
375 1195 505 1226 breviter.
527 1194 595 1229 quid
615 1195 746 1228 sentiam,
776 1196 934 1230 explanem,
952 1205 1061 1232 semper

268 1249 284 1269 a
304 1242 451 1268 vilioribus
464 1242 488 1268 is
502 1241 549 1276 qui
567 1241 601 1268 ad
623 1241 771 1276 imaginem
791 1242 838 1269 Dei
856 1244 992 1270 l'ormatus
1006 1249 1058 1276 est,

269 1287 395 1319 docetur,
422 1291 449 1315 et
475 1286 508 1313 ad
536 1286 708 1322 diligentiam
734 1287 878 1314 incitatur.
911 1288 1060 1323 Postquam

269 1333 337 1360 dixit
365 1332 500 1367 «reptilia,
517 1332 620 1359 bestias
636 1335 662 1358 et
672 1331 807 1366 jumenta,
824 1337 888 1365 etc.,
905 1342 915 1358 ›
927 1333 961 1360 ad
975 1339 1058 1361 totam

268 1377 341 1404 hanc
357 1377 491 1404 orationis
504 1376 604 1404 seriem
615 1375 737 1404 addidit:
751 1386 762 1402 ι
774 1381 801 1404 et
814 1378 921 1412 rcptilia
935 1382 1026 1411 teme,
1047 1388 1057 1405 ι

269 1431 325 1459 quo
336 1424 446 1451 nomine
458 1423 550 1450 omnia
567 1427 724 1458 vocat,qu:e
739 1431 821 1458 super
832 1428 934 1452 terram
954 1425 1059 1458 vivunt,

1115 964 1234 999 «ἑρπετὰ
1250 964 1297 991 καὶ
1309 963 1392 999 θηρία
1406 964 1453 990 καὶ
1465 964 1563 999 κτήνη,
1586 974 1595 989 ι
1610 964 1677 999 πρὸς
1690 965 1720 990 τὸ
1733 964 1848 990 καθόλου
1861 964 1907 990 τὸν

1110 1009 1189 1043 λόγον
1209 1010 1348 1043 ἀνήγαγεν
1366 1009 1452 1036 εἰπὼν
1464 1029 1471 1039 .
1492 1018 1500 1035 ι
1517 1011 1563 1036 καί
1582 1009 1670 1036 πάντα
1684 1011 1719 1036 τὰ
1739 1010 1842 1045 ἑρπετὰ
1857 1009 1906 1044 τῆς

1110 1056 1177 1090 γῆς·
1199 1065 1208 1081 ι
1229 1055 1300 1082 οὕτω
1313 1055 1402 1082 πάντα
1420 1056 1538 1087 καλέσας
1551 1056 1585 1081 τὰ
1601 1056 1648 1082 ἐπὶ
1663 1056 1712 1091 τῆς
1723 1057 1773 1091 γῆς
1795 1056 1905 1082 διαιτώ-

1112 1111 1190 1137 μενα,
1209 1102 1307 1138 καὶμὴ
1326 1103 1537 1137 μετεωροποιεῐν
1554 1103 1626 1128 κατὰ
1639 1102 1688 1138 τὴν
1705 1102 1758 1128 τῶν
1774 1102 1905 1128 πετεινῶν

1111 1149 1191 1183 φύσιν
1209 1149 1366 1182 δυνάμενα·
1394 1149 1461 1183 φησὶ
1488 1148 1531 1174 δέ·
1554 1157 1563 1174 ι
1586 1149 1641 1174 Καὶ
1660 1146 1730 1175 εἶδεν
1745 1149 1759 1174 ἁ
1782 1148 1847 1179 Θεὸς
1863 1149 1905 1175 ὅτι

1110 1195 1191 1227 καλὰ,
1213 1204 1222 1220 ι
1243 1195 1299 1221 ἀλλ’
1318 1195 1349 1221 οὺ
1371 1194 1452 1221 καλὸν
1473 1195 1569 1226 ἑνικῶς
1591 1194 1628 1226 ὡς
1651 1195 1697 1220 ἐπὶ
1715 1194 1768 1220 τῶν
1794 1194 1904 1229 φωστὴ-

1111 1249 1187 1277 ρων·
1206 1241 1247 1267 ὅτι
1262 1242 1286 1267 εἰ
1304 1242 1352 1268 καὶ
1377 1241 1469 1267 πολλοὶ
1493 1241 1647 1276 φωστῆρες.
1667 1240 1725 1268 ἀλλ’
1743 1241 1802 1272 ἑνὸς
1816 1241 1905 1275 φωτὸς

1110 1287 1158 1313 καὶ
1172 1286 1222 1321 τῆς
1242 1287 1327 1321 αὐτῆς
1345 1286 1466 1318 ἅπαντες
1480 1287 1574 1321 χρείας
1587 1295 1594 1302 ⁸
1620 1287 1749 1321 φωτίζειν
1771 1288 1826 1322 γὰρ
1841 1287 1904 1313 ἑτά-

1112 1331 1233 1366 χθησαν·
1260 1332 1306 1357 ἐπὶ
1331 1332 1359 1357 δὲ
1375 1331 1428 1358 τῶν
1446 1332 1566 1367 ἐνύδρων
1587 1340 1617 1358 τε
1637 1332 1684 1358 καὶ
1704 1332 1835 1358 πετεινῶν
1858 1331 1905 1358 καὶ

1113 1379 1259 1414 χερσαίων,
1286 1379 1314 1404 ἐν
1336 1378 1444 1413 ἑκάστῳ
1465 1378 1539 1412 γένει
1560 1378 1647 1404 πολλὰ
1664 1378 1698 1405 τὰ
1725 1378 1840 1413 διάφοροι
1860 1379 1906 1404 καὶ

1114 1424 1239 1460 ποικίλην
1251 1424 1307 1459 ἔχει
1323 1424 1372 1458 τὴν
1390 1424 1518 1459 θεωρίαν.

269 1475 299 1498 et
316 1474 457 1505 nequeunt
475 1469 503 1495 in
521 1469 607 1495 altum
624 1468 743 1501 evolare,
767 1469 849 1496 sicuti
866 1470 957 1497 solent
982 1478 1058 1498 aves.
1080 1469 1113 1496 Et
1131 1470 1188 1497 ait:
1208 1478 1220 1496 π
1243 1468 1316 1497 Vidit
1340 1469 1413 1496 Deus
1427 1468 1501 1503 quod
1541 1473 1632 1496 essent
1658 1468 1786 1504 pulchra.
1805 1477 1814 1494 ›
1847 1467 1905 1495 lloc

270 1519 331 1545 loco
347 1522 414 1542 usus
437 1519 478 1542 est
497 1521 614 1541 numero
637 1514 753 1549 plurali.
773 1518 802 1541 ut
831 1515 976 1550 singulari,
994 1523 1057 1542 cum
1077 1515 1240 1551 loqueretur
1259 1516 1293 1543 de
1313 1515 1506 1542 luminaribus.
1522 1513 1607 1542 Recte
1641 1516 1808 1550 singularem
1852 1523 1905 1541 nu-

271 1569 378 1589 merum
391 1560 611 1587 accommodavit
630 1561 750 1587 sermoni
766 1561 1007 1589 delnminaribus.
1035 1561 1105 1589 Nam
1130 1563 1182 1590 etsi
1208 1567 1286 1590 astra
1314 1567 1342 1590 et
1359 1562 1504 1589 luminaria
1530 1562 1648 1597 plurima
1680 1563 1752 1594 sint,
1783 1566 1904 1588 attamen

269 1608 364 1635 eadem
381 1608 506 1634 omnium
524 1614 586 1634 cum
609 1606 658 1633 lux
673 1611 730 1633 tum
751 1607 859 1634 utilitas
874 1611 929 1640 est,
954 1608 1062 1636 scilicet
1081 1615 1111 1636 ut
1122 1609 1211 1636 lucem
1228 1609 1368 1644 praebeant
1386 1610 1489 1635 mundo
1504 1609 1642 1635 instituta.
1677 1607 1706 1635 In
1739 1608 1905 1643 aquatilibus

269 1662 334 1682 vero
351 1658 378 1681 et
391 1653 574 1680 terrestribus
592 1653 761 1682 animalibus
778 1654 804 1681 in
827 1662 994 1690 unoquoque
1013 1663 1113 1691 genere
1151 1657 1278 1691 plurima
1301 1657 1397 1683 insunt
1430 1655 1602 1688 diﬂ‘erentiae,
1634 1659 1661 1683 et
1695 1655 1907 1690 contemplatio-

269 1708 332 1729 nem
344 1700 447 1727 habent
460 1699 532 1726 haud
550 1700 704 1735 vulgarent.

307 1747 388 1774 Vnus.
404 1746 449 1773 26.
471 1745 598 1780 Dixitque
615 1745 706 1772 Deus:
722 1744 865 1773 Faciemus
881 1746 1013 1774 hominem
1032 1748 1059 1775 in

1146 1748 1200 1775 Καὶ
1216 1745 1330 1775 εἴπενὸ
1353 1747 1442 1779 Θεός·
1470 1746 1648 1781 Ποιήσωμεν
1669 1745 1820 1779 ἅνθρωποι
1842 1742 1907 1772 κατ’

269 1794 387 1828 imagine
407 1797 502 1820 nostra
523 1791 671 1818 secundum
694 1792 902 1819 similitudinem
927 1798 1059 1821 nostram.

270 1839 340 1871 Etsi,
357 1845 418 1873 qua:
442 1837 559 1864 antehac
578 1836 651 1863 dicta
676 1841 757 1869 sunt,
778 1844 840 1864 cum
867 1839 927 1864 ait:
960 1847 969 1863 ι
986 1838 1062 1866 Dixit

270 1885 355 1916 Deus,
372 1888 438 1915 etc.,
455 1892 464 1908 ι
483 1890 539 1909 non
561 1881 596 1909 ad
610 1881 708 1909 Filium
721 1882 828 1917 prolata
842 1890 904 1910 esse
924 1883 1063 1919 intelliga-

271 1938 346 1963 mus,
362 1930 409 1957 sed
422 1928 510 1964 magis
529 1928 615 1955 Deum
629 1928 809 1964 semetipsum
824 1936 885 1956 esse
900 1929 1061 1961 allocutum,

272 1977 354 2004 sicuti
377 1975 464 2002 Judaei
493 1978 655 2006 autumant,
676 1975 804 2010 persuasi
835 1975 883 2002 illo
909 1975 1063 2011 Scriptura:

270 2022 404 2057 eloquio:
423 2030 432 2046 ι
451 2021 512 2054 lpse
529 2021 607 2053 dixit.
631 2020 691 2055 ipse
706 2024 733 2048 et
760 2021 836 2054 fecit,
856 2031 866 2048 ι
879 2025 944 2054 etc.,
971 2027 1061 2050 tamen

270 2075 345 2095 nunc
362 2071 392 2094 nt
406 2074 529 2103 praesens
541 2071 636 2094 monet
645 2066 733 2098 locus.
748 2067 801 2094 alia
817 2068 869 2094 erit
882 2069 964 2094 ratio.
980 2067 1060 2100 Quis.

271 2114 352 2146 cedo,
370 2113 466 2140 artifex
486 2120 579 2140 secum
597 2113 638 2140 sic
651 2112 796 2148 loquitur:
821 2111 977 2144 Faciemus,
993 2118 1060 2145 etc.,

271 2159 379 2186 nullum
393 2157 625 2185 collaboratorem
637 2158 776 2185 sortitus?
791 2156 894 2185 Verum
909 2158 952 2184 hic
966 2158 1061 2186 locus:

275 2214 284 2229 ι
301 2203 445 2230 Faciemus
459 2203 598 2230 hominem
614 2202 640 2229 in
654 2202 772 2238 imagine
786 2208 894 2236 nostra,
910 2204 1061 2230 secundum

272 2249 479 2277 similitudinem
507 2253 642 2280 nostram,
662 2257 672 2274 ι
695 2248 994 2280 etc.,adversariornm
1013 2257 1061 2277 ora

271 2295 381 2331 penitus
407 2294 537 2322 obstruit.
568 2293 650 2321 Prius
675 2298 767 2321 tamen
794 2302 876 2329 quam
899 2295 1059 2330 singulatim

273 2348 424 2370 tractemus
448 2341 570 2368 hominis
594 2341 784 2371 creationem,
816 2348 907 2375 operas
943 2343 1060 2375 pretium

272 2389 349 2420 duxi,
359 2387 489 2418 crimina,
499 2394 564 2421 quae
577 2386 704 2413 Creatori
721 2385 896 2420 objecluntur
910 2387 962 2413 hac
980 2387 1006 2413 in
1021 2395 1061 2418 re,

1113 1795 1215 1821 εἰκόνα
1227 1793 1374 1828 ἡμετέραν
1388 1792 1437 1819 καὶ
1452 1793 1516 1819 καθ’
1533 1793 1688 1826 ὁμοίωσιν.
1702 1792 1734 1817 Εἰ
1747 1790 1795 1818 καὶ
1810 1791 1844 1817 τὰ
1854 1791 1907 1826 πρὸ

1112 1840 1216 1867 τούτων
1228 1839 1307 1875 ῥητὰ,
1319 1840 1347 1865 ἐν
1360 1836 1401 1871 οἷς
1417 1847 1525 1874 (pr,an
1540 1837 1626 1865 Εἶπεν
1639 1840 1652 1865 ὁ
1667 1838 1763 1870 Θεὸ;,›
1786 1838 1822 1873 μὴ
1839 1838 1907 1873 πρὸς

1111 1888 1159 1913 τὸν
1171 1887 1234 1914 Υῐὸν
1248 1885 1375 1922 εἰρῆσθαι
1386 1886 1540 1921 νοήσωμεν,
1556 1885 1614 1912 ἀλλ’
1625 1885 1708 1912 αὐτοῦ
1727 1885 1795 1920 πρὸς
1810 1885 1906 1912 ἑαυτὸν

1112 1933 1306 1969 διαλεγομένου
1342 1932 1422 1965 Θεοῦ,
1441 1931 1513 1958 καθὰ
1534 1932 1581 1958 καὶ
1610 1931 1730 1958 Ἰουδαῖοί
1762 1940 1845 1966 φασι,
1863 1931 1907 1958 λέ-

1112 1988 1218 2014 γοντες,
1228 1979 1265 2011 ὡς
1278 1989 1287 2005 ι
1301 1978 1385 2010 Αὐτὸς
1400 1977 1490 2009 εἶπεν,
1507 1978 1589 2009 αὐτὸς
1605 1979 1652 2005 καὶ
1669 1978 1806 2012 Eminus,»
1818 1978 1906 2004 καίτοι

1112 2027 1153 2058 τίς
1163 2027 1290 2061 τεχνίτης
1307 2025 1395 2060 ἑαυτῷ
1409 2025 1493 2059 λέγει,
1512 2025 1698 2059 Ποιήσωμεν,
1718 2025 1847 2060 συνεργὸν
1862 2025 1907 2051 οὺ-

1112 2073 1175 2100 δένα
1203 2071 1310 2107 λαχών;
1333 2071 1391 2097 ἀλλ’
1412 2069 1458 2097 οὖν
1477 2071 1508 2097 τὸ
1525 2071 1613 2106 παρὸν
1640 2071 1695 2098 πᾶν
1722 2071 1904 2106 ἀποφράττει,

1116 2127 1125 2143 ι
1149 2119 1311 2153 Ποιήσωμεν
1327 2117 1473 2153 ἄνθρωπον
1492 2118 1551 2144 κατ’
1581 2117 1674 2144 εἰκόνα
1700 2118 1838 2153 ἡμετέραν
1858 2117 1904 2144 καὶ

1113 2165 1173 2191 καθ’
1190 2164 1331 2199 ὁμοίωσιν.
1351 2172 1360 2188 ι
1389 2163 1458 2199 Πρὶν
1483 2163 1517 2189 τὰ
1537 2163 1610 2190 κατὰ
1635 2163 1719 2199 μέρος
1738 2165 1825 2190 εἰπεῖν
1841 2163 1904 2198 περὶ

1112 2211 1162 2246 τῆς
1179 2210 1323 2247 ἀνθρώπου
1337 2211 1485 2245 ποιήσειας,
1496 2210 1645 2244 ἀναγκαῖον
1660 2210 1768 2245 πρῶτον
1780 2210 1903 2236 διαλῦσαι

1112 2257 1147 2283 ’τὰ
1159 2257 1213 2283 τῶν
1228 2257 1266 2292 τῷ
1278 2255 1445 2292 Δημιουργῷ
1462 2256 1647 2291 μεμφομένων
1661 2255 1832 2291 ἐγκλήματα,
1851 2265 1888 2292 μη

1112 2302 1157 2328 δὲν
1180 2302 1235 2329 τῶν
1270 2301 1507 2336 ἐκκλησιαστικῶν
1540 2301 1719 2337 παρεξιόντας
1745 2302 1903 2336 δογμάτων·

1113 2349 1180 2383 φασὶ
1201 2350 1254 2384 γάρ
1267 2356 1275 2363 ·
1291 2348 1430 2384 Προειδὼς
1440 2348 1529 2379 όΘεὸς
1542 2348 1588 2375 τὸν
1611 2348 1697 2383 Ἀδὰμ
1712 2349 1758 2374 καὶ
1772 2348 1816 2375 τὸν
1836 2349 1903 2375 Κάῖν

1113 2394 1160 2419 καὶ
1171 2394 1233 2424 τοὺς
1248 2392 1396 2428 μέλλοντας
1411 2393 1538 2427 γενέσθαι
1550 2393 1665 2424 κακοὺς,
1678 2393 1704 2418 τί
1717 2393 1828 2424 τούτους
1843 2393 1905 2428 ἐδη-

272 2435 378 2462 diluere
398 2440 509 2469 semper
533 2432 606 2459 intra
624 2431 880 2459 ecclesiasticorum
902 2433 1060 2468 dogmatum

1115 2439 1283 2475 μιούργησεν
1305 2439 1406 2474 ἀγαθὸς
1429 2439 1486 2472 div;
1501 2439 1595 2474 ὥσπερ
1610 2439 1753 2474 ἐπιθυμῶν
1770 2439 1842 2475 ἔχειν
1858 2439 1906 2472 οὓς

271 2481 374 2508 limites
388 2479 556 2507 consistens.
575 2480 608 2505 At
624 2478 665 2505 sic
681 2478 816 2511 objiciunt
829 2479 905 2513 impii
918 2479 1038 2506 haeretici
1052 2488 1059 2506 :

273 2526 301 2554 Si
317 2526 390 2554 Deus
411 2525 597 2561 praecognovit
616 2524 750 2552 Adamum
765 2528 794 2551 et
810 2524 925 2552 Cainum
952 2533 1061 2553 necnon

272 2574 341 2601 alios
354 2573 457 2600 malitia
478 2573 659 2607 depravatum
672 2573 717 2606 iri,
734 2580 818 2607 quare
843 2572 902 2607 ipse
917 2573 963 2608 qui
987 2581 1062 2600 sum-

271 2627 346 2648 mum
366 2620 466 2647 bonum
491 2624 552 2652 est,
578 2626 628 2646 eos
656 2618 781 2646 creavit?
805 2618 884 2646 Certe
907 2619 1016 2646 videtur
1034 2621 1061 2646 in

271 2666 343 2694 votis
362 2665 504 2697 habuisse,
522 2670 553 2692 ut
566 2664 621 2700 34
634 2668 726 2691 essent
739 2672 809 2699 quos
826 2665 1013 2699 praecipitaret
1032 2667 1059 2694 in

271 2716 405 2739 tartarum
419 2711 519 2739 ibidem
532 2710 672 2746 perpetuis
681 2710 798 2738 ﬂammis
812 2711 1060 2740 cxcarnilicandos.

272 2756 320 2785 llis
336 2758 376 2785 sic
397 2757 620 2792 respondemus:
639 2757 678 2790 Id,
693 2756 766 2791 quod
784 2760 836 2788 est,
853 2765 896 2789 eo,
917 2759 990 2792 quod
1007 2767 1061 2785 non

1110 2485 1142 2521 δὴ
1160 2485 1341 2521 παραπέμψει
1357 2486 1454 2522 γεέννῃ
1465 2495 1495 2512 τε
1511 2486 1559 2512 καὶ
1575 2485 1641 2521 πυρί
1654 2494 1660 2501 ·
1679 2487 1746 2521 πρὸς
1761 2485 1774 2512 ὃ
1796 2486 1904 2522 ῥητέον,

1111 2530 1148 2562 ὼς
1164 2531 1195 2557 τὸ
1205 2529 1274 2558 εἶναι
1290 2531 1336 2558 τοῦ
1352 2532 1389 2566 μὴ
1409 2530 1478 2558 εἶναι
1499 2533 1638 2567 κρεῖττον·
1660 2532 1690 2558 τὸ
1707 2532 1754 2567 μὲν
1770 2532 1824 2567 γὰρ
1838 2531 1904 2564 ἕξις,

1110 2577 1140 2603 τὺ
1153 2576 1182 2603 δὲ
1197 2577 1327 2612 στέρησις
1337 2585 1345 2592 ·
1364 2578 1539 2613 ἀναιρετικαὶ
1555 2577 1583 2604 δὲ
1599 2577 1653 2604 τῶν
1669 2577 1752 2610 ἕξεων
1765 2579 1793 2604 αἱ
1806 2578 1904 2613 στερή-

1112 2632 1168 2655 σεις
1183 2623 1294 2658 ἀγαθῶν
1308 2623 1408 2655 οὐσῶν,
1429 2622 1509 2650 οὖσαι
1529 2623 1628 2650 κακαί·
1654 2623 1752 2650 οὐκοῦν
1765 2623 1905 2658 ἀγαθώτε-

1115 2678 1160 2705 ρον
1172 2671 1202 2696 τὸ
1217 2672 1304 2697 ποιεῖν
1320 2671 1350 2697 τὸ
1364 2670 1394 2696 ὃν
1405 2670 1452 2697 τοῦ
1466 2671 1503 2706 μὴ
1521 2672 1606 2697 ποιεῖν
1619 2678 1625 2685 ·
1640 2670 1678 2702 ὡς
1688 2671 1741 2706 γὰρ
1753 2670 1828 2702 τάξις
1839 2671 1906 2697 ἀτα-

1115 2715 1173 2748 ξίας
1194 2717 1318 2750 κρεῖττον
1332 2736 1338 2745 .
1360 2716 1407 2742 καὶ
1428 2715 1488 2750 ὄψις
1501 2715 1675 2749 τυφλώσεως,
1693 2717 1740 2742 καὶ
1755 2715 1839 2750 ἀρετὴ
1855 2723 1906 2741 κα-

1117 2761 1189 2793 κίας,
1204 2761 1275 2788 οὕτω
1289 2762 1318 2788 τὸ
1328 2761 1358 2788 ὃν
1371 2762 1417 2788 τοῦ
1436 2762 1474 2797 μὴ
1489 2762 1575 2794 ὄντος.

271 2808 326 2836 est,
343 2803 522 2831 excellentius
536 2807 564 2831 et
578 2803 669 2838 potius
688 2805 741 2830 est.
757 2802 828 2830 Illud
845 2803 918 2829 enim
939 2804 1060 2839 habitus,
1081 2805 1197 2834 alterum
1219 2808 1336 2842 privatio
1350 2808 1463 2836 dicitur.
1492 2807 1671 2840 [’rivationes,
1693 2815 1755 2843 qua:
1786 2807 1905 2842 pleran-

308 2895 333 2910 δ’
350 2893 423 2921 Psal.
441 2900 484 2926 xc,
503 2893 546 2920 l5.
585 2893 609 2908 ⁸⁸
624 2893 686 2919 Act.
705 2899 801 2925 xxvm,
817 2893 834 2920 5
847 2901 922 2928 seqq.
