2072 3157
192 168 249 201 109

743 161 1009 194 COMMENTARII
1037 161 1077 191 IN
1098 161 1275 192 GENESIN.

1769 158 1819 190 llO

196 235 252 263 que
267 225 347 253 mala:
363 228 443 258 sunt,
468 223 611 260 perimunt
635 219 747 247 habitus
765 220 811 254 qui
827 219 894 247 boni
909 223 985 247 sunt.
1005 217 1064 244 Non
1079 217 1163 252 igitur
1177 217 1263 244 satius
1279 221 1305 244 et
1319 216 1417 244 melius
1426 219 1467 244 est
1482 220 1511 243 ut
1531 216 1602 244 Deus
1619 216 1692 243 entia
1725 216 1818 251 faciat,

198 262 279 308 quam
298 276 328 298 ιιι
351 277 406 298 non
433 269 533 297 faciat?
553 268 588 296 Ut
616 266 684 295 ordo
707 266 883 297 confusione,
908 265 984 292 visus
1002 264 1135 296 execitate,
1150 263 1237 290 virtus
1251 263 1325 290 vitiis
1345 262 1437 298 potior
1451 266 1495 290 est
1510 271 1517 290 :
1535 262 1594 297 pari
1629 263 1736 291 ratione
1768 271 1819 291 ens

199 327 254 348 non
267 323 330 346 ente
340 317 520 352 praestantius
532 319 586 343 est.
909 331 911 336 .

234 351 400 400 Παρήγοιγεν
422 360 469 389 οὖν
491 362 538 388 τὸν
557 360 700 397 ἄνθρωπον
717 360 731 386 ὁ
744 359 821 390 Θεὸς,
833 358 870 390 ὡς
883 359 985 393 ἀγαθὸς
999 351 1022 379 Α

196 411 232 438 τὰ
245 411 309 437 ὅντα
319 411 351 436 ἐκ
368 409 406 445 μὴ
421 409 506 435 ὄντων
518 406 694 442 δημιουργῶν
706 414 714 422 '
732 407 786 432 πᾶν
801 405 829 431 δε
845 405 876 431 ἐκ
893 404 929 440 μὴ
940 405 986 430 δν-

197 465 243 488 τος
269 455 317 483 τοῦ
345 455 389 482 ἀεὶ
411 454 500 486 ὄντος,
519 454 566 480 καὶ
590 452 696 487 ποίημα
709 451 756 478 τοῦ
770 452 931 486 ποιήσαντος
957 451 986 477 ἰν

196 503 300 530 ἅπασιν
322 501 431 528 ἔλαττον
441 508 448 515 ·
464 501 480 535 ἥ
509 500 559 526 οὐκ
573 498 605 526 ἂν
621 498 666 534 εἴη
681 497 808 532 διαφορά.
833 498 863 524 Εἰ
876 497 904 524 δὲ
917 497 984 529 θεὸς

196 547 331 584 ἄτρεπτός
344 556 373 573 τε
390 547 437 573 καὶ
451 545 632 576 ἀναλλοίωτος
647 545 694 571 καὶ
716 544 796 578 φύσει
813 543 852 570 ὣν
874 543 986 578 ἀγαθὸς,

196 594 230 622 τὸ
242 593 356 628 γενητὸν
369 593 476 626 ἀνάγκη
492 590 553 618 κατ’
566 590 632 617 αὐτὸ
652 590 683 616 τὺ
700 591 732 616 ἐκ
753 590 790 625 μὴ
807 590 891 616 ὅντων
906 587 986 621 εἶναι,

197 640 246 667 καὶ
262 640 293 666 τὺ
307 640 361 666 δεῖν
377 637 554 665 ἐλαττοῦσθαι
569 636 614 663 τοῦ
631 636 756 671 ποιητοῦ,
772 636 890 670 τρεπτὴν
906 633 986 662 εἶναι’

198 687 246 713 καὶ
259 685 340 720 φύσει
355 684 404 719 μὲν
416 684 452 719 μὴ
465 683 541 718 ἔχειν
556 683 585 708 ὲν
599 683 632 717 τῇ
646 682 743 717 γνώμῃ
754 681 785 708 τὸ
795 681 907 715 ἀγαθὸν,
917 680 988 706 κατὰ

197 732 227 759 δὲ
242 730 351 767 μέθεξιν
361 730 412 765 τὴν
428 729 481 755 ἀπὸ
496 728 547 762 τῆς
559 728 692 762 αἱρέσεως
702 734 709 740 ·
726 727 807 761 μὲτος
822 726 875 761 γὰρ
887 727 988 760 ἕστηκε

197 778 265 812 παρ’
278 777 384 807 ἑαυτὸν,
395 775 460 802 ἔνθα
475 774 596 809 βούλοιτο
613 773 701 799 xii-lat
715 772 863 807 δυνάμενος
872 779 880 786 °
893 772 923 799 τὸ
934 772 988 807 γὰρ

198 822 278 849 Θεϊον
291 821 373 854 φύσει
390 820 420 847 ὃν
431 819 544 854 ἀγαθὸν,
565 819 596 845 οὗ
625 819 694 845 κατὰ
711 818 822 853 μέθεξιν
838 817 895 852 ἕχει
911 816 989 843 τοῦτο

197 868 282 895 λαὸόν
292 876 299 883 “
315 866 446 902 μεθεκτδν
460 866 489 892 δὲ
501 865 572 892 κατὰ
582 865 631 899 τὴν
641 864 796 899 ἀγαϐὀτητα
808 864 882 890 πᾶσα
893 863 988 899 λογικὴ

198 913 353 947 καθέστηκε
371 912 469 946 φύσις·
489 911 518 937 ὲν
533 910 561 937 δὲ
581 911 614 945 τῇ
635 910 742 945 μεθέξει
771 909 801 936 τὸ
820 909 919 944 μᾶλλον
943 910 989 935 καὶ

196 956 291 994 ἧττον.
302 959 334 984 ἐκ
344 957 392 984 τοῦ
402 957 445 990 ἐφ’
456 957 533 991 ἡμῖν,
549 955 675 986 ἐπίτασίς
686 964 714 981 τε
726 955 773 981 καὶ
784 955 886 986 ἄνεσις,
903 955 989 988 φυλα-

198 1004 235 1038 κή
253 1011 282 1029 τε
301 1002 348 1029 τοῦ
366 1001 522 1035 κτηθέντος,
538 1003 586 1026 καὶ
599 999 794 1035 ῥᾳθυμούντων
809 999 942 1033 ἀποὸιιῖή.
959 998 990 1024 Εἰ

196 1049 289 1075 ⁶ιεοινυν
305 1048 355 1074 οὐκ
371 1047 424 1073 ἔδει
437 1046 566 1080 γενέσθαι
584 1046 697 1077 κακοὺς,
710 1044 770 1071 οὐδὲ
786 1045 848 1075 τοὺς
859 1044 988 1078 ἀγαθοὺς,

197 1095 259 1122 οὐδὲ
273 1093 358 1128 χωλὸν
372 1091 454 1125 εἶναι,
467 1091 497 1118 τὸ
512 1092 554 1125 ἐφ’
571 1092 646 1125 ἡμῖν,
668 1090 865 1126 περικοπείσης
878 1090 928 1125 τῆς
942 1090 989 1117 θα.

196 1140 281 1174 τέρου
306 1139 466 1173 δυνάμεως·
490 1137 617 1168 οὐσιῶδες
649 1137 702 1171 γὰρ
725 1136 826 1169 ἀγαθὸν
855 1137 934 1171 μόνον
959 1138 990 1163 τὸ

199 1187 296 1213 Θεῖον·
310 1184 325 1211 ὃ
339 1185 386 1211 καὶ
400 1183 480 1218 μόνον
497 1183 581 1210 ἀΐδιον
593 1190 600 1197 ·
617 1182 641 1208 εἰ
652 1182 680 1208 δὲ
698 1182 829 1217 ἀκίνητον
842 1183 940 1213 ἐκεῖνο,
958 1183 989 1209 τὸ

197 1231 336 1266 ἡμέτερον
349 1229 450 1262 ἀγαθὸν
460 1228 545 1263 ἐχρῆν
558 1227 687 1262 γενέσθαι
700 1228 862 1262 κινούμενον
871 1234 878 1241 ·
893 1228 936 1254 ἵνα
949 1228 995 1254 καὶ

197 1277 230 1303 τὺ
249 1276 300 1311 μὲν
320 1275 434 1310 μετέχῃ,
448 1274 478 1300 τὸ
489 1274 517 1300 δὲ
532 1274 696 1308 μετέχηται·
720 1274 766 1299 καὶ
791 1273 904 1308 μετέχῃ,
919 1273 994 1300 θέλον

197 1321 248 1348 τοῦ
280 1320 415 1356 μεθεκτοῦ
430 1320 461 1346 τὸ
476 1319 604 1354 μετέχον
616 1319 683 1346 ὅπου
695 1319 723 1345 δὲ
738 1318 846 1354 θέλησις
864 1320 992 1354 μετοχῆς,

197 1368 249 1394 καὶ
258 1367 290 1393 τὸ
306 1366 407 1401 μᾶλλον
423 1366 470 1391 καὶ
484 1362 578 1400 ἦττον,
591 1364 628 1395 ὼς
645 1364 753 1400 εἴρηται
763 1373 770 1380 ·
788 1364 885 1390 οὐκοῦν
898 1366 942 1390 καὶ
954 1365 993 1400 μὴ

199 1413 313 1447 θέλησις
323 1420 330 1427 ·
344 1412 368 1438 εἰ
381 1411 410 1438 δὲ
424 1410 564 1446 ἀναίρεσις
575 1407 609 1445 ἦν
623 1410 672 1444 τῆς
686 1411 732 1437 ἐπὶ
748 1410 777 1436 τὸ
789 1411 880 1445 χεῖρον
895 1411 991 1445 ῥοπῆς,

198 1459 251 1484 καὶ
265 1458 315 1490 τῆς
335 1458 381 1483 ἐπὶ
396 1457 427 1482 τὺ
450 1457 574 1491 κρεῖττον
601 1455 724 1489 ἐγίνετο·
741 1455 813 1490 ῥοπὴ
837 1455 892 1490 γὰρ
905 1454 993 1486 κλίσις

199 1502 257 1528 ἀπό
268 1502 341 1533 τινος
360 1502 418 1527 ἐστι
430 1509 438 1517 ·
460 1500 558 1526 οὐκοῦν
574 1500 628 1526 ἀπὸ
650 1500 687 1533 μὴ
703 1499 804 1526 τοιοῦδε
818 1499 858 1530 εἰς
874 1499 974 1525 τοιόνδε
984 1505 992 1513 ·

200 1547 228 1573 εἰ
244 1547 273 1573 δὲ
285 1547 316 1572 τὸ
330 1546 432 1572 τοιόνδε
447 1545 559 1579 ἀγαθὸν,
578 1545 631 1571 ἔδει
643 1542 714 1571 εἶναι
734 1545 781 1570 καὶ
794 1545 823 1570 τὸ
834 1544 863 1576 ἐξ
878 1540 908 1570 οὗ
926 1544 994 1579 μεθ-

203 1592 324 1622 ίσταται,
336 1591 420 1626 ἧγουν
433 1590 501 1625 ὅπερ
513 1589 629 1624 ἀφῆκεν,
644 1588 703 1622 ἐξὸν
716 1589 758 1620 εις
774 1588 841 1615 αὐτὸ
858 1588 994 1624 μεταστῆ-

201 1646 249 1664 ναι
264 1637 302 1671 μὴ
316 1635 464 1671 μεταστὰν.

1073 352 1234 380 I'rocreavit
1264 352 1357 387 itaque
1381 352 1452 380 Deus
1473 352 1621 385 hominem,
1650 353 1708 388 ipse
1732 353 1822 382 bonus

1038 404 1086 431 per
1100 404 1130 424 se
1150 397 1298 427 exsistens.
1316 401 1343 423 et
1356 397 1428 424 entia
1451 404 1482 424 ex
1509 404 1563 424 non
1576 397 1698 430 entibus,
1720 397 1774 425 imo
1788 405 1820 425 ex

1038 443 1125 470 nihilo
1143 443 1292 470 fabricatis.
1306 441 1393 470 Omne
1404 442 1476 477 quod
1489 450 1522 470 ex
1537 442 1622 469 nihilo
1638 451 1716 470 suam
1729 451 1825 471 essen--

1040 489 1106 516 tiam
1121 489 1237 523 accepit,
1253 496 1287 516 eo
1296 489 1368 523 quod
1385 496 1493 523 semper
1507 493 1560 522 est,
1575 489 1703 516 similiter
1716 495 1824 525 etopus

1039 534 1100 568 ipso
1126 532 1253 560 ellectore
1278 532 1400 560 deterius
1424 537 1451 560 ct
1476 533 1558 560 vilius
1580 538 1719 561 censetur.
1747 534 1825 561 Alio-

1040 579 1086 614 qui
1117 579 1221 605 nullam
1247 579 1319 606 inter
1341 579 1391 605 ista
1413 586 1509 613 posses
1523 586 1623 613 ponere
1643 579 1824 607 dillerentiam

1041 625 1081 652 vel
1101 625 1301 652 excellentiam.
1330 624 1359 651 Si
1375 624 1445 652 Deus
1469 625 1535 651 nulli
1554 625 1698 652 mutationi
1716 631 1743 653 et
1756 626 1826 654 alte-

1041 670 1140 698 rationi
1159 670 1283 705 subjacet
1306 674 1333 697 ct
1356 678 1405 705 per
1425 678 1455 698 se
1473 670 1561 698 bonus
1585 670 1708 703 exsistit,
1727 679 1825 700 neces-

1041 718 1115 744 sario
1131 716 1266 750 sequitur,
1281 720 1309 742 ut
1330 716 1368 746 id,
1383 716 1456 751 quod
1472 724 1504 743 ex
1521 716 1606 743 nihilo
1624 717 1659 744 ab
1673 717 1733 752 ipso
1744 725 1824 745 crea-

1042 768 1097 796 tur,
1115 764 1206 791 minus
1227 768 1255 790 et
1272 763 1394 791 deterius
1414 763 1450 790 sit
1466 763 1579 798 (lpilice.
1596 762 1715 791 Proinde
1739 764 1825 791 obno-

1043 809 1116 836 xium
1133 813 1175 837 est
1192 810 1347 841 mutationi,
1359 817 1408 836 nec.
1422 817 1455 837 ex
1466 817 1526 837 sese
1542 809 1630 845 ipsum
1644 811 1745 837 bonum
1763 818 1826 845 pos-

1042 857 1123 887 sidet,
1148 858 1195 883 sed
1214 856 1424 891 participatione
1442 857 1560 892 quadam
1584 865 1616 884 ex
1640 857 1781 892 proposito
1798 862 1826 885 et

1043 902 1181 929 voluntate
1197 901 1292 928 animi.
1320 901 1385 928 Nam
1418 901 1499 929 homo
1523 901 1560 929 ita
1593 907 1636 929 est
1668 902 1826 935 institutus.

1045 952 1072 973 ut
1087 947 1165 982 quasi
1185 947 1291 974 medius
1305 947 1441 974 consistat
1463 947 1535 975 inter
1554 952 1699 982 utrumque
1714 952 1770 975 tam
1784 949 1826 976 vi-

1045 993 1112 1019 tium
1131 1000 1213 1027 quam
1228 993 1375 1024 virtutem;
1394 987 1420 1019 in
1446 1001 1637 1028 quamcunque
1652 998 1756 1028 partem
1775 1002 1826 1021 cu-

1042 1043 1093 1073 pit,
1111 1042 1200 1073 potest
1214 1046 1244 1066 se
1257 1039 1400 1066 inclinare.
1417 1038 1516 1066 Verum
1533 1039 1590 1074 ipse
1605 1039 1675 1067 Deus
1691 1039 1741 1066 hac
1757 1047 1826 1075 pra:-

1042 1084 1162 1119 rogativa
1187 1084 1309 1115 llctatur.
1330 1088 1359 1110 ut
1384 1091 1432 1119 per
1457 1091 1486 1111 se
1510 1084 1599 1112 bonus
1621 1085 1748 1116 exsistat,
1775 1093 1827 1113 nec

1042 1131 1189 1158 bonitatem
1213 1131 1323 1157 aliunde
1347 1138 1396 1165 per
1418 1131 1564 1166 quamdam
1588 1132 1826 1166 participationem

1043 1175 1199 1210 acquisivit.
1225 1175 1360 1203 Caeterum
1389 1176 1478 1210 quoad
1504 1184 1565 1208 nos,
1591 1177 1618 1203 in
1637 1177 1827 1212 participando

1043 1220 1134 1255 majus
1147 1226 1173 1248 et
1184 1221 1274 1248 minus
1286 1221 1501 1256 deprehenditur
1513 1231 1520 1248 :
1531 1222 1657 1249 similiter
1672 1223 1790 1250 inlensio
1799 1227 1827 1250 et

1043 1267 1304 1298 remissio,eustodia
1320 1267 1437 1303 diligens
1449 1268 1576 1302 acquisiti
1587 1268 1662 1300 boni,
1673 1273 1700 1296 et
1708 1269 1827 1304 abjeclio

1043 1313 1194 1348 negligens.
1217 1313 1245 1341 Si
1264 1315 1356 1348 itaque
1376 1322 1430 1341 non
1451 1315 1594 1350 oportebat
1610 1322 1625 1341 a
1645 1315 1697 1343 lieo
1713 1315 1826 1342 formari

1043 1360 1140 1390 malos.
1155 1364 1228 1387 certe
1239 1367 1289 1387 nee
1306 1360 1413 1387 bouiab
1425 1360 1484 1395 ipso
1495 1361 1577 1388 simili
1594 1361 1699 1389 ratione
1715 1362 1827 1389 creandi

1042 1404 1170 1433 fuissent.
1197 1405 1252 1432 Nec
1276 1406 1392 1433 decebat
1415 1414 1465 1434 nos
1491 1414 1555 1434 esse
1579 1407 1693 1434 claudos
1713 1407 1827 1435 alterius

1042 1455 1124 1485 parte
1138 1451 1273 1479 abscissa.
1290 1451 1379 1486 Ipsum
1394 1452 1498 1479 Numen
1511 1453 1728 1480 substantialitcr
1739 1457 1766 1480 et
1779 1460 1828 1488 per

1042 1502 1072 1522 se
1089 1501 1187 1522 tionun'
1207 1501 1250 1524 est
1277 1497 1366 1524 solum
1383 1502 1410 1524 et
1434 1501 1576 1525 aeternum.
1603 1497 1630 1524 Si
1659 1503 1750 1526 autem
1774 1497 1828 1525 hoc

1042 1542 1144 1569 bonum
1161 1543 1385 1574 cratimmobilc,
1401 1549 1476 1571 certe
1492 1551 1614 1571 nostrum
1631 1543 1733 1570 moveri
1746 1551 1828 1578 opor-

1041 1589 1127 1621 lebat,
1151 1593 1181 1615 ut
1207 1596 1259 1616 nos
1282 1589 1512 1625 participaremus
1539 1590 1606 1616 illud
1630 1589 1722 1624 aliquo
1743 1590 1827 1616 modo

1042 1634 1163 1668 bonum;
1189 1634 1278 1668 ipsum
1300 1641 1365 1662 vero
1397 1635 1620 1670 participaretur,
1642 1635 1722 1662 modo
1746 1635 1826 1663 istam

202 1682 444 1719 participationem
459 1679 629 1708 alIectrmus.
646 1679 695 1707 Ubi
716 1680 847 1708 voluntas
863 1681 987 1707 cernitur
1004 1681 1237 1716 participationis,
1256 1680 1293 1708 ibi
1311 1680 1400 1715 majus
1419 1686 1446 1708 et
1472 1682 1573 1714 minus,
1591 1686 1621 1709 ιιι
1654 1688 1738 1716 supra
1779 1681 1828 1709 de-

204 1728 310 1760 dimus,
327 1727 567 1754 animadvertitur.
581 1725 610 1752 Si
630 1727 758 1753 voluntas
775 1726 873 1754 adesse
891 1728 1079 1762 cognoscitur,
1102 1728 1185 1754 etiam
1214 1726 1288 1755 nolle
1310 1732 1411 1762 prtesto
1445 1734 1507 1754 esse
1545 1727 1608 1763 quis
1647 1728 1828 1756 dimtebitur?

202 1773 234 1801 Si
251 1777 430 1803 momentum,
451 1771 523 1806 quod
540 1770 574 1798 ad
591 1771 711 1799 deterius
733 1773 894 1807 propendet,
931 1774 1088 1808 perimitur,
1123 1773 1186 1808 quis
1221 1773 1339 1805 dubitat.
1365 1774 1432 1808 quin
1463 1773 1534 1801 idem
1568 1781 1649 1802 casus
1674 1775 1779 1803 accidat
1801 1777 1827 1803 ei

201 1823 345 1846 momento
357 1818 428 1852 quod
449 1819 482 1844 ad
498 1818 594 1845 melius
611 1818 697 1852 vergit
708 1817 720 1844 ?
730 1817 898 1845 Momentum
912 1819 995 1851 enim,
1017 1823 1047 1846 ut
1065 1826 1159 1846 vocem
1180 1819 1250 1846 hanc
1264 1819 1410 1855 intelligas,
1425 1824 1468 1847 cst
1485 1819 1602 1854 alicujus
1617 1819 1645 1847 in
1660 1819 1732 1847 aliud
1750 1821 1829 1848 ineli»

202 1864 293 1892 natio.
307 1863 392 1898 Igitur
407 1863 549 1890 inclinatio
561 1862 589 1890 lit
600 1870 633 1890 ex
647 1870 690 1893 eo.
704 1863 777 1898 quod
795 1871 848 1891 non
860 1864 913 1891 tale
929 1870 970 1892 est
985 1865 1047 1892 inid
1065 1864 1138 1900 quod
1151 1864 1205 1892 tale
1220 1870 1272 1893 est.
1292 1865 1320 1892 Si
1338 1871 1429 1893 autem
1447 1865 1500 1893 hoc
1513 1865 1566 1892 tale
1579 1865 1606 1892 in
1625 1866 1698 1900 quod
1713 1866 1828 1894 inclina-

203 1912 243 1938 tio
266 1910 296 1937 lit
322 1910 425 1936 bonum
443 1908 534 1940 fuerit,
551 1913 625 1935 certe
644 1909 670 1935 id
688 1909 789 1936 bonum
813 1910 849 1937 sit
870 1914 979 1944 oportet
994 1918 1026 1938 ex
1042 1918 1097 1946 quo
1121 1910 1148 1937 in
1172 1902 1492 1939 melius'inclinationem
1515 1910 1598 1943 lacit;
1613 1915 1661 1938 aut
1675 1911 1702 1938 id
1723 1912 1827 1940 bonum

203 1957 297 1986 luerit,
309 1955 380 1989 quod
396 1954 600 1981 inclinationem
628 1954 750 1988 impulit.
765 1960 792 1982 et
809 1955 836 1981 in
863 1955 888 1981 id
908 1956 1024 1983 debebat
1042 1957 1176 1989 converti.
1198 1957 1263 1984 licet
1279 1965 1334 1984 non
1350 1957 1452 1984 factum
1467 1957 1513 1985 sit.

241 2001 272 2028 El
285 2001 313 2028 δὲ
328 2001 382 2028 ἔδει
393 2001 439 2026 :bv
456 2000 708 2038 παραγόμενονγτὴν
721 2001 781 2034 μὲν,
799 2000 846 2026 τοῦ
861 2000 990 2027 δύνασθαι
1004 2004 1027 2034 c

202 2047 292 2074 κακὸν
307 2044 387 2078 εἶναι,
405 2046 522 2080 δυνάμιν
538 2046 621 2080 ἔχειν,
636 2046 772 2080 αἱρεῖσθαι
786 2046 815 2072 δὲ
833 2046 863 2072 τὸ
877 2046 990 2079 ἀγαθὸν,

202 2093 265 2120 οὐδὲ
282 2092 371 2124 οὕτως
393 2093 407 2116 ὁ
423 2091 489 2123 Θεὸς
507 2091 578 2117 κατὰ
602 2091 632 2117 σὲ
649 2090 783 2126 διαφεύγῃ
803 2091 833 2117 τὸ
855 2091 992 2126 ἔγκλημα,

203 2139 255 2174 τὴν
267 2138 384 2174 δύναμιν
401 2137 568 2172 παρασχὼν·
583 2137 608 2163 εἰ
624 2138 678 2171 γὰρ
694 2137 741 2163 καὶ
756 2137 866 2171 γέγονεν
880 2137 992 2170 ἀγαθὸς,
1007 2137 1013 2145 ”

205 2184 273 2219 παρ’
291 2183 387 2210 ἑαυτὸν
407 2183 503 2217 γέγονε
515 2192 521 2197 ·
539 2182 656 2217 δύναμιν
679 2182 734 2216 γὰρ
749 2182 835 2217 μόνην
855 2187 993 2217 παρεσχεν

204 2230 283 2265 αὐτῷ
297 2230 366 2265 πρὸς
380 2230 410 2256 τὸ
426 2229 540 2263 ἀγαθὸν,
561 2229 656 2265 ὥσπερ
670 2227 717 2255 οὖν
732 2229 779 2255 καὶ
800 2229 869 2264 πρὸς
891 2228 922 2255 τὸ
945 2237 994 2255 κα-

204 2274 270 2300 κὸν·
295 2274 394 2300 οὐκοῦν
407 2275 430 2300 εἰ
457 2277 504 2300 καὶ
519 2274 602 2305 κακὸς
623 2274 731 2308 γέγονε,
758 2274 823 2308 παρ’
839 2274 946 2306 ἑαυτὸν,
962 2274 992 2300 οὗ

205 2320 285 2354 παρὰ
298 2320 344 2346 τὸν
372 2319 438 2345 Θεὸν
463 2320 510 2345 τὸν
537 2320 581 2345 ἐπ’
599 2319 695 2354 ἁγαθῴ
715 2319 851 2346 δεδωκότα
870 2320 919 2354 τὴν
946 2319 992 2346 δύ-

205 2375 301 2401 ναμιν.
333 2366 401 2392 Ποία
437 2365 466 2391 δὲ
498 2366 546 2390 καὶ
582 2367 671 2399 κρίσις
703 2364 808 2398 ἀγαθοῦ
839 2367 896 2397 τοῖς
928 2374 992 2400 μετ-

206 2414 310 2449 έχουοι,
334 2412 371 2447 μὴ
395 2411 472 2442 ὄντος
495 2410 542 2436 τοῦ
560 2410 693 2442 ἐναντίου,
711 2410 778 2445 μηδὲ
809 2410 855 2436 τοῦ
882 2411 992 2446 αἱρετοῦ

206 2460 256 2486 καὶ
271 2457 391 2492 φευκτοῦ
411 2455 635 2492 δοκιμαζομένων
651 2456 717 2491 παρ’
732 2455 845 2491 ἄλληλα,
858 2456 896 2488 ὡς
913 2457 946 2483 ἂν
964 2457 994 2483 τὺ

208 2504 260 2539 μὲν
281 2503 336 2530 ἕλοι
359 2511 413 2534 τις.
429 2502 460 2529 τὸ
486 2501 514 2528 δὲ
533 2501 766 2537 παραπέμψαιτο;
790 2501 887 2537 Ἐχρῆν
903 2499 949 2528 οὖν
965 2502 994 2528 ἐν

207 2550 275 2584 ἡμῖν
288 2549 391 2575 τούτων
407 2548 542 2583 ὑπάρχειν
563 2547 705 2582 ἑκάτερον,
723 2547 747 2572 εἰ
763 2547 810 2573 καὶ
828 2548 994 2582 προτιμᾶται

207 2594 284 2630 παρᾶ
300 2596 357 2625 τοῖς
367 2593 521 2629 ῥᾳθυμοῦσι
531 2593 561 2619 τὸ
573 2593 667 2627 ἕτερον
677 2600 683 2606 ·
701 2591 795 2618 ἔπειτα
805 2591 832 2617 τί
843 2592 975 2627 πρότερον
985 2601 992 2624 ;

207 2640 385 2675 δημιουργία,
404 2640 420 2675 ἢ
437 2639 501 2674 γοῦν
513 2639 578 2674 περὶ
592 2639 691 2673 ἀρετῆς
711 2638 759 2664 καὶ
773 2637 871 2668 κακίας
885 2637 990 2672 κρίσιςς

208 2687 288 2720 δῆλον
303 2687 346 2712 ὅτι
372 2686 556 2721 δημιουργία·
584 2685 608 2711 εξ
633 2684 662 2710 δὲ
688 2684 752 2717 πρὶν
778 2682 901 2716 ποιῆσαι,
921 2683 995 2717 φιλο-
1011 2673 1033 2702 D

208 2732 298 2767 κρινεῖ
312 2732 376 2763 τοὺς
395 2731 542 2765 μέλλοντας
554 2731 568 2756 ὁ
578 2730 655 2760 θεὸς,
668 2729 731 2760 τοὺς
747 2729 794 2763 μὲν
812 2728 943 2763 παράγων
960 2728 996 2760 ὡς

209 2777 331 2810 ἀγαθοὺς
344 2777 502 2812 ἑπομένους,
514 2776 577 2807 τοὺς
585 2775 613 2802 δὲ
630 2774 752 2805 κωλύων,
763 2774 875 2801 αὐτόθεν
889 2774 976 2809 κρίνει
985 2783 993 2790 ·

208 2825 266 2854 τοῖς
282 2824 331 2858 μὲν
345 2823 430 2859 γέρας
444 2823 474 2850 τὸ
491 2820 562 2849 εἶναι
576 2821 673 2853 διδοὺς,
693 2821 749 2852 τοῖς
771 2820 800 2848 δὲ
822 2821 852 2848 τὸ
867 2820 905 2857 μὴ
919 2821 995 2855 γενέ-

210 2869 276 2896 σθαι
286 2868 460 2904 τιμώμενοςο
484 2868 531 2896 καὶ
551 2868 646 2894 ἑαυτὸν
669 2868 798 2902 ἐλέγχων,
823 2869 848 2895 εἰ
867 2867 994 2903 τοιαύτην

1080 2002 1179 2030 Verum
1198 2004 1232 2038 (si
1250 2007 1276 2031 te
1293 2003 1413 2036 audiam)
1430 2003 1452 2031 si
1466 2003 1612 2038 oportebat
1628 2004 1726 2032 adesse
1740 2004 1828 2033 lacut—

1046 2051 1128 2074 tatem
1146 2048 1248 2075 homini
1262 2055 1365 2079 creato.
1384 2049 1407 2076 si
1422 2048 1513 2079 vellet,
1531 2052 1560 2075 ut
1578 2049 1689 2076 malitiae
1705 2050 1747 2077 vel
1764 2058 1828 2084 pec-

1043 2096 1105 2119 cato
1119 2099 1148 2119 se
1159 2093 1313 2124 devoveret,
1324 2093 1451 2120 similiter
1461 2096 1489 2119 ut
1501 2097 1604 2127 posset.
1621 2093 1702 2121 modo
1717 2093 1827 2121 adforet

1044 2137 1184 2169 voluntas,
1197 2137 1297 2172 eligere
1327 2137 1439 2168 bonum.
1464 2145 1518 2164 non
1539 2138 1646 2165 carebit
1665 2141 1692 2165 et
1717 2139 1769 2165 hac
1799 2139 1826 2165 in

1045 2187 1122 2218 parte
1147 2183 1218 2210 Deus
1235 2183 1361 2216 crimine,
1377 2183 1451 2217 quod
1468 2191 1529 2210 eam
1556 2184 1705 2218 potentiam
1722 2184 1825 2211 homini

1043 2230 1197 2257 donaverit.
1216 2228 1244 2256 Si
1266 2229 1339 2256 cnim
1363 2228 1452 2256 bonus
1474 2229 1573 2261 evasit,
1601 2230 1710 2264 propria
1726 2229 1827 2257 virtute

1044 2280 1070 2302 et
1087 2275 1210 2310 putentia
1237 2274 1262 2302 id
1291 2279 1434 2302 assecutus
1458 2279 1508 2301 est.
1529 2274 1595 2302 Nam
1615 2276 1702 2302 solam
1728 2281 1826 2310 poten-

1045 2321 1121 2347 tiam.
1144 2328 1198 2354 qua
1224 2320 1257 2347 ad
1285 2319 1386 2347 bonum
1408 2318 1538 2351 alliceret,
1568 2319 1593 2346 ei
1624 2318 1693 2346 Deus
1716 2319 1825 2346 obtulit.

1045 2365 1145 2392 Eadem
1163 2366 1233 2392 ratio
1248 2365 1332 2392 vincit
1349 2365 1372 2392 si
1388 2365 1489 2391 malum
1514 2364 1656 2400 respicias.
1667 2363 1739 2393 ,Nam
1754 2365 1777 2391 si
1793 2365 1828 2392 ad

1044 2413 1145 2438 malum
1159 2419 1188 2439 se
1203 2412 1321 2438 contulit
1333 2416 1359 2438 et
1372 2416 1484 2445 peccato
1498 2419 1528 2438 se
1540 2410 1688 2446 implicuit,
1706 2410 1828 2445 profecto

1046 2458 1163 2493 propriis
1181 2457 1286 2484 viribus
1301 2465 1334 2484 eo
1361 2464 1476 2492 gressus
1502 2456 1627 2488 tetendit,
1651 2463 1702 2483 nec
1730 2460 1773 2483 est
1797 2460 1829 2483 ut

1045 2503 1141 2534 lieum,
1159 2509 1208 2528 ceu
1229 2501 1288 2536 ejus
1307 2502 1344 2528 rei
1359 2505 1452 2536 caput,
1471 2501 1573 2536 culpet,
1592 2501 1639 2536 qui
1658 2501 1791 2529 tribuerat
1803 2500 1828 2528 ei

1045 2548 1208 2583 potentiam,
1224 2548 1268 2574 cui
1289 2547 1431 2579 obctlicns,
1453 2546 1553 2574 bonum
1576 2547 1704 2581 amplecti
1720 2550 1828 2583 potuis-

1045 2598 1097 2621 ενι.
1113 2594 1212 2620 Verum
1227 2592 1300 2627 quod
1315 2592 1448 2628 judicium
1464 2592 1560 2626 quisve
1582 2600 1681 2620 sensus
1698 2594 1762 2622 boni
1777 2597 1830 2624 erit

1048 2639 1218 2668 hominibus.
1233 2639 1346 2665 absente
1372 2638 1432 2672 ejus
1451 2638 1601 2671 contrario,
1623 2640 1694 2673 quod
1724 2642 1825 2669 malum

1047 2685 1237 2719 appellaturus?
1251 2684 1316 2717 Qum
1328 2685 1381 2712 erit
1396 2684 1495 2712 electio
1511 2685 1586 2717 boni,
1598 2693 1658 2719 qum
1675 2686 1736 2721 luga
1752 2688 1827 2718 ntali,

1047 2729 1070 2755 si
1091 2736 1144 2754 non
1162 2729 1212 2754 ista
1231 2727 1285 2754 duo
1303 2727 1376 2755 inter
1393 2736 1423 2756 se
1440 2729 1632 2761 conferantur,
1652 2734 1680 2756 ut
1697 2731 1764 2758 illud
1780 2732 1829 2758 eli-

1048 2779 1138 2810 gatur,
1160 2775 1277 2802 alterum
1306 2773 1483 2802 declinetur?
1499 2774 1648 2809 Oportebat
1664 2777 1756 2811 itaque
1777 2785 1828 2805 nos

1049 2821 1202 2848 instructos
1222 2827 1283 2848 esse
1299 2825 1415 2855 utraque
1432 2819 1574 2853 facultate,
1591 2822 1716 2856 quamvis
1730 2830 1761 2849 ea
1781 2830 1829 2856 po-

1049 2866 1144 2899 tentia,
1160 2873 1222 2901 quze
1237 2866 1338 2894 malum
1352 2865 1460 2900 suadet,
1474 2867 1544 2902 apud
1558 2868 1689 2895 socordes
1703 2872 1730 2895 et
1741 2867 1828 2901 negli-
