2072 3157
244 174 289 207 111

892 168 1064 199 PROCOPII
1081 166 1201 198 GAZIEI

1817 161 1867 195 112

244 235 339 266 gentes
357 230 444 263 pluris
463 228 518 254 liat.
535 226 608 254 Sane
623 226 763 260 interrogo
780 235 786 251 :
808 227 901 251 utrum
917 229 960 250 est
976 230 1023 249 na~
1043 247 1044 250 η

1095 221 1192 255 ύναμιν
1207 221 1313 254 ὲχοντα,
1332 218 1451 253 παράγει
1467 217 1506 249 td,
1521 217 1628 251 λογικὰ,
1641 214 1711 254 ἑφ¹ᾖ
1727 225 1867 252 προμετα-

244 282 307 303 tura
321 277 410 310 prius.
424 275 528 301 creatio
543 273 585 299 vel
597 273 630 300 de
645 272 795 298 virtutibus
813 274 840 297 et
863 270 939 296 vitiis
955 269 1028 303 judi-

246 323 341 348 cium?
357 321 385 347 Si
400 318 620 354 resporrdendum
636 321 691 349 est,
707 317 830 352 profecto
843 316 946 343 creatio
961 322 1030 350 pne-

245 368 328 395 vertit
355 367 499 401 judicium.
523 363 550 391 Si
568 364 661 398 itaque
677 364 836 397 priusquam
862 369 957 388 creare
971 369 1031 395 per—

246 418 302 447 gat,
321 411 442 438 secernit
461 410 607 440 creandos,
627 409 677 434 hos
700 407 811 442 quidem
834 406 987 440 producens
1003 409 1032 432 ut

246 460 333 487 honos
357 457 475 487 futuros,
501 455 572 482 alios
600 458 631 481 ut
657 454 761 484 malos,
789 458 863 479 certe
889 451 1032 488 praemittit

245 504 390 540 judicium,
412 500 577 537 quihusdam
594 507 643 527 ceu
665 507 764 526 munus
782 498 913 533 largiens,
930 501 959 523 ut
977 497 1033 524 sint

246 551 323 580 boni.
341 551 409 576 alios
426 555 492 574 vero
507 548 659 577 lionorans,
677 553 712 572 ne
728 545 756 571 in
779 545 874 570 vitium
897 543 1031 570 incidant.

245 598 305 631 Qua
321 604 351 624 re
367 596 474 622 videtur
491 594 613 628 seipsutn
629 599 780 627 coarguere
794 591 876 623 Deus,
888 590 960 625 quod
979 590 1034 616 for—

246 649 303 668 mat
320 640 450 667 animalia
468 637 614 665 rationalia
633 637 760 663 habentia
776 637 846 662 hanc
872 634 1032 670 potentiam,

247 688 298 714 sub
312 693 366 721 qua
392 684 568 719 recognoscit
595 682 729 717 quosdam
746 681 871 708 homines
887 680 950 714 ejus
976 680 1034 706 fore

247 733 409 768 participes.
428 729 563 764 quosdam
579 736 669 755 secus.
691 727 729 754 Ne
748 726 834 761 igitur
855 733 916 752 cum
934 729 960 751 tu
978 732 1036 750 ma-

247 779 305 806 litia
320 777 478 811 abripiaris,
491 775 555 802 licet
571 775 642 801 hanc
657 773 729 800 domi
743 776 795 799 tua!
805 778 830 798 et
849 772 920 798 intra
937 776 1035 798 temet—

247 827 337 860 ipsum
366 824 469 853 foveas.
494 820 565 848 vell's
580 820 614 847 ob
629 819 656 846 id
679 823 706 846 et
733 818 817 846 Deum
837 825 898 844 esse
921 817 1033 844 malum.

248 872 320 906 Ipse,
337 874 367 897 ut
382 868 540 898 didicimus,
558 875 606 902 per
634 874 664 893 se
687 865 776 892 bonus
796 869 858 895 est;
874 871 924 891 nec
939 863 1033 897 prohi-

248 917 304 949 bet,
322 921 351 942 ut
363 915 424 949 quis
444 921 492 948 per
504 921 534 941 se
549 913 586 940 sit
604 912 702 944 bonus,
718 919 769 937 nec
780 910 959 937 commissum
972 916 1034 943 pec-

248 968 340 989 catum
364 961 443 995 punit
459 959 602 989 continuo,
626 957 672 984 sed
700 957 793 983 omnia
810 959 908 982 exacto
930 955 1035 989 judicio

249 1013 312 1038 suo,
327 1009 474 1039 antequam
493 1002 663 1029 creationem
683 1000 871 1035 aggrediatur,
894 1001 1035 1035 prmveuit.

249 1059 285 1079 ne
301 1058 392 1078 rerum
408 1049 475 1076 ordo
487 1052 675 1075 convertatur.
687 1046 739 1081 35
754 1046 786 1073 Et
799 1045 870 1080 quod
887 1046 1036 1073 maximum

249 1102 302 1128 est,
319 1104 368 1123 eos
389 1095 436 1130 qui
460 1102 493 1121 ex
520 1093 600 1120 malis
628 1092 661 1119 ad
684 1093 812 1119 virtutem
840 1097 906 1119 sunt
922 1094 1034 1123 alutuii,

1081 265 1223 300 γινώσκων
1237 265 1300 295 τοὺς
1325 264 1436 298 ἐτέρους
1463 262 1519 289 τῶν
1536 262 1702 297 μεθεξόντων
1718 262 1802 296 αὐτῆς
1817 263 1868 289 οὐκ

1081 312 1221 347 ἐποίησεν.
1239 311 1344 338 Οὐκοῦν
1373 310 1417 336 ῖνα
1442 310 1474 336 σὺ
1501 309 1538 344 μὴ
1561 308 1627 343 γένῃ
1653 308 1753 340 κακὸς,
1779 308 1868 335 καίτοι

1081 358 1157 393 παρὰ
1181 356 1280 384 σαυτοῦ
1304 356 1353 392 τὴν
1385 355 1484 381 κακίαν
1517 355 1709 390 κτησάμενος,
1729 354 1775 380 τὸν
1801 353 1868 379 Θεὸν

1082 405 1168 436 ἀξιοῖς
1195 402 1322 436 γενέσθαι
1337 402 1438 428 κακόν·
1469 401 1572 435 ἀγαθὸν
1597 399 1720 434 ὑπάρχον
1742 399 1772 425 τὸ
1787 396 1868 430 εἶναι,

1081 451 1143 478 κατ’
1157 450 1224 477 αὐτὸ
1238 448 1353 483 τὸεῖναι
1371 457 1454 483 φημι,
1467 447 1504 482 μὴ
1523 446 1687 481 παρέχοντα,
1703 445 1749 471 καὶ
1768 444 1805 480 μὴ
1823 453 1870 478 γε-

1081 498 1199 532 νομένην
1212 496 1262 531 τὴν
1281 494 1381 522 κακίαν
1397 493 1545 525 κολάζοντα
1557 511 1565 524 ,
1590 492 1637 518 καὶ
1661 491 1790 525 κρίνοντα
1805 491 1870 525 πρὶν

1081 543 1257 579 δημιουργεῖν
1270 563 1277 574 ,
1306 541 1354 568 καὶ
1374 541 1423 575 τὴν
1445 538 1522 571 τάξιν
1539 539 1699 572 συγχέοντα.
1723 537 1793 562 κατὰ
1815 536 1871 562 τῶν

1082 589 1277 616 ἀνυποστάτων
1303 587 1350 614 καὶ
1378 587 1460 621 μήπω
1482 584 1636 618 γενομένων
1658 583 1797 616 ἐπάγοντα
1821 582 1871 616 τὴν

1083 635 1272 669 κατάγνωσιν·
1297 633 1345 659 καὶ
1369 632 1400 658 τὸ
1425 631 1564 666 μέγιστον,
1582 629 1645 660 τοὺς
1665 629 1697 654 ὲκ
1712 628 1765 654 τῶν
1780 627 1872 654 κακῶν

1084 682 1232 717 μέλλοντας
1256 678 1375 713 ἀγαθοὺς
1397 676 1544 709 γεννᾶσθαι
1568 675 1787 710 προαναιροῦντα
1807 682 1871 699 συν-

1083 726 1248 761 αναιροῦντά
1275 733 1304 751 τε
1332 723 1466 758 στηρίζῃ,
1495 721 1596 756 μᾶλλον
1622 720 1650 746 δὲ
1679 719 1872 754 προκωλύοντα

1083 774 1132 800 κα¹ι
1149 771 1297 803 κολάζοντα
1321 771 1376 800 τοῖς
1397 769 1492 799 κακοῖς
1507 767 1619 802 ὁμοίως,
1642 766 1690 792 καὶ
1716 766 1754 801 μὴ
1778 766 1872 800 ἔχοντα

1083 818 1175 849 αὐτοῖς
1185 815 1311 851 ἐγκαλεῖν
1326 815 1368 841 ὅτι
1382 814 1413 840 οὑ
1428 813 1589 848 γενήσονται
1600 812 1708 846 ἀγαθοί.
1730 811 1799 837 Ἀλλ’
1811 810 1873 837 οὐδὲ

1086 864 1148 894 τοὺς
1171 862 1291 896 ἀγαθοὺς
1314 860 1418 894 ὀφείλει
1442 859 1659 894 προηγουμένως
1689 859 1873 892 παραγαγεῖν,

1086 909 1129 936 διὰ
1145 909 1174 934 τὸ
1189 909 1222 934 ἐκ
1236 907 1338 933 τούτων
1353 905 1409 932 ἐσθ’
1424 906 1468 932 ὅτε
1483 903 1630 938 γεννᾶσθαι
1645 903 1757 934 κακοὺς,
1774 902 1875 938 μᾶλλον

1086 955 1115 981 δὲ
1130 954 1239 984 πάντως
1251 960 1257 966 ·
1276 952 1307 979 οὐ
1325 952 1379 987 γὰρ
1391 950 1451 977 ἐστι
1464 949 1589 986 διαδοχὴν
1603 949 1774 985 μακροτέραν
1786 949 1875 983 εὑρεῖν

1087 1001 1132 1028 διὰ
1149 1000 1258 1027 πάντων
1277 998 1377 1032 ἐφεξῆς
1393 997 1573 1031 γεννωμένων
1598 995 1783 1029 ἀνέγκλητον·
1804 993 1875 1019 ὥστε

1088 1047 1133 1073 διὰ
1153 1047 1203 1081 τὴν
1232 1045 1281 1080 σὴν
1308 1045 1399 1079 κρίσιν
1428 1043 1584 1074 δικάζοντος
1601 1041 1649 1068 τοῦ
1671 1040 1749 1074 Θεοῦ,
1772 1041 1806 1066 τὰ
1827 1041 1875 1074 τῆς

1089 1092 1271 1128 δημιουργίας
1289 1090 1447 1125 σεσύληται.

249 1144 408 1178 neutiquam
429 1141 487 1168 vult
504 1141 628 1176 perdere,
654 1144 682 1167 et
704 1147 758 1167 una
778 1148 840 1166 cum
867 1139 960 1167 radice
983 1141 1160 1178 exstirpare:
1179 1141 1226 1168 sed
1247 1147 1296 1166 eos
1318 1146 1333 1166 a
1350 1138 1422 1165 malo
1437 1141 1514 1164 arcet
1545 1136 1643 1171 primo,
1663 1139 1691 1162 et
1723 1141 1778 1162 una
1812 1140 1875 1160 cum

250 1191 329 1217 malis
347 1189 435 1223 punit,
449 1188 574 1223 quamvis
588 1195 642 1214 uou
658 1187 746 1222 possit
762 1194 810 1214 eos
821 1186 945 1221 culpare,
961 1188 1034 1223 quod
1055 1197 1109 1216 non
1130 1188 1194 1216 boni
1212 1186 1297 1214 futuri
1317 1185 1382 1213 sint.
1400 1185 1536 1212 Caeterum
1554 1190 1604 1210 uec
1639 1182 1728 1209 bonos
1761 1180 1878 1207 debebat

250 1241 369 1266 condere
383 1237 457 1272 quod
474 1237 623 1267 interdum.
644 1236 700 1263 imo
712 1235 770 1263 fere
783 1243 892 1270 semper
911 1244 945 1263 ex
973 1237 1053 1264 bouis
1072 1237 1135 1264 mali
1152 1227 1407 1264 nascanturrﬂaud
1425 1233 1498 1259 enim
1514 1231 1637 1258 invenire
1656 1230 1737 1257 datur
1769 1230 1877 1264 longam

251 1285 359 1319 generis
374 1283 587 1314 successionem,
602 1288 662 1316 quae
677 1289 732 1308 non
747 1282 835 1308 malos
850 1289 961 1316 quoque
972 1283 1129 1317 protulerit.
1140 1286 1167 1309 et
1182 1282 1219 1310 ob
1234 1282 1259 1308 id
1275 1279 1422 1314 culpabilis
1435 1278 1504 1304 tacta
1523 1278 1568 1304 sit.
1592 1277 1683 1310 Itaque
1713 1277 1777 1303 dum
1798 1275 1877 1312 quasi

252 1334 279 1359 in
300 1332 346 1366 jus
361 1337 443 1358 vocas
458 1328 572 1365 .Deutu,
597 1328 671 1356 etde
685 1328 746 1362 ejus
758 1328 888 1363 operibus
910 1327 1036 1363 judicare
1055 1329 1212 1364 praesumis,
1238 1326 1390 1355 creationis
1410 1332 1520 1360 quoque
1554 1330 1637 1357 opera
1662 1323 1796 1357 sacrilego
1831 1329 1879 1350 ore

253 1377 405 1405 temet-asti.

288 1423 367 1456 Quod
386 1422 506 1457 propriis
522 1421 626 1448 viribus
643 1421 716 1447 malo
734 1424 761 1448 te
778 1420 959 1454 conjuuxcris
975 1421 1042 1449 satis

257 1468 410 1502 conprobat
422 1467 456 1498 is,
472 1467 519 1501 qui
533 1473 567 1493 ex
585 1470 611 1492 lc
628 1470 724 1500 etpost
742 1469 768 1493 te
789 1471 870 1493 natus
885 1472 927 1493 est
943 1468 1041 1494 bonus.

255 1514 333 1547 Quod
351 1513 470 1548 propriis
498 1512 603 1539 viribus
623 1516 649 1538 te
663 1512 755 1538 virtuti
781 1515 808 1538 et
835 1511 887 1546 ipsi
909 1513 981 1539 bono
996 1520 1044 1539 So-

256 1561 385 1592 i-iaveris,
403 1558 469 1586 satis
488 1558 640 1585 luculenter
654 1557 799 1584 confirmat
822 1558 921 1590 inalns,
949 1560 994 1593 qui
1011 1565 1045 1585 cx

257 1610 283 1631 te
298 1609 325 1630 et
339 1609 399 1639 post
416 1609 441 1630 te
455 1604 563 1637 genitus
579 1607 632 1630 est.
652 1601 771 1636 Uterque
796 1605 897 1629 ctenim
921 1611 954 1630 ex
975 1612 1044 1629 cou-

1128 1421 1192 1447 Ὅτι
1207 1420 1235 1447 δὲ
1249 1420 1292 1446 διὰ
1310 1418 1409 1445 σαυτὺν
1425 1416 1558 1452 ὑπάρχεις
1570 1415 1663 1447 κακὸς,
1679 1415 1812 1449 ἐδήλωσεν
1823 1414 1837 1440 6
1849 1415 1879 1440 ὲκ

1095 1467 1142 1494 σοῦ
1170 1467 1218 1494 καὶ
1239 1467 1308 1501 μετὰ
1328 1466 1357 1491 σὲ
1385 1463 1532 1497 γενόμενος
1556 1461 1674 1495 ἀγαθός’
1698 1461 1745 1487 καὶ
1766 1461 1807 1487 ὅτι
1837 1460 1882 1486 διὰ

1096 1514 1194 1540 σαυτὸν
1207 1513 1321 1547 γέγονας
1332 1510 1445 1544 ἀγαθὸς,
1457 1509 1593 1542 ἐδήλωσεν
1610 1509 1624 1534 ὀ
1637 1507 1722 1537 κακὸς
1736 1507 1882 1542 γενόμενος

1096 1560 1128 1586 ὲκ
1140 1558 1187 1585 σοῦ
1207 1559 1276 1593 μετὰ
1290 1558 1319 1584 σέ
1329 1565 1335 1572 ⁸
1357 1556 1487 1590 ἑκάτερος
1503 1555 1556 1589 γὰρ
1572 1553 1601 1585 ἐξ
1615 1553 1742 1580 ἐναντίων
1754 1552 1882 1587 ὁρμῶμε-

1096 1614 1151 1636 νος,
1169 1606 1233 1639 παρ’
1249 1604 1345 1631 tau-rev
1365 1602 1427 1637 ἔσχε
1452 1601 1486 1628 τὰ
1514 1600 1635 1630 ἐναντία,
1660 1599 1698 1634 μὴ
1713 1597 1883 1633 παρακολου-

258 1651 352 1677 trariis
375 1649 514 1684 profectus
533 1649 622 1676 initiis
640 1655 686 1682 per
714 1655 744 1675 se
774 1648 869 1675 habuit
885 1649 926 1675 vel
944 1650 1043 1675 bonum

1099 1652 1184 1687 θήσεις
1199 1651 1305 1685 ἀνάγκῃ
1322 1649 1479 1683 γενόμενος’
1495 1647 1574 1674 ἄλλον
1597 1645 1650 1671 ἔδει
1673 1644 1717 1671 διὰ
1728 1644 1788 1670 τόδε
1807 1644 1884 1677 γενέ-

259 1697 301 1724 vel
326 1696 439 1729 malum,
454 1695 562 1722 diversa
580 1699 696 1722 secutus
713 1702 783 1722 :nec
806 1694 830 1721 id
853 1695 877 1722 ei
896 1694 997 1721 accidit
1013 1702 1046 1721 ex

259 1744 426 1770 necessitate
450 1741 628 1768 nativitatis:
661 1748 756 1767 verum
784 1741 875 1767 evenit
905 1745 933 1766 ut
959 1741 1047 1767 simus

260 1788 398 1816 interdum
414 1788 489 1819 boni,
507 1786 648 1814 interdum
664 1794 730 1814 vero
747 1787 823 1813 ntali.
839 1787 899 1814 Non
914 1787 998 1821 igitur
1013 1787 1048 1813 ob

260 1837 422 1862 alterutrqu
443 1842 495 1861 nos
513 1841 574 1860 esse
588 1832 726 1860 decebat?
743 1831 771 1859 Si
795 1833 836 1859 vis
855 1836 884 1859 ut
910 1833 942 1859 ad
967 1832 1046 1859 linem

261 1882 357 1907 oculOs
376 1884 465 1907 vertat
478 1879 563 1912 Deus,
577 1879 699 1913 injustus
716 1879 886 1914 agnosccris.
903 1879 969 1905 Nam
985 1887 1046 1906 cum

262 1927 334 1952 iutcr
350 1933 380 1952 se
399 1925 502 1951 distent
527 1929 556 1950 et
585 1923 727 1950 contraria
754 1924 809 1950 siut
837 1923 1003 1957 principium
1021 1927 1048 1949 et

263 1972 337 2004 ﬁnis,
354 1979 402 2005 per
420 1971 536 1997 alterum
555 1968 713 2004 prohibebit
743 1969 871 2001 alterum,
890 1977 985 2003 nempe
1000 1969 1048 1996 bu-

263 2026 341 2048 num.
360 2023 389 2045 et
415 2017 443 2043 id
468 2020 578 2051 propter
590 2015 704 2042 malum.
722 2015 801 2042 Sicut
816 2016 917 2042 malum
936 2016 1050 2049 perimet

212 2058 218 2068 '
265 2065 292 2091 iu
309 2065 372 2093 line,
390 2063 427 2089 ita
448 2062 550 2089 bonum
568 2062 596 2088 in
615 2061 770 2095 principio:
787 2064 814 2087 et
826 2061 983 2088 necessario
997 2061 1051 2087 cir-

264 2117 295 2134 ca
316 2107 397 2134 linem
413 2107 466 2134 erit
477 2111 631 2140 occupatus
645 2106 739 2132 reliitu
766 2106 913 2140 principio,
929 2106 980 2132 etsi
996 2113 1049 2132 non

265 2154 362 2180 similis
375 2156 564 2186 consequatur
580 2156 706 2178 eventus.
723 2150 875 2185 Utrumque
887 2153 960 2178 enim
976 2152 1052 2178 simi-
1073 2143 1081 2151 ’

265 2199 329 2225 liter
346 2203 372 2225 et
393 2199 504 2226 habitus
518 2202 546 2225 et
557 2198 667 2233 energia
680 2201 731 2225 est.
745 2197 888 2230 Quomodo
900 2197 1051 2224 secundum

267 2252 341 2272 tuam
359 2246 530 2279 opinionem,
555 2244 627 2271 Deus
654 2244 708 2271 erit
736 2243 839 2278 justus.
863 2251 925 2270 cum
944 2245 1052 2271 vocavit

266 2289 364 2317 Judam
386 2294 496 2324 propter
513 2289 678 2323 principium
694 2289 848 2316 vocationis
863 2289 967 2317 honore
989 2298 1050 2317 eum

1100 1697 1161 1723 σθαι
1182 1695 1199 1730 ἦ
1223 1696 1260 1729 μὴ
1278 1693 1407 1727 γενέσθαι
1432 1692 1475 1718 διὰ
1496 1691 1627 1726 θάτερον·
1658 1691 1682 1716 εἰ
1706 1689 1734 1716 δὲ
1761 1689 1828 1724 πρὸς
1854 1688 1885 1714 τὺ

1098 1743 1173 1773 τέλος
1189 1742 1275 1773 ἀξιοῖς
1292 1740 1358 1775 ὁρᾷ-ι
1373 1739 1418 1764 τὸν
1438 1737 1516 1769 Θεὸν,
1533 1737 1641 1767 ἄδικος·
1657 1734 1787 1762 ἐναντίων
1801 1735 1886 1760 ὄντων

1097 1788 1147 1822 τῆς
1165 1786 1253 1822 ἀρχῆς
1271 1786 1318 1810 καὶ
1331 1783 1379 1810 τοῦ
1398 1783 1502 1814 τέλους,
1519 1782 1563 1808 διὰ
1590 1781 1706 1815 θάτερον
1728 1779 1840 1806 κωλύων
1856 1779 1887 1805 τὺ

1099 1834 1204 1868 ἕτερον.
1222 1832 1236 1857 ὃ
1257 1832 1315 1857 ἐστι
1334 1830 1365 1856 τὸ
1391 1828 1494 1863 ἀγαθὸν
1512 1828 1556 1854 διὰ
1579 1827 1609 1853 τὸ
1624 1827 1723 1853 κακόν·
1743 1826 1820 1852 ἔσται
1832 1825 1887 1860 γὰρ

1099 1878 1219 1913 ἀναιρῶν
1232 1877 1269 1908 ὡς
1285 1877 1315 1903 τὸ
1336 1875 1421 1902 κακὸν
1445 1876 1474 1900 ὲν
1495 1873 1578 1904 τέλει,
1603 1872 1675 1899 οὕτω
1688 1872 1717 1898 τὸ
1738 1872 1840 1905 ἀγαθὸν
1858 1872 1888 1897 ὲν

1100 1925 1171 1958 ἀρχῇ
1183 1930 1190 1937 ο
1209 1922 1257 1948 καὶ
1283 1919 1517 1955 ἀποκληρωτικιῖις
1528 1919 1556 1944 δὲ
1574 1918 1604 1944 τὺ
1622 1918 1707 1952 πέρας
1727 1917 1888 1951 πολυπραγ-

1102 1969 1216 2003 μονήσει
1233 1965 1396 1993 καταλιπὼν
1410 1964 1459 1999 τὴν
1473 1964 1572 1998 ἀρχὴν,
1598 1962 1650 1989 κᾶν
1666 1961 1703 1996 μὴ
1717 1962 1785 1996 προς
1797 1962 1888 1996 ὅμοιον

1100 2013 1175 2043 τέλος
1196 2011 1326 2047 ἐκϐαίνῃο
1346 2010 1446 2045 ὁμοίως
1464 2010 1519 2043 γὰρ
1541 2007 1631 2034 αὐτῶν
1656 2007 1788 2042 ἑκάτερον
1814 2007 1890 2040 ἐνέρ-

1101 2059 1164 2094 γειά
1182 2067 1212 2084 τε
1228 2058 1275 2084 καὶ
1290 2057 1360 2089 ἕξις·
1375 2055 1520 2090 τοιγαροῦν
1540 2056 1578 2085 ὼς
1594 2055 1697 2084 δίκαιος
1719 2055 1733 2080 ὸ
1756 2053 1820 2084 Θεὸς
1842 2052 1889 2078 καὶ

1102 2104 1147 2130 τὸν
1172 2101 1271 2128 Ἰούδαν
1300 2100 1428 2135 κέκληκε,
1454 2099 1498 2125 διὰ
1526 2099 1574 2131 τὴν
1603 2099 1691 2134 ἀρχὴν
1713 2098 1831 2132 τιμήσας
1855 2098 1888 2132 τῇ

1103 2149 1215 2185 κλήσει·
1245 2148 1292 2174 καὶ
1314 2147 1359 2172 τὸν
1385 2146 1489 2172 Παῦλον
1509 2145 1553 2171 διὰ
1579 2145 1609 2171 τὸ
1627 2145 1721 2176 τέλος·
1741 2144 1818 2170 οὐδὲν
1835 2142 1889 2176 γὰρ

1103 2194 1185 2231 ἧττον
1198 2193 1228 2220 τὸ
1243 2192 1344 2227 ἀγαθὸν
1360 2191 1472 2225 ἀγαθὸν,
1495 2190 1547 2217 κᾶν
1592 2191 1622 2216 τὸ
1647 2190 1722 2221 τέλος
1741 2190 1868 2224 ἀνόμοιον
1881 2197 1888 2204 ι

1105 2241 1152 2268 καὶ
1161 2241 1191 2266 τὸ
1201 2239 1285 2266 κακὸν
1297 2238 1392 2270 κακὸν,
1407 2237 1457 2263 κᾶν
1471 2236 1509 2272 μὴ
1520 2236 1596 2266 τέλος
1612 2237 1703 2270 ὅμοιον
1715 2235 1888 2269 imo-39mm-

1104 2289 1176 2320 τινὲς
1184 2288 1212 2315 δὲ
1223 2288 1268 2314 καὶ
1283 2286 1378 2321 μικτὸν
1390 2286 1482 2319 ἔχουσι
1496 2285 1552 2319 βίον
1563 2284 1592 2316 ἐξ
1603 2282 1712 2316 ἀγαθῶν
1728 2282 1776 2309 καὶ
1787 2282 1890 2312 κακῶν,

268 2337 389 2362 alliciens
404 2344 412 2362 ;
429 2340 456 2361 ct
473 2335 586 2360 Paulum
603 2335 631 2360 in
649 2334 701 2360 [itte
719 2339 828 2368 propter
841 2334 941 2361 linem?
960 2335 1044 2368 lpsuu

1106 2335 1154 2362 καὶ
1165 2334 1215 2360 οὑκ
1229 2333 1313 2367 ἐχρῆν
1326 2331 1496 2365 ἀναιρεῖσθαι
1511 2330 1554 2355 διὰ
1565 2330 1598 2355 τὰ
1615 2330 1688 2354 κακὰ
1704 2328 1821 2361 τάγαθά.

270 2383 369 2408 bonum
395 2387 436 2408 est
458 2382 569 2411 bonum,
585 2380 636 2406 etsi
657 2379 721 2406 linis
739 2380 822 2406 fuerit
837 2380 992 2408 dissimilis.
1011 2381 1144 2409 Similiter
1158 2380 1258 2407 malum
1275 2381 1317 2405 est
1330 2378 1443 2407 malum,
1472 2376 1523 2402 etsi
1552 2376 1619 2401 lines
1649 2382 1703 2401 non
1729 2378 1890 2407 congruant.

268 2428 383 2460 Quidam
402 2431 541 2453 sectantur
562 2425 646 2451 vitam
683 2425 806 2457 mistam,
840 2432 901 2460 qua»
924 2431 1032 2453 constat
1064 2427 1140 2455 vitiis
1169 2430 1197 2453 et
1226 2424 1386 2451 virtutibus.
1411 2421 1558 2456 Oportebat
1584 2421 1668 2454 igitur
1703 2420 1819 2447 virtutes
1843 2427 1891 2446 seu

270 2476 340 2502 bona
358 2473 427 2505 tolli,
447 2477 557 2506 propter
573 2471 639 2497 vitia
656 2475 684 2498 et
700 2471 793 2497 mala?

307 2518 337 2545 Si
352 2521 442 2544 autem
460 2517 504 2542 illa
533 2515 638 2542 fuerint
663 2515 751 2549 aquis
776 2514 948 2549 portionibus
961 2515 1057 2542 distri-

273 2566 347 2594 buta.
362 2562 408 2597 qui
424 2570 454 2589 ea
471 2561 582 2593 habent,
601 2568 652 2587 nec
674 2561 736 2587 boni
755 2569 804 2586 nec
830 2561 893 2586 mali
916 2561 1057 2593 dicuntur,

272 2610 318 2637 sed
340 2609 368 2636 in
387 2607 476 2635 medio
505 2608 576 2633 inter
604 2611 752 2641 utrumque
775 2610 830 2632 tam
859 2607 955 2632 vitium
976 2615 1057 2641 quant

272 2657 401 2682 virtutem
420 2657 589 2680 consistunt.
607 2653 639 2679 Et
657 2653 717 2684 hos,
731 2653 753 2678 si
771 2657 816 2678 tua
843 2653 935 2686 opinio
955 2653 1058 2684 vincat,

274 2712 287 2726 ι·
309 2701 398 2728 medio
418 2700 541 2727 sublatos
557 2699 639 2725 \clles
653 2705 714 2724 cum
731 2699 826 2733 cupias
845 2701 917 2724 soios
934 2698 1019 2725 bonos
1033 2699 1059 2725 in

275 2747 377 2774 mundo
397 2754 468 2772 esse.
495 2745 527 2770 Et
549 2752 615 2771 sane
630 2752 677 2771 eos
705 2746 791 2777 magis
808 2752 861 2770 nou
879 2752 940 2771 esse
962 2751 1061 2770 Conve-

276 2794 366 2820 niebat
398 2797 508 2826 propter
534 2792 615 2820 mala,
640 2798 806 2824 qnaiuesse
838 2795 949 2825 propter
979 2791 1060 2816 bona.

274 2839 356 2871 Quid,
387 2840 518 2869 obsecro,
547 2837 634 2864 scutis
657 2835 691 2863 de
716 2836 933 2869 simplicioribus
960 2836 1061 2868 quibus

274 2888 377 2914 malum
390 2893 444 2912 non
464 2886 624 2918 imputatur,
645 2883 698 2910 etsi
720 2883 810 2910 solum
827 2883 879 2909 fuci
889 2883 907 2908 it
921 2882 961 2908 vel
974 2881 1058 2909 abun-

1146 2514 1178 2540 Εἰ
1192 2513 1221 2539 δὲ
1241 2513 1288 2539 καὶ
1315 2512 1364 2546 ἴσῳ
1386 2511 1478 2545 μέτρῳ
1500 2508 1575 2543 τύχοι
1595 2508 1683 2534 ταῦτα
1705 2507 1773 2542 πρὸς
1790 2507 1894 2542 ἄλληλα

1109 2559 1306 2594 διαιρούμενα,
1337 2559 1361 2584 οἱ
1389 2555 1476 2582 ταῦτα
1505 2555 1610 2589 ἔχοντες
1635 2554 1691 2579 οὒτ’
1718 2553 1815 2587 ἀγαθοὶ
1835 2554 1895 2588 κρι-

1111 2615 1201 2633 νοιντο
1215 2605 1247 2632 ἂν
1263 2605 1376 2634 εἰκότως
1389 2602 1451 2629 οὔτε
1467 2601 1548 2627 κακοί
1558 2609 1564 2616 ο
1579 2600 1679 2626 τούτων
1695 2599 1809 2630 ἐκείνοις
1824 2600 1895 2625 ἀντι.-

1110 2651 1294 2686 λογιζομένων
1306 2650 1352 2674 καὶ
1367 2648 1452 2682 μέσην
1468 2645 1617 2672 ποιούντων
1634 2645 1683 2678 τὴν
1697 2645 1802 2670 τοιάνδε
1816 2645 1897 2670 κατά-

1112 2705 1224 2724 σταδιν·
1250 2696 1296 2721 καὶ
1318 2694 1429 2722 τούτους
1446 2690 1491 2718 οὖν
1519 2691 1602 2726 ὲχρῆν
1622 2690 1658 2724 μὴ
1679 2690 1805 2723 γενέσθαι
1827 2690 1897 2716 κατᾶ

1113 2745 1191 2777 λόγον
1205 2743 1251 2768 τὸν
1271 2741 1315 2767 σὸν
1339 2740 1436 2774 μόνους
1451 2738 1588 2770 ἀξιοῦντος
1605 2736 1732 2768 γενέσθαι
1749 2737 1812 2766 τοὺς
1828 2736 1897 2768 ἁγα-

1115 2791 1193 2821 (ὶούς-
1224 2788 1314 2814 καέτοι
1336 2786 1436 2821 μᾶλλον
1466 2785 1517 2810 ἔδει
1544 2784 1580 2818 μὴ
1600 2780 1671 2809 εἶναι
1699 2782 1743 2808 διὰ
1764 2783 1797 2808 τὰ
1813 2782 1896 2813 κακὰ,

1115 2836 1185 2869 ἥπερ
1204 2831 1272 2860 εἶναι
1296 2832 1342 2858 διὰ
1358 2831 1391 2856 τὰ
1405 2830 1505 2863 ἀγαθά.
1523 2828 1555 2854 Τί
1571 2827 1592 2854 δ’
1609 2827 1641 2854 ἂν
1660 2827 1748 2858 εἴποις
1763 2829 1828 2862 περὶ
1845 2827 1899 2853 τῶν

1224 2788 1314 2814 καέτοι
1336 2786 1436 2821 μᾶλλον

1115 2879 1307 2912 ἁπλουςτέρων
1332 2876 1372 2908 οἷς
1403 2876 1440 2911 μὴ
1470 2874 1609 2909 λογίζεται
1633 2874 1664 2900 τὺ
1687 2873 1787 2905 κακὸν,
1806 2873 1856 2900 κᾶν
