2072 3157
171 152 220 185 113

718 155 988 185 COMMENTARII
1008 155 1048 185 IN
1069 155 1248 184 GENESIN.

1753 150 1802 183 114

168 209 251 244 τυχὸν
278 209 371 244 μόνον,
390 208 443 235 κᾶν
465 207 621 244 πλεονάζῃς
649 209 708 235 ἀλλ’
736 210 796 237 οὐδὲ
822 211 853 236 τὸ
877 210 962 236 κακὸν

1024 211 1139 236 laverit?
1152 210 1250 236 Verum
1274 217 1323 236 nec
1349 209 1438 243 ipsum
1461 207 1624 242 simpliciter
1644 207 1744 233 malum
1758 208 1802 234 di-

171 255 265 286 ἁπλῶς
292 255 379 282 κακὸν
397 256 436 286 εἰς
455 255 573 289 ὄργανον
601 256 633 290 τῇ
663 256 780 292 Προνοίᾳ
807 257 960 290 γινόμενον,

171 301 388 336 γυμναζομένων
405 300 459 326 τῶν
484 300 595 334 ἀγαθῶν
619 302 647 327 ἐν
658 301 743 336 αὐτῷ,
762 303 807 329 καὶ
823 302 858 329 δι’
877 303 962 330 αὐτοῦ

171 347 340 382 γιγνομένων
353 347 421 381 ὅπερ
438 347 507 372 εἰσίν
517 355 524 361 ·
543 348 567 373 εἰ
581 348 635 381 γὰρ
644 347 742 380 ἁγαθοὶ
756 348 851 374 τούτου
863 349 956 383 χάριν,

172 393 214 419 ὅτι
241 392 309 426 πρὸς
324 391 378 417 τῶν
403 391 496 417 κακῶν
513 391 562 417 οὐκ
588 391 723 417 ἐνέδωκαν
746 391 962 426 γυμναζόμενοι,

173 437 348 473 ἀνῃρημένου
363 436 410 463 τοῦ
432 437 585 471 γυμνασίου
605 437 656 463 καὶ
674 437 793 470 τάγαθὸν
811 439 965 474 συνανῄρη-

172 493 234 510 ται·
247 483 285 515 ὡς
299 483 352 509 τῶν
367 483 479 518 ἐχιδνῶν
494 483 701 518 ἀναιρουμένων
715 484 761 510 καὶ
773 484 805 510 τὸ
815 485 847 510 ὲκ
863 485 964 511 τούτων

175 530 303 566 βοήθημα
315 538 320 544 ·
338 530 368 556 οὐ
383 530 437 566 γὰρ
450 530 484 564 δὴ
498 531 562 562 τοὺς
577 529 738 564 ἀνθρώπους
751 530 787 565 μὴ
800 530 883 563 ἀξιῶν
894 528 965 558 εἶναι

174 578 288 608 κακοὺς.
314 575 444 611 δαίμονας
459 576 588 609 ἀξιώσεις
605 573 675 602 εἶναι
693 576 762 612 πρὸς
785 577 943 611 γυμνασίαν
957 586 964 592 '

174 625 199 650 εἰ
217 622 270 658 γὰρ
286 623 370 657 ἐχρῆν
381 622 427 648 τὸν
439 622 505 648 θεον
519 622 550 648 τὸ
570 622 681 649 ἔλαττον
696 621 783 648 κακὸν
804 623 847 648 ἐπ’
861 622 967 658 ἀνθρὼ-

174 677 234 695 πων
261 669 394 699 κωλῦσαι.
420 669 487 695 πολὺ
504 668 604 703 μᾶλλον
622 668 669 694 ἐπὶ
693 667 749 694 τῶν
775 668 910 703 δαιμόνων
936 669 967 696 τὸ

176 714 271 748 μεῖζον
284 722 290 728 ·
309 713 361 739 οὐκ
372 713 427 747 ἄρα
443 713 521 739 ἔσται
536 713 566 739 τδ
581 712 720 747 γυμνάζον
736 712 767 738 τὸ
779 712 883 746 ἀγαθόν
895 720 902 728 ·
917 713 968 750 οὐκ

174 756 222 784 οὖν
236 756 306 784 εἶναι
324 758 428 791 ἀγαθὸν
457 757 646 791 κωλυθήσεται
659 765 665 771 ·
691 756 745 782 ἔδει
765 756 794 782 δὲ
811 756 858 782 καὶ
872 755 967 790 διαφο-

177 805 229 839 ρὰν
245 803 316 830 εἶναι
329 803 490 838 γυμνασίων
501 803 568 837 πρὸς
580 802 629 833 τὰς
643 802 788 836 διαφόρους
800 801 854 828 τῶν
865 810 968 836 γυμνα-

177 850 301 884 ζομένων
317 850 403 881 ἕξεις·
421 850 468 876 καὶ
483 849 532 883 τὴν
550 848 650 882 μᾶλλον
664 848 710 874 καὶ
726 845 808 883 ἦττον
821 848 851 879 ἐξ
866 847 969 882 ἀνθρώ-

178 906 250 928 πων,
270 896 320 931 τὴν
339 896 368 922 δὲ
385 895 486 930 μᾶλλον
503 896 550 921 καὶ
569 892 651 930 ἦττον
666 895 698 920 ἐκ
718 893 868 928 δαιμόνων·
887 894 934 919 καὶ
953 895 969 928 ἡ
986 888 1005 914 Β

177 943 265 970 κακία
283 943 322 973 δὲ,
336 942 379 969 διὰ
398 941 478 967 τοῦτο
502 941 596 970 κακία,
616 940 710 976 ἐπειδὴ
737 939 839 974 μᾶλλον
854 939 871 974 ἦ
888 937 968 975 ἦττον

177 989 342 1024 ιπεμὸαἰνει
360 990 417 1019 τοῖς
433 987 548 1021 ἀγαθοῖς
561 995 568 1002 ·
589 986 660 1013 ὥστε
682 986 746 1013 ἔνθα
761 985 969 1021 γυμναζόμενον

176 1035 292 1070 ἀγαθὸν,
311 1036 369 1061 ἐκεῖ
387 1035 434 1061 καὶ
456 1034 555 1060 κακόν·
573 1033 620 1060 καὶ
645 1032 710 1059 ἔνθα
731 1032 817 1058 κακὸν
837 1032 970 1059 ἐπιτεινό-

178 1089 260 1116 μενον
276 1081 323 1107 καὶ
344 1081 499 1115 ἀνιέμενον,
515 1080 624 1111 πάντως
641 1079 688 1105 καὶ
705 1079 822 1113 ἀγαθόν·
842 1078 901 1105 ἀλλ’
922 1079 968 1105 ἐπὶ

176 1127 209 1154 τὸ
226 1127 409 1161 προκείμενον
421 1125 629 1159 ἐπανέλθωμεν.

1015 264 1081 284 xero
1102 258 1217 286 malum,
1234 263 1295 282 cum
1318 256 1354 283 sit
1375 255 1453 289 quasi
1477 255 1690 281 instrumentum
1707 253 1803 281 Provi-

1013 302 1112 329 dentia:
1133 302 1231 328 divina:
1246 309 1301 336 quo
1324 305 1486 328 exercentur
1501 305 1528 327 et
1549 300 1701 334 probantur
1725 301 1802 330 boni.

1014 353 1043 374 ut
1059 355 1105 382 per
1118 347 1208 382 ipsum
1220 348 1286 374 ﬁant
1301 347 1374 381 quod
1385 351 1461 374 sunt.
1471 347 1499 373 Si
1510 347 1584 374 enim
1595 347 1631 373 ob
1647 346 1674 373 id
1688 347 1750 373 boni
1760 346 1805 373 di-

1014 393 1105 420 cimur
1115 397 1142 420 et
1153 393 1340 428 perhibemnr,
1352 393 1425 427 quod
1435 393 1664 420 malisexercitati
1677 398 1703 419 et
1711 391 1802 420 amicti

1015 439 1051 466 iis
1078 447 1133 466 non
1160 439 1329 466 cesserimus
1351 439 1479 473 turpiter,
1503 442 1578 466 certe
1598 438 1732 466 eXercitio
1761 438 1801 464 vel

1015 484 1062 514 illa
1074 485 1203 520 palatstra
1214 485 1357 512 destructo
1372 485 1531 511 destruetur
1541 489 1568 511 et
1580 484 1668 518 ipsum
1679 485 1780 511 bonum
1794 493 1802 511 :

1017 538 1071 558 non
1089 539 1171 558 secus
1186 538 1219 558 ac
1237 531 1337 566 viperis
1360 531 1487 560 sublatis.
1501 531 1582 557 etiam
1599 538 1613 557 e
1629 530 1718 557 medio
1730 530 1803 556 lolli-

1004 575 1061 604 'tur
1085 577 1257 609 remedium,
1281 576 1354 609 quod
1379 584 1411 603 ex
1439 576 1507 610 ipsis
1532 575 1603 603 Deus
1626 576 1740 610 largitus
1762 580 1806 602 cst

1016 624 1188 651 tnortalibus.
1206 623 1263 650 Non
1279 623 1352 651 enim
1368 623 1497 650 fortassis
1526 623 1590 650 dum
1616 623 1657 649 vis
1681 624 1804 649 homines

1016 671 1103 697 malos
1121 678 1175 697 non
1190 677 1264 699 esse.
1289 670 1430 697 desideras
1460 669 1598 696 daemones
1619 666 1691 700 esse,
1710 672 1740 695 ut
1763 670 1805 695 sic

1017 716 1169 750 probentur
1197 720 1224 743 et
1258 716 1462 743 examinentur.
1500 715 1529 743 Si
1559 715 1740 742 conveniebat
1777 718 1807 740 ut

1019 761 1090 789 Deus
1118 762 1208 789 minus
1234 762 1338 789 malum
1367 762 1394 789 in
1426 762 1584 789 hominibus
1611 765 1751 789 coerceret
1778 766 1807 788 et

1018 809 1172 841 cohiberet,
1193 809 1280 836 multo
1303 809 1389 842 magis
1417 809 1569 836 maximum
1591 809 1618 835 in
1636 808 1806 835 daemonibus

1020 854 1198 882 inhibendum
1220 860 1290 882 erat.
1318 855 1364 882 Sic
1382 862 1435 882 non
1462 855 1600 889 eritquod
1625 858 1752 881 exerceat
1779 858 1807 880 et

1023 900 1120 934 probet
1131 900 1231 926 bonum
1247 909 1253 927 :
1270 900 1326 927 imo
1338 907 1398 927 esse
1414 900 1516 926 bonum
1536 899 1736 934 prohibebitur.
1752 897 1808 925 Cte-

1023 951 1112 972 terum
1127 945 1238 972 diversa
1255 945 1400 980 oportebat
1414 953 1476 972 esse
1489 945 1621 971 exercitia
1635 949 1750 978 propter
1764 943 1808 970 di-

999 1004 1001 1006 -
1022 999 1119 1019 versos
1133 999 1162 1019 se
1177 992 1390 1019 exercitantium
1406 991 1525 1018 habitus.
1535 990 1700 1017 Exercitium
1717 989 1808 1024 quoad

1024 1038 1148 1065 homines
1162 1043 1188 1065 et
1210 1037 1298 1072 quoad
1313 1038 1451 1064 diemones
1465 1037 1553 1071 magis
1572 1040 1599 1063 et
1623 1036 1715 1062 minus
1740 1035 1810 1061 reci-

1022 1085 1097 1119 piat,
1123 1084 1247 1111 addecet.
1270 1083 1369 1111 Verum
1397 1083 1502 1111 malitia
1532 1087 1678 1118 propterea
1705 1081 1809 1108 malitia

1021 1127 1159 1162 judicatur
1181 1130 1245 1163 quia
1273 1129 1424 1156 Secundum
1440 1128 1529 1163 magis
1543 1128 1586 1154 vel
1607 1127 1698 1154 minus
1722 1127 1811 1153 bonos

176 1175 220 1201 vel
238 1174 296 1208 ipsa
316 1174 385 1200 bona
404 1172 575 1207 aggreditur.
593 1171 679 1206 Igitur
694 1171 807 1204 bonum,
830 1171 903 1207 quod
926 1171 971 1198 hic
990 1180 1144 1207 exercetur,
1160 1175 1215 1202 illic
1227 1175 1369 1209 (nimirum
1384 1182 1468 1209 penes
1490 1174 1611 1208 angelos)
1625 1173 1725 1200 malum
1754 1176 1807 1204 est.

180 1225 208 1247 et
227 1220 330 1245 malum
353 1219 390 1246 ibi
406 1219 439 1244 ad
460 1226 599 1245 summum
619 1218 769 1249 intensum,
786 1219 844 1246 illic
860 1226 974 1253 prorsus
993 1219 1094 1248 bonum
1109 1227 1161 1249 est.
1176 1222 1229 1250 Sed
1248 1223 1280 1250 ad
1297 1223 1469 1257 propositum
1485 1225 1669 1248 revertamur.

215 1265 271 1291 Καὶ
284 1262 370 1291 εἶπεν
383 1265 399 1291 ό
420 1265 508 1296 Θεός·
527 1263 707 1298 Ποιήσωμεν
729 1264 889 1298 ἄνθρωπον
909 1264 974 1291 κατ’

179 1311 283 1338 satira
301 1309 449 1344 ἡμετέραν
466 1309 514 1336 καὶ
529 1311 594 1337 καθ’
616 1311 761 1344 ὁμοίωσιν
773 1314 797 1336 °.
820 1331 827 1337 .
849 1329 856 1336 .
877 1330 885 1337 .
908 1330 914 1337 .
936 1329 943 1336 .
967 1329 974 1336 .

210 1375 218 1382 .
237 1377 243 1382 .
262 1355 391 1390 τομάτων
405 1354 458 1381 ¹τῶν
472 1355 648 1389 ἀρνουμένων
659 1357 708 1390 τῆς
720 1354 795 1386 θείας
812 1355 906 1386 οὐσίας
925 1354 975 1384 τὰς

181 1402 363 1432 ὑποστάσεις’
381 1401 412 1427 οὐ
428 1401 493 1435 γὰρ.
510 1401 673 1436 Γενηθήτω,
692 1401 786 1434 φησὶν,
816 1400 974 1436 ἄνθρωπος·

180 1447 250 1474 ἀλλά
261 1455 270 1462 ⁸
290 1457 298 1472 1
315 1447 476 1482 Ποιήσωμεν
487 1447 642 1481 ἄνθρωπον.
655 1457 663 1471 ι
674 1446 754 1472 Ἀλλὰ
768 1447 823 1480 γὰρ
844 1445 972 1480 ἀγγέλοις

181 1494 267 1527 λέγει,
279 1493 363 1526 φασιν
374 1500 380 1506 “
397 1490 458 1518 εἶτα
472 1492 618 1523 κοινωνοὺς
629 1492 764 1526 ἀγγέλους
779 1492 828 1526 τῆς
841 1492 974 1526 δημιουρ-

181 1541 246 1573 γίας
261 1539 436 1574 παρείληφε;
462 1539 509 1565 καὶ
529 1539 606 1572 γένος
634 1538 744 1565 κτιστὸν
768 1538 889 1572 ἀκτίστῳ
914 1537 974 1572 Θεῷ

1061 1267 1187 1303 Dixitque
1212 1268 1305 1296 Deus:
1330 1268 1468 1295 Faciemus
1485 1268 1617 1294 hominem
1644 1267 1671 1293 in
1696 1266 1810 1300 imagine

1024 1319 1126 1345 nostra,
1140 1315 1282 1342 secundum
1298 1315 1499 1342 similitudinem
1517 1318 1648 1343 nostram.
1665 1316 1720 1339 etc.
1738 1311 1811 1338 Dura

1025 1368 1083 1392 ora,
1101 1368 1161 1393 quae
1178 1361 1280 1388 audent
1298 1369 1397 1395 negare
1414 1361 1512 1388 divinat
1526 1359 1653 1387 essentia;
1667 1365 1810 1393 personas.

1025 1405 1083 1433 Non
1106 1407 1178 1434 enim
1202 1408 1314 1442 inquit:
1339 1406 1399 1433 Fiat
1426 1407 1517 1436 homo.
1545 1406 1615 1433 sed:
1641 1414 1650 1430 ι
1665 1403 1810 1431 Faciemus

1025 1453 1174 1480 hominem.
1193 1463 1202 1478 ι
1221 1453 1273 1480 Sed
1298 1457 1363 1480 sunt
1387 1454 1432 1488 qui
1448 1452 1551 1487 angelis
1561 1459 1623 1479 eum
1648 1449 1722 1484 IOqui
1744 1457 1811 1476 con-

1025 1499 1152 1534 tendunt,
1179 1499 1207 1526 Si
1230 1500 1342 1534 angelos
1366 1505 1395 1526 ut
1426 1499 1519 1526 socius
1545 1496 1695 1533 creatiouis
1711 1495 1811 1523 ascivit

1028 1544 1108 1574 Dens.
1126 1549 1198 1572 certe
1216 1552 1301 1579 genus
1317 1548 1437 1571 creatum
1457 1550 1519 1570 cum
1545 1542 1603 1569 Deo
1620 1542 1743 1568 increato
1765 1539 1811 1566 vel

183 1585 329 1618 συγκτίζει
352 1585 398 1610 τὸν
415 1584 570 1620 ἄνθρωπον,
587 1585 633 1611 καὶ
657 1584 750 1616 δοῦλος
772 1584 865 1611 δοῦλον
886 1583 971 1619 ἐργά-

1024 1595 1126 1617 aeterno
1137 1591 1258 1617 condidit
1269 1590 1417 1621 hominem,
1432 1596 1584 1624 servusqne
1596 1587 1675 1614 ﬁnxit
1687 1593 1809 1613 servum.

182 1632 258 1663 ζεται
269 1640 277 1664 ;
288 1630 343 1662 πῶς
353 1630 381 1657 δὲ
390 1632 437 1657 καὶ
453 1640 462 1656 1
485 1631 545 1656 κατ’
555 1631 647 1657 εἰκόνα
655 1630 795 1666 ἡμετέραν
806 1641 814 1655 ι
829 1629 910 1665 φησίν
921 1639 927 1663 ;
943 1630 974 1657 οὐ

183 1679 240 1712 γὰρ
271 1677 322 1711 μία
349 1676 417 1702 Θεοῦ
436 1677 483 1702 καὶ
507 1676 632 1710 ἀγγέλων
657 1675 750 1707 εἰκὼν,
775 1676 824 1710 τῆς
840 1675 868 1701 δὲ
893 1675 975 1709 ἁγίας

183 1722 303 1758 Τριάδος
314 1721 397 1749 εἰκὼν
412 1721 472 1757 μία.
490 1721 650 1757 θεοπρεπῶς
661 1721 793 1756 νοουμένη
806 1722 835 1747 ἐν
851 1720 976 1756 ἰδιώματι

185 1769 239 1804 τῆς
249 1769 403 1802 Θεότητος·
424 1778 433 1794 1
452 1768 522 1802 Ἐγὼ
550 1768 614 1803 γὰρ,
633 1768 709 1802 φησὶ,
725 1768 773 1794 καὶ
788 1768 802 1794 ό
832 1766 926 1802 Πατὴρ
947 1767 976 1793 ἒν

183 1818 288 1850 ἐσμεν·
305 1825 314 1840 ι
332 1815 391 1846 καὶ,
412 1824 421 1840 1
440 1815 470 1841 '0
488 1815 621 1849 ἑωρακὼς
645 1815 705 1849 ἐμὲ,
728 1814 833 1848 ἑώρακε
851 1814 897 1840 τὸν
918 1815 977 1841 Πα-

183 1862 269 1896 τέρα·
294 1870 303 1886 ι
321 1861 421 1886 οὐκοῦν
442 1860 497 1895 Υἱῷ
509 1868 596 1895 φησι·
611 1869 620 1885 1
633 1860 671 1886 Δι’
688 1857 718 1887 οὗ
735 1860 782 1887 καὶ
799 1861 863 1891 τοὺς
876 1860 977 1892 αἰῶνας

184 1907 338 1940 ἐποίησεν·
358 1916 369 1932 ι
396 1906 444 1933 καὶ
464 1906 504 1941 τῷ
530 1906 670 1941 Πνεύματι
693 1905 732 1941 τῷ
759 1905 843 1941 ἁγίῳ·
865 1915 874 1931 1
889 1906 928 1932 At’
946 1902 976 1933 οὗ

185 1951 399 1987 ἐστερεώθησαν
418 1952 445 1978 αἱ
469 1951 599 1986 δυνάμεις
624 1951 679 1978 τῶν
703 1950 834 1986 οὐρανῶν,
859 1961 868 1977 ι
886 1951 932 1978 καὶ
953 1949 976 1985 ᾧ

185 2000 237 2034 τὴν
253 1998 420 2033 οἰκουμένην
446 1998 657 2033 πεπληρωκέναι
676 1997 771 2032 φησίν·
789 1997 916 2032 ἐπιφέρει
930 1997 958 2024 δέ
970 2005 976 2012 ·

190 2055 200 2071 1
216 2046 272 2072 Kal.
281 2045 410 2079 ἐποίησεν
417 2046 431 2071 ὁ
441 2045 506 2076 Θεὸς
515 2045 560 2070 τὸν
569 2044 721 2079 ἄνθρωπον,
730 2044 805 2075 »οὑκ,
814 2043 909 2079 Ἑποίη
915 2051 976 2076 σαν,

185 2092 234 2119 διὰ
249 2092 298 2126 μὲν
313 2090 360 2117 τοῦ
384 2090 492 2126 πρώτου
507 2093 554 2116 τὸν
570 2089 736 2125 Ὶουδαῑσμὸν
754 2089 917 2120 συστέλλων,
934 2089 979 2116 διὰ

186 2139 216 2166 δὲ
232 2138 282 2164 τοῦ
295 2137 421 2172 δευτέρου
439 2137 483 2163 τὴν
505 2136 682 2172 Ἑλληνισμόν
693 2143 699 2150 ·
717 2136 764 2162 καὶ
781 2135 863 2162 πάλιν
879 2135 960 2170 φησιν
972 2143 978 2152 ι

191 2196 201 2212 1
219 2185 265 2212 Ἐν
281 2186 367 2212 εἰκόνι
382 2185 450 2212 Θεοῦ
472 2185 595 2220 ἐποίησε,
620 2194 630 2210 ›
644 2183 693 2210 τοῦ
711 2183 842 2219 συνεργοῦ
855 2192 974 2219 παρεισ-

188 2233 266 2267 άγων
278 2232 308 2258 τὺ
319 2232 473 2266 πρόσωπον·
481 2232 510 2257 οὐ
522 2232 576 2266 γὰρ
584 2228 672 2263 εἶπεν,
682 2231 725 2257 Ἑν
735 2230 819 2257 εἰκόνι
833 2230 941 2256 ἑαυτοῦ·
953 2230 978 2256 ει

189 2278 218 2304 δὲ
237 2278 286 2311 μία
297 2277 380 2303 εἰκὼν
390 2277 440 2311 τῆς
453 2277 596 2312 Θεότητος,
613 2276 671 2307 πῶς
686 2276 753 2310 φασί
765 2284 838 2306 τινες
851 2275 979 2309 ἀνόμοιον

189 2323 237 2350 τὸν
252 2323 344 2359 Υἱὺνῆ
359 2323 389 2349 τὸ
402 2322 513 2357 Πνεῦμα
533 2322 563 2348 τὺ
577 2322 671 2354 army;
690 2321 844 2356 προσώπων
861 2320 910 2355 μὲν
925 2320 979 2355 γὰρ

191 2370 295 2404 πλῆθος
307 2370 392 2404 δηλοῖ,
415 2371 480 2404 μίαν
505 2370 534 2396 δὲ
556 2368 694 2403 πανταχοῦ
720 2368 769 2404 τὴν
795 2367 905 2394 εἰκόνα’
923 2368 937 2393 ό
951 2367 980 2393 δὲ

192 2416 285 2450 λόγος.
301 2415 494 2451 βουλευτηρίου
512 2416 605 2450 σχῆμα
620 2414 784 2449 μεμίμηται,
805 2413 853 2448 τὴν
875 2413 915 2444 εἰς
935 2412 981 2439 τὸν

193 2463 378 2498 γεγενημένον
395 2462 537 2497 ἐμφαίνων
549 2462 646 2495 τιμήνθ
661 2460 692 2486 οὺ
708 2460 762 2494 γὰρ
779 2459 875 2494 βουλῆς
895 2459 981 2485 δεῖται

193 2510 208 2536 ὸ
222 2509 301 2540 Θεὸς,
319 2510 343 2535 εἰ
367 2509 416 2535 καὶ
438 2508 510 2535 οὕτω
523 2508 631 2541 λέγεται
647 2507 680 2533 δι’
705 2507 793 2540 ἡμᾶς·
814 2505 882 2540 πρὸς
903 2505 983 2531 τοῦτο

193 2557 249 2591 γὰρ
272 2555 320 2582 καὶ
346 2555 503 2589 θαυμαστδν
535 2553 686 2588 σύμόουλον
702 2552 815 2583 Ἡσαΐας
843 2551 911 2586 φησὶ
936 2550 983 2577 τὸν

194 2601 270 2631 Υἱὺν,
292 2601 472 2635 ἐξουσιαστήν
488 2608 518 2625 τε
545 2599 592 2625 καὶ
609 2598 675 2625 Θεὸν
703 2597 831 2632 ἰσχυρόν·
850 2597 911 2623 ὅθεν
935 2596 983 2623 ἐπὶ

195 2648 247 2682 μὲν
256 2646 312 2673 τῶν
324 2646 413 2672 ἄλλων
426 2645 586 2680 κτισμάτων
599 2645 663 2671 ἄνευ
677 2644 775 2679 βουλῆς
797 2644 814 2678 ἡ
833 2642 982 2678 πρόσταξις

193 2694 276 2728 ῑρνον
291 2691 324 2727 ἦν
344 2692 548 2727 παραγόμενον.
566 2691 612 2716 ἐπὶ
622 2690 652 2716 δὲ
667 2689 713 2716 τοῦ
727 2689 884 2722 ἀνθρώπου,
902 2688 935 2715 δι’
951 2688 982 2715 ὃν

231 2763 254 2777 ⁸⁷
274 2761 352 2788 Juan.
371 2769 398 2792 ι,
415 2760 460 2787 50.
498 2760 521 2776 ³⁸
536 2759 614 2786 Joan.
631 2766 687 2789 xw.
701 2758 728 2785 Ω.
768 2758 790 2773 ⁸⁹
810 2757 894 2785 llebr.
912 2766 931 2789 i.
950 2759 979 2784 2.

1026 1636 1161 1664 Praeterea
1175 1636 1314 1670 quomodo
1334 1639 1423 1671 potest
1442 1638 1533 1662 vestra
1564 1633 1658 1668 opinio
1681 1631 1812 1662 stabiliri.

1026 1688 1089 1706 cum
1104 1680 1236 1706 continuo
1256 1679 1354 1706 inferat
1371 1689 1378 1706 :
1399 1689 1407 1704 ι
1421 1678 1461 1706 Ad
1479 1678 1625 1712 imaginem
1638 1676 1783 1704 nostram?
1798 1685 1808 1701 ι

1026 1725 1062 1752 At
1085 1733 1139 1752 non
1154 1733 1207 1752 una
1226 1726 1316 1760 imago
1331 1729 1372 1752 est
1397 1725 1441 1751 Dei
1465 1729 1493 1751 et
1512 1723 1681 1758 angelorum.
1705 1721 1813 1749 Sanctae

1027 1778 1092 1798 vero
1107 1771 1250 1798 Trinitatis
1268 1779 1320 1797 una
1345 1774 1387 1798 est
1415 1771 1515 1804 imago,
1531 1769 1663 1796 divinitus
1686 1767 1815 1796 conside-

1027 1822 1088 1845 rata
1104 1821 1131 1845 et
1156 1824 1292 1852 perpensa
1311 1817 1338 1843 in
1355 1817 1460 1844 unitate
1481 1817 1524 1843 vel
1549 1815 1716 1850 proprietate
1738 1813 1814 1841 Divi-

1028 1863 1134 1890 nitatis.
1162 1862 1230 1890 Nam
1260 1862 1371 1896 inquit:
1392 1871 1400 1888 1
1422 1862 1476 1895 Ego
1495 1867 1521 1888 et
1551 1860 1631 1887 Pater
1654 1867 1738 1887 unum
1765 1867 1814 1886 su-

1029 1917 1090 1936 mus
1101 1909 1134 1942 '7,
1152 1918 1161 1934 ι
1177 1913 1205 1936 et
1223 1917 1230 1935 :
1249 1918 1257 1934 1
1277 1907 1329 1941 Qui
1348 1916 1391 1935 mc
1414 1908 1493 1938 vidit.
1509 1907 1574 1934 vidit
1588 1910 1615 1933 et
1632 1905 1740 1933 Patrem
1752 1905 1785 1931 ⁸⁸⁸.
1804 1914 1813 1930 ι

1028 1954 1124 1989 Itaque
1144 1954 1215 1982 Filio
1232 1955 1318 1982 dicit:
1341 1964 1350 1980 1
1366 1953 1417 1980 Per
1437 1962 1517 1988 queui
1543 1957 1571 1980 et
1593 1952 1693 1979 saecula
1721 1951 1816 1979 condi-

1029 2000 1113 2027 dit”.
1134 2010 1143 2026 ι
1167 1999 1280 2034 Spiritui
1297 2003 1394 2027 sancto
1411 1999 1477 2026 dicit
1492 2007 1523 2025 τι(
1539 1998 1590 2025 Per
1603 2006 1684 2033 quem
1701 1998 1814 2024 ﬁrmata:

1029 2047 1214 2074 suntvirtulcs
1228 2046 1375 2076 ctelorum.
1389 2055 1398 2070 ι
1415 2049 1442 2072 et
1454 2052 1534 2080 quem
1547 2044 1601 2079 36
1617 2044 1712 2071 orbem
1729 2050 1813 2070 terra-

1030 2100 1091 2119 rum
1118 2092 1275 2127 implevisse
1302 2095 1430 2118 testatur.
1468 2090 1585 2124 Subjicit
1612 2099 1618 2116 :
1650 2099 1659 2115 ι
1694 2090 1726 2116 Ει
1750 2088 1816 2115 fecit

1031 2139 1104 2166 Deus
1119 2138 1268 2165 hominem.
1286 2147 1295 2163 ι
1312 2136 1363 2164 Per
1388 2137 1505 2171 primum
1527 2135 1698 2162 Judaismum
1721 2139 1817 2161 retun-

1031 2184 1087 2216 dit,
1114 2191 1161 2219 per
1187 2183 1305 2210 alterum
1336 2182 1493 2209 Graecorum
1520 2181 1678 2215 opinionem
1703 2179 1815 2206 refellit.

1032 2230 1130 2258 lterum
1145 2229 1184 2256 ait
1199 2238 1205 2256 :
1222 2228 1272 2255 1|n
1287 2228 1407 2263 imagine
1422 2227 1468 2254 Dei
1486 2227 1562 2259 fecit,
1578 2236 1587 2252 ι
1604 2226 1704 2260 quibus
1724 2225 1817 2252 verbis

1034 2273 1225 2308 cooperarium
1243 2273 1300 2301 sive
1319 2272 1535 2299 collaborantem
1554 2271 1730 2305 signiﬁcavit,
1756 2270 1818 2305 ejus

1035 2328 1182 2355 personam
1198 2321 1225 2346 in
1242 2319 1361 2346 medium
1378 2318 1501 2345 ferendo.
1517 2317 1574 2344 Non
1590 2318 1662 2344 enim
1681 2316 1770 2347 dixit,
1790 2316 1818 2343 in

1036 2366 1156 2401 imagine
1175 2373 1235 2394 sua.
1252 2364 1280 2392 Si
1296 2372 1349 2392 una
1368 2365 1458 2400 imago
1478 2369 1520 2391 est
1535 2363 1662 2394 Deitatis,
1678 2362 1818 2398 quomodo

1036 2412 1147 2447 quidam
1172 2412 1274 2439 audent
1293 2411 1454 2439 dissimilem
1479 2417 1541 2437 esse
1565 2408 1664 2436 Filium
1687 2411 1735 2434 aut
1756 2406 1819 2442 Spi-

1035 2460 1119 2486 ritum
1147 2462 1274 2486 sanctum
1298 2457 1443 2485 asserere?
1476 2456 1677 2482 Multitudinem
1705 2454 1819 2489 quidem

1035 2511 1215 2541 personarum
1244 2504 1388 2538 Scriptura
1411 2502 1563 2537 signiﬁcat,
1595 2509 1688 2528 verum
1718 2500 1819 2535 ubique

1038 2558 1119 2584 unam
1150 2549 1297 2584 imaginem
1326 2547 1471 2574 Trinitatis
1502 2550 1711 2574 commemorat.
1741 2545 1818 2578 Quod

1037 2594 1109 2622 Deus
1134 2594 1264 2629 loquitur,
1291 2593 1417 2620 imitatur
1439 2591 1619 2619 deliberantis
1645 2597 1749 2618 morem
1770 2597 1818 2616 seu

1037 2642 1173 2675 habitum,
1189 2649 1244 2676 quo
1266 2640 1438 2675 signiﬁcatur
1461 2638 1580 2674 dignitas
1604 2643 1632 2664 et
1657 2635 1820 2664 excellentia

1035 2688 1119 2716 creati
1147 2687 1278 2715 hominis.
1306 2685 1384 2714 Haud
1400 2689 1492 2713 tamen
1522 2683 1594 2711 Deus
1611 2683 1722 2718 lindigct
1750 2689 1820 2709 con-

835 2815 952 2843 VARl.-E
964 2813 1165 2842 LECTIONES.

238 2882 249 2894 υ
265 2876 376 2903 Lacuna
399 2876 504 2911 pagina-
525 2874 609 2901 l’erme
625 2873 746 2900 dimidim
763 2873 789 2899 in
808 2873 905 2902 tribus.
925 2880 994 2906 quos
1009 2871 1076 2906 vidi,
1098 2871 1254 2900 codicibus.
