2072 3157
255 191 305 225 115

904 188 1063 222 PROCOPI
1068 188 1081 218 Ι
1100 185 1222 217 GAZAEI

1824 169 1874 202 116

253 248 327 278 silio,
348 247 413 274 licet
430 254 461 274 ea
480 247 520 275 sic
549 247 692 274 tradantur
706 251 820 283 propter
845 246 933 274 nostri
957 245 1039 273 intel-

1100 245 1104 269 ὸ
1118 242 1221 276 κόσμος
1235 239 1379 274 ὑφίστατο,
1396 233 1525 271 δηλοῦται
1540 231 1660 267 σχήματι
1675 226 1845 283 τῆςβουλῆξ

252 294 341 322 lectus
365 293 555 328 exiguitatem.
576 293 633 321 lluc
657 295 753 322 alludit
778 295 861 322 Isaias
890 292 1038 320 nominans

253 339 366 371 Filium,
400 339 610 373 admirabilem,
636 340 837 372 consiliarium,
868 339 952 366 Deum
978 337 1038 365 for-

254 390 308 413 tem
325 386 359 413 ⁸⁸.
384 385 499 413 Caetera:
521 390 655 413 creaturae
677 387 782 421 absque
802 385 1039 421 praemeditatione

254 435 280 458 et
295 431 421 463 consilio,
435 431 510 458 nudo
523 431 568 458 Dei
584 431 662 466 jussu
676 436 703 458 et
718 431 833 465 imperio
846 430 1037 457 substiterunt.

254 476 290 502 At
303 476 367 502 dum
388 475 545 503 deliberans
567 481 594 503 et
620 476 781 503 consultans
804 475 946 502 inducitur
968 473 1039 500 Deus

254 520 282 547 in
303 521 445 548 creatione
466 521 603 554 hominis,
621 521 777 548 ostenditur
797 521 858 555 ejus
874 519 996 554 dignitas
1013 522 1040 545 et

255 566 425 601 praestantia.
455 566 594 602 Siquidem
619 571 729 602 propter
747 567 819 594 hunc
839 565 956 593 mundus
977 565 1041 592 uni-

254 620 353 640 versus
370 612 504 640 conditus
526 618 579 641 est.
606 613 673 640 Nam
692 613 780 647 primo
797 612 874 647 quasi
891 611 926 638 ob
946 611 1041 638 oculos

255 657 369 692 ponitur
387 663 413 684 et
425 658 592 685 describitur
605 658 640 685 ab
655 657 760 693 Opifice
776 658 815 690 id,
833 657 905 692 quod
919 656 1041 684 futurum

256 709 310 737 est,
323 696 430 732 decenti
447 705 593 732 oratione:
611 705 687 732 addit
711 705 792 739 quale
806 712 867 732 esse
883 703 1040 735 conveniat,

258 749 292 776 ad
311 750 384 784 quod
407 751 548 786 exemplar
568 750 666 778 debeat
691 750 795 777 referre
819 749 1041 781 similitudinem,

259 796 303 822 cui
320 796 358 823 rei
375 797 539 830 destinetur,
557 797 623 832 quid
644 796 752 831 operari
769 796 878 827 debeat,
896 795 942 822 ubi
961 794 1043 821 fuerit

260 840 420 874 formatum,
443 842 544 877 quibus
573 849 683 877 quoque
700 842 737 869 sit
759 841 968 876 imperaturum.
990 837 1044 866 Sed

1090 272 1177 324 τιμήξ
1193 272 1381 323 προτυποῦται
1396 282 1450 317 γὰρ
1467 279 1542 315 παρὰ
1553 278 1601 305 τοῦ
1619 272 1875 324 τεχνιτεύρντοςβιὰ

1090 316 1140 370 τῖγς
1152 316 1200 360 ἶτοῦ
1217 316 1296 366 λόγου
1314 316 1423 366 γραφῆς
1436 316 1476 354 ντὺ
1502 326 1643 361 ἐσόμενον,
1658 321 1704 349 καὶ
1729 317 1785 370 οξον
1806 316 1876 370 εἶναι

1091 364 1237 415 προσήκει,
1254 364 1302 404 καὶ
1315 364 1382 410 τυρὸς
1399 375 1476 401 ποῖον
1489 372 1644 407 ἀρχέτυπον
1665 366 1812 415 ἀναφέρειν
1828 364 1877 415 τὴν

1092 412 1251 461 ὁμοιότητα,
1270 424 1316 450 καὶ
1332 421 1379 449 ἐπὶ
1394 420 1448 447 τινι
1463 419 1621 454 γενήσεται,
1635 414 1681 442 καὶ
1697 412 1879 461 rivi-sva”?-

1094 456 1135 498 σει
1163 456 1319 505 γενόμενον,
1337 468 1385 494 καὶ
1407 465 1490 493 τίνων
1513 461 1710 499 ἡγεμονεύσει*
1734 456 1880 505 anates);

1093 503 1247 547 τελεῦταῐος
1263 516 1277 542 ὁ
1295 514 1478 550 τιμιώτεροςς
1491 510 1586 544 ἐπειδὴ
1600 507 1728 542 καθάπερ
1746 503 1880 550 βασιλέως

1094 561 1253 595 εἰσάγεσθαι
1267 549 1420 596 μέλλοντος,
1435 558 1489 584 ἔδει
1508 555 1557 592 τὴν
1582 555 1674 581 πᾶσαν
1694 549 1880 596 προειλῆφβαι

1094 595 1291 644 παρασκευήν·
1314 605 1362 633 καὶ
1385 605 1430 632 διὰ
1452 603 1532 630 τοῦτο
1559 600 1731 644 προέδραμεν
1755 595 1879 644 οῦρανδΑς,

1093 641 1211 689 ἔφθασεν
1229 641 1317 688 ἥλιος,
1335 649 1500 686 προεισῆλθε
1515 648 1545 675 τὺ
1572 646 1640 682 φῶς,
1665 642 1803 679 προῦλαϐε
1815 641 1880 672 τοὺς

1094 700 1258 736 δαιτυμόνας
1276 699 1326 733 τῆς
1345 697 1492 727 ἑστιάσεως
1506 695 1523 729 ἡ
1538 691 1714 736 napacxsuh,
1736 689 1784 716 καὶ
1809 695 1882 736 παρτ

1095 732 1226 781 ελήλῦθεν
1241 732 1395 779 ἄνθρωπος,
1412 741 1465 768 τῶν
1487 740 1536 775 μὲν
1560 736 1659 771 θεατὴς
1671 735 1809 781 ἐσόμενος,
1827 732 1882 781 των

1096 791 1124 818 δὲ
1137 777 1239 826 ’κύριος
1250 811 1257 824 ,
1279 777 1317 820 ὧς
1333 789 1366 816 ἂν
1389 786 1518 822 Θαυμάζῃ
1532 784 1576 811 διὰ
1597 783 1652 810 τῶν
1677 780 1823 816 ὁρωμένων
1837 777 1882 803 τὸν

1104 837 1235 872 Ποιητήν.

260 888 399 920 quomodo
422 869 516 920 homo,
535 869 615 923 cujits
637 869 742 915 creatio
760 888 787 914 in
799 869 930 914 lultimum
949 886 1041 912 locum
1061 869 1188 918 conjecta
1204 869 1209 872 I
1224 887 1277 916 est,
1297 879 1431 915 dignitate
1457 875 1593 912 singulari
1618 870 1773 923 excellat
1796 869 1882 920 Opor-

261 933 414 964 ch:tt,n0n
427 941 507 961 secus
524 941 556 961 ac
573 934 596 961 si
615 941 664 961 rex
675 933 775 968 aliquis
804 932 967 968 magniﬁcus
998 931 1188 961 induceretur,
1227 927 1318 955 omnia
1342 933 1406 954 csse
1433 925 1588 959 praeparata
1612 925 1640 948 et
1665 917 1808 968 magniﬁce
1843 917 1885 941 il"

261 982 376 1006 structa.
394 978 567 1014 Quapropter
585 983 614 1006 ut
633 963 884 1014 homo'magnifice
907 977 1094 1012 exciperetur,
1107 974 1252 1011 praccssit
1280 973 1391 1003 cmlum,
1424 968 1556 1006 praevenit
1569 967 1621 999 sol,
1650 963 1884 1014 prius-Iingress‘a

261 1028 304 1051 est
319 1024 377 1056 lux,
397 1025 452 1053 imo
474 1031 622 1061 apparatus
637 1026 726 1053 omnis
744 1008 883 1060 praevertit
906 1024 1048 1055 Convivas,
1068 1022 1114 1056 qui
1144 1021 1183 1048 illi
1224 1020 1300 1046 lauto
1324 1017 1406 1052 epulo
1440 1013 1600 1042 admovendi
1625 1014 1713 1039 erant.
1735 1008 1823 1061 Homo
1840 1013 1886 1061 flc-

262 1071 348 1098 cessit
375 1072 556 1106 quorumdam
574 1076 715 1108 spectator
743 1075 770 1098 et
810 1070 993 1105 quorumdam
1021 1068 1152 1095 dominus
1178 1065 1300 1093 futurus.
1335 1063 1404 1090 Nam
1429 1061 1560 1091 decebat,
1595 1064 1629 1108 n’t‘
1651 1054 1886 1108 totiteniplarelur

262 1122 359 1144 exacte
381 1118 433 1144 hoc
455 1100 688 1152 mirabile-hujus
711 1116 834 1144 universi
853 1115 1004 1150 opiﬁcium,
1020 1118 1048 1140 et
1067 1112 1166 1140 deinde
1185 1113 1329 1145 raperetur
1343 1108 1370 1135 in
1382 1105 1591 1152 admirationem
1609 1100 1732 1152 Dpiﬁcis,

297 1163 432 1190 Caeterum
451 1163 590 1191 hominem
618 1167 760 1198 nuncupat
782 1162 928 1197 imaginem
949 1160 1046 1187 divinae
1061 1178 1084 1206 Β

264 1209 480 1241 dominationis;
500 1210 573 1245 quod
595 1214 625 1237 ut
636 1209 791 1237 evidentius
815 1208 966 1239 indicaret,
984 1214 1047 1240 sug-

265 1256 335 1288 gerit
349 1263 355 1281 :
375 1264 384 1280 ι
402 1254 434 1281 Et
447 1255 624 1282 dominentur
638 1255 759 1290 piscibus
779 1253 875 1281 maris.
891 1261 901 1278 ι
917 1251 969 1279 Sed
983 1258 1050 1285 quo-

266 1299 347 1326 modo
365 1307 418 1327 una
442 1301 512 1328 ratio
529 1300 600 1327 foret
627 1299 734 1335 imperii
750 1299 798 1326 Dei
821 1301 849 1325 et
875 1297 1047 1332 angelorum,

264 1345 316 1372 etsi
335 1345 570 1374 concessissemus
597 1345 680 1374 Deum
706 1345 741 1372 ad
767 1344 879 1379 angelos
912 1341 1050 1370 direxisse

266 1391 338 1418 hunc
357 1399 511 1419 sermonem
529 1401 535 1418 ε
556 1401 565 1417 ι
578 1392 724 1419 Faciemus
740 1391 877 1418 hominem
898 1388 1049 1417 secundum

264 1437 411 1471 imaginem
430 1438 573 1466 nostram?
586 1447 595 1464 ι
611 1437 672 1465 Non
686 1442 778 1464 autem
796 1436 846 1464 abs
860 1444 890 1464 re
908 1435 1051 1469 virimago

265 1481 368 1508 dicitur
385 1481 444 1515 Dei,
457 1490 508 1509 nec
531 1482 629 1509 mulier
643 1502 651 1514 ,
676 1481 742 1516 quia
763 1480 845 1507 verba
867 1479 932 1506 facit
949 1486 1002 1505 non
1018 1476 1052 1503 de

266 1528 365 1561 forma,
390 1529 438 1555 sed
460 1529 492 1556 de
509 1528 629 1563 imagine
644 1526 857 1558 sermocinatur,
872 1532 934 1560 quae
950 1526 977 1550 in
1001 1523 1051 1550 im-

266 1574 404 1608 peratoria
427 1574 562 1609 dignitate
577 1574 688 1604 visitur.
705 1580 787 1608 quam
806 1572 847 1599 vir
866 1571 941 1598 solus
966 1574 1050 1599 tenet.

268 1624 362 1653 utpote
376 1620 428 1647 sub
443 1620 523 1654 cujus
540 1619 656 1655 itnperio
669 1619 752 1646 etiam
769 1617 868 1645 mulier
883 1616 1051 1651 acquiescat.

267 1664 358 1700 lnquit
383 1666 478 1693 enim:
508 1665 685 1693 «Advirum
711 1670 789 1692 tuum
806 1664 858 1691 erit
881 1662 1051 1690 desiderium

269 1717 357 1744 tuum,
382 1716 410 1739 et
427 1712 485 1746 ipse
505 1711 695 1739 dominabitur
719 1711 768 1738 tibi
780 1711 813 1736 9‘.
829 1720 838 1736 ›
863 1709 898 1737 At
921 1709 965 1736 vir
986 1707 1052 1735 nulli

267 1765 375 1791 eorum,
396 1766 458 1793 qum
477 1759 506 1785 in
527 1763 598 1786 terra
617 1762 693 1789 sunt.
717 1757 843 1785 subditus
866 1760 893 1784 et
911 1755 1053 1789 subjectus

269 1805 368 1830 fertur.
387 1804 423 1831 Ut
440 1804 512 1831 Deus
533 1812 584 1832 suo
606 1804 722 1839 imperio
748 1802 906 1830 moderatur
932 1801 1024 1829 omnia
1045 1809 1052 1827 :

1138 1144 1238 1194 Ἀρχῆς
1257 1155 1286 1183 δὲ
1305 1155 1398 1182 εἰκόνα
1419 1152 1487 1188 φησὶ
1500 1151 1549 1186 τῆς
1574 1148 1648 1179 θείας
1662 1144 1886 1194 τὸν-ἄνθρωπονο

1099 1203 1146 1230 καὶ
1259 1200 1358 1235 δηλῶν,
1375 1198 1518 1233 ἐπιφέρει·
1539 1204 1549 1222 ι
1568 1194 1622 1221 Καὶ
1649 1191 1810 1228 ἀρχέτωσαν
1824 1188 1886 1235 γτῶν

1101 1247 1200 1283 ἰχθύων
1212 1247 1262 1281 τῆς
1276 1233 1414 1279 όαλάσσης
1424 1251 1431 1258 ο
1446 1252 1455 1268 ι
1473 1240 1544 1276 ἀρχὴ
1565 1239 1595 1266 δὲ
1609 1238 1678 1265 Θεοῦ
1702 1236 1749 1263 καὶ
1763 1233 1886 1283 ιὶγγέλων

1100 1278 1159 1324 rei};
1175 1292 1208 1319 ἂν
1224 1278 1331 1325 γένοιτο
1349 1278 1408 1324 μία,
1424 1288 1462 1319 ὡς
1472 1287 1505 1314 ἂν
1521 1286 1616 1321 φῶμεν
1637 1283 1705 1319 πρὸς
1729 1282 1792 1311 τοὺς
1804 1278 1888 1313 ἀγγέ-

1099 1339 1163 1370 λους
1176 1337 1314 1373 εἰρῆσθαν
1328 1345 1336 1361 ι
1350 1335 1513 1370 Ποιήσωμεν
1523 1332 1568 1359 τὸν
1577 1327 1785 1366 ᾶνθρωπονκατ¹
1795 1326 1887 1373 εἰκόνα

1101 1371 1238 1420 ἡμετέραν
1249 1391 1275 1415 ;»
1293 1381 1414 1412 Εἰκότως
1430 1380 1460 1406 δὲ
1477 1379 1491 1405 ὁ
1507 1378 1576 1413 ἀνὴρ
1591 1375 1673 1403 εἰκὼν
1684 1374 1793 1408 λέγεται
1807 1371 1886 1420 esui.

1101 1416 1203 1466 {vwlg
1220 1429 1248 1455 δὲ
1261 1427 1363 1458 οὐκέτι,
1380 1427 1421 1452 ὅτι
1434 1425 1465 1451 οὐ
1484 1424 1554 1450 κατὰ
1573 1422 1621 1457 τὴν
1639 1420 1757 1456 μορφὴν,
1773 1417 1844 1466 κατᾲ
1858 1416 1887 1443 δὲ

1101 1465 1151 1512 τὴν
1163 1479 1193 1503 ἐν
1210 1476 1281 1512 ἀρχῇ
1300 1474 1347 1501 νῦν
1367 1473 1460 1500 εἰκόνα
1485 1471 1578 1507 φησὶν,
1600 1470 1634 1504 ἣν
1649 1468 1720 1504 ἀνὴρ
1733 1467 1789 1502 ἔχει
1808 1465 1887 1501 μόνος

1102 1523 1147 1558 ὑφ’
1163 1523 1193 1549 ὃν
1206 1522 1263 1548 ἐστι
1276 1520 1322 1547 καί
1339 1521 1355 1555 ὴ
1369 1519 1437 1554 γυνή
1449 1526 1456 1533 ·
1477 1527 1487 1544 ι
1505 1516 1579 1553 Πρὸς
1596 1515 1641 1541 τὸν
1656 1514 1740 1548 ἄνδρα
1755 1512 1809 1558 γάρ
1826 1517 1887 1543 σου,

1103 1557 1197 1604 φήσὶν,
1212 1568 1229 1602 ἡ
1242 1565 1399 1601 ἀποστροφὴ
1417 1572 1474 1595 σου,
1488 1563 1534 1590 καὶ
1547 1561 1628 1592 αὑτός
1639 1568 1686 1586 σου
1703 1557 1842 1593 κυριεύσει
1852 1564 1858 1570 ’
1875 1564 1885 1581 ι

1102 1601 1184 1645 αὐτὸς
1199 1601 1228 1640 δέ
1244 1613 1299 1640 οὐδ’
1313 1612 1353 1638 ἑνὶ
1367 1611 1422 1637 τῶν
1439 1610 1486 1636 ἐπὶ
1496 1609 1547 1644 γῆς
1558 1606 1758 1634 ὑποτέτακται·
1777 1602 1835 1631 ἀλλ’
1850 1601 1889 1633 ὡς

1103 1661 1182 1696 ἄρχει
1196 1660 1262 1692 Θεὺς
1278 1659 1332 1686 τῶν
1344 1658 1423 1689 ὅλων,
1440 1655 1526 1687 οὕτως
1537 1654 1607 1689 ἀνὴρ
1625 1652 1753 1679 ἁπάντων
1768 1649 1821 1676 τῶν

1194 1707 1282 1737 οὐδεὶς
1298 1706 1352 1740 γὰρ
1369 1704 1451 1731 αὐτοῦ
1477 1702 1547 1729 κατὰ
1567 1701 1670 1734 ταύτην
1691 1697 1836 1732 ἀνώτερος.
1852 1694 1890 1722 To

1103 1741 1139 1781 iis
1152 1763 1161 1779 ι
1175 1754 1236 1779 καθ’
1254 1752 1394 1788 ὁμοίωσιν,
1411 1761 1420 1777 ι
1438 1750 1469 1776 τὸ
1480 1749 1584 1784 ἥμερον
1601 1745 1670 1773 εἶναι
1684 1745 1731 1772 καὶ
1744 1743 1831 1778 πρᾶον
1842 1741 1890 1768 καὶ

1104 1803 1144 1833 εἰς
1159 1801 1272 1835 δύναμιν
1297 1797 1488 1833 ἐξομοιοῦσθαι
1503 1795 1563 1830 Θεῷ
1587 1792 1646 1820 κατ’
1668 1790 1770 1826 ἀρετῆς
1792 1789 1889 1835 λόγονῖ

269 1850 309 1876 sic
327 1850 430 1881 omnia,
447 1857 508 1884 qua:
535 1855 607 1877 terra
632 1849 726 1882 habet,
743 1849 877 1884 gubernat
897 1847 949 1874 vir.
967 1846 1050 1873 Nemo

1108 1857 1117 1872 ι
1132 1831 1234 1873 1¹ίνεθε¹
1248 1844 1301 1879 γὰρ
1311 1864 1318 1876 ,
1344 1831 1442 1878 -φησὶν,
1472 1840 1654 1875 οἰκτίρμονες,
1673 1836 1764 1884 ualidi;
1799 1833 1847 1861 καὶ
1860 1831 1891 1884 ‘6

267 1897 340 1922 enim
355 1896 405 1922 hoc
422 1896 447 1922 in
462 1896 553 1928 terris,
571 1896 594 1924 si
609 1895 717 1930 imperii
729 1894 891 1929 dignitatem
908 1892 1052 1923 intuearis.

269 1941 398 1976 superior
426 1945 478 1968 est.
501 1940 580 1973 Quod
605 1941 661 1972 ait,
688 1951 697 1966 ‹
718 1939 868 1967 secundum
892 1937 1054 1966 similitudi-

268 1995 344 2019 nem,
383 1997 393 2013 ›
418 1987 459 2014 sic
484 1987 605 2022 intellige
632 1997 639 2014 :
670 1985 706 2014 Ut
739 1985 837 2016 simus,
859 1989 992 2020 quantum
1025 1984 1052 2011 in

269 2033 349 2060 nobis
365 2038 417 2065 est,
439 2033 530 2065 mites,
545 2037 572 2060 et
595 2037 734 2068 quatenus
751 2033 830 2060 nobis
855 2031 987 2066 possibile
1010 2034 1053 2058 est

271 2080 326 2106 Deo
341 2079 539 2113 assimilemur,
547 2080 630 2107 sicuti
641 2079 782 2114 Scriptura
791 2083 909 2105 testatur
922 2085 944 2102 ει
961 2077 1055 2104 Estote

270 2125 482 2158 misericordes,
519 2125 750 2161 quemadmodum
781 2128 810 2152 et
850 2123 930 2151 Pater
963 2128 1056 2151 vester

270 2172 428 2200 misericors
443 2178 484 2200 est
498 2174 532 2200 '".
551 2183 561 2200 ι
585 2172 631 2200 Sic
647 2176 674 2199 et
693 2171 796 2199 Paulus
811 2179 871 2203 eos,
888 2171 934 2206 qui
951 2171 985 2198 de
1004 2170 1055 2197 hac

269 2219 452 2246 similitudine
477 2219 648 2251 exciderant,
672 2218 773 2245 iterum
798 2225 828 2245 se
848 2217 988 2252 parturire
1013 2217 1055 2243 in-

270 2264 328 2298 quit
340 2265 374 2297 ",
388 2265 476 2292 donec
490 2264 620 2292 Christus
637 2264 665 2291 in
678 2263 746 2299 ipsis
761 2263 908 2290 formetur.
923 2261 1053 2288 Exactam

270 2318 381 2344 quoque
410 2311 551 2345 religionis
583 2310 737 2337 doctrinam
759 2309 807 2336 illa
833 2309 916 2335 verba
942 2315 1054 2334 annun-

1107 1891 1200 1927 Πατὴρ
1222 1891 1325 1925 ὑμὼνΡ
1342 1898 1348 1904 ·
1367 1898 1376 1914 ι
1404 1888 1453 1921 τῆς
1477 1886 1542 1921 γοῦν
1566 1884 1669 1914 εἰκόνος
1697 1881 1799 1914 ταύτης
1827 1878 1891 1927 τοῦς

1106 1923 1271 1968 ἐκπεσόντας
1289 1936 1379 1963 estw
1394 1934 1508 1965 Παῦλος,
1527 1932 1608 1967 μέχρι
1626 1927 1759 1966 μορφωθῇ
1774 1923 1892 1960 Χριστὺς

1107 1987 1135 2012 ἐν
1153 1985 1262 2015 αὐτοῖς·
1281 1982 1425 2016 ἀκρίϐειαν
1441 1980 1470 2006 δὲ
1492 1979 1634 2013 δογμάτων
1661 1975 1708 2002 καὶ
1731 1972 1819 2002 ἄλλως
1839 1978 1892 2003 κη-

1108 2031 1200 2067 ρύττει
1210 2030 1244 2057 τὰ
1261 2029 1384 2064 ῥήματα·
1404 2025 1497 2060 ἐπειδὴ
1512 2025 1566 2059 γὰρ
1584 2023 1664 2052 αὐτὸς
1679 2018 1892 2067 ἤμελλεν-ἐναν-

1107 2061 1321 2113 δρωπήσαςῆτίόν
1343 2073 1495 2101 ἐκπεσόντα
1519 2070 1615 2102 σώζειν
1641 2068 1784 2113 ἄνθρωπον
1803 2063 1833 2090 ὃν
1842 2061 1894 2113 5x-

1107 2108 1176 2155 τισε,
1193 2108 1237 2148 ea
1263 2121 1342 2148 τοῦτο
1362 2120 1502 2153 σιωπήσας
1517 2118 1546 2143 ὲν
1572 2116 1628 2146 τοῖς
1651 2113 1752 2143 ἄλλοις,
1775 2108 1893 2136 ἐνταῦθα

1108 2169 1193 2202 λέγει,
1216 2166 1392 2201 Ποιήσωμεν
1403 2173 1410 2180 ’
1439 2165 1482 2191 ἵνα
1508 2162 1579 2198 γνῷς
1602 2161 1644 2187 ὅτι
1658 2159 1691 2186 δι’
1707 2155 1738 2185 οὗ
1754 2156 1869 2202 γέγονας
1883 2174 1891 2186 ,

1107 2201 1243 2242 δι’γαὺτοῦ
1263 2213 1309 2240 καὶ
1324 2212 1412 2247 σώζῃ·
1429 2211 1466 2242 ὡς
1481 2209 1545 2243 περὶ
1565 2207 1624 2239 ὲνδς
1638 2207 1665 2233 δὲ
1682 2203 1767 2231 εἰπὼν
1780 2201 1827 2228 τοῦ
1845 2201 1894 2247 ἀνέ

1107 2260 1229 2297 Θρώπου,
1241 2246 1433 2295 πληθυντικῶς
1450 2256 1480 2283 τὸ
1509 2253 1698 2289 Ἀρχέτωσαν
1717 2249 1843 2284 ἐπήγαγε
1858 2246 1891 2272 τει

1107 2305 1272 2341 προγνώσει.

271 2357 351 2384 :iant.
379 2356 445 2384 Nam
463 2344 522 2391 ipse
546 2356 673 2384 Christus
695 2363 808 2384 carnem
833 2357 949 2384 induens
966 2356 1053 2383 voluit
1091 2355 1230 2383 hominem
1257 2354 1377 2389 lapsum,
1413 2357 1495 2386 quem
1521 2350 1674 2377 creaverat,
1701 2345 1729 2372 in
1755 2344 1893 2391 integrf'f“

272 2403 419 2432 restituere
448 2406 475 2429 et
497 2402 615 2429 salvare.
643 2401 816 2437 Quapropter
844 2409 907 2429 cum
937 2401 1008 2429 Deus
1026 2402 1054 2429 in
1071 2402 1187 2436 reliquis
1202 2399 1350 2428 creationis
1372 2398 1503 2433 operibus
1518 2394 1660 2423 silentium
1692 2394 1812 2420 tentaret,
1846 2387 1892 2413 hic

271 2449 330 2476 ait:
356 2447 507 2478 Faciemus,
532 2450 598 2477 etc.,
620 2450 651 2473 ut
675 2446 722 2473 ubi
740 2447 868 2481 cognoris
885 2450 911 2474 te
937 2446 971 2473 ab
985 2447 1045 2481 ipso
1065 2453 1127 2473 esse
1148 2445 1301 2478 conditum,
1314 2444 1406 2472 discas
1417 2446 1445 2470 te
1457 2442 1492 2469 ab
1512 2441 1572 2475 ipso
1587 2444 1697 2474 quoque
1727 2441 1754 2463 et
1785 2437 1892 2481 restau-

271 2495 328 2523 rari
363 2499 390 2521 et
415 2493 585 2521 conservari.
621 2492 717 2527 lnquit
743 2500 859 2520 numero
881 2492 1002 2527 plurali:
1021 2492 1174 2525 Faciemus,
1205 2497 1272 2524 etc.,
1298 2491 1340 2518 sic
1377 2490 1411 2516 de
1437 2494 1492 2515 uno
1519 2485 1704 2516 hominesua
1742 2479 1894 2516 pratcogni-

272 2542 348 2569 tione
379 2541 476 2570 fretus.
492 2539 560 2567 dicit
587 2539 615 2566 in
643 2546 759 2567 numero
787 2539 908 2573 plurali:
929 2539 1114 2567 Dominentur.

308 2587 450 2614 Hominem
473 2590 563 2613 autem
581 2585 717 2618 inducens
746 2586 775 2612 in
803 2585 875 2612 hunc
904 2585 1050 2617 mundum,

1143 2583 1195 2610 Τὸν
1208 2583 1236 2610 δὲ
1248 2582 1391 2618 ἄνθρωπον
1408 2582 1436 2607 ὲν
1447 2577 1599 2606 ἀπολαύσει
1613 2574 1668 2602 τῶν
1684 2573 1741 2600 ἄνω
1754 2572 1801 2598 καὶ
1816 2571 1892 2598 κάτω

272 2638 304 2660 ιιι
333 2632 511 2660 terrestribus
540 2636 567 2658 et
594 2631 755 2659 coelestibus
783 2631 939 2662 frueretur.
971 2638 1056 2658 occa-

261 2680 369 2711 ‘siones
398 2677 515 2712 duplicis
537 2680 687 2712 apparatus
705 2676 728 2704 ei
747 2676 896 2708 ministrat,
918 2675 1056 2703 terrestri-

274 2725 326 2752 bus
341 2723 465 2751 cmlestia
485 2723 652 2755 admiscens,
668 2726 698 2750 ut
714 2722 837 2758 utrisque
864 2721 1000 2750 subnixus
1015 2721 1057 2748 fa-

1110 2629 1290 2666 παραγαγὼν,
1305 2628 1401 2659 διπλᾶς
1413 2625 1487 2660 αὐτῷ
1498 2624 1547 2658 τῆς
1559 2621 1732 2654 κατασκευῆς
1745 2618 1793 2649 τὰς
1808 2618 1895 2666 6130p-

1111 2662 1164 2710 μάξ
1179 2662 1388 2704 καταϐάλλεται,
1408 2671 1448 2707 τῷ
1462 2671 1548 2706 γηΐνῳ
1563 2668 1594 2694 τὸ
1609 2667 1679 2693 θεῖον
1692 2662 1892 2699 ἐγκαταμίξας,

1109 2709 1154 2748 ἵνα
1172 2721 1205 2748 δι’
1230 2720 1391 2755 ἀμφοτέρων
1416 2714 1557 2752 συγγενῶς
1576 2722 1608 2741 τε
1627 2712 1674 2740 καὶ
1692 2711 1800 2741 οἰκείως
1825 2709 1894 2745 πρὸς

309 2804 332 2821 ⁸⁸
345 2803 397 2832 lsa.
411 2813 448 2837 ix,
464 2804 492 2831 6.
529 2806 550 2822 ⁹¹
568 2805 636 2834 Gen.
655 2814 696 2841 Ill,
713 2806 756 2834 16.
794 2808 817 2823 ⁹¹
832 2805 899 2834 Luc.
917 2813 955 2838 vt,
971 2804 1016 2831 56-

1100 2803 1180 2830 Galat
1211 2810 1248 2835 ιν,
1266 2801 1311 2829 l9.

905 2871 1022 2900 νΑιιιΑῑ
1039 2870 1183 2900 LECTION
1189 2870 1230 2898 ES

311 2913 325 2934 Ι
340 2908 404 2936 Cod.
421 2908 508 2944 ἡμῶν.
