2072 3157
170 126 219 161 117

718 135 984 179 ΟΟΜΜΕΝΤΑΗῙξ
1005 137 1046 167 IN
1057 139 1225 168 GENESIN

1754 137 1804 170 118

167 186 218 221 τὴν
244 185 380 221 ἑκατέραν
405 186 558 215 ἀπόλαυσιν
582 188 646 225 ἔχῃ·
673 188 741 216 Θεοῦ
760 190 821 225 μὲν,
842 190 886 217 διὰ
912 191 962 225 τῆς

1024 193 1162 220 niliariter
1177 197 1204 220 et
1219 193 1309 220 amice
1326 191 1461 220 afficiatur
1479 193 1512 220 ad
1530 193 1675 228 utriusque
1693 193 1804 220 fruitio-

170 232 310 268 θειοτέρας
330 232 455 267 φύσεως·
487 233 541 262 τῶν
564 235 593 261 δὲ
611 235 684 262 κατὰ
699 237 751 272 γῆν
776 237 898 271 ἀγαθῶν,
916 237 961 264 διὰ

168 279 219 312 τῆς
238 279 388 314 ὁμογενοῦς
407 280 562 315 αἰσθήσεως
584 282 748 309 ἀπολαύων·
767 283 816 310 καὶ
841 283 960 318 προῆλθε

168 327 202 359 τῇ
219 334 249 351 τε
267 325 339 361 ψυχῇ
367 326 517 361 βασιλικὸς,
540 328 713 364 αὐτοκρατὴς
732 328 769 356 ὢν
791 330 842 364 τῆς
862 329 966 357 ἑαυτοῦ*

171 372 369 407 προαιρέσεως,
385 373 433 399 καὶ
454 374 548 410 ὥσπερ
565 374 724 407 ἀδέσποτος,
741 375 788 402 καὶ
807 377 860 402 τῶν
875 377 961 403 ἄλλων

171 418 300 444 ἁπάντων
316 419 463 454 δεξάμενος
475 421 527 456 τὴν
540 422 630 457 ἀρχήν
641 430 648 438 ·
670 422 708 453 ὡς
725 423 819 449 εἰκόνα
842 423 912 459 φέρῃ
933 423 962 450 ὲν

171 465 259 500 τούτῳ
272 465 341 492 Θεοῦ
352 474 358 480 ·
377 467 423 492 καὶ
447 466 489 493 ἔτι
512 467 613 502 μᾶλλον
627 469 656 494 ὲν
674 466 715 500 οἷς
732 469 794 500 νοῦς
812 470 858 496 καὶ
884 470 964 504 λόγος

171 511 188 545 ἡ
204 510 312 546 θειότης
325 512 400 539 ἐστίν
411 521 418 528 ·
434 521 443 538 ι
456 513 500 540 ‘Ev
520 514 590 549 ἀρχῇ
611 514 665 550 γὰρ
680 512 714 550 ἦν
729 515 743 540 ό
760 515 862 548 Λόγος·
880 525 889 542 ι
903 516 961 547 καὶ,

178 566 187 581 ι
205 556 276 583 Νοῦν
292 556 391 592 ἔχομεν
405 559 535 594 Χριστοῦ,
557 570 566 586 ι
588 560 692 592 Παῦλός
706 569 789 595 φησι·
809 562 855 588 καὶ
867 563 894 588 ἐν
914 563 963 587 dv-

174 601 278 637 θρώπῳ
296 604 324 629 δὲ
347 603 449 631 τούτων
468 605 609 640 ἑκάτερον,
634 615 643 632 ι
661 607 755 642 ἀγάπη
773 607 849 639 Θεὸς,
867 617 875 633 ι
895 608 964 634 ἀλλὰ

174 649 222 674 καὶ
246 648 316 683 πρὸς
349 649 451 685 ταύτην
483 651 658 686 καλούμεθα·
687 661 697 677 ε
721 652 856 687 Ἐσόμεθα
891 654 963 689 γὰρ,

175 694 269 727 φησιν,
281 693 365 720 αὐτοῦ
387 696 509 732 μαθηταὶ
527 718 534 729 ,
558 697 605 724 ἐὰν
622 697 775 732 ἀγαπῶμεν
792 698 934 733 ἀλλήλους.
953 710 961 725 ι

174 739 270 766 Πάντα
287 740 430 767 ὲπιϐλέπει
452 742 483 768 τὸ
499 742 589 775 Θεῖον,
607 744 653 770 καὶ
670 744 759 771 πάντα
774 745 963 780 διερευνόἱται⁸

174 786 244 820 ἡμῖν
270 794 299 812 τε
331 787 472 823 αἰσθήσεις
501 791 547 815 καὶ
565 790 716 826 ζητητικὴν
742 791 882 826 παρέσχεν
909 792 965 818 διά-

174 839 268 858 νοιαν·
285 832 333 858 καὶ
355 830 395 864 εἷς
415 835 429 859 ό
444 833 505 865 νοῦς
519 836 587 869 ἡμῖν
608 835 622 861 ὁ
647 836 691 862 διὰ
709 836 763 863 τῶν
780 837 966 872 αἰσθητηρίων

176 875 285 908 διεξιὼν
315 876 361 904 καὶ
387 878 442 904 τῶν
469 879 554 906 ὄντων
571 879 804 916 ἐπιδρασσόμενος
830 883 901 908 κατὰ
919 882 968 918 τὴν

175 923 305 957 ἀνόμοιον
320 925 467 960 ὁμοιότητα
478 934 484 940 ·
505 927 564 952 ἐκεῖ
586 927 641 962 γὰρ
654 928 720 954 αὺτό
736 929 765 954 ἓν
780 929 828 955 καὶ
847 930 968 965 ἁπλότης

175 970 312 1005 ἀληθινή·
331 972 377 997 καὶ
391 972 497 1007 σώματι
510 973 537 999 δὲ
550 973 581 1000 τὸ
598 973 645 999 τοῦ
663 975 802 1009 σχήματος
818 975 968 1011 ἀπείληφεν

173 1015 280 1051 δρθιον,
297 1018 344 1044 καὶ
360 1019 428 1053 πρὸς
444 1019 489 1045 τὸν
509 1020 625 1055 οὐρανὸν
643 1021 815 1048 ἀνατείνεται
826 1030 833 1037 ·
854 1023 969 1058 ἀρχικόν

173 1063 224 1088 καὶ
240 1062 320 1090 τοῦτο
341 1064 440 1099 λαχὼν,
452 1065 507 1092 τῶν
524 1066 612 1094 ἄλλων
633 1067 767 1094 νευόντων
786 1069 827 1100 εἰς
851 1069 904 1103 γῆν
921 1069 969 1096 καὶ

173 1109 226 1143 τὴν
243 1110 312 1145 πρὸς
331 1111 425 1138 τοῦτον
445 1112 597 1147 δηλούντων
613 1114 771 1150 ὑποταγήν·
797 1114 853 1150 ἔχει
873 1115 903 1142 δὲ
921 1116 968 1142 καὶ

172 1156 273 1190 χεῖρας
300 1157 370 1192 πρὸς
404 1157 454 1193 τὴν
491 1159 539 1186 τοῦ
572 1160 652 1194 λόγου
688 1160 838 1196 συνεργοὺς
865 1160 970 1196 ὑπουρ-

171 1201 251 1235 γίαν.

1012 246 1091 270 ιιειιι;
1114 238 1169 265 Deo
1191 239 1330 265 frueretur
1347 244 1458 273 propter
1473 239 1649 271 diviniorcm,
1664 247 1717 274 qua
1737 246 1807 273 prae-

1013 282 1086 310 ditus
1101 289 1153 315 est,
1171 289 1319 310 naturam:
1348 284 1440 315 bonis,
1465 292 1528 319 quae
1549 288 1623 311 terra
1652 284 1804 319 profundit,

1013 337 1111 363 magna
1128 330 1270 364 voluptate
1291 334 1417 357 uteretur
1435 338 1484 365 per
1512 336 1660 365 cognatum
1679 338 1803 362 sensum,

1013 383 1068 409 quo
1085 375 1228 402 terrestria
1247 375 1373 411 percipit.
1400 375 1433 402 Et
1448 376 1558 409 quidem
1575 377 1657 402 homo
1677 375 1704 402 in
1733 376 1806 402 hunc

1014 420 1146 447 mundum
1170 428 1334 456 progressus
1358 427 1411 455 est,
1430 421 1483 457 37
1498 422 1579 456 quasi
1603 430 1649 449 rex
1665 421 1806 457 quispiam

1015 467 1103 494 libero
1118 468 1235 494 arbitrio
1253 467 1384 500 donatus,
1399 468 1535 502 planeque
1550 468 1630 500 Iiher,
1648 467 1806 502 nulliusque

1013 513 1068 546 juri
1088 513 1240 548 subjectus.
1257 514 1380 548 Accepto
1398 515 1425 540 in
1442 514 1548 549 reliqua
1563 514 1655 541 omnia
1677 513 1805 548 imperio,

1016 560 1131 594 pulchre
1155 568 1186 586 ea
1208 567 1237 586 re
1263 560 1310 586 Dei
1336 560 1486 595 imaginem
1514 565 1704 594 repraesentat.
1722 560 1808 596 Magis

1018 611 1106 632 tamen
1124 605 1270 638 imaginem
1288 605 1335 632 Dei
1355 613 1411 640 prie
1426 613 1456 633 se
1469 605 1523 633 fert
1539 611 1630 633 mente
1647 611 1674 633 et
1687 609 1805 633 ratione.

1019 659 1028 676 ι
1044 651 1073 677 In
1091 651 1229 686 principio
1248 651 1322 677 enim
1347 655 1407 678 erat
1434 650 1542 678 Sermo.
1563 661 1572 677 ι
1593 652 1626 678 Et
1643 651 1746 679 Paulus
1764 652 1807 678 iii-

1017 698 1098 732 quit:
1121 707 1130 722 ι
1150 697 1206 725 Nos
1227 702 1319 724 autem
1340 701 1458 725 mentem
1483 703 1611 726 tenemus
1626 698 1731 726 Christi
1748 699 1780 725 ³⁵.
1795 707 1805 724 ι

1017 744 1118 774 Verum
1131 745 1157 770 in
1173 745 1284 771 homine
1298 749 1446 780 utrumque
1457 744 1509 771 hoc
1521 745 1702 780 conspicitur.
1715 754 1724 770 ι
1735 743 1808 771 Dens

1018 795 1060 817 est
1081 791 1202 817 cbaritas
1215 791 1238 806 "
1251 799 1259 823 ;
1274 800 1284 816 ›
1312 791 1344 817 ad
1371 791 1442 818 lianc
1459 790 1579 818 subinde
1606 798 1658 818 nos
1684 791 1809 817 hortatur

1020 835 1163 869 Scriptura
1180 843 1279 863 saera:
1300 845 1309 861 ε
1328 835 1451 867 Erimus,
1469 836 1572 871 inquit,
1587 836 1649 870 ejus
1661 836 1807 870 discipuli,

1021 883 1043 909 si
1065 888 1188 909 mutuam
1204 883 1376 909 tenuerimus
1389 882 1552 909 eharitatem
1566 883 1599 908 ³⁸.
1619 891 1628 907 ι
1651 881 1749 909 Omnia
1767 882 1810 908 in-

1023 932 1115 955 tuetur
1128 927 1246 961 Numen,
1259 929 1408 963 omni-ique
1425 927 1520 955 sedula
1537 927 1666 962 indagine
1682 935 1810 962 perscru-

1022 977 1107 1001 tatur.
1124 972 1210 1001 Nobis
1230 981 1341 1008 quoque
1358 981 1460 1001 sensus
1476 978 1503 1001 et
1521 978 1639 1001 mentem
1656 973 1810 1007 indagatri-

1023 1027 1081 1046 rem
1097 1019 1258 1053 assignavit.
1276 1019 1335 1046 Una
1352 1019 1432 1046 nobis
1444 1024 1486 1047 est
1503 1027 1591 1051 mens,
1608 1027 1668 1053 qiue
1682 1026 1728 1054 per
1746 1027 1810 1045 scn-

1023 1073 1103 1092 suum
1120 1072 1224 1100 organa
1239 1072 1351 1099 egressa
1367 1065 1443 1092 entia
1464 1065 1644 1100 apprehendit
1661 1072 1708 1099 per
1726 1063 1811 1090 dissi-

1020 1111 1111 1138 milem
1121 1111 1331 1138 similitudinem
1344 1119 1350 1137 :
1366 1111 1393 1137 in
1405 1111 1474 1138 cado
1487 1111 1559 1138 enim
1569 1115 1610 1137 est
1623 1111 1711 1144 ipSuni
1725 1116 1810 1137 unum

1023 1161 1050 1185 et
1064 1164 1128 1184 vera
1144 1164 1292 1192 corporum
1309 1157 1485 1192 simplicitas.

1078 1203 1114 1230 Os
1130 1203 1231 1230 homini
1245 1202 1357 1230 sublime
1372 1202 1456 1234 dedit,
1472 1203 1617 1237 crelnmque
1638 1203 1707 1229 tueri

1075 1238 1173 1270 Iussit,
1187 1244 1208 1264 et
1224 1243 1324 1265 erectos
1339 1237 1373 1264 ad
1390 1238 1479 1265 sidera
1495 1238 1589 1264 tollere
1604 1239 1701 1264 vultus.

1421 1284 1518 1320 (Ονω.
1536 1284 1713 1318 Metanturplt.
1728 1284 1760 1317 I.)

174 1321 255 1349 Hunc
271 1323 380 1358 quidem
398 1326 524 1361 corporis
544 1326 680 1360 habitum,
701 1335 751 1356 ceu
766 1329 964 1357 dominationis
984 1330 1102 1366 insigne,
1121 1336 1219 1358 nactus
1238 1337 1290 1363 est,
1316 1331 1424 1358 caeteris
1440 1330 1607 1357 animalibus
1643 1331 1668 1357 in
1707 1333 1809 1357 terram

175 1372 331 1405 inclinatis,
350 1381 404 1408 quo
427 1379 506 1409 gestu
529 1376 629 1404 docent
645 1385 675 1404 se
701 1377 823 1406 humano
851 1378 967 1414 imperio
986 1386 1048 1407 esse
1060 1381 1189 1407 obnoxia.
1209 1379 1279 1406 Sunt
1297 1385 1324 1407 et
1339 1387 1437 1406 manus
1454 1379 1491 1406 ita
1510 1379 1643 1406 ordinata:
1694 1383 1723 1405 ut
1759 1383 1811 1405 suo

174 1420 334 1448 ministerio
349 1429 508 1450 sermonem
523 1424 655 1459 adjuvare
670 1430 783 1460 queant.

213 1477 294 1503 Ἐστι
308 1478 337 1504 δὲ
347 1478 403 1505 τῶν
417 1479 449 1505 ἐκ
460 1479 511 1514 τῆς
525 1481 632 1514 φύσεως
644 1481 822 1517 ἀμυντηρίων
839 1483 887 1509 καὶ
912 1482 968 1509 τῶν

176 1524 385 1558 σκεπασμάτων
398 1526 510 1560 γυμνὸς,
541 1526 645 1561 καίπερ
668 1527 737 1561 ἔχων
754 1529 805 1562 τὴν
829 1528 899 1555 κατὰ
914 1529 969 1555 τῶν

1058 1479 1159 1508 Verum
1189 1481 1251 1508 licet
1268 1481 1413 1515 imperimn
1427 1479 1465 1506 illi
1478 1487 1641 1507 concessum
1657 1479 1694 1507 sit
1707 1480 1735 1506 in
1752 1488 1814 1507 om-

1023 1528 1067 1554 nia
1082 1527 1222 1558 animalia,
1235 1531 1353 1554 attamen
1385 1527 1497 1554 inermis
1515 1532 1566 1554 est.
1591 1526 1689 1554 Causre
1723 1531 1788 1553 sunt
1806 1535 1813 1552 :

175 1568 269 1595 ἄλλων
284 1570 384 1606 ἀρχὴν.
400 1570 508 1605 πρῶτον
524 1571 573 1606 μὲν
584 1572 628 1598 ἵνα
646 1573 683 1608 μὴ
699 1573 811 1607 γένηται
827 1574 895 1609 πρὸς
920 1574 970 1610 τὴν

1024 1574 1121 1609 primo,
1143 1582 1176 1600 ne
1195 1574 1231 1600 sit
1248 1572 1322 1600 ferox
1341 1576 1367 1599 et
1382 1572 1587 1600 adituditlicilis
1604 1581 1611 1599 :
1637 1573 1714 1606 dein,
1732 1581 1765 1600 ne
1778 1574 1815 1600 sit

176 1615 269 1650 ἀρχὴν
281 1615 335 1642 τῶν
353 1616 441 1643 ἄλλων
463 1618 623 1653 ἀργότερος,
642 1619 726 1654 μηδὲν
749 1619 863 1646 ἐκείνων
877 1621 974 1656 δεόμε-

175 1670 235 1692 νος,
264 1661 337 1697 ἆπερ
364 1662 461 1696 γέγονε
481 1663 515 1689 δι’
543 1664 636 1694 αὐτὸν,
663 1664 726 1691 ὅοεν
751 1665 798 1691 καὶ
816 1667 848 1700 τῇ
866 1665 971 1698 γενέσει

177 1708 359 1743 προείληφεν·
375 1708 470 1745 ὥσπερ
488 1708 536 1737 οὖν
552 1710 691 1745 προῦλαὸε
708 1711 795 1738 ταῦτα
809 1711 864 1738 τῶν
879 1713 910 1739 ἐκ
922 1713 974 1748 γῆς

178 1755 360 1791 φυομένων-ἠ
388 1755 547 1792 βλάστησις,
573 1753 610 1784 ὧν
629 1757 753 1794 ὑπῆρχεν
780 1759 875 1793 ἐπιδεῆ
905 1759 973 1794 μετὰ

177 1799 271 1827 ταῦτα
288 1801 345 1833 ζῶα
357 1803 503 1837 γενόμενα“
522 1803 589 1835 ἴσως
601 1803 630 1830 δέ
645 1813 671 1830 τι
688 1804 735 1831 καὶ
750 1804 839 1838 δόγμα
852 1804 895 1830 διὰ
912 1803 974 1830 τούο

179 1855 229 1873 του
245 1847 389 1882 μηνύεται,
407 1848 444 1880 ὡς
461 1849 489 1875 ὲν
501 1851 575 1885 τρισὶ
587 1849 729 1885 διαφοραῖς
740 1851 756 1885 ή
769 1849 872 1885 ξωτική
883 1859 913 1876 τε
928 1850 976 1877 καὶ

179 1893 288 1928 ψυχικὴ
305 1894 421 1929 δύναμις
434 1895 602 1927 ἐξετάζεται·
618 1897 635 1931 ὴ
651 1897 700 1931 μὲν
714 1897 768 1931 γάρ
787 1897 847 1922 ἐστι
860 1896 974 1932 φυτικὴ,

181 1938 217 1976 ἦς
242 1941 276 1967 τὰ
300 1942 450 1976 μετέχοντα
463 1943 564 1977 τροφὴν
578 1942 634 1977 ἔχει
650 1943 698 1969 καὶ
719 1943 835 1978 αὖξησιν
852 1944 899 1971 καὶ
927 1944 975 1971 τοῦ

180 1987 280 2022 ὁμοίου
297 1988 345 2022 τὴν
358 1988 496 2024 γέννησιν·
514 1988 616 2024 ταύτης
632 1989 661 2015 δὲ
677 1989 761 2025 μόνης
784 1990 929 2025 μετείληχε
942 1989 977 2017 τὰ

182 2034 269 2069 φυτά”
283 2034 299 2069 ἠ
314 2034 342 2061 δὲ
366 2034 513 2070 αἰσθητικὴ
531 2036 586 2066 τοῖς
611 2036 767 2071 εἰρημένοις
783 2036 977 2070 προσλαϐοῦσα

180 2082 234 2116 τὴν
245 2081 384 2116 αἴσθησιν·
399 2082 467 2118 ὅπερ
477 2082 506 2108 ὲν
519 2083 552 2117 τῇ
569 2081 650 2116 φύσει
660 2082 716 2108 τῶν
729 2082 835 2116 ἀλόγων
846 2082 930 2109 ἐστίν·
960 2083 978 2118 ἠ

182 2128 214 2154 δὲ
228 2127 327 2162 λογικὴ
342 2127 432 2154 τελεία
447 2136 489 2158 τις
508 2125 576 2154 οὖσα
591 2128 640 2154 καὶ
655 2127 797 2162 ἄφθαρτος
816 2128 850 2163 ἣν
870 2127 978 2163 ἀνορω-

184 2182 238 2205 πος
266 2173 378 2208 ἔσχηκε.
399 2173 456 2200 Καὶ
474 2173 627 2206 τελευταῖος
652 2173 765 2205 εἰκότως
787 2174 900 2208 γέγονεν
926 2174 978 2209 ὁδῷ

182 2229 239 2246 τινι
259 2220 328 2256 πρὸς
345 2220 375 2247 τὸ
396 2220 500 2247 τέλειον
519 2219 668 2255 προϊούσης
689 2219 845 2251 ἀκολούθως
857 2220 908 2254 τῆς
929 2220 980 2254 φύ-

1026 1620 1169 1647 socordior
1179 1625 1206 1646 et
1221 1618 1401 1653 negligentior
1414 1619 1447 1645 ad
1461 1618 1673 1653 imperitantium
1687 1619 1815 1653 reliquis.

1025 1666 1103 1700 quasi
1120 1666 1155 1693 iis
1170 1673 1224 1693 non
1240 1673 1309 1700 opus
1320 1665 1430 1696 habeat,
1444 1672 1506 1692 cum
1534 1668 1625 1692 tamen
1647 1670 1760 1700 propter
1777 1666 1816 1700 ip-

1026 1719 1086 1738 sum
1097 1710 1208 1738 condita
1223 1710 1289 1737 sint.
1304 1709 1540 1743 Quemadmodum
1554 1709 1705 1737 creationis
1720 1709 1817 1737 ordine

1027 1757 1112 1784 herba
1127 1756 1294 1792 etplantula:
1305 1759 1514 1783 anteverterunt.
1531 1755 1662 1782 animalia
1675 1755 1767 1788 bruta,
1777 1756 1819 1783 sic

1026 1803 1107 1830 bruta
1124 1803 1221 1830 ordine
1235 1803 1385 1829 creationis
1399 1801 1737 1829 anteiverunthominem.
1752 1801 1819 1828 For-

1027 1854 1054 1878 te
1064 1855 1091 1877 et
1103 1850 1194 1884 aliqua
1204 1849 1318 1884 insignis
1330 1849 1456 1876 doctrina
1473 1855 1520 1883 per
1536 1849 1588 1875 ista
1604 1848 1682 1876 nobis
1694 1847 1817 1875 affertur.

1028 1897 1056 1924 In
1072 1897 1159 1923 tribus
1187 1895 1349 1923 differentiis
1380 1895 1474 1922 vitalis
1490 1898 1517 1922 et
1534 1894 1663 1921 animalis
1696 1894 1819 1928 potentia

1029 1942 1195 1976 exquiritur.
1216 1941 1276 1969 Una
1292 1944 1334 1968 est
1349 1940 1500 1974 vegetativa
1516 1939 1649 1974 potentia,
1663 1947 1744 1973 quam
1759 1946 1820 1974 quas

1030 1988 1140 2018 habent,
1169 1990 1343 2021 augmentum
1367 1992 1394 2013 et
1411 1986 1454 2014 sui
1480 1986 1579 2014 similis
1613 1985 1819 2020 generationem

1030 2035 1191 2063 sortiuntur.
1209 2033 1296 2067 Hujus
1312 2040 1376 2060 vero
1391 2033 1521 2067 potentia
1534 2032 1684 2066 participes
1699 2036 1763 2058 sunt
1775 2039 1820 2058 sos

1030 2082 1063 2108 lae
1080 2081 1180 2116 planta
1190 2083 1216 2107 et
1227 2079 1353 2106 arbores.
1371 2078 1508 2106 Sensitiva
1537 2082 1635 2111 praeter
1660 2077 1821 2111 praidictam

1031 2132 1057 2154 et
1084 2133 1195 2154 sensum
1222 2125 1363 2153 assumit:
1385 2131 1448 2159 quae
1479 2123 1590 2157 quidem
1622 2122 1693 2149 inest
1720 2122 1820 2149 brutis.

1031 2172 1165 2199 Caeterum
1181 2170 1326 2197 rationalis
1336 2169 1459 2204 potentia
1475 2167 1597 2203 perfecta
1607 2172 1634 2195 et
1642 2167 1769 2194 absoluta
1780 2171 1822 2194 est

1032 2217 1156 2250 nullique
1164 2215 1333 2251 corruptioni
1347 2214 1505 2250 exponitur.
1522 2213 1598 2240 Hanc
1611 2213 1693 2240 homo
1706 2213 1822 2247 adeptus

186 2275 265 2298 σεως’
283 2248 328 2298 ,ὡς
344 2268 374 2293 ἐν
388 2266 462 2302 τρισὶ
480 2248 586 2297 τούτοις
607 2248 818 2300 τδνψᾶνθρωπον

1033 2268 1076 2292 est
1094 2263 1149 2290 Nec
1160 2263 1209 2290 abs
1225 2270 1253 2289 re
1269 2262 1437 2290 novissimus
1445 2261 1570 2288 omnium
1586 2265 1696 2287 creatus
1707 2263 1760 2291 est,
1774 2259 1822 2287 sed

187 2313 332 2340 σύστασιν·
350 2313 398 2339 καὶ
418 2313 523 2348 μᾶρτυς
543 2313 558 2338 ὁ
576 2311 683 2343 Παῦλος
700 2312 882 2347 ἐπευχόμενος
898 2313 979 2346 Ἐφε-

187 2360 257 2390 σίοις
268 2360 320 2394 τὴν
336 2359 448 2394 ὁλοτελῆ
466 2359 546 2395 χάριν
556 2359 603 2385 τοῦ
618 2359 745 2393 σώματος
758 2359 806 2385 καὶ
821 2358 871 2393 τῆς
891 2358 980 2393 ψυχῆς

186 2407 236 2432 καὶ
250 2406 299 2432 τοῦ
318 2406 485 2440 πνεύματος,
506 2406 568 2432 ἀντί
583 2406 634 2440 τῆς
653 2405 769 2439 φυτικῆς
784 2405 816 2432 τὸ
829 2405 917 2439 σῶμα
933 2405 981 2432 λα-

188 2451 254 2483 δὼν,
270 2452 302 2478 τὸ
319 2451 348 2478 δὲ
364 2452 523 2486 αἰσθητικὸν
546 2451 583 2486 τῇ
608 2451 696 2486 ψυχῇ
721 2450 919 2486 διασημαίνων,
951 2450 981 2477 τὸ

186 2498 282 2532 νοερὸν
297 2497 324 2524 δὲ
345 2495 384 2531 τῷ
405 2498 561 2530 πνεύματν
576 2498 645 2532 ὅπερ
661 2496 730 2532 ἔχων
747 2497 826 2530 ἄρχει
841 2496 909 2532 πρὸς
925 2497 982 2528 τοῖς

189 2542 366 2578 φαινομένοις
383 2542 462 2574 ζώοις
479 2543 527 2569 καὶ
543 2542 598 2569 τῶν
613 2541 718 2577 νοητῶν
731 2541 845 2576 θηρίων,
862 2542 928 2577 περὶ
945 2538 983 2569 ὧν

189 2589 204 2615 ὁ
215 2589 294 2622 ἅγιος
307 2588 444 2624 εῦχεται,(
459 2588 504 2623 Μὴ
521 2588 650 2623 παραδῷς
666 2587 772 2623 Θηρίοις
783 2587 873 2623 ψυχὴν
886 2587 984 2622 ἐξομο-

189 2636 363 2671 λογουμένην
380 2644 431 2662 σοι·
451 2645 461 2661 ι
479 2636 525 2662 καὶ
542 2635 637 2670 ἰχθύας
652 2635 680 2661 δὲ
694 2635 740 2660 καὶ
760 2634 873 2661 πετεινὰ
887 2643 982 2670 τροπι-

191 2682 247 2713 κῶς
263 2682 401 2718 εὑρίσκεις
416 2679 577 2716 ὦνόφείλεις
590 2681 695 2716 ἄρχειν.

1033 2310 1113 2346 quasi
1129 2314 1226 2336 natura
1241 2309 1375 2344 significet
1389 2315 1418 2336 se
1428 2314 1481 2334 una
1497 2306 1615 2342 quadam
1628 2307 1670 2333 via
1686 2306 1824 2334 insisten-

1034 2362 1088 2391 tem
1105 2356 1139 2383 ad
1159 2355 1356 2390 perfectionem
1376 2354 1556 2382 contendere.
1583 2353 1663 2386 Quod
1681 2353 1763 2380 homo
1780 2353 1823 2380 his

1035 2403 1127 2430 tribus
1143 2402 1268 2437 partibus
1287 2403 1407 2432 constet,
1420 2399 1501 2427 testis
1517 2403 1559 2426 est
1575 2398 1690 2428 Paulus,
1707 2397 1753 2432 qui
1771 2405 1823 2432 op-

1035 2453 1076 2477 tat
1087 2448 1215 2483 Ephesiis
1245 2446 1392 2481 perfectam
1412 2446 1530 2480 gratiam
1544 2444 1682 2479 corporis,
1702 2443 1785 2470 animi
1799 2448 1824 2470 et

1031 2495 1159 2531 spiritus.
1176 2494 1233 2521 Sub
1250 2494 1362 2520 nomine
1373 2500 1480 2525 corpus,
1493 2491 1615 2518 ostendit
1627 2489 1823 2525 vegetativam,

1032 2542 1086 2570 sub
1097 2540 1217 2572 nomine,
1228 2539 1343 2570 animus,
1356 2537 1494 2573 significat
1509 2537 1690 2568 sensitivam;
1709 2535 1762 2563 sub
1775 2543 1825 2562 no-

1034 2588 1119 2617 mine.
1130 2586 1252 2619 spiritus,
1266 2585 1369 2611 indicat
1383 2583 1581 2610 intellectivam
1598 2581 1759 2617 potentiam.
1771 2581 1825 2608 llo-

1036 2641 1081 2660 tno
1096 2632 1168 2659 enim
1184 2631 1235 2657 hoc
1260 2630 1357 2664 spiritu
1377 2630 1497 2656 donatus
1514 2629 1630 2663 imperat
1646 2628 1824 2658 animalibus,

1037 2686 1096 2713 qua:
1112 2678 1138 2704 in
1155 2676 1207 2703 hoc
1226 2675 1328 2702 mundo
1341 2679 1484 2710 apparent,
1497 2676 1578 2702 etiatn
1595 2674 1778 2702 invisibilibus
1795 2678 1825 2700 ut

191 2729 266 2756 vitiis
281 2733 308 2755 et
323 2728 506 2760 daemonibus,
519 2727 554 2754 de
571 2728 672 2762 quibus
688 2731 802 2754 sanctus
824 2725 869 2753 ille
884 2729 945 2752 orat
961 2733 969 2752 :
992 2733 1002 2750 ‹
1021 2724 1061 2751 Νε
1073 2723 1166 2751 tradas
1177 2721 1276 2749 bestiis
1286 2721 1407 2748 animam
1423 2721 1598 2748 confitentem
1620 2721 1667 2748 tibi
1678 2720 1713 2747 '7.
1727 2729 1735 2745 ι
1754 2719 1787 2747 Ει
1801 2720 1824 2747 si

191 2776 226 2804 de
245 2775 369 2811 piscibus
380 2780 407 2803 et
425 2774 585 2804 volucribus
613 2783 669 2802 rem
685 2773 832 2809 allegorice
870 2773 948 2800 voles
974 2771 1138 2806 intelligere,
1174 2768 1295 2803 reperies
1318 2767 1420 2803 quibus
1441 2767 1544 2796 debeas
1573 2768 1718 2802 imperare.

228 2851 273 2879 “l
291 2851 355 2879 Cor.
374 2859 406 2884 ιι,
424 2852 466 2880 l6.
505 2835 634 2879 l"’lloan.
653 2859 690 2884 iv,
710 2850 753 2878 ιδ.
793 2851 816 2867 π
831 2849 909 2877 Joan.
926 2856 986 2882 xm,
999 2848 1043 2876 53.
1071 2847 1092 2864 ⁹¹¹
1111 2846 1183 2874 Psal.
1202 2853 1299 2877 tum,
1314 2845 1358 2873 l9.
