2072 3157
271 151 322 185 119

922 156 1099 187 PROCOPII
1114 158 1235 189 GAZAEI

1841 155 1891 187 120

299 206 376 238 Quod
386 206 633 239 tlicit,tsecundum
643 208 797 244 imaginem,
805 209 929 244 tquidam
945 219 1052 246 accepe-

1139 211 1175 238 Τδ
1191 212 1218 238 δὲ
1237 221 1247 238 t
1257 213 1318 238 κατ’
1333 212 1427 238 εἰκόνα
1437 221 1446 237 ν
1457 212 1482 237 οἱ
1497 211 1546 246 μὲν
1559 210 1630 238 κατὰ
1638 210 1727 246 ψυχὴν
1736 210 1819 246 μόνην
1834 210 1892 237 ἑδέ-

264 257 329 279 runt
340 251 373 279 de
390 253 449 280 solo
463 254 566 286 animo,
577 254 773 289 quasianitnus
786 256 862 284 solus
874 256 951 283 sitad
964 257 1056 291 imagi-

264 307 325 326 nem
334 299 380 326 Dei
390 299 589 328 forniatus.Alii
597 301 629 328 de
636 309 750 336 corpore
756 303 881 330 etanimo
889 303 1054 338 intelligunt,

265 346 453 381 principaliter
467 351 557 375 tamen
577 348 610 375 de
627 349 730 375 animo.
750 349 834 376 Aiunt
851 350 922 377 enim
938 360 944 377 :
959 349 1054 377 Omnis

265 393 356 427 imago
372 400 405 419 ex
416 393 528 420 materia
545 399 570 420 et
588 393 675 421 forma
688 396 915 430 componitur;ct
926 401 1052 422 neutrum

266 437 325 465 sine
334 439 419 465 altero
427 444 479 470 est,
488 439 537 467 sed
547 441 662 467 materia
671 444 697 467 et
709 441 795 467 forma
804 441 950 474 coniuncte
958 441 1055 468 dicun-

266 486 312 509 tur
327 482 470 516 imagines.
480 483 566 510 Elialn
577 484 678 519 lignum
690 485 779 519 imago
787 491 900 512 vocatur
908 491 1018 520 propter
1027 487 1054 513 in

265 529 327 562 ipso
339 528 448 555 ductam
464 529 598 563 picturam
612 538 672 564 quae
691 531 801 566 proprie
812 531 901 566 imago
913 536 965 559 est.
984 532 1055 559 Prat-

266 579 341 602 terea
356 575 563 610 inquiuntzNec
576 577 685 604 animus
701 585 749 612 per
759 585 788 605 se
804 578 895 613 imago
904 584 954 610 est,
965 578 987 605 si
1001 586 1055 606 non

268 622 341 649 adsit
358 622 457 650 virtus.
473 622 534 650 “th
547 627 619 650 enim
639 624 723 651 animi
740 624 913 652 divinissima
928 625 1013 652 forma
1027 630 1055 652 et

267 668 357 702 imago
366 672 418 700 est,
438 669 590 696 secundum
607 678 686 704 quam
701 671 782 698 homo
802 671 924 706 quotidie
937 679 1055 698 renova-

268 718 364 744 tur.ut
377 714 529 743 conformis
545 716 722 748 ﬁatChristo,
737 716 763 743 id
778 721 830 748 est,
845 717 891 744 Dei
907 717 1053 751 imaginem

267 760 392 794 recipiat.
420 760 474 787 Nec
509 761 618 787 animus
647 767 772 796 respectu
787 763 911 796 corporis
934 762 1054 789 divinam

269 806 414 841 imaginem
430 808 562 842 possidet.
576 807 676 835 Eadem
690 809 762 836 enim
778 809 886 836 ratione
896 809 979 836 etiam
990 810 1056 837 bro-

266 857 293 878 ta
311 851 440 878 animalia
456 852 576 879 divinam
589 853 734 888 imaginem
761 853 982 881 circumferrem.
998 854 1055 882 Nec

1108 257 1198 290 ξαντο,
1211 258 1236 284 οἱ
1247 258 1275 284 δὲ
1286 258 1345 284 κατ’
1358 258 1512 293 ἀμφότερα·
1531 256 1745 292 προηγουμένως
1759 257 1807 291 μὲν
1821 256 1891 283 κατὰ

1107 304 1208 339 ψυχὴν,
1222 304 1293 331 κατὰ
1317 304 1345 330 δὲ
1360 304 1390 330 τὸ
1404 303 1484 338 σῶμα
1503 303 1714 338 παρεπομένως.
1732 303 1810 329 Πᾶσα
1825 303 1890 337 γὰρ,

1107 351 1199 386 φασὶν,
1215 350 1296 376 εἰκὼν
1307 350 1335 383 ἐξ
1346 349 1411 386 ὕλης
1425 350 1472 376 καὶ
1486 349 1582 381 εἴδους·
1597 350 1643 376 καὶ
1651 349 1791 383 οὐδέτερον
1800 349 1893 383 ἐτέρου

1106 398 1199 432 χωρίς·
1218 397 1276 424 ἁλλ’
1295 397 1379 432 ἄμφω
1396 397 1519 430 λέγονται
1534 396 1634 431 ὁμοίιος
1655 395 1777 426 εἰκόνεςι
1793 395 1841 422 καὶ
1864 398 1894 421 τὸ

1109 443 1197 476 ξύλον,
1217 444 1342 478 εἰτύχοι,
1358 443 1402 469 διὰ
1415 442 1463 478 τὴν
1479 443 1507 468 ὲν
1524 442 1598 476 αὐτῴ
1611 441 1732 477 γραφὴν,
1749 441 1765 476 ἢ
1781 440 1812 475 δὴ
1825 449 1893 476 προ-

1107 488 1266 524 ηγουμένως
1289 488 1363 514 ἐστὶν
1381 487 1474 513 εἰκώνθ
1491 487 1589 522 μᾶλλον
1604 487 1632 513 δὲ
1649 487 1708 513 οὐδὲ
1719 486 1802 521 ψυχὴ,
1815 487 1892 520 φασὶ,

1107 534 1169 560 καθ’
1184 533 1284 569 ἑαυτὴν
1309 532 1391 560 εἰκὼν
1409 534 1495 568 χωρὶς
1509 533 1619 568 ἀρετῆς·
1636 532 1717 558 τοῦτο
1739 532 1792 567 γὰρ
1806 532 1893 566 αὐτῆς

1106 579 1137 605 τὸ
1153 579 1387 613 θεοπρεπέστατον
1414 576 1494 610 εἶδος,
1518 578 1579 604 καθ’
1594 579 1628 613 ἢν
1645 579 1658 604 ὁ
1673 578 1767 609 καινὸς
1789 577 1894 612 ἄνθρω-

1107 634 1167 658 πος·
1187 626 1228 652 ’ότι
1246 625 1292 652 τοῦ
1311 626 1370 658 νοὸς
1386 625 1568 652 ἀνακαινώσει
1585 624 1845 660 μεταμορφούμενος
1857 625 1895 650 ει-

1105 673 1265 703 δοποιεῖται,
1289 671 1450 708 σύμμορφος
1472 671 1702 705 ἀποδεικνύμενος
1718 670 1756 705 τῷ
1776 669 1833 704 Υἱῷ
1847 669 1894 696 τοῦ

1106 718 1184 750 Θεοῦ,
1209 719 1256 745 καὶ
1281 719 1312 745 τὸ
1328 719 1429 744 οἰκεῖον
1453 717 1666 751 ἀπολαμϐάνων,
1686 716 1716 742 τὸ
1740 716 1808 750 πρὸς
1828 715 1894 742 Θεὸν

1106 765 1234 799 ὁμοίωμα
1254 763 1336 797 λέγω·
1354 763 1416 790 οὔτε
1434 761 1481 789 οὖν
1504 762 1575 789 κατὰ
1590 762 1619 788 τὸ
1642 761 1722 796 σῶμα
1738 761 1858 795 Θεοειδὴς
1876 761 1893 795 ἡ

1105 810 1191 846 ψυχή·
1215 808 1249 846 ἦν
1275 810 1330 845 γὰρ
1347 810 1380 836 ἂν
1403 809 1475 836 οὕτω
1490 809 1538 834 καὶ
1552 809 1586 834 τὰ
1610 807 1695 841 ἄλογα
1709 807 1766 839 ζῶα
1779 806 1893 841 θεοειδῆ”

1106 853 1168 879 οὔτε
1182 853 1242 879 κατ’
1256 853 1351 888 αὐτὴν,
1365 853 1441 887 φασὶ,
1458 853 1508 887 τῆς
1522 852 1611 887 ψυχῆς
1625 852 1719 878 οὐσίαν
1731 860 1738 866 ·
1753 849 1770 886 ἦ
1790 851 1844 886 γὰρ
1861 851 1894 877 ἂν

266 898 360 930 etiam,
377 902 406 924 ut
423 898 510 930 aiunt,
543 898 627 932 ipsam
659 899 743 925 animi
763 899 946 926 substantiam
961 907 1009 934 per
1025 908 1054 927 se

1109 899 1152 925 καὶ
1171 899 1196 925 οῑ
1221 898 1319 932 φαῦλοι
1340 899 1390 932 τῆς
1406 898 1497 933 ψυχῆς
1512 898 1596 924 ἕνεκα
1613 896 1739 927 Θεοειδεῑς
1755 894 1836 931 ἦσαν·
1863 896 1895 921 οὐ

267 940 368 967 habere
388 941 508 968 divinam
536 942 695 977 imaginem.
711 943 757 970 Sic
772 944 844 970 enim
862 948 889 971 et
906 944 980 976 mali,
993 945 1053 979 qui-

266 986 318 1013 ltus
335 994 444 1021 quoque
458 995 567 1015 animus
585 993 637 1020 est,
652 988 774 1016 divinam
789 989 936 1024 imaginem
952 998 1007 1025 pm
1025 998 1054 1018 se

267 1032 380 1059 ferrent.
405 1031 461 1060 Nec
491 1037 581 1060 tamen
597 1034 700 1068 absque
716 1042 832 1069 corpore
843 1035 952 1062 animus
964 1036 1054 1070 imago

265 1078 425 1106 nominatur
441 1088 448 1105 :
465 1084 492 1106 et
504 1080 584 1107 Immo
597 1080 697 1108 dicitur
711 1080 800 1108 factus
813 1089 872 1109 mas
889 1087 915 1109 et
932 1081 1053 1114 femella,

265 1133 327 1160 quas
359 1126 469 1160 quidem
501 1127 625 1162 corporis
649 1127 810 1155 ditl'erentize
834 1133 910 1156 sunt.
942 1129 1052 1164 Augeri,

265 1171 446 1206 multiplicari
462 1176 488 1198 et
505 1173 618 1207 implere
629 1177 730 1200 terram
744 1173 850 1208 jussus.
862 1182 894 1201 ea
907 1175 979 1202 citra
992 1183 1054 1202 cor-

266 1218 342 1251 poris
361 1217 557 1245 adminiculnm
587 1224 717 1254 praestare
735 1228 789 1247 non
809 1225 915 1255 posset.
933 1220 1053 1248 Herbam

265 1267 294 1289 et
306 1263 413 1297 plantas
443 1264 621 1298 arboresque.
642 1265 741 1299 quibus
763 1265 863 1297 alatur,
878 1265 986 1300 accepit
997 1273 1053 1293 non

266 1315 346 1335 secus
366 1315 397 1334 ac
414 1309 517 1343 reliqua
529 1310 667 1338 animalia.
702 1309 808 1337 Etenim
824 1310 847 1337 si
861 1311 970 1338 animus
992 1319 1056 1346 pro-

267 1358 328 1389 pter
345 1355 506 1387 impressam
520 1355 666 1390 imaginem
679 1355 812 1387 divinam,
828 1361 872 1383 est
883 1356 974 1391 imago
994 1357 1053 1389 Dei,

267 1399 315 1434 qui
334 1401 444 1435 proprie
460 1400 622 1435 simpliciter
636 1401 726 1436 imago
740 1405 769 1428 et
781 1401 979 1437 incompositus
994 1406 1037 1429 est
1047 1422 1054 1435 ,

268 1447 394 1481 sequitur
408 1452 436 1473 nt
461 1454 561 1481 corpus
586 1451 698 1482 propter
718 1447 884 1482 insculptam
898 1448 989 1475 animo
1002 1449 1057 1484 38

268 1490 387 1518 divinam
411 1491 569 1526 imaginem,
590 1491 638 1519 Dei
656 1491 746 1527 imago
773 1492 821 1519 sit.
834 1501 843 1517 ι
855 1491 954 1520 Vultus
971 1493 1056 1525 enim,

268 1538 358 1573 inquit
374 1539 502 1574 Sapiens,
528 1539 579 1566 viri
597 1539 748 1574 prudentis,
777 1541 904 1573 vestitus,
929 1540 1057 1567 incessus

268 1585 399 1620 risusque
430 1586 568 1613 internum
595 1590 722 1620 retegunt
737 1586 887 1614 hominem.
903 1596 911 1612 ι
931 1586 1056 1622 Quapro-

268 1635 330 1666 pter
351 1631 395 1658 vir
416 1630 578 1658 diviniorem
592 1639 673 1666 quam
695 1632 793 1659 mulier
811 1637 907 1659 tenens
921 1633 1054 1666 animum,

269 1685 358 1712 usque
371 1677 405 1704 ad
423 1686 526 1713 corpus
542 1678 690 1713 imaginem
706 1679 824 1704 divinam
836 1678 968 1705 extendit.
979 1678 1055 1712 Qua~

267 1729 381 1759 propter
401 1731 574 1759 nequaquam
601 1732 616 1750 a
645 1724 732 1751 Paulo
760 1725 872 1759 jubetur
897 1724 989 1751 velare
1012 1732 1058 1751 ca-

268 1771 356 1806 put".
386 1770 520 1797 Caeterum
551 1771 643 1797 anima
664 1775 778 1798 vocatur
803 1775 877 1798 totus
905 1771 987 1798 homo
1001 1777 1055 1797 una

268 1823 330 1842 cum
347 1823 472 1850 corpore.
492 1815 601 1842 Initium
618 1815 692 1843 enitn
710 1816 784 1850 capit
801 1816 890 1851 imago
903 1824 936 1844 ex
953 1817 1057 1851 princi-

268 1862 383 1896 paliore,
400 1865 427 1888 et
439 1861 479 1888 sic
491 1861 524 1888 ad
536 1861 671 1889 iniirmius
687 1867 715 1889 et
730 1862 893 1890 imbecillius
904 1862 1057 1898 proﬁcisci-

269 1913 325 1935 tur.
341 1908 514 1943 Quapropter
530 1915 661 1942 perquam
677 1910 836 1936 necessaria
847 1908 897 1936 fuit
913 1909 1057 1936 Sermonis

268 1954 433 1986 incantatto,
449 1962 502 1989 qua
525 1953 709 1982 intercedente
724 1955 914 1982 resumebatur
935 1956 1057 1990 collapsa

1107 944 1160 980 μὴν
1177 944 1242 971 ἄνευ
1258 953 1289 978 γε
1302 943 1349 971 τοῦ
1369 943 1493 978 σώματος
1507 945 1523 978 ή
1539 943 1614 978 ψυχὴ
1629 942 1710 969 εἰκὼν
1722 942 1838 978 εἴρηται·
1848 941 1895 967 κα)⁸

1105 992 1119 1017 ὁ
1141 990 1283 1026 ἄνθρωπος
1313 989 1398 1025 ἄρσεν
1422 989 1470 1015 καὶ
1494 989 1561 1023 Θῆλυ
1587 988 1784 1023 πεποιημένος,
1810 988 1894 1023 αἴπερ

1105 1037 1160 1063 εἰσὶ
1177 1037 1313 1071 σωμάτων
1324 1036 1463 1071 διαφοραὶ,
1479 1035 1647 1067 «Αὑξάνεσθέ
1659 1044 1689 1062 τε
1698 1035 1745 1061 καὶ
1761 1034 1895 1069 πληθύνε-

1106 1083 1152 1110 σοε
1167 1083 1214 1110 καὶ
1224 1082 1386 1118 πληρώσατε
1394 1082 1444 1117 τὴν
1459 1082 1535 1116 γῆν,›
1551 1080 1731 1116 προσταχθείς
1740 1088 1746 1095 ’
1761 1080 1829 1115 ὅπερ
1841 1080 1892 1106 οὒκ

1104 1129 1169 1156 ἄνευ
1186 1129 1234 1156 τοῦ
1259 1128 1386 1164 σώματος
1403 1129 1518 1162 γίνεται·
1538 1127 1634 1162 χόρτον
1657 1135 1686 1153 τε
1711 1127 1750 1158 εἰς
1764 1127 1814 1161 τὴν
1831 1135 1896 1161 τρο-

1106 1176 1160 1211 φὴν
1181 1175 1228 1202 καὶ
1252 1174 1348 1209 δένδρα
1371 1174 1497 1209 καθάπερ
1520 1174 1543 1200 τ’
1563 1173 1631 1200 ἄλλα
1651 1172 1708 1205 ζῶα
1729 1172 1828 1199 λαϐών·
1848 1172 1896 1198 καὶ

1104 1220 1161 1255 γὰρ
1175 1219 1254 1255 εἴπερ
1267 1219 1283 1254 ή
1300 1219 1372 1254 ψυχὴ
1393 1219 1437 1246 διὰ
1446 1219 1492 1245 τὸν
1508 1218 1552 1245 ἐπ’
1567 1219 1634 1254 αὐτῇ
1645 1218 1806 1253 χαρακτῆρα
1824 1218 1895 1244 θεῖον

1106 1264 1189 1291 εἰκών
1211 1265 1268 1290 ἐστι
1282 1264 1361 1295 Θεοῦ,
1389 1264 1418 1296 ὃς
1443 1264 1490 1290 καὶ
1517 1264 1591 1295 ἰδίως
1615 1263 1698 1289 εἰκὼν
1722 1262 1824 1294 ἁπλοῦς
1848 1262 1896 1289 καὶ

1105 1310 1252 1342 ἀσύνθετος
1272 1309 1320 1341 ὢν,
1337 1310 1432 1337 ἕπεται
1448 1310 1495 1336 καὶ
1512 1310 1541 1336 τὸ
1563 1309 1643 1344 σῶμα
1658 1309 1706 1336 διὰ
1721 1309 1766 1335 τὸν
1786 1308 1830 1334 ἐπ’
1847 1308 1896 1334 αὐ-

1105 1357 1145 1391 τῷ
1156 1356 1319 1392 χαρακτῆρα
1329 1355 1433 1390 θεοειδῆ
1442 1356 1492 1391 τῆς
1504 1354 1604 1389 ψυχῆς,
1618 1355 1711 1381 εἰκόνα
1731 1352 1802 1381 εἶναι
1815 1353 1893 1380 θεοῦ*

1109 1413 1119 1429 ι
1135 1404 1287 1438 Πρόσωπον
1301 1402 1368 1438 γὰρ,
1383 1402 1478 1436 φησὶν,
1494 1401 1591 1437 ἀνδρὸς
1610 1400 1721 1427 συνετοῦ
1738 1400 1829 1434 σοφὸν,
1841 1408 1896 1426 στος

1106 1449 1202 1484 nam;
1218 1448 1264 1475 καὶ
1278 1448 1355 1484 βῆμα
1372 1449 1420 1474 καὶ
1440 1448 1526 1482 γέλως
1538 1448 1582 1474 τὸν
1597 1447 1671 1473 ἔνδον
1687 1446 1897 1474 ἀποκαλύπτου-

1109 1504 1151 1522 σιν
1166 1495 1319 1531 ἄνθρωπον·
1337 1504 1346 1520 ›
1358 1495 1453 1530 διόπερ
1462 1494 1533 1529 ἀνὴρ
1544 1493 1749 1528 θεοειδεστέραν
1765 1492 1834 1527 ἔχων
1846 1500 1896 1526 γυ-

1107 1541 1200 1572 ναικὸς
1213 1541 1261 1576 τὴν
1274 1540 1374 1576 ψυχὴν,
1391 1540 1472 1575 μέχρι
1488 1539 1534 1566 τοῦ
1548 1539 1673 1574 σώματος
1697 1538 1755 1573 ἔχει
1767 1539 1798 1564 τὺ
1815 1537 1898 1564 εξκὼν

1109 1586 1178 1614 εἶναι
1193 1587 1271 1614 Θεοῦ·
1287 1586 1324 1618 ὡς
1338 1585 1500 1614 κελεύεσθαι
1519 1585 1555 1621 μὴ
1567 1585 1752 1612 καλύπτεσθαι
1763 1584 1895 1618 κεφαλήν·

1108 1634 1182 1669 ψυχή
1198 1642 1229 1660 τε
1255 1633 1323 1664 ὂλως
1346 1633 1360 1659 ὸ
1381 1632 1526 1668 ἄνθρωπος
1552 1632 1599 1658 καὶ
1622 1631 1692 1666 μετὰ
1713 1630 1759 1656 τοῦ
1774 1630 1898 1664 σώματος

1108 1679 1283 1714 ὀνομάζεται·
1304 1678 1420 1713 ἄρχεται
1445 1678 1494 1712 μὲν
1513 1675 1560 1703 οὖν
1576 1677 1608 1703 ὲκ
1627 1676 1674 1703 τοῦ
1691 1675 1859 1711 κυριωτέρου
1879 1675 1896 1710 ἠ

1108 1727 1200 1758 εἰκὼν,
1218 1725 1326 1760 πρόεισι
1344 1724 1372 1750 δὲ
1385 1725 1431 1750 καὶ
1445 1723 1527 1758 μέχρι
1545 1722 1592 1749 τοῦ
1603 1720 1897 1756 καταδεεστέρου·ὃθεν

1109 1771 1247 1805 ἀναγκαία
1260 1770 1332 1806 μὲνή
1345 1770 1392 1796 τοῦ
1402 1770 1488 1803 Λόγου
1503 1770 1676 1804 σωμάτωσις,
1690 1767 1821 1802 ἀνάληψις
1830 1764 1898 1794 οὖσα

1109 1818 1159 1853 τῆς
1170 1816 1352 1851 διαπεσούσης
1363 1815 1476 1846 εἰκόνος,
1490 1815 1520 1841 οὺ
1537 1814 1700 1849 σωματικῶς
1722 1813 1813 1848 μόνον,
1829 1812 1900 1839 ἀλλὰ

1111 1864 1160 1890 καὶ
1173 1862 1369 1897 πνευματικῶς
1388 1860 1585 1895 εἰργασμένης·
1603 1859 1741 1894 ἀναγκαία
1753 1859 1782 1885 δὲ
1811 1858 1859 1885 καὶ
1881 1858 1899 1893 ἠ

1109 1909 1163 1935 τῶν
1175 1910 1308 1944 σωμάτων
1326 1907 1487 1938 ἀνάστασις,
1503 1906 1549 1934 τὺν
1560 1907 1621 1933 κατ’
1638 1905 1730 1932 εἰκόνα
1742 1904 1811 1932 Θεοῦ
1826 1912 1900 1940 παρ-

1113 1956 1213 1981 ιστᾶσα
1225 1954 1264 1989 τῷ
1287 1953 1448 1988 πεποιηκότι
1455 1972 1461 1979 .

268 2003 297 2026 et
313 1999 454 2034 deperdita
470 2000 570 2035 imago,
590 2008 644 2027 non
662 2001 842 2037 corporaliter
857 2001 948 2032 modo,
983 2001 1031 2029 sed
1066 2005 1093 2028 et
1113 2001 1293 2036 spiritualiter
1318 2003 1481 2027 restaurata.
1496 1997 1658 2026 NeceSSaria
1673 1997 1724 2024 fuit
1740 2001 1767 2025 et
1787 1996 1900 2023 univer-

270 2048 338 2075 salis
367 2053 513 2081 corporum
547 2042 727 2081 resurrectio,
755 2056 816 2082 quae
830 2048 904 2076 sistit
915 2047 971 2075 Deo
983 2056 1057 2081 eum,
1078 2048 1125 2082 qui
1153 2048 1305 2075 secuntlutu
1321 2047 1368 2074 Dei
1387 2045 1531 2081 imaginem
1548 2050 1575 2072 et
1590 2044 1724 2071 formatus
1754 2048 1781 2070 et
1814 2041 1902 2070 refor-

271 2097 361 2120 matus
375 2097 426 2119 CS1.

307 2139 457 2173 Apostolus
486 2139 630 2173 distinguit
655 2139 744 2167 virum
763 2148 777 2167 a
793 2141 920 2172 muliere,
941 2142 1036 2168 dicens
1053 2149 1059 2166 :

275 2194 284 2210 ι
295 2184 344 2212 Vir
355 2191 410 2211 non
430 2183 510 2211 debet
526 2185 615 2212 velare
628 2190 721 2220 caput,
738 2194 799 2212 ctttn
815 2187 849 2213 sit
865 2187 954 2221 imago
963 2191 988 2213 et
1005 2187 1062 2221 glo-

272 2230 313 2257 ria
337 2230 403 2262 Dei;
422 2233 449 2256 at
466 2230 564 2257 mulier
576 2235 618 2258 est
640 2232 728 2266 gloria
762 2232 812 2259 viri
822 2233 856 2259 θ’.
873 2242 882 2258 ι
904 2233 956 2260 Sed
972 2232 1061 2260 Moses

273 2276 383 2303 videtur
411 2276 515 2302 nullatn
536 2276 634 2303 aﬂ'crre
664 2277 882 2309 distinctionem,
912 2279 1060 2312 inquiens:

278 2332 286 2347 ι
299 2321 455 2349 Secundum
473 2322 617 2356 imaginem
632 2322 678 2350 Dei
697 2323 761 2350 fecit
776 2331 849 2356 eum,
868 2325 1020 2351 masculum
1038 2326 1082 2351 ρι’

274 2367 412 2395 femellam
427 2367 491 2394 iecit
510 2376 567 2394 eos.
589 2377 598 2392 ι
615 2367 717 2396 Paulus
730 2373 842 2397 secutus
859 2378 937 2396 suam
959 2371 1062 2397 oratio-

275 2415 388 2445 tionem,
402 2413 545 2440 mulierem
562 2413 587 2440 ei
600 2414 827 2441 accommodavit.
850 2414 902 2441 Sed
930 2414 1019 2443 Moses
1034 2417 1060 2443 iu

273 2460 363 2486 virum
375 2458 485 2485 reduxit
500 2463 649 2494 utrumque
660 2466 767 2492 sexum;
779 2459 843 2485 dum
856 2459 889 2486 de
902 2468 958 2486 uno
971 2460 1061 2495 loqui-

276 2511 331 2537 tur,
347 2509 495 2539 utrumque
511 2505 590 2532 nobis
604 2505 748 2540 proponit:
768 2515 776 2531 I
789 2504 946 2532 Secundum
966 2506 1063 2541 imagi-

278 2558 338 2578 nem
356 2549 403 2577 Dei
420 2550 485 2577 t'ecit
499 2558 577 2578 eum.
598 2560 606 2575 ι
629 2551 657 2577 Si
672 2552 743 2577 enim
769 2551 868 2578 mulier
884 2560 916 2578 ex
930 2552 988 2578 viro
1011 2552 1063 2579 sibi

276 2602 367 2623 ortum
397 2595 533 2628 vindicat,
569 2597 640 2623 haud
667 2597 803 2624 immerito
825 2598 851 2624 in
868 2598 956 2632 ipsum
985 2599 1063 2632 qttasi

277 2649 354 2669 suam
372 2643 489 2670 radicem
509 2642 660 2674 reducitur,
684 2651 766 2677 quant
787 2649 866 2671 nacta
891 2649 934 2671 est
957 2645 1064 2673 ratione

278 2688 405 2723 imaginis
420 2692 531 2723 propter
546 2688 706 2724 dignitatem
719 2693 746 2716 et
769 2692 954 2724 prmstantiam
984 2699 1062 2718 com-

279 2742 400 2761 munem.
417 2734 543 2762 Possnlet
555 2735 647 2770 itaque
655 2741 683 2761 et
696 2735 754 2768 ipsa
767 2736 887 2762 divinam
904 2736 1060 2771 imaginem,

278 2781 341 2814 quia
356 2788 370 2806 a
386 2781 444 2807 viro
460 2787 568 2816 sumpta
595 2786 648 2808 est.
660 2782 833 2817 Quapropter
855 2783 960 2818 inquit:
979 2792 988 2809 t
1003 2783 1061 2810 Mu-

315 2869 361 2898 “l
381 2870 443 2898 Cor.
465 2877 500 2902 tit,
527 2868 552 2897 6.
592 2870 613 2885 ⁸³
641 2869 705 2896 ibid.
729 2870 754 2897 7.

1080 2253 1100 2280 D

1149 2137 1203 2165 Τοῦ
1215 2137 1243 2164 δὲ
1261 2135 1422 2163 Ἀποστόλου
1438 2134 1651 2165 διαστέλλοντος,
1661 2143 1671 2158 t
1691 2131 1774 2168 ’Δνὴρ
1787 2131 1835 2166 μὲν
1847 2131 1903 2166 γὰρ

1115 2186 1165 2212 οὐκ
1173 2184 1275 2219 ὀφείλει
1291 2181 1550 2210 κατακαλύπτεσθαι
1566 2181 1614 2216 τὴν
1622 2179 1754 2214 κεφαλὴν,
1765 2178 1847 2205 εἰκὼν
1855 2179 1903 2206 καὶ

1115 2233 1179 2264 δόξα
1204 2231 1273 2258 Θεοῦ
1287 2230 1428 2265 ὑπάρχων·
1445 2229 1461 2263 ή
1475 2228 1502 2254 δὲ
1518 2227 1586 2262 γυνὴ
1600 2226 1664 2259 δόξα
1679 2225 1774 2261 ἀνδρός
1787 2225 1870 2256 ἐστιν,
1890 2234 1899 2250 ι

1118 2278 1294 2306 ἀδιάσταλτον
1317 2274 1386 2302 εἶναι
1411 2275 1474 2309 δόξῃ
1497 2274 1527 2299 τὸ
1556 2272 1694 2302 Μωῦσέως
1712 2271 1775 2306 περὶ
1800 2270 1903 2304 ἀμφοῖν

1117 2324 1251 2358 λέγοντος.
1273 2332 1282 2348 ‹
1304 2323 1371 2348 Κατ’
1385 2320 1476 2347 εἰκόνα
1489 2319 1556 2345 Θεοῦ
1573 2319 1700 2352 ἐποίησεν
1713 2317 1805 2347 αὑτὸν,
1820 2316 1904 2351 ᾱρρεν

1118 2370 1165 2397 καὶ
1177 2369 1242 2403 θῆλυ
1260 2368 1388 2402 ἐποίησεν
1403 2365 1511 2396 αὐτούς·
1532 2376 1540 2391 ι
1555 2364 1612 2391 ἀλλ’
1625 2363 1751 2390 ἀπέδωκε
1764 2362 1810 2388 τὸν
1824 2362 1904 2395 λόγον

1117 2417 1131 2442 ὁ
1150 2415 1268 2444 Παῦλος.
1283 2414 1343 2440 καθ’
1369 2413 1398 2440 ὃν
1416 2414 1501 2448 ἀνῆγε
1519 2412 1568 2446 τὴν
1586 2411 1703 2444 γυναῖκα
1718 2409 1837 2443 Μωῦσῆς
1863 2408 1904 2439 εἰς

1117 2462 1162 2488 τὸν
1176 2460 1269 2496 ἄνδρα,
1287 2461 1325 2491 ὡς
1340 2460 1406 2493 περὶ
1417 2458 1475 2490 ἐνὸς
1489 2456 1574 2484 εἰπὼν
1585 2456 1747 2492 ἀμφοτέρων
1755 2455 1810 2486 τὸ,ι
1825 2454 1905 2481 Κατὰ

1116 2507 1164 2543 τὴν
1178 2508 1270 2534 εἰκόνα
1281 2506 1347 2533 Θεοῦ
1361 2506 1489 2540 ἐποίησεν
1503 2503 1594 2530 αὐτόν.
1611 2512 1620 2528 ι
1640 2503 1671 2529 Εἰ
1683 2502 1736 2537 γὰρ
1750 2503 1782 2528 ὲκ
1796 2500 1842 2527 τοῦ
1858 2501 1905 2527 ἁν-

1116 2553 1177 2588 δρδς
1194 2554 1210 2588 ἠ
1226 2552 1304 2588 γυνὴ,
1322 2552 1434 2582 εἰκότως
1452 2552 1491 2582 εἰς
1506 2550 1556 2583 τὴν
1571 2549 1655 2582 αὐτῆς
1677 2547 1844 2582 ἀναφέρεται
1864 2545 1905 2581 ῥίς

1117 2598 1177 2632 ζαν,
1194 2598 1381 2633 ὑποϐεϐηκυῖα
1405 2597 1454 2632 μὲν
1474 2595 1546 2622 κατὰ
1568 2595 1613 2620 τὸν
1632 2594 1683 2628 τῆς
1703 2593 1808 2624 εἰκόνος
1824 2592 1904 2626 λόγον

1115 2645 1159 2672 διὰ
1177 2645 1222 2671 τὶν
1239 2644 1352 2679 ὁρισμὸν
1368 2643 1415 2669 καὶ
1441 2643 1490 2676 τὴν
1514 2641 1560 2668 τοῦ
1579 2640 1734 2675 ἀξιώματος
1759 2639 1903 2674 διαφορὰν.

1117 2691 1215 2726 ἔχουσα
1242 2691 1271 2717 δὲ
1295 2690 1377 2717 αὑτὸν
1400 2688 1445 2715 διὰ
1475 2689 1504 2714 τὸ
1527 2688 1631 2714 ἐκεῖθεν
1661 2687 1799 2721 εἰλῆφθαι.
1823 2684 1905 2711 ’Ὅθεν

1117 2737 1238 2773 κεφαλὴν
1260 2737 1345 2772 αὐτῆς
1365 2736 1425 2762 εἷπε
1452 2735 1496 2761 τον
1513 2735 1611 2769 ἄνδρα·
1642 2734 1690 2760 καὶ
1705 2733 1754 2767 τὴν
1771 2731 1905 2767 διαφορὰν

1116 2785 1148 2810 ἐκ
1158 2783 1259 2810 τούτων
1276 2782 1364 2814 σώσας
1380 2783 1407 2809 ἐν
1423 2781 1461 2816 τῷ
1474 2779 1594 2815 κεφαλὴν
1603 2777 1671 2806 εἶναι
1684 2778 1731 2805 τοῦ
1746 2777 1843 2813 ἀνδρὸς
1859 2777 1905 2803 τὸν
