2072 3157
188 127 236 161 121

733 141 1000 172 COMMENTARII
1022 143 1063 173 IN
1084 145 1262 179 GENESIN.

1764 151 1815 183 12?.

189 186 319 242 Ξίριει-ῖὺν,ζ
326 190 375 242 καὶ
385 192 422 227 μὴ
431 192 481 227 τῆς
493 195 633 228 γυναικὸς,
641 197 776 232 ἐπήγαγε·
783 208 791 224 1
804 198 845 225 Τὰ
855 199 882 225 δὲ
889 200 974 226 πάντα

1032 200 1106 229 lieris
1124 209 1213 232 autem
1227 210 1310 240 caput
1323 206 1365 233 vir
1380 210 1424 234 est
1437 207 1443 222 ¹
1456 215 1463 240 ;
1477 216 1486 232 1
1504 206 1606 242 quibus
1622 207 1712 235 verbis
1725 209 1814 236 excel-

187 231 219 279 ξκ
233 233 281 260 τοῦ
298 234 378 268 Θεοῦ,
397 247 406 263 1
430 239 510 273 μίξας
535 240 571 266 τὰ
588 241 742 277 διῃρημένα
756 245 790 279 τῇ
811 244 898 277 τάξει,
914 245 975 271 καθ’

187 276 202 303 ὃ
215 279 265 314 τὴν
280 281 312 307 ὲκ
331 281 398 309 Θεοῦ
419 285 558 320 προσῆψεν
575 276 692 323 ὕπαρξιν
713 276 888 324 ἀμφοτέροις·
905 289 976 317 ὥστε

188 325 212 351 εἰ
227 327 292 352 ποτὲ
310 329 360 362 μὲν
377 329 414 361 ὡς
431 331 494 367 περὶ
505 333 564 364 ἑνός
576 342 668 368 φησιν,
680 334 846 368 ἄνθρωπον,
861 337 925 363 ποτὲ
936 336 975 370 δὲ,

188 373 309 406 αὐτοὺς.
326 376 464 410 ἀπόδειξις
479 378 550 414 αὓτη
565 380 612 405 τοῦ
627 381 771 413 ὀμοούσιον
782 379 850 410 εἶναι
864 382 914 417 τὴν
929 391 976 416 γυ-

189 419 271 444 ναῖκα
286 420 325 454 τῷ
340 421 418 457 ἀνδρὶ
433 422 485 448 ὑπὸ
504 423 533 450 ἐν
554 422 622 456 εἶδος
637 425 711 460 αὐτῷ
725 427 888 461 ταττομένη’
907 428 932 453 εἰ
947 427 976 454 δὲ

189 463 278 496 τοῦτο,
297 466 344 492 καὶ
362 468 378 502 ὴ
404 468 471 504 γυνὴ
486 469 530 496 διὰ
553 470 601 496 τοῦ
620 471 715 506 ἀνδρὸς
731 472 789 498 κατ’
801 473 893 499 εἰκόνα
908 473 976 499 Θεοῦ

188 509 260 536 ἔστι·
278 512 332 538 τῶν
345 513 399 549 γὰρ
411 515 502 541 αὐτῶν
518 516 637 543 δεκτικοὶ
656 518 817 553 ἀμφότεροι,
834 519 976 553 μιμήσεώς

188 563 219 581 τε
232 556 282 591 τῆς
296 558 365 594 πρὸς
377 560 422 586 τὸν
436 561 503 587 Θεὸν
524 562 570 588 καὶ
594 563 644 597 τῆς
659 563 706 589 τοῦ
723 563 801 597 ἁγίου
819 564 977 599 Πνεύματος

191 603 336 635 μετουσίας
351 606 398 631 καὶ
414 607 463 641 τῆς
476 607 639 643 ἀναλήψεως
659 609 714 635 τῶν
730 609 844 644 ἀρετῶν·
859 606 930 644 πρὸς
942 611 976 646 ἣν

190 647 281 674 είκόνα
298 650 345 675 καὶ
354 651 458 683 Παῦλος
473 654 670 688 προτρέπεται,
691 664 700 680 1
715 655 772 681 Ἵνα
782 655 899 691 γένησθε
916 655 976 682 κατ’

189 692 284 720 εἰκόνα
295 695 342 721 τοῦ
354 697 508 730 κτίσαντος,
528 708 538 724 1
560 699 650 726 καίτοι
662 700 713 735 ἤδη
727 701 805 732 ὄντας
815 702 885 728 κατὰ
897 701 976 736 λόγον

186 738 239 772 τῆς
245 740 410 774 οὒσιὼσεως·
417 744 472 775 πᾶς
481 744 535 780 γὰρ
544 743 715 782 ἄνθρωπος,ᾖ
725 746 773 780 μὲν
779 746 977 782 δημιούργημα

187 784 235 810 τοῦ
251 786 320 813 Θεοῦ
334 789 402 821 ἑστι,
417 790 541 822 δεκτικὸς
553 791 599 817 τοῦ
613 791 692 826 λόγου
707 793 849 828 τυγχάνων
865 795 925 820 κατ’
936 796 976 821 εί-

186 830 255 857 κόνα
272 833 401 869 ὑπάρχει,
414 837 568 871 χωρητικδς
583 837 621 864 ὢν
632 838 680 873 τῆς
692 839 806 871 εἰκόνος,
819 840 867 865 καὶ
879 841 975 875 ἐπιτη-

185 876 266 909 δείως
286 878 356 914 ἔχων
372 881 440 916 πρὸς
468 883 614 916 μετουσίαν
629 884 724 918 αὐτῆς·
739 885 801 911 εἰδὲ
823 886 883 912 κατ’
899 886 974 922 ὲνέρ-

184 930 266 968 γειαν
278 925 357 952 τοῦτο
375 928 535 962 προσλάϐοι,
557 929 653 965 ὥσπερ
667 930 680 956 ὁ
692 929 721 962 ἐξ
744 930 831 965 ἀρχῆς
843 932 975 968 δημιουρ-

183 967 281 1001 γηθεὶς
297 969 450 1004 ἄνθρωπος,
478 972 535 1008 ἔχει
557 974 587 1000 ὲν
613 974 702 1009 ἑαυτῷ
727 975 776 1011 ἠδη
801 975 929 1010 ἐνεργοῦν
944 977 974 1003 τὸ

183 1014 248 1039 κατ’
260 1016 362 1044 εἰκόνα.

1028 246 1139 274 Icntiam
1171 253 1261 277 tamen
1283 254 1458 279 conservavit
1484 253 1554 285 viro,
1569 253 1702 280 continuo
1717 253 1812 282 dicens

1027 298 1109 327 caput
1128 295 1179 321 viri
1204 303 1266 323 esse
1298 297 1439 325 Christum
1452 299 1472 325 ί.
1490 301 1524 326 At
1542 303 1571 325 ut
1593 300 1812 327 communionem

1026 345 1131 372 aequam
1144 347 1252 372 cernas,
1267 342 1342 369 addit
1360 352 1366 370 :
1388 353 1396 368 1
1411 344 1446 370 At
1459 344 1550 371 oumia
1570 351 1602 370 ex
1619 343 1701 376 Deo',
1721 353 1730 369 1
1745 349 1812 376 etc..

1028 385 1071 411 ubi
1088 387 1264 421 _commiscet
1281 393 1307 414 ot
1325 389 1481 423 conjunxit,
1497 398 1557 424 qua:
1574 390 1669 418 ordine
1694 391 1812 425 quodam

1026 435 1104 456 erant
1117 431 1246 459 discreta.
1257 433 1429 470 Quapropter
1441 440 1514 462 recte
1527 436 1626 470 adjecit
1636 444 1668 463 ex
1684 435 1738 463 Deo
1751 444 1814 463 esse

1026 476 1169 510 utriusque
1193 479 1386 506 substantiam.
1416 480 1508 515 ltaque
1520 481 1543 508 si
1560 481 1682 516 quando,
1713 489 1762 509 ceu
1779 482 1813 508 de

1027 529 1081 548 uno
1097 522 1235 556 loquatur,
1260 523 1334 552 dicat
1346 525 1476 553 hominem
1491 535 1498 560 ;
1511 531 1538 554 et
1552 527 1719 562 quandoque
1740 527 1814 554 dicat

1025 574 1069 594 eos
1078 575 1190 595 numero
1204 569 1313 602 plttrali,
1326 571 1395 599 satis
1412 572 1569 599 declaratur
1583 573 1723 600 mulierem
1737 573 1813 607 ejus-

1026 612 1086 639 dem
1098 620 1157 640 esse
1173 621 1234 640 cum
1251 615 1309 642 viro
1328 616 1500 649 substantiae,
1515 621 1543 644 et
1558 617 1611 645 sttb
1638 617 1732 644 eadem
1749 625 1812 644 cum

1026 665 1060 685 eo
1074 665 1135 686 esse
1165 660 1344 687 constitutam
1375 663 1474 696 specie.
1493 662 1571 695 Quod
1596 662 1706 697 quidem
1731 663 1753 690 si
1769 671 1814 690 ve-

1026 711 1086 730 rum
1110 709 1161 736 est,
1174 710 1247 733 certe
1276 711 1386 741 propter
1409 708 1497 735 virum
1519 709 1673 735 secundum
1702 708 1748 735 Dei
1771 713 1814 735 est

1027 749 1182 784 imaginem.
1195 751 1281 778 Ambo
1297 753 1370 779 enim
1388 754 1548 780 earumdem
1567 758 1632 780 sunt
1644 754 1813 788 susceptibi—

1026 794 1076 826 les,
1095 800 1209 828 possunt
1225 796 1330 824 scilicet
1345 798 1444 824 imitari
1455 797 1552 830 Demn,
1570 798 1736 833 participare
1751 798 1814 832 Spi-

1026 840 1107 867 ritum
1120 845 1257 873 sanctum,
1272 850 1415 870 assumere
1440 843 1576 874 virtutem.
1595 846 1627 870 ad
1645 852 1727 878 quam
1745 844 1812 871 ima-

1026 886 1115 920 ginem
1132 893 1182 914 nos
1200 887 1350 915 cohortans
1364 888 1476 919 Paulus,
1494 889 1580 922 inquit
1595 897 1601 915 :
1616 898 1625 914 1
1643 889 1677 916 Ut
1693 889 1754 915 sitis
1769 896 1812 916 se-

1026 932 1145 959 cundum
1161 932 1306 966 imaginem
1319 934 1482 965 creantis‘,»
1499 934 1625 968 quamvis
1640 942 1711 961 nunc
1724 935 1811 961 simus

1026 978 1175 1006 secundum
1192 978 1253 1011 ejus
1264 979 1407 1012 imaginem
1419 980 1580 1007 substantiae
1592 980 1707 1008 ratione.
1723 980 1811 1007 llomo

1025 1024 1098 1051 enim
1118 1024 1218 1055 omnis,
1236 1029 1373 1058 quatenus
1390 1025 1435 1052 Dei
1453 1030 1580 1054 creatura
1597 1031 1735 1057 censetur,
1751 1033 1813 1053 sus-

182 1061 278 1094 cipere
300 1066 386 1096 potest
411 1064 552 1090 rationem.
572 1064 621 1092 Est
632 1066 784 1093 secundum
808 1066 854 1094 Dei
869 1068 1025 1104 imaginem,
1044 1070 1077 1096 ab
1095 1077 1126 1096 ea
1142 1070 1249 1105 sejuugi
1262 1075 1290 1097 et
1306 1071 1428 1106 separari
1460 1072 1531 1106 quit.
1565 1075 1593 1098 et
1626 1072 1740 1099 idoneus
1770 1075 1813 1098 est

181 1114 245 1134 eam
274 1110 447 1145 participare.
462 1109 490 1137 Si
513 1119 578 1138 vero
602 1113 752 1140 secundum
778 1115 963 1148 operationem
985 1117 1066 1150 hujus
1101 1117 1238 1151 particeps
1266 1117 1305 1150 111,
1329 1119 1559 1153 quemadmodum
1577 1126 1592 1145 a
1627 1126 1720 1146 rerutn
1756 1118 1813 1153 pri~

181 1154 294 1180 utordio
308 1157 502 1189 protoplastus,
519 1158 641 1185 continet
653 1159 709 1192 jam
719 1160 746 1186 in
759 1168 788 1187 se
803 1165 959 1194 operantem
978 1163 1135 1197 imaginem.

220 1200 300 1232 Τινὲς
311 1201 339 1227 δὲ
358 1202 532 1236 μεμψάμενοι
548 1204 610 1235 τοὺς
632 1205 789 1238 φάσκοντας
811 1206 841 1232 τδ
860 1208 919 1233 κατ’
932 1208 973 1234 εί-

180 1245 263 1279 κὸνα,
277 1247 316 1281 πῆ
336 1248 385 1282 μὲν
400 1249 470 1275 κατὰ
488 1249 519 1276 τὸ
532 1249 656 1285 ἀρχικὸν,
672 1251 710 1286 πῆ
725 1251 753 1278 δὲ
767 1252 837 1279 κατὰ
849 1252 880 1279 τὸ
897 1253 972 1287 λογι-

181 1291 243 1321 κὸν,
262 1295 298 1328 πῆ
316 1294 344 1320 δὲ
360 1295 431 1321 κατὰ
446 1295 476 1322 τὸ
494 1296 598 1331 νοερὸν,
611 1298 694 1331 φασὶν
707 1297 746 1329 ὡς
761 1298 821 1324 δέον
829 1296 863 1334 ἦν
875 1299 973 1332 αὐτοὺς

182 1338 303 1364 συνιδεῖν
315 1339 356 1365 ὄτι
370 1339 452 1367 είκὼν
472 1341 539 1368 Θεοῦ
553 1341 633 1376 μόνος
645 1342 788 1377 ἄνθρωπος
805 1343 912 1378 λέγεται
926 1353 974 1379 γε·-

181 1384 326 1418 γενῆσθαι·
357 1387 382 1412 et
396 1387 425 1412 δὲ
439 1386 530 1418 τοῦτο,
551 1387 683 1423 πρόδηλον
706 1388 744 1420 ὡς
758 1389 827 1416 ίδίαν
853 1390 913 1417 τινὰ
926 1391 975 1425 τῆς

182 1431 374 1466 προσηγορίας
389 1434 527 1469 προσῆκεν
543 1431 613 1460 εἶναι
629 1434 679 1470 τὴν
699 1435 799 1462 αἰτίαν·
821 1436 869 1462 νῦν
886 1436 973 1463 δὲκαὶ

183 1477 214 1504 αἱ
226 1476 338 1512 ἀόρατοι
358 1477 490 1513 δυνάμεις
512 1480 606 1514 νοεραί
632 1489 662 1506 τε
680 1481 727 1507 καὶ
743 1481 862 1515 λογικαί·
883 1483 929 1509 καὶ
943 1483 974 1510 τὸ

183 1523 301 1557 ἀρχικὺν
331 1523 360 1550 δὲ
385 1524 532 1558 πρόσεστιν
560 1525 636 1552 οὐδὲν
649 1523 731 1562 ἦττον
754 1528 862 1559 αὑταῖς.
884 1537 893 1553 1
909 1529 974 1556 Είτε

1059 1208 1173 1242 Quidam
1199 1214 1327 1236 mcusant
1340 1217 1387 1237 eos
1402 1229 1409 1241 ,
1433 1209 1480 1244 qui
1500 1209 1597 1236 dicunt
1612 1209 1756 1244 imaginem
1771 1209 1813 1236 di-

1022 1256 1113 1282 vinattt
1130 1263 1202 1282 nunc
1218 1255 1244 1282 in
1258 1256 1410 1290 imperandi
1429 1260 1574 1291 potestate,
1592 1264 1666 1283 nunc
1681 1256 1707 1282 in
1727 1256 1812 1283 ratio-

1024 1309 1069 1333 ne.
1085 1309 1158 1328 nunc
1173 1302 1199 1327 in
1212 1302 1350 1328 intellectu
1366 1302 1480 1329 versari.
1499 1302 1556 1328 Sibi
1574 1302 1657 1328 videri
1674 1302 1812 1329 hominem

1025 1347 1124 1379 solum,
1141 1347 1228 1379 aiunt,
1243 1347 1276 1374 ad
1290 1347 1434 1382 imaginem
1448 1347 1494 1374 Dei
1508 1349 1701 1381 compositum.
1719 1347 1745 1375 Si
1764 1347 1813 1374 hu-

1023 1393 1068 1428 jus
1092 1394 1191 1420 veritas
1213 1394 1340 1421 consistit
1358 1394 1487 1421 inviolata
1517 1397 1547 1421 et
1566 1394 1679 1424 illibata.
1696 1393 1812 1420 manife-

1027 1444 1100 1466 stum
1112 1439 1231 1466 arbitror
1247 1439 1408 1472 conv’euire,
1428 1444 1458 1466 ut
1474 1439 1509 1467 sit
1525 1439 1650 1474 quaedam
1666 1439 1813 1474 peculiaris

1024 1491 1106 1511 causa
1125 1484 1205 1511 istius
1219 1486 1420 1519 appellationis.
1434 1485 1570 1513 Ceterum
1587 1491 1653 1514 sunt
1670 1490 1698 1513 et
1715 1486 1814 1513 invisi-

1024 1529 1093 1557 biles
1112 1531 1228 1558 virtutes
1243 1536 1268 1558 et
1289 1531 1483 1566 intelligibiles,
1516 1532 1618 1567 quibus
1640 1532 1716 1559 adest
1743 1532 1813 1559 ratio

182 1569 239 1604 γὰρ
254 1568 362 1604 Θρόνοι,
385 1571 478 1604 φησὶν.
506 1571 562 1598 εἴτε
579 1572 760 1608 κυριότητες,
786 1573 842 1600 εἴτε
865 1574 971 1609 Ἀρχαὶ,

1025 1578 1050 1601 et
1066 1575 1194 1610 regnandi
1216 1579 1346 1610 potestas.
1364 1576 1455 1611 lnquit
1485 1577 1557 1604 enim
1586 1571 1707 1604 Paulusi
1726 1587 1736 1604 1
1749 1576 1813 1605 Sive

183 1615 240 1641 εἴτε
259 1615 423 1648 Ἐξουσίαιη
438 1617 486 1644 καὶ
502 1617 594 1650 πάλιν,
610 1627 620 1644 1
634 1619 694 1644 Ἶνα
708 1620 844 1656 γνωρισθῇ
857 1619 906 1647 νῦν
913 1621 973 1652 ταῖς

190 1661 301 1697 Ἀρχαῖς
312 1663 358 1688 καὶ
368 1664 428 1694 ταῖς
444 1663 605 1696 Ἐξουσίαιςσ
622 1674 631 1691 1
646 1665 708 1693 ὅθεν
723 1666 770 1693 καὶ
783 1666 832 1698 τὰς
848 1667 974 1699 ἐναντίας

182 1706 257 1734 οὕτω
267 1707 345 1734 καλεῖ
352 1708 492 1743 δυνάμεις,
504 1709 543 1741 ὡς
557 1710 590 1737 ἂν
598 1711 626 1743 ἐξ
637 1711 749 1738 ἐκείνων
763 1712 974 1745 ἐκπεπτωκυίας

181 1753 240 1780 τῶν
257 1754 416 1788 ταγμάτων·
433 1755 530 1789 λέγων,
563 1766 572 1782 1
601 1757 658 1784 Οὐκ
680 1757 755 1784 ἐστιν
770 1759 836 1793 ἡμῖν
859 1760 875 1794 ή
899 1760 972 1795 πάλη

182 1799 256 1833 πρὸς
280 1797 349 1833 αἷμα
376 1799 424 1827 καὶ
442 1801 544 1836 σάρκα,
559 1802 628 1829 ἀλλὰ
645 1803 712 1838 πρὸς
728 1804 775 1836 τὰς
799 1805 900 1840 Ἀρχὰς
925 1806 973 1832 καὶ

181 1844 236 1875 τὰς
259 1844 408 1877 Ἐξουσίας·
433 1855 442 1872 1
462 1846 534 1873 οὕτω
557 1848 602 1874 καὶ
616 1848 796 1884 ’Λρχάγγελοι
813 1850 972 1878 καλοῦνται·

184 1899 198 1916 ι
218 1890 273 1917 Καὶ
290 1891 410 1926 Μιχαὴλ,
437 1893 532 1927 φησὶν,
547 1893 561 1918 ὸ
582 1893 675 1928 ἄρχων
692 1895 779 1928 ὑμῶν·
802 1905 811 1921 1
826 1896 883 1925 καὶ.
901 1906 910 1922 1
944 1896 973 1922 Ὀ

181 1936 277 1971 ἄρχων
292 1937 420 1971 Περσίδος
435 1938 550 1972 ἀντέστη
569 1947 614 1973 μοι
626 1948 632 1955 ·
652 1949 661 1965 1
678 1941 725 1966 καὶ
738 1940 763 1966 oi
783 1941 929 1977 φωστῆρες
945 1942 973 1968 δὲ

181 1982 315 2017 ἄρχουσιν
329 1983 369 2013 εἰς
384 1982 471 2018 ἀρχὰς
484 1984 561 2016 ὅντες
577 1985 627 2020 τῆς
639 1985 748 2021 ἡμέρας
763 1988 810 2014 καὶ
828 1988 867 2019 εἰς
887 1989 974 2023 ἀρχὰς

181 2026 235 2059 τῆς
252 2027 359 2058 νυκτός.
383 2027 445 2058 Πῶς
457 2025 504 2054 οὖν
515 2026 571 2055 οἶόν
586 2038 626 2062 τε,
643 2031 719 2064 φασὶ,
736 2032 806 2058 κατά
822 2041 848 2059 τι
871 2032 973 2059 τούτων

181 2073 277 2099 εἰκόνα
291 2072 417 2106 λέγεσθαι
432 2074 478 2100 τὸν
494 2074 649 2109 ἄνθρωπον,
665 2073 703 2102 ὧν
726 2077 757 2111 δὴ
775 2078 884 2113 μέτεστι
909 2079 974 2105 πολ-

181 2117 240 2148 λοῖς
255 2117 308 2144 τῶν
319 2117 480 2150 γεγονότων,
495 2117 576 2153 μόνος
589 2120 617 2146 δὲ
630 2120 740 2155 λέγεται
754 2123 813 2149 κατ’
826 2123 918 2150 εἰκόνα
927 2132 974 2157 γε-

182 2162 317 2196 γενῆσθαι
329 2162 397 2189 Θεοῦ
408 2172 415 2196 ;
434 2164 554 2199 Ποιήσας
570 2165 673 2198 τοίνυν,
686 2167 779 2200 φασὶν,
790 2169 804 2194 ὁ
815 2168 878 2200 Θεὸς
892 2169 976 2204 νοητά

182 2217 214 2235 τε
226 2208 407 2243 καὶαίσθητὰ,
424 2209 472 2245 τὴν
487 2211 579 2237 πᾶσαν
602 2212 786 2248 δημιουργίαν
813 2215 841 2240 ὲν
863 2215 901 2250 τῷ
926 2216 973 2242 ἀν-

1024 1618 1139 1653 Tltroui,
1156 1621 1213 1648 sive
1229 1621 1444 1654 Dominationes.
1463 1622 1522 1649 sive
1543 1623 1728 1658 Principalus,
1755 1624 1814 1650 sive

1023 1664 1176 1694 Potestates
1185 1668 1207 1699 ⁸,
1229 1672 1282 1695 etc.
1300 1667 1332 1695 Et
1350 1668 1449 1695 iterum
1465 1677 1471 1694 :
1487 1678 1495 1693 1
1513 1668 1547 1697 Ut
1576 1673 1639 1696 nota
1667 1670 1713 1695 liat
1740 1676 1814 1697 nunc

1023 1710 1227 1748 Principatibus
1241 1718 1268 1740 et
1281 1713 1469 1742 Potestatibus
1482 1715 1503 1741 °.
1520 1724 1529 1740 1
1556 1714 1624 1742 llinc
1658 1715 1812 1742 contrarias

1024 1763 1101 1784 vcnat
1114 1760 1248 1793 potentias
1259 1760 1339 1795 quasi
1351 1761 1504 1788 exciderint
1518 1769 1568 1788 suo
1580 1761 1687 1792 ordine,
1700 1761 1811 1788 dicens:

1027 1812 1036 1828 1
1051 1802 1184 1836 Quoniam
1202 1812 1255 1831 non
1270 1810 1312 1832 est
1321 1806 1402 1833 nobis
1418 1806 1490 1833 lucta
1503 1806 1633 1833 adversus
1651 1806 1812 1840 sanguinem

1023 1853 1050 1875 et
1065 1857 1196 1883 carnem,
1226 1851 1271 1878 sed
1289 1851 1421 1879 adversus
1449 1851 1623 1887 Principatus
1639 1872 1647 1884 ,
1681 1853 1813 1880 adversus

1024 1893 1204 1928 Potestates',
1221 1906 1230 1922 1
1250 1901 1302 1923 etc.
1319 1896 1364 1924 Sic
1377 1902 1403 1924 et
1415 1897 1581 1932 Arcltangcli
1598 1903 1812 1933 nuncupantur:

1027 1950 1036 1966 1
1053 1940 1181 1976 Princeps
1197 1942 1271 1976 regni
1287 1942 1516 1970 Persaruntstetit
1530 1951 1622 1970 coram
1647 1952 1690 1971 me
1706 1965 1713 1976 ,
1729 1953 1738 1970 1
1757 1949 1812 1972 etc.

1028 1994 1038 2011 1
1056 1985 1168 2012 Michael
1190 1987 1317 2021 princeps
1337 1992 1425 2015 vester
1435 1988 1456 2021 ",
1473 1998 1481 2014 1
1499 1993 1552 2016 etc.
1572 1988 1729 2015 Luminaria
1744 1997 1814 2024 quo-

1025 2038 1089 2065 que,
1105 2032 1138 2058 de
1151 2033 1251 2066 quibus
1270 2041 1352 2068 supra
1368 2034 1454 2060 tmtlta
1470 2036 1757 2065 commemoravimus,
1771 2043 1816 2062 re-

1024 2078 1068 2112 gia
1076 2082 1212 2111 potestate
1223 2078 1324 2111 valent,
1335 2084 1431 2114 regunt
1443 2080 1542 2106 etenim
1555 2080 1625 2106 diem
1638 2085 1812 2114 noctemque.

1024 2122 1090 2154 Quae
1106 2123 1198 2157 itaque
1215 2124 1286 2150 ratio
1305 2125 1417 2158 patitur,
1434 2129 1463 2150 ut
1479 2125 1562 2151 homo
1581 2125 1691 2151 dicatur
1702 2125 1735 2151 ad
1748 2125 1813 2151 ima-

1025 2168 1113 2201 ginem
1133 2167 1178 2194 Dei
1195 2167 1329 2195 formatus
1360 2169 1508 2195 secundum
1534 2169 1591 2200 illa,
1625 2177 1685 2203 quae
1708 2170 1813 2197 scimus

1026 2214 1158 2241 inhmrere
1171 2215 1264 2241 multis
1282 2215 1344 2241 aliis
1357 2215 1488 2242 entibus?
1506 2216 1536 2241 Et
1549 2215 1658 2250 quidem
1675 2216 1756 2242 homo
1768 2223 1812 2242 so-

183 2253 287 2289 ῠρὼπῳ
302 2254 445 2289 συνέδησεν
457 2255 592 2291 ἑκατέρας
608 2245 749 2292 μετέχοντι
779 2259 828 2294 τῆς
854 2245 973 2295 φύσεως,

1027 2261 1068 2287 lus
1094 2260 1179 2287 l‘erlur
1196 2260 1229 2287 ad
1247 2261 1391 2295 imaginem
1417 2261 1462 2287 Dei
1489 2265 1679 2289 constructus.
1711 2262 1810 2289 Aiunt:

181 2298 221 2329 ὡς
233 2298 266 2324 ἂν
282 2298 350 2332 μηδὲ
376 2298 511 2334 διαφόρων
528 2300 699 2337 δημιουρ-(ὧι
725 2303 753 2329 αἱ
779 2304 902 2339 διάφοροι
926 2305 973 2340 δη-

185 2345 328 2379 μιουργίαι
339 2346 492 2381 νομίζοιντο
502 2355 509 2362 ·
522 2347 556 2374 τὰ
569 2347 703 2375 διεστῶτα
717 2350 807 2375 τοίνυν
831 2351 860 2376 ὲν
886 2351 974 2386 τούτῳ

184 2390 357 2423 συναγαγὼν,
374 2392 460 2419 οἰκεῖα
484 2393 574 2419 πάντα
605 2394 673 2429 πρὸς
694 2395 788 2421 τοῦτον
816 2397 949 2431 πεποίηκε
966 2405 972 2412 ·

184 2437 300 2470 καρπῶν
311 2437 360 2470 μὲν
375 2438 461 2473 γὰρὴ
488 2439 630 2471 σύστασις,
657 2441 689 2467 ὲκ
713 2442 767 2468 τῶν
792 2441 813 2468 δ’
837 2442 976 2476 στοιχείων

184 2481 296 2507 καὶτῶν
311 2482 339 2508 ἐν
359 2483 465 2519 οὐρανῷ
477 2485 632 2519 γεγένηται,
648 2487 664 2521 ἡ
680 2486 708 2513 δὲ
721 2487 823 2514 τούτων
853 2488 976 2515 ἀπόλαυ-

186 2535 230 2557 σις
257 2527 413 2562 ἀνθρώποις
442 2530 580 2564 ἀναγκαία
602 2540 609 2548 ~
639 2532 769 2567 βραχείας
791 2533 888 2569 μοίρας
919 2535 976 2566 τοῖς

184 2572 294 2606 ἀλόγοις
319 2574 539 2611 ἀπονεμομένης,
566 2578 635 2612 πρὸς
661 2579 813 2614 ὑπηρεσίαν
838 2581 974 2615 τεταγμέ-

183 2626 240 2649 νοις
254 2618 310 2645 τῶν
325 2619 502 2655 ἀνθρώπωνἾ
513 2622 711 2655 Ἐξανατέλ).ων
719 2625 782 2660 γὰρ,
792 2626 867 2660 φησί,
877 2627 974 2662 χόρτον

182 2663 240 2693 τοῖς
249 2663 360 2696 κτήνεσι
371 2665 418 2691 καὶ
433 2665 513 2702 χλόην
528 2668 560 2702 τῇ
569 2667 683 2704 «δουλείᾳ
706 2670 761 2695 τῶν
774 2671 924 2706 ἀνθρώπων
939 2681 945 2688 ·
962 2682 971 2697 1

182 2707 291 2740 δεικνὺς
312 2710 353 2736 ὅτι
379 2712 493 2738 κάκεῖνα
523 2713 652 2748 τρέφεται
673 2714 708 2741 δι’
740 2717 812 2750 ἡμᾶς
828 2724 835 2730 ·
867 2719 913 2743 καὶ
940 2718 974 2744 τὰ

183 2752 360 2789 λειτουργικὰ
373 2755 401 2781 δὲ
416 2757 558 2792 πνεύματα
575 2759 614 2789 εἰς
630 2758 677 2793 τὴν
692 2759 829 2786 διακονίαν
842 2761 974 2788 ἀποστέλ-

1026 2306 1093 2333 Cum
1111 2305 1183 2333 Deus
1199 2306 1338 2333 sensibilia
1348 2310 1375 2333 et
1390 2306 1570 2341 intelligibilia
1604 2306 1738 2339 ﬁnxisset,
1753 2307 1813 2334 uni-

1025 2360 1133 2380 versam
1166 2357 1346 2388 utrorumque
1361 2354 1526 2380 creationem
1549 2354 1629 2388 quasi
1657 2354 1684 2380 in
1702 2354 1814 2381 homine

1026 2398 1198 2432 colligaritet
1213 2398 1348 2428 adunivit,
1368 2400 1414 2433 qui
1432 2399 1577 2433 utriusque
1604 2402 1710 2425 natura:
1728 2399 1814 2433 parti—

1027 2452 1091 2479 ceps
1103 2444 1266 2473 habetur.ne
1273 2444 1444 2471 diversorum
1455 2444 1585 2478 opiﬁcum
1595 2444 1703 2471 diversa
1714 2449 1740 2471 et
1752 2451 1813 2478 ope-

1026 2495 1055 2514 ra
1071 2487 1259 2515 crederentur.
1284 2487 1418 2522 39011111
1445 2487 1529 2522 igitur
1548 2487 1574 2514 in
1600 2487 1652 2515 hoc
1683 2488 1813 2515 universo

1026 2540 1106 2567 opere
1115 2533 1266 2566 distabant,
1283 2533 1460 2560 contraxitin
1477 2541 1571 2566 unum,
1589 2534 1707 2569 ltuicquc
1720 2534 1812 2562 omnia

1025 2583 1051 2606 et
1069 2578 1212 2605 familiaria
1228 2584 1255 2606 et
1271 2583 1386 2614 cognata
1403 2578 1502 2606 elTecit.
1516 2578 1666 2606 Fructuum
1682 2580 1813 2607 substan-

1026 2626 1063 2651 tia
1074 2633 1106 2651 cx
1115 2630 1233 2659 quatuor
1247 2625 1388 2652 elementis
1404 2625 1556 2659 composita
1573 2631 1615 2653 est
1628 2635 1635 2653 ι
1648 2630 1675 2653 et
1688 2626 1813 2653 nonnihil

1027 2671 1059 2697 ad
1077 2671 1185 2697 uberem
1210 2678 1305 2698 eorum
1336 2675 1498 2705 proventum
1518 2671 1619 2699 faciunt
1652 2676 1737 2699 astra.
1757 2671 1813 2698 llo-

1027 2725 1087 2743 rum
1105 2717 1198 2743 fruitio
1218 2717 1422 2751 pernecessaria
1434 2722 1475 2745 est
1491 2717 1604 2745 homini.
1617 2717 1686 2745 Hinc
1703 2717 1811 2745 modica

1027 2762 1139 2789 illorum
1159 2763 1246 2797 portio
1262 2770 1394 2790 concassa
1412 2767 1454 2791 est
1466 2763 1630 2791 animalibus
1641 2763 1668 2791 in
1684 2764 1811 2791 ministe-

221 2809 384 2856 :LCQP.I:I.
401 2812 427 2840 5.
465 2815 475 2830 ²
493 2814 558 2842 ibid.
598 2815 732 2844 'ibidJ‘Z.
771 2816 813 2844 bll
829 2817 893 2845 Cor.
910 2819 973 2853 111,1

1038 2821 1047 2835 ⁵
1061 2819 1168 2847 Coloss.
1186 2828 1205 2852 1,
1223 2820 1263 2847 16.
1303 2819 1420 2856 ‘Ephes.
1438 2828 1478 2855 tn,
1495 2820 1539 2849 l0.
1576 2821 1587 2838 ⁷
1600 2820 1699 2856 Ephes.
1717 2829 1753 2854 vr,
1765 2822 1809 2850 12.

182 2843 194 2859 ³
205 2843 274 2872 Dan.
293 2853 318 2876 ι,
334 2846 375 2873 151.
