2072 3157
256 159 307 195 123
911 167 1045 198 PROCOI

1105 167 1229 198 GAZZEI
1836 164 1886 197 121

255 217 325 243 rium
343 217 462 246 hominis
486 218 634 246 ordinatis.
651 219 698 248 Sic
723 221 794 249 enim
816 222 898 250 habet
911 222 1039 258 Scriptu-

1096 222 1186 249 Lsoﬁat
1197 222 1305 255 Παῦλός
1319 230 1397 258 φησι,
1412 221 1456 248 διὰ
1471 221 1535 254 τοὺς
1547 221 1692 257 μέλλοντας
1703 222 1885 258 κληρονομεῖν

255 270 286 289 ra
304 272 310 289 :
328 272 337 288 ι
367 262 498 298 Facitque
522 265 675 300 germinare
691 267 718 294 in
749 268 889 296 ruontibus
916 268 1042 296 herbam.

1098 267 1249 304 σωτηρίαν.

257 308 306 342 Qui
319 309 365 336 dat
378 310 512 344 jnmentis
524 312 616 340 cibum
631 321 710 340 suum
722 315 742 346 ',
761 324 770 340 ι
790 318 856 348 et'c.,
869 316 970 350 quibus
990 315 1083 342 verbis
1101 315 1317 342 docetanimalia
1336 323 1351 341 a
1369 313 1425 342 Deo
1442 318 1554 348 propter
1580 321 1631 342 nos
1651 313 1686 341 ali
1721 318 1748 342 et
1779 313 1887 341 enutri-

257 356 290 382 ri.
306 354 406 384 Paulus
419 365 528 393 quoque
540 359 664 393 tradit”,
684 360 898 389 ministratorios
924 362 1039 396 spiritus

1099 362 1128 388 tti
1143 365 1253 396 propter
1276 361 1348 393 illos,
1362 360 1408 395 qui
1425 359 1598 388 haereditario
1631 368 1694 396 jure
1727 367 1886 393 assequun-

258 406 301 428 tur
313 402 439 430 salutem.

293 448 436 477 Universae
453 451 546 486 itaque
563 452 712 480 creationis
730 462 779 481 ceu
798 455 996 482 arnicissimttm
1013 457 1041 481 et

258 494 465 529 integerrimum
484 497 584 531 pignus
602 497 672 525 Deus
693 499 801 533 paravit
820 499 974 532 hominem,
991 499 1042 527 du-

258 540 340 573 plicis
364 545 469 569 naturae
493 550 554 569 eum
578 543 729 576 adornatis,
753 553 787 572 ne
812 553 862 572 usu
886 546 944 572 solo
967 553 1045 573 crea-

258 585 343 613 tionis
356 594 425 622 opus
437 588 461 614 ei
475 590 699 624 conjungeretur,
714 590 761 617 sed
773 591 855 618 etiam
870 596 975 619 natura:
989 591 1046 619 alii-

259 633 345 660 nilate
377 633 462 668 igitur
482 643 596 668 eorum,
616 644 677 671 quae
699 638 787 665 oculis
812 639 916 665 nostris
938 638 1047 673 objecta

260 683 343 712 sunt,
362 681 486 714 operatio
506 681 655 715 plurimunt
673 682 777 710 homini
796 683 937 711 conducit.
956 684 1045 711 Etiam

262 725 414 754 invisibiles
426 727 548 755 Virtutes
563 735 617 754 non
630 735 726 763 parum
744 729 871 757 utilitatis
888 730 991 757 homini
1009 730 1048 758 fe-

261 775 337 803 runt,
356 775 412 797 tum
432 776 543 807 propter
558 774 762 807 cognationem,
782 779 839 801 tum
858 780 970 809 propter
986 775 1048 802 cnl-

261 820 319 842 tum
332 836 339 848 ,
357 816 403 851 qui
422 816 532 844 Numini
552 818 719 847 deferendus
737 824 790 846 est.
809 819 904 852 Quare
928 820 1019 855 inquit
1038 828 1045 847 :

1131 451 1209 488 Πάσῃ
1226 452 1317 478 τοίνυν
1331 453 1363 487 τῇ
1379 452 1467 478 κτίσει
1496 451 1587 484 φιλίας
1614 450 1740 486 ἐνέχυρον
1765 449 1886 485 ἀρῤαγὲς

1095 497 1271 534 ὲδημιιύργει
1287 498 1332 524 τὸν
1349 498 1503 534 ἄνθρωπον,
1523 497 1635 524 διπλοῦν
1661 497 1743 524 αὐτὸν
1771 496 1888 531 ἐργασά-

1099 554 1189 581 μενος,
1218 545 1260 572 ἶνα
1288 545 1326 580 μὴ
1347 546 1380 580 τῇ
1413 545 1493 580 χρείᾳ
1517 544 1595 579 μόνον
1609 543 1746 570 ὲπάὑτὺν
1765 543 1883 578 ὴκτίσις

1098 592 1279 626 συνάπιιηται,
1292 590 1360 618 ἀλλὰ
1373 591 1427 626 γὰρ
1440 592 1486 617 καὶ
1496 591 1528 625 τῇ
1543 590 1592 625 τῆς
1607 589 1715 624 φύσεως
1727 588 1885 622 οἰκειότητι..

1099 639 1137 665 "H
1147 647 1176 666 τε
1187 636 1234 665 οὖν
1248 638 1302 664 τῶν
1315 638 1462 673 ὁρωμένων
1472 636 1588 672 ὲργασία
1598 635 1719 671 χρησίμη
1729 635 1789 661 λίαν
1801 633 1886 668 αὐτῷ,

1098 686 1167 712 αἵτε
1180 685 1291 720 ἀόρατοι
1306 684 1434 718 δυνάμεις
1446 684 1476 710 οὑ
1489 683 1524 709 τὰ
1543 682 1658 717 τυχόντα
1673 682 1740 716 πρὸς
1753 681 1887 715 ὠφέλειαν

1097 732 1279 767 εἰσφέρουσιν,
1291 731 1349 765 ἃμα
1362 731 1411 766 μὲν
1425 730 1468 757 διὰ
1478 730 1528 765 τὴν
1541 729 1713 763 συγγένειαν,
1726 728 1785 762 ἅμα
1801 727 1830 753 δὲ
1838 727 1886 761 τῆς

1097 778 1192 805 τούτου
1206 777 1354 812 θεραπείας
1377 777 1417 808 εἰς
1443 776 1489 802 τὸν
1513 775 1580 802 Θεὸν
1605 773 1766 809 τεινούσης·
1795 772 1887 799 ἐντεῦ-

1101 823 1145 850 θεν
1160 823 1241 849 αὑτὸν
1255 831 1264 848 ι
1279 823 1346 849 κατ’
1360 821 1453 848 εἰκόνα
1472 830 1480 846 ι
1497 820 1549 856 ἔφη
1564 821 1651 846 ποιεῖν
1663 819 1776 850 οἰκείαν,
1792 817 1887 853 ἐπειδὴ

263 870 273 887 ι
294 861 370 889 Fecit
387 870 449 890 eum
468 863 501 890 ad
519 863 666 899 imaginem
684 873 773 892 suam.
794 875 803 891 ι
822 865 888 892 Nam
906 866 1043 893 hominem

1096 869 1171 902 τάξιν
1186 868 1246 895 τινὰ
1259 868 1362 898 εἰκόνος
1379 867 1525 902 παρείχετο
1541 868 1596 897 τοῖς
1606 866 1688 896 ὅλοις.
1711 865 1817 898 Ὠσπερ
1833 862 1887 897 γὰρ

260 907 395 940 condidit,
417 912 446 934 ut
468 909 527 943 ipse
547 913 620 936 esset
641 910 752 944 quidam
774 911 842 938 ordo
863 919 877 938 a
900 911 954 938 Deo
975 919 1046 946 pra:—

260 953 367 988 positus
383 954 518 981 universa!
534 963 623 982 rerum
641 961 755 983 naturae.
768 955 1004 989 Quemadmodum
1019 957 1046 984 in

259 999 374 1026 urbibus
391 1000 513 1027 absentis
532 1001 603 1034 regis
622 1001 663 1028 vel
687 1001 862 1036 imperatoris
880 1010 1046 1030 venerantur

259 1044 404 1080 imaginem
425 1054 431 1072 :
451 1046 493 1073 sic
510 1046 599 1077 Deus.
617 1054 679 1074 cum
701 1052 819 1082 nequeat
837 1049 913 1075 cerni
933 1049 966 1075 ab
987 1049 1047 1075 uni-

258 1097 338 1117 versa
354 1095 495 1124 creatura,
514 1092 642 1128 imaginis
659 1092 720 1120 loco
736 1095 828 1127 posuit
844 1094 1001 1126 hominem,
1018 1098 1047 1121 ut

258 1143 356 1164 omnes
370 1142 514 1169 creaturae,
528 1138 592 1164 dum
607 1139 762 1166 inserviunt
775 1139 890 1171 homini,
904 1139 944 1167 sic
955 1141 1047 1167 colant

259 1189 417 1216 supremum
430 1182 547 1215 Numen,
562 1183 644 1217 hujus
657 1184 777 1211 universi
790 1184 897 1211 scilicet
909 1185 1045 1220 opiﬁcem.

259 1225 323 1253 Haec
339 1227 428 1262 imago
441 1227 576 1262 dissipata
592 1233 618 1255 et
633 1229 766 1256 convulsa
782 1233 825 1257 est
840 1230 875 1257 ob
890 1234 1045 1264 peccatum.

259 1272 392 1299 Caeterum
412 1281 459 1307 per
475 1273 577 1301 Christi
597 1273 703 1301 Domini
722 1275 811 1302 nostri
829 1275 1047 1303 incarnationem

258 1323 412 1346 restaurata
431 1323 474 1346 est
493 1329 499 1346 :
520 1320 575 1347 imo
588 1320 620 1347 ad
634 1320 775 1348 meliorem
792 1329 875 1356 quant
895 1322 971 1356 prius
989 1325 1049 1348 erat

258 1365 445 1393 conditionem
460 1366 583 1393 reducta.
597 1366 664 1393 Nam
677 1374 709 1393 ea
723 1375 756 1394 ex
770 1374 800 1394 re
814 1368 903 1401 patuit
917 1375 967 1395 nos
982 1375 1049 1401 prte-

259 1411 329 1439 latos
340 1420 402 1439 esse
414 1413 522 1440 cunctis
535 1413 680 1440 creaturis.
692 1412 820 1440 Nostram
834 1414 906 1441 enim
921 1418 1048 1441 naturam

259 1457 311 1485 sibi
335 1457 441 1491 ttuivit,
460 1466 610 1492 veramque
631 1459 738 1486 vivendi
764 1460 898 1487 rationem
922 1462 1049 1494 praescri-

259 1504 323 1539 psit,
340 1512 446 1538 nosque
461 1505 592 1533 mortales
609 1506 689 1540 plane
705 1507 876 1534 immortales
892 1506 1048 1536 constituit,

1096 916 1121 942 οἰ
1137 915 1206 941 κατὰ
1221 915 1313 945 πόλεις
1325 914 1440 944 ἀπόντος
1454 912 1501 938 τοῦ
1516 911 1649 947 βασιλέως
1673 910 1722 945 τὴν
1735 910 1828 936 εἰκόνα
1844 909 1887 935 θε-

1099 960 1246 996 ραπεύουσι
1258 960 1306 994 τὴν
1321 959 1437 990 ἐκείνου,
1454 957 1525 984 οὕτω
1537 957 1569 992 δὴ
1581 957 1627 983 καὶ
1641 957 1655 982 ὁ
1677 956 1744 987 Θεὸς
1772 956 1888 990 ἀόρατος

1096 1005 1134 1032 ὢν
1147 1005 1220 1040 πάσῃ
1233 1006 1266 1039 τῇ
1282 1003 1378 1035 κτίσει,
1396 1004 1424 1030 ὲν
1448 1003 1552 1034 εἰκόνος
1577 1002 1653 1032 τάξει
1678 1001 1801 1028 τέθεικεν
1819 1001 1887 1036 αὑτῇ

1096 1051 1142 1078 τδν
1157 1051 1299 1086 ἄνθρωπον
1315 1058 1321 1064 ·
1338 1050 1375 1080 ὡς
1390 1049 1423 1076 ἂν
1440 1050 1469 1076 ὲν
1485 1050 1518 1084 τῇ
1532 1048 1628 1075 τούτου
1643 1047 1777 1083 θεραπείᾳ
1788 1047 1889 1082 τιμῶσι

1097 1098 1126 1124 τὸ
1141 1097 1220 1124 Θείον
1234 1097 1349 1132 ἀόρατον
1365 1095 1488 1130 ὑπάρχον
1507 1095 1614 1126 αὐτοῖς’
1632 1094 1718 1121 ταῦτα
1731 1094 1759 1120 δὲ
1771 1094 1815 1120 διὰ
1838 1093 1889 1128 τὴν

1097 1142 1236 1178 ἁμαρτίαν
1253 1141 1437 1175 σεσαλευμένα
1450 1161 1457 1171 ,
1478 1140 1543 1172 Θεὸς
1558 1140 1602 1166 διὰ
1621 1139 1672 1174 τῆς
1689 1138 1759 1165 κατὰ
1773 1139 1818 1165 τὸν
1840 1140 1890 1165 Δε-

1098 1189 1200 1224 σπότην
1210 1188 1328 1222 Χριστὸν
1339 1187 1494 1221 οἰκονομίας
1505 1187 1655 1222 ἀνέρρωσε,
1673 1186 1773 1220 μᾶλλον
1798 1185 1825 1212 δὲ
1841 1185 1889 1212 καὶ

1098 1235 1166 1269 πρὸς
1193 1234 1224 1260 τὸ
1243 1234 1367 1268 κρεῖττον
1387 1233 1521 1266 ἀνήγαγε,
1545 1231 1616 1258 κατὰ
1641 1232 1730 1266 πάσης
1757 1231 1807 1264 τῆς
1832 1231 1890 1257 κτί-

1099 1289 1166 1310 σεως
1183 1279 1318 1314 ὑπεροχὴν
1329 1279 1395 1313 ἡμῖν
1412 1278 1632 1312 παρασχόμενος.
1651 1276 1706 1311 Τὴν
1724 1276 1778 1311 γὰρ
1791 1275 1890 1310 ἡμετέ-

1100 1334 1150 1361 ραν
1167 1325 1248 1359 φύσιν
1262 1323 1364 1354 ένώσας
1382 1323 1482 1357 ἑαυτῷ,
1494 1323 1541 1350 καὶ
1556 1322 1671 1357 νόμιμον
1689 1322 1825 1348 πολιτείαν
1841 1321 1890 1348 καὶ

1099 1371 1212 1398 θάνατον
1227 1371 1266 1402 εἰς
1293 1369 1427 1396 ἀθάνατον
1442 1369 1492 1404 μὲν
1514 1369 1561 1395 καὶ
1579 1369 1712 1404 ἄτρεπτον
1739 1368 1888 1403 μετέστησε

1099 1417 1190 1451 φύσιν·
1207 1416 1254 1442 καὶ
1265 1403 1340 1449 παρέ
1356 1416 1456 1450 πάσης,
1473 1415 1550 1450 φασὶ,
1564 1415 1761 1450 προσκυνεῖται
1772 1414 1821 1448 τῆς
1836 1414 1889 1440 κτί-

1100 1472 1179 1495 τεως,
1194 1462 1276 1488 εἰκὼν
1287 1461 1379 1497 ὥσπερ
1394 1461 1553 1496 ὑπάρχουσα
1570 1461 1616 1494 τῆς
1633 1461 1776 1496 ἡνωμένης
1786 1460 1888 1495 Θεότη-

1099 1516 1142 1538 τος
1160 1516 1166 1521 ·
1184 1507 1224 1534 δι’
1239 1505 1272 1542 ἦς
1283 1507 1397 1541 ἀόρατον
1414 1506 1496 1533 οὖσαν
1512 1506 1562 1541 τὴν
1581 1505 1656 1532 θείαν
1670 1505 1766 1532 οὐσίαν
1784 1505 1888 1539 φαντά-

260 1551 357 1578 mortis
374 1551 519 1586 tyrannide
535 1553 644 1587 penitus
660 1552 779 1579 sublata.
795 1552 835 1579 Ab
851 1552 942 1585 omni,
959 1552 1045 1586 inqttil

1101 1553 1192 1584 ζονται
1205 1553 1252 1579 σὺν
1267 1553 1333 1587 ἡμῖν
1347 1551 1558 1583 ἀνακτισθέντες
1572 1552 1612 1581 εἰς
1626 1552 1675 1585 τὴν
1699 1551 1888 1586 ἁτρεπτότητα

261 1596 414 1632 Scriptura,
435 1597 564 1625 adoretur
579 1603 717 1630 creatura,
736 1598 840 1626 scilicet
859 1599 938 1633 quasi
959 1598 1048 1632 imago

259 1643 395 1670 exsistcns
409 1644 493 1671 unita:
506 1643 674 1678 Diviuitatis,
689 1652 736 1679 per
749 1652 831 1679 quam
849 1649 939 1671 tuente
953 1644 1048 1670 conci-

260 1689 349 1724 pimus
362 1693 390 1716 et
405 1692 580 1725 agnoscimus
595 1691 760 1718 invisibilem
776 1691 918 1720 Deitatem.
934 1698 987 1717 una
1003 1697 1048 1717 re-

261 1735 353 1761 novati
371 1739 399 1762 et
414 1736 442 1762 iu
459 1736 596 1769 integrum
614 1737 732 1764 restituti
751 1744 799 1771 per
814 1736 1048 1763 resurrectionem

1097 1599 1140 1625 διὰ
1156 1599 1204 1632 τῆς
1218 1599 1408 1629 ἀναστάσεως·
1425 1598 1473 1624 νῦν
1498 1597 1552 1632 γάρ
1576 1598 1629 1623 εἰσι
1645 1597 1772 1632 τρεπταὶ,
1797 1595 1833 1627 ὡς
1859 1596 1887 1622 αἰ

1096 1645 1149 1672 τῶν
1168 1645 1304 1680 δαιμόνων
1317 1644 1447 1680 μυριάδες
1463 1644 1628 1678 σημαίνουσι
1645 1652 1652 1659 ·
1688 1644 1734 1669 καὶ
1763 1643 1887 1677 μάρτυρα

1096 1690 1247 1725 παράγουσι
1263 1688 1368 1715 Παῦλον
1393 1688 1520 1722 λέγοντα,
1535 1689 1576 1715 ὅτι
1596 1698 1605 1714 ι
1631 1688 1675 1714 Ἐν
1688 1687 1761 1722 αὑτῷ
1776 1686 1888 1720 ἐκτίσθη

1099 1735 1187 1762 πάντα
1200 1735 1234 1762 τά
1249 1743 1277 1761 τε
1303 1735 1332 1760 ὲν
1346 1735 1470 1769 οὐρανοῖς
1485 1734 1532 1760 καὶ
1543 1734 1576 1760 τὰ
1593 1733 1638 1760 ἐπὶ
1652 1734 1702 1768 τῆς
1720 1733 1771 1768 γῆς
1781 1741 1805 1758 ἰ
1829 1733 1889 1758 ἀντὶ

260 1776 293 1805 ad
316 1780 564 1809 immortalitatem.
583 1781 662 1809 Nunc
682 1790 748 1809 vero
771 1782 916 1817 imagines,
935 1782 999 1808 dum
1022 1782 1045 1808 in

1099 1780 1158 1813 τοῦ,
1170 1781 1326 1815 ἁνεκτίσθη-
1341 1780 1434 1806 εἰκόνα
1450 1789 1481 1806 τε
1503 1780 1550 1806 τοῦ
1565 1780 1632 1806 Θεοῦ
1649 1779 1696 1806 τοῦ
1708 1779 1823 1814 ἀοράτου
1838 1787 1889 1814 φη-

262 1825 312 1852 ltoc
328 1827 430 1853 saeculo
446 1835 552 1859 suntus,
571 1829 771 1855 mutationibus
787 1828 912 1854 obnoxia:
927 1833 1002 1860 sunt,
1020 1832 1049 1855 ttt

260 1872 385 1906 excruplo
401 1878 465 1900 sunt
483 1873 597 1901 inﬁnitae
616 1874 771 1901 daemonum
792 1873 940 1909 myriadcs.
960 1873 1046 1900 Etiam

262 1916 337 1944 Pauli
361 1919 448 1945 citant
470 1920 658 1947 testimonium
680 1920 798 1947 dicentis
820 1929 826 1946 :
851 1929 860 1945 ι
881 1918 979 1947 Omnia
1001 1927 1049 1954 per

1102 1827 1145 1853 σὶν
1159 1827 1251 1858 αὐτὸν,
1262 1826 1300 1858 ὡς
1313 1827 1346 1852 ἂν
1360 1826 1501 1853 δεικνύντα
1521 1827 1554 1861 τῇ
1571 1826 1659 1852 κτίσει
1674 1826 1703 1852 τὸ
1718 1826 1788 1852 θεῖον
1813 1833 1889 1861 πρω-

1100 1872 1209 1898 τότοκόν
1223 1880 1252 1898 τε
1267 1873 1356 1907 πάσης
1368 1872 1492 1903 κτίσεως,
1508 1871 1545 1903 ὼς
1570 1871 1676 1906 πρῶτον
1697 1870 1741 1897 διὰ
1757 1870 1806 1906 τῆς
1826 1871 1891 1897 ἀνα-

1101 1918 1222 1949 στάσεως
1236 1919 1274 1948 εἰς
1286 1917 1335 1952 τὴν
1348 1917 1443 1952 καινὴν
1460 1917 1609 1952 ἀπο-τεχθὲν
1625 1917 1723 1944 κτίσιν.

262 1961 336 1988 illum
357 1963 469 1990 condita
491 1968 567 1996 sunt,
587 1965 645 1992 sive
666 1972 727 1999 qum
748 1964 775 1991 in
800 1970 873 1991 terra
894 1969 969 1997 sunt,
986 1964 1044 1990 sive
1063 1970 1124 1998 qure
1142 1963 1168 1989 in
1186 1962 1263 1990 coalis
1276 1963 1315 1996 “;
1337 1971 1346 1988 ι
1363 1962 1389 1989 id
1406 1967 1466 1994 est,
1484 1967 1614 1989 renovata
1632 1967 1657 1989 et
1692 1962 1719 1988 in
1755 1961 1888 1997 integrum

260 2009 398 2035 restituta.
415 2008 550 2037 Praaterea
566 2009 667 2037 Paulus
681 2018 743 2038 eum
761 2013 884 2039 nominat
917 2012 1064 2047 imaginem
1103 2012 1150 2039 Dei
1172 2011 1357 2045 inconspicui.
1380 2014 1409 2037 ut
1429 2010 1476 2044 qui
1498 2010 1632 2037 universa
1653 2015 1755 2036 naturte
1774 2011 1888 2036 demcu-

259 2058 326 2081 strct
347 2055 558 2090 primogenitum
577 2058 663 2084 totius
681 2063 814 2085 creatura:
827 2059 858 2091 ",
876 2059 923 2094 qui
943 2059 1048 2093 primus
1068 2058 1270 2086 interveniente
1282 2057 1522 2084 resurrectionein
1535 2064 1632 2084 ttovam
1662 2057 1767 2084 venerit
1793 2057 1885 2083 vitam.

294 2100 480 2128 Pulcherrima
493 2110 567 2134 vero,
583 2103 722 2137 inquiunt,
738 2104 793 2131 duo
810 2105 863 2132 ista
879 2105 1023 2140 conjunxit
1037 2125 1045 2137 ,

261 2155 271 2171 ι
288 2145 439 2174 secundum
461 2147 604 2182 imaginem
619 2152 741 2176 nostram
757 2154 783 2176 et
797 2151 1016 2177 similitudinem.
1033 2159 1042 2176 ι

258 2190 375 2219 Necesse
389 2193 463 2220 enim
480 2198 533 2224 est.
551 2199 580 2221 ut
596 2196 686 2229 imago
702 2196 772 2229 ejus,
789 2196 870 2230 cujus
887 2197 977 2232 imago
991 2201 1043 2228 est,

259 2238 404 2272 quamdam
428 2239 609 2266 imitationctn
630 2244 657 2267 et
677 2241 886 2269 similitudinem
909 2247 1044 2277 apportet,

258 2285 384 2318 quamvis
400 2284 548 2318 plurimum
565 2286 637 2313 absit
653 2287 688 2312 ab
702 2287 858 2314 substantia
873 2288 947 2322 ejus,
964 2288 1044 2321 cujus

257 2331 348 2365 imago
363 2336 501 2358 censetur.
519 2331 565 2357 Est
581 2332 686 2366 itaque,
703 2337 732 2358 ut
750 2340 794 2360 res
811 2334 934 2368 apertior
948 2334 1002 2366 sit,
1017 2338 1045 2360 et

257 2376 284 2403 iu
309 2377 489 2410 sequentibus
513 2377 667 2411 conspicari
693 2378 855 2406 dissimilem
880 2380 1043 2407 similitudi-

258 2430 330 2450 nem.
344 2421 416 2449 Deus
430 2428 521 2455 creat;
535 2427 561 2449 et
577 2423 657 2449 homo
670 2429 756 2450 creat.
770 2424 818 2451 ille
832 2433 864 2452 ex
880 2433 940 2452 sese
956 2426 1045 2452 scien-

257 2468 322 2494 tiam
342 2468 424 2495 habet
440 2477 448 2496 :
466 2468 510 2496 hic
527 2469 658 2504 temporis
676 2471 852 2498 successione
869 2478 928 2497 eam
945 2479 1045 2498 conse-

256 2515 361 2549 quitur.
375 2513 445 2542 Deus
458 2515 630 2543 substantias
643 2515 779 2550 depromit
791 2524 797 2543 :
808 2517 889 2544 homo
901 2517 1042 2544 materiam

255 2564 382 2593 cxornat,
395 2569 427 2588 ex
442 2569 495 2596 qua
513 2569 564 2595 pro
580 2562 658 2590 liblto
674 2563 830 2590 artilicialia
844 2563 957 2590 format.
972 2562 1043 2590 Deus

255 2604 356 2641 gignit;
378 2605 466 2641 gignit
485 2610 512 2634 et
534 2607 627 2634 homo.
647 2607 694 2635 llle
714 2607 826 2642 quidem
848 2610 951 2642 alisque
972 2612 1043 2636 tem-

256 2659 333 2687 pore,
347 2652 451 2687 absque
464 2653 592 2685 materia,
607 2654 711 2689 absque
727 2655 867 2688 passione.
881 2655 985 2690 absque
998 2655 1041 2682 sui

256 2698 405 2726 divisione.
422 2698 510 2726 lloqu
527 2705 642 2735 generat
658 2708 705 2735 per
721 2701 814 2728 omnia
833 2701 915 2728 utodo
932 2706 1043 2728 ccutra-

256 2745 310 2772 rio.
323 2744 454 2780 Capimus
469 2746 613 2774 sensibilis
627 2755 689 2774 cum
705 2747 940 2775 aﬂ‘cctiouiltusct
957 2747 1043 2782 parti-

256 2791 400 2820 culariter.
415 2792 444 2819 Si
459 2792 525 2829 quid
541 2793 686 2826 discimus,
702 2794 728 2821 id
747 2794 775 2821 [it
791 2802 853 2821 cum
870 2800 1002 2828 tempore,
1017 2797 1045 2820 et

293 2879 386 2909 'Psal.
400 2889 489 2915 CXLVI,
506 2882 532 2916 8,
552 2883 579 2911 9.
619 2883 639 2899 '°
659 2882 742 2910 llebt'.
760 2891 779 2916 ι,
799 2882 841 2910 Η.

881 2883 900 2898 ¹¹
920 2881 1028 2910 Coloss.
1045 2889 1066 2914 ι,
1084 2881 1127 2908 16.

1133 2104 1270 2131 Κάλλιστα
1295 2103 1323 2129 δὲ
1347 2102 1385 2138 τῷ
1399 2112 1408 2128 ι
1426 2103 1487 2129 κατ’
1504 2103 1596 2129 εἰκόνα
1610 2103 1748 2138 ἡμετέραν
1767 2111 1776 2128 ι
1795 2104 1842 2129 καὶ
1857 2103 1887 2129 τὸ

1101 2160 1111 2176 ι
1135 2150 1195 2177 καθ’
1219 2150 1350 2184 ὁμοίωσιν
1368 2159 1376 2174 ›
1395 2148 1579 2184 ὲπισυνῆφθαί
1599 2157 1683 2183 φασμ
1704 2148 1744 2175 δεῖ
1763 2149 1816 2184 γὰρ
1839 2149 1887 2184 τὴν

1097 2197 1189 2224 εἰκόνα
1212 2196 1327 2232 μίμησίν
1341 2205 1401 2222 τινα
1422 2195 1516 2231 φέρειν
1529 2191 1617 2231 οὗπέρ
1634 2196 1708 2222 ἐστιν
1721 2195 1818 2226 εἰκὼν,
1836 2196 1887 2222 κᾶν

1062 2247 1083 2274 ι)
1098 2243 1222 2269 πλεῖστον
1233 2242 1324 2277 ἀπέχῃ
1348 2241 1488 2268 κάνταῦθα
1511 2241 1560 2276 τὴν
1581 2241 1708 2276 ἀνόμοιον
1728 2241 1885 2275 ὁμοιότητα.

1098 2288 1194 2320 Κτίζει
1211 2287 1287 2320 Θεὸς,
1304 2287 1390 2318 κτίζει
1404 2288 1450 2313 καὶ
1468 2286 1612 2322 ἄνθρωπος
1623 2294 1630 2302 '
1644 2287 1658 2312 ὁ
1678 2286 1728 2320 μὲν
1745 2286 1824 2321 φύσει
1838 2286 1887 2320 τὴν

1097 2328 1253 2369 ἐπιστήμην
1267 2334 1347 2369 έχων,
1362 2334 1375 2358 ὁ
1388 2333 1416 2359 δὲ
1433 2332 1522 2368 χρόνῳ
1533 2332 1624 2358 λαϐὼν
1637 2340 1642 2346 ’
1659 2332 1673 2357 ὁ
1688 2331 1738 2366 μὲν
1753 2333 1886 2367 παράγων

1097 2381 1201 2412 οὐσίας,
1217 2381 1231 2406 ὁ
1248 2380 1276 2406 δὲ
1293 2379 1341 2410 τὰς
1359 2379 1422 2410 ὕλας
1438 2378 1548 2413 κοσμῶν
1563 2379 1596 2404 δι’
1610 2375 1702 2413 ὦνπερ
1715 2378 1810 2404 κόπτει
1824 2377 1887 2404 τοὺ-

1096 2434 1149 2453 των
1164 2426 1197 2453 τὰ
1215 2426 1337 2452 πλείονα.
1360 2425 1443 2461 Γεννᾷ
1461 2425 1528 2455 Θεὸς
1539 2445 1546 2457 ,
1564 2425 1647 2460 γεννᾷ
1666 2425 1712 2451 καὶ
1727 2424 1885 2459 ἄνθρωπος·

1096 2471 1110 2496 ὁ
1123 2471 1171 2506 μὲν
1187 2469 1558 2506 ἁχρόνως,αῦ).ως,ἀπαθὼς,
1572 2469 1739 2504 ἁμερίστως,
1760 2470 1774 2495 ὁ
1788 2469 1817 2495 δὲ
1833 2470 1887 2495 πᾶν

1097 2518 1265 2544 τούναντίον·
1293 2516 1551 2552 ἀντιλαμϐανόμεθα
1579 2516 1633 2542 τῶν
1652 2514 1788 2550 αἰσθητῶν
1814 2516 1887 2542 κατὰ

1098 2565 1182 2596 πάθος
1200 2564 1246 2590 καὶ
1260 2563 1404 2599 μεριστῶς,
1419 2562 1470 2589 κᾶν
1482 2570 1508 2588 τι
1527 2561 1657 2596 μάθωμεν
1668 2581 1675 2593 ,
1695 2561 1784 2596 χρόνῳ
1799 2569 1828 2587 τε
1839 2561 1886 2586 καὶ

1096 2611 1162 2646 παρ’
1182 2610 1284 2644 ἐτέρων
1311 2610 1351 2640 εἰς
1372 2609 1402 2635 τὸ
1432 2608 1529 2643 μαθεῖν
1556 2606 1831 2640 τελειούμεθα-Θεὺς
1857 2606 1886 2632 δὲ

1096 2655 1188 2690 ἀμερῆ
1214 2663 1243 2681 τε
1269 2655 1315 2680 καὶ
1337 2653 1438 2688 ἀθρόαν
1467 2653 1514 2679 καὶ
1542 2652 1677 2679 συναῖδιον
1701 2651 1751 2686 τὴν
1775 2651 1886 2677 πάντων

1096 2701 1196 2735 γνῶσιν
1212 2700 1356 2732 ἐκτήσατο.
1371 2699 1481 2733 ’Δνιστᾷ
1501 2698 1566 2729 Θεὸς
1589 2698 1651 2728 τοὺς
1669 2696 1784 2732 νεκροὺς
1797 2697 1886 2730 ἀπορ-

1098 2746 1173 2781 ρήτῳ
1191 2745 1306 2779 δυνάμει
1318 2753 1348 2770 τε
1363 2744 1409 2770 καὶ
1434 2744 1512 2779 ῥιπῇ,
1533 2743 1687 2777 ἁνιστῶμεν
1703 2742 1749 2768 καὶ
1761 2742 1839 2776 ἡμεῖς
1851 2742 1886 2777 τῇ

1096 2792 1184 2827 τροφῇ
1205 2791 1274 2817 κατὰ
1299 2790 1396 2826 μικρὸν
1415 2789 1450 2816 τὰ
1475 2788 1590 2825 σώματα
1613 2786 1884 2823 δαπανώμεναιλκαὶ

1167 2881 1188 2897 ¹¹
1208 2879 1275 2908 ibid.
1293 2879 1335 2907 i5.
