2086 3160
179 191 233 223 993

742 189 1014 222 COMMENTARII
1030 189 1072 220 IN
1092 188 1220 220 JOSUE.

1760 188 1814 219 994

179 254 292 280 παυσιν,
318 244 366 272 τοῦ
390 244 474 281 νόμου
501 245 582 282 μέχρι
612 245 692 282 μόνον
721 246 868 283 προθύρων
892 245 965 280 ἄγειν

1022 244 1053 271 ad
1069 250 1152 278 quam
1167 243 1243 271 solus
1258 242 1335 270 ducit
1347 250 1428 271 verus
1440 242 1533 275 Josue,
1547 242 1593 278 qui
1611 250 1662 270 nos
1679 241 1811 274 instituit,

181 292 333 328 ἰσχύοντος.

214 377 347 411 Μωυσῆς
360 378 377 404 ὁ
387 376 525 410 θεράπων
533 385 593 412 μου
611 377 815 410 τετελεύτηκε.
833 377 898 404 Νῦν
912 376 969 406 οὖν

176 422 311 456 ἀναστὰς
330 441 338 454 ,
361 422 478 456 διάϐηθι
503 422 558 449 τὸν
579 422 745 456 Ἰορδάνην.
784 423 969 458 Τετελεύτηκε

176 469 307 504 Μωῦσῆς,
324 468 461 496 ἀπέθανεν
489 468 503 494 6
526 468 618 504 νόμος,
636 469 756 503 Μωῦσῆς
775 468 967 504 χρηματίζων,

176 515 247 542 κατὰ
260 515 292 541 τό
310 523 318 530 ι
337 523 346 540 ι
367 514 480 549 Ἔχουσι
500 513 603 541 Μωσέα
628 513 677 540 καὶ
703 514 766 545 τοὺς
782 514 937 550 προφήτας.
956 523 965 540 ι

175 560 244 587 Μεθ’
257 559 287 586 ὃν
303 560 317 586 ὁ
331 560 378 586 τὸν
394 560 476 595 νόμον
495 559 549 586 τῶν
558 559 674 587 ἐντολῶν
689 561 718 586 ὲν
733 559 852 595 δόγμασι
863 569 968 595 καταρ-

175 607 265 641 γήσας
289 605 444 638 διαὸιῦάζει
469 605 515 632 τὸν
544 605 693 640 Ἰορδάνην,
722 606 795 633 καθά
817 614 884 641 φησι
898 607 968 642 πρὸς

175 652 350 687 Νικόδημονο
366 661 376 678 ι
402 652 464 678 Ἐὰν
481 652 519 687 μή
545 660 588 684 τις
612 651 783 688 ἀναγεννηθῇ
814 652 844 686 ἐξ
872 652 968 685 ὕδατος

176 697 224 724 καὶ
254 697 421 732 πνεύματος,
440 697 472 723 οὺ
507 697 545 732 μὴ
572 697 684 734 εἰσέλθῃ
709 698 750 728 είς
766 697 816 733 τὴν
827 697 968 733 βασιλείαν

174 743 229 770 τῶν
246 743 380 779 οὐρανῶν.
397 752 406 768 ι
426 739 481 774 Ἦς
493 743 574 775 αὐτὸς
590 743 814 779 προκατήρξατο,
826 745 857 771 οὺ
871 744 968 779 δεόμε-

175 798 232 822 νος,
244 790 302 817 ἀλλ’
317 789 440 823 ἁγιάζων
455 790 490 816 τὰ
502 789 598 817 ὕδατα.

211 836 275 869 Πᾶς
287 837 304 863 ὁ
317 836 422 869 τόπος,
449 837 495 871 ἐφ’
513 836 549 864 ὃν
564 836 603 863 ἂν
626 836 749 871 ἐπιϐῆτε
767 836 808 870 τῷ
822 837 899 872 Ζχνει
909 838 968 865 τῶν

174 883 276 910 ποδῶν
290 882 384 917 ὑμῶν,
400 882 472 917 ὑμῖν
486 882 573 909 δώσω
587 883 689 910 αὐτόν.
710 884 742 910 Ἦ
754 885 803 919 μὲν
815 884 966 919 ἐπαγγελία

174 928 256 964 αὔτη,
276 929 290 955 6
302 929 330 955 δὲ
341 928 417 963 ἀγὼν
436 928 534 964 μέγας,
551 929 614 964 ἔθνη
629 929 739 964 νικῆσαι
751 929 785 956 τὰ
798 930 890 966 νοητά.
911 931 965 957 Καὶ

174 975 216 1001 δεῖ
231 975 348 1002 ἐνταῦθα
363 975 394 1002 τὸ
408 975 535 1002 τοσοῦτον
551 975 731 1007 διανύσαντας
746 975 854 1004 στάδιον
866 977 964 1012 ἐπιεῆ-

174 1029 218 1048 ναι
233 1022 288 1048 τῶν
302 1022 358 1049 ἄνω
380 1021 484 1057 μονῶνσ
499 1021 597 1056 μᾶλλον
613 1021 642 1048 δὲ
667 1021 721 1057 πρὸ
737 1022 850 1056 τούτων,
865 1024 965 1058 ἀρετῆς

173 1075 204 1093 τε
223 1068 269 1094 καὶ
279 1067 419 1102 ἀληθείας,
445 1068 607 1103 ὸδηγοῦντος
632 1069 708 1103 ἡμᾶς
728 1068 816 1103 Ἰησοῦ
843 1069 883 1100 είς
906 1069 965 1096 ὁδὸν

174 1113 298 1149 εἰρήνης,
316 1113 365 1140 τοῦ
385 1114 433 1140 καὶ
455 1114 548 1146 δόντος
577 1115 674 1140 πατεῖν
697 1114 790 1141 ὲπάνω
815 1114 903 1149 ὄφεων
918 1115 966 1141 καὶ

174 1159 324 1193 σκορπίων,
335 1159 382 1186 καὶ
391 1159 576 1195 χαρισαμένου
590 1159 773 1195 κληρονομίαν
784 1159 880 1187 ὲθνῶν.
889 1160 966 1186 Ἑπι-

174 1204 267 1238 6ὦμεν
284 1204 312 1232 δὲ
327 1205 374 1231 καὶ
386 1205 486 1241 ῥητῶν,
503 1205 542 1238 ὡς
554 1206 609 1239 δεῖ,
619 1205 778 1241 Γραφιχῶν,
791 1206 838 1232 καὶ
856 1205 887 1232 τὸ
902 1214 965 1242 νοη-

174 1251 220 1277 θὲν
235 1252 310 1278 ἐστιν
321 1251 468 1286 ἡμέτερον.
492 1251 523 1278 '0
549 1251 600 1287 μὲν
611 1250 658 1277 οὖν
677 1250 743 1282 Θεὸς
755 1250 809 1281 ἕως
821 1250 965 1286 Εὐφράτου

173 1297 270 1324 δώσειν
283 1297 376 1328 αὐτοῖς
388 1296 583 1332 ἐπηγγείλατο,
598 1296 719 1328 ἀναξίοις
733 1295 761 1322 δὲ
777 1297 900 1331 φανεῖσιν
916 1296 966 1322 οὑκ

174 1341 321 1378 ἐπλήρωσε
337 1342 386 1378 τὴν
401 1341 563 1377 ὑπόσχεσιν,
574 1341 644 1369 ἀλλὰ
659 1340 743 1368 Δαεὶδ
769 1341 817 1368 καὶ
827 1341 965 1377 Σολομῶνι

172 1388 330 1425 γενομένοις
344 1387 442 1422 ἀξίοις.

212 1523 271 1557 Τὴν
282 1523 396 1558 ἔρημον
405 1523 455 1551 καὶ
477 1523 532 1550 τὸν
544 1522 757 1550 Ἀντιλίϐανον.
776 1522 833 1558 Τὴν
860 1522 965 1558 ἔρημον

172 1569 307 1602 ὑπέταξεν
324 1571 338 1596 6
363 1569 458 1605 Πατὴρ
484 1570 523 1603 τῷ
548 1569 670 1604 Χριστῷ.
696 1569 764 1604 Περὶ
785 1566 818 1604 ἧς
845 1568 963 1604 εἴρηται,

176 1626 186 1641 ι
204 1615 390 1651 Εὐφράνθητι,
403 1616 504 1651 ἔρημος
516 1616 532 1650 ἡ
551 1615 666 1650 διψῶσα.
689 1623 698 1640 ι
711 1614 766 1641 Καί
779 1622 786 1629 ·
804 1623 813 1640 ι
829 1614 916 1640 Πολλὰ
929 1613 964 1640 τὰ

171 1663 255 1688 τέκνα
269 1661 319 1696 τῆς
331 1662 448 1697 ἐρήμου,
462 1660 585 1696 μᾶλλονῆ
597 1662 647 1695 τῆς
659 1659 774 1695 ἐχούσης
789 1659 835 1686 τὸν
847 1659 940 1693 ἄνδρα.
953 1668 962 1684 ι

174 1707 229 1734 Καὶ
245 1707 276 1733 οὗ
297 1707 343 1733 τὸν
366 1707 484 1734 Λίϐανον
502 1705 638 1738 ὑπέταξεν
660 1705 761 1740 Ἰησοῦ,
778 1705 825 1732 τὸν
847 1704 964 1740 Ἰσραὴλ,

173 1753 259 1785 οὕτως
273 1754 301 1780 ὲν
317 1754 476 1789 προφήταις
497 1753 676 1787 καλούμενον,
691 1751 720 1784 ὃς
735 1751 782 1779 καὶ
797 1751 966 1783 καλλιέλαιος

174 1799 295 1835 εἴρηται·
324 1800 393 1827 ἀλλὰ
419 1800 455 1827 τὰ
480 1799 554 1835 ἔθνη,
575 1799 620 1826 τὸν
652 1799 846 1832 Ἀντιλίϐανον,
872 1800 967 1833 ἐγκεν-

174 1843 321 1878 τρισϐἑντα
352 1844 401 1878 μὲν
421 1845 449 1870 ὲν
467 1843 585 1878 Ἰσραὴλ,
605 1843 757 1870 ἀντάὺτοῦ
777 1844 805 1870 δὲ
821 1844 965 1878 γενόμενα.

209 1889 265 1915 Kal
286 1888 388 1922 ὥσπερ
401 1888 484 1923 ἤμην
504 1889 580 1923 μετὰ
607 1889 731 1923 Μωϋσῆ,
752 1890 845 1922 οὕτως
860 1889 967 1924 ἔσομαι

175 1931 224 1958 καὶ
238 1932 312 1966 μετὰ
327 1932 396 1959 σοῦ.
417 1932 484 1959 Οὐδὲ
498 1933 552 1967 γὰρ
569 1933 690 1968 Μωῠσῆς
706 1933 759 1968 ἰδίᾳ
773 1933 887 1968 δυνάμει
903 1934 967 1965 τοὺς

175 1977 288 2012 ἐχθροὺς
304 1977 490 2010 ἐτροπώσατο.
507 1979 634 2005 Τοιοῦτον
663 1979 711 2006 καὶ
729 1979 776 2005 τό·
793 1988 801 2004 ι
823 1979 887 2006 Ἰδοὺ
912 1977 968 2013 ἐγὼ

175 2023 236 2058 μεθ’
248 2023 326 2058 ὑμῶν
338 2025 395 2058 ειμι
411 2024 465 2056 ἕως
474 2024 524 2060 τῆς
539 2025 694 2056 συντελείας
709 2025 755 2051 τοῦ
772 2025 880 2057 αἰῶνος.
901 2035 910 2051 ι

211 2081 315 2116 Ἴσχυε,
325 2081 402 2115 φησὶ,
418 2081 466 2108 καὶ
479 2080 615 2116 ἀνδρίζου.
635 2082 706 2116 Ἐγὼ
722 2083 776 2118 γάρ
789 2090 819 2108 σε
834 2082 967 2117 ὲνισχύσω

173 2125 315 2161 ὑπομονὴν
330 2126 378 2153 καὶ
387 2126 503 2162 δύναμιν
518 2126 707 2162 χαριζόμενος,
716 2127 755 2159 ὡς
766 2127 800 2154 ἂν
809 2128 855 2154 καὶ
869 2127 967 2159 διέλοις

173 2173 229 2205 τοῖς
241 2173 382 2208 ἐσομένοις
398 2174 448 2208 τὴν
467 2174 530 2209 γῆν.

1020 289 1199 324 requiemque
1209 289 1349 322 concedit,
1360 297 1422 316 cum
1431 290 1474 316 lex
1484 289 1519 316 ad
1529 288 1696 317 vestibulum
1704 293 1811 316 tantum

1020 335 1157 363 deducere
1173 335 1273 370 possit.

1055 380 1144 408 Moses
1155 381 1275 414 famulus
1291 388 1364 408 meus
1377 386 1499 408 mortuus
1510 385 1559 408 est.
1569 380 1649 408 Nunc
1658 381 1740 415 igitur
1751 388 1810 415 age.

1020 427 1106 452 transi
1134 433 1180 460 per
1204 424 1362 452 Iordanem.
1374 424 1407 462 [1,
1424 425 1464 462 2.]
1479 425 1552 453 Obiit
1575 425 1675 459 Moses,
1688 427 1740 454 hoc
1755 431 1810 458 est,

1019 469 1150 497 defuncta
1160 475 1204 498 est
1217 470 1259 498 lex
1269 478 1329 505 quae
1337 470 1428 499 Moses
1436 477 1625 506 nuncupatur,
1636 472 1714 506 juxta
1725 473 1789 500 illud
1802 481 1810 500 ς

1022 524 1032 541 ι
1050 515 1144 544 Mosen
1170 516 1272 544 habent
1291 519 1320 544 et
1347 517 1495 552 prophetas
1511 517 1544 544 η.
1570 527 1580 544 ι
1596 518 1682 552 Cujus
1703 519 1764 547 loco
1787 519 1811 547 is

1018 563 1066 597 qui
1086 563 1172 598 legem
1195 563 1254 591 suis
1281 564 1424 598 praeceptis
1449 571 1482 590 ac
1509 563 1629 592 decretis
1653 565 1809 600 abrogavit.

1017 608 1166 636 Jordanem
1184 608 1299 644 trajicit,
1315 613 1346 636 ut
1359 609 1447 644 ipsius
1466 609 1500 636 ad
1524 608 1704 637 Nicodemum
1718 611 1811 638 verbis

1018 657 1148 682 constat:
1168 663 1178 680 ‹
1196 654 1254 683 Nisi
1266 655 1330 690 quis
1364 656 1505 690 regeuitus
1523 663 1557 683 ex
1576 663 1647 691 aqua
1663 660 1691 684 et
1707 657 1810 692 spiritu

1019 699 1113 733 fuerit,
1142 700 1170 727 in
1198 708 1312 735 regnum
1346 701 1480 729 ccelorum
1504 709 1559 728 non
1583 702 1753 737 ingredietur
1773 703 1809 734 '°.

1018 745 1099 781 cujus
1111 746 1169 781 ipse
1187 746 1322 774 tinctione
1335 755 1390 782 qua
1415 755 1470 775 non
1485 747 1624 783 indigebat
1641 752 1745 782 tamen,
1761 757 1810 777 ve-

1018 800 1080 820 rum
1094 793 1266 821 consecravit
1278 801 1374 827 aquas,
1391 793 1501 820 initium
1516 794 1590 821 fecit.

1055 838 1165 866 Omnem
1177 838 1263 866 locum
1275 847 1354 873 super
1361 846 1436 873 quem
1447 839 1540 872 planta
1551 839 1647 873 pedum
1662 844 1809 867 uestrarum

1018 884 1205 916 calcaverin's.
1232 884 1304 911 vobis
1334 884 1415 911 dabo.
1442 884 1492 920 [5.]
1520 884 1672 912 Promissio
1697 885 1807 919 quidem

1019 934 1095 958 tanta
1106 935 1158 958 est.
1173 930 1208 957 At
1240 935 1335 965 gentes
1359 930 1520 965 spirituales
1539 931 1650 958 vincere
1664 931 1714 958 hoc
1727 939 1807 966 opus,

1018 977 1063 1004 hic
1078 977 1166 1004 labor.
1181 976 1232 1004 Ubi
1257 977 1398 1004 curriculo
1419 980 1518 1004 exacto
1541 977 1575 1004 ad
1598 985 1714 1012 superas
1730 978 1808 1005 θοάς-ς

1018 1022 1259 1050 conscendendum
1271 1026 1323 1050 est.
1354 1022 1413 1049 lmo
1431 1029 1496 1050 vero
1512 1023 1562 1050 has
1585 1027 1650 1050 ante
1665 1024 1699 1050 ad
1717 1023 1809 1050 virtu-

1018 1070 1072 1094 tem
1100 1074 1132 1094 ac
1156 1068 1311 1099 veritatem,
1333 1066 1362 1094 in
1390 1067 1463 1094 viam
1481 1067 1558 1102 pacis
1579 1067 1631 1095 iter
1646 1067 1726 1095 nobis
1739 1076 1810 1103 prae-

1019 1113 1099 1140 bente
1135 1111 1220 1146 Jesu;
1241 1112 1287 1148 qui
1314 1117 1459 1148 serpentes
1487 1113 1569 1140 etiam
1595 1116 1624 1140 et
1648 1113 1809 1148 scorpiones

1019 1159 1099 1187 nobis
1117 1159 1267 1186 calcandos
1279 1159 1397 1194 praebuit
1412 1160 1444 1192 ",
1466 1159 1646 1195 gentiumque
1662 1159 1808 1187 haeredita-

1019 1209 1073 1232 tem
1085 1205 1208 1232 donavit.
1226 1205 1454 1233 Conscendamus
1466 1205 1579 1240 insuper
1597 1205 1704 1233 decenti
1719 1204 1809 1240 gradu

1019 1258 1101 1286 super
1125 1251 1200 1279 dicta
1231 1251 1259 1278 in
1289 1250 1442 1285 Scripturis
1474 1251 1683 1286 comprehensa.
1696 1251 1737 1278 Ad
1757 1259 1808 1279 nos

1018 1296 1091 1324 enim
1107 1297 1266 1324 intellectus
1296 1297 1425 1331 pertinet.
1445 1296 1517 1324 Deus
1543 1296 1636 1331 itaque
1654 1301 1756 1324 terram
1773 1297 1807 1325 ad

1018 1342 1186 1378 Euphratem
1220 1350 1251 1370 se
1282 1342 1413 1370 daturum
1438 1343 1495 1371 illis
1521 1347 1564 1370 est
1580 1343 1740 1377 pollicitus,
1764 1343 1808 1371 in-

1017 1386 1108 1421 dignis
1134 1394 1199 1415 vero
1224 1386 1293 1415 visis
1324 1387 1555 1422 promissionibus
1578 1395 1633 1414 non
1649 1388 1734 1415 stetit.
1754 1387 1809 1414 Da-

1017 1433 1071 1460 vidi
1103 1437 1210 1461 tantum
1229 1438 1257 1461 et
1283 1432 1426 1462 Salomoni
1443 1434 1491 1468 qui
1502 1433 1577 1468 digni
1599 1433 1722 1466 fuerunt,
1737 1441 1807 1469 prae-

1015 1480 1099 1507 stitit.

1054 1525 1190 1552 Desertum
1204 1529 1228 1552 et
1243 1525 1439 1552 Antilibanum.
1458 1524 1508 1561 [4.]
1528 1525 1670 1553 Desertum
1692 1525 1806 1554 Christo

1018 1569 1159 1604 subjunxit
1174 1569 1265 1602 Pater,
1278 1570 1312 1597 de
1324 1578 1380 1604 quo
1397 1570 1501 1597 dictum
1511 1574 1554 1597 est
1568 1579 1575 1596 :
1597 1579 1606 1596 ι
1628 1570 1743 1603 Laetare,
1758 1570 1806 1598 do-

1016 1620 1119 1643 sertum
1139 1615 1246 1642 aridum
1258 1617 1291 1643 ²¹.
1309 1625 1317 1640 I
1330 1615 1398 1643 Item
1417 1624 1425 1642 :
1445 1624 1455 1640 ‹
1475 1615 1573 1643 Plures
1606 1615 1689 1642 habet
1703 1616 1806 1643 liberos

1015 1662 1096 1689 vidua
1113 1668 1194 1695 quam
1216 1662 1345 1688 maritam
1361 1661 1393 1689 ".
1412 1670 1421 1687 ι
1438 1660 1494 1688 Nec
1519 1669 1586 1689 vero
1608 1661 1744 1689 Libanum
1755 1660 1805 1689 io-

1016 1715 1065 1735 sue
1079 1707 1235 1742 subjunxit,
1251 1708 1389 1740 lsrnelem,
1400 1708 1522 1741 inquam,
1539 1707 1587 1742 qui
1600 1706 1672 1742 apud
1685 1707 1805 1746 prophe-

1017 1758 1058 1781 tas
1084 1754 1137 1782 hoc
1167 1754 1287 1782 nominis
1315 1754 1407 1781 habet.
1421 1753 1473 1786 Qui
1487 1754 1551 1780 item
1578 1754 1701 1781 olearum
1728 1755 1806 1782 l'erax

1015 1800 1107 1828 dictus
1133 1804 1185 1833 est,
1214 1807 1310 1827 verum
1339 1800 1540 1831 Antilibanum,
1568 1805 1662 1834 gentes
1682 1799 1757 1835 ipsas
1777 1800 1806 1828 in

1015 1846 1141 1874 lsraelem
1155 1846 1264 1877 insitas,
1281 1846 1496 1881 inqueipsorum
1512 1846 1602 1872 locum
1619 1846 1734 1873 ascitas.

1053 1892 1088 1919 Et
1112 1892 1338 1927 quemadmodum
1373 1899 1434 1918 cum
1462 1890 1537 1918 Mase
1561 1891 1617 1924 fui,
1646 1891 1687 1917 ila
1720 1895 1806 1918 tecum

1017 1946 1073 1970 ero,
1091 1941 1146 1965 etc.
1157 1936 1212 1972 [5.]
1228 1937 1289 1963 Non
1301 1936 1374 1964 enim
1388 1937 1498 1971 propria
1512 1936 1616 1963 virtute
1629 1935 1723 1963 hostes
1739 1935 1808 1962 vicit

1018 1982 1117 2009 Μῆδος.
1142 1980 1306 2015 Hujusmodi
1338 1980 1408 2008 illud
1429 1988 1540 2015 quoque
1563 1984 1628 2008 est:
1645 1989 1654 2006 ι
1676 1980 1747 2008 Ecce
1760 1988 1815 2009 νοτ

1019 2028 1127 2054 hiscum
1144 2033 1205 2053 sum
1224 2033 1312 2060 usque
1326 2025 1361 2052 ad
1374 2025 1456 2052 ﬁnem
1475 2025 1616 2052 mundi“.
1635 2034 1645 2051 ι

1054 2081 1143 2109 Macte
1168 2084 1275 2108 tantum
1302 2081 1404 2108 virtute
1426 2081 1476 2113 sis,
1493 2081 1594 2116 inquit,
1612 2081 1758 2117 virumque
1779 2085 1808 2109 te

1019 2131 1129 2162 ιιι-πειτα,
1144 2134 1195 2162 ego
1209 2126 1283 2154 enim
1306 2130 1333 2154 te
1348 2126 1530 2159 conlirmaho,
1547 2126 1764 2161 patientiamque
1776 2135 1808 2154 ac

1019 2173 1093 2200 vires
1118 2180 1174 2209 quo
1199 2177 1304 2201 terram
1328 2173 1384 2200 tuis
1415 2172 1530 2200 asseclis
1559 2172 1712 2200 distribuas
1741 2180 1808 2200 cou-

1020 2218 1118 2247 ierant.

215 2273 297 2301 Ἀλλὰ
312 2274 440 2308 φύλαττε,
455 2275 503 2301 καὶ
516 2274 590 2302 ποίει
610 2274 684 2301 κατὰ
704 2274 795 2301 πάντα
811 2274 856 2301 τὸν
873 2275 965 2310 νόμον.

1058 2275 1158 2304 Verum
1183 2283 1280 2303 omnes
1305 2278 1368 2302 tuas
1391 2274 1517 2303 actiones
1532 2273 1612 2309 juxta
1622 2273 1708 2310 legem
1722 2281 1808 2302 accu-

174 2321 255 2357 Δὺτῷ
271 2321 301 2348 δὲ
316 2321 482 2357 προστάττει
510 2322 582 2357 ἅπερ
607 2321 653 2348 καὶ
677 2321 723 2348 τὸν
737 2320 802 2348 λαὸν
826 2321 968 2348 διδάσκειν

174 2367 271 2402 ὲχρῆν.
289 2377 298 2392 ι
314 2368 373 2399 Πᾶς
401 2367 467 2403 γὰρ,
483 2367 576 2403 φησὶν,
595 2367 670 2399 ὅστις
691 2367 800 2403 ποιήσει
813 2367 884 2394 κατὰ
904 2367 968 2403 μίαν

173 2414 229 2440 τῶν
242 2413 357 2440 ἐντολῶν
366 2413 470 2440 τούτων
481 2413 535 2440 τῶν
549 2413 708 2449 ἐλαχίστων,
733 2413 782 2440 καὶ
795 2413 895 2446 διδάξει
904 2413 968 2444 τοὺς

175 2458 335 2494 ἀνθρώπους
361 2459 461 2494 ὁμοίως
477 2461 576 2492 ποιεῖν,
604 2459 690 2495 μέγας
705 2459 873 2494 κληθήσεται
888 2459 917 2486 ὲν
931 2460 965 2494 τῇ

176 2505 301 2540 βασιλείᾳ
325 2504 380 2531 τῶν
405 2505 539 2540 οὐρανῶν.
560 2514 570 2531 ›
584 2506 638 2532 Καὶ
666 2506 774 2537 Λουκᾶς
793 2505 820 2531 δὲ
842 2505 966 2540 περὶτοῦ

175 2549 304 2584 ἀληθινοῦ
315 2559 397 2585 φησιν
418 2551 505 2585 Ἰησοῦ
517 2559 524 2566 ·
543 2560 553 2576 ι
571 2548 622 2577 τΩν
642 2550 744 2586 ἤρξατο
765 2551 853 2576 ποιεῖν
872 2558 903 2576 τε
919 2550 966 2577 καὶ

174 2596 323 2623 διδάσκειν.
337 2605 346 2622 ι
367 2597 462 2622 Πᾶσαν
480 2596 536 2631 γὰρ
555 2596 700 2632 ἐπλήρωσε
712 2595 898 2632 δικαιοσύνην,
911 2595 965 2622 ὑπὸ

175 2641 258 2675 νόμον
277 2640 424 2675 γενόμενος
444 2641 482 2672 ὡς
502 2641 657 2676 ἄνθρωπος.
672 2641 728 2667 Καὶ
741 2641 790 2667 ὅσα
813 2640 965 2667 ἐνετείλατο

176 2686 251 2722 αὺτῷ
268 2686 389 2722 Μωῡσῆς
402 2686 565 2722 πεποίηκεν,
575 2686 618 2713 ἵνα
632 2687 695 2718 τοὺς
711 2687 763 2713 ὑπὸ
777 2687 858 2721 νόμον
874 2686 967 2720 ἐξαγο-

179 2733 260 2768 ράσῃ,
275 2733 324 2760 καὶ
334 2733 384 2768 τὴν
394 2732 531 2759 υἱοθεσίαν
548 2731 742 2766 ἀπολαύωμεν.
761 2731 818 2758 Οὐκ
829 2731 965 2764 ἐξέκλινεν

176 2780 225 2805 ἀπ’
237 2779 326 2806 αὐτῶν
336 2778 410 2811 δεξιὰ
421 2779 438 2814 ἦ
453 2777 597 2813 ἀριστερὰ,
621 2777 735 2812 φάσκων
748 2784 754 2792 ·
774 2786 784 2802 ‹
803 2777 880 2804 Ἰῶτα
896 2776 934 2810 ἓν,
947 2777 963 2813 ἢ

1019 2326 1079 2350 rate
1095 2329 1242 2357 compone,
1253 2328 1342 2356 eaque
1357 2320 1383 2348 ei
1397 2319 1533 2356 pracipit,
1555 2319 1656 2354 quibus
1673 2320 1805 2355 populum

1017 2375 1128 2403 quoque
1156 2367 1294 2395 instruere
1321 2366 1485 2401 oportebat:
1504 2373 1515 2392 ι
1531 2364 1694 2400 Quicunque
1722 2365 1807 2398 enim,

1022 2414 1122 2449 inquit,
1139 2413 1212 2440 facto
1247 2413 1360 2440 unicum
1378 2415 1576 2447 praeceptorum
1604 2411 1807 2439 levissimorum

1020 2460 1203 2494 expresserit,
1216 2463 1242 2486 et
1256 2458 1353 2486 eodem
1370 2457 1452 2485 modo
1472 2456 1564 2485 facere
1578 2457 1703 2485 docuerit
1715 2457 1806 2484 homi-

1019 2511 1079 2535 nes.
1093 2509 1223 2538 magnum
1243 2509 1344 2529 nomen
1365 2502 1393 2528 in
1408 2508 1492 2536 regno
1508 2501 1641 2528 ccelorum
1661 2508 1806 2536 compara-

1019 2549 1059 2577 bit
1075 2549 1108 2577 “.
1124 2558 1133 2574 I
1148 2547 1240 2576 Lucas
1264 2548 1329 2575 item
1345 2547 1380 2575 de
1395 2554 1462 2574 vero
1479 2545 1564 2574 Josue
1579 2547 1668 2583 inquit
1683 2554 1691 2573 :
1713 2556 1722 2573 ι
1741 2547 1806 2580 Quae

1018 2595 1102 2630 cmpit
1112 2602 1174 2622 cum
1190 2593 1282 2622 facere
1297 2598 1353 2621 tum
1377 2593 1476 2621 docere
1494 2592 1527 2619 '°.
1544 2602 1554 2619 ι
1569 2592 1639 2620 Cum
1658 2593 1730 2620 enim
1754 2593 1805 2628 legi

1017 2647 1078 2668 sese
1097 2639 1185 2667 instar
1202 2638 1325 2666 hominis
1335 2637 1517 2670 subdidisset,
1533 2645 1641 2665 omnem
1657 2638 1804 2672 complevit
1848 2657 1850 2659 ι

1016 2685 1161 2721 justitiam.
1184 2685 1361 2719 Quaecunque
1392 2683 1476 2711 etiam
1499 2684 1525 2711 ei
1546 2684 1678 2719 prmcepit
1703 2683 1807 2713 Moses,

1017 2730 1094 2764 fecit,
1108 2737 1162 2765 quo
1177 2730 1230 2764 legi
1260 2737 1312 2757 nos
1337 2729 1475 2756 obnoxios
1504 2729 1651 2756 redimeret
1673 2729 1706 2761 ",
1725 2729 1809 2763 inque

1020 2776 1139 2803 ﬁliorum
1156 2775 1245 2803 locum
1259 2776 1410 2810 adoptaret.
1424 2773 1486 2802 Non
1499 2773 1610 2802 deﬂexit
1620 2775 1653 2801 ab
1663 2775 1703 2802 eis
1720 2781 1809 2808 neque

215 2867 236 2883 ¹⁹
256 2866 324 2894 Luc.
337 2867 446 2898 “1,29.
485 2867 507 2887 '9
526 2866 604 2894 Joan.
616 2874 657 2899 ιιι,
670 2866 697 2893 5.
729 2866 750 2881 ¹¹
765 2865 830 2893 Luc.
846 2874 873 2897 χ,
890 2865 933 2892 19.

1019 2872 1058 2893 sa.
1073 2872 1156 2897 xxxv.
1170 2863 1196 2891 1.
1236 2863 1259 2879 ’³
1282 2863 1336 2891 lsa.
1354 2871 1416 2897 Liv,
1438 2864 1464 2890 Ι.
1502 2864 1524 2880 ιδ
1541 2863 1633 2890 Mulli).
1649 2869 1742 2892 xxvui,
1761 2853 1820 2887 20..

178 2903 202 2918 "
215 2902 308 2929 Matth.
327 2910 354 2935 γ,
372 2903 414 2931 19.
456 2902 478 2918 ³⁸
499 2902 559 2929 Act.
574 2910 592 2934 ι,
608 2902 633 2929 i.
673 2902 694 2917 "
707 2900 842 2934 Galat.tv,
860 2901 887 2927 5.
