2086 3160
263 180 316 212 995

910 176 1087 207 PROCOPII
1107 175 1231 206 GAZ.El

1836 172 1888 202 996

263 236 296 263 ad
329 234 453 261 dextram
487 240 576 267 neque
597 232 752 264 sinistram,
766 232 812 267 qui
841 232 946 266 inquit:
961 241 969 257 ι
989 232 1048 260 Non

1109 231 1152 257 ιία
1164 233 1264 265 κεραία
1279 229 1310 256 οὺ
1331 229 1368 264 μὴ
1381 228 1502 264 παρέλθῃ
1516 228 1549 254 ὲκ
1566 227 1613 254 τοῦ
1625 227 1717 261 νόμου,
1729 226 1782 258 ἕως
1798 224 1830 254 οὒ
1843 229 1889 261 γέ·

264 281 316 308 iota
344 287 428 307 unum
462 284 509 306 aut
536 286 606 314 apex
628 287 700 306 unus
724 287 738 305 ιι
761 279 818 314 lege
829 279 948 310 decidet,
964 279 1052 306 donec

264 328 310 354 tiat
324 326 357 353 “.
373 335 382 351 ι
400 325 573 360 Quapropter
599 325 632 352 de
654 325 714 359 ipso
739 323 824 352 Isaias
845 332 956 359 quoque
985 324 1024 351 ait
1043 333 1050 351 :

266 381 276 398 ι
296 371 364 405 Ecce
392 371 541 406 prudenter
561 370 645 406 479
677 375 739 406 aget
758 379 854 398 servus
871 379 958 402 meus,
975 371 1052 398 exal-

265 417 379 450 tabitur,
394 417 537 448 evehetur,
553 420 580 443 et
606 424 689 451 supra
706 416 817 443 modum
837 416 967 444 sublimis
986 416 1051 449 erit,

264 463 328 497 quia
345 462 436 489 omnia
449 461 541 489 divina
557 462 692 495 sapientia
712 462 769 496 agit
782 465 809 489 et
822 461 957 496 loquitur.

301 508 349 535 Est
363 515 427 535 vero
454 514 523 542 opus
553 507 734 542 intelligentia
760 507 784 534 ei
810 508 856 541 qui
877 507 963 542 legem
985 507 1052 542 legit

266 554 393 588 inprimis
420 560 485 580 vero
509 552 572 580 lide.
597 561 606 578 (
626 552 683 580 Nisi
709 553 782 580 enim
800 552 988 584 credideritis.
1007 553 1051 580 in-

267 600 337 635 quit,
357 606 530 634 nequaquam
558 597 717 634 intelligetis
735 598 769 625 ”.
788 607 797 624 ι
815 598 964 626 Assiduum
987 606 1053 625 nec-

269 654 322 672 non
339 645 460 672 studium
486 644 647 679 requiritur,
667 644 740 679 quod
759 645 805 679 qui
822 645 904 672 habet
917 652 932 671 a
951 645 1052 672 Davide

267 691 365 718 beatus
392 689 581 724 przedicatur:
612 699 621 715 ε
638 689 737 717 Omnia
762 689 836 716 enim
863 697 924 725 quae
941 690 1049 721 fecerit,

269 737 367 771 inquit,
382 743 513 772 prospere
528 736 677 763 succedent
689 735 782 761 “.i—
801 745 809 761 I
825 735 950 763 Lucerna
966 736 1051 768 enim,

269 781 334 808 alibi
351 781 400 812 ait,
419 781 517 815 pedum
540 787 663 806 meorum
685 779 728 806 lex
743 783 802 811 tua,
817 784 843 807 et
861 780 952 807 lumen
969 781 1053 808 semi-

269 831 360 854 tarum
377 834 499 854 mearum
517 826 550 853 ³¹.
571 835 579 851 ι
597 825 657 858 Qua
672 825 852 853 confirmatus
870 833 978 853 omnem
997 834 1053 854 me-

270 879 327 900 tum
348 880 380 900 ac
393 873 517 899 timorem
536 872 623 907 ejicit.

305 919 405 945 Parate
427 917 498 945 vobis
509 918 646 950 viaticum,
663 917 748 944 adhuc
762 918 830 945 enim
844 919 916 945 intra
931 923 983 946 tres
996 918 1052 946 dies
1070 910 1091 937 Β

271 965 412 998 trajicietis
430 964 497 990 hunc
508 963 664 990 Iordanem.
677 963 709 999 [1,
721 964 778 999 1L]
790 964 852 991 llaec
867 972 916 999 per
932 965 1052 1000 scripto-

271 1017 315 1036 res
329 1013 392 1037 nota
416 1007 482 1036 fecit
501 1007 614 1043 populo,
637 1015 708 1042 quos
728 1007 844 1043 Aquilas
867 1007 977 1042 quidem
991 1015 1055 1034 exa-

270 1060 355 1082 ctores
385 1055 522 1082 nominat.
552 1053 735 1088 Symmachus
756 1061 821 1081 vero
847 1053 998 1087 praefectos,
1012 1053 1054 1080 vi-

271 1103 371 1128 dentur
389 1105 481 1127 autem
505 1103 737 1127 commentatores
755 1101 853 1134 quales
869 1099 942 1134 apud
959 1099 1056 1126 Roma-

272 1155 323 1175 nos
352 1147 475 1179 fuerunt,
504 1154 576 1174 esse.
594 1145 644 1173 Per
660 1154 730 1181 quos
755 1147 865 1181 populis
879 1146 991 1174 decreta
1005 1153 1056 1174 sua

272 1192 488 1228 promulgarunt
513 1192 665 1227 principes.
690 1190 829 1220 Viaticum
846 1199 928 1227 porro
944 1200 976 1220 ex
991 1200 1055 1219 man

271 1239 404 1274 colligere
416 1238 560 1273 iubentur,
578 1245 629 1265 nec
644 1238 734 1265 solum
751 1238 797 1272 qui
814 1238 843 1265 in
860 1237 944 1270 diem,
960 1245 1055 1265 verum

274 1285 300 1311 in
316 1285 437 1311 triduum
457 1284 581 1319 adeoque
598 1283 632 1310 ad
648 1287 736 1311 totum
759 1283 932 1319 trajectionis
948 1288 1057 1318 tempus

274 1329 419 1358 sulliccret.
436 1328 509 1356 Inter
521 1329 642 1356 eundum
667 1329 740 1356 enim
764 1336 818 1356 non
834 1329 920 1356 otium
938 1329 1055 1363 conqui-

274 1374 353 1402 rendi
371 1378 553 1401 commeatum
572 1373 776 1408 suppeditabat.
798 1373 852 1401 Pro
869 1374 958 1401 tribus
974 1374 1058 1409 igitur

274 1420 371 1448 diebus
387 1419 469 1446 unico
496 1419 612 1454 adjectis
631 1419 811 1454 colligebant,
832 1427 894 1447 cum
914 1419 1058 1454 traiectio-

275 1467 317 1494 nis
343 1466 398 1493 die.
427 1465 486 1493 Non
511 1465 624 1500 quidem
651 1465 725 1500 quod
763 1465 836 1492 inter
860 1466 1057 1493 transeundum

275 1520 338 1539 man
355 1511 447 1546 inopia
464 1515 558 1539 essent
578 1510 741 1544 laboraturi,
770 1519 864 1538 verum
887 1517 915 1538 ut
929 1512 1058 1539 omnibus

276 1558 370 1585 missis
396 1556 430 1584 ad
457 1560 559 1584 terram
585 1557 751 1592 promissam
780 1557 988 1585 contenderent.
1018 1558 1057 1585 Ad

275 1606 333 1630 tres
356 1603 427 1629 enim
453 1602 512 1630 dies
532 1601 664 1636 deinceps
687 1610 734 1630 eos
754 1602 845 1629 adhuc
862 1603 974 1636 mansit,
992 1603 1057 1630 dum

276 1648 421 1676 Paschatis
444 1649 499 1675 ritu
529 1652 640 1683 peracto
655 1655 756 1682 azyma
775 1649 965 1676 comederunt.
980 1649 1059 1676 Tunc

276 1695 348 1721 enim
370 1698 449 1721 terra:
468 1697 602 1729 proventu
620 1693 749 1720 victitare
767 1694 886 1728 primum
904 1700 1058 1729 cmperunt.

277 1740 363 1767 l‘orro
377 1740 465 1767 cuivis
488 1739 635 1766 Iordanem
657 1738 808 1773 trajecturo
821 1744 994 1768 commeatus
1008 1748 1058 1767 ne-

277 1785 394 1813 cessitas
418 1784 580 1819 imponitur,
606 1791 720 1819 operum
745 1784 872 1812 videlicet
892 1785 1060 1820 resipiscen-

276 1831 331 1859 tiaa.
361 1837 416 1865 quo
441 1837 503 1857 cum
528 1829 640 1856 Christo
673 1833 756 1864 queat
787 1830 895 1858 dicere:
925 1840 934 1857 ι
964 1831 1060 1860 Victus

278 1883 356 1902 meus
383 1878 426 1902 est
449 1875 619 1901 voluntatem
645 1874 705 1909 ejus
731 1875 777 1909 qui
809 1883 852 1903 me
883 1875 958 1902 misit
982 1883 1061 1903 exse-

278 1921 324 1955 qui
339 1920 371 1946 ”.
390 1930 399 1946 ι
427 1919 493 1946 Nam
519 1919 584 1946 Elia:
608 1927 718 1954 quoque
741 1919 860 1947 dicitur:
878 1929 887 1946 ι
908 1919 1006 1956 Surge,
1033 1925 1061 1948 et

278 1965 403 1998 comede,
419 1965 550 2000 quoniam
577 1965 628 1992 iter
643 1964 824 2000 longinquum
840 1969 868 1992 te
884 1970 977 1993 manet
991 1966 1026 1993 ³³.
1047 1975 1057 1992 ι

278 2009 328 2037 Via
354 2010 427 2038 enim
453 2009 501 2037 Dei
525 2009 638 2037 virtutis
662 2009 851 2044 operationem
874 2009 1001 2044 requirit.
1018 2009 1060 2036 Ad

278 2062 358 2089 quam
375 2054 439 2081 item
463 2053 579 2089 pedibus
598 2061 654 2081 non
672 2053 760 2081 illotis
776 2054 1000 2089 aggrediendum,
1015 2061 1061 2082 ve-

279 2108 338 2127 rum
362 2103 426 2126 ante
450 2096 546 2126 divino
571 2098 680 2126 lavacro
710 2099 834 2126 ablutum
862 2103 904 2126 est
928 2099 1058 2127 eundum.

279 2146 393 2180 Propter
406 2143 433 2172 id
449 2144 476 2171 in
502 2143 596 2170 multis
613 2142 747 2170 Ecclesiis
773 2151 841 2171 usus
856 2143 974 2172 fortasse
987 2144 1061 2172 obti-

279 2192 349 2223 nuit,
376 2194 406 2218 ut
422 2194 523 2225 quarto
546 2189 644 2224 quovis
662 2193 767 2230 saneta:
791 2189 953 2224 septimana:
966 2189 1010 2217 die
1026 2189 1060 2217 ad

1102 285 1193 312 νηται.
1215 286 1224 302 ι
1243 275 1289 302 Διὸ
1303 276 1349 302 καὶ
1372 275 1488 305 Ἡσαΐας
1503 274 1578 308 λέγει
1595 273 1659 309 περὶ
1672 273 1754 299 αὑτοῦ
1767 281 1774 288 ·
1792 282 1802 299 ι
1823 272 1889 300 Ἰδοὺ

1103 323 1216 358 συνήσει
1233 323 1318 353 ὀπαῖς
1331 330 1394 356 μου,
1411 320 1458 348 καὶ
1470 320 1654 355 ὑψωθήσεται,
1669 319 1716 346 καὶ
1727 318 1890 354 δοξασθήσε-

1102 378 1159 402 ται,
1183 369 1231 395 καὶ
1262 367 1515 402 μετεωρισθήσεται
1553 366 1668 402 σφόδρα,
1700 374 1710 391 ι
1742 365 1916 400 θεοπρεπεῖ

1103 414 1184 449 σοφίᾳ
1195 414 1284 441 πάντα
1297 412 1394 446 ποιῶν,
1409 413 1456 439 καὶ
1466 411 1662 447 φθεγγόμενος.

1138 502 1275 533 Συνέσεως
1291 501 1370 537 χρεία
1384 500 1422 536 τῷ
1441 501 1487 527 τὸν
1501 500 1583 535 νόμον
1598 499 1822 535 ἀναγινώσκοντι,
1845 500 1892 526 καὶ

1103 548 1157 584 πρὸ
1171 547 1283 581 ταύτης,
1297 547 1426 578 πίστεως.
1446 556 1455 572 ι
1467 546 1530 572 Ἐὰν
1546 546 1612 580 γὰρ.
1628 546 1710 580 φησὶ,
1729 546 1765 580 μὴ
1780 545 1891 572 πιστεύ-

1104 601 1169 629 σητε
1180 613 1187 626 ,
1202 592 1256 619 οὐδ’
1269 592 1300 618 οὺ
1317 592 1355 627 μὴ
1373 592 1483 627 συνῆτε.
1503 601 1512 618 ι
1530 592 1576 618 Δεῖ
1588 591 1618 617 δὲ
1633 590 1680 617 καὶ
1697 590 1813 625 μελέτης
1830 599 1891 617 ουν-

1102 638 1314 674 εχεστέρας.’ον
1329 637 1374 664 καὶ
1392 636 1552 672 μακαρίζων
1565 636 1648 671 φησὶν
1669 636 1683 661 ό
1695 635 1792 661 Δαϐίδε
1813 644 1822 660 ε
1837 635 1890 661 Καὶ

1104 685 1194 711 πάντα
1214 685 1262 710 ὅσα
1278 684 1312 710 ἂν
1326 685 1389 718 ποιῇ
1406 682 1667 718 κατευοδωθήσεται.
1684 691 1693 707 ι
1707 697 1742 702 ——
1761 691 1770 707 ι
1789 681 1890 715 Λύχνος

1103 730 1167 763 γὰρ,
1185 730 1261 764 φησὶ,
1279 731 1333 760 τοῖς
1349 729 1412 755 ποσί
1429 737 1480 764 μου
1496 728 1510 754 ὁ
1523 728 1604 762 νόμος
1624 736 1682 758 σου,
1703 727 1750 753 καὶ
1764 727 1821 761 φῶς
1833 729 1891 758 ταῖς

1102 775 1207 810 τρίϐοις
1222 783 1283 810 μου.
1300 784 1309 800 ›
1319 775 1357 801 Δι’
1367 771 1398 801 οὗ
1415 774 1542 809 ῥωσθεὶς,
1559 773 1669 800 ἐκϐαλεῖ
1684 773 1773 800 πᾶσαν
1792 773 1891 799 δειλίαν

1104 821 1153 849 καὶ⁴
1166 821 1260 857 φόϐον.

1147 907 1353 942 Ἐτοιμάζεσθε
1366 907 1568 942 ἐπισιτισμὸν,
1579 907 1624 934 ὅτι
1633 907 1675 935 ἔτι
1689 907 1766 941 τρεῖς
1776 906 1890 941 ἡμέραι,

1104 953 1154 980 καὶ
1174 952 1355 986 διαϐήσεσθε
1369 952 1423 979 τὸν
1439 951 1593 986 Ἰορδάνην
1612 951 1728 979 τοῦτον.
1742 952 1835 979 Ταῦτα
1848 951 1894 979 διὰ

1103 998 1158 1024 τῶν
1181 998 1370 1034 Γραμματέων
1387 997 1490 1032 Ἰησοῦς
1512 997 1646 1032 δεδήλωκε
1667 997 1706 1032 τῷ
1730 997 1802 1032 λαῷ*
1819 997 1893 1029 οὒςὸ

1107 1044 1156 1079 μὲν
1174 1043 1299 1075 Ἀκύλας,
1321 1042 1498 1075 ὲκϐιϐαστάς
1526 1050 1625 1078 φησιν·
1648 1044 1662 1069 ὸ
1684 1043 1712 1069 δὲ
1734 1043 1892 1078 Σύμμαχος,

1105 1089 1407 1122 ἐπιστάτας-,Ἐοίκασι
1424 1090 1452 1116 δὲ
1476 1089 1548 1116 κατὰ
1568 1090 1632 1120 τοὺς
1652 1090 1729 1126 παρὰ
1748 1091 1893 1125 Ῥωμαίοις

1106 1135 1296 1170 ὲκσκὲπτορας
1321 1133 1403 1166 εἴναι,
1430 1135 1465 1161 δι’
1484 1132 1522 1161 ὧν
1537 1135 1647 1171 δηλοῦσι
1669 1137 1726 1168 τοῖς
1750 1136 1846 1171 δήμοις
1869 1138 1893 1163 oi

1107 1181 1235 1216 ἄρχοντες
1261 1180 1291 1206 τὸ
1313 1180 1618 1216 δοκοῦν.Ὲπισιτισμὺν
1632 1181 1817 1216 δὲβυλλέγειν
1839 1183 1894 1209 ἀπὸ

1106 1226 1153 1253 τοῦ
1172 1227 1260 1261 μάννα
1271 1227 1572 1262 προστάττονται,πρὺς
1585 1227 1625 1263 τῷ
1640 1230 1707 1263 πρὸς
1721 1229 1830 1264 ἡμέραν
1843 1229 1892 1264 ἀρ-

1107 1273 1200 1299 κοῦντι
1215 1273 1262 1300 ἐπὶ
1279 1275 1353 1309 τρεῖς
1366 1273 1473 1308 ἡμέρας
1489 1274 1536 1300 καὶ
1550 1274 1595 1300 τὸν
1609 1274 1758 1309 ἀρκέσοντα
1770 1275 1837 1310 πρὸς
1848 1275 1893 1302 τὸν

1107 1320 1156 1355 τῆς
1173 1319 1324 1352 διαϐάσεως
1338 1321 1443 1355 χρόνον.
1459 1320 1496 1346 Οὐ
1512 1321 1566 1356 γὰρ
1581 1321 1710 1356 ἠδύναντο
1725 1322 1785 1348 τότε
1799 1322 1891 1348 συλλέ-

1108 1373 1178 1399 γειν,
1191 1365 1260 1400 πρὸς
1270 1365 1320 1400 τὴν
1332 1365 1458 1392 διάϐασιν
1470 1366 1675 1401 ἀσχολούμενοι.
1686 1367 1735 1393 Διὰ
1747 1367 1800 1394 τῶν
1810 1368 1894 1404 τριῶν

1108 1409 1154 1438 οὖν
1177 1412 1287 1447 ἡμερῶν
1312 1412 1345 1439 ὲκ
1370 1412 1530 1448 προσθήκης
1546 1413 1689 1448 συνέλεγον
1706 1415 1753 1440 καὶ
1775 1414 1820 1440 τὸν
1845 1415 1894 1450 τῆς

1109 1456 1214 1493 ἡμέρας
1237 1457 1286 1491 τῆς
1309 1457 1471 1490 διαϐάσεως.
1489 1459 1544 1485 Καὶ
1559 1459 1619 1494 μετ’
1631 1459 1726 1493 ὀλίγα·
1741 1460 1795 1486 Καὶ
1809 1459 1896 1492 ἄλλως

1109 1503 1148 1536 δὲ,
1167 1503 1204 1538 τῷ
1222 1504 1345 1539 μέλλοντι
1358 1505 1482 1540 διαϐῆναι
1505 1506 1550 1532 τὸν
1570 1506 1703 1542 Ἰορδάνην
1722 1507 1895 1542 ἐπισιτισμοῦ

1110 1549 1199 1585 χρεία,
1217 1551 1265 1577 καὶ
1289 1551 1342 1577 τῶν
1365 1552 1397 1578 ὲκ
1421 1552 1564 1586 μετανοίας
1588 1552 1686 1587 ἔργων,
1703 1553 1741 1586 ὡς
1765 1553 1799 1580 ἂν
1824 1554 1896 1581 εἶπαι

1111 1594 1180 1630 μετὰ
1194 1595 1312 1630 Χριστοῦ
1326 1603 1332 1610 ·
1351 1596 1454 1631 «Ἐμὸν
1475 1598 1534 1623 ὲστι
1559 1597 1655 1633 βρῶμα
1679 1598 1710 1624 τὸ
1736 1598 1847 1633 ποιῆσαι
1865 1599 1897 1625 τὸ

1110 1639 1215 1675 Θέλημα
1227 1640 1274 1666 τοῦ
1289 1641 1447 1676 πέμψαντός
1464 1651 1509 1676 με.
1524 1652 1533 1668 ι
1549 1643 1602 1669 Καὶ
1619 1643 1657 1678 τῷ
1668 1643 1745 1679 Ἠλίᾳ
1759 1644 1788 1670 δὲ
1803 1644 1877 1677 λέγει
1887 1653 1893 1658 ”

1112 1696 1121 1711 ι
1134 1687 1266 1719 Ἀναστὰς
1285 1688 1366 1722 φάγε,
1382 1689 1423 1715 ὅτι
1441 1689 1549 1725 μακρὰν
1564 1690 1581 1725 ή
1598 1690 1657 1722 ὁδὸς
1669 1690 1723 1717 ἀπὸ
1737 1690 1793 1717 σοῦ.
1806 1700 1814 1716 ι
1829 1691 1896 1717 Θεοῦ

1109 1733 1164 1768 γὰρ
1187 1733 1247 1765 ὁδὸς
1261 1734 1390 1769 ἐργασίαν
1406 1736 1508 1770 ἀρετῆς
1524 1736 1649 1763 ἀπαιτεῖ·
1668 1737 1715 1763 καὶ
1731 1737 1771 1764 δεῖ
1794 1737 1830 1772 μὴ
1845 1738 1896 1763 αξ-

1109 1779 1304 1813 τοσχεδιάζειν,
1320 1779 1388 1806 ἀλλά
1412 1780 1460 1806 τοῦ
1481 1780 1554 1807 Θείου
1579 1781 1691 1816 λουτροῦ
1715 1782 1898 1816 προκαθαὶρε-

1111 1825 1183 1851 σθαι.
1200 1824 1276 1860 Τάχα
1301 1825 1346 1852 διὰ
1366 1825 1446 1852 τοῦτο
1469 1826 1641 1862 κεκράτηκεν
1662 1827 1690 1853 ὲν
1708 1827 1818 1859 πολλαῖς
1834 1827 1898 1854 Ἐκ-

1110 1869 1235 1904 κλησίαις
1257 1871 1290 1905 τῆ
1307 1871 1421 1906 ,τετράδι
1445 1871 1496 1906 τῆς
1520 1872 1600 1905 ἁγίας
1618 1871 1763 1908 ἑϐδομάδος
1781 1882 1899 1905 προκατ-

1110 1915 1234 1950 ηχεῖσθαι
1249 1915 1283 1942 τὰ
1296 1916 1353 1948 νῦν,
1366 1917 1403 1948 ὡς
1418 1917 1504 1943 εἰπεῖν
1525 1918 1672 1950 ἀκούοντας
1683 1926 1691 1934 ⁸
1717 1927 1726 1944 ι
1738 1918 1898 1953 Ἐτοιμάζε-

1112 1962 1158 1988 σθε
1178 1962 1284 1993 ἑαυτοῖς
1307 1963 1554 1998 ὲπισιτισμόν.Ἒτι
1570 1964 1625 1999 γὰρ
1647 1967 1670 1998 γ’
1688 1965 1795 1999 ἡμέρας
1819 1965 1898 1999 ὑμεῖς

1110 2007 1273 2042 διαϐήσεσθε
1291 2008 1337 2035 τὸν
1355 2009 1500 2044 Ἰορδάνην.
1518 2018 1527 2035 ι
1544 2009 1590 2044 Μὴ
1605 2010 1707 2045 κώμοις
1727 2011 1774 2036 καὶ
1788 2011 1895 2045 μέθαις,

1113 2053 1150 2088 μὴ
1164 2053 1268 2084 κοίταις
1282 2056 1330 2080 καὶ
1342 2055 1497 2088 ἀσελγείαις
1509 2075 1515 2087 ,
1535 2055 1624 2082 πάντα
1639 2055 1816 2091 εὐσχημόνως
1825 2076 1833 2088 ,
1850 2056 1898 2082 καὶ

1110 2098 1182 2125 κατὰ
1206 2098 1283 2131 τάξιν
1307 2099 1434 2134 γινέσθω.
1451 2109 1459 2125 ι
1477 2101 1525 2132 Εἰς
1546 2100 1684 2135 βασιλείαν
1699 2101 1821 2135 οὐρανῶν
1837 2101 1898 2128 δια-

1112 2143 1282 2176 ϐαίνεις,οὺκ
1298 2144 1434 2180 αῐσϐητῶν
1449 2145 1490 2171 δεῖ
1505 2154 1546 2172 σοι
1563 2145 1716 2182 βρωμάτων
1728 2154 1734 2161 ·
1751 2147 1788 2178 ὡς
1803 2146 1835 2173 ἂν
1851 2147 1898 2172 καὶ

1111 2185 1133 2223 ᾧ
1150 2189 1334 2216 συνάπτεσθαι
1353 2190 1460 2225 μέλλεις
1481 2191 1592 2227 νυμφίῳ
1613 2191 1755 2228 ἀπολαύσῃ
1777 2192 1825 2218 τοῦ
1851 2191 1897 2218 σοῦ

278 2245 339 2265 eam
357 2237 434 2272 prius
458 2236 632 2263 instruentur
649 2235 746 2267 sacris,
768 2236 847 2269 quasi
865 2235 992 2262 videlicet
1002 2235 1057 2270 jam

1113 2233 1249 2269 σιτισμοῦ,
1266 2235 1312 2260 καὶ
1335 2231 1372 2262 ὧν
1395 2235 1514 2272 ἐπιφέρῃ
1539 2237 1666 2271 καρπῶν.
1685 2237 1766 2263 Ἀλλὰ
1790 2237 1848 2268 πῶς
1869 2236 1900 2262 τὸ

279 2290 352 2310 nunc
379 2281 528 2308 audirent:
557 2289 566 2306 ‹
584 2280 683 2307 Parate
704 2280 782 2307 vobis
797 2284 992 2312 commeatuum,
1011 2279 1060 2307 ad-

280 2328 333 2355 huc
354 2327 427 2354 enim
453 2326 525 2353 intra
542 2325 668 2352 triduum
692 2324 839 2359 trajicietis
859 2323 1030 2358 Jordanem;
1047 2334 1057 2350 ι

280 2373 321 2400 vel
346 2371 411 2400 illud
438 2380 445 2398 :
465 2380 474 2397 ι
502 2369 562 2398 Non
582 2370 841 2403 comessationibus,
865 2378 920 2397 non
945 2370 1063 2398 ebrieta-

280 2419 366 2451 tibus,
395 2425 451 2444 non
478 2416 628 2449 cubilibus,
658 2423 714 2442 non
739 2416 942 2447 salacitatibus,
967 2423 1063 2443 verum

1116 2279 1203 2314 μάννα
1216 2279 1279 2312 τοὺς
1293 2279 1491 2316 διαϐεϐηκότας
1512 2282 1558 2308 τὺν
1576 2281 1712 2317 Ἰορδάνην
1725 2282 1898 2316 ὲκλέλοιπεν;

1116 2325 1176 2352 ’Ὁτι
1190 2325 1215 2351 οἱ
1232 2325 1281 2360 μὲν
1292 2326 1320 2352 ἐν
1333 2326 1444 2361 Χριστῷ
1459 2327 1550 2361 νήπιοι
1562 2327 1593 2353 τὸ
1604 2328 1657 2354 πᾶν
1668 2326 1697 2360 ἐξ
1709 2327 1822 2363 οὐρανοῦ
1835 2336 1899 2353 συν-

1116 2370 1260 2406 εργοῦνται
1272 2378 1280 2386 ·
1297 2371 1322 2397 οἱ
1338 2371 1366 2398 δὲ
1383 2371 1597 2408 προϐεϐηκότες,
1609 2373 1656 2400 καὶ
1671 2373 1700 2406 ἐξ
1714 2372 1787 2400 ίδίων
1811 2373 1901 2408 ἔργων

1117 2415 1320 2448 ἐπισιτίζονται.

281 2466 333 2491 rite
355 2467 382 2491 et
396 2463 494 2491 ordine
509 2462 575 2489 fiant
597 2462 689 2489 omnia
702 2461 734 2488 ".
754 2471 762 2487 ι
801 2461 830 2489 Si
866 2462 893 2489 in
927 2469 1042 2497 regnum
1076 2462 1189 2490 cmleste
1215 2463 1388 2491 transcendis
1416 2471 1470 2490 non
1496 2463 1568 2490 cibis
1593 2463 1743 2491 sensilibus
1765 2471 1836 2498 opus
1859 2467 1902 2490 est

282 2510 344 2541 tibi,
360 2516 415 2543 quo
431 2515 550 2543 sponsus
565 2515 674 2544 quoque
691 2507 736 2534 cui
751 2507 876 2542 copulari
892 2507 971 2542 cupis
987 2511 1063 2534 tuum
1084 2508 1235 2543 percipere
1259 2508 1348 2543 possit
1363 2514 1558 2541 commeatum,
1574 2514 1602 2537 et
1617 2510 1722 2537 fructus
1758 2517 1828 2544 quos
1861 2510 1903 2536 af-

284 2557 346 2582 fert.
361 2555 396 2582 At
421 2561 486 2581 man
521 2561 570 2582 eos
606 2554 652 2589 qui
677 2552 826 2581 Jordanem
860 2553 1032 2588 traiecerunt
1065 2553 1165 2581 defecit
1190 2555 1406 2589 quodammodo,
1435 2555 1564 2590 quoniam
1593 2555 1714 2584 infantes
1740 2556 1850 2591 quidem
1875 2556 1903 2583 in

283 2600 394 2628 Christo
419 2600 512 2626 omnia
539 2599 645 2627 cmlesti
670 2605 722 2632 ope
738 2597 894 2632 perliciunt.
921 2598 974 2630 Qui
1000 2606 1065 2626 vero
1084 2604 1285 2633 praecesserunt
1310 2608 1360 2628 sua
1386 2601 1469 2628 etiam
1495 2608 1579 2636 opera
1612 2606 1797 2629 commeatum
1832 2609 1904 2630 nan-

283 2647 435 2680 ciscuntur.
447 2645 485 2673 De
499 2653 554 2681 quo
571 2647 652 2673 etiam
667 2646 731 2672 alibi
747 2644 866 2672 dicetur.

326 2691 360 2718 Et
374 2691 472 2724 Ruben,
495 2696 520 2719 et
549 2691 617 2723 Gaz],
638 2696 662 2718 et
684 2690 803 2718 dimidia:
825 2690 904 2717 tribui
936 2689 1064 2717 Manasse

285 2738 351 2764 dixit
379 2736 462 2764 Josue
489 2737 518 2764 in
536 2737 591 2764 Iiwc
608 2738 696 2764 verba.
723 2735 793 2772 [HJ
808 2735 857 2764 lsti
873 2735 958 2764 Mosis
972 2735 1064 2763 verbis

323 2795 346 2809 ’⁵
360 2792 455 2819 Matth.
472 2801 498 2824 ν,
523 2793 566 2821 l8.

287 2837 346 2858 xix.
368 2828 394 2855 5.
429 2828 450 2843 “
470 2828 548 2854 Itoni.
565 2835 628 2860 xm,
646 2827 690 2854 l5.

621 2793 643 2808 "
662 2791 714 2820 lsa.
735 2799 781 2825 ιιι,
803 2792 847 2820 l5.
880 2791 904 2808 ”
921 2791 997 2820 Psal.
1011 2800 1032 2826 ι,
1050 2791 1076 2819 5.

1155 2690 1208 2715 Καὶ
1233 2687 1273 2720 τῷ
1294 2687 1425 2722 Ῥουόίμ,
1442 2688 1490 2715 καὶ
1511 2689 1552 2721 τῷ
1573 2689 1647 2722 Γὰδ,
1668 2690 1718 2717 καὶ
1739 2691 1780 2724 τῷ
1804 2691 1906 2726 ἡμίσει
1939 2697 1944 2704 ‘

1117 2734 1219 2769 φυλῆς
1240 2733 1392 2768 Μανασσῆ
1409 2732 1493 2761 εἶπεν
1509 2734 1637 2769 Ἰησοῦς.
1658 2733 1748 2772 [Οὗτοι
1764 2737 1808 2764 διὰ
1824 2737 1907 2764 Μωῦ-

1122 2791 1143 2807 ³⁸
1169 2790 1241 2818 l’sal.
1270 2797 1347 2824 cvm,
1371 2789 1433 2817 105.
1471 2790 1493 2806 "
1513 2790 1592 2820 Joan.
1611 2800 1647 2825 Iv,
1673 2792 1717 2820 56.
1749 2793 1772 2809 ³³
1788 2793 1820 2820 ill
1838 2794 1904 2829 Reg.
