2086 3160
174 183 225 214 991

744 182 1012 213 COMMENTARII
1033 181 1075 212 IN
1096 180 1228 211 JOSUE.

1759 183 1813 216 9.78

175 238 244 269 σέως
262 236 461 273 ἐκληρώοησαν
477 237 529 273 τὴν
547 238 615 273 γῆν,
633 237 729 274 ἐπειδὴ
744 238 840 265 πολλοὶ
862 238 906 265 διὰ
922 238 963 265 eoi

1023 241 1125 264 terram
1155 242 1219 263 sunt
1249 236 1351 265 sortiti.
1381 236 1518 270 Quoniam
1547 237 1626 265 multi
1654 245 1702 273 per
1725 239 1811 275 legem

173 284 258 319 νόμου
270 283 323 319 πρὸ
337 285 387 319 τῆς
399 284 510 319 χάριτος
524 283 733 319 ἐτελειώθησαν.
748 285 805 310 Καὶ
816 284 879 311 ἐπεὶ
892 293 968 319 πρω-

172 330 284 361 τότοκος
293 329 410 365 -Ίσραὴλ
424 329 600 364 ὀνομάζεται,
611 329 656 356 διὰ
669 330 810 362 Μωῦσέως
823 330 848 356 οἱ
861 330 968 365 πρωτό-

171 384 247 402 τοκοι
266 376 330 408 τοὺς
354 375 472 411 κλήρους
493 375 762 411 ὲδέξαντο,¹Ρου6ὴν,
777 377 826 403 καὶ
840 377 905 408 Γὰδ,
919 377 966 403 καὶ

167 416 348 458 Μανασσῆς]
369 421 543 448 Διαόαίνουσι
570 421 662 457 μέντοι
687 422 735 449 καὶ
757 419 831 449 οὗτοι
854 422 966 454 εῡζωνοι

171 468 226 503 πρὸ
242 467 298 494 τῶν
311 467 411 494 ἄλλων.
429 468 461 494 Oi
475 467 529 502 γὰρ
542 467 572 500 eg
590 467 724 494 Ἰουδαίων
739 468 964 500 πεπιστευκότες,

172 514 316 548 ἡγήσαντο·
325 513 375 547 τῆς
391 512 445 539 τῶν
465 512 551 538 ἐθνῶν
566 512 711 548 σωτηρίας.
729 513 808 539 Διατὶ
826 513 863 549 μὴ
879 512 904 546 γ’
919 513 966 540 καὶ

172 558 193 584 θ’
212 558 306 593 φυλαὶ,
328 557 397 584 ἀλλὰ
413 558 468 585 δύω
482 558 570 592 ἥμισυ
587 558 669 592 φυλαὶ
685 558 738 584 ὑπὸ
751 559 903 590 Μωῦσέως,
917 559 966 586 καὶ

171 605 250 631 ἐννέα
266 605 353 639 ἥμισυ
369 604 595 639 κληροδοτοῦνται
607 604 661 631 ὑπὸ
681 604 789 639 ’1ησοῦ;
814 605 858 637 Ὠς
868 605 902 632 ἂν
917 605 966 641 ἁρ-

173 651 252 686 μονία
266 651 381 685 γένηται
397 653 452 677 τῶν
466 650 521 677 δύω
538 649 610 676 λαῶν
626 650 836 685 σημαινομένων
857 650 902 677 διὰ
917 659 966 685 φυ-

171 697 231 730 λῆς,
247 696 262 731 ἥ
279 696 309 723 τὸ
324 696 451 732 μητρῷον
464 696 542 730 γένος
555 696 595 728 εἰς
607 696 788 729 Αἰγυπτίους,
804 697 844 727 είς
856 696 965 731 Ἰσραὴλ

170 741 199 768 δὲ
211 741 240 768 τὺ
256 741 383 777 πατρῷον
397 741 633 776 ἁνέπεμπε.Τάχα
648 741 687 774 δὲ,
706 742 784 775 φασὶ,
794 742 842 768 καὶ
858 742 882 768 oi
899 743 966 776 πρό-

170 797 245 823 τεροι
269 788 373 823 ἥψαντο
397 788 446 823 μὲν
469 788 519 823 τῆς
543 788 671 823 Τριάδος,
690 788 721 814 οὑ
748 788 800 823 μὴν
823 787 964 823 καθαρῶς.

171 834 255 861 (ιῠπω
277 834 332 869 γὰρ
355 834 385 861 τὸ
408 835 457 868 τῆς
482 834 638 869 οἰκονομίας
661 834 842 869 προσέκειτο,
866 835 890 860 εἰ
917 833 965 860 καὶ⁸

170 881 289 916 Χριστὸν
312 880 534 916 προεκήρυττον·
559 880 618 907 ἀλλ’
640 879 822 916 ήρμόσῦησαν
844 880 889 907 διὰ
916 880 963 906 τοῦ

1020 287 1084 310 ante
1099 283 1216 317 gratiam
1235 282 1352 317 perfecti
1371 289 1530 315 evaserunt,
1557 284 1685 320 interque
1706 285 1811 320 primo-

1018 328 1126 363 genitos
1137 327 1250 355 lsraelis
1264 332 1459 355 numerantur.
1471 327 1522 355 Per
1531 328 1624 356 Mosen
1635 329 1810 364 pritnogeuiti

1018 378 1109 400 sortes
1121 377 1290 406 acceperunt.
1306 374 1415 406 Ruben,
1429 373 1488 400 Gad
1504 378 1531 401 et
1546 374 1700 403 Manasses.
1711 375 1779 403 Nam
1792 376 1810 404 ii

1017 426 1127 454 quoque
1147 420 1282 447 succincti
1298 427 1352 453 prie
1371 419 1434 447 aliis
1451 424 1605 448 transeunt.
1622 420 1674 454 Qui
1688 421 1761 449 enim
1775 429 1811 450 ex

1017 464 1119 492 Iudaeis
1129 465 1257 492 liduciam
1265 465 1569 501 habuerunl,'auspices
1577 468 1700 502 gentium
1711 469 1810 496 salutis

1017 512 1194 539 exstiterunt.
1207 512 1295 539 Eccur
1305 520 1370 539 vero
1384 520 1439 539 non
1457 513 1545 540 tribus
1561 517 1589 540 et
1603 521 1703 540 novem
1720 515 1810 542 tribu-

1016 557 1069 585 btts
1083 557 1175 591 potius
1187 565 1269 592 quam
1287 558 1394 585 duabus
1410 558 1533 586 dimidiis
1552 566 1566 586 a
1580 559 1808 592 Mose,etnovem

1017 603 1138 631 dimidiis
1151 611 1165 630 a
1177 603 1262 632 Josue
1271 609 1362 632 sortes
1375 605 1540 633 deferuntur
1550 605 1562 632 ?
1572 605 1631 639 Quo
1644 607 1810 641 compositio

1017 649 1065 676 ﬁat
1080 649 1197 676 duorum
1213 650 1377 685 populorum
1404 650 1622 685 signiﬁcatorum
1643 659 1691 686 per
1706 652 1808 680 tribum

1016 702 1076 722 eam
1093 702 1156 730 quae
1183 700 1340 723 maternum
1367 704 1455 732 genus
1480 696 1515 723 ad
1541 696 1697 732 Egyptios,
1717 702 1808 732 pater-

1017 747 1082 766 num
1111 747 1178 767 vero
1205 741 1238 768 ad
1275 740 1405 769 lsraelem
1434 741 1538 769 retulit.
1574 742 1704 770 Fortasse
1729 751 1807 775 vero,

1016 786 1106 820 aiunt,
1123 788 1232 822 priores
1259 788 1370 822 quidem
1397 787 1561 816 Trinitatem
1578 789 1741 824 attigerunt,
1759 797 1808 817 ve-

1016 840 1078 859 rum
1099 832 1210 860 sincere
1235 833 1340 866 minus,
1356 833 1480 860 nondum
1496 834 1569 861 enim
1591 834 1808 868 dispensationis

1016 882 1127 912 tempus
1151 878 1285 910 instabat,
1311 879 1439 914 quamvis
1463 878 1606 906 Christum
1631 879 1718 907 multo
1741 884 1807 908 aute

169 925 319 957 λείποντος,
332 925 499 961 δηλουμένου
510 925 554 952 διὰ
564 926 612 952 τοῦ
624 927 747 961 ἡμίσεως
761 926 808 952 τοῦ
823 927 963 958 τελοῦντος

1017 924 1194 951 sermonibus
1219 925 1356 951 terebant.
1377 923 1477 952 Verum
1503 925 1669 958 cointegrati
1694 933 1742 960 per
1758 933 1807 960 po-

169 972 223 998 ὑπὸ
243 972 290 999 τὸν
307 972 540 1008 ’1ησοῦν.Ἔλειπε
555 973 612 1008 (51)
627 973 656 999 δὲ
672 973 719 999 καὶ
736 974 796 1003 ταῖς
818 973 897 1000 ἐννέα
916 973 963 1000 καὶ

169 1018 265 1053 ἡμίσει
282 1018 382 1053 φυλαῖς
397 1019 438 1050 εἰς
453 1018 484 1045 τὸ
497 1018 549 1054 τῆς
563 1019 674 1051 δεκάδος
689 1019 795 1046 τέλειον
811 1019 835 1046 οε
861 1019 892 1052 ἐξ
916 1021 965 1046 Ἰσ-

171 1064 240 1099 ραὴλ
254 1065 310 1096 τοῖς
327 1064 381 1091 ἀπὸ
395 1064 451 1091 τῶν
463 1064 559 1092 ἐθνῶν.
569 1064 779 1100 Ἀρμοζομένων
797 1065 825 1092 δὲ
844 1065 965 1099 ἀμφοτέ-

170 1119 236 1146 ρων,
255 1110 396 1146 σύμφωνοι
423 1111 452 1138 αἱ
477 1111 512 1146 ιβ’
526 1111 610 1146 φυλαὶ
629 1112 657 1138 αι
683 1111 736 1138 ὑπὸ
751 1112 856 1147 Μωῦσῆ
872 1120 901 1139 τε
917 1112 965 1138 καὶ

175 1156 274 1191 Ἰησοῦ.

1018 969 1111 1005 pulum
1137 977 1192 997 non
1222 971 1372 1005 integrum,
1401 978 1507 1005 perque
1532 970 1674 998 dimidiam
1705 971 1806 1000 tribum

1015 1017 1068 1042 sub
1085 1015 1169 1043 Josue
1196 1017 1363 1045 recensitam
1389 1020 1631 1052 reprmsentatum,
1654 1022 1730 1046 sunt.
1756 1017 1808 1046 De-

1016 1062 1068 1089 l‘uit
1092 1070 1175 1097 porro
1190 1063 1273 1090 etiam
1291 1070 1389 1090 novem
1407 1063 1536 1091 tribubus
1559 1071 1622 1090 cunt
1642 1063 1755 1092 dimidia
1772 1064 1807 1092 ad

1015 1109 1121 1136 denarii
1148 1109 1256 1136 numeri
1283 1109 1495 1144 perfectionem,
1524 1110 1656 1138 Israelita;
1679 1111 1808 1139 videlicet

1015 1156 1177 1191 gentilibus.
1204 1156 1347 1184 Ambobus
1372 1161 1462 1184 autem
1488 1156 1653 1184 combinatis
1674 1164 1806 1184 numerus

1016 1201 1140 1228 tribuum
1163 1201 1351 1230 duodenarius
1375 1206 1402 1230 et.
1427 1202 1478 1230 sub
1504 1202 1579 1230 Mose
1604 1207 1632 1231 et
1655 1203 1707 1230 sub
1721 1202 1807 1231 Josuc

1016 1253 1135 1276 constat.

206 1308 304 1336 Omnia
319 1317 482 1345 quacunque
511 1309 650 1338 mandarit
667 1310 744 1338 nobis
769 1311 912 1346 faciemus,
940 1317 965 1340 et
980 1322 1134 1349 quocunque
1157 1313 1276 1340 locorum
1291 1322 1338 1341 nos
1358 1315 1462 1341 miseris
1481 1314 1566 1350 480
1590 1315 1802 1350 proﬁciscemur.

170 1351 203 1388 [1,
225 1353 269 1389 16]
291 1352 409 1380 Tantum
442 1361 497 1380 non
515 1354 600 1381 verba
616 1354 718 1382 Christi
749 1355 946 1391 discipulomm
973 1362 1049 1390 sunt,
1062 1365 1180 1392 quorum
1203 1365 1286 1392 opera
1304 1363 1399 1393 gentes
1425 1358 1458 1384 ad
1474 1359 1554 1386 ﬁdem
1572 1365 1638 1387 sttut
1655 1360 1793 1386 adductae.

169 1397 274 1430 Qualis
290 1402 349 1424 erat
378 1397 492 1430 Paulus,
508 1399 555 1433 qui
583 1398 651 1433 legis
669 1400 840 1432 auctoritati,
858 1408 919 1433 qua:
941 1401 1029 1436 ipsius
1057 1409 1168 1438 quoque
1191 1402 1284 1430 verbis
1307 1402 1386 1430 lucro
1411 1403 1436 1430 ei
1450 1402 1512 1435 fuit,
1529 1411 1591 1430 cum
1609 1404 1798 1432 renuntiasset

171 1451 181 1467 ι
198 1449 231 1469 ea
249 1449 304 1476 prae
319 1441 438 1469 Christo
453 1442 569 1469 multam
584 1449 646 1470 esse
661 1443 739 1476 duxi,
756 1453 766 1470 ›
785 1445 875 1479 inquit
887 1444 921 1472 ³⁸.

203 1506 432 1538 Διαόιϐασοέντες
448 1506 476 1533 δὲ
488 1507 533 1534 τὸν
551 1507 688 1543 Ἰορδάνην
708 1503 797 1541 οὗτοι,
812 1508 959 1545 παλινδρο-

169 1553 262 1588 μοῦσι.
280 1553 335 1580 Καὶ
359 1553 447 1585 εἴποις
468 1554 502 1581 ἂν
519 1554 580 1581 κατ’
593 1554 747 1586 ἰδιάζουσαν
771 1555 890 1590 θεωρίαν
907 1556 961 1582 ὲοι-

167 1599 245 1626 κέναι
258 1599 362 1631 τούτοις
376 1600 440 1631 τοὺς
453 1599 524 1635 μετὰ
533 1600 582 1635 τὴν
596 1600 676 1635 χάριν
691 1601 906 1636 εἰσηγουμένους
915 1600 962 1627 τὺν

166 1646 259 1680 νόμον.
276 1644 354 1672 Κατὰ
369 1644 398 1670 δὲ
410 1644 460 1680 τὴν
472 1645 676 1680 προρρηθεῖσαν
687 1644 863 1680 ἁλληγορίαν,
876 1645 962 1680 χωρὶς

166 1689 182 1723 ὴ
188 1688 246 1723 μῶν
262 1688 293 1714 οὐ
307 1688 473 1723 τυγχάνουσι
491 1688 547 1715 τῶν
572 1689 745 1723 ἐπαγγελιῶν
758 1690 783 1715 οἱ
798 1689 845 1716 τοῦ
860 1689 961 1725 προτέ-

169 1743 216 1771 ρου
230 1726 308 1767 λαοῦ,
326 1734 375 1761 τοῦ
392 1734 461 1762 Θεοῦ
480 1736 606 1771 κρεῖττόν
630 1745 656 1762 τι
676 1737 739 1771 περὶ
755 1736 834 1771 ἡμῶν
850 1736 963 1771 προὸλε-

165 1781 302 1817 φαμένου,
317 1781 362 1808 ἶνα
377 1780 416 1817 μὴ
429 1781 515 1818 χωρὶς
539 1782 618 1817 ἡμῶν
638 1782 816 1810 τελειωθῶσι.
832 1783 963 1815 Γυναῖκες

165 1827 221 1863 γὰρ
235 1827 326 1854 αὐτῶν
344 1828 392 1854 καὶ⁵
406 1828 502 1859 παῖδες
523 1828 713 1856 ἀνεπαύσαντο
740 1829 816 1864 μόνοι
841 1829 894 1865 πρὸ
915 1828 962 1856 τοῦ

174 1873 306 1908 Ἰορδάνου
318 1881 324 1888 ·
344 1873 422 1902 αὐτοὶ
436 1874 464 1901 δὲ
478 1873 524 1900 τὸν
537 1873 602 1901 λαὸν
617 1874 745 1909 ὁδηγοῦσι
767 1875 961 1910 περιζωσάμε-

166 1928 208 1945 νοι
221 1920 271 1955 τὴν
282 1919 369 1954 ὀσφῦν
385 1920 475 1947 αὐτῶν
491 1921 520 1948 ὲν
535 1920 660 1956 ἀληθείᾳ.
678 1922 734 1948 Καὶ
748 1923 819 1957 μετὰ
833 1921 891 1957 βίον
908 1922 962 1957 γὰρ

167 1965 395 2000 συναγωνίζονται
411 1967 466 1998 τοῖς
480 1968 587 1999 πιστοῖς
603 1967 660 1994 ὅσοι
678 1968 773 2003 ἄνδρες
787 1967 917 2002 γεγόνασι
928 1968 962 1994 τὰ

165 2011 214 2038 τοῦ
235 2012 332 2047 νηπίου
356 2013 603 2047 καταργήσαντες,
628 2013 701 2045 οἴους
725 2014 739 2039 ὁ
765 2012 872 2044 Παῦλος
899 2013 962 2044 τοὺς

173 2059 314 2093 Ἐιρεσίους
340 2059 420 2094 φησὶ,
435 2059 589 2094 Κορινθίων
607 2058 835 2094 χρηματιζόντων
860 2057 962 2094 παρθέ-

166 2113 231 2131 νων.
247 2105 368 2140 Διαφορὰ
384 2104 438 2140 γὰρ
454 2105 483 2131 ὲν
499 2105 557 2136 τοῖς
571 2104 747 2140 σωζομένοις.

203 2239 259 2266 Kal
273 2239 359 2271 ὅστις
370 2238 421 2280 μὴν
429 2238 549 2280 ᾀκούσῃ
560 2238 619 2266 τῶν
629 2237 773 2272 ῥημάτων
785 2236 962 2280 σουὶτοιαῦ-

165 2292 200 2310 τα
211 2284 258 2310 καὶ
273 2284 298 2310 οἱ
312 2283 360 2310 τοῦ
373 2279 493 2318 mmo
508 2282 646 2318 μαθηταί·
668 2292 677 2308 ι
689 2282 759 2313 Τοὺς
775 2282 824 2316 μὲν
834 2279 880 2308 οὖν
895 2282 959 2316 χρό-

166 2337 230 2361 νους
254 2330 303 2364 τῆς
327 2329 440 2363 ἀγνοίας
457 2327 592 2365 ὑπεριδὼν
606 2329 620 2354 ὁ
635 2328 711 2359 Θεὸς,
729 2337 738 2354 ι
762 2328 810 2354 καὶ
830 2327 864 2354 τὰ
884 2327 960 2363 ἑξῆς.

1047 1509 1133 1537 Porro
1151 1510 1270 1537 traducti
1288 1518 1336 1545 per
1359 1509 1508 1537 Jordanetn
1534 1510 1630 1544 pedem
1648 1512 1805 1539 retulerunt.

1014 1556 1064 1584 illi.
1084 1557 1160 1590 Quos
1183 1557 1285 1592 aliquis
1313 1557 1452 1592 privatum
1472 1560 1585 1585 secutus
1599 1557 1747 1592 judicium,
1768 1558 1803 1586 iis

1014 1609 1076 1629 esse
1103 1602 1207 1628 similes
1229 1601 1277 1636 qui
1316 1606 1380 1636 post
1403 1602 1520 1636 gratiam
1545 1602 1632 1637 legem
1658 1603 1803 1635 invehunt.

1015 1647 1104 1682 possit
1127 1647 1231 1674 dicere.
1260 1647 1396 1675 (laterum
1414 1647 1494 1682 juxta
1520 1649 1680 1683 praedictam
1703 1649 1805 1684 allego-

1014 1694 1084 1720 riam
1109 1694 1117 1728 (
1143 1693 1193 1721 hoc
1223 1696 1265 1721 est
1291 1693 1486 1721 similitudinis
1513 1694 1645 1728 sensum)
1671 1695 1804 1730 antiquus

1014 1738 1132 1772 populus
1149 1737 1229 1765 nobis
1242 1738 1359 1765 seorsim
1377 1738 1592 1773 promissionum
1612 1746 1666 1766 non
1682 1739 1711 1766 ﬁt
1726 1747 1804 1767 com-

1013 1791 1063 1818 pos
1077 1783 1110 1816 ⁸⁸,
1130 1783 1201 1811 Deus
1216 1783 1290 1811 enim
1308 1783 1398 1810 adhuc
1413 1783 1447 1811 de
1470 1785 1655 1819 praestantiori
1672 1786 1802 1820 quopiam

1013 1829 1094 1857 nobis
1122 1829 1252 1864 dispexit,
1276 1836 1312 1856 ne
1333 1830 1450 1857 soorsim
1477 1831 1668 1865 perﬁciantur,
1699 1832 1804 1867 absque

1013 1875 1148 1902 uxoribus
1173 1875 1303 1902 videlicet
1326 1878 1353 1902 et
1371 1875 1469 1903 liberis
1483 1876 1529 1911 qui
1555 1877 1606 1903 soli
1624 1881 1688 1904 ante
1705 1877 1804 1905 Jorda-

1013 1924 1074 1945 nem
1089 1917 1258 1944 resederant.
1275 1916 1330 1952 Ipsi
1350 1924 1414 1944 vero
1439 1918 1549 1944 lumbos
1567 1919 1595 1945 in
1612 1919 1729 1946 veritate
1743 1919 1804 1947 cin-

1012 1963 1049 1991 cti
1077 1963 1187 1990 itineris
1214 1963 1317 1998 populo
1352 1966 1418 1990 sunt
1442 1968 1583 1990 auctores.
1610 1963 1717 1991 Etenim
1741 1969 1805 2000 post

1012 2008 1096 2035 vitam
1116 2016 1181 2035 cum
1197 2007 1326 2035 ﬁdelibus
1341 2011 1450 2035 certant
1476 2012 1615 2043 quotquot
1633 2009 1738 2037 relictis
1751 2018 1804 2038 nu-

1012 2054 1092 2081 cibus
1106 2054 1183 2081 viros
1207 2061 1269 2081 sese
1287 2054 1488 2088 praestiterunt,
1514 2054 1672 2087 cuiusmodi
1699 2055 1803 2083 Paulus

1011 2101 1046 2128 de
1070 2100 1200 2136 Ephesiis
1225 2104 1346 2128 testatur
1362 2099 1397 2131 ".
1425 2099 1473 2133 qui
1500 2099 1666 2128 Corinthios
1681 2101 1803 2136 virgines

1013 2151 1157 2180 nuncupat
1187 2145 1221 2173 ³³.
1238 2144 1287 2172 Est
1309 2145 1384 2172 enirn
1409 2144 1567 2173 diﬁ'erentia
1595 2146 1670 2174 inter
1684 2155 1733 2175 eos
1756 2147 1803 2183 qui

1012 2195 1171 2219 servantur.

1043 2236 1078 2264 Et
1089 2238 1239 2272 quicunque
1255 2245 1306 2264 non
1325 2237 1468 2265 obediverit
1479 2237 1563 2265 verbis
1577 2239 1640 2266 tuis.
1657 2238 1727 2275 [l8.]
1747 2239 1804 2266 llu-

1009 2283 1130 2319 jusmodi
1169 2284 1251 2311 etiam
1290 2283 1394 2310 Christi
1425 2283 1567 2319 discipuli,
1599 2285 1682 2318 quale
1725 2285 1801 2312 hoc:

1016 2339 1025 2356 ι
1058 2331 1127 2358 Cum
1157 2330 1242 2365 igitur
1275 2335 1399 2366 tempora
1438 2331 1602 2366 ignorantia:
1634 2332 1804 2367 neglexisset

165 2375 222 2401 Καὶ
240 2375 254 2401 ὁ
267 2374 385 2410 Χριστὸς
399 2374 426 2401 δέ
442 2383 525 2409 φησιν
535 2381 542 2389 ο
564 2374 672 2409 «Ἃμὴν
683 2373 754 2406 λέγω
769 2373 834 2408 ὑμῖν
852 2373 899 2399 ἐὰν
921 2373 958 2408 μὴ

1015 2376 1086 2403 Deus
1105 2376 1140 2408 ",
1160 2385 1169 2401 ι
1199 2380 1227 2402 et
1240 2375 1345 2410 reliqua
1376 2376 1520 2411 deinceps.
1545 2375 1657 2404 Necnon
1675 2377 1803 2405 Christus

166 2421 354 2456 πιστεύσητε,
386 2421 415 2447 ἐν
441 2421 503 2451 ταῖς
532 2420 683 2456 ἁμαρτίαις
711 2419 789 2455 ὑμῶν
815 2418 960 2446 ἀποθανεῖ-

1015 2421 1103 2456 inquit
1120 2430 1126 2448 :
1145 2430 1154 2446 ί
1180 2421 1270 2448 Amen
1287 2421 1350 2448 dico
1373 2422 1463 2454 vobis,
1489 2422 1511 2449 si
1531 2429 1586 2450 non
1612 2422 1800 2455 credideritis,

166 2467 224 2493 σθε.
239 2476 249 2493 ι

1015 2465 1039 2493 in
1057 2465 1179 2500 peccatis
1199 2465 1301 2494 vestris
1316 2466 1488 2494 occumbetis
1509 2466 1544 2493 η.
1563 2475 1573 2492 ι

201 2522 258 2548 Kal
269 2521 452 2549 ἀπέστειλεν
470 2520 587 2554 Ἰησοῦς
598 2520 664 2554 υἱὸς
676 2521 729 2548 τοῦ
737 2520 822 2555 Ναυῆ
839 2521 873 2548 ἐκ
887 2521 959 2548 Σάτ-

1047 2522 1082 2549 Et
1110 2522 1265 2550 amandavit
1287 2522 1372 2550 Josue
1402 2523 1476 2557 ﬁlius
1496 2522 1572 2550 Nave
1589 2531 1603 2550 e
1620 2523 1711 2550 Sitiim
1735 2524 1801 2551 duos

165 2575 229 2594 τειν
244 2567 300 2603 (52)
320 2567 382 2594 δύω
403 2566 516 2600 ἄνδρας
537 2567 785 2594 κατασκοπεῦσαι
808 2566 867 2601 τὴν
887 2566 956 2601 γῆν.

1015 2568 1116 2598 iuvenes
1165 2569 1266 2595 occulte
1302 2569 1481 2603 exploratum,
1517 2573 1545 2596 et.
1586 2569 1692 2604 reliqua
1722 2570 1801 2596 dein-

165 2613 297 2649 Προλέγει
312 2613 357 2640 τὸν
370 2612 479 2648 πρῶτον
491 2612 548 2647 βίον
581 2613 632 2647 τῆς
662 2612 776 2648 πόρνης,
791 2612 834 2639 ἵνα
849 2612 957 2647 θαυμά-

1015 2621 1086 2649 seps.
1114 2613 1215 2650 [11,1,]
1249 2614 1381 2648 Proponit
1411 2615 1557 2650 pristinam
1583 2615 1740 2643 meretricis
1760 2616 1802 2642 vi-

166 2667 216 2695 σῃς
227 2659 276 2695 τὴν
290 2659 323 2686 ὲκ
338 2657 434 2685 τούτου
456 2659 634 2694 μετάστασιν.
649 2659 686 2685 Τὸ
700 2659 751 2694 μὲν
765 2657 813 2686 οὖν
828 2658 956 2691 δέξασθαι

1015 2664 1077 2691 tant,
1105 2667 1162 2694 quo
1189 2660 1277 2694 magis
1307 2660 1392 2695 ipsius
1431 2661 1609 2688 mutationem
1643 2661 1799 2688 admireris.

195 2746 218 2763 "
239 2747 354 2783 Philipp.
368 2756 410 2779 tu,
431 2749 459 2776 7.
511 2749 533 2765 "
550 2747 633 2776 llebr.
649 2755 687 2782 xu,
704 2748 750 2776 40.
782 2748 803 2764 ³⁷
820 2747 921 2783 Ephes.
953 2755 961 2774 ι

1015 2747 1050 2774 ll.
1101 2747 1124 2763 "
1140 2746 1160 2773 ll
1176 2747 1240 2775 Cor.
1252 2755 1302 2780 xu,
1315 2748 1344 2776 2.
1390 2749 1412 2765 ³⁹
1431 2750 1493 2777 Act.
1519 2757 1586 2780 xrn.
1603 2749 1638 2777 50
1675 2749 1699 2767 ⁸⁸
1714 2749 1793 2778 Ινιίὶιι.

163 2788 223 2814 ut,
238 2782 284 2809 24.

925 2837 1041 2865 NOTAE.

197 2898 255 2934 (5|)
277 2895 529 2930 ”Ε).ειπον.’Δνάγν.
759 2930 762 2932 _
1046 2895 1102 2930 (5‘2)
1125 2895 1188 2935 Υἱὸς
1202 2895 1280 2931 Νανῆ
1299 2897 1328 2923 ἐν
1343 2896 1451 2925 Sani-1.
1471 2898 1503 2924 Αἱ
1519 2898 1578 2924 αὐτ.
