2086 3160
277 157 330 188 999

928 153 1104 183 PROCOPII
1119 153 1237 183 ΟΛΖῈῘ

1838 152 1906 184 1000

277 217 412 244 Caeterum
439 214 492 242 hoc
520 213 593 249 quod
619 214 694 242 viros
720 213 848 247 excipere
871 218 914 240 est
939 213 1064 248 dignata,

1124 213 1181 243 τοὺς
1203 212 1314 247 ἄνδρας,
1330 211 1486 247 θαυμαστὸν
1505 210 1599 238 οὐδέν’
1622 211 1838 246 πανδοκευτρίας
1855 211 1908 247 γὰρ

279 261 472 289 admirationis
496 260 564 287 nihil
592 260 684 291 habet,
707 259 774 295 quid
790 259 864 286 enim
880 266 970 293 caupo
987 267 1062 293 qua:-

279 307 321 334 vis
338 308 394 342 agit
411 307 522 334 minus?
537 305 619 334 Fides
640 310 731 333 autem
753 304 813 340 ejus
827 308 870 331 est
885 303 1013 331 mirilica.

311 354 457 380 Dominum
488 353 562 381 enim
588 353 624 380 ad
647 353 721 379 hunc
756 350 904 378 confitetur
930 350 1066 377 tttodum:

282 408 292 424 ι
310 398 444 426 Dominus
471 398 545 427 Deus
566 403 632 427 tttus
660 398 792 425 Dominus
817 401 862 425 est
883 397 981 424 unicus
1005 397 1038 424 δ’.
1056 406 1066 423 ι

279 445 357 478 Quod
388 445 523 473 Israelitte
556 453 589 472 ex
618 452 673 480 quo
709 443 856 471 Dominum
883 443 930 478 qui
962 443 1017 470 illis
1041 443 1068 470 in

280 493 374 516 monte
399 489 466 516 Sina
489 489 655 524 comparuit,
676 495 747 524 eque
764 488 836 523 ignis
863 488 955 515 medio
969 492 1012 515 est
1028 489 1069 515 lo-

281 540 374 567 cutus,
401 534 575 568 audiverant,
603 534 689 562 vitulo
712 534 849 562 fabricato
873 539 936 570 post
962 541 1069 568 tergum

281 581 456 615 rejeceruut;
479 588 523 612 ac,
545 589 555 606 ί
573 580 621 608 lsti
643 585 708 608 sunt
725 580 767 607 Dii
795 580 845 612 tui,
861 580 953 612 Israel,
966 589 976 606 ›
995 581 1071 608 dixe-

281 630 346 653 runt
361 624 394 652 ".
411 626 459 653 Est
474 634 540 653 vero
555 626 614 653 haec
638 625 737 653 mulier
751 625 899 659 cuiusdam
916 626 1070 660 margarita:

281 669 309 696 in
340 669 396 696 luto
421 668 537 696 defossa:
562 670 661 701 instar,
686 677 748 704 qua:
772 670 876 696 exitum
907 669 1018 697 lsraelis
1035 678 1070 697 ex

283 712 403 749 JEgypto
428 721 483 741 non
506 713 620 741 ascribit
635 713 700 745 diis,
724 720 820 740 verum
834 712 990 739 audivimus
1003 720 1072 747 qua-

283 761 342 787 lia:
373 769 381 786 ι
403 760 537 788 Dominus
562 760 636 788 Deus
659 763 750 788 vester
772 759 829 795 egit
843 767 906 787 cum
921 759 1070 796 Egyptiis,

283 803 383 838 inqttit.
407 803 447 830 Ac
476 804 549 839 quod
578 804 650 832 fama
675 812 730 831 non
747 805 881 839 percepit,
907 805 1002 832 divina
1019 812 1072 840 ope

283 856 332 883 per
346 849 424 876 iidem
439 849 572 884 abripuit.

314 895 445 930 Adeoque
471 895 639 923 luculentam
662 895 779 931 ﬁguram
804 896 935 925 Ecclesia:
957 897 1070 932 gentilis

283 941 401 975 praetulit
419 949 426 974 ;
445 941 515 976 ejus,
535 941 660 976 inquam,
683 949 745 976 qua:
764 942 843 976 prius
858 943 886 970 in
902 944 1071 972 scortatioue

283 986 439 1014 daemonum
467 987 692 1022 pervolvebatur.
719 987 802 1015 Juxta
819 988 886 1016 illud
903 998 909 1016 :
928 998 938 1015 ι
956 989 1072 1017 Eramus

284 1036 312 1059 et
329 1040 380 1060 nos
396 1032 534 1066 quondam
562 1032 701 1060 increduli
716 1033 749 1060 ".
777 1043 787 1060 ›
806 1033 872 1066 Quae
889 1033 954 1060 itetn
969 1034 1071 1062 Christi

285 1077 472 1112 exploratores
488 1077 605 1104 Domino
630 1078 761 1113 populum
777 1078 945 1106 destinatum
961 1086 1073 1113 compa-

285 1127 381 1150 rantes
395 1123 528 1157 suscepit,
554 1130 659 1157 eosque
677 1123 704 1150 in
719 1125 830 1150 domtttn
846 1123 991 1150 subduxit.
1007 1123 1074 1150 Nul-

286 1168 330 1196 lus
345 1168 418 1195 enim
433 1167 499 1195 Jesu
525 1168 685 1203 explorator
701 1176 763 1196 esse
777 1173 868 1204 potest
890 1169 977 1201 humi,
993 1169 1073 1202 nihil,

286 1214 410 1249 inquam,
427 1213 500 1248 quod
526 1214 563 1241 sit
580 1214 662 1241 inl‘ra.
686 1215 726 1242 Ac
743 1216 767 1243 si
793 1216 857 1251 quis
885 1223 934 1243 eos
950 1216 1016 1243 velit
1033 1224 1075 1244 re-

287 1260 382 1295 cipere
405 1260 432 1288 ei
457 1259 556 1287 domus
581 1260 709 1288 absoluta
734 1265 778 1288 est
798 1261 978 1293 exstruenda,
995 1261 1076 1288 cubi-

287 1306 352 1334 culo
377 1313 480 1334 corona
515 1306 640 1341 praedita,
670 1315 726 1342 qtto
748 1314 808 1341 eos,
819 1306 963 1335 commode
987 1308 1076 1342 possit

287 1353 439 1388 suscipere,
456 1359 625 1387 sursumque
648 1353 814 1381 subducere.

319 1397 425 1432 Hospes
450 1404 533 1432 porro
557 1398 616 1424 haec
642 1398 798 1426 meretricis
825 1398 885 1425 loco
911 1403 988 1426 vates
1005 1406 1077 1434 quo-

288 1450 343 1478 que
365 1442 463 1470 evasit.
491 1451 500 1468 t
515 1441 584 1470 Novi
604 1443 690 1476 enim,
726 1443 827 1478 inquit,
847 1444 921 1479 quod
945 1444 1078 1473 Dominus

287 1488 360 1516 Deus
374 1493 466 1516 vester
481 1488 596 1516 tradidit
613 1490 684 1516 hattc
704 1493 808 1517 terram
827 1490 915 1517 vobis.
935 1498 944 1515 ι

321 1534 458 1567 Quocirca
475 1542 530 1562 tton
546 1535 650 1572 inepte,
663 1535 718 1562 imo
732 1535 819 1562 divini
837 1535 959 1571 Spiritus
975 1536 1076 1564 instin-
1090 1548 1112 1578 ο

286 1584 332 1609 ctu
369 1581 469 1615 suasit,
508 1585 539 1609 ut
561 1582 590 1609 in
624 1586 786 1609 tnontanum
821 1583 1075 1617 proﬁciscerentur.

287 1627 379 1660 Quare
393 1635 452 1654 eam
467 1627 621 1655 admiratus
635 1627 750 1661 Paulus,
768 1628 857 1663 inquit
873 1637 880 1655 :
899 1637 908 1653 ι
927 1628 980 1655 Per
995 1629 1076 1655 [idem

287 1682 342 1701 non
360 1681 423 1701 cum
445 1674 598 1702 incredulis
623 1674 707 1709 periit
730 1675 818 1707 l'laab,
841 1682 902 1709 quae
919 1675 1078 1709 explorato-

288 1726 334 1746 res
349 1719 520 1753 suscepit“.
550 1727 559 1744 ι
580 1718 703 1754 Eamque
725 1719 754 1746 in
784 1726 929 1746 numerum
954 1721 1077 1747 onmium

288 1769 453 1792 sanctorum
470 1763 566 1791 refert.

325 1819 413 1847 Porro
439 1819 576 1853 sapientia
611 1826 722 1854 quoque
747 1824 964 1856 quantacunque
994 1822 1020 1848 in
1046 1829 1078 1849 ea

288 1865 390 1898 elucet,
410 1865 446 1893 ab
471 1865 685 1900 inquisitoribus
709 1867 784 1893 enim
811 1867 979 1902 interrogata
996 1869 1028 1896 ad
1049 1877 1078 1896 se

290 1910 433 1946 ingressos
456 1910 646 1944 exploratores
665 1917 728 1937 esse
746 1918 801 1937 non
818 1916 960 1946 pernegat,
980 1911 1078 1938 intutu-

290 1956 383 1983 dicunt
410 1955 483 1983 enitn
507 1955 680 1982 mendacium
705 1955 867 1984 incredibile
897 1960 950 1988 est,
983 1964 1078 1983 verum

291 2009 353 2030 cum
367 2001 531 2028 allirmasset
551 2000 630 2033 illud,
646 2001 791 2029 mendacio
811 2002 892 2030 [idem
908 2003 1077 2030 conciliavit.

292 2048 447 2075 Subintulit
463 2047 535 2074 enittt
554 2055 561 2074 :
582 2056 591 2073 t
618 2046 685 2074 Nam
702 2048 824 2083 perviam
842 2048 915 2075 hanc
940 2048 1080 2077 discesse-

290 2098 367 2121 runt.
386 2103 395 2119 ι
409 2092 538 2128 'Negatio
560 2093 634 2121 enim
646 2100 708 2128 qua:
726 2094 862 2129 principio
888 2095 917 2121 lit
933 2095 1081 2122 scrutatio-

291 2140 336 2168 nis
356 2146 440 2167 causa
456 2139 565 2167 fuisset.

326 2197 416 2229 Quare
433 2195 531 2223 salutis
552 2195 706 2223 mercedem
731 2203 794 2223 cum
828 2200 882 2223 tota
906 2203 956 2223 sua
976 2196 1079 2224 familia

293 2242 426 2278 percepit,
445 2249 507 2269 cutn
536 2241 616 2276 signo
640 2241 714 2269 funis
738 2242 861 2269 coccinei
887 2241 990 2270 Christi
1014 2251 1079 2271 san-

295 2289 405 2324 guinem
426 2287 597 2322 sigttilicanti
622 2288 799 2315 credidisset.
839 2288 925 2321 Quem
949 2288 1082 2317 Pharisaei

295 2342 358 2362 cum
375 2334 499 2368 recipere
513 2333 677 2367 noluissent,
691 2342 706 2361 a
721 2334 835 2361 Christo
848 2335 964 2362 audiunt
980 2345 986 2363 :
1003 2345 1012 2361 ι
1030 2335 1083 2362 Ριι-

294 2380 397 2408 blicani
422 2384 450 2407 et
476 2380 638 2408 meretrices
661 2380 819 2415 praecedant
843 2387 891 2408 vos
910 2380 938 2407 in
966 2387 1081 2416 regnum

294 2427 428 2454 ctelorum
440 2426 473 2453 “.
487 2434 496 2450 ι

1117 258 1148 285 τὸ
1163 258 1243 293 ἔργον
1254 267 1261 274 ·
1275 259 1305 285 τὸ
1319 258 1348 285 δὲ
1363 259 1412 293 τῆς
1426 259 1543 290 πίστεως
1557 258 1733 294 ὑπερϐάλλει.

1154 348 1256 384 Κύριον
1279 348 1405 383 ὁμολογεῖ
1423 347 1470 374 τὸν
1497 347 1575 377 Θεὸν,
1594 347 1665 373 κατὰ
1688 347 1735 373 τό·
1755 356 1764 372 ι
1779 346 1880 381 Κύριος
1895 346 1911 372 ὁ

1118 396 1184 428 Θεός
1199 403 1257 425 σου,
1272 394 1373 429 Κύριος
1388 391 1428 425 εἷς
1443 395 1527 420 ἐστιν.
1543 403 1553 419 ›
1567 394 1655 429 Ὅπερ
1668 393 1682 418 ὁ
1698 393 1805 428 Ἰσραὴλ
1819 394 1852 419 ὲκ
1862 392 1911 419 τοῦ

1119 443 1148 468 ὲν
1161 442 1201 476 τῷ
1214 441 1280 476 Σινᾷ
1296 440 1428 475 φανέντος
1443 439 1610 471 ἀκούσαντες
1631 440 1663 465 ὲκ
1681 439 1765 473 μέσου
1791 437 1911 473 φθεγγο-

1121 489 1202 524 μένου
1227 487 1324 523 πυρὸς,
1341 487 1441 514 αὐτίκα
1462 487 1624 522 παρέϐησαν
1648 488 1911 522 μοσχοποιήσαντες,

1119 535 1195 567 atat,‘
1207 531 1298 566 Οὗτοι,
1308 533 1487 569 φήσαντες,οἱ
1503 533 1558 559 θεοί
1569 542 1627 566 σου,
1636 533 1752 568 Ἰσραήλ.
1761 542 1770 559 ι
1785 533 1859 568 Αὕτη
1870 533 1909 566 δὲ,

1119 578 1164 608 οἷά
1186 590 1228 612 τις
1257 581 1432 616 μαργαρίτης
1456 581 1485 606 ὲν
1512 580 1637 615 βορϐόρῳ
1659 580 1862 615 κρυπτόμενος,
1880 580 1912 605 οὐ

1121 625 1192 657 θεοῖς
1207 626 1355 661 ἐπιγράφει
1368 626 1419 660 τὴν
1435 625 1524 657 ἔξοδον
1533 626 1650 661 Ἰσραὴλ,
1661 625 1729 654 ἀλλ’,
1739 625 1914 659 Ἦκούσαμεν

1121 668 1166 698 οἷα
1193 671 1398 706 ΚύριοςὸΘεὸς
1426 670 1503 705 ὑμῶν
1519 670 1632 706 ὲποίησε
1659 671 1716 702 τοῖς
1741 670 1913 704 Αἰγυπτίοις.

1122 718 1177 744 Καὶ
1199 718 1214 744 ὂ
1231 718 1268 753 μὴ
1288 716 1427 753 παρέλαϐε
1442 717 1476 743 δι’
1489 717 1585 752 ἀκοῆς,
1605 718 1637 743 ὲκ
1652 717 1719 743 Θεοῦ
1737 716 1780 743 διὰ
1795 716 1916 748 πίστεως

1121 765 1242 800 ἥρπασε.

1086 885 1107 912 Β
1157 899 1248 930 Τύπος
1261 898 1346 930 ὅντως
1359 898 1408 933 τῆς
1425 897 1590 932 Ἑκκλησίας
1601 917 1608 929 ,
1621 897 1639 932 ἢ
1655 896 1786 932 πρότερον
1803 897 1920 932 πορνείᾳ

1122 945 1154 979 τῇ
1168 944 1225 970 τῶν
1236 943 1371 979 δαιμόνων
1386 943 1511 979 ἐφέρετο,
1524 943 1595 970 κατὰ
1608 943 1648 969 τό·
1665 940 1769 976 ιἪμεν
1782 942 1836 977 γάρ
1849 950 1919 968 ποτε

1122 990 1170 1017 καὶ¹
1183 991 1263 1025 ἡμεῖς
1277 990 1412 1023 ἀπειθεῖς,
1424 999 1433 1015 ι
1453 990 1500 1016 καὶ
1512 989 1560 1016 τοῦ
1575 988 1695 1024 Χριστοῦ
1707 989 1771 1020 τοὺς
1782 988 1920 1014 κατασκό-

1124 1044 1192 1067 πους
1216 1035 1383 1067 ἀποστόλους
1397 1035 1517 1067 ἐδέξατο,
1532 1035 1727 1070 ὲτοιμάζοντας
1741 1033 1836 1069 Κυρίῳ
1851 1033 1920 1060 λαὸν

1124 1082 1389 1118 κατεσκευασμένον,
1408 1082 1455 1108 καὶ
1471 1082 1517 1108 ἐπὶ
1539 1081 1570 1107 τὺ
1590 1081 1668 1116 δῶμα
1684 1080 1795 1111 τούτους
1810 1080 1919 1114 ἀνήγαο

1124 1137 1183 1163 γεν.
1203 1128 1297 1160 Οὐδεὶς
1321 1128 1375 1164 γὰρ
1400 1128 1575 1159 κατάσκοπος
1597 1126 1684 1162 Ἰησοῦ
1711 1125 1822 1152 δύναται
1845 1123 1919 1152 εἶναι.

1125 1175 1224 1211 χαμαὶ,
1242 1175 1303 1202 οὐδὲ
1329 1176 1419 1210 μεῖναι
1436 1175 1521 1201 κάτω.
1542 1173 1598 1200 Καὶ
1613 1175 1638 1200 εί
1655 1173 1799 1208 μέλλοιμεν
1815 1172 1920 1202 αὐτοὺς

1126 1221 1320 1255 ὑποδέξασθαι,
1337 1221 1444 1248 τελείαν
1466 1220 1660 1255 οἰκοδομητέον
1682 1219 1782 1251 οἰκίαν,
1799 1218 1919 1253 ἔχουσαν

1126 1269 1206 1304 δῶμα
1218 1269 1266 1295 καὶ
1285 1268 1433 1303 στεφάνην.
1448 1267 1492 1294 ἵνα
1509 1266 1691 1300 ὑποδέξασθαι
1707 1265 1818 1297 τούτους
1831 1265 1919 1292 δυνώς

1129 1315 1209 1351 μεοα,
1228 1315 1276 1342 καὶ
1288 1314 1455 1342 ἀναϐιϐάσαι
1471 1314 1539 1342 ἄνω.

1164 1404 1303 1439 Προφῆτις
1322 1404 1383 1431 ἀντὶ
1406 1404 1509 1440 πόρνης
1532 1403 1655 1439 ἐγένετο,
1673 1413 1683 1428 ι
1695 1403 1858 1438 Ἐπίσταμαι
1873 1402 1920 1429 λέ-

1128 1459 1226 1484 γουσα,
1241 1451 1282 1477 ὅτι
1296 1450 1399 1486 Κύριος
1411 1452 1425 1477 ὁ
1440 1451 1506 1482 Θεὸς
1529 1450 1607 1485 ὑμῶν
1629 1450 1771 1485 παρέδωκε
1793 1449 1842 1485 τὴν
1865 1449 1920 1484 γῆν

1129 1497 1232 1531 ταύτην
1246 1497 1321 1533 ὑμῖν.
1340 1507 1349 1524 ›

1166 1544 1247 1577 Ἀξια
1264 1543 1311 1570 τοῦ
1330 1543 1403 1570 θείου
1419 1543 1595 1570 συνεϐούλευε
1609 1542 1768 1579 Πνεύματος
1778 1551 1785 1557 ·
1800 1543 1920 1578 Πορεύε-

1129 1590 1174 1616 σθε
1199 1591 1238 1621 εἰς
1257 1589 1306 1625 τὴν
1330 1590 1450 1625 ὀρεινήν.
1463 1590 1509 1616 Διὸ
1523 1589 1671 1624 θαυμάζων
1689 1589 1774 1624 αὐτὴν
1786 1590 1800 1615 ὸ
1814 1589 1921 1620 Παῦλος

1129 1635 1217 1671 φησί’
1236 1645 1245 1661 t
1261 1636 1355 1662 Πίστει
1372 1635 1458 1662 Ῥαὰϐ
1479 1637 1496 1671 ή
1522 1636 1608 1671 πόρνη
1627 1636 1657 1662 ού
1677 1635 1848 1662 συναπώλετο
1863 1636 1920 1666 τοῖς

1128 1682 1312 1717 ἀπειθήσασι,
1338 1681 1472 1717 δεξαμένη
1494 1683 1557 1714 τοὺς
1579 1681 1788 1713 κατασκόπους,
1803 1690 1812 1707 I
1837 1681 1921 1707 πᾶσιν

1128 1730 1213 1765 αὐτὴν
1233 1731 1289 1761 τοῖς
1311 1729 1398 1764 ἁγίοις
1418 1728 1638 1764 συναριθμήσας.

1165 1819 1220 1845 Καὶ
1236 1819 1253 1853 ἡ
1277 1818 1359 1853 σοφία
1382 1817 1411 1845 δὲ
1438 1818 1688 1854 ὃση.Ἐρωτωμὲνη
1711 1817 1765 1853 γὰρ
1790 1816 1842 1844 ὐπδ
1866 1816 1922 1843 τῶν

1130 1864 1342 1900 ἐπιζητούντων,
1362 1865 1412 1891 οὐκ
1437 1865 1560 1900 ἀρνεῖται
1585 1863 1639 1891 τῶν
1667 1863 1848 1891 κατασκόπων
1872 1863 1922 1898 τὴν

1130 1910 1386 1946 εἴσοδον.”Λκρατον
1397 1911 1452 1946 γὰρ
1458 1910 1555 1945 ψεῦδος
1564 1911 1706 1937 ἀπίθανον.
1716 1910 1787 1936 Ἀλλ’
1794 1909 1920 1941 εἰποῦσα,

1129 1956 1194 1988 Ναὶ,
1206 1956 1237 1983 τὺ
1245 1956 1343 1991 ψεῦδος
1356 1957 1507 1992 πεποίηκεν
1516 1957 1681 1989 ἀξιόπιστον.
1691 1956 1843 1991 Ἐπήνεγκε
1855 1955 1921 1990 γὰρ,

1132 2011 1141 2028 t
1156 2002 1199 2033 Ὠς
1215 2003 1292 2037 τήνδε
1311 2003 1361 2037 τὴν
1388 2002 1446 2029 ὁδὸν
1468 2002 1659 2038 ἀνεχώρησαν.
1674 2011 1684 2028 ι
1708 2002 1739 2028 'H
1756 2002 1809 2037 γὰρ
1827 2000 1857 2033 ἐξ
1871 2002 1922 2037 ἁρ-

1130 2049 1181 2085 χῆς
1197 2049 1312 2084 ἄρνησις
1328 2049 1413 2076 ἐκίνει
1428 2048 1495 2084 πρὸς
1510 2048 1634 2084 ἔρευναν.

1167 2190 1273 2218 Μισοὺν
1295 2198 1407 2217 πανοικι
1426 2190 1476 2227 τὴν
1493 2191 1628 2226 σωτηρίαν
1642 2190 1750 2222 ἐδέξατο
1765 2189 1804 2224 τῷ
1818 2188 1923 2224 σημείῳ

1134 2237 1181 2264 τοῦ
1203 2237 1330 2264 κοκκίνου
1348 2237 1528 2271 πιστεύσασα,
1544 2237 1591 2264 τοῦ
1612 2237 1730 2273 Χριντοῠ
1747 2238 1779 2263 τὸ
1794 2234 1864 2271 αἷμα
1877 2245 1926 2270 ση-

1137 2283 1273 2317 μαίνοντι.
1292 2284 1325 2309 Ὃ
1343 2283 1380 2319 μὴ
1397 2283 1554 2319 δεξαμένοις
1572 2283 1730 2318 Φαρισαίοις
1751 2283 1847 2317 φησίν·
1866 2292 1875 2307 t
1892 2282 1923 2308 Ol

1135 2329 1250 2356 τελῶναι
1268 2329 1316 2355 καὶ
1338 2329 1436 2364 πόρναι
1454 2329 1621 2364 προάγουσιν
1637 2329 1709 2363 ὑμᾶς
1724 2328 1764 2359 εἰς
1782 2327 1831 2363 τὴν
1846 2327 1924 2362 βασι-

1135 2373 1212 2400 λείαν
1226 2374 1280 2401 τῶν
1292 2373 1425 2410 οὐρανῶν.
1437 2382 1446 2399 ι
1463 2375 1555 2400 Ἐοικε
1569 2374 1598 2400 δὲ
1611 2374 1690 2400 τοῦτο
1703 2373 1734 2400 τὸ
1748 2373 1873 2400 κόκκινον
1885 2372 1926 2409 τῷ

1136 2420 1287 2448 ὲπιδεθέντι
1303 2421 1336 2455 τῇ
1349 2420 1423 2454 χειρὶ⁸
1434 2419 1513 2446 τοῦτο
1533 2440 1540 2447 .
1553 2439 1560 2447 .
1574 2439 1582 2448 .
1602 2420 1670 2451 (55).

332 2494 365 2521 Ει
379 2494 536 2522 dixeruntei
548 2494 599 2521 viri
610 2494 654 2521 illi
667 2502 676 2521 :
688 2494 813 2520 Animam
823 2499 944 2521 nostram
956 2502 1003 2528 pro
1016 2495 1089 2522 vobis
1108 2494 1189 2522 morti
1206 2493 1375 2520 deuouemus.
1387 2490 1435 2527 [ll,
1449 2490 1507 2526 “.1
1524 2489 1562 2517 Ita
1573 2497 1683 2525 quoque
1695 2490 1814 2517 carceris
1829 2493 1926 2518 custos

295 2547 357 2567 cum
376 2539 549 2573 suscepisset
573 2538 688 2565 Paulum
703 2543 731 2566 et
746 2538 842 2570 Silam,
857 2539 960 2574 quibus
974 2539 1104 2573 credidit,
1121 2539 1251 2572 [orasque
1265 2536 1454 2572 produxisset,
1482 2535 1572 2569 inquit
1586 2542 1592 2559 :
1612 2544 1621 2559 ι
1644 2533 1715 2567 Quid
1736 2533 1802 2560 mihi
1822 2537 1852 2560 ut
1867 2541 1927 2560 ser-

294 2591 344 2610 ver
360 2583 433 2610 facto
457 2586 499 2610 est
515 2590 585 2618 opus
599 2582 642 2609 “?
656 2591 664 2608 ι
684 2582 734 2609 Cui
756 2582 794 2609 illi
815 2590 822 2609 :
848 2592 857 2608 ι
872 2582 986 2610 Conlide
998 2583 1032 2610 de
1053 2583 1168 2610 Domino
1182 2581 1248 2609 Jesu
1261 2580 1373 2608 Christo
1390 2589 1397 2607 :
1420 2579 1458 2607 ita
1474 2579 1547 2606 eniut
1568 2584 1595 2606 tu
1609 2583 1637 2606 et
1651 2582 1750 2606 cuncta
1763 2578 1862 2605 domus
1879 2581 1926 2604 tua

295 2627 510 2656 εοινιι1›ίιιιι·“·.
528 2636 537 2652 ν
575 2627 606 2654 Et
619 2627 765 2655 confestim
793 2628 931 2661 capitibus
959 2635 1044 2655 sacrae
1070 2627 1150 2663 48],
1182 2625 1310 2654 tinctioni
1332 2623 1491 2655 submissis,
1507 2630 1602 2650 verum
1627 2626 1789 2656 receperunt
1804 2621 1924 2657 signum,

295 2672 458 2707 sanguinem
474 2671 603 2699 videlicet
617 2671 781 2699 coccineum
811 2671 917 2699 Christi
934 2679 984 2707 pro
1005 2671 1086 2699 nobis
1102 2671 1199 2698 oblati.
1226 2668 1364 2697 Obtestati
1389 2674 1473 2703 porro
1485 2667 1568 2694 etiam
1597 2670 1663 2693 sunt
1685 2665 1813 2693 ﬁdelibus
1827 2663 1927 2691 Tessa-

341 2749 361 2764 ⁸¹
382 2750 459 2776 Deut.
479 2758 516 2779 vt.
532 2750 558 2777 4.
589 2750 611 2765 ¹¹²
636 2750 724 2777 Exod.
749 2757 833 2781 xum,
851 2749 878 2778 4.

296 2792 353 2815 XVI,
369 2785 413 2811 51.
470 2785 504 2800 ⁵⁸⁸
519 2785 583 2812 ibid.

925 2750 946 2765 ⁸³
967 2748 1022 2776 Tit.
1044 2756 1085 2781 ιιι,
1107 2749 1134 2775 5.

1825 2742 1848 2757 “
1862 2741 1898 2768 At
1904 2745 1924 2768 ι.

1191 2746 1213 2762 ⁸⁸
1232 2746 1314 2775 llcbr.
1337 2754 1376 2780 ιι,
1395 2745 1441 2774 3|.
1482 2746 1505 2762 ⁸⁸
1516 2744 1612 2772 Matth.
1645 2743 1767 2780 ιχιίβί.

1052 2825 1168 2853 ΝΟΤΙΕ.

338 2885 391 2920 $55,
415 2885 523 2913 Λείττει.
544 2885 700 2920 Ἑννοητέον
725 2885 754 2912 δὲ
778 2886 897 2918 πάντως,
921 2884 967 2911 τοῦ
995 2884 1098 2919 Κυρίου
1124 2883 1211 2918 Ἰησοῦ
1227 2881 1356 2917 Χριστοῦ.
