2086 3160
191 186 258 218 1001

765 181 1034 213 COMMENTARII
1055 179 1096 209 IN
1111 178 1243 210 JOSUE.

1757 175 1827 209 1002

191 246 288 272 Ionica!
299 244 332 277 ⁵⁷,
349 248 460 278 paratos
478 249 539 269 esse
556 248 610 268 non
627 240 716 268 solum
740 239 808 274 ipsis
824 238 964 274 impertire
992 236 1184 271 Evangelinm,
1197 243 1293 262 verum
1321 233 1403 262 etiam
1427 241 1492 262 suas
1511 233 1636 268 ipsorum
1650 233 1758 264 animas
1775 242 1824 269 pro

188 290 258 324 ipsis
270 295 420 323 exponere.

222 345 277 372 Καὶ
293 343 449 378 exet/Iacer
472 341 584 374 αὐτοὺς
601 340 636 366 ἐν
653 340 778 374 σχοινΙῳ
794 339 843 366 διὰ
859 339 915 373 τῆς
929 340 980 366 θυ-

1069 335 1180 365 οιιηιίκὶι
1205 335 1295 368 itaque
1320 342 1364 361 eos
1390 334 1454 368 fune
1476 340 1522 367 per
1542 331 1698 367 fenestram,
1722 332 1829 366 quando

186 391 270 423 οἰδος
285 397 293 405 ⁸
315 390 359 416 ὅτι
381 390 398 416 ὁ
424 385 508 420 οἶκος
532 385 629 419 αὐτῆς
651 385 685 411 ἐν
704 383 745 419 τῷ
768 384 869 419 τείχει,
887 383 936 410 καὶ
949 383 984 410 ἐν

187 436 228 470 τῷ
238 437 329 470 τείχει
345 434 421 467 αὕτη
436 432 575 466 ἐκάθητο.
591 432 689 467 Τεῖχος
708 430 840 466 Ἱεριχοῦς
852 430 904 465 τῆς
917 431 983 457 ἀσε-

187 484 266 515 ϐείας
281 481 368 516 αὐτῆς
388 481 419 507 τδ
439 479 582 515 ὀχύρωμα,
604 479 647 512 ἐφ’
668 474 691 512 ᾧ
712 477 797 504 Ῥαὰϐ
817 477 982 509 ἐκαθέζετο·

188 530 258 558 ἀλλὰ
271 528 453 559 πιστεύσασα,
472 526 609 553 εὐάλωτον
625 524 711 560 αὐτῆς
728 523 857 557 ἀπέδειξε
875 523 907 550 τὸ
921 523 985 559 ὀχύ-

190 583 281 610 ρωμαι

226 662 264 688 Τὴ
293 661 323 688 δὲ
345 660 480 696 σπαρτίον
501 659 532 686 τὸ
553 659 675 694 ἕντριτον
692 657 723 687 οὐ
743 657 984 693 διαῤῥαγήσέται,

191 710 224 737 δι’
237 707 267 736 οὗ
282 708 329 734 καὶ
344 707 490 742 διέδρασαν
508 706 532 732 οἱ
554 706 737 732 κατάσκοποι.
758 705 798 731 Δι’
812 701 842 731 οὗ
864 703 984 740 σχοινίου

192 754 241 781 καὶ
251 753 297 780 τδν
319 752 419 787 Ἰωσὴφ
431 753 465 778 ὲκ
478 750 527 779 τοῦ
546 751 652 779 λάκκον
680 752 830 786 ἀνήγαγον,
849 749 986 785 Ἱερεμίαν

191 808 221 826 τε
237 799 285 825 καὶ
307 798 353 825 τὸν
373 797 490 833 Δανιήλ·
514 796 548 823 δι’
569 794 601 824 οῦ
619 797 668 824 καὶ
694 796 779 823 Δαϐὶδ
806 795 852 822 διὰ
877 795 987 831 θυρίδος

192 845 278 881 ἔφυγε
296 843 455 880 χαλασθεὶς.
476 843 524 873 καὶ
547 842 654 874 Παῦλος
666 843 712 873 διὰ
726 843 870 878 σαργάνης
884 843 914 869 ὲν
933 843 987 869 Δα-

195 890 296 926 μασκῷ
309 899 316 906 ·
331 889 358 919 οἵ
366 898 395 916 τε
410 890 581 926 πατριάρχαι
596 889 699 921 πάντες
714 888 759 917 διὰ
776 888 872 916 τούτου
887 888 919 915 τὺ
933 885 987 920 ζῶν

193 937 267 973 ὕδωρ
280 938 313 965 ὲκ
323 937 377 966 τῶν
397 937 524 972 φρεάτων
540 936 685 972 ἀνέφερον.

1034 380 1139 416 quidem
1152 380 1244 407 domus
1260 379 1317 414 ejus
1331 384 1388 406 erat
1397 379 1476 413 iusta
1488 379 1594 410 moenia,
1606 378 1744 406 habitabat
1760 378 1829 405 enim

1034 429 1094 461 ipsa
1125 431 1232 462 propter
1262 433 1378 452 murum.
1393 424 1427 460 [II
1442 444 1449 457 ,
1465 423 1523 459 15.]
1540 423 1641 451 Mmuia
1657 423 1829 452 Jerichuntis

1036 473 1187 508 impietatis
1221 472 1309 507 ipsius
1337 475 1418 498 erant
1449 471 1709 506 propugnaculum,
1742 479 1827 506 super

1036 520 1138 555 quibus
1189 518 1271 546 sedes
1307 521 1367 545 erat
1407 516 1516 544 Rallab.
1562 516 1663 543 Verum
1698 518 1829 551 quoniam

1036 566 1166 594 ﬁduciam
1183 565 1344 592 obtinuerat
1366 563 1549 591 munitionem
1565 561 1627 597 ejus
1642 563 1772 597 capiendi
1791 563 1831 590 fa-

1035 614 1069 641 cil
1076 614 1171 640 itateui
1192 611 1311 647 aperuit.

1071 659 1106 685 At
1131 657 1206 685 funis
1233 655 1413 692 quantumvis
1436 655 1538 683 debilis
1562 662 1616 682 non
1635 654 1831 692 disrumpitur.

1036 713 1085 740 per
1103 711 1185 739 quam
1210 707 1359 730 evaserunt
1386 702 1592 737 exploratores.
1615 700 1669 728 Per
1686 709 1768 736 quam
1786 701 1834 729 Jo-

1037 751 1154 785 seplium
1181 756 1291 784 quoque
1305 756 1338 776 ex
1352 748 1452 775 lacuna
1466 747 1670 780 subduxerunt,
1685 746 1832 775 Jeremiam

1037 797 1102 828 item
1118 800 1145 824 ct
1159 796 1315 826 Danielem,
1334 803 1384 830 per
1400 802 1484 829 quam
1499 792 1585 821 David
1602 801 1713 829 quoque
1729 801 1778 829 per
1795 794 1834 821 Ie-

1038 848 1162 870 nestram
1176 842 1316 869 demissus
1334 840 1453 876 aufugit.
1474 840 1576 868 Paulus
1589 841 1672 868 etiam
1688 848 1738 874 per
1753 848 1834 875 spor-

1038 893 1094 916 tam
1113 887 1273 916 submissus
1298 886 1439 914 Damasci.
1458 886 1511 913 Per
1535 893 1619 922 quam
1643 886 1764 921 denique
1784 894 1834 918 pa-

1039 936 1169 963 triarcha:
1194 942 1293 962 omnes
1315 934 1404 961 vivam
1419 942 1434 961 e
1453 933 1544 969 puteis
1574 940 1675 968 aquam
1689 934 1834 961 subduxe-

1041 986 1118 1008 runt.

230 1026 283 1058 Εις
304 1024 363 1059 τὴν
383 1024 505 1058 ὀρεινὴν
531 1024 688 1051 ἀπέλθετε.
712 1023 891 1060 Ὠφεληθεῖσα
917 1024 986 1060 γὰρ,

1075 1026 1192 1054 Montem
1211 1035 1299 1053 verme
1316 1025 1454 1053 discedite.
1475 1024 1546 1062 [16.]
1564 1025 1664 1060 Adjuta
1679 1025 1754 1053 enim
1775 1026 1835 1061 ipsa

195 1072 230 1098 τὰ
253 1071 345 1106 ὑψηλὰ
372 1070 553 1105 μεταδιώκειν
587 1069 704 1097 ὑπέθετο
727 1069 909 1099 καταλιποῦσι
938 1070 988 1104 τῆς

194 1118 329 1149 ἀσεϐείας
350 1117 386 1144 τὰ
410 1116 571 1152 χαμαίζηλα
592 1116 727 1151 δόγματα.
754 1116 810 1144 Καὶ
832 1116 846 1142 ὁ
861 1116 944 1144 Δαϐὶδ
961 1115 990 1143 δέ

198 1172 293 1199 φησιν,
323 1173 332 1190 ι
347 1162 424 1199 Ἦρα
440 1163 504 1194 τοὺς
518 1162 676 1198 ὀφθαλμούς
693 1171 744 1198 μου
758 1163 798 1194 είς
818 1162 853 1193 τὰ
865 1162 927 1197 ὅρη,
941 1163 990 1190 πό-

198 1210 244 1237 θεν
258 1210 319 1246 ἥξει
335 1211 351 1246 ἡ
367 1209 479 1244 βοήθειά
494 1217 556 1245 μου.
572 1219 582 1234 ι
604 1210 660 1236 Καὶ
681 1209 805 1241 Ἡσαΐας,
830 1219 838 1236 ι
855 1210 913 1236 Ἐπ’
927 1210 991 1245 ὅρος

198 1257 300 1292 ὑψηλὸν
312 1256 429 1292 ἀνάϐηθι
444 1257 458 1283 ὁ
479 1256 726 1291 εὐαγγελιζόμενος
741 1257 790 1291 τὴν
814 1255 895 1288 Σιὼν.
915 1257 990 1290 ὑψώ-

199 1311 277 1335 σατε,
295 1303 334 1338 μὴ
352 1301 488 1337 φοϐεῖσθε.
506 1311 516 1331 ρ
534 1302 592 1329 Οὐκ
607 1303 650 1337 ἐφ’
668 1302 697 1328 ἓν
716 1302 746 1330 δὲ
767 1302 831 1337 ὅρος
847 1303 991 1336 φευκτέον,

198 1349 257 1376 ἀλλ’
274 1350 321 1375 ἐπὶ
335 1349 436 1379 πάντα,
453 1349 517 1381 τοὺς
536 1348 631 1382 ἁγίους
656 1348 799 1384 προφήτας
814 1348 863 1375 καὶ
877 1347 993 1375 ἀποστό-

199 1395 274 1427 λους,
292 1395 330 1429 μὴ
356 1395 403 1421 καὶ
426 1395 633 1430 συναντήσωσιν
656 1395 724 1429 ἡμῖν
743 1394 768 1421 oi
790 1393 837 1420 τοῦ
858 1393 992 1429 βασιλέως

206 1440 337 1475 Ἱεριχοῦς
354 1439 401 1468 τοῦ
415 1440 520 1475 κόσμου
534 1439 629 1466 τούτου
647 1439 787 1475 ἄρχοντες.
802 1439 849 1469 Διὸ
861 1439 992 1473 φευκτέον

201 1487 248 1512 ἐπὶ
270 1488 318 1524 τῂν
341 1485 469 1521 ὀρεινὴ-ν,
487 1486 575 1512 πάντα
592 1485 702 1520 ἔχοντας
717 1485 784 1513 ἄνω.
811 1485 920 1520 Ταύτην
943 1485 994 1511 οὐκ

202 1532 277 1561 ἴσασι
289 1531 340 1565 τὴν
355 1531 414 1557 ὁδὸν
434 1532 457 1559 οἱ
479 1529 623 1562 διώκοντες
641 1532 725 1566 ἡμᾶς.
746 1530 833 1566 Ὁρῶν
845 1530 899 1569 γάρ
920 1531 994 1560 ἐστιν

201 1578 217 1605 ὸ
231 1577 299 1609 Θεὸς
321 1577 369 1604 τοῦ
395 1576 518 1613 Ἰσραὴλ,
549 1579 596 1607 καὶ
622 1578 652 1604 οὐ
681 1578 823 1605 κοιλάδων.
842 1577 925 1604 Ὅθεν
944 1578 994 1604 οὐκ

200 1623 388 1658 ἀναϐήσονται
401 1624 444 1654 εἰς
463 1623 497 1649 τὰ
511 1623 562 1659 ὅρη
574 1633 580 1639 ·
598 1623 646 1650 ἐπὶ
660 1623 689 1650 δὲ
708 1623 759 1659 τὴν
774 1624 913 1658 προτέραν
927 1623 994 1650 ἁνα-

1039 1073 1169 1102 sublimia
1184 1072 1314 1108 persequi
1336 1075 1441 1105 monet,
1460 1071 1579 1099 terrenis
1599 1072 1751 1107 impietatis
1768 1071 1836 1107 dog-

1040 1120 1124 1148 matis
1139 1119 1258 1147 relictis.
1283 1118 1344 1152 Ipse
1359 1125 1472 1153 quoque
1495 1117 1580 1147 David
1601 1117 1692 1153 inquit
1709 1126 1717 1145 :
1738 1127 1748 1145 ι
1763 1117 1836 1145 Ocu-

1040 1166 1082 1194 los
1103 1174 1181 1194 meos
1206 1166 1234 1193 in
1255 1169 1366 1193 montes
1395 1164 1498 1192 sustuli
1512 1184 1520 1197 .
1545 1171 1579 1192 ac
1606 1164 1678 1192 unde
1701 1164 1835 1191 auxilium

1040 1219 1188 1241 venturum
1203 1217 1275 1240 esset
1292 1212 1359 1240 milii
1389 1211 1497 1247 dispexi
1509 1211 1545 1238 ”.
1557 1220 1569 1237 ›
1586 1210 1675 1238 Isaias
1690 1210 1757 1238 item
1773 1211 1809 1238 ait
1829 1219 1835 1236 :

1043 1268 1053 1285 ι
1070 1257 1160 1294 Super
1178 1261 1300 1286 montem
1317 1257 1461 1285 excelsum
1479 1257 1639 1284 conscende
1659 1261 1688 1284 tu
1710 1256 1838 1292 quisquis

1040 1305 1133 1333 laetum
1149 1305 1280 1332 nuntium
1303 1304 1330 1331 iu
1349 1303 1416 1332 Sion
1434 1303 1528 1337 altera.
1543 1303 1644 1339 erigite
1660 1311 1720 1337 vos,
1738 1311 1789 1331 nec
1804 1305 1835 1330 ti-

1041 1356 1115 1379 mete
1127 1350 1160 1380 “.
1181 1360 1192 1376 ι
1211 1349 1266 1378 Nec
1283 1357 1348 1377 vero
1371 1356 1456 1384 super
1478 1356 1563 1376 unum
1579 1353 1700 1376 montem
1717 1353 1837 1379 tantum.

1042 1405 1138 1426 verum
1154 1404 1238 1432 super
1254 1403 1352 1424 omnes
1370 1395 1478 1423 sanctis
1492 1396 1638 1431 prophetis
1652 1403 1684 1423 ac
1705 1396 1838 1430 apostolis

1041 1448 1085 1472 est
1103 1443 1278 1480 fugiendum,
1295 1451 1331 1471 ne
1348 1443 1429 1471 nobis
1439 1451 1552 1478 quoque
1568 1443 1643 1478 regis
1657 1442 1837 1475 Jericliuntis,

1042 1490 1127 1525 hujus
1145 1489 1243 1519 mundi
1267 1489 1406 1524 principes
1431 1488 1540 1516 obviam
1564 1488 1640 1516 ﬁant.
1663 1488 1839 1522 Quapropter

1044 1543 1131 1571 super
1146 1534 1276 1570 quemvis
1292 1539 1414 1563 montem
1429 1534 1562 1569 supernis
1578 1533 1782 1563 habitatoribus
1797 1539 1839 1562 est

1046 1581 1218 1618 fugiendum,
1246 1588 1306 1608 eam
1339 1579 1413 1608 enim
1436 1580 1507 1607 viam
1533 1587 1586 1607 non
1617 1584 1718 1611 norunt
1745 1580 1839 1608 hostes

1044 1629 1147 1661 nostri.
1163 1628 1233 1658 Nam
1247 1627 1320 1657 Deus
1335 1626 1431 1659 Israel,
1451 1626 1522 1654 Deus
1541 1626 1691 1659 montium,
1708 1634 1763 1654 non
1779 1627 1837 1653 val-

205 1670 349 1706 στρέψουσι
360 1671 474 1706 πλάνην.
484 1671 539 1697 Καὶ
550 1670 621 1697 οὕτω
627 1670 721 1704 φησὶν,
733 1679 742 1696 ι
758 1669 854 1705 Ὑμεῖς
878 1668 992 1699 ἀπελεύ-

1044 1675 1114 1702 lium
1128 1679 1171 1702 est
1187 1674 1221 1701 '°.
1241 1673 1321 1701 Unde
1346 1680 1432 1707 super
1457 1676 1569 1700 montes
1595 1680 1651 1700 non
1677 1673 1839 1706 ascenderit,

205 1718 286 1742 σεσοε
305 1716 354 1752 τὴν
368 1716 427 1744 ὁδὸν
442 1716 544 1752 Optimo
561 1716 606 1743 τὸν
624 1715 753 1743 εἰπόντα·
774 1725 783 1742 ι
800 1715 872 1750 Ἐγώ
897 1715 956 1750 ειμι
978 1715 995 1749 ἡ

204 1762 274 1795 ὁδὸς,
291 1772 304 1790 ›
320 1762 353 1790 δι’
366 1760 399 1799 ἧς
415 1762 515 1790 ὁδεύων
537 1770 591 1795 τις,
616 1762 667 1798 τὴν
680 1761 766 1796 ,ἁγίαν
779 1761 884 1796 Τριάδα
900 1760 996 1788 θεάσε-

205 1816 262 1836 ται.

247 1895 354 1928 Ἀθῶρί
378 1895 473 1930 ἐσμεν
499 1895 539 1928 τῷ
563 1895 645 1930 ὅρκῳ
670 1902 730 1923 σου
754 1894 858 1927 τούτῳ.
884 1893 997 1925 Τούτοις

206 1943 286 1978 ὅμοια
305 1943 354 1969 καὶ
383 1942 503 1976 Mariis-ﬁ;
530 1942 694 1974 ἐνετείλατο,
712 1940 808 1976 χρῖσαι
834 1939 873 1975 τῷ
899 1940 996 1974 αἵματι

207 1988 345 2024 σταθμοὺς
359 1988 407 2015 καὶ
422 1987 512 2022 φλιὰς,
526 1987 574 2014 καὶ
591 1987 628 2022 μὴ
648 1987 750 2020 ἐξιέναι
763 1985 866 2021 μηδένα
881 1986 932 2020 τῆς
949 1985 997 2011 Θύ-

208 2043 268 2069 ρας,
288 2035 363 2065 ὅπως
386 2033 493 2068 φύγωσι
509 2033 556 2060 τὸν
576 2032 749 2068 ὀλοθρευτήν.
771 2032 860 2058 Κάκεῖ
873 2031 927 2066 γὰρ
947 2031 997 2067 τὴν

213 2080 380 2116 Ἐκκλησίαν
409 2080 520 2114 ὲτύπου,
547 2079 584 2111 ὡς
609 2079 751 2107 κάνταῦθα
776 2079 821 2111 διὰ
842 2079 894 2114 τῆς
908 2079 998 2110 οἰκίας

215 2125 311 2158 Ῥαὰϐ,
332 2126 360 2152 ὲν
378 2122 395 2163 ᾖ
415 2125 452 2157 ὡς
465 2126 494 2152 ὲν
517 2124 595 2160 τύπῳ
607 2124 698 2151 καὶτὸ
711 2126 738 2151 ὲν
752 2124 883 2160 Αἰγύπτῳ
903 2124 998 2153 ἐθύετο

208 2172 357 2208 πρόϐατον.
382 2171 436 2199 Καὶ
448 2171 496 2198 νῦν
509 2172 558 2207 τῆς
577 2170 695 2203 πίστεως
714 2171 731 2206 ἠ
746 2171 877 2205 ὁμολογία
891 2170 935 2198 διὰ
949 2169 997 2199 τοῦ

209 2217 341 2252 σπαρτίου
357 2217 532 2252 σημαίνεται.

243 2263 301 2294 Πᾶς
324 2261 370 2290 οὖν
387 2263 483 2294 πιστὸς
499 2263 528 2289 ὲν
542 2264 575 2298 τῇ
593 2262 699 2298 μάνδρᾳ
714 2262 770 2289 τῶν
787 2262 933 2300 προϐάτων
948 2271 998 2298 με-

208 2309 294 2341 νέτω,
312 2308 353 2343 τῷ
375 2307 481 2344 σημείῳ
499 2307 538 2343 τῷ
554 2307 601 2335 τοῦ
621 2307 740 2342 Χριστοῦ
764 2309 996 2344 σφραγιζόμενος.

1047 1727 1143 1750 verum
1169 1719 1204 1751 ad
1228 1726 1354 1747 errorem
1379 1718 1528 1753 pristinum
1555 1722 1740 1746 revertentur.
1770 1719 1839 1747 Dicit

1046 1767 1132 1802 igitur
1147 1775 1153 1793 :
1174 1775 1183 1792 ι
1194 1766 1276 1793 Abite
1294 1773 1344 1793 vos
1359 1773 1406 1800 per
1423 1766 1496 1793 viam
1517 1768 1651 1797 vestram,
1674 1764 1751 1792 vobis
1767 1764 1840 1792 indi-

1047 1817 1149 1841 catam.
1169 1822 1178 1838 ι
1195 1827 1230 1833 -
1260 1821 1269 1838 ι
1285 1811 1343 1847 Ego
1370 1819 1431 1840 sum
1462 1811 1504 1838 via
1523 1811 1558 1843 ",
1581 1820 1594 1838 ›
1622 1819 1671 1848 per
1693 1819 1776 1846 quam
1792 1812 1838 1847 qui

1048 1859 1101 1887 iter
1113 1858 1191 1892 facit,
1212 1863 1339 1886 sanctam
1356 1857 1525 1887 Trinitatem
1543 1857 1787 1893 contemplabitur.

1082 1903 1218 1931 Immunes
1235 1911 1283 1930 nos
1299 1903 1399 1930 erimus
1418 1903 1450 1930 ab
1461 1903 1511 1930 hoc
1522 1903 1687 1937 juramento.
1711 1903 1781 1940 120.]
1793 1904 1842 1931 llis

1048 1948 1155 1976 similia
1184 1948 1276 1976 Moses
1307 1948 1450 1976 mandavit
1482 1955 1613 1984 quoque,
1643 1952 1673 1976 ut
1704 1949 1841 1983 sanguine

1044 1999 1141 2032 postes
1159 1998 1265 2029 ungunt
1283 1997 1310 2021 et
1339 1993 1444 2026 limina,
1471 2001 1560 2028 neque
1583 1994 1731 2029 quisquam
1755 1995 1841 2022 domo

1047 2044 1139 2073 exeat,
1158 2048 1213 2075 quo
1235 2044 1404 2067 vastatorem
1424 2040 1518 2067 evitet.
1538 2039 1589 2068 Ubi
1606 2039 1738 2068 Ecclesiae
1754 2041 1840 2076 ﬁgura

1048 2091 1119 2119 erat,
1137 2085 1367 2121 quemadmodum
1383 2085 1428 2113 hic
1451 2093 1562 2121 quoque
1576 2085 1603 2116 in
1617 2086 1703 2113 ,domo
1732 2086 1839 2119 Ralmh,

1049 2131 1077 2158 in
1091 2139 1145 2166 qua
1162 2135 1293 2165 tanquam
1314 2130 1341 2158 in
1366 2130 1452 2165 ﬁgura
1478 2138 1566 2164 agnus
1583 2129 1765 2166 Egyptiacus
1789 2131 1840 2158 im-

1049 2177 1214 2209 molabatur,
1228 2183 1359 2212 nuncqne
1376 2176 1437 2202 lidei
1455 2175 1597 2204 confessio
1622 2184 1672 2212 per
1693 2176 1786 2204 funem
1802 2177 1838 2204 si-

1049 2222 1205 2256 gniﬁcatur.
1622 2214 1625 2216 l

1086 2266 1253 2302 Quicunque
1263 2267 1351 2302 igitur
1365 2266 1495 2297 ﬁduciam
1512 2266 1596 2294 habet
1608 2267 1635 2294 in
1646 2267 1726 2300 .ovili,
1737 2267 1839 2295 Christi

1049 2314 1132 2349 signo
1148 2317 1262 2341 notatus
1278 2317 1398 2340 maneat.
1414 2312 1442 2339 Si
1455 2313 1527 2340 enim
1543 2313 1589 2348 qui
1605 2313 1703 2340 exierit
1719 2314 1839 2348 seipsum

214 2355 311 2387 Ἐξιὼν
325 2355 380 2390 γάρ
393 2363 446 2386 τις,
464 2354 555 2389 ἔνοχος
567 2354 656 2389 ἑαυτῷ
681 2355 797 2389 γίνεται.
811 2354 931 2382 Τοιαῦτα
950 2355 992 2382 καὶ

1049 2361 1131 2396 culpa
1157 2360 1319 2397 obstringit.
1335 2358 1499 2394 Hnjusmodi
1524 2359 1628 2387 Paulus
1645 2359 1726 2386 etiam
1756 2359 1840 2387 Mileti

210 2400 316 2432 Παῦλος
328 2401 357 2427 ὲν
370 2400 486 2435 Μιλήτῳ
502 2401 561 2432 τοῖς
572 2400 771 2436 πρεσϐυτέροις
788 2401 901 2435 Ἐφέσου
917 2401 995 2435 φησι·

211 2456 221 2472 ι
240 2446 285 2473 Διὸ
301 2445 477 2482 μαρτύρομαι
499 2446 564 2480 ὑμῖν
585 2447 615 2472 ὲν
639 2446 672 2480 τῇ
692 2446 814 2482 σήμερον
836 2446 937 2482 ἡμέρᾳ,
954 2447 996 2474 ὅτι

209 2491 330 2527 καθαρός
352 2492 410 2526 είμι
432 2490 487 2518 ἀπὸ
504 2490 553 2517 τοῦ
576 2491 688 2518 πάντων
710 2490 840 2526 αἵματος,
862 2501 871 2517 ι
891 2493 939 2519 καὶ
963 2491 998 2518 τὰ

209 2538 284 2572 ἑξῆς.

245 2585 317 2613 Ἐὰν
337 2585 372 2612 δέ
395 2593 440 2618 τις
455 2584 534 2620 ’ἡμᾶς
545 2585 689 2620 ἀδικήσῃ,
704 2585 723 2619 ἣ
742 2584 790 2612 καὶ
814 2585 1000 2620 ἀποκαλύψῃ

210 2631 281 2664 τοὺς
295 2631 407 2666 λόγους
430 2630 514 2666 ἡμῶν
536 2631 680 2664 τούτους,
703 2630 833 2665 ἐσόμεθα
845 2630 934 2658 ἁοῶοι
961 2631 1001 2665 τῷ

211 2677 289 2711 ὅρκῳ
309 2678 415 2710 τούτῳ.
449 2676 618 2704 Ἀδικοῦνται
642 2676 696 2712 γὰρ
721 2677 746 2703 ot
763 2677 812 2712 τῆς
837 2677 1002 2712 Ἐκκλησίας

211 2723 386 2755 διδάσκαλοι,
416 2723 472 2750 τῶν
504 2722 634 2758 μαθητῶν
667 2722 857 2749 ἐκλαλοῦντων
885 2725 920 2750 τὰ
944 2723 1000 2750 τῶν

212 2769 355 2803 δογμάτων
373 2769 527 2804 ἀπόρρητα.
548 2769 689 2795 Ῥίπτουσι
708 2769 762 2803 γὰρ
781 2769 844 2800 τοὺς
866 2769 1002 2805 μαργαρί-

213 2823 262 2846 τας
277 2814 433 2850 ἔμπροσθεν
447 2815 502 2842 τῶν
520 2815 631 2851 χοίρων.
652 2815 698 2841 Διὸ
718 2815 765 2841 καὶ
783 2814 852 2850 πρὸς
868 2815 1002 2850 Τιμόθεον

248 2903 297 2931 ⁴ἸἸ
314 2903 412 2930 Thess.
431 2910 461 2935 II,
474 2904 500 2932 8.
538 2904 561 2920 “
577 2903 648 2931 Psal.
666 2910 730 2935 cxx,
745 2904 770 2931 l.

359 2949 496 2980 ΡΑτιιοι..
518 2951 576 2981 GR.
598 2950 789 2982 LXXXVII.

1050 2408 1083 2435 ad
1102 2407 1228 2435 seniores
1248 2406 1350 2441 Ephesi
1367 2405 1458 2440 inquit
1474 2415 1481 2432 :
1503 2405 1632 2433 «Idcirco
1648 2406 1773 2432 obtestor
1793 2413 1841 2432 vo-

1051 2454 1094 2482 bis
1112 2453 1246 2482 Imdierno
1269 2453 1416 2488 die,quod
1440 2460 1492 2488 ego
1515 2459 1613 2487 expers
1636 2459 1697 2483 sum
1716 2452 1839 2480 omnium

1050 2499 1194 2535 sanguinis
1211 2499 1245 2533 “,
1265 2508 1274 2524 ι
1292 2505 1348 2526 etc.

1089 2587 1166 2620 Quod
1185 2587 1209 2614 si
1225 2595 1285 2614 vero
1302 2586 1401 2622 aliquis
1422 2594 1480 2617 nos,
1501 2586 1591 2618 aiunt.
1617 2586 1727 2620 (mserit,
1744 2591 1769 2614 et
1786 2595 1842 2614 ser-

1054 2641 1143 2660 mones
1156 2633 1203 2660 Iios
1219 2638 1325 2660 nostros
1344 2633 1506 2666 revelaverit,
1523 2633 1642 2660 insontes
1657 2635 1766 2661 erimus.
1784 2633 1842 2661 Lae-

1053 2679 1159 2706 duntur
1176 2679 1249 2706 enim
1263 2679 1395 2706 Ecclesia!
1408 2679 1546 2714 magistri,
1562 2680 1585 2707 si
1596 2679 1726 2715 disoipuli
1742 2688 1842 2708 arcana

1054 2733 1151 2752 eorum
1184 2724 1313 2752 eﬁ‘utiunt
1343 2725 1493 2760 dogmata,
1522 2725 1647 2762 adeoque
1680 2727 1843 2762 margaritas

1056 2775 1120 2797 ante
1136 2778 1236 2805 porcos
1251 2771 1413 2806 projiciunt.
1429 2771 1605 2807 Quapropter
1619 2772 1652 2800 ad
1667 2772 1843 2800 Timotheum

1055 2816 1208 2850 Epistolam
1221 2816 1348 2845 scribens
1362 2817 1474 2850 Paulus,
1487 2817 1611 2845 secundo
1627 2817 1716 2853 inquit
1732 2827 1761 2845 τι
1776 2818 1843 2851 Qua:

819 2905 842 2920 ⁸³
862 2903 913 2932 lsa.
924 2913 967 2937 λι..
979 2906 992 2933 il

1044 2907 1066 2923 ³ο
1080 2907 1112 2933 III
1129 2905 1196 2942 Reg.
1213 2914 1258 2940 xx,
1270 2906 1315 2934 28.
1354 2907 1375 2923 ¹¹
1388 2906 1467 2936 Joan.
1485 2916 1539 2942 xrv,
1555 2908 1582 2936 6.
1619 2908 1643 2924 “
1658 2907 1718 2936 Act.
1737 2915 1782 2940 xx,
1794 2908 1829 2936 '39

1621 2954 1660 2983 32
