2086 3160
216 170 226 199 i
232 169 286 200 005

780 169 1051 202 COMMENTARII
1072 170 1112 201 IN
1132 169 1261 201 JOSUE.

1782 169 1850 202 1006

213 239 276 260 τους
292 229 409 267 ἐχθροὺς
420 230 523 265 νοητῶς
539 231 605 266 ὁρᾷ-ι
622 230 856 265 ἑναποπνιγέντας
869 229 1004 265 τῴὖδατις

1069 229 1211 256 nvisibilrs
1223 229 1302 264 aquis
1312 229 1473 258 submersos
1490 233 1580 256 mente
1590 229 1785 264 contemplari,
1794 230 1854 258 loco

221 276 291 302 ’Λντ’
316 277 428 312 αἴσχους
449 277 496 309 δὲ,
526 277 624 308 κάλλος
651 277 851 312 ἀνειληφότας,
879 276 927 302 καὶ
954 276 1008 302 πᾶν

215 323 344 358 φρόνημα
376 322 580 354 καταλιπόντας
611 323 713 357 γεῶδες
729 343 736 355 ,
774 322 937 358 πτεροφυεϊν
971 322 1008 354 ὠς

213 369 320 401 ἀετοὺς,
345 369 393 395 καὶ
410 369 472 399 ταῖς
494 368 645 403 ἁμαρτίαις
666 367 844 403 γηράσαντας
863 366 1007 394 ἀνακαινί-

214 413 328 446 ζεσθαι,
354 414 402 441 καὶ⁸
428 413 563 445 πεσόντας
587 415 627 445 είς
650 414 718 449 γῆν,
747 413 864 449 οὐρανοῦ
895 412 1008 444 πολίτας

213 459 494 495 ὲγκαταγράφεσθαι,
522 460 570 486 καὶ
593 460 674 491 δντας
703 459 842 494 ἐχθροὺς,
871 459 1008 490 υἱοθεσίας

213 504 386 540 ἀξιωθῆναις
423 505 544 532 Τοιαῦτα
582 504 738 538 κατέδειξεν
771 505 786 531 ὁ
820 504 876 531 τῶν
912 504 1007 539 ψυχῶν

215 551 307 587 ἰατρὸς
328 551 362 578 τὰ
383 551 536 587 θαυμάσια,
562 551 715 583 συνθλάσας
735 551 784 583 τὰς
808 550 931 585 κεφαλὰς
960 549 1007 577 τοῦ

213 596 360 632 δράκοντος
372 596 420 623 ἐπὶ
435 597 483 624 τοῦ
504 596 611 630 ὕδατος,
631 597 819 633 ἀναγεννήσας
835 597 910 632 ἡμᾶς
931 596 1009 624 ὕδατι

1062 274 1243 308 turpitudinis
1262 274 1496 309 pulchritudinem
1511 275 1648 310 accipere,
1665 275 1796 309 omnique
1813 283 1856 302 sa-

1062 320 1166 354 pientia
1187 324 1297 347 terrena
1315 321 1412 348 relicta
1437 321 1494 348 alas
1518 322 1616 356 aquila:
1634 321 1720 348 instar
1743 322 1856 356 nequire

1062 367 1184 401 percotis
1217 367 1387 394 inveteratos
1419 367 1558 401 renovari,
1583 368 1609 394 in
1632 372 1732 394 terram
1774 367 1856 403 depo-

1061 414 1131 440 situs
1150 414 1222 440 inter
1238 414 1313 441 cives
1337 415 1466 441 etelestes
1481 413 1612 447 describi,
1636 414 1756 450 denique
1771 415 1855 441 etiam

1063 460 1158 488 hostes
1175 460 1202 487 in
1217 460 1337 487 ﬁliorum
1362 461 1453 488 locum
1484 460 1631 495 adoptari?
1653 461 1706 488 Tot
1723 465 1856 496 tantaque

1062 514 1127 533 vero
1159 506 1313 533 animarum
1348 507 1472 534 medicus
1499 514 1582 534 verus
1610 506 1695 534 Josuc
1722 508 1856 536 miracula

1063 552 1149 580 edidit
1162 573 1169 585 ,
1185 560 1246 579 cum
1261 553 1399 588 serpentis
1413 554 1502 587 capita
1522 560 1606 588 super
1619 561 1691 588 aqua
1707 553 1855 588 confregit,

1064 607 1172 634 nosque
1188 599 1244 634 igni
1259 603 1287 626 et
1304 606 1376 634 aqua
1387 599 1524 635 rcgcnuit.

214 643 261 668 καὶ
279 643 356 678 πυρί.

251 698 284 726 Et
296 699 366 726 dixit
378 698 506 726 Dominus
520 699 554 725 ad
562 698 664 726 Josue:
680 698 736 726 Hoc
746 699 788 726 die
797 703 820 726 te
828 698 925 733 incipio
937 699 1111 730 evehere,etc.
1121 697 1180 734 [ιιι,
1195 697 1235 732 7.]
1247 696 1304 725 Non
1316 697 1406 725 minus
1415 705 1481 725 vero
1495 697 1627 726 Dominus
1637 706 1749 734 quoque
1762 704 1858 727 noster

214 743 296 771 Jesus
309 743 440 770 Christus
457 743 586 770 evehitur
604 743 776 770 humanitate
801 749 863 773 sua,
885 742 1030 769 divinitate
1054 744 1125 770 enim
1142 750 1252 770 onmem
1278 742 1450 770 altitudinem
1474 748 1597 777 superat.
1617 744 1646 771 In
1661 743 1781 772 .lordane
1793 753 1856 773 cum

215 788 315 815 extulit
327 792 414 822 pater,
432 795 496 814 cum
514 786 606 814 dixit:
623 797 633 812 ι
647 787 697 814 llic
713 791 755 815 est
772 787 845 814 [ilius
862 795 941 814 meus
960 787 1078 814 dilectus
1101 787 1127 814 in
1144 795 1199 822 quo
1221 786 1287 814 mihi
1312 787 1408 822 placeo
1421 787 1453 814 ".
1470 796 1479 812 ι
1498 787 1563 814 ltem
1581 795 1589 814 :
1619 797 1627 813 ι
1645 787 1779 819 Ouoniunt
1810 798 1855 817 se-

221 831 311 867 ipsum
325 831 439 866 abjecit,
460 831 550 858 iactus
565 830 599 858 ad
614 834 729 858 mortem
745 838 832 866 usque
842 830 914 866 patri
929 830 1094 865 morigerus,
1110 835 1236 861 mortem,
1249 831 1372 866 inquam,
1386 831 1490 863 crucis,
1508 831 1606 858 extulit
1624 840 1686 859 eum
1701 832 1773 860 Deus
1788 834 1822 866 '6,
1844 843 1852 859 ι

216 880 270 903 etc.
292 875 320 902 ln
335 875 433 910 primis
447 882 512 902 vero
537 875 564 902 in
593 875 694 902 animis
709 875 815 902 nostris
841 877 975 902 transitus
993 882 1041 909 per
1065 873 1213 902 .lordancm
1225 879 1350 910 tempore
1372 875 1508 902 evehitur.
1527 874 1567 902 Ne
1581 875 1625 902 cui
1643 883 1708 903 vero
1725 876 1853 904 videatur

217 919 300 947 alium
318 919 417 946 veteris
429 925 456 947 et
478 927 556 946 novae
576 926 639 947 esse
657 918 788 946 Ecclesiae
812 918 908 951 Deum,
924 918 1010 946 Josuc
1030 926 1092 945 eum
1114 918 1189 946 Mose
1209 919 1362 954 conjungit,
1380 923 1410 946 ut
1430 919 1514 946 unius
1530 919 1576 946 Dei
1600 927 1695 948 curam
1712 921 1855 948 amborum

216 971 278 991 esse
292 964 473 991 demonstret.
489 965 581 996 Quare
602 962 706 990 Paulus
723 971 835 998 quoque
849 963 882 989 ad
912 962 1041 990 llebrazos
1054 963 1091 990 ait
1108 971 1115 989 ε
1132 972 1140 988 ι
1155 963 1187 990 Ει
1203 962 1293 990 Moses
1308 963 1419 997 quidem
1437 963 1525 990 tidelis
1546 963 1573 990 in
1588 969 1688 991 cuneta
1702 964 1762 999 ejus
1774 965 1856 992 domo

217 1007 293 1035 velut
308 1007 438 1041 famulus,
453 1007 583 1035 Uhristus
599 1014 666 1035 vero
683 1007 759 1034 velut
772 1007 846 1035 titius
862 1007 897 1033 ⁵⁷.
918 1017 926 1032 ι
943 1006 1040 1034 Modus
1053 1006 1147 1042 itaque
1169 1007 1314 1034 amborum
1329 1007 1429 1040 variat,
1445 1014 1500 1034 non
1516 1007 1594 1035 omni
1615 1013 1706 1036 tamen
1725 1009 1856 1036 similitu-

215 1053 290 1081 dinis
306 1053 408 1080 evitata
418 1052 525 1087 specie.

257 1107 304 1140 Ὧς
330 1107 368 1134 ἂν
389 1107 546 1140 εἰσέλθητε
563 1107 613 1133 ἐπὶ
631 1106 742 1142 μέρους
762 1106 816 1134 τοῦ
831 1106 941 1140 ὕδατος
957 1106 1011 1133 τοῦ

1100 1105 1167 1133 Cum
1184 1106 1306 1133 veneritis
1330 1106 1364 1132 ad
1384 1107 1499 1141 primam
1518 1114 1620 1140 partem
1640 1116 1773 1141 aquarum
1793 1108 1857 1135 Jor-

215 1153 382 1188 'Iop§drov,
398 1153 446 1180 καὶ
461 1154 496 1180 ὲν
514 1153 648 1188 Ἰορδάνῃ
664 1152 831 1186 στήσεσθε.
853 1153 1012 1187 Ὀράτωσαν

215 1201 241 1228 οἱ
270 1200 443 1236 μεμυημένοι
468 1200 532 1232 τοὺς
558 1200 662 1232 τύπους
684 1200 830 1232 ὡδίνοντας
861 1201 911 1235 τὴν
945 1199 1012 1234 ἀλή-

217 1247 305 1274 θειαν.

254 1291 307 1319 Καὶ
337 1291 507 1325 ὀλοθρεύων
540 1291 716 1325 όλοθρεύσει
748 1290 809 1318 ἀπὸ
848 1289 1012 1325 προσώπου

217 1338 302 1373 ὑμῶν
321 1337 375 1364 τὸν
398 1337 580 1365 Καναναῖον.
607 1337 639 1364 Ἥ
654 1337 780 1369 διάϐασις
805 1337 854 1372 τῆς
879 1337 1012 1369 κιϐωτοῦ,

218 1385 297 1421 φησὶ,
315 1385 429 1420 σημεῖον
447 1385 512 1419 ὑμῖν
529 1383 600 1410 ἔστω
615 1383 667 1418 τῆς
681 1383 736 1410 τῶν
753 1383 840 1410 ἐθνῶν
856 1382 1010 1414 ἀπωλείας·

216 1431 309 1464 ὡςέφ⁹
321 1430 401 1466 ήμῶν
418 1429 474 1456 τῶν
492 1429 690 1464 ἀντικειμένων
713 1428 866 1463 δυνάμεων,
882 1428 909 1455 εἰ
927 1436 968 1460 τις
984 1429 1012 1454 ὲν

224 1476 344 1511 Ἰορδάνῃ
355 1475 471 1510 γένηται
486 1474 604 1504 κιϐωτὸς
620 1473 666 1501 τοῦ
685 1473 764 1506 Θεοῦ,
784 1473 819 1500 τὰ
830 1473 880 1508 τῆς
895 1473 1013 1505 πίστεως

217 1523 246 1549 ἐν
259 1522 349 1558 ἐαυτῷ
373 1521 509 1558 περιέχων
534 1520 684 1556 μυστήρια,
707 1520 758 1554 τῆς
771 1519 887 1554 γεώδους
902 1519 1013 1555 ἀπάρας

217 1568 288 1596 κατὰ
303 1568 367 1600 τοὺς
386 1567 558 1603 Ἰσραηλίτας
579 1566 693 1602 σκηνῆς,
711 1566 832 1600 γεγονὼς
851 1567 883 1601 τῇ
907 1566 1012 1601 διανοίᾳ

219 1614 370 1650 μετέωρος,
386 1613 540 1649 ἀνεχόντων
550 1612 658 1647 ἱερέων,
676 1612 722 1638 καὶ
738 1611 956 1646 προϐαδιζόντων
973 1611 1012 1647 τῷ

217 1660 295 1696 τύπῳ
309 1661 363 1687 τῶν
382 1659 520 1696 πράξεων,
538 1659 586 1686 καὶ
607 1658 646 1694 τῷ
667 1658 745 1685 ὕδατι
769 1657 928 1693 βαπτόντων
949 1658 1011 1689 τοὺς

217 1706 314 1737 πόδας.
335 1716 344 1732 ι
358 1706 388 1733 '0
403 1705 456 1741 γὰρ
477 1704 640 1740 λελουμένος
655 1704 685 1731 οὐ
705 1703 802 1739 χρείαν
817 1703 874 1738 ἔχει
889 1703 936 1730 τοῦ
951 1703 1012 1730 λού-

218 1753 328 1780 σασθαι.
345 1753 424 1779 Ἐστι
440 1751 494 1788 γὰρ
507 1751 568 1783 ὅλος
584 1750 704 1786 καθαρός
715 1757 722 1764 ·
743 1750 802 1776 ἀλλ’
817 1750 861 1777 ἵνα
880 1749 944 1785 νίψῃ
962 1750 1010 1784 μό-

217 1807 263 1826 νον
276 1799 339 1830 τοὺς
353 1797 448 1829 πόδας.
463 1807 473 1824 ι
496 1797 552 1824 Καὶ
570 1797 586 1832 ὴ
598 1795 693 1832 νύμφη
719 1795 748 1822 δέ
760 1803 842 1831 φησιν
855 1803 863 1811 ⁸
879 1803 888 1821 ι
901 1795 1011 1825 Ἐνιψά-

220 1853 274 1880 μην
287 1843 351 1875 τοὺς
365 1843 460 1875 πόδας,
483 1843 542 1874 πῶς
563 1841 670 1878 μολυνῶ
691 1841 809 1874 aetatis;
827 1850 837 1867 δ
854 1841 961 1876 Ὠσπερ
983 1841 1012 1867 δὲ

217 1890 256 1925 τῷ
281 1889 438 1925 ἁμαρτωλῷ
460 1890 535 1916 πᾶσα
551 1889 567 1923 ἡ
590 1888 677 1920 κτίσις
696 1887 820 1922 πολεμεῖ,
845 1887 884 1919 ὼς
898 1887 1014 1914 ἐπὶτῶν

221 1936 389 1970 Αἰγυπτίων,
413 1935 486 1961 οὕτω
508 1934 615 1968 γίνεται
631 1934 721 1961 πάντα
745 1933 784 1968 τῷ
807 1933 905 1967 δικαίῳ
932 1933 1012 1968 βατὰ,

225 1982 360 2017 Ἐρυθρὰν
372 1979 518 2007 διοδεύοντι
539 1979 686 2011 θάλατταν,
707 1978 755 2005 καὶ
777 1978 826 2014 τὴν
849 1977 952 2013 ἔρημον
965 1978 1013 2013 τὴν

219 2027 331 2063 πολλὴν,
346 2027 395 2062 τὴν
417 2026 447 2059 ἐξ
461 2025 587 2060 [οὐρανοῦ
607 2023 803 2061 χορηγουμένῳ
819 2025 935 2059 τροφήν.
957 2024 1013 2050 Καὶ

219 2075 234 2100 ὁ
247 2073 302 2108 ἀὴρ
325 2071 465 2107 δὲ⁴τοὺτῳ
487 2070 580 2106 βατὸς,
596 2070 669 2097 κατὰ
690 2070 731 2103 τὸ,
759 2069 1015 2105 (Ἀρπαγησόμεθα

219 2120 249 2146 ἐν
275 2118 400 2153 νεφέλαις
423 2119 464 2148 εἰς
487 2117 588 2153 ἀέρα.»
611 2116 736 2144 Καθόλου
758 2116 812 2151 γὰρ
834 2115 953 2151 ἤκουσε,
976 2115 1013 2151 μὴ

219 2165 373 2200 φοϐεῖσθαι·
392 2175 401 2191 ι
427 2164 491 2192 Ἐὰν
508 2165 563 2200 γὰρ
582 2163 690 2200 διέλθῃς
704 2163 748 2191 διὰ
776 2163 873 2199 πυρὸς,
891 2163 956 2198 φλὸξ
981 2164 1013 2190 οὐ

220 2211 391 2239 κατακαύσει
406 2220 448 2239 σε,
463 2221 474 2237 ι

255 2302 310 2328 Καὶ
324 2301 394 2336 τάχα
407 2301 469 2328 ὅσον
487 2301 537 2336 μὲν
557 2300 641 2334 ἐγγὺς
663 2297 689 2326 εἴ
707 2299 861 2333 Αἰγύπτου,
875 2300 1013 2328 θάλασσαν

219 2347 338 2383 διοδεὺῃ,
353 2347 461 2374 οὐδέπω
473 2345 556 2381 οὔσης
580 2344 710 2376 κιϐωτοῦ,
736 2344 796 2371 οὐδὲ
817 2345 912 2380 ἱερέων
936 2354 1012 2380 χειρ-

219 2393 402 2428 αγωγούντων
425 2401 455 2419 σε
469 2412 477 2425 ,
493 2392 555 2419 οὐδὲ
577 2391 699 2418 Λευῖτῶν
711 2400 719 2407 ·
746 2391 815 2418 ἐπὰν
835 2391 862 2417 δὲ
877 2391 957 2427 ἔλθῃς
974 2392 1013 2424 εἰς

1064 1152 1154 1185 dumis,
1171 1152 1322 1179 consistetis
1342 1153 1369 1179 in
1385 1153 1441 1187 ipso
1457 1152 1588 1180 Iordane.
1606 1153 1658 1189 [8.]
1678 1153 1795 1182 Videant
1810 1156 1856 1190 qui

1064 1203 1143 1234 typos
1155 1199 1275 1226 veritatis
1292 1203 1394 1227 matres
1416 1198 1624 1228 abstruserunt.

1101 1286 1234 1314 Funditus
1241 1292 1334 1314 evertet
1346 1287 1473 1315 Dominus
1483 1293 1544 1316 ante
1553 1297 1596 1316 vos
1607 1289 1857 1323 Clinitanmuni,etr.

1065 1331 1133 1368 [l0.]
1152 1333 1298 1361 Transitus
1316 1341 1386 1361 arca:
1398 1334 1476 1361 vobis
1491 1335 1538 1368 sit,
1559 1336 1661 1370 inquit,
1678 1336 1758 1372 signo
1773 1337 1858 1366 inter-

1065 1379 1189 1406 necionis
1212 1380 1349 1414 gentium.
1374 1380 1613 1414 Quemadmodum
1641 1384 1718 1411 vobis
1748 1392 1858 1420 quoquc

1063 1433 1126 1453 esse
1146 1425 1228 1453 debet
1243 1427 1388 1461 copiarum
1417 1428 1607 1462 adversarum,
1629 1431 1652 1458 si
1671 1438 1733 1465 qua:
1752 1432 1779 1459 in
1795 1432 1857 1459 .lor-

1063 1472 1136 1500 done
1151 1472 1234 1500 fuerit
1248 1481 1325 1504 area,
1340 1481 1401 1509 quae
1422 1474 1485 1502 ﬁdei
1502 1475 1530 1503 in
1545 1483 1576 1504 sc
1601 1478 1795 1512 complectitur
1811 1487 1858 1506 ar—

1063 1525 1143 1544 cana.
1165 1517 1230 1550 Quae
1250 1518 1361 1552 quidem
1387 1519 1462 1554 apud
1487 1519 1627 1549 lsraclitas
1653 1529 1669 1550 ο
1694 1527 1803 1551 terreno
1818 1528 1858 1550 ta-

1064 1564 1215 1590 bernaculo
1242 1569 1285 1591 est
1303 1564 1439 1599 profecta,
1457 1566 1612 1594 ministerio
1623 1573 1715 1594 tamen
1729 1569 1858 1596 sublimis

1064 1608 1127 1642 fuit,
1156 1617 1217 1644 quae
1252 1614 1362 1644 portata
1393 1615 1435 1638 est
1461 1619 1476 1638 ει
1507 1612 1701 1642 sacerdotibus
1733 1619 1858 1650 exemplo

1063 1655 1205 1682 actionum
1226 1657 1275 1683 toti
1293 1658 1396 1692 popqu
1410 1659 1610 1692 priceuntihus,
1625 1667 1752 1696 aquaque
1775 1663 1858 1697 pedes

1063 1699 1230 1728 lavantibus.
1254 1701 1325 1734 «Qui
1353 1702 1427 1729 enim
1451 1703 1564 1732 ablutus
1593 1710 1646 1738 est,
1674 1706 1778 1734 Inlione
1802 1715 1857 1735 non

1065 1746 1180 1782 indiget,
1197 1747 1316 1775 mundus
1336 1749 1410 1775 enim
1428 1751 1505 1777 totus
1529 1754 1582 1782 est,
1602 1759 1696 1779 verum
1718 1756 1747 1779 ut
1775 1753 1858 1788 pedes

1065 1793 1136 1820 lavet
1149 1793 1238 1820 solum
1252 1793 1302 1820 ⁵³.»
1318 1793 1404 1821 Porro
1421 1802 1521 1830 sponsa
1537 1797 1618 1823 ctiam
1647 1798 1736 1832 inquit
1754 1808 1761 1826 :
1782 1809 1791 1825 ‹
1809 1800 1860 1828 Pc-

1064 1839 1114 1866 dcs
1128 1839 1194 1872 lavi,
1209 1844 1236 1867 et
1247 1847 1334 1875 quare
1345 1841 1519 1875 inquinarem
1531 1850 1578 1870 eos
1592 1843 1637 1870 "‘l
1650 1854 1659 1870 ι
1675 1844 1859 1877 Quemadmo—

1064 1884 1129 1912 dum
1146 1893 1211 1913 vero
1236 1887 1374 1921 pccratori
1389 1888 1480 1915 omnis
1496 1893 1622 1916 creatura
1644 1890 1772 1918 hostilem
1797 1900 1860 1920 sese

1065 1931 1178 1966 praebet,
1211 1933 1285 1959 velut
1311 1940 1377 1968 erga
1406 1933 1551 1969 Egyptios
1578 1935 1678 1963 factum
1697 1945 1704 1964 :
1724 1937 1761 1964 ita
1781 1938 1859 1972 justo

1064 1978 1158 2004 omnia
1174 1978 1244 2005 Vado
1258 1978 1370 2011 cedunt,
1395 1979 1454 2007 sive
1478 1988 1526 2015 per
1543 1988 1619 2009 mare
1651 1982 1774 2010 Rubrum
1800 1984 1859 2011 sive

1065 2030 1114 2058 per
1130 2023 1270 2051 desertum
1294 2029 1404 2053 vastum
1435 2031 1569 2061 permeat,
1596 2028 1641 2054 cui
1670 2029 1753 2056 etiam
1770 2029 1858 2057 victus

1065 2069 1176 2097 cwlitus
1196 2071 1366 2105 suppeditat.
1384 2071 1442 2099 Nec
1453 2080 1507 2099 non
1525 2080 1571 2100 aer
1588 2074 1687 2100 vadum
1704 2080 1757 2105 est,
1778 2076 1858 2110 jtnla

1065 2116 1152 2143 illud:
1175 2116 1324 2145 «Nubibus
1349 2118 1376 2145 in
1400 2126 1492 2146 aerem
1508 2120 1648 2154 rapiemur
1661 2121 1692 2147 σθ.
1714 2131 1723 2147 ι
1742 2121 1769 2149 ln
1784 2131 1858 2149 sum-

1065 2169 1108 2189 ma
1126 2163 1198 2190 enim
1227 2163 1330 2191 dictum
1356 2169 1398 2192 cst
1426 2165 1464 2192 illi
1486 2174 1493 2192 :
1519 2165 1582 2193 «Ne
1610 2167 1718 2194 timeas.
1744 2168 1856 2196 Etiamsi

1064 2210 1136 2236 enim
1165 2209 1255 2245 ignem
1284 2211 1497 2246 pertransieris,
1525 2212 1634 2241 ﬂamma
1675 2223 1729 2242 non
1759 2216 1857 2243 adurct

1065 2259 1091 2281 te
1104 2254 1137 2282 ".
1157 2265 1166 2281 ι

1101 2303 1157 2327 Imo
1178 2301 1271 2333 etiam,
1288 2303 1469 2337 quantumvis
1497 2305 1606 2332 vicinus
1631 2305 1750 2341 {Egyplo
1771 2306 1855 2334 fueris

1065 2354 1196 2381 mareque
1225 2347 1358 2383 trajicias,
1386 2356 1449 2376 cum
1469 2357 1531 2377 arca
1554 2351 1676 2378 nondum
1701 2352 1791 2385 fuerit,
1807 2361 1856 2381 nec:

1065 2392 1224 2420 sacerdotes
1240 2401 1291 2421 nec
1305 2393 1406 2421 Levita:
1424 2400 1451 2423 te
1466 2395 1642 2424 deduxerint.
1657 2397 1725 2424 Cum
1741 2406 1806 2425 vero
1822 2400 1856 2426 ad

219 2441 254 2468 τὰ
272 2441 335 2476 ὅρια
350 2441 399 2476 τῆς
412 2440 492 2474 ἁγίας
503 2439 566 2474 γῆς,
582 2439 629 2465 καὶ
643 2437 830 2474 παραδέξηταί
843 2447 873 2464 σε
897 2438 1011 2474 Ἰησοῦς,

1064 2437 1263 2474 ἀδήιιιοηιοε
1276 2443 1379 2468 sancta:
1393 2445 1473 2468 terra:
1484 2443 1670 2477 appuleris,et
1685 2449 1711 2471 te
1725 2453 1855 2480 susei-ixc-

220 2487 268 2514 καὶ
291 2486 373 2518 αὐτὸς
396 2485 509 2521 γένηταί
537 2493 577 2511 σοι
594 2484 702 2520 ὀδηγὺς,
722 2483 783 2510 τότε
804 2484 912 2510 ἵσταταί
937 2492 978 2510 σοι
996 2485 1010 2510 ὁ

226 2532 372 2568 Ἰορδάνης.
398 2532 447 2558 "Av
472 2531 527 2566 γὰρ
550 2530 656 2566 ἀληθῶς
679 2529 712 2566 ᾗς
731 2529 851 2565 Ἰησοῦς,
880 2530 911 2556 τὸ
938 2530 1011 2566 ὕδωρ

218 2578 265 2605 τοῦ
291 2577 426 2613 Ἰορδάνου
455 2578 677 2612 ὲντριιπὴσεται,
700 2577 749 2604 καὶ
773 2576 947 2612 ἀναχωρήσει
971 2577 1010 2608 είς

218 2625 253 2651 τὰ
268 2625 377 2651 ὀπίσω·
401 2623 432 2650 τὸ
457 2623 485 2650 δὲ
510 2623 575 2650 ἄλλο
599 2622 671 2658 ὕδωρ
696 2622 879 2649 ἀπελεύσεται
904 2623 945 2654 εἰς
961 2621 1011 2655 τὴν

220 2669 358 2695 θάλασσαν
374 2668 429 2695 τῶν
448 2667 530 2694 ἀλῶν.
553 2667 614 2694 Τῶν
639 2667 694 2702 γὰρ
723 2667 792 2702 μετὰ
809 2667 840 2693 τὸ
867 2667 1013 2702 βάπτισμα

219 2713 407 2747 ἀπολομένων,
428 2712 459 2739 τὸ
473 2711 545 2748 ὕδωρ
566 2712 613 2739 τοῦ
634 2711 769 2747 Ἰορδάνου
787 2713 827 2743 είς
840 2711 889 2747 τὴν
910 2711 1012 2738 θάλασ-

221 2767 271 2785 σαν
291 2758 385 2785 ἄπεισι
411 2758 467 2785 τῶν
488 2758 576 2785 ἀλῶν·
601 2757 632 2784 τὺ
655 2757 684 2784 δὲ
709 2758 774 2785 ἄλλο
787 2778 794 2790 ,
819 2758 850 2784 τὸ
866 2757 938 2793 ὕδωρ
954 2758 1013 2784 ἐστὶ

219 2804 274 2830 τῶν
287 2804 410 2836 δικαίων,
431 2804 530 2839 πῆγμα
549 2803 702 2838 ἐνυπάρχον
721 2803 853 2838 ἀνάλογον
868 2803 907 2837 τῷ
921 2811 1013 2838 πεπη-

254 2862 278 2878 ”
292 2861 387 2889 Matth.
403 2869 443 2893 ιιι,
458 2862 501 2889 l7.
539 2862 563 2897 ’ἦ
575 2861 694 2897 Philipp.
712 2867 742 2894 ιι,
759 2860 787 2893 8,
803 2861 829 2889 9.
868 2861 890 2877 ⁸⁷
909 2862 994 2890 Hebr.
1011 2870 1052 2896 nt,
1071 2864 1097 2892 5.

219 2905 257 2930 iv,
276 2897 320 2924 17.
357 2898 377 2914 ἰ
395 2897 448 2925 lsa.
462 2904 538 2929 ιιιιι,
553 2896 580 2924 Ξ.

1066 2485 1100 2510 rit
1111 2484 1193 2512 Josue
1208 2485 1328 2521 :tibique
1343 2487 1398 2514 dux
1415 2489 1630 2521 exstiterit,tum
1648 2490 1696 2517 tibi
1723 2493 1857 2519 consistet

1064 2529 1209 2558 Iordanes.
1227 2531 1295 2559 Nam
1317 2533 1339 2560 si
1357 2541 1422 2561 vere
1437 2534 1589 2563 adlimseris
1603 2535 1698 2568 Josue,
1714 2545 1784 2572 aqua
1794 2537 1856 2565 Jor-

1065 2577 1149 2604 danis
1165 2583 1330 2612 revertetur,
1349 2587 1381 2607 ac
1395 2585 1471 2608 retro
1489 2583 1632 2610 concedet.
1651 2584 1767 2619 lteliqna
1792 2593 1857 2613 vero

1066 2630 1136 2658 aqua
1154 2624 1180 2650 in
1197 2632 1272 2652 mare
1287 2626 1390 2653 salsqu
1407 2627 1505 2655 abibit.
1527 2628 1627 2656 Eorum
1643 2630 1716 2657 enim
1734 2632 1780 2666 qui
1797 2637 1858 2667 post

1064 2668 1231 2703 baptismum
1248 2677 1378 2705 pereunt,
1395 2680 1465 2708 aqua
1477 2673 1607 2703 Jordanis
1622 2676 1649 2703 in
1664 2685 1739 2705 mare
1752 2679 1856 2706 salsum

1064 2714 1160 2743 ellluit.
1182 2715 1298 2752 Reliqua
1319 2726 1385 2746 vero
1397 2726 1468 2754 aqua
1490 2721 1570 2748 unica
1583 2721 1723 2757 justorum
1738 2728 1779 2751 est
1795 2733 1856 2752 Inu—

1065 2761 1145 2794 nitio,
1179 2770 1240 2797 quae
1276 2765 1339 2799 pani
1377 2766 1489 2794 cmlitus
1525 2768 1639 2804 delapso
1671 2777 1858 2806 concretaque

1066 2810 1215 2843 respondet
1241 2819 1248 2837 :
1274 2810 1410 2844 Quoniam
1441 2817 1470 2840 tu
1508 2822 1618 2851 quoque
1649 2817 1762 2850 unicum
1789 2819 1857 2844 colis

1144 2867 1166 2882 "
1182 2865 1263 2896 Joan.
1279 2871 1399 2904 xni,10.
1452 2872 1475 2888 ³⁸
1487 2872 1566 2900 Cant.
1582 2882 1607 2906 v,
1620 2875 1646 2902 5.
1700 2876 1722 2891 ⁸ο
1737 2876 1746 2901 1
1759 2874 1856 2903 Thess.
