2086 3160
270 171 338 205 1007

920 170 1096 201 PROCOPII
1114 170 1236 202 GAZ/El

1834 174 1898 206 1008

267 230 364 264 Deum,
390 229 436 257 cui
461 229 484 257 si
508 229 603 256 unitus
627 227 714 255 fueris
737 234 750 253 a
776 228 986 263 propugnaculo
1010 227 1055 255 tibi

1109 229 1188 263 γέναι
1202 228 1248 255 τὸν
1259 229 1342 264 ἄρτον
1353 230 1398 257 τὸν
1414 229 1443 262 ἐξ
1457 229 1573 266 οὐρανοῦ
1591 230 1811 266 καταϐεϐηκότα,
1825 233 1898 260 ἐπει-

266 277 361 305 stabit.
391 275 456 303 item
482 283 489 302 :
510 274 584 301 Beati
609 274 710 309 quibus
728 280 782 300 non
809 273 919 307 longius
948 272 1058 301 duobus

266 322 424 349 cubitorum
438 319 559 347 millibus
570 319 605 347 ab
621 326 686 346 arca
706 318 805 346 abesse
820 318 909 345 licuit.
925 317 1059 353 Reliquus

266 368 340 395 enim
355 365 438 394 Israel
454 365 548 393 salvus
561 364 672 400 quidem
686 367 740 396 est,
758 363 807 391 sed
822 363 933 391 duobus
952 363 1060 391 cubito-

265 420 326 441 rum
345 412 468 440 millibus
485 411 574 447 magis
588 410 667 438 abest
682 409 717 437 ab
734 416 811 437 arca.

1112 274 1144 310 δὴ
1162 275 1210 301 καὶ
1236 275 1270 301 σὺ
1296 275 1386 308 σέϐεις
1410 277 1456 303 τὸν
1477 276 1525 303 ἕνα
1547 276 1624 303 Θεὸν.
1644 277 1769 309 Ἑνωθεὶς
1793 277 1847 313 γὰρ
1861 279 1899 314 τῷ

1113 320 1184 356 Θεῷ,
1209 321 1285 357 παρὰ
1311 322 1351 358 τῷ
1370 323 1499 358 πήγματι
1528 325 1626 360 στήσῃ.
1644 324 1700 351 Καὶ
1725 325 1857 361 μακάριοι
1874 327 1898 353 οἱ

1112 367 1274 403 δυνηθέντες
1296 368 1334 404 μὴ
1352 369 1462 404 μακρὰν
1482 367 1552 396 εῖναι
1575 370 1624 406 τῆς
1650 370 1779 398 κιϐωτοῦ.
1804 371 1832 398 '0
1846 373 1899 408 γὰρ

1108 413 1202 445 λοιπὸς
1222 413 1341 450 Ἰσραὴλ,
1357 415 1382 441 εἰ
1395 416 1442 442 καὶ
1465 415 1593 448 σώζεται,
1613 416 1682 443 ἀλλὰ
1710 417 1821 452 μακράν
1843 419 1899 445 ἐστι

1108 460 1159 495 τῆς
1178 460 1298 487 κιϐωτοῦ
1308 461 1364 487 ἀπὸ
1374 461 1512 496 δισχιλίων
1532 462 1653 497 πήχεων.

302 518 334 545 Ει
349 517 462 553 populus
476 516 596 544 constitit
614 525 627 543 e
643 515 749 550 regione
760 514 877 549 Iericho,
895 519 951 542 etc.
965 514 1035 551 [ΓΜ
1053 514 1087 542 Ut
1100 517 1203 545 bellum
1218 517 1281 545 urbi
1296 517 1321 545 ei
1337 525 1371 546 ac
1383 504 1496 547 lcivibus
1517 523 1664 555 antequam
1678 519 1828 549 Jordanem
1843 526 1899 548 tra-

262 563 406 598 iecissent,
421 561 586 589 indicerent.
603 560 693 594 Atque
707 560 776 587 adeo
789 563 920 593 tanquam
938 562 1012 586 terra
1025 561 1189 589 transirent.

299 607 419 642 Acceptis
434 615 448 634 e
461 605 559 641 populo
572 605 711 633 duodecim
726 605 802 637 viris,
814 611 868 632 etc.
879 604 940 639 μν,
957 604 997 640 4.]
1009 604 1057 632 Fi-

262 661 358 689 guram
385 652 498 680 instruit
526 650 671 679 duodecim
693 650 906 686 discipulorum.
921 651 969 686 qui
988 659 1056 679 sane

262 700 367 735 lapides
384 697 530 726 duodecim
549 701 626 729 sunt,
643 697 742 724 structi
769 703 854 731 super
869 696 952 724 unico
967 704 1054 732 angu-

261 746 325 777 lari,
341 745 442 773 eximio
455 751 487 771 ac
514 743 645 779 pretioso,
659 743 687 769 in
706 741 894 770 fundamentis
909 741 975 769 Sion
994 741 1054 769 eol-

262 792 364 819 loeato.
382 790 474 826 Ipsum
490 790 563 817 enim
578 789 717 816 Christum
731 795 786 815 uno
804 795 853 815 ore
867 787 1055 822 praedicarunt

260 845 367 868 omnes,
382 836 531 871 ipsumque
555 835 679 862 humeris
691 839 847 869 gestarum.
867 833 1055 862 Desumuntur

260 891 324 911 vero
339 890 353 909 a
370 881 488 910 statione
513 880 699 912 sacerdotum,
725 887 809 915 super
833 879 868 907 iis
884 879 958 907 enim
980 884 1054 907 stare

259 934 338 958 erant
360 930 445 961 soliti,
468 928 546 964 juxta
569 927 658 955 illud:
678 936 687 953 ι
703 927 880 954 Constituiin
908 934 992 962 super
1009 934 1056 961 pe-

1144 608 1332 643 Παραλαϐὼν
1342 608 1402 636 ἀπὸ
1420 609 1474 636 τοῦ
1488 608 1566 636 λαοῦ
1579 608 1694 636 δώδεκα
1713 609 1836 644 ἄνδρας.
1856 611 1900 644 Et;

1107 653 1194 681 τύπον
1217 654 1272 680 τῶν
1297 653 1332 690 ιβ’
1362 654 1510 690 μαθητῶν·
1534 656 1558 681 οἱ
1575 655 1602 681 δὲ
1623 656 1656 690 ιβ’
1671 655 1750 688 λίθοι,
1771 657 1818 683 τοῦ
1843 658 1900 689 sva;

1108 699 1310 735 ἀκρογωνιαίου
1324 700 1371 727 καὶ
1386 699 1517 727 ἐκλεκτυῦ
1530 701 1578 727 καὶ
1587 700 1700 736 ἐντίμου
1714 701 1762 728 τοῦ
1776 702 1899 735 τεθέντος

1107 745 1138 772 ὲν
1148 745 1188 780 τῷ
1202 745 1322 780 θεμελίῳ
1338 746 1388 781 τῆς
1401 745 1481 773 Σιών.
1495 746 1547 772 Τὸν
1558 746 1640 774 αὑτὸν
1653 747 1707 783 γὰρ
1719 748 1821 779 πάντες
1836 749 1899 783 Exi;-

1109 800 1207 828 ρυττον
1215 792 1334 828 Χριστὸν
1342 792 1391 819 καὶ
1402 792 1484 819 αὑτὸν
1497 792 1647 824 ἐϐάσταζον
1665 793 1709 819 ἐπ’
1721 793 1898 830 ὤμων.Λαμ-

1108 837 1236 865 ϐάνονται
1247 838 1277 864 δὲ
1289 838 1343 865 ἀπὸ
1359 839 1408 874 τῆς
1422 839 1543 870 στάσεως
1557 839 1613 865 τῶν
1622 839 1710 866 ποδῶν
1723 839 1780 866 τῶν
1791 841 1898 876 ἱερέων.

1109 882 1169 909 Ἐπ’
1177 882 1268 910 αὐτῶν
1279 882 1333 918 γὰρ
1343 880 1553 919 ἦσανξὲστῶτες,
1561 884 1631 911 κατὰ
1640 884 1681 916 τδ,
1693 895 1702 911 ι
1709 885 1849 921 Ἐστησας
1857 887 1901 912 ἐπὶ

1109 929 1213 964 πέτραν
1229 928 1293 960 τοὺς
1310 929 1395 961 πόδας
1409 938 1472 965 μου,
1491 938 1501 956 ι
1521 929 1622 957 Τοῦτον
1641 930 1767 965 βούλεται
1782 931 1900 959 τίθεσθαι

261 983 333 1004 tram
355 976 439 1011 pedes
455 982 531 1002 meos
543 974 577 1002 ".
594 984 603 1000 ι
620 973 704 1002 Istam
722 981 832 1008 quoque
854 973 881 1000 in
900 977 992 1000 castra
1009 980 1055 1000 sua

1110 975 1150 1006 είς
1166 975 1215 1007 τὰς
1229 976 1483 1012 στρατοπεδαρχίας
1494 977 1596 1008 αὐτῶν,
1610 977 1677 1004 ὅπου
1689 977 1722 1004 ἂν
1733 977 1902 1013 παρέϐαλλον

260 1023 322 1056 poni
344 1021 413 1053 vult,
428 1020 588 1054 ubicunque
601 1026 632 1047 ea
648 1019 824 1046 metabantur
837 1023 931 1050 noctu,
945 1026 1001 1053 quo
1023 1018 1058 1046 ab

271 1075 320 1102 pso
341 1066 451 1102 quidem
492 1065 622 1093 illustrati
643 1064 758 1092 dicant:
779 1073 788 1090 ι
805 1063 940 1097 Quoniam
963 1068 992 1091 tu
1012 1071 1059 1091 ac-

259 1112 354 1140 cendis
372 1112 513 1139 lucernam
536 1117 637 1144 meam,
656 1109 773 1138 Domine
783 1110 817 1137 “.
837 1118 846 1136 ι
866 1109 974 1137 Servati
993 1109 1058 1137 item

260 1158 399 1185 fateantur
414 1166 420 1184 :
435 1167 444 1183 ι
457 1157 508 1189 Τυ,
523 1155 649 1189 Domine,
664 1156 798 1191 refugium
811 1163 901 1184 meum
913 1163 943 1183 es
959 1156 985 1182 iu
1000 1163 1060 1183 om-

259 1204 342 1231 nibus
362 1202 556 1230 aﬂlictionibus
586 1210 648 1237 quae
681 1209 724 1230 me
759 1201 1023 1237 complectuntur“.
1046 1211 1057 1228 ι

258 1249 359 1284 inquit,
377 1247 500 1275 mirilicie
523 1247 696 1282 trajectionis
719 1246 801 1282 hujus
822 1246 908 1274 Porro
936 1250 1059 1281 oportet.

258 1298 437 1323 monumenta
458 1293 614 1328 relinquere
629 1293 716 1320 libris.

292 1341 346 1368 Alii
362 1347 429 1368 vero
447 1339 594 1367 duodecim
609 1339 687 1374 juxta
705 1339 794 1373 ipsum
820 1338 994 1366 transitionis
1014 1338 1052 1365 lo-

257 1394 320 1414 cum
333 1386 518 1418 collocantur,
529 1390 693 1420 argumento
712 1384 773 1412 fidei
788 1392 884 1412 eorum
901 1385 948 1420 qui
966 1390 1056 1412 trans-

258 1434 349 1460 ierunt
376 1431 530 1463 (inuitatis,
561 1431 639 1466 juxta
672 1431 834 1466 Apostolum
869 1431 916 1466 qui
944 1430 1057 1466 inquit:

260 1487 269 1504 ι
285 1477 384 1505 Omnia
399 1483 515 1512 possum
537 1476 565 1504 in
582 1484 626 1504 me
638 1477 821 1503 conlirmante
833 1475 944 1503 Christo
958 1477 991 1502 ⁸⁵.
1010 1484 1019 1502 ι

293 1523 451 1551 Sacerdotes
468 1531 530 1551 vero
544 1523 660 1555 ferentes
673 1531 767 1550 arcam
787 1523 813 1549 in
831 1522 917 1549 medio
929 1523 1057 1549 consiste-

257 1571 321 1598 bant
333 1569 465 1597 Iordane.
484 1569 555 1606 [10.]
573 1569 703 1597 Ostendit
723 1568 795 1604 quod
809 1567 857 1603 qui
883 1569 990 1600 volunt,
1012 1575 1057 1595 sa-

257 1617 398 1645 cerdotum
429 1623 514 1651 opera
547 1620 708 1646 transeunt,
734 1619 760 1642 et
779 1613 853 1649 quod
880 1618 945 1641 tunc
969 1620 1057 1641 sacrae
1069 1635 1090 1664 ο

257 1663 412 1699 disciplina:
430 1667 539 1698 tempus
560 1667 612 1689 est.
630 1660 836 1688 Denuutiarunt
852 1660 926 1688 enim
943 1661 1054 1695 populo,

258 1710 358 1745 inquit,
389 1709 464 1744 quod
495 1708 652 1736 transituro
675 1707 819 1734 alacritate
838 1714 909 1741 opus
933 1711 985 1733 est.
1011 1707 1057 1733 Ait

258 1756 351 1783 enim:
368 1764 377 1781 ι
390 1755 425 1782 Et
441 1754 584 1782 festinavit
599 1753 731 1788 populus,
746 1761 757 1778 ι
771 1751 853 1787 quale
864 1751 916 1778 hoc
929 1759 1055 1786 quoque:

261 1810 270 1827 ι
285 1800 318 1828 Ει
344 1807 461 1836 propere
488 1799 560 1827 edite
582 1799 685 1834 pascha
708 1799 742 1826 “.
761 1808 770 1824 ι
793 1798 959 1826 Exsecratus
982 1798 1055 1826 cium

258 1846 418 1881 quicunque
432 1852 504 1880 opus
521 1844 631 1872 Domini
653 1844 776 1879 segniter
794 1844 948 1879 peragit".

296 1891 331 1918 Et
349 1891 452 1925 lapides
466 1898 557 1917 coram
575 1890 624 1923 eis,
636 1895 688 1918 etc.
707 1889 777 1926 [lt]
792 1889 971 1921 Sacerdotes,
989 1889 1054 1916 reli-

258 1938 305 1972 qui
329 1936 510 1964 reddiderunt
537 1936 722 1970 interpretes,
741 1934 847 1969 lapides
867 1934 940 1961 enim
965 1933 1054 1961 sancti

258 1991 370 2019 quoque
398 1987 544 2010 vocantur.
564 1990 573 2007 ι
588 1981 707 2016 Lapides
724 1981 797 2008 enim
823 1979 925 2013 sancti,
953 1980 1052 2015 inquit,

259 2039 342 2065 super
360 2035 432 2057 terra
455 2029 616 2056 volutantur
635 2028 667 2055 ⁸⁸.
693 2037 702 2053 ι
730 2026 829 2054 Petrus
847 2027 911 2053 item
944 2026 1052 2061 inquit:

261 2077 337 2103 «Cen
363 2075 416 2102 vivi
435 2074 541 2109 lapides
572 2074 600 2100 in
625 2074 737 2100 domum
766 2072 937 2107 spiritualem
961 2072 1053 2099 coale-

258 2121 336 2151 suitc,
355 2121 382 2148 in
405 2119 604 2151 sacerdotium,
619 2124 650 2145 ut
666 2118 795 2145 victimas
812 2117 971 2152 spirituales
986 2117 1052 2145 oll‘e-

258 2166 327 2193 ratis
341 2165 373 2193 '5’.
388 2174 397 2190 ι
414 2163 496 2199 Lapis
507 2163 571 2190 item
590 2164 689 2190 unicus
709 2170 759 2197 per
774 2162 825 2189 hos
835 2161 985 2196 signiﬁcari
1003 2170 1052 2197 po-

257 2216 321 2244 test,
336 2211 382 2246 qui
415 2211 449 2238 ab
473 2209 633 2237 hominibus
658 2209 771 2244 quidem
800 2208 967 2243 reprobatus
997 2212 1050 2235 est.

257 2259 335 2292 Apud
352 2258 437 2284 Deum
453 2264 518 2284 vero
534 2257 652 2283 selectos
662 2259 703 2283 est
717 2262 748 2282 ac
759 2254 906 2290 pretiosus.
918 2254 956 2281 Ad
969 2253 1050 2289 cujus

257 2302 465 2330 similitudinem
479 2302 566 2329 sancti
580 2308 690 2336 quoque
706 2300 838 2327 dicuntur
853 2300 968 2334 lapides.

292 2382 479 2424 Quadraginta
496 2388 584 2415 millia
596 2389 630 2414 ad
648 2387 746 2414 bellum
761 2387 889 2422 expediti,
905 2390 958 2414 etc.
979 2385 1048 2422 [13.]

257 2436 455 2468 Quaternarius
474 2435 642 2471 conjunctus
655 2442 718 2461 cum
748 2435 864 2465 unitate.
877 2441 939 2460 cum
954 2438 1049 2461 cente-

256 2480 345 2510 nario,
368 2481 408 2506 vel
434 2480 516 2507 etiam
543 2479 677 2514 ampliore
704 2485 821 2505 numero
848 2478 914 2504 mali
944 2478 1047 2505 ominis

257 2533 390 2553 munerns
404 2527 431 2552 iu
446 2526 583 2560 scriptura
599 2529 651 2552 est.

292 2571 341 2598 Die
357 2570 405 2597 illa
420 2570 523 2597 clarum
537 2571 599 2605 fecit
618 2570 749 2597 Dominus
764 2568 890 2602 Josuam,
909 2572 963 2597 etc.
979 2568 1048 2605 [Μ]

257 2617 365 2645 Clarum
397 2617 462 2644 fecit
485 2617 633 2644 virtutibus
657 2623 718 2651 quas
744 2619 852 2643 aetatem
879 2615 1050 2650 spiritualem

256 2665 375 2692 rnaxime
389 2664 496 2693 decent.
515 2663 678 2691 Timuerunt
695 2670 758 2691 vero
774 2661 859 2688 lilium
875 2661 950 2688 Nave
974 2665 1048 2688 metu

1110 1020 1140 1047 ὲν
1159 1021 1256 1048 νυκτί⁸
1273 1022 1318 1048 ἴνα
1337 1022 1383 1048 ὑπ’
1400 1021 1484 1049 αὐτοῦ
1498 1023 1681 1057 φωτιζόμενοι
1702 1024 1764 1058 μὲν¹
1780 1024 1898 1058 λέγοιεν·

1113 1067 1193 1094 «Ὅτι
1209 1069 1241 1094 σὺ
1253 1069 1366 1102 φωτιεῖς
1381 1067 1479 1102 λύχνον
1493 1077 1556 1103 μου,
1570 1068 1671 1104 Κύριε·
1683 1078 1692 1094 ι
1705 1069 1901 1104 φυλαττόμενοι

1110 1112 1149 1145 δὲ,
1168 1121 1177 1138 ι
1201 1112 1237 1139 Σύ
1257 1121 1309 1147 μου
1329 1110 1355 1138 εἴ
1376 1112 1522 1148 καταφυγὴ
1544 1113 1598 1140 ἀπὸ
1613 1113 1731 1147 Θλίψεως
1752 1115 1804 1148 τῆς
1823 1121 1900 1148 περι-

1110 1160 1229 1195 εχούσης
1246 1168 1291 1194 με.
1305 1168 1314 1184 ι
1332 1160 1378 1185 Δεῖ
1393 1159 1432 1192 δὲ,
1450 1160 1529 1194 φασὶ,
1544 1160 1593 1186 καὶ
1610 1159 1659 1195 τῆς
1674 1159 1832 1195 παραδόξου
1844 1159 1900 1185 δια-

1110 1205 1219 1237 ϐάσεως
1233 1205 1384 1240 ὑπόμνημα
1402 1205 1564 1232 καταλιπεῖν
1581 1205 1680 1236 αὐτοὺς
1692 1206 1751 1237 τοῖς
1770 1206 1849 1237 υἱοῖς.

1148 1338 1241 1365 ’Ἄλλοι
1264 1338 1294 1365 δὲ
1317 1338 1437 1365 τίθενται
1456 1338 1489 1373 ιβ’
1515 1338 1591 1374 παρὰ
1618 1338 1667 1374 τὴν
1687 1339 1829 1371 διάϐασιν,
1853 1337 1900 1372 τὴν

1110 1384 1229 1420 στερράν
1242 1384 1334 1411 πίστιν
1344 1384 1398 1410 τῶν
1408 1384 1612 1419 διαϐεϐηκότων
1625 1385 1819 1419 σημαίνοντες,
1831 1385 1898 1410 κατὰ

1108 1429 1155 1456 τὸν
1176 1428 1352 1462 Ἀπὸστολον,
1370 1430 1486 1464 λέγοντα
1496 1438 1503 1444 ’
1523 1440 1532 1456 ι
1548 1430 1642 1457 Πάντα
1662 1430 1750 1466 ίσχύω
1766 1431 1796 1457 ὲν
1808 1430 1846 1465 τῷ
1859 1430 1900 1455 ἐν-

1108 1473 1272 1509 δυναμοῦντί
1291 1483 1325 1510 με
1343 1475 1463 1511 Χριστῷ.
1477 1484 1486 1501 ι

1145 1521 1349 1555 Ειστήκεισαν
1366 1522 1400 1549 δὲ
1423 1524 1450 1549 ol
1473 1522 1561 1556 Ιερεῖς
1578 1522 1605 1548 οι
1628 1521 1766 1556 αἴροντες
1780 1521 1838 1555 τὴν
1858 1530 1898 1548 κι-

1109 1566 1205 1593 ϐωτὸν
1218 1566 1272 1601 τῆς
1285 1567 1431 1601 διαθήκης
1442 1567 1478 1595 ἐν
1490 1565 1530 1601 τῷ
1544 1567 1686 1601 Ἰορδάνῃ.
1698 1568 1850 1597 Δείκνυσιν,
1863 1567 1897 1597 ὡς

1108 1612 1153 1639 διὰ
1167 1612 1222 1638 τῶν
1238 1613 1335 1648 ἱερέων
1358 1613 1543 1640 διαϐαίνουσιν
1558 1613 1583 1639 οἱ
1609 1612 1781 1648 βουλόμενοι,
1800 1613 1846 1638 καὶ
1864 1611 1899 1642 ὡς

1110 1659 1305 1695 μυσταγωγίας
1327 1659 1478 1694 τηνικαῦτα
1500 1659 1606 1694 καιρός.
1628 1657 1811 1693 Ἀνήγγειλαν
1835 1657 1897 1691 γὰρ,

1107 1705 1175 1739 φησὶ
1190 1703 1229 1739 τῷ
1242 1704 1313 1739 λαῷ·
1330 1704 1379 1731 καὶ
1393 1704 1431 1736 ὡς
1448 1704 1489 1730 δεῖ
1503 1703 1660 1739 προθυμίας
1669 1702 1709 1738 τῷ
1720 1702 1897 1729 διαϐαίνοντι·

1110 1749 1190 1785 φησὶ,
1205 1748 1270 1784 γὰρ,
1287 1758 1297 1774 ι
1311 1749 1367 1776 Καὶ
1394 1749 1528 1775 ἔσπευσεν
1555 1749 1569 1775 ὀ
1593 1747 1676 1780 λαός⁹
1696 1756 1705 1774 ι
1736 1748 1774 1780 ὼς
1794 1748 1839 1774 καὶ
1859 1747 1898 1777 τὺ.

1109 1805 1118 1822 ι
1132 1795 1210 1823 Μετὰ
1225 1795 1347 1829 σπουδῆς
1367 1795 1461 1822 ἔδεσθε
1477 1795 1509 1821 τὸ
1528 1794 1635 1829 Πάσχα.
1651 1803 1661 1820 ι
1684 1794 1899 1830 Ἐπικατάρατος

1106 1841 1160 1877 γὰρ
1174 1841 1187 1866 ό
1204 1841 1290 1868 ποιῶν
1300 1840 1331 1867 τὺ
1341 1840 1423 1876 ἔργον
1442 1840 1547 1876 Κυρίου
1563 1839 1685 1875 ἀμελῶς.

1140 1887 1195 1913 Καὶ
1231 1888 1259 1914 al
1282 1887 1362 1914 λίθοι
1401 1887 1547 1920 πρότερον
1587 1886 1763 1921 ἔμπροσθεν
1791 1884 1895 1913 αὐτῶν.

1111 1933 1204 1968 Ἰερεῖς
1229 1934 1255 1960 οῖ
1286 1932 1375 1960 λοιποὶ
1406 1933 1460 1960 τῶν
1492 1933 1722 1968 ἑρμηνευσάντων
1751 1931 1890 1965 ἐξέδωκαν.

1104 1979 1182 2006 Λίθοι
1205 1978 1260 2014 γὰρ
1290 1979 1339 2005 καὶ
1367 1979 1392 2005 οἱ
1418 1978 1491 2013 ἅγιοι
1519 1979 1657 2013 λέγονται.
1686 1988 1696 2004 ι
1717 1978 1797 2005 Λίθοι
1825 1978 1895 2012 γὰρ,

1105 2025 1203 2060 φησὶν,
1225 2025 1298 2058 ἅγιοι
1323 2024 1462 2051 κυλίονται
1487 2025 1533 2051 ἐπὶ
1559 2024 1609 2059 τῆς
1627 2025 1690 2059 γῆς.
1706 2033 1716 2049 ι
1740 2023 1796 2051 Καὶ
1810 2023 1824 2049 ὁ
1846 2023 1895 2049 Πέ-

1104 2080 1168 2106 τρος
1188 2071 1283 2106 φησὶν,
1301 2079 1313 2094 ι
1334 2070 1380 2102 Ὧς
1399 2070 1468 2096 λίθοι
1490 2069 1591 2102 ζῶντες
1608 2069 1833 2105 ὲποικοδομεῖσθε
1857 2069 1894 2099 εἰς

1103 2113 1180 2143 οἷκον
1207 2115 1413 2150 πνευματικὸν,
1453 2117 1494 2147 εῑς
1524 2115 1687 2150 ἱεράτευμα,
1713 2115 1765 2142 τοῦ
1789 2114 1894 2148 ἐνέγκαι

1104 2162 1295 2196 πνευματικὰς
1321 2161 1427 2193 θυσίας.
1445 2170 1457 2187 ι
1478 2161 1535 2188 Καὶ
1555 2162 1569 2188 ὁ
1585 2158 1626 2193 εἷς
1642 2161 1670 2188 δὲ
1691 2160 1767 2192 λίθος
1786 2160 1894 2186 δύναται

1103 2207 1148 2234 διὰ
1177 2207 1282 2233 τούτων
1314 2207 1499 2241 σημαίνεσθαι
1531 2208 1546 2233 ὁ
1583 2202 1816 2242 ἀποδοκιμασθεὶς
1848 2205 1894 2239 μὲν

1104 2253 1134 2286 ἐξ
1161 2252 1334 2287 ἀνθρώπων,
1361 2252 1437 2288 παρὰ
1470 2252 1499 2279 δὲ
1530 2252 1591 2288 Θεῷ
1618 2251 1759 2285 ἐκλεκτὸς,
1777 2251 1892 2284 ἔντιμος.

1065 2296 1140 2335 ι)Οῆ
1169 2298 1231 2325 καθ’
1259 2298 1417 2333 ὁμοιότητα,
1435 2299 1484 2324 καὶ
1519 2299 1543 2324 οἱ
1579 2299 1672 2332 ἆγιοι,
1704 2297 1776 2323 λίθοι
1801 2296 1891 2329 λέγον-

1103 2352 1159 2371 ται.

1142 2389 1383 2424 Τετρακισμύριοι
1408 2388 1529 2418 εὐζωνοι
1550 2390 1595 2422 εις
1617 2388 1720 2423 μάχην
1736 2388 1889 2422 διέϐησαν.

1103 2434 1276 2469 Σημειωτέον
1292 2434 1348 2469 (54)
1365 2434 1406 2460 ὅτι
1432 2435 1448 2468 ἠ
1473 2434 1582 2470 τετρὰς,
1598 2434 1653 2460 εἴτε
1678 2433 1812 2468 μονάδων,
1839 2433 1890 2459 εἴτε

1102 2480 1301 2511 ἑκατοντάδων,
1325 2480 1383 2506 είτε
1411 2479 1508 2515 ἐτέρου
1536 2479 1661 2511 πλείονος
1687 2478 1824 2514 ἀριθμοῦ,
1848 2477 1892 2504 ἐπὶ

1100 2524 1253 2556 κακώσεως
1267 2526 1368 2551 κεῖται.

1144 2570 1195 2597 Ἑν
1219 2570 1322 2605 ἐκείνῃ
1347 2570 1383 2604 τῇ
1421 2571 1517 2605 ἡμέρῃ
1546 2572 1665 2606 ηὔξησε
1701 2573 1809 2607 Κύριος
1839 2570 1890 2598 τὸν

1108 2615 1240 2649 Ἰησοῦν.
1258 2615 1368 2651 Ηΰξησε
1386 2616 1490 2652 Κύριος
1504 2617 1551 2644 τὸν
1572 2618 1677 2654 Ἰησοῦν
1691 2619 1741 2654 τὴν
1757 2619 1815 2646 κατ’
1829 2619 1891 2653 ἀρε.

1102 2660 1152 2695 τὴν
1164 2659 1278 2696 αὔξησιν
1289 2660 1340 2695 τὴν
1351 2660 1446 2696 ἡλικίᾳ
1458 2662 1618 2698 πρέπουσαν
1631 2665 1724 2699 νοητῇ
1734 2662 1892 2698 Ἐφοϐοὖντο

292 2753 313 2768 ⁸⁸
333 2752 404 2779 Psal.
421 2750 553 2782 xxxrx,‘2.
590 2750 612 2765 “
630 2748 702 2776 l’sal.
716 2756 783 2780 xvu,
797 2747 844 2775 28.
886 2747 908 2763 ⁸³
927 2746 998 2783 Psal.
1014 2745 1125 2777 xxxn7.
1160 2747 1182 2762 “"
1202 2725 1319 2781 Philipp.
1336 2755 1372 2781 tv,
1393 2747 1433 2775 l5.
1469 2748 1491 2764 θσ
1510 2748 1594 2777 Exod.
1621 2757 1669 2783 xu,
1689 2749 1714 2776 ll
1755 2749 1776 2764 θ’
1791 2748 1888 2775 Jerem.

255 2794 350 2819 varu,
369 2787 413 2814 10.
446 2786 468 2801 ⁸³
483 2785 600 2812 Zachar.
618 2791 656 2816 Ix,
673 2784 716 2811 16.
750 2784 771 2799 ⁶⁹
785 2783 793 2810 l
808 2783 880 2810 Petr.
894 2790 926 2813 ιι,
943 2781 968 2809 5.

1014 2839 1132 2867 ΝΟΤᾺΕ.

1014 2839 1084 2867 ΝΟΤ
1125 2860 1132 2867 .

291 2889 346 2925 (54)
362 2889 419 2917 lloc
430 2888 566 2917 scholium
589 2888 616 2915 in
629 2887 731 2916 Catena
754 2887 891 2924 Lipsiensi
914 2887 1025 2925 Origeni
1044 2839 1204 2915 asc/ibitur.
