2086 3160
251 175 318 209 1011

905 180 1083 211 PROCOPII
1106 179 1228 210 GAZAZI

1817 177 1886 212 1012

250 233 459 268 coniunxerint,
490 235 548 264 sive
563 241 672 272 tempus
699 236 876 272 prorogarint
898 240 1044 271 utrumque

1097 236 1183 270 ἐγγὺς
1196 234 1329 262 ἀδυνάτου
1348 233 1415 269 πρὸς
1431 233 1462 261 τδ
1474 232 1520 260 τοῦ
1533 233 1723 269 βαπτίσματος
1737 237 1888 270 μυστήριον

250 280 283 306 ad
303 280 430 316 baptismi
446 283 606 318 mysterium
625 292 676 311 nos
691 283 816 311 deducit.

287 324 465 354 Come-derunt
486 336 590 363 quoque
610 329 642 356 de
664 329 799 363 frumento
812 329 959 362 superioris
979 328 1044 354 anni

251 370 331 405 Imjus
349 377 437 406 Ierrw,
447 373 524 408 idque
538 375 667 408 postridie
690 375 988 408 Paschalis,placenlas
1002 375 1044 401 iu-

253 418 434 452 fermentatus,
450 425 474 446 et
488 421 576 454 spicas
589 425 740 453 novas,etc.
755 419 800 456 [V,
810 421 821 446 l
831 420 867 456 l.]
882 419 943 447 Post
959 427 1044 447 sacra:

250 465 323 491 enim
342 466 485 494 tinctionis
504 468 631 503 figuram,
657 468 781 503 mysticae
807 474 918 502 quoque
943 474 1044 494 mensa“.

252 511 376 538 exhiberi
392 517 452 539 erat
469 520 593 541 necesse.

286 557 326 584 Ae
355 558 590 592 quemadmodum
617 559 746 587 Christus
776 566 838 587 cum
860 558 961 594 pascha
986 558 1044 587 suis

251 610 314 630 cum
340 603 486 638 discipulis
503 606 681 639 comedisset,
711 606 777 642 legis
793 606 905 641 pascha,
924 612 994 632 nova
1011 612 1044 632 ac

251 650 389 684 spirituali
406 651 517 677 victima
535 651 679 678 exordium
695 652 854 687 aditumque
870 656 1043 686 capescente,

252 695 413 729 abrogavit;
435 695 471 722 ita
490 697 603 731 quando
620 697 746 724 subactis
762 697 868 732 alytnis
884 695 958 723 Nave
972 696 1045 723 filius

251 748 301 768 ceu
322 741 348 767 in
367 741 452 776 ﬁgura
477 744 580 777 pascha
603 743 718 778 agitavit
741 747 820 770 vetus
835 750 942 770 manna:
965 742 1045 770 cibus

251 792 315 815 ante
335 788 477 816 Paschalis
493 789 566 817 diem
585 794 728 823 postremo
744 794 842 824 captus
861 790 991 817 exolevit.

1097 282 1172 318 ἡμᾶς
1187 281 1383 315 ἐπανάγοντος.

1133 328 1187 356 Kal
1203 327 1316 362 ἔφαγον
1330 325 1390 353 ἀπὸ
1404 326 1458 353 τοῦ
1472 325 1561 353 σίτου
1584 326 1640 359 τῆς
1654 327 1712 360 γῆς
1729 327 1824 362 dctum
1840 329 1888 355 καὶ

1097 373 1162 402 νέα.
1173 373 1272 404 Καλῶς
1289 381 1320 407 γε
1339 374 1353 400 ὁ
1365 372 1460 404 τύπος,
1476 372 1545 408 μετὰ
1561 373 1610 408 τὴν
1620 374 1648 399 ἐν
1659 374 1769 410 Χριστῷ
1779 383 1887 410 περιτου

1099 421 1164 457 μὴν,
1179 421 1228 448 καὶ
1247 421 1297 456 τὴν
1313 420 1357 447 διὰ
1373 419 1421 447 τοῦ
1441 419 1520 454 ἁγίου
1537 419 1725 454 βαπτίσματος
1743 420 1887 455 λύτρωσιν,

1096 466 1146 502 τὴν
1161 466 1209 493 τοῦ
1230 467 1326 501 Πάσχα
1343 467 1411 501 ἡμῖν
1438 466 1592 499 εἰσηγεῖται
1616 465 1730 500 τροφὴν,
1757 467 1807 501 τὴν
1836 475 1887 501 μυ-

1097 513 1194 548 στικὴν
1207 512 1392 544 αἰνιττόμενος
1417 511 1554 545 εὐλογίαν.
1569 511 1606 537 Τὸ
1627 511 1681 547 γὰρ
1696 512 1792 546 Πάσχα
1809 513 1887 548 ἡμῶν

1096 559 1168 594 ὑπὲρ
1182 558 1260 594 ἡμῶν
1285 559 1369 594 ἐτύθη
1386 558 1516 594 Χριστός.

1135 605 1242 639 Ὥσπερ
1262 605 1276 631 ὁ
1301 605 1420 640 Χριστὸς
1444 604 1544 632 ἐσθίων
1556 606 1587 632 τὸ
1613 605 1708 640 Πάσχα
1729 605 1759 631 τὸ
1777 605 1887 640 νομικὸν

1099 652 1167 687 μετὰ
1185 651 1239 678 τῶν
1256 651 1398 686 μαθητῶν,
1415 652 1461 678 καὶ
1479 651 1580 687 μεταξὺ
1595 651 1650 687 (56)
1666 650 1714 677 τοῦ
1734 652 1817 686 ἄρτου
1837 651 1887 685 τῆς

1098 698 1273 733 εὐχαριστίας
1288 697 1336 724 καὶ
1350 697 1381 724 τὸ
1396 698 1529 732 ποτήριον
1547 698 1712 733 εὐλογήσας,
1726 698 1757 724 τὸ
1776 697 1888 733 νομικὸν

1097 745 1194 779 Πάσχα
1211 743 1395 776 κατέπαυσεν,
1411 744 1499 779 ἀρχὴν
1515 743 1562 770 καὶ
1589 744 1707 779 πάροδον
1723 744 1774 779 τῆς
1792 744 1888 778 καινῆς

1098 790 1145 817 καὶ
1157 790 1255 825 νοερᾶς
1274 789 1370 821 θυσίας
1386 789 1538 824 λαϐούσης⁴
1554 789 1626 816 οὕτω
1647 789 1695 817 καὶ
1715 790 1730 816 ὁ
1748 789 1795 816 τοῦ
1810 789 1886 824 Ναυῆ

251 835 316 865 πατς
328 833 366 864 ὡς
381 835 410 861 ἐν
425 835 505 869 τύπῳ
520 835 603 870 ἡνίκα
615 836 672 867 τοῖς
687 837 719 862 ὲκ
733 835 780 862 τοῦ
797 836 858 862 νέου
869 835 944 862 σίτου
959 834 1120 870 φυραθείσιν
1132 834 1249 870 ἀζύμοις
1264 835 1399 870 πεποίηκε
1416 834 1445 861 τὸ
1459 834 1567 870 Πάσχα,
1583 835 1600 870 ἡ
1617 834 1720 862 παλαιὰ
1733 834 1845 870 βρῶσις,
1857 835 1888 862 τὸ

252 879 349 914 μάννα,
364 880 535 916 ὑπεχώρησε,
547 882 591 909 καὶ
600 883 629 908 ὲν
641 882 732 917 ἐκείνῃ
745 883 778 917 τῇ
787 881 879 917 ἡμέρᾳ
889 881 1023 913 ἐξέλιπεν.

292 925 365 952 Vidit
380 934 537 960 comparare
557 928 608 954 sibi
623 928 753 955 hominem
770 927 847 960 cujus
861 926 967 962 gladius
987 925 1044 953 dis-

1129 924 1219 954 Εἷὸεν
1244 926 1402 961 ἄνθρωπον
1436 926 1587 961 ἑστηκότα
1608 926 1749 954 ἐναντίον
1772 927 1885 955 αὑτοῦ.

252 971 345 998 [rictus
380 977 449 1004 erat,
471 978 525 1000 etc.
553 973 624 1009 [13.]
648 973 713 1008 Post
740 973 819 1000 fidem
848 973 875 1000 in
904 972 1043 1000 Christum

252 1021 415 1052 conceptam
432 1022 572 1046 certamen
596 1027 658 1046 cum
686 1019 811 1046 hostibus
838 1018 973 1053 reliquum
990 1022 1043 1050 est,

251 1065 383 1097 quocirca
401 1065 486 1092 armis
506 1065 700 1100 spiritualibus
727 1065 893 1093 instructum
917 1071 989 1096 esse,
1003 1063 1044 1090 di—

252 1109 379 1142 vinisque
395 1109 628 1143 prornissionibus
642 1109 757 1136 firmiter
769 1109 849 1136 inuiti
866 1113 908 1136 est
919 1115 1042 1135 necesse.

251 1155 286 1181 At
297 1154 439 1188 probabile
455 1159 515 1182 erat
531 1154 614 1183 Josue
632 1155 770 1182 hominem
786 1162 848 1182 esse
865 1153 1045 1188 hostibusque

254 1199 426 1235 nndequavis
442 1201 574 1232 stipatum
593 1205 665 1228 metu
687 1200 858 1228 labefactari.
873 1199 1045 1234 Quapropter

252 1246 289 1273 illi
307 1245 412 1273 indicat
433 1245 508 1274 Deus
538 1253 569 1274 se
589 1246 723 1274 invisibili
747 1253 797 1273 sua
821 1246 945 1281 potentia
973 1245 1041 1280 ipsis

251 1299 439 1328 propugnare,
457 1292 552 1320 habitu
579 1292 652 1320 enim
678 1292 764 1320 armis
785 1292 912 1320 instructi
931 1297 1043 1325 compa-

253 1339 317 1367 ruit.

286 1387 325 1413 tta
363 1386 430 1414 Mosi
456 1393 570 1421 quoque
598 1385 630 1413 ad
657 1385 829 1412 Pharaonem
866 1385 1044 1413 descendenti

252 1431 324 1460 visio
338 1432 560 1459 confirmationis
575 1439 660 1459 causa
679 1435 723 1459 est
740 1431 858 1466 objecta.
874 1430 913 1457 Ita
940 1430 1045 1458 Jacobo

1096 972 1145 999 καὶ
1169 972 1188 1006 ἡ
1207 973 1342 1007 ῥομφαία
1363 972 1543 1007 ἑσπασμένη
1567 973 1603 999 ἐν
1625 971 1662 1007 τῇ
1681 973 1757 1008 χειρί
1781 973 1886 1000 αὑτοῦ.

1096 1017 1174 1045 Μετὰ
1199 1017 1248 1053 τὴν
1266 1019 1306 1050 είς
1335 1018 1454 1053 Χριστὸν
1478 1017 1571 1044 πίστιν
1591 1017 1686 1045 λοιπὸν
1708 1018 1723 1044 ὁ
1739 1018 1807 1053 πρὸς
1823 1019 1887 1050 τοὺς

1096 1063 1244 1099 πολεμίους
1259 1064 1333 1091 ἐστὶν
1356 1063 1431 1098 ἁγὼν
1445 1064 1502 1094 τοῖς
1531 1063 1771 1099 καθωπλισμένας
1793 1064 1886 1096 ὅπλοις

1096 1109 1355 1146 πνευματικοῖς,καὶ
1364 1111 1424 1142 ταῖς
1436 1110 1483 1136 τοῦ
1497 1109 1565 1136 Θεοῦ
1589 1109 1788 1145 τεθαρῤηκόσιν
1802 1111 1888 1144 ἐπαγ-

1095 1155 1211 1190 γελίαις.
1233 1155 1302 1182 Ἀλλ’
1319 1156 1394 1187 εἰκὸς
1411 1153 1446 1190 ἦν
1458 1154 1601 1191 ἄνθρωπον
1624 1155 1689 1181 ὅντα
1702 1155 1747 1181 τὸν
1773 1155 1886 1190 Ἰησοῦν,

1095 1201 1144 1228 καὶ
1158 1201 1329 1236 πανταχόθεν
1349 1200 1491 1236 πολεμίοις
1516 1200 1727 1236 κεκυκλωμένον
1749 1200 1818 1236 πρὸς
1833 1201 1888 1227 δει.

1096 1248 1157 1276 λίαν
1175 1248 1303 1275 ὀκλάσαι.
1317 1247 1469 1282 Τοιγαροῦν
1486 1247 1622 1274 δείκνυσιν
1649 1246 1724 1282 αὐτῷ
1751 1246 1828 1278 θεὸς,
1848 1247 1886 1278 ὡς

1096 1295 1212 1331 ἀόρατος
1246 1294 1337 1321 αὐτῶν
1364 1294 1572 1329 ὑπερμαχήσειε
1600 1292 1727 1328 δύναμις.
1757 1292 1884 1319 Ὀπλίτου

1095 1341 1150 1377 γὰρ
1163 1340 1211 1368 καὶ
1227 1341 1275 1367 τοῦ
1291 1340 1424 1375 φανέντος
1437 1339 1467 1366 τὸ
1480 1339 1585 1374 σχῆμα.

1131 1387 1211 1414 Οὕτω
1245 1386 1295 1413 καὶ
1326 1386 1442 1413 Μωῦσεῖ
1466 1385 1535 1420 πρὸς
1564 1383 1665 1420 Φαραὼ
1696 1384 1886 1411 καταϐαίνοντι

1095 1433 1215 1460 ὀπτασία
1238 1432 1307 1467 πρὸς
1326 1431 1428 1466 θάρσος
1452 1431 1596 1465 ἐφαίνετο·
1619 1430 1692 1457 οὕτω
1715 1430 1762 1457 καὶ
1790 1429 1887 1456 Ἰακὼὸ

252 1486 315 1504 cum
335 1477 406 1505 Esau
428 1477 633 1505 reformidaret.
651 1476 690 1504 lta
703 1485 816 1512 quoque
830 1477 940 1504 servulo
955 1476 1043 1504 ΕΗεωί

1097 1479 1143 1506 ἐπὶ
1154 1478 1201 1506 τοῦ
1221 1477 1307 1506 Ἡσαῦ
1318 1485 1325 1492 '
1337 1478 1409 1505 οὕτω
1423 1477 1471 1504 καὶ
1485 1477 1526 1512 τῷ
1537 1476 1674 1511 παιδαρίῳ
1690 1476 1737 1503 τοῦ
1752 1475 1887 1502 Ἐλισσαιι

252 1524 400 1551 multitudo
425 1531 558 1552 curruum
585 1528 628 1552 est
656 1529 778 1552 ostensa.
805 1523 940 1551 Caeterum
959 1522 1044 1550 Josue

251 1571 353 1599 dubius
368 1571 496 1606 quamvis
513 1571 538 1599 ei
563 1570 642 1598 fidem
665 1570 774 1598 tribuit.
799 1569 858 1597 Non
884 1570 956 1598 enim
980 1577 1044 1604 spe-

251 1623 340 1646 etrum
356 1617 441 1654 £86
465 1617 516 1644 fuit
533 1617 587 1645 tale
610 1617 711 1651 quibus
736 1617 931 1644 dementantnr
958 1615 1042 1643 oculi.

253 1664 395 1692 Fiduciam
419 1671 482 1691 vero
504 1663 538 1690 de
563 1671 596 1690 eo
624 1667 755 1697 tanquam
781 1662 815 1689 de
833 1662 974 1693 familiari,
999 1662 1044 1696 qui

252 1711 335 1738 modo
365 1710 516 1737 advenerat
535 1709 681 1744 concepit,
712 1708 814 1742 alioqui
837 1708 915 1735 .euim
944 1715 1044 1734 nomen

253 1757 361 1784 Domini
375 1764 430 1783 non
444 1763 581 1792 usurpare
593 1763 725 1783 ausurum
741 1753 961 1790 cogitavit.Cum
974 1754 1045 1783 alius

252 1804 390 1838 quispiam
421 1803 506 1835 dicat,
529 1803 668 1830 daemones
694 1801 762 1829 fumi
781 1802 868 1829 instar
885 1801 1044 1837 diffugiunt.

253 1850 431 1884 Quapropter
448 1848 493 1876 Dei
510 1856 620 1884 quoque
642 1847 755 1876 nomine
776 1847 965 1876 inclinationis
995 1848 1045 1875 ho-

253 1903 349 1923 norem
362 1895 472 1922 dctulit.
488 1894 548 1922 Non
564 1895 637 1922 enim
654 1898 812 1921 creaturam
827 1894 915 1921 sancti
938 1894 1044 1922 colunt.

252 1942 343 1975 Quare
365 1949 416 1970 nec
438 1947 548 1977 spectro
562 1942 613 1973 vel.
639 1940 765 1974 Domine,
781 1941 823 1968 vcl
846 1949 855 1967 ι
869 1940 941 1974 Quid
961 1942 1046 1976 impe-

253 1996 299 2016 ras
316 1988 418 2016 famulo
434 1992 492 2020 tuo,
514 1998 522 2014 ι
542 1987 622 2015 dixit.

288 2033 430 2069 Tanquam
448 2037 591 2069 promptus
603 2041 668 2061 vero
681 2034 714 2061 ad
732 2033 876 2069 imperium
897 2041 1047 2068 capessen-

253 2081 316 2108 dum
332 2081 389 2108 haec
407 2081 490 2108 verba
502 2081 616 2115 protulit
641 2080 719 2115 juxta
738 2080 812 2114 ,illud
830 2089 838 2107 :
854 2088 863 2105 ι
885 2079 1045 2115 Promptum

252 2129 296 2153 est
308 2132 356 2152 cor
371 2132 474 2156 meum.
487 2133 503 2152 0
516 2125 589 2153 Deus
604 2125 637 2154 ".
652 2135 661 2151 ι
675 2125 733 2154 Hoc
751 2126 826 2154 enim
840 2126 980 2160 ingenium
999 2126 1045 2154 Dei

253 2171 444 2198 ministrorum
463 2175 516 2198 est.

1100 1524 1202 1558 πλῆθος
1227 1523 1377 1558 ἁρμάτων·
1406 1522 1473 1557 πρὸς
1501 1522 1535 1558 ἢν
1565 1521 1669 1557 Ἰησοῦς
1696 1521 1887 1556 ἁμφιῦάλλων,

1099 1569 1275 1601 πυνθάνεται,
1295 1569 1333 1604 μὴ
1359 1568 1414 1595 τῶν
1439 1567 1472 1594 δι’
1490 1567 1615 1599 ἐναντίας
1643 1567 1844 1602 φενακιζόντων
1871 1567 1888 1602 η

1098 1617 1158 1644 θέα.
1180 1615 1334 1651 Ἐοάρῤησε
1352 1615 1392 1646 δὲ,
1404 1614 1442 1646 ὡς
1474 1615 1539 1646 ἴδιος
1556 1615 1570 1641 ὁ
1599 1614 1704 1648 φανείς.
1731 1614 1770 1640 υὺ
1789 1613 1844 1648 γὰρ
1856 1613 1889 1640 ἂν

1098 1662 1217 1697 τοῦνομα
1234 1660 1336 1696 Κυρίου
1353 1661 1450 1697 φέρειν
1468 1660 1618 1696 ἐτόλμησεν
1633 1660 1679 1686 ἐπὶ
1694 1660 1835 1694 στόματος.
1855 1660 1888 1686 ⁸0

1099 1709 1146 1735 καὶ
1161 1708 1241 1735 ἄλλου
1267 1707 1403 1742 λέγοντος,
1431 1707 1456 1734 ot
1471 1707 1600 1741 δαίμονες
1623 1706 1690 1733 ὡσεὶ
1708 1706 1809 1737 καπνὸς
1831 1706 1890 1732 δια-

1098 1754 1220 1782 λύονται.
1241 1753 1286 1781 Διὺ
1311 1754 1359 1781 καὶ
1380 1753 1419 1789 τῷ
1439 1753 1553 1789 ὀνόματι
1568 1751 1615 1780 τοῦ
1642 1751 1709 1779 Θεοῦ
1731 1752 1888 1787 προσήγαγε

1099 1801 1148 1837 τὴν
1164 1801 1364 1837 προσκύνησιν.
1379 1801 1417 1827 Ub
1431 1800 1486 1836 γὰρ
1501 1801 1533 1836 τῇ
1549 1800 1639 1826 κτίσει
1665 1799 1842 1835 λατρεύουσιν
1863 1800 1889 1825 ot

1099 1849 1182 1883 ἅγιοι.
1195 1847 1234 1874 Οὐ
1250 1848 1319 1882 πρὸς
1335 1846 1365 1874 τὸ
1381 1846 1465 1881 φανὲν
1479 1844 1537 1879 οὖν,
1554 1846 1614 1872 οὐδὲ
1626 1845 1667 1878 τὺ,
1678 1846 1813 1879 Δέσποτα,
1829 1845 1890 1871 οὐδὲ

1099 1895 1140 1928 τὸ,
1164 1904 1173 1920 ι
1185 1894 1217 1921 Τί
1235 1893 1418 1930 προστάσσεις
1430 1894 1470 1930 τῷ
1483 1893 1578 1930 οἰκέτῃ
1589 1901 1636 1920 σου
1649 1900 1657 1925 ;
1670 1902 1679 1918 ι

1136 2041 1142 2048 ¹
1157 2039 1286 2074 Ἕτοιμός
1312 2039 1371 2074 είμι
1395 2038 1555 2074 πειθαρχεῖν
1569 2037 1609 2074 τῷ
1637 2037 1764 2074 ὑμετέρῳ
1802 2045 1889 2072 προσ-

1100 2084 1232 2119 τάγματι.
1251 2083 1328 2111 Οὖτω
1345 2083 1608 2120 παρασκευάζεσθαι
1623 2083 1663 2110 δεῖ
1679 2083 1742 2115 τοὺς
1765 2083 1890 2117 λειτουρ-

1100 2129 1215 2162 γοῦντας
1230 2129 1299 2164 Θεῷ,
1315 2130 1361 2156 καὶ
1374 2129 1465 2164 λέγειν
1485 2130 1554 2164 μετὰ
1573 2129 1621 2156 τοῦ
1637 2128 1783 2156 θεσπεσίου
1795 2128 1888 2161 Δαΰὶδ,

1060 2172 1082 2199 1)
1100 2185 1110 2200 r
1121 2176 1233 2211 Ἐτοίμη
1242 2177 1258 2210 ἡ
1268 2176 1365 2212 καρδία
1378 2184 1440 2211 μου,
1449 2176 1462 2202 ὁ
1471 2175 1547 2207 Θεὸς,
1557 2174 1654 2210 ἑτοίμη
1664 2175 1681 2210 ἡ
1694 2174 1795 2210 καρδία
1804 2182 1865 2209 μου.
1877 2187 1886 2203 ι

289 2238 384 2275 Itaque
397 2247 451 2267 non
467 2247 661 2276 quamcunque
678 2241 919 2277 disceptationem,
937 2242 1098 2278 priusquam
1115 2244 1188 2271 unde
1204 2244 1325 2279 profecta
1344 2243 1381 2271 sit
1397 2242 1623 2279 cognoverimus,
1639 2242 1816 2277 recipiemus.

289 2295 474 2324 Securitatem
501 2296 646 2332 pollicetur
677 2296 782 2331 Josue,
811 2297 1044 2332 quemadmodum

253 2341 334 2375 Mosi,
359 2342 504 2376 discipulis
534 2343 599 2370 item
629 2343 672 2370 his
693 2343 784 2371 verbis
801 2352 807 2370 :
826 2353 835 2369 ι
861 2343 900 2371 Ne
923 2348 1047 2371 assumat

253 2389 369 2423 virgam,
387 2395 438 2416 nec
463 2392 580 2422 petram,
607 2396 658 2417 nec
682 2389 790 2416 calceos
815 2389 838 2405 ⁸⁰
862 2399 871 2415 ι
895 2389 946 2416 Dat
969 2391 1045 2417 enim

254 2435 294 2462 eis
307 2438 471 2470 potestatem
494 2434 620 2462 calcandi
647 2442 730 2470 super
756 2442 900 2470 serpentes
923 2440 951 2463 et
968 2443 1046 2463 scor-

253 2480 348 2516 piones
365 2480 398 2507 3‘.

290 2524 368 2552 Solve
398 2525 607 2553 calceamentum
635 2530 726 2557 tuum,
755 2529 808 2554 etc.
835 2525 904 2563 [Κλ]
929 2526 1046 2559 Quidam

255 2579 318 2599 vero
349 2571 416 2598 illud
450 2581 457 2598 :
491 2582 500 2598 ι
533 2571 615 2600 Solve
653 2573 869 2600 calceamentum
907 2577 1006 2606 tuum,
1034 2583 1044 2599 ι

254 2626 334 2646 move
367 2618 462 2654 pedem
486 2623 563 2646 tuum
592 2623 691 2646 eontra
726 2620 819 2647 hostes
849 2624 910 2647 tuos
941 2619 1047 2654 signifi-

254 2672 319 2692 care
338 2669 478 2692 asserunt.
503 2665 589 2698 Quale
601 2665 668 2692 illud
688 2669 770 2693 estu
789 2665 878 2701 Super
901 2665 1045 2694 lduuueam

254 2711 397 2738 extendam
411 2711 521 2738 calceos
533 2718 609 2738 meos
621 2710 656 2743 ⁸¹,
669 2719 678 2736 ι
704 2710 755 2738 hoc
770 2714 824 2743 est,
847 2720 855 2736 ι
871 2710 964 2745 Ipsum
976 2719 1043 2738 con-

291 2803 312 2816 ⁷⁹
325 2801 397 2829 Psal.
412 2808 477 2834 cvn,
496 2801 522 2829 Ι,
576 2801 599 2816 ⁸ο
614 2800 710 2828 Matth.
726 2808 751 2832 κ,
766 2801 809 2828 lt).

1134 2304 1142 2312 ‘
1156 2301 1261 2336 Θάρσος
1275 2300 1414 2336 δίδωσιτῷ
1430 2300 1529 2335 Ἰησοῦ,
1555 2299 1652 2335 ὥσπερ
1663 2299 1710 2326 καὶ
1719 2299 1758 2334 τῷ
1773 2299 1887 2332 Μωῦσῇ·

1098 2345 1145 2372 καὶ
1166 2347 1224 2377 τοῖς
1241 2345 1376 2381 μαθηταῖς
1391 2345 1420 2372 δὲ
1435 2346 1449 2372 ὁ
1465 2345 1576 2380 Κύριος.
1595 2344 1693 2378 λέγων,
1714 2353 1723 2370 ι
1740 2343 1786 2379 Μὴ
1801 2343 1891 2378 αἴρειν

1099 2391 1208 2426 ῥάϐδον,
1226 2391 1296 2426 μηδὲ
1316 2391 1421 2427 πήραν,
1446 2390 1514 2426 μηδὲ
1545 2390 1725 2426 ὑποδήματαθ
1742 2400 1751 2416 ι
1769 2390 1830 2420 δοὺς
1843 2389 1892 2416 αὑ-

1097 2439 1154 2469 τοῖς
1171 2437 1297 2470 ἐξουσίαν
1320 2438 1417 2464 πατεῖν
1446 2437 1539 2464 ὲπάνω
1565 2436 1655 2472 ὄφεων
1676 2437 1724 2462 καὶ
1740 2436 1890 2471 σκορπίων.

1101 2483 1185 2510 Οὐδὲν
1198 2482 1254 2518 γὰρ
1268 2483 1351 2519 ὑμᾶς,
1371 2483 1466 2519 φησὶν.
1481 2483 1667 2518 ἀδικήσουσιν.

1135 2529 1239 2556 Λῦσον
1250 2530 1283 2556 τὸ
1291 2529 1520 2563 ὐπόδημα.Τινὲς
1529 2529 1585 2561 τὺ,«
1597 2529 1684 2555 Λύσαι
1696 2528 1872 2563 τὺζὺπόδημα,
1879 2537 1889 2553 ι

1100 2574 1140 2608 τὸ,
1150 2575 1268 2610 Κίνησον
1280 2575 1326 2601 τὸν
1341 2575 1408 2601 πόδα
1426 2583 1472 2602 σου
1486 2574 1558 2601 κατὰ
1572 2574 1626 2601 τῶν
1641 2573 1757 2609 ἐχθρῶν,
1773 2573 1893 2608 δηλῶσαί

1101 2629 1193 2655 φασιν.
1215 2620 1321 2648 Ὀποῖόν
1335 2621 1394 2647 ἐστι
1415 2619 1456 2653 τδ,
1487 2630 1496 2646 ε
1519 2620 1581 2647 Ἐπὶ
1602 2619 1650 2656 τὴν
1673 2619 1826 2654 Ἰδουμαίαν
1848 2619 1893 2645 ὲκ-

1099 2667 1168 2695 τενῶ
1196 2667 1226 2694 τὸ
1250 2667 1440 2703 ὕπόδημάμου,
1469 2667 1516 2693 ἐπὶ
1546 2667 1628 2702 [ἁντὶ,
1654 2665 1797 2702 ὀρθότερ.]
1825 2665 1892 2696 τοῦ,

1098 2713 1258 2740 καταπατῶ.
1279 2713 1349 2741 ’Δὶ-λ’
1362 2715 1378 2750 ὴ
1393 2714 1467 2742 αἰτία
1482 2713 1596 2747 κωλύει,
1611 2712 1728 2748 λέγουσι
1738 2721 1745 2728 ·
1763 2721 1773 2738 ι
1795 2712 1824 2740 '0
1839 2711 1894 2747 γὰρ

855 2801 878 2816 εί
895 2800 962 2829 Luc.
977 2809 1002 2832 κ,
1026 2802 1068 2828 l9.
1107 2802 1129 2816 “
1142 2801 1213 2830 [‘sai.
1226 2809 1279 2834 le,
1298 2803 1324 2830 8.

1001 2860 1114 2888 NOTAE.

292 2904 349 2940 ('56)
368 2904 420 2932 ’Ίσ-
434 2904 586 2940 diva-rvunt.
602 2905 683 2939 οὕτω,
698 2905 799 2941 μεταξὺ
815 2907 859 2933 τὸν
874 2907 965 2942 ἄρτον·
