  <div class='ocr_page' id='page_1' title='image "/cluster/home/n/w/nwhite01/storage/ocr_20150623/87, pt.1/njp.32101013202641/514.png"; bbox 0 0 2086 3160; ppageno 0'>
   <div class='ocr_carea' id='block_1_1' title="bbox 209 151 1017 190">
    <p class='ocr_par' dir='ltr' id='par_1_1' title="bbox 209 154 1013 190">
     <span class='ocr_line' id='line_1_1' title="bbox 209 154 1013 190; baseline 0.001 -3"><span class='ocrx_word' id='word_1_1' title='bbox 209 154 276 187; x_wconf 75' lang='grc'><strong>1013</strong></span> <span class='ocrx_word' id='word_1_2' title='bbox 775 158 1013 190; x_wconf 78' lang='lat' dir='ltr'><strong>COMMENTAR</strong></span> 
     </span>
    </p>
   </div>
   <div class='ocr_carea' id='block_1_2' title="bbox 1068 151 1849 190">
    <p class='ocr_par' dir='ltr' id='par_1_2' title="bbox 1068 151 1849 188">
     <span class='ocr_line' id='line_1_2' title="bbox 1068 151 1849 188; baseline -0.005 -1"><span class='ocrx_word' id='word_1_3' title='bbox 1068 156 1107 187; x_wconf 88' lang='grc' dir='ltr'><strong>[Ν</strong></span> <span class='ocrx_word' id='word_1_4' title='bbox 1122 156 1251 188; x_wconf 82' lang='lat' dir='ltr'><strong>JOSUE.</strong></span> <span class='ocrx_word' id='word_1_5' title='bbox 1779 151 1849 184; x_wconf 73' lang='grc'><strong>1014</strong></span> 
     </span>
    </p>
   </div>
   <div class='ocr_carea' id='block_1_3' title="bbox 208 210 1017 250">
    <p class='ocr_par' dir='ltr' id='par_1_3' title="bbox 208 210 1004 250">
     <span class='ocr_line' id='line_1_3' title="bbox 208 210 1004 250; baseline 0.003 -10"><span class='ocrx_word' id='word_1_6' title='bbox 208 215 247 240; x_wconf 55' lang='grc' dir='ltr'><strong>τόη</strong></span> <span class='ocrx_word' id='word_1_7' title='bbox 261 223 300 246; x_wconf 75' lang='grc' dir='ltr'><strong>ος,</strong></span> <span class='ocrx_word' id='word_1_8' title='bbox 315 215 343 240; x_wconf 83' lang='grc' dir='ltr'><strong>ἐν</strong></span> <span class='ocrx_word' id='word_1_9' title='bbox 402 219 433 241; x_wconf 75' lang='grc' dir='ltr'>σὺ</span> <span class='ocrx_word' id='word_1_10' title='bbox 449 214 584 250; x_wconf 72' lang='grc' dir='ltr'>ἕστηκας,</span> <span class='ocrx_word' id='word_1_11' title='bbox 604 215 681 250; x_wconf 77' lang='grc' dir='ltr'>ἆγιός</span> <span class='ocrx_word' id='word_1_12' title='bbox 712 217 780 244; x_wconf 80' lang='grc' dir='ltr'>ἐστι.</span> <span class='ocrx_word' id='word_1_13' title='bbox 800 227 809 242; x_wconf 74' lang='grc' dir='ltr'><strong>ι</strong></span> <span class='ocrx_word' id='word_1_14' title='bbox 833 217 900 244; x_wconf 82' lang='grc' dir='ltr'><strong>Θεοῦ</strong></span> <span class='ocrx_word' id='word_1_15' title='bbox 916 217 1004 244; x_wconf 79' lang='grc' dir='ltr'>τοίνυν</span> 
     </span>
    </p>
   </div>
   <div class='ocr_carea' id='block_1_4' title="bbox 1068 210 1848 250">
    <p class='ocr_par' dir='ltr' id='par_1_4' title="bbox 1068 211 1848 248">
     <span class='ocr_line' id='line_1_4' title="bbox 1068 211 1848 248; baseline -0.006 -5"><span class='ocrx_word' id='word_1_16' title='bbox 1068 215 1183 243; x_wconf 84' lang='lat' dir='ltr'><strong>:uicabo.</strong></span> <span class='ocrx_word' id='word_1_17' title='bbox 1202 225 1211 240; x_wconf 74' lang='grc' dir='ltr'><strong>ι</strong></span> <span class='ocrx_word' id='word_1_18' title='bbox 1234 215 1335 243; x_wconf 79' lang='lat' dir='ltr'><strong>Verum</strong></span> <span class='ocrx_word' id='word_1_19' title='bbox 1361 221 1446 241; x_wconf 83' lang='lat' dir='ltr'><strong>causa</strong></span> <span class='ocrx_word' id='word_1_20' title='bbox 1474 219 1556 248; x_wconf 86' lang='lat' dir='ltr'><strong>quam</strong></span> <span class='ocrx_word' id='word_1_21' title='bbox 1589 211 1668 246; x_wconf 92' lang='lat' dir='ltr'><strong>dicit,</strong></span> <span class='ocrx_word' id='word_1_22' title='bbox 1691 212 1717 238; x_wconf 90' lang='lat' dir='ltr'><strong>id</strong></span> <span class='ocrx_word' id='word_1_23' title='bbox 1734 215 1848 239; x_wconf 71' lang='lat' dir='ltr'><strong>credere</strong></span> 
     </span>
    </p>
   </div>
   <div class='ocr_carea' id='block_1_5' title="bbox 209 260 1017 301">
    <p class='ocr_par' dir='ltr' id='par_1_5' title="bbox 209 260 1002 299">
     <span class='ocr_line' id='line_1_5' title="bbox 209 260 1002 299; baseline 0.008 -14"><span class='ocrx_word' id='word_1_24' title='bbox 209 260 402 295; x_wconf 68' lang='grc' dir='ltr'><strong>ἐνεργοῦντος,</strong></span> <span class='ocrx_word' id='word_1_25' title='bbox 431 260 611 289; x_wconf 79' lang='grc' dir='ltr'>ὑπολελύσθαι</span> <span class='ocrx_word' id='word_1_26' title='bbox 642 263 775 299; x_wconf 78' lang='grc' dir='ltr'>προσήκει</span> <span class='ocrx_word' id='word_1_27' title='bbox 800 264 849 291; x_wconf 76' lang='grc' dir='ltr'><strong>τὸν</strong></span> <span class='ocrx_word' id='word_1_28' title='bbox 873 264 935 299; x_wconf 77' lang='grc' dir='ltr'>ὅφιν</span> <span class='ocrx_word' id='word_1_29' title='bbox 956 265 1002 291; x_wconf 78' lang='grc' dir='ltr'>τὸν</span> 
     </span>
    </p>
   </div>
   <div class='ocr_carea' id='block_1_6' title="bbox 1068 260 1845 301">
    <p class='ocr_par' dir='ltr' id='par_1_6' title="bbox 1068 261 1845 301">
     <span class='ocr_line' id='line_1_6' title="bbox 1068 261 1845 301; baseline -0.006 -12"><span class='ocrx_word' id='word_1_30' title='bbox 1068 263 1184 290; x_wconf 83' lang='lat' dir='ltr'><strong>n-ohibet</strong></span> <span class='ocrx_word' id='word_1_31' title='bbox 1203 272 1208 289; x_wconf 93' lang='lat'>:</span> <span class='ocrx_word' id='word_1_32' title='bbox 1222 271 1243 301; x_wconf 73' lang='lat'><strong>(_</strong></span> <span class='ocrx_word' id='word_1_33' title='bbox 1255 262 1345 289; x_wconf 86' lang='lat' dir='ltr'><strong>Locus</strong></span> <span class='ocrx_word' id='word_1_34' title='bbox 1360 261 1432 289; x_wconf 83' lang='lat' dir='ltr'><strong>enim</strong></span> <span class='ocrx_word' id='word_1_35' title='bbox 1454 261 1481 288; x_wconf 90' lang='lat' dir='ltr'><strong>in</strong></span> <span class='ocrx_word' id='word_1_36' title='bbox 1496 267 1551 295; x_wconf 85' lang='lat' dir='ltr'><strong>quo</strong></span> <span class='ocrx_word' id='word_1_37' title='bbox 1565 263 1624 288; x_wconf 84' lang='lat' dir='ltr'><strong>stas</strong></span> <span class='ocrx_word' id='word_1_38' title='bbox 1640 263 1754 287; x_wconf 84' lang='lat' dir='ltr'><strong>sanctus</strong></span> <span class='ocrx_word' id='word_1_39' title='bbox 1765 263 1817 286; x_wconf 84' lang='lat' dir='ltr'><strong>est.</strong></span> <span class='ocrx_word' id='word_1_40' title='bbox 1837 268 1845 284; x_wconf 76' lang='grc' dir='ltr'><strong>ι</strong></span> 
     </span>
    </p>
   </div>
   <div class='ocr_carea' id='block_1_7' title="bbox 209 305 1017 346">
    <p class='ocr_par' dir='ltr' id='par_1_7' title="bbox 209 305 1004 346">
     <span class='ocr_line' id='line_1_7' title="bbox 209 305 1004 346; baseline 0.008 -15"><span class='ocrx_word' id='word_1_41' title='bbox 209 305 341 332; x_wconf 74' lang='grc' dir='ltr'>δάκνοντα</span> <span class='ocrx_word' id='word_1_42' title='bbox 362 307 516 342; x_wconf 68' lang='grc' dir='ltr'><strong>μηδαμῶς,</strong></span> <span class='ocrx_word' id='word_1_43' title='bbox 543 308 734 343; x_wconf 73' lang='grc' dir='ltr'><strong>λογιζομένους</strong></span> <span class='ocrx_word' id='word_1_44' title='bbox 760 310 805 336; x_wconf 78' lang='grc' dir='ltr'>ὅτε</span> <span class='ocrx_word' id='word_1_45' title='bbox 830 311 878 336; x_wconf 76' lang='grc' dir='ltr'>καὶ</span> <span class='ocrx_word' id='word_1_46' title='bbox 903 309 953 346; x_wconf 82' lang='grc' dir='ltr'><strong>τὴν</strong></span> <span class='ocrx_word' id='word_1_47' title='bbox 975 310 1004 344; x_wconf 77' lang='grc' dir='ltr'>ἐξ</span> 
     </span>
    </p>
   </div>
   <div class='ocr_carea' id='block_1_8' title="bbox 1068 305 1850 346">
    <p class='ocr_par' dir='ltr' id='par_1_8' title="bbox 1068 306 1850 343">
     <span class='ocr_line' id='line_1_8' title="bbox 1068 306 1850 343; baseline -0.005 -7"><span class='ocrx_word' id='word_1_48' title='bbox 1068 309 1110 336; x_wconf 70' lang='lat' dir='ltr'><strong>’cr</strong></span> <span class='ocrx_word' id='word_1_49' title='bbox 1134 315 1214 343; x_wconf 86' lang='lat' dir='ltr'><strong>opem</strong></span> <span class='ocrx_word' id='word_1_50' title='bbox 1242 309 1335 343; x_wconf 80' lang='lat' dir='ltr'><strong>itaque</strong></span> <span class='ocrx_word' id='word_1_51' title='bbox 1359 307 1482 335; x_wconf 76' lang='lat' dir='ltr'><strong>divinam</strong></span> <span class='ocrx_word' id='word_1_52' title='bbox 1499 310 1655 342; x_wconf 77' lang='lat' dir='ltr'><strong>serpentem</strong></span> <span class='ocrx_word' id='word_1_53' title='bbox 1672 306 1719 342; x_wconf 90' lang='lat' dir='ltr'><strong>qui</strong></span> <span class='ocrx_word' id='word_1_54' title='bbox 1737 306 1850 333; x_wconf 87' lang='lat' dir='ltr'><strong>minime</strong></span> 
     </span>
    </p>
   </div>
   <div class='ocr_carea' id='block_1_9' title="bbox 211 351 1017 391">
    <p class='ocr_par' dir='ltr' id='par_1_9' title="bbox 211 351 739 389">
     <span class='ocr_line' id='line_1_9' title="bbox 211 351 739 389; baseline 0.008 -12"><span class='ocrx_word' id='word_1_55' title='bbox 211 351 353 388; x_wconf 81' lang='grc' dir='ltr'>ἁμαρτιῶν</span> <span class='ocrx_word' id='word_1_56' title='bbox 369 352 582 389; x_wconf 76' lang='grc' dir='ltr'>ἁποϐαλοὺμεθα</span> <span class='ocrx_word' id='word_1_57' title='bbox 595 354 739 388; x_wconf 80' lang='grc' dir='ltr'>νέκρωσιν.</span> 
     </span>
    </p>
   </div>
   <div class='ocr_carea' id='block_1_10' title="bbox 1068 351 1850 391">
    <p class='ocr_par' dir='ltr' id='par_1_10' title="bbox 1068 353 1850 391">
     <span class='ocr_line' id='line_1_10' title="bbox 1068 353 1850 391; baseline -0.003 -9"><span class='ocrx_word' id='word_1_58' title='bbox 1068 356 1216 391; x_wconf 74' lang='lat' dir='ltr'><strong>tpinantem</strong></span> <span class='ocrx_word' id='word_1_59' title='bbox 1229 356 1289 387; x_wconf 89' lang='lat' dir='ltr'><strong>icit,</strong></span> <span class='ocrx_word' id='word_1_60' title='bbox 1310 359 1442 383; x_wconf 75' lang='lat' dir='ltr'><strong>excutere</strong></span> <span class='ocrx_word' id='word_1_61' title='bbox 1464 353 1606 387; x_wconf 91' lang='lat' dir='ltr'><strong>convenit,</strong></span> <span class='ocrx_word' id='word_1_62' title='bbox 1623 361 1678 388; x_wconf 91' lang='lat' dir='ltr'><strong>quo</strong></span> <span class='ocrx_word' id='word_1_63' title='bbox 1691 353 1773 381; x_wconf 90' lang='lat' dir='ltr'><strong>simul</strong></span> <span class='ocrx_word' id='word_1_64' title='bbox 1787 359 1850 387; x_wconf 91' lang='lat' dir='ltr'><strong>pec-</strong></span> 
     </span>
    </p>
   </div>
   <div class='ocr_carea' id='block_1_11' title="bbox 1056 400 1680 438">
    <p class='ocr_par' dir='ltr' id='par_1_11' title="bbox 1056 400 1680 438">
     <span class='ocr_line' id='line_1_11' title="bbox 1056 400 1680 438; baseline -0.002 -9"><span class='ocrx_word' id='word_1_65' title='bbox 1056 402 1110 429; x_wconf 90' lang='lat' dir='ltr'><strong>cati</strong></span> <span class='ocrx_word' id='word_1_66' title='bbox 1125 409 1235 438; x_wconf 85' lang='lat' dir='ltr'><strong>quoque</strong></span> <span class='ocrx_word' id='word_1_67' title='bbox 1250 401 1493 429; x_wconf 76' lang='lat' dir='ltr'><strong>mortificationem</strong></span> <span class='ocrx_word' id='word_1_68' title='bbox 1508 400 1680 435; x_wconf 83' lang='lat' dir='ltr'><strong>abjiciemus.</strong></span> 
     </span>
    </p>
   </div>
   <div class='ocr_carea' id='block_1_12' title="bbox 247 449 1849 490">
    <p class='ocr_par' dir='ltr' id='par_1_12' title="bbox 247 449 1849 490">
     <span class='ocr_line' id='line_1_12' title="bbox 247 449 1849 490; baseline 0.001 -13"><span class='ocrx_word' id='word_1_69' title='bbox 247 449 364 484; x_wconf 82' lang='lat' dir='ltr'><strong>Seplimo</strong></span> <span class='ocrx_word' id='word_1_70' title='bbox 380 454 469 478; x_wconf 82' lang='lat' dir='ltr'><strong>autem</strong></span> <span class='ocrx_word' id='word_1_71' title='bbox 483 451 525 478; x_wconf 77' lang='lat' dir='ltr'><strong>die</strong></span> <span class='ocrx_word' id='word_1_72' title='bbox 556 451 733 479; x_wconf 70' lang='lat' dir='ltr'><strong>circumibitt’s</strong></span> <span class='ocrx_word' id='word_1_73' title='bbox 743 452 878 479; x_wconf 74' lang='lat' dir='ltr'><strong>civitatem</strong></span> <span class='ocrx_word' id='word_1_74' title='bbox 895 454 1002 488; x_wconf 75' lang='lat' dir='ltr'><strong>septies,</strong></span> <span class='ocrx_word' id='word_1_75' title='bbox 1018 457 1070 481; x_wconf 87' lang='lat' dir='ltr'><strong>etc.</strong></span> <span class='ocrx_word' id='word_1_76' title='bbox 1088 452 1145 490; x_wconf 71' lang='grc' dir='ltr'><strong>μη,</strong></span> <span class='ocrx_word' id='word_1_77' title='bbox 1162 453 1204 489; x_wconf 75' lang='grc'><strong>4.]</strong></span> <span class='ocrx_word' id='word_1_78' title='bbox 1222 454 1275 486; x_wconf 84' lang='lat' dir='ltr'><strong>Qui</strong></span> <span class='ocrx_word' id='word_1_79' title='bbox 1297 457 1384 481; x_wconf 84' lang='lat' dir='ltr'><strong>totam</strong></span> <span class='ocrx_word' id='word_1_80' title='bbox 1408 452 1501 480; x_wconf 94' lang='lat' dir='ltr'><strong>mundi</strong></span> <span class='ocrx_word' id='word_1_81' title='bbox 1519 451 1655 480; x_wconf 77' lang='lat' dir='ltr'><strong>fabricam</strong></span> <span class='ocrx_word' id='word_1_82' title='bbox 1679 459 1727 479; x_wconf 89' lang='lat' dir='ltr'><strong>sex</strong></span> <span class='ocrx_word' id='word_1_83' title='bbox 1749 450 1849 478; x_wconf 78' lang='lat' dir='ltr'><strong>diebus</strong></span> 
     </span>
    </p>
   </div>
   <div class='ocr_carea' id='block_1_13' title="bbox 212 494 1850 532">
    <p class='ocr_par' dir='ltr' id='par_1_13' title="bbox 212 494 1850 532">
     <span class='ocr_line' id='line_1_13' title="bbox 212 494 1850 532; baseline 0.001 -12"><span class='ocrx_word' id='word_1_84' title='bbox 212 495 339 529; x_wconf 74' lang='lat' dir='ltr'><strong>perfecit,</strong></span> <span class='ocrx_word' id='word_1_85' title='bbox 355 495 427 523; x_wconf 75' lang='lat' dir='ltr'><strong>lente</strong></span> <span class='ocrx_word' id='word_1_86' title='bbox 443 495 478 522; x_wconf 88' lang='lat' dir='ltr'><strong>ad</strong></span> <span class='ocrx_word' id='word_1_87' title='bbox 498 496 580 523; x_wconf 91' lang='lat' dir='ltr'><strong>unius</strong></span> <span class='ocrx_word' id='word_1_88' title='bbox 595 496 716 523; x_wconf 73' lang='lat' dir='ltr'><strong>civitatis</strong></span> <span class='ocrx_word' id='word_1_89' title='bbox 728 497 903 524; x_wconf 80' lang='lat' dir='ltr'><strong>eversionem</strong></span> <span class='ocrx_word' id='word_1_90' title='bbox 915 497 1036 525; x_wconf 88' lang='lat' dir='ltr'><strong>bonitate</strong></span> <span class='ocrx_word' id='word_1_91' title='bbox 1057 497 1206 532; x_wconf 88' lang='lat' dir='ltr'><strong>impeditus</strong></span> <span class='ocrx_word' id='word_1_92' title='bbox 1227 497 1398 532; x_wconf 77' lang='lat' dir='ltr'><strong>aggreditur.</strong></span> <span class='ocrx_word' id='word_1_93' title='bbox 1411 495 1470 524; x_wconf 87' lang='lat' dir='ltr'><strong>Non</strong></span> <span class='ocrx_word' id='word_1_94' title='bbox 1486 496 1559 523; x_wconf 92' lang='lat' dir='ltr'><strong>enim</strong></span> <span class='ocrx_word' id='word_1_95' title='bbox 1580 495 1681 522; x_wconf 77' lang='lat' dir='ltr'><strong>virium</strong></span> <span class='ocrx_word' id='word_1_96' title='bbox 1703 494 1850 522; x_wconf 85' lang='lat' dir='ltr'><strong>imbecilli-</strong></span> 
     </span>
    </p>
   </div>
   <div class='ocr_carea' id='block_1_14' title="bbox 213 539 1852 575">
    <p class='ocr_par' dir='ltr' id='par_1_14' title="bbox 213 539 1852 575">
     <span class='ocr_line' id='line_1_14' title="bbox 213 539 1852 575; baseline -0.001 -10"><span class='ocrx_word' id='word_1_97' title='bbox 213 543 268 565; x_wconf 84' lang='lat' dir='ltr'><strong>tate</strong></span> <span class='ocrx_word' id='word_1_98' title='bbox 283 546 344 566; x_wconf 89' lang='lat' dir='ltr'><strong>esse</strong></span> <span class='ocrx_word' id='word_1_99' title='bbox 362 539 463 566; x_wconf 76' lang='lat' dir='ltr'><strong>factum</strong></span> <span class='ocrx_word' id='word_1_100' title='bbox 478 539 611 574; x_wconf 88' lang='lat' dir='ltr'><strong>propiteta</strong></span> <span class='ocrx_word' id='word_1_101' title='bbox 627 544 754 572; x_wconf 83' lang='lat' dir='ltr'><strong>testatur,</strong></span> <span class='ocrx_word' id='word_1_102' title='bbox 767 540 800 568; x_wconf 89' lang='lat' dir='ltr'><strong>ad</strong></span> <span class='ocrx_word' id='word_1_103' title='bbox 816 541 905 575; x_wconf 91' lang='lat' dir='ltr'><strong>ipsutn</strong></span> <span class='ocrx_word' id='word_1_104' title='bbox 920 541 1015 569; x_wconf 86' lang='lat' dir='ltr'><strong>dicens</strong></span> <span class='ocrx_word' id='word_1_105' title='bbox 1034 550 1041 568; x_wconf 88' lang='lat'><strong>:</strong></span> <span class='ocrx_word' id='word_1_106' title='bbox 1062 550 1070 567; x_wconf 77' lang='grc' dir='ltr'><strong>ι</strong></span> <span class='ocrx_word' id='word_1_107' title='bbox 1086 540 1115 568; x_wconf 85' lang='lat' dir='ltr'><strong>Si</strong></span> <span class='ocrx_word' id='word_1_108' title='bbox 1142 541 1245 568; x_wconf 70' lang='lat' dir='ltr'><strong>cwlum</strong></span> <span class='ocrx_word' id='word_1_109' title='bbox 1261 540 1438 575; x_wconf 80' lang='lat' dir='ltr'><strong>patefeceris,</strong></span> <span class='ocrx_word' id='word_1_110' title='bbox 1461 543 1568 567; x_wconf 79' lang='lat' dir='ltr'><strong>utentes</strong></span> <span class='ocrx_word' id='word_1_111' title='bbox 1588 544 1690 566; x_wconf 86' lang='lat' dir='ltr'><strong>tremor</strong></span> <span class='ocrx_word' id='word_1_112' title='bbox 1707 539 1745 566; x_wconf 92' lang='lat' dir='ltr'><strong>tui</strong></span> <span class='ocrx_word' id='word_1_113' title='bbox 1775 539 1852 565; x_wconf 88' lang='lat' dir='ltr'><strong>inva-</strong></span> 
     </span>
    </p>
   </div>
   <div class='ocr_carea' id='block_1_15' title="bbox 213 582 1852 620">
    <p class='ocr_par' dir='ltr' id='par_1_15' title="bbox 213 582 1852 620">
     <span class='ocr_line' id='line_1_15' title="bbox 213 582 1852 620; baseline -0.001 -11"><span class='ocrx_word' id='word_1_114' title='bbox 213 582 258 609; x_wconf 79' lang='lat' dir='ltr'><strong>det</strong></span> <span class='ocrx_word' id='word_1_115' title='bbox 273 582 306 609; x_wconf 70' lang='grc'><strong>⁸³.</strong></span> <span class='ocrx_word' id='word_1_116' title='bbox 325 592 334 608; x_wconf 71' lang='grc' dir='ltr'><strong>ι</strong></span> <span class='ocrx_word' id='word_1_117' title='bbox 350 582 452 610; x_wconf 82' lang='lat' dir='ltr'><strong>Verum</strong></span> <span class='ocrx_word' id='word_1_118' title='bbox 471 583 703 618; x_wconf 79' lang='lat' dir='ltr'><strong>quemadmodum</strong></span> <span class='ocrx_word' id='word_1_119' title='bbox 716 583 813 612; x_wconf 85' lang='lat' dir='ltr'><strong>Ninive</strong></span> <span class='ocrx_word' id='word_1_120' title='bbox 827 584 948 612; x_wconf 79' lang='lat' dir='ltr'><strong>triduum</strong></span> <span class='ocrx_word' id='word_1_121' title='bbox 974 585 1172 619; x_wconf 78' lang='lat' dir='ltr'><strong>resipiscentia‘:</strong></span> <span class='ocrx_word' id='word_1_122' title='bbox 1193 584 1279 617; x_wconf 82' lang='lat' dir='ltr'><strong>dedit,</strong></span> <span class='ocrx_word' id='word_1_123' title='bbox 1305 585 1342 612; x_wconf 85' lang='lat' dir='ltr'><strong>ita</strong></span> <span class='ocrx_word' id='word_1_124' title='bbox 1366 585 1408 612; x_wconf 92' lang='lat' dir='ltr'><strong>his</strong></span> <span class='ocrx_word' id='word_1_125' title='bbox 1423 591 1536 620; x_wconf 89' lang='lat' dir='ltr'><strong>quoque</strong></span> <span class='ocrx_word' id='word_1_126' title='bbox 1552 587 1670 618; x_wconf 85' lang='lat' dir='ltr'><strong>septem.</strong></span> <span class='ocrx_word' id='word_1_127' title='bbox 1692 582 1784 617; x_wconf 84' lang='lat' dir='ltr'><strong>thue</strong></span> <span class='ocrx_word' id='word_1_128' title='bbox 1813 582 1852 609; x_wconf 88' lang='lat' dir='ltr'><strong>illi</strong></span> 
     </span>
    </p>
   </div>
   <div class='ocr_carea' id='block_1_16' title="bbox 212 624 1851 664">
    <p class='ocr_par' dir='ltr' id='par_1_16' title="bbox 212 624 1851 664">
     <span class='ocr_line' id='line_1_16' title="bbox 212 624 1851 664; baseline 0 -12"><span class='ocrx_word' id='word_1_129' title='bbox 212 624 309 652; x_wconf 76' lang='lat' dir='ltr'><strong>J-inam</strong></span> <span class='ocrx_word' id='word_1_130' title='bbox 327 633 479 660; x_wconf 66' lang='lat' dir='ltr'><strong>praeconem</strong></span> <span class='ocrx_word' id='word_1_131' title='bbox 495 627 715 659; x_wconf 69' lang='lat' dir='ltr'><strong>habuerunUita</strong></span> <span class='ocrx_word' id='word_1_132' title='bbox 730 627 756 654; x_wconf 90' lang='lat' dir='ltr'><strong>hi</strong></span> <span class='ocrx_word' id='word_1_133' title='bbox 775 627 871 655; x_wconf 72' lang='lat' dir='ltr'><strong>ilahab</strong></span> <span class='ocrx_word' id='word_1_134' title='bbox 893 628 1007 656; x_wconf 83' lang='lat' dir='ltr'><strong>habent.</strong></span> <span class='ocrx_word' id='word_1_135' title='bbox 1020 629 1136 663; x_wconf 89' lang='lat' dir='ltr'><strong>insuper</strong></span> <span class='ocrx_word' id='word_1_136' title='bbox 1145 635 1211 655; x_wconf 82' lang='lat' dir='ltr'><strong>vero</strong></span> <span class='ocrx_word' id='word_1_137' title='bbox 1222 635 1319 656; x_wconf 87' lang='lat' dir='ltr'><strong>omnes</strong></span> <span class='ocrx_word' id='word_1_138' title='bbox 1333 632 1459 664; x_wconf 90' lang='lat' dir='ltr'><strong>portenta</strong></span> <span class='ocrx_word' id='word_1_139' title='bbox 1469 635 1530 663; x_wconf 76' lang='lat' dir='ltr'><strong>quae</strong></span> <span class='ocrx_word' id='word_1_140' title='bbox 1538 626 1671 654; x_wconf 88' lang='lat' dir='ltr'><strong>Dominus</strong></span> <span class='ocrx_word' id='word_1_141' title='bbox 1687 625 1851 661; x_wconf 76' lang='lat' dir='ltr'><strong>designavit,</strong></span> 
     </span>
    </p>
   </div>
   <div class='ocr_carea' id='block_1_17' title="bbox 213 670 1853 708">
    <p class='ocr_par' dir='ltr' id='par_1_17' title="bbox 213 670 1853 708">
     <span class='ocr_line' id='line_1_17' title="bbox 213 670 1853 708; baseline 0 -12"><span class='ocrx_word' id='word_1_142' title='bbox 213 670 326 697; x_wconf 79' lang='lat' dir='ltr'><strong>auribus</strong></span> <span class='ocrx_word' id='word_1_143' title='bbox 345 674 517 704; x_wconf 71' lang='lat' dir='ltr'><strong>act-cperant.</strong></span> <span class='ocrx_word' id='word_1_144' title='bbox 536 671 569 697; x_wconf 87' lang='lat' dir='ltr'><strong>At</strong></span> <span class='ocrx_word' id='word_1_145' title='bbox 582 671 653 698; x_wconf 88' lang='lat' dir='ltr'><strong>idem</strong></span> <span class='ocrx_word' id='word_1_146' title='bbox 667 671 713 705; x_wconf 87' lang='lat' dir='ltr'><strong>qui</strong></span> <span class='ocrx_word' id='word_1_147' title='bbox 738 671 805 698; x_wconf 85' lang='lat' dir='ltr'><strong>dicit</strong></span> <span class='ocrx_word' id='word_1_148' title='bbox 823 680 830 698; x_wconf 88' lang='lat'><strong>:</strong></span> <span class='ocrx_word' id='word_1_149' title='bbox 845 681 855 697; x_wconf 68' lang='grc' dir='ltr'><strong>ι</strong></span> <span class='ocrx_word' id='word_1_150' title='bbox 874 671 932 699; x_wconf 86' lang='lat' dir='ltr'><strong>Non</strong></span> <span class='ocrx_word' id='word_1_151' title='bbox 942 672 1111 700; x_wconf 78' lang='lat' dir='ltr'><strong>scortaberis</strong></span> <span class='ocrx_word' id='word_1_152' title='bbox 1125 672 1158 704; x_wconf 66' lang='lat'><strong>“,</strong></span> <span class='ocrx_word' id='word_1_153' title='bbox 1185 683 1193 698; x_wconf 74' lang='grc' dir='ltr'><strong>ι</strong></span> <span class='ocrx_word' id='word_1_154' title='bbox 1216 681 1263 708; x_wconf 82' lang='lat' dir='ltr'><strong>per</strong></span> <span class='ocrx_word' id='word_1_155' title='bbox 1279 673 1364 701; x_wconf 83' lang='lat' dir='ltr'><strong>.Iosue</strong></span> <span class='ocrx_word' id='word_1_156' title='bbox 1385 673 1476 708; x_wconf 86' lang='lat' dir='ltr'><strong>inquit</strong></span> <span class='ocrx_word' id='word_1_157' title='bbox 1493 682 1500 701; x_wconf 90' lang='lat'>:</span> <span class='ocrx_word' id='word_1_158' title='bbox 1516 682 1524 698; x_wconf 80' lang='grc' dir='ltr'><strong>ι</strong></span> <span class='ocrx_word' id='word_1_159' title='bbox 1548 671 1631 699; x_wconf 84' lang='lat' dir='ltr'><strong>Vivat</strong></span> <span class='ocrx_word' id='word_1_160' title='bbox 1650 671 1749 699; x_wconf 78' lang='lat' dir='ltr'><strong>Rahab</strong></span> <span class='ocrx_word' id='word_1_161' title='bbox 1763 677 1853 697; x_wconf 89' lang='lat' dir='ltr'><strong>mere-</strong></span> 
     </span>
    </p>
   </div>
   <div class='ocr_carea' id='block_1_18' title="bbox 214 713 1852 753">
    <p class='ocr_par' dir='ltr' id='par_1_18' title="bbox 214 713 1852 753">
     <span class='ocr_line' id='line_1_18' title="bbox 214 713 1852 753; baseline 0.001 -13"><span class='ocrx_word' id='word_1_162' title='bbox 214 715 277 740; x_wconf 82' lang='lat' dir='ltr'><strong>trix.</strong></span> <span class='ocrx_word' id='word_1_163' title='bbox 298 723 307 739; x_wconf 83' lang='grc'><strong>›</strong></span> <span class='ocrx_word' id='word_1_164' title='bbox 323 713 375 746; x_wconf 84' lang='lat' dir='ltr'><strong>Qui</strong></span> <span class='ocrx_word' id='word_1_165' title='bbox 388 715 472 741; x_wconf 88' lang='lat' dir='ltr'><strong>etiam</strong></span> <span class='ocrx_word' id='word_1_166' title='bbox 483 715 550 742; x_wconf 86' lang='lat' dir='ltr'><strong>dicit</strong></span> <span class='ocrx_word' id='word_1_167' title='bbox 566 722 573 740; x_wconf 87' lang='lat'><strong>:</strong></span> <span class='ocrx_word' id='word_1_168' title='bbox 592 724 602 741; x_wconf 73' lang='grc' dir='ltr'><strong>ί</strong></span> <span class='ocrx_word' id='word_1_169' title='bbox 624 715 782 742; x_wconf 86' lang='lat' dir='ltr'><strong>lileretrices</strong></span> <span class='ocrx_word' id='word_1_170' title='bbox 797 721 824 742; x_wconf 86' lang='lat' dir='ltr'><strong>et</strong></span> <span class='ocrx_word' id='word_1_171' title='bbox 843 716 986 750; x_wconf 88' lang='lat' dir='ltr'><strong>publicani</strong></span> <span class='ocrx_word' id='word_1_172' title='bbox 1003 724 1052 743; x_wconf 90' lang='lat' dir='ltr'><strong>vos</strong></span> <span class='ocrx_word' id='word_1_173' title='bbox 1063 716 1220 750; x_wconf 63' lang='lat' dir='ltr'><strong>praecedent</strong></span> <span class='ocrx_word' id='word_1_174' title='bbox 1237 717 1265 744; x_wconf 91' lang='lat' dir='ltr'><strong>itt</strong></span> <span class='ocrx_word' id='word_1_175' title='bbox 1280 725 1397 753; x_wconf 79' lang='lat' dir='ltr'><strong>regnum</strong></span> <span class='ocrx_word' id='word_1_176' title='bbox 1410 717 1542 746; x_wconf 68' lang='lat' dir='ltr'><strong>maiorum</strong></span> <span class='ocrx_word' id='word_1_177' title='bbox 1559 716 1593 743; x_wconf 69' lang='grc'><strong>⁸⁵.</strong></span> <span class='ocrx_word' id='word_1_178' title='bbox 1611 725 1620 741; x_wconf 71' lang='grc' dir='ltr'><strong>ι</strong></span> <span class='ocrx_word' id='word_1_179' title='bbox 1638 714 1768 750; x_wconf 64' lang='lat' dir='ltr'><strong>Praecipit</strong></span> <span class='ocrx_word' id='word_1_180' title='bbox 1786 721 1852 742; x_wconf 91' lang='lat' dir='ltr'><strong>vero</strong></span> 
     </span>
    </p>
   </div>
   <div class='ocr_carea' id='block_1_19' title="bbox 215 758 1852 796">
    <p class='ocr_par' dir='ltr' id='par_1_19' title="bbox 215 758 1852 796">
     <span class='ocr_line' id='line_1_19' title="bbox 215 758 1852 796; baseline 0 -12"><span class='ocrx_word' id='word_1_181' title='bbox 215 759 321 786; x_wconf 71' lang='lat' dir='ltr'><strong>militia:</strong></span> <span class='ocrx_word' id='word_1_182' title='bbox 339 758 460 790; x_wconf 85' lang='lat' dir='ltr'><strong>idoneis,</strong></span> <span class='ocrx_word' id='word_1_183' title='bbox 477 766 581 793; x_wconf 87' lang='lat' dir='ltr'><strong>perque</strong></span> <span class='ocrx_word' id='word_1_184' title='bbox 597 763 706 786; x_wconf 89' lang='lat' dir='ltr'><strong>montes</strong></span> <span class='ocrx_word' id='word_1_185' title='bbox 722 759 869 792; x_wconf 89' lang='lat' dir='ltr'><strong>dispersis,</strong></span> <span class='ocrx_word' id='word_1_186' title='bbox 893 764 923 786; x_wconf 91' lang='lat' dir='ltr'><strong>ut</strong></span> <span class='ocrx_word' id='word_1_187' title='bbox 942 759 1059 788; x_wconf 88' lang='lat' dir='ltr'><strong>Dotnitto</strong></span> <span class='ocrx_word' id='word_1_188' title='bbox 1081 761 1190 787; x_wconf 86' lang='lat' dir='ltr'><strong>obviam</strong></span> <span class='ocrx_word' id='word_1_189' title='bbox 1211 761 1237 788; x_wconf 92' lang='lat' dir='ltr'><strong>in</strong></span> <span class='ocrx_word' id='word_1_190' title='bbox 1260 762 1434 790; x_wconf 88' lang='lat' dir='ltr'><strong>obsidionem</strong></span> <span class='ocrx_word' id='word_1_191' title='bbox 1451 760 1597 796; x_wconf 83' lang='lat' dir='ltr'><strong>prodeant.</strong></span> <span class='ocrx_word' id='word_1_192' title='bbox 1614 759 1852 793; x_wconf 85' lang='lat' dir='ltr'><strong>Quemadmodum</strong></span> 
     </span>
    </p>
   </div>
   <div class='ocr_carea' id='block_1_20' title="bbox 214 800 1852 841">
    <p class='ocr_par' dir='ltr' id='par_1_20' title="bbox 214 800 1852 841">
     <span class='ocr_line' id='line_1_20' title="bbox 214 800 1852 841; baseline 0.001 -14"><span class='ocrx_word' id='word_1_193' title='bbox 214 808 266 828; x_wconf 82' lang='lat' dir='ltr'><strong>nos</strong></span> <span class='ocrx_word' id='word_1_194' title='bbox 282 808 393 835; x_wconf 85' lang='lat' dir='ltr'><strong>quoque</strong></span> <span class='ocrx_word' id='word_1_195' title='bbox 424 808 439 827; x_wconf 87' lang='lat' dir='ltr'><strong>a</strong></span> <span class='ocrx_word' id='word_1_196' title='bbox 466 800 579 828; x_wconf 79' lang='lat' dir='ltr'><strong>Christo</strong></span> <span class='ocrx_word' id='word_1_197' title='bbox 602 809 652 836; x_wconf 86' lang='lat' dir='ltr'><strong>per</strong></span> <span class='ocrx_word' id='word_1_198' title='bbox 677 800 862 836; x_wconf 87' lang='lat' dir='ltr'><strong>ducesipsius</strong></span> <span class='ocrx_word' id='word_1_199' title='bbox 880 800 1023 836; x_wconf 85' lang='lat' dir='ltr'><strong>juhemur.</strong></span> <span class='ocrx_word' id='word_1_200' title='bbox 1042 809 1139 831; x_wconf 82' lang='lat' dir='ltr'><strong>contra</strong></span> <span class='ocrx_word' id='word_1_201' title='bbox 1157 804 1252 833; x_wconf 79' lang='lat' dir='ltr'><strong>hostes</strong></span> <span class='ocrx_word' id='word_1_202' title='bbox 1269 805 1397 841; x_wconf 86' lang='lat' dir='ltr'><strong>imperia,</strong></span> <span class='ocrx_word' id='word_1_203' title='bbox 1415 812 1446 832; x_wconf 89' lang='lat' dir='ltr'><strong>ac</strong></span> <span class='ocrx_word' id='word_1_204' title='bbox 1461 805 1635 840; x_wconf 87' lang='lat' dir='ltr'><strong>principatus</strong></span> <span class='ocrx_word' id='word_1_205' title='bbox 1648 804 1791 838; x_wconf 84' lang='lat' dir='ltr'><strong>legemque</strong></span> <span class='ocrx_word' id='word_1_206' title='bbox 1824 802 1852 828; x_wconf 86' lang='lat' dir='ltr'><strong>in</strong></span> 
     </span>
    </p>
   </div>
   <div class='ocr_carea' id='block_1_21' title="bbox 215 845 1886 894">
    <p class='ocr_par' dir='ltr' id='par_1_21' title="bbox 215 845 1886 894">
     <span class='ocr_line' id='line_1_21' title="bbox 215 845 1886 894; baseline 0.001 -23"><span class='ocrx_word' id='word_1_207' title='bbox 215 853 300 894; x_wconf 71' lang='lat' dir='ltr'><strong>ent-ne</strong></span> <span class='ocrx_word' id='word_1_208' title='bbox 326 845 485 894; x_wconf 75' lang='lat' dir='ltr'><strong>saevientem</strong></span> <span class='ocrx_word' id='word_1_209' title='bbox 514 853 647 882; x_wconf 82' lang='lat' dir='ltr'><strong>pugnare.</strong></span> <span class='ocrx_word' id='word_1_210' title='bbox 678 845 796 878; x_wconf 85' lang='lat' dir='ltr'><strong>Quando</strong></span> <span class='ocrx_word' id='word_1_211' title='bbox 821 851 848 873; x_wconf 91' lang='lat' dir='ltr'><strong>et</strong></span> <span class='ocrx_word' id='word_1_212' title='bbox 874 853 925 873; x_wconf 82' lang='lat' dir='ltr'><strong>tios</strong></span> <span class='ocrx_word' id='word_1_213' title='bbox 940 845 966 873; x_wconf 90' lang='lat' dir='ltr'><strong>in</strong></span> <span class='ocrx_word' id='word_1_214' title='bbox 992 847 1083 876; x_wconf 85' lang='lat' dir='ltr'><strong>oculis</strong></span> <span class='ocrx_word' id='word_1_215' title='bbox 1099 848 1148 876; x_wconf 91' lang='lat' dir='ltr'><strong>Dei</strong></span> <span class='ocrx_word' id='word_1_216' title='bbox 1172 849 1287 883; x_wconf 87' lang='lat' dir='ltr'><strong>erimus,</strong></span> <span class='ocrx_word' id='word_1_217' title='bbox 1307 857 1364 878; x_wconf 90' lang='lat' dir='ltr'><strong>non</strong></span> <span class='ocrx_word' id='word_1_218' title='bbox 1383 849 1469 877; x_wconf 86' lang='lat' dir='ltr'><strong>armis</strong></span> <span class='ocrx_word' id='word_1_219' title='bbox 1491 848 1613 881; x_wconf 88' lang='lat' dir='ltr'><strong>carneis,</strong></span> <span class='ocrx_word' id='word_1_220' title='bbox 1630 855 1725 876; x_wconf 89' lang='lat' dir='ltr'><strong>verum</strong></span> <span class='ocrx_word' id='word_1_221' title='bbox 1744 846 1853 882; x_wconf 75' lang='lat' dir='ltr'><strong>iustitia</strong></span> <span class='ocrx_word' id='word_1_222' title='bbox 1884 877 1886 879; x_wconf 19' lang='grc' dir='ltr'><strong>μ</strong></span> 
     </span>
    </p>
   </div>
   <div class='ocr_carea' id='block_1_22' title="bbox 216 893 358 916">
    <p class='ocr_par' dir='ltr' id='par_1_22' title="bbox 216 893 358 916">
     <span class='ocr_line' id='line_1_22' title="bbox 216 893 358 916; baseline 0.007 -1"><span class='ocrx_word' id='word_1_223' title='bbox 216 893 358 916; x_wconf 82' lang='lat' dir='ltr'><strong>instructi.</strong></span> 
     </span>
    </p>
   </div>
   <div class='ocr_carea' id='block_1_23' title="bbox 251 943 1017 983">
    <p class='ocr_par' dir='ltr' id='par_1_23' title="bbox 251 943 1007 980">
     <span class='ocr_line' id='line_1_23' title="bbox 251 943 1007 980; baseline 0.003 -10"><span class='ocrx_word' id='word_1_224' title='bbox 251 944 327 970; x_wconf 85' lang='grc' dir='ltr'>Διατί</span> <span class='ocrx_word' id='word_1_225' title='bbox 356 943 486 978; x_wconf 79' lang='grc' dir='ltr'>σάλπιγξι</span> <span class='ocrx_word' id='word_1_226' title='bbox 500 944 669 980; x_wconf 79' lang='grc' dir='ltr'>κερατίναις,</span> <span class='ocrx_word' id='word_1_227' title='bbox 688 945 736 972; x_wconf 74' lang='grc' dir='ltr'>καὶ</span> <span class='ocrx_word' id='word_1_228' title='bbox 759 946 820 977; x_wconf 82' lang='grc' dir='ltr'>ταῖς</span> <span class='ocrx_word' id='word_1_229' title='bbox 836 944 884 972; x_wconf 80' lang='grc' dir='ltr'>τοῦ</span> <span class='ocrx_word' id='word_1_230' title='bbox 911 945 1007 980; x_wconf 72' lang='grc' dir='ltr'><strong>Ἰωϐήλ</strong></span> 
     </span>
    </p>
   </div>
   <div class='ocr_carea' id='block_1_24' title="bbox 1068 943 1897 983">
    <p class='ocr_par' dir='ltr' id='par_1_24' title="bbox 1094 945 1897 983">
     <span class='ocr_line' id='line_1_24' title="bbox 1094 945 1897 983; baseline -0.004 -8"><span class='ocrx_word' id='word_1_231' title='bbox 1094 947 1151 975; x_wconf 89' lang='lat' dir='ltr'><strong>Cur</strong></span> <span class='ocrx_word' id='word_1_232' title='bbox 1157 956 1222 977; x_wconf 73' lang='lat' dir='ltr'><strong>vero</strong></span> <span class='ocrx_word' id='word_1_233' title='bbox 1232 949 1305 977; x_wconf 89' lang='lat' dir='ltr'><strong>tubis</strong></span> <span class='ocrx_word' id='word_1_234' title='bbox 1312 947 1591 983; x_wconf 78' lang='lat' dir='ltr'><strong>corneis,acjubii:eis</strong></span> <span class='ocrx_word' id='word_1_235' title='bbox 1598 945 1744 975; x_wconf 89' lang='lat' dir='ltr'><strong>classicum</strong></span> <span class='ocrx_word' id='word_1_236' title='bbox 1753 953 1854 973; x_wconf 81' lang='lat' dir='ltr'><strong>canere</strong></span> <span class='ocrx_word' id='word_1_237' title='bbox 1893 967 1897 972; x_wconf 88' lang='lat'><strong>.</strong></span> 
     </span>
    </p>
   </div>
   <div class='ocr_carea' id='block_1_25' title="bbox 216 989 1008 1026">
    <p class='ocr_par' dir='ltr' id='par_1_25' title="bbox 216 989 1008 1026">
     <span class='ocr_line' id='line_1_25' title="bbox 216 989 1008 1026; baseline 0.001 -11"><span class='ocrx_word' id='word_1_238' title='bbox 216 990 360 1022; x_wconf 78' lang='grc' dir='ltr'><strong>σαλπίζειν</strong></span> <span class='ocrx_word' id='word_1_239' title='bbox 384 989 531 1023; x_wconf 79' lang='grc' dir='ltr'>ὲκέλευσε;</span> <span class='ocrx_word' id='word_1_240' title='bbox 555 991 614 1017; x_wconf 82' lang='grc' dir='ltr'><strong>Πᾶν</strong></span> <span class='ocrx_word' id='word_1_241' title='bbox 646 990 716 1022; x_wconf 78' lang='grc' dir='ltr'>ζῶον</span> <span class='ocrx_word' id='word_1_242' title='bbox 746 991 917 1026; x_wconf 73' lang='grc' dir='ltr'><strong>κερασφόρον</strong></span> <span class='ocrx_word' id='word_1_243' title='bbox 938 990 1008 1018; x_wconf 87' lang='grc' dir='ltr'>ὂπλα</span> 
     </span>
    </p>
   </div>
   <div class='ocr_carea' id='block_1_26' title="bbox 216 1036 1010 1073">
    <p class='ocr_par' dir='ltr' id='par_1_26' title="bbox 216 1036 1010 1073">
     <span class='ocr_line' id='line_1_26' title="bbox 216 1036 1010 1073; baseline 0.003 -11"><span class='ocrx_word' id='word_1_244' title='bbox 216 1036 273 1071; x_wconf 74' lang='grc' dir='ltr'>ἔχει</span> <span class='ocrx_word' id='word_1_245' title='bbox 285 1036 337 1062; x_wconf 77' lang='grc' dir='ltr'>-καὶ</span> <span class='ocrx_word' id='word_1_246' title='bbox 363 1037 452 1070; x_wconf 80' lang='grc' dir='ltr'>τεῖχος</span> <span class='ocrx_word' id='word_1_247' title='bbox 466 1036 500 1062; x_wconf 81' lang='grc' dir='ltr'>τὺ</span> <span class='ocrx_word' id='word_1_248' title='bbox 513 1036 609 1071; x_wconf 83' lang='grc' dir='ltr'>κέρας,</span> <span class='ocrx_word' id='word_1_249' title='bbox 626 1036 664 1068; x_wconf 84' lang='grc' dir='ltr'>ὡς</span> <span class='ocrx_word' id='word_1_250' title='bbox 687 1037 734 1064; x_wconf 73' lang='grc' dir='ltr'>καὶ</span> <span class='ocrx_word' id='word_1_251' title='bbox 750 1038 816 1073; x_wconf 86' lang='grc' dir='ltr'><strong>ἡμῖν</strong></span> <span class='ocrx_word' id='word_1_252' title='bbox 832 1037 939 1072; x_wconf 77' lang='grc' dir='ltr'>κέραςό</span> <span class='ocrx_word' id='word_1_253' title='bbox 953 1037 1010 1064; x_wconf 77' lang='grc' dir='ltr'><strong>Κύ-</strong></span> 
     </span>
    </p>
   </div>
   <div class='ocr_carea' id='block_1_27' title="bbox 217 1082 1010 1119">
    <p class='ocr_par' dir='ltr' id='par_1_27' title="bbox 217 1082 1010 1119">
     <span class='ocr_line' id='line_1_27' title="bbox 217 1082 1010 1119; baseline 0.003 -11"><span class='ocrx_word' id='word_1_254' title='bbox 217 1091 286 1117; x_wconf 78' lang='grc' dir='ltr'>ριος,</span> <span class='ocrx_word' id='word_1_255' title='bbox 303 1082 375 1109; x_wconf 78' lang='grc' dir='ltr'>κατὰ</span> <span class='ocrx_word' id='word_1_256' title='bbox 389 1082 429 1114; x_wconf 81' lang='grc' dir='ltr'><strong>τὺ,</strong></span> <span class='ocrx_word' id='word_1_257' title='bbox 445 1091 454 1108; x_wconf 76' lang='lat' dir='ltr'><strong>t</strong></span> <span class='ocrx_word' id='word_1_258' title='bbox 477 1082 703 1118; x_wconf 78' lang='grc' dir='ltr'>Ὑπερασπιστής</span> <span class='ocrx_word' id='word_1_259' title='bbox 724 1091 776 1118; x_wconf 83' lang='grc' dir='ltr'><strong>μου</strong></span> <span class='ocrx_word' id='word_1_260' title='bbox 789 1083 838 1110; x_wconf 74' lang='grc' dir='ltr'>καὶ</span> <span class='ocrx_word' id='word_1_261' title='bbox 856 1084 941 1119; x_wconf 83' lang='grc' dir='ltr'>κέρας</span> <span class='ocrx_word' id='word_1_262' title='bbox 956 1092 1010 1110; x_wconf 89' lang='grc' dir='ltr'><strong>σω-</strong></span> 
     </span>
    </p>
   </div>
   <div class='ocr_carea' id='block_1_28' title="bbox 219 1128 1011 1164">
    <p class='ocr_par' dir='ltr' id='par_1_28' title="bbox 219 1128 1011 1164">
     <span class='ocr_line' id='line_1_28' title="bbox 219 1128 1011 1164; baseline 0.001 -9"><span class='ocrx_word' id='word_1_263' title='bbox 219 1128 314 1164; x_wconf 79' lang='grc' dir='ltr'>τηρίας</span> <span class='ocrx_word' id='word_1_264' title='bbox 333 1136 397 1161; x_wconf 80' lang='grc' dir='ltr'>μου.</span> <span class='ocrx_word' id='word_1_265' title='bbox 413 1137 422 1153; x_wconf 72' lang='grc' dir='ltr'><strong>ι</strong></span> <span class='ocrx_word' id='word_1_266' title='bbox 439 1143 474 1148; x_wconf 93' lang='grc'><strong><em>-</em></strong></span> <span class='ocrx_word' id='word_1_267' title='bbox 490 1137 499 1154; x_wconf 68' lang='grc' dir='ltr'><strong>ι</strong></span> <span class='ocrx_word' id='word_1_268' title='bbox 525 1128 570 1154; x_wconf 86' lang='grc' dir='ltr'><strong>Ἐν</strong></span> <span class='ocrx_word' id='word_1_269' title='bbox 585 1129 626 1154; x_wconf 79' lang='grc' dir='ltr'>σοὶ</span> <span class='ocrx_word' id='word_1_270' title='bbox 643 1128 708 1164; x_wconf 84' lang='grc' dir='ltr'>γὰρ,</span> <span class='ocrx_word' id='word_1_271' title='bbox 725 1129 803 1164; x_wconf 76' lang='grc' dir='ltr'>φησὶ,</span> <span class='ocrx_word' id='word_1_272' title='bbox 817 1129 882 1161; x_wconf 75' lang='grc' dir='ltr'>τοὺς</span> <span class='ocrx_word' id='word_1_273' title='bbox 897 1129 1011 1164; x_wconf 77' lang='grc' dir='ltr'>ἐχθροὺς</span> 
     </span>
    </p>
   </div>
   <div class='ocr_carea' id='block_1_29' title="bbox 218 1173 1011 1210">
    <p class='ocr_par' dir='ltr' id='par_1_29' title="bbox 218 1173 1011 1210">
     <span class='ocr_line' id='line_1_29' title="bbox 218 1173 1011 1210; baseline 0.004 -11"><span class='ocrx_word' id='word_1_274' title='bbox 218 1173 296 1208; x_wconf 83' lang='grc' dir='ltr'><strong>ἡμῶν</strong></span> <span class='ocrx_word' id='word_1_275' title='bbox 309 1173 501 1209; x_wconf 79' lang='grc' dir='ltr'>κερατιοῦμεν.</span> <span class='ocrx_word' id='word_1_276' title='bbox 522 1183 530 1199; x_wconf 78' lang='grc' dir='ltr'><strong>ι</strong></span> <span class='ocrx_word' id='word_1_277' title='bbox 546 1174 608 1201; x_wconf 85' lang='grc' dir='ltr'><strong>Τῶν</strong></span> <span class='ocrx_word' id='word_1_278' title='bbox 621 1174 650 1200; x_wconf 83' lang='grc' dir='ltr'><strong>δὲ</strong></span> <span class='ocrx_word' id='word_1_279' title='bbox 667 1175 808 1210; x_wconf 79' lang='grc' dir='ltr'><strong>μαχίμων,</strong></span> <span class='ocrx_word' id='word_1_280' title='bbox 823 1175 854 1201; x_wconf 81' lang='grc' dir='ltr'>οὐ</span> <span class='ocrx_word' id='word_1_281' title='bbox 874 1174 928 1202; x_wconf 82' lang='grc' dir='ltr'>τῶν</span> <span class='ocrx_word' id='word_1_282' title='bbox 941 1176 1011 1203; x_wconf 81' lang='grc' dir='ltr'><strong>ἀπο-</strong></span> 
     </span>
    </p>
   </div>
   <div class='ocr_carea' id='block_1_30' title="bbox 217 1218 1011 1257">
    <p class='ocr_par' dir='ltr' id='par_1_30' title="bbox 217 1218 1011 1257">
     <span class='ocr_line' id='line_1_30' title="bbox 217 1218 1011 1257; baseline 0.004 -12"><span class='ocrx_word' id='word_1_283' title='bbox 217 1219 423 1247; x_wconf 71' lang='grc' dir='ltr'>δεδειλιακότων</span> <span class='ocrx_word' id='word_1_284' title='bbox 449 1221 524 1248; x_wconf 73' lang='grc' dir='ltr'>ἐστὶν</span> <span class='ocrx_word' id='word_1_285' title='bbox 545 1221 615 1248; x_wconf 80' lang='grc' dir='ltr'><strong>ἑλεῖν</strong></span> <span class='ocrx_word' id='word_1_286' title='bbox 643 1221 694 1257; x_wconf 81' lang='grc' dir='ltr'>τὴν</span> <span class='ocrx_word' id='word_1_287' title='bbox 723 1218 838 1257; x_wconf 86' lang='grc' dir='ltr'>Ἰεριχώ.</span> <span class='ocrx_word' id='word_1_288' title='bbox 860 1222 930 1253; x_wconf 83' lang='grc' dir='ltr'>Τοὺς</span> <span class='ocrx_word' id='word_1_289' title='bbox 962 1221 1011 1256; x_wconf 81' lang='grc' dir='ltr'><strong>μὲν</strong></span> 
     </span>
    </p>
   </div>
   <div class='ocr_carea' id='block_1_31' title="bbox 219 1266 1010 1302">
    <p class='ocr_par' dir='ltr' id='par_1_31' title="bbox 219 1266 1010 1302">
     <span class='ocr_line' id='line_1_31' title="bbox 219 1266 1010 1302; baseline 0.004 -11"><span class='ocrx_word' id='word_1_290' title='bbox 219 1266 274 1301; x_wconf 76' lang='grc' dir='ltr'>γὰρ</span> <span class='ocrx_word' id='word_1_291' title='bbox 287 1266 452 1301; x_wconf 77' lang='grc' dir='ltr'><strong>ἐρεθίζουσι,</strong></span> <span class='ocrx_word' id='word_1_292' title='bbox 464 1268 527 1299; x_wconf 79' lang='grc' dir='ltr'>τοὺς</span> <span class='ocrx_word' id='word_1_293' title='bbox 540 1267 569 1294; x_wconf 77' lang='grc' dir='ltr'><strong>δὲ</strong></span> <span class='ocrx_word' id='word_1_294' title='bbox 586 1267 789 1294; x_wconf 84' lang='grc' dir='ltr'>καταπτοοῦσιν</span> <span class='ocrx_word' id='word_1_295' title='bbox 803 1268 833 1294; x_wconf 80' lang='grc' dir='ltr'>αἱ</span> <span class='ocrx_word' id='word_1_296' title='bbox 850 1267 1010 1302; x_wconf 80' lang='grc' dir='ltr'>σάλπιγγες,</span> 
     </span>
    </p>
   </div>
   <div class='ocr_carea' id='block_1_32' title="bbox 219 1312 1012 1349">
    <p class='ocr_par' dir='ltr' id='par_1_32' title="bbox 219 1312 1012 1349">
     <span class='ocr_line' id='line_1_32' title="bbox 219 1312 1012 1349; baseline 0.003 -11"><span class='ocrx_word' id='word_1_297' title='bbox 219 1313 289 1339; x_wconf 81' lang='grc' dir='ltr'>ὅπλα</span> <span class='ocrx_word' id='word_1_298' title='bbox 305 1312 418 1348; x_wconf 75' lang='grc' dir='ltr'>ἔχοντας</span> <span class='ocrx_word' id='word_1_299' title='bbox 451 1314 582 1349; x_wconf 80' lang='grc' dir='ltr'>σαρκικὰ.</span> <span class='ocrx_word' id='word_1_300' title='bbox 610 1313 730 1340; x_wconf 81' lang='grc' dir='ltr'><strong>Τοιαῦτα</strong></span> <span class='ocrx_word' id='word_1_301' title='bbox 756 1313 807 1348; x_wconf 84' lang='grc' dir='ltr'>τῆς</span> <span class='ocrx_word' id='word_1_302' title='bbox 832 1314 964 1349; x_wconf 82' lang='grc' dir='ltr'>Ἱεριχοῦς</span> <span class='ocrx_word' id='word_1_303' title='bbox 978 1314 1012 1340; x_wconf 85' lang='grc' dir='ltr'>τὰ</span> 
     </span>
    </p>
   </div>
   <div class='ocr_carea' id='block_1_33' title="bbox 220 1359 1013 1395">
    <p class='ocr_par' dir='ltr' id='par_1_33' title="bbox 220 1359 1013 1395">
     <span class='ocr_line' id='line_1_33' title="bbox 220 1359 1013 1395; baseline 0.001 -11"><span class='ocrx_word' id='word_1_304' title='bbox 220 1360 308 1394; x_wconf 81' lang='grc' dir='ltr'>τείχη,</span> <span class='ocrx_word' id='word_1_305' title='bbox 336 1361 384 1387; x_wconf 78' lang='grc' dir='ltr'>καὶ</span> <span class='ocrx_word' id='word_1_306' title='bbox 401 1360 549 1387; x_wconf 79' lang='grc' dir='ltr'><strong>πίπτουσιν</strong></span> <span class='ocrx_word' id='word_1_307' title='bbox 566 1359 618 1386; x_wconf 84' lang='grc' dir='ltr'>ὑπὸ</span> <span class='ocrx_word' id='word_1_308' title='bbox 640 1360 782 1394; x_wconf 80' lang='grc' dir='ltr'>σάλπιγγι.</span> <span class='ocrx_word' id='word_1_309' title='bbox 798 1360 854 1386; x_wconf 82' lang='grc' dir='ltr'><strong>Καὶ</strong></span> <span class='ocrx_word' id='word_1_310' title='bbox 869 1361 885 1395; x_wconf 89' lang='grc' dir='ltr'>ἡ</span> <span class='ocrx_word' id='word_1_311' title='bbox 902 1368 1013 1395; x_wconf 83' lang='grc' dir='ltr'>παρεμ-</span> 
     </span>
    </p>
   </div>
   <div class='ocr_carea' id='block_1_34' title="bbox 221 1405 1011 1442">
    <p class='ocr_par' dir='ltr' id='par_1_34' title="bbox 221 1405 1011 1442">
     <span class='ocr_line' id='line_1_34' title="bbox 221 1405 1011 1442; baseline 0.003 -11"><span class='ocrx_word' id='word_1_312' title='bbox 221 1405 286 1440; x_wconf 70' lang='grc' dir='ltr'>ϐολὴ</span> <span class='ocrx_word' id='word_1_313' title='bbox 301 1406 330 1432; x_wconf 85' lang='grc' dir='ltr'><strong>δὲ</strong></span> <span class='ocrx_word' id='word_1_314' title='bbox 345 1405 392 1433; x_wconf 82' lang='grc' dir='ltr'><strong>τοῦ</strong></span> <span class='ocrx_word' id='word_1_315' title='bbox 406 1406 522 1442; x_wconf 71' lang='grc' dir='ltr'>Μαδιάμ</span> <span class='ocrx_word' id='word_1_316' title='bbox 536 1406 591 1433; x_wconf 86' lang='grc' dir='ltr'>τῶν</span> <span class='ocrx_word' id='word_1_317' title='bbox 617 1409 640 1433; x_wconf 81' lang='grc' dir='ltr'>τ’</span> <span class='ocrx_word' id='word_1_318' title='bbox 656 1406 843 1438; x_wconf 82' lang='grc' dir='ltr'>σαλπιζόντων</span> <span class='ocrx_word' id='word_1_319' title='bbox 860 1406 1011 1441; x_wconf 78' lang='grc' dir='ltr'>νενίκηται.</span> 
     </span>
    </p>
   </div>
   <div class='ocr_carea' id='block_1_35' title="bbox 227 1451 1014 1488">
    <p class='ocr_par' dir='ltr' id='par_1_35' title="bbox 227 1451 1014 1488">
     <span class='ocr_line' id='line_1_35' title="bbox 227 1451 1014 1488; baseline 0.001 -11"><span class='ocrx_word' id='word_1_320' title='bbox 227 1451 271 1478; x_wconf 83' lang='grc' dir='ltr'>Ἐν</span> <span class='ocrx_word' id='word_1_321' title='bbox 290 1451 319 1484; x_wconf 80' lang='grc' dir='ltr'><strong>ἓξ</strong></span> <span class='ocrx_word' id='word_1_322' title='bbox 334 1452 362 1478; x_wconf 78' lang='grc' dir='ltr'>δὲ</span> <span class='ocrx_word' id='word_1_323' title='bbox 378 1452 498 1488; x_wconf 82' lang='grc' dir='ltr'><strong>ἡμέραις</strong></span> <span class='ocrx_word' id='word_1_324' title='bbox 511 1452 689 1484; x_wconf 77' lang='grc' dir='ltr'>σαλπίξουσιν</span> <span class='ocrx_word' id='word_1_325' title='bbox 701 1453 724 1478; x_wconf 78' lang='grc' dir='ltr'><strong>οἱ</strong></span> <span class='ocrx_word' id='word_1_326' title='bbox 736 1453 831 1487; x_wconf 78' lang='grc' dir='ltr'>ἱερεῖς.</span> <span class='ocrx_word' id='word_1_327' title='bbox 851 1451 945 1479; x_wconf 84' lang='grc' dir='ltr'>Διόλου</span> <span class='ocrx_word' id='word_1_328' title='bbox 959 1451 1014 1487; x_wconf 79' lang='grc' dir='ltr'>γὰρ</span> 
     </span>
    </p>
   </div>
   <div class='ocr_carea' id='block_1_36' title="bbox 220 1496 1014 1532">
    <p class='ocr_par' dir='ltr' id='par_1_36' title="bbox 220 1496 1014 1532">
     <span class='ocr_line' id='line_1_36' title="bbox 220 1496 1014 1532; baseline 0.001 -10"><span class='ocrx_word' id='word_1_329' title='bbox 220 1496 268 1522; x_wconf 75' lang='grc' dir='ltr'>τοῦ</span> <span class='ocrx_word' id='word_1_330' title='bbox 283 1497 313 1522; x_wconf 83' lang='grc' dir='ltr'>ἐν</span> <span class='ocrx_word' id='word_1_331' title='bbox 329 1496 359 1530; x_wconf 83' lang='grc' dir='ltr'><strong>ἓξ</strong></span> <span class='ocrx_word' id='word_1_332' title='bbox 384 1497 503 1532; x_wconf 80' lang='grc' dir='ltr'><strong>ἡμέραις</strong></span> <span class='ocrx_word' id='word_1_333' title='bbox 533 1497 632 1529; x_wconf 86' lang='grc' dir='ltr'>αἰῶνος</span> <span class='ocrx_word' id='word_1_334' title='bbox 654 1497 680 1523; x_wconf 78' lang='lat' dir='ltr'><strong>ot</strong></span> <span class='ocrx_word' id='word_1_335' title='bbox 706 1497 780 1531; x_wconf 82' lang='grc' dir='ltr'>ἆγιοι</span> <span class='ocrx_word' id='word_1_336' title='bbox 796 1497 898 1528; x_wconf 82' lang='grc' dir='ltr'>πάντες</span> <span class='ocrx_word' id='word_1_337' title='bbox 916 1497 1014 1531; x_wconf 79' lang='grc' dir='ltr'>ἄφεσιν</span> 
     </span>
    </p>
   </div>
   <div class='ocr_carea' id='block_1_37' title="bbox 221 1543 1014 1578">
    <p class='ocr_par' dir='ltr' id='par_1_37' title="bbox 221 1543 1014 1578">
     <span class='ocr_line' id='line_1_37' title="bbox 221 1543 1014 1578; baseline 0 -9"><span class='ocrx_word' id='word_1_338' title='bbox 221 1543 431 1577; x_wconf 67' lang='grc' dir='ltr'>ἁμαρτημάτων</span> <span class='ocrx_word' id='word_1_339' title='bbox 445 1543 616 1578; x_wconf 76' lang='grc' dir='ltr'>κηρύττουσι</span> <span class='ocrx_word' id='word_1_340' title='bbox 625 1551 632 1558; x_wconf 95' lang='grc'><strong>·</strong></span> <span class='ocrx_word' id='word_1_341' title='bbox 650 1543 730 1570; x_wconf 82' lang='grc' dir='ltr'>τοῦτο</span> <span class='ocrx_word' id='word_1_342' title='bbox 740 1543 795 1577; x_wconf 78' lang='grc' dir='ltr'><strong>γὰρ</strong></span> <span class='ocrx_word' id='word_1_343' title='bbox 807 1544 835 1570; x_wconf 84' lang='grc' dir='ltr'><strong>αἱ</strong></span> <span class='ocrx_word' id='word_1_344' title='bbox 847 1543 894 1569; x_wconf 85' lang='grc' dir='ltr'>τοῦ</span> <span class='ocrx_word' id='word_1_345' title='bbox 920 1543 1014 1578; x_wconf 81' lang='grc' dir='ltr'><strong>Ἰωόὴλ</strong></span> 
     </span>
    </p>
   </div>
   <div class='ocr_carea' id='block_1_38' title="bbox 222 1586 1013 1624">
    <p class='ocr_par' dir='ltr' id='par_1_38' title="bbox 222 1586 1013 1624">
     <span class='ocr_line' id='line_1_38' title="bbox 222 1586 1013 1624; baseline 0.004 -10"><span class='ocrx_word' id='word_1_346' title='bbox 222 1588 335 1623; x_wconf 72' lang='grc' dir='ltr'>ἐδήλουν</span> <span class='ocrx_word' id='word_1_347' title='bbox 362 1588 513 1624; x_wconf 70' lang='grc' dir='ltr'><strong>σάλπιγγες</strong></span> <span class='ocrx_word' id='word_1_348' title='bbox 527 1597 534 1605; x_wconf 88' lang='grc'>·</span> <span class='ocrx_word' id='word_1_349' title='bbox 562 1591 591 1616; x_wconf 81' lang='grc' dir='ltr'><strong>ὲν</strong></span> <span class='ocrx_word' id='word_1_350' title='bbox 620 1586 764 1624; x_wconf 83' lang='grc' dir='ltr'><strong>ᾧπὰντων</strong></span> <span class='ocrx_word' id='word_1_351' title='bbox 777 1590 875 1624; x_wconf 78' lang='grc' dir='ltr'>ἄφεσις</span> <span class='ocrx_word' id='word_1_352' title='bbox 897 1590 1013 1624; x_wconf 82' lang='grc' dir='ltr'>γίνεται,</span> 
     </span>
    </p>
   </div>
   <div class='ocr_carea' id='block_1_39' title="bbox 223 1626 1038 1672">
    <p class='ocr_par' dir='ltr' id='par_1_39' title="bbox 223 1626 1038 1672">
     <span class='ocr_line' id='line_1_39' title="bbox 223 1626 1038 1672; baseline 0.002 -11"><span class='ocrx_word' id='word_1_353' title='bbox 223 1635 269 1661; x_wconf 66' lang='grc' dir='ltr'>καὶ</span> <span class='ocrx_word' id='word_1_354' title='bbox 282 1635 329 1661; x_wconf 74' lang='grc' dir='ltr'>ἐπὶ</span> <span class='ocrx_word' id='word_1_355' title='bbox 343 1636 406 1667; x_wconf 76' lang='grc' dir='ltr'>τοὺς</span> <span class='ocrx_word' id='word_1_356' title='bbox 420 1636 539 1668; x_wconf 80' lang='grc' dir='ltr'>οἰκείους</span> <span class='ocrx_word' id='word_1_357' title='bbox 553 1636 655 1668; x_wconf 79' lang='grc' dir='ltr'>τόπους</span> <span class='ocrx_word' id='word_1_358' title='bbox 678 1637 915 1668; x_wconf 80' lang='grc' dir='ltr'>ἀποκατάστασις.</span> <span class='ocrx_word' id='word_1_359' title='bbox 943 1637 1015 1672; x_wconf 80' lang='grc' dir='ltr'><strong>Προ-</strong></span> <span class='ocrx_word' id='word_1_360' title='bbox 1029 1626 1038 1650; x_wconf 63' lang='grc' dir='ltr'><strong>ί</strong></span> 
     </span>
    </p>
   </div>
   <div class='ocr_carea' id='block_1_40' title="bbox 222 1681 1015 1718">
    <p class='ocr_par' dir='ltr' id='par_1_40' title="bbox 222 1681 1015 1718">
     <span class='ocr_line' id='line_1_40' title="bbox 222 1681 1015 1718; baseline 0.003 -11"><span class='ocrx_word' id='word_1_361' title='bbox 222 1681 454 1717; x_wconf 81' lang='grc' dir='ltr'>διαμαρτύρονται</span> <span class='ocrx_word' id='word_1_362' title='bbox 467 1681 558 1709; x_wconf 82' lang='grc' dir='ltr'><strong>τοίνυν</strong></span> <span class='ocrx_word' id='word_1_363' title='bbox 567 1682 594 1708; x_wconf 77' lang='grc' dir='ltr'><strong>αἱ</strong></span> <span class='ocrx_word' id='word_1_364' title='bbox 605 1682 766 1717; x_wconf 76' lang='grc' dir='ltr'>σάλπιγγες·</span> <span class='ocrx_word' id='word_1_365' title='bbox 781 1691 790 1708; x_wconf 85' lang='grc'><strong>‹</strong></span> <span class='ocrx_word' id='word_1_366' title='bbox 800 1683 997 1718; x_wconf 80' lang='grc' dir='ltr'><strong>Μετανοήσατε</strong></span> <span class='ocrx_word' id='word_1_367' title='bbox 1008 1691 1015 1698; x_wconf 90' lang='grc'><strong>·</strong></span> 
     </span>
    </p>
   </div>
   <div class='ocr_carea' id='block_1_41' title="bbox 223 1727 1017 1766">
    <p class='ocr_par' dir='ltr' id='par_1_41' title="bbox 223 1727 1017 1766">
     <span class='ocr_line' id='line_1_41' title="bbox 223 1727 1017 1766; baseline 0.003 -12"><span class='ocrx_word' id='word_1_368' title='bbox 223 1729 321 1764; x_wconf 81' lang='grc' dir='ltr'>ἥγγικε</span> <span class='ocrx_word' id='word_1_369' title='bbox 338 1728 392 1764; x_wconf 84' lang='grc' dir='ltr'>γὰρ</span> <span class='ocrx_word' id='word_1_370' title='bbox 404 1729 421 1764; x_wconf 78' lang='grc' dir='ltr'><strong>ἡ</strong></span> <span class='ocrx_word' id='word_1_371' title='bbox 438 1727 554 1763; x_wconf 78' lang='grc' dir='ltr'>βασιλέα</span> <span class='ocrx_word' id='word_1_372' title='bbox 572 1728 628 1755; x_wconf 81' lang='grc' dir='ltr'><strong>τῶν</strong></span> <span class='ocrx_word' id='word_1_373' title='bbox 645 1728 778 1763; x_wconf 78' lang='grc' dir='ltr'><strong>οὐρανῶν.</strong></span> <span class='ocrx_word' id='word_1_374' title='bbox 793 1738 801 1754; x_wconf 78' lang='grc' dir='ltr'><strong>ι</strong></span> <span class='ocrx_word' id='word_1_375' title='bbox 817 1729 885 1764; x_wconf 78' lang='grc' dir='ltr'>Περὶ</span> <span class='ocrx_word' id='word_1_376' title='bbox 901 1727 935 1766; x_wconf 81' lang='grc' dir='ltr'>ἧς</span> <span class='ocrx_word' id='word_1_377' title='bbox 949 1737 1017 1764; x_wconf 84' lang='grc' dir='ltr'>φησι</span> 
     </span>
    </p>
   </div>
   <div class='ocr_carea' id='block_1_42' title="bbox 224 1774 1018 1809">
    <p class='ocr_par' dir='ltr' id='par_1_42' title="bbox 224 1774 1018 1809">
     <span class='ocr_line' id='line_1_42' title="bbox 224 1774 1018 1809; baseline 0.001 -10"><span class='ocrx_word' id='word_1_378' title='bbox 224 1775 263 1808; x_wconf 76' lang='grc' dir='ltr'>τῷ</span> <span class='ocrx_word' id='word_1_379' title='bbox 278 1774 347 1809; x_wconf 79' lang='grc' dir='ltr'>λαῷ,</span> <span class='ocrx_word' id='word_1_380' title='bbox 370 1783 380 1799; x_wconf 67' lang='grc' dir='ltr'>ι</span> <span class='ocrx_word' id='word_1_381' title='bbox 399 1774 548 1800; x_wconf 81' lang='grc' dir='ltr'>Ἀκούσατε</span> <span class='ocrx_word' id='word_1_382' title='bbox 561 1774 610 1809; x_wconf 76' lang='grc' dir='ltr'>τῆς</span> <span class='ocrx_word' id='word_1_383' title='bbox 622 1775 714 1808; x_wconf 75' lang='grc' dir='ltr'>φωνῆς</span> <span class='ocrx_word' id='word_1_384' title='bbox 724 1774 774 1809; x_wconf 84' lang='grc' dir='ltr'><strong>τῆς</strong></span> <span class='ocrx_word' id='word_1_385' title='bbox 789 1774 955 1808; x_wconf 82' lang='grc' dir='ltr'>σάλπιγγος·</span> <span class='ocrx_word' id='word_1_386' title='bbox 970 1775 1018 1801; x_wconf 73' lang='grc' dir='ltr'>καὶ</span> 
     </span>
    </p>
   </div>
   <div class='ocr_carea' id='block_1_43' title="bbox 225 1818 1016 1856">
    <p class='ocr_par' dir='ltr' id='par_1_43' title="bbox 225 1818 1016 1856">
     <span class='ocr_line' id='line_1_43' title="bbox 225 1818 1016 1856; baseline 0 -10"><span class='ocrx_word' id='word_1_387' title='bbox 225 1818 316 1852; x_wconf 79' lang='grc' dir='ltr'>εἶπαν,</span> <span class='ocrx_word' id='word_1_388' title='bbox 329 1821 387 1847; x_wconf 85' lang='grc' dir='ltr'><strong>Οὐκ</strong></span> <span class='ocrx_word' id='word_1_389' title='bbox 411 1820 595 1855; x_wconf 80' lang='grc' dir='ltr'>ἀκουσόμεθα.</span> <span class='ocrx_word' id='word_1_390' title='bbox 614 1829 624 1846; x_wconf 79' lang='grc' dir='ltr'><strong>ι</strong></span> <span class='ocrx_word' id='word_1_391' title='bbox 641 1820 696 1846; x_wconf 78' lang='grc' dir='ltr'>Καὶ</span> <span class='ocrx_word' id='word_1_392' title='bbox 714 1820 813 1856; x_wconf 68' lang='grc' dir='ltr'>Ἡσαΐᾳ</span> <span class='ocrx_word' id='word_1_393' title='bbox 844 1820 873 1847; x_wconf 82' lang='grc' dir='ltr'><strong>δὲ</strong></span> <span class='ocrx_word' id='word_1_394' title='bbox 895 1820 1016 1855; x_wconf 84' lang='grc' dir='ltr'>λέγεται,</span> 
     </span>
    </p>
   </div>
   <div class='ocr_carea' id='block_1_44' title="bbox 228 1866 1019 1902">
    <p class='ocr_par' dir='ltr' id='par_1_44' title="bbox 228 1866 1019 1902">
     <span class='ocr_line' id='line_1_44' title="bbox 228 1866 1019 1902; baseline 0.001 -9"><span class='ocrx_word' id='word_1_395' title='bbox 228 1877 237 1893; x_wconf 76' lang='grc' dir='ltr'><strong>ε</strong></span> <span class='ocrx_word' id='word_1_396' title='bbox 258 1867 300 1898; x_wconf 81' lang='grc' dir='ltr'>Ὠς</span> <span class='ocrx_word' id='word_1_397' title='bbox 317 1866 449 1900; x_wconf 85' lang='grc' dir='ltr'>σάλπιγγι</span> <span class='ocrx_word' id='word_1_398' title='bbox 476 1866 584 1901; x_wconf 72' lang='grc' dir='ltr'>ὕψωσον</span> <span class='ocrx_word' id='word_1_399' title='bbox 612 1866 662 1902; x_wconf 84' lang='grc' dir='ltr'><strong>τὴν</strong></span> <span class='ocrx_word' id='word_1_400' title='bbox 684 1866 777 1902; x_wconf 75' lang='grc' dir='ltr'>φωνήν</span> <span class='ocrx_word' id='word_1_401' title='bbox 798 1875 857 1897; x_wconf 80' lang='grc' dir='ltr'>σου,</span> <span class='ocrx_word' id='word_1_402' title='bbox 872 1868 920 1893; x_wconf 78' lang='grc' dir='ltr'>καὶ</span> <span class='ocrx_word' id='word_1_403' title='bbox 934 1867 1019 1900; x_wconf 82' lang='grc' dir='ltr'><strong>ἀνάγ-</strong></span> 
     </span>
    </p>
   </div>
   <div class='ocr_carea' id='block_1_45' title="bbox 225 1913 1019 1948">
    <p class='ocr_par' dir='ltr' id='par_1_45' title="bbox 225 1913 1019 1948">
     <span class='ocr_line' id='line_1_45' title="bbox 225 1913 1019 1948; baseline 0 -9"><span class='ocrx_word' id='word_1_404' title='bbox 225 1914 316 1948; x_wconf 79' lang='grc' dir='ltr'>γειλον</span> <span class='ocrx_word' id='word_1_405' title='bbox 332 1913 371 1948; x_wconf 78' lang='grc' dir='ltr'>τῷ</span> <span class='ocrx_word' id='word_1_406' title='bbox 387 1913 445 1948; x_wconf 66' lang='grc' dir='ltr'><strong>λαῷ</strong></span> <span class='ocrx_word' id='word_1_407' title='bbox 461 1913 495 1942; x_wconf 83' lang='grc' dir='ltr'>τὰ</span> <span class='ocrx_word' id='word_1_408' title='bbox 507 1913 698 1948; x_wconf 85' lang='grc' dir='ltr'>ἁμαρτήματα</span> <span class='ocrx_word' id='word_1_409' title='bbox 715 1913 816 1940; x_wconf 81' lang='grc' dir='ltr'>αὐτῶν.</span> <span class='ocrx_word' id='word_1_410' title='bbox 831 1922 840 1939; x_wconf 76' lang='grc' dir='ltr'><strong>ι</strong></span> <span class='ocrx_word' id='word_1_411' title='bbox 852 1913 908 1939; x_wconf 75' lang='grc' dir='ltr'><strong>Καὶ</strong></span> <span class='ocrx_word' id='word_1_412' title='bbox 922 1913 1019 1948; x_wconf 83' lang='grc' dir='ltr'>πρώην</span> 
     </span>
    </p>
   </div>
   <div class='ocr_carea' id='block_1_46' title="bbox 227 1958 1020 1994">
    <p class='ocr_par' dir='ltr' id='par_1_46' title="bbox 227 1958 1020 1994">
     <span class='ocr_line' id='line_1_46' title="bbox 227 1958 1020 1994; baseline -0.001 -8"><span class='ocrx_word' id='word_1_413' title='bbox 227 1960 276 1994; x_wconf 71' lang='grc' dir='ltr'><strong>μὲν</strong></span> <span class='ocrx_word' id='word_1_414' title='bbox 293 1959 367 1991; x_wconf 74' lang='grc' dir='ltr'>ἅπαξ</span> <span class='ocrx_word' id='word_1_415' title='bbox 381 1968 433 1985; x_wconf 87' lang='grc' dir='ltr'>που</span> <span class='ocrx_word' id='word_1_416' title='bbox 449 1958 500 1994; x_wconf 81' lang='grc' dir='ltr'>τῆς</span> <span class='ocrx_word' id='word_1_417' title='bbox 511 1959 621 1994; x_wconf 74' lang='grc' dir='ltr'>ἡμέρας</span> <span class='ocrx_word' id='word_1_418' title='bbox 635 1959 767 1985; x_wconf 82' lang='grc' dir='ltr'>ὲκύκλουν</span> <span class='ocrx_word' id='word_1_419' title='bbox 782 1960 806 1985; x_wconf 79' lang='grc' dir='ltr'><strong>οἱ</strong></span> <span class='ocrx_word' id='word_1_420' title='bbox 827 1959 900 1992; x_wconf 76' lang='grc' dir='ltr'>ἅγιοι</span> <span class='ocrx_word' id='word_1_421' title='bbox 915 1959 1020 1994; x_wconf 75' lang='grc' dir='ltr'><strong>κηρύτ⁸</strong></span> 
     </span>
    </p>
   </div>
   <div class='ocr_carea' id='block_1_47' title="bbox 225 2005 1019 2040">
    <p class='ocr_par' dir='ltr' id='par_1_47' title="bbox 225 2005 1019 2040">
     <span class='ocr_line' id='line_1_47' title="bbox 225 2005 1019 2040; baseline 0 -9"><span class='ocrx_word' id='word_1_422' title='bbox 225 2013 316 2036; x_wconf 84' lang='grc' dir='ltr'>τοντες</span> <span class='ocrx_word' id='word_1_423' title='bbox 345 2005 431 2032; x_wconf 69' lang='grc' dir='ltr'>ἅπασι</span> <span class='ocrx_word' id='word_1_424' title='bbox 465 2005 515 2039; x_wconf 87' lang='grc' dir='ltr'><strong>τῆς</strong></span> <span class='ocrx_word' id='word_1_425' title='bbox 545 2005 687 2036; x_wconf 77' lang='grc' dir='ltr'>εὐσεϐείας</span> <span class='ocrx_word' id='word_1_426' title='bbox 722 2005 772 2040; x_wconf 82' lang='grc' dir='ltr'><strong>τὴν</strong></span> <span class='ocrx_word' id='word_1_427' title='bbox 802 2005 920 2039; x_wconf 86' lang='grc' dir='ltr'>γνῶσιν·</span> <span class='ocrx_word' id='word_1_428' title='bbox 937 2007 971 2040; x_wconf 79' lang='grc' dir='ltr'>τῇ</span> <span class='ocrx_word' id='word_1_429' title='bbox 991 2005 1019 2031; x_wconf 87' lang='grc' dir='ltr'>δὲ</span> 
     </span>
    </p>
   </div>
   <div class='ocr_carea' id='block_1_48' title="bbox 226 2051 1018 2087">
    <p class='ocr_par' dir='ltr' id='par_1_48' title="bbox 226 2051 1018 2087">
     <span class='ocr_line' id='line_1_48' title="bbox 226 2051 1018 2087; baseline -0.001 -9"><span class='ocrx_word' id='word_1_430' title='bbox 226 2051 327 2087; x_wconf 69' lang='grc' dir='ltr'><strong>ἐδδόμῃ</strong></span> <span class='ocrx_word' id='word_1_431' title='bbox 357 2051 460 2086; x_wconf 72' lang='grc' dir='ltr'>ἡμέρᾳ,</span> <span class='ocrx_word' id='word_1_432' title='bbox 477 2051 602 2078; x_wconf 82' lang='grc' dir='ltr'><strong>τουτέστι</strong></span> <span class='ocrx_word' id='word_1_433' title='bbox 625 2052 658 2086; x_wconf 83' lang='grc' dir='ltr'>τῇ</span> <span class='ocrx_word' id='word_1_434' title='bbox 688 2051 832 2086; x_wconf 79' lang='grc' dir='ltr'>συντελείᾳ</span> <span class='ocrx_word' id='word_1_435' title='bbox 846 2051 892 2078; x_wconf 83' lang='grc' dir='ltr'>τοῦ</span> <span class='ocrx_word' id='word_1_436' title='bbox 908 2052 1018 2084; x_wconf 82' lang='grc' dir='ltr'>αἰῶνος,</span> 
     </span>
    </p>
   </div>
   <div class='ocr_carea' id='block_1_49' title="bbox 227 2097 1021 2130">
    <p class='ocr_par' dir='ltr' id='par_1_49' title="bbox 227 2097 1021 2130">
     <span class='ocr_line' id='line_1_49' title="bbox 227 2097 1021 2130; baseline 0 -6"><span class='ocrx_word' id='word_1_437' title='bbox 227 2098 343 2129; x_wconf 77' lang='grc' dir='ltr'>ἑπτάκις</span> <span class='ocrx_word' id='word_1_438' title='bbox 353 2097 523 2130; x_wconf 81' lang='grc' dir='ltr'>ἐκύκλωσαν,</span> <span class='ocrx_word' id='word_1_439' title='bbox 546 2097 671 2124; x_wconf 75' lang='grc' dir='ltr'>τουτέστι</span> <span class='ocrx_word' id='word_1_440' title='bbox 695 2097 846 2129; x_wconf 77' lang='grc' dir='ltr'>πολλάκις,</span> <span class='ocrx_word' id='word_1_441' title='bbox 875 2097 1021 2124; x_wconf 81' lang='grc' dir='ltr'>ἀπόστολοί</span> 
     </span>
    </p>
   </div>
   <div class='ocr_carea' id='block_1_50' title="bbox 227 2142 1022 2179">
    <p class='ocr_par' dir='ltr' id='par_1_50' title="bbox 227 2142 1022 2179">
     <span class='ocr_line' id='line_1_50' title="bbox 227 2142 1022 2179; baseline -0.001 -9"><span class='ocrx_word' id='word_1_442' title='bbox 227 2153 256 2170; x_wconf 80' lang='grc' dir='ltr'><strong>τε</strong></span> <span class='ocrx_word' id='word_1_443' title='bbox 270 2145 317 2171; x_wconf 75' lang='grc' dir='ltr'>καὶ</span> <span class='ocrx_word' id='word_1_444' title='bbox 333 2144 454 2179; x_wconf 81' lang='grc' dir='ltr'><strong>μαθηταὶ</strong></span> <span class='ocrx_word' id='word_1_445' title='bbox 476 2144 523 2170; x_wconf 85' lang='grc' dir='ltr'><strong>τοῦ</strong></span> <span class='ocrx_word' id='word_1_446' title='bbox 552 2144 668 2178; x_wconf 77' lang='grc' dir='ltr'>Κυρίου,</span> <span class='ocrx_word' id='word_1_447' title='bbox 694 2143 741 2170; x_wconf 81' lang='grc' dir='ltr'>καὶ</span> <span class='ocrx_word' id='word_1_448' title='bbox 766 2143 867 2175; x_wconf 85' lang='grc' dir='ltr'>πάντες</span> <span class='ocrx_word' id='word_1_449' title='bbox 882 2144 905 2170; x_wconf 90' lang='grc' dir='ltr'>οἱ</span> <span class='ocrx_word' id='word_1_450' title='bbox 921 2142 1022 2178; x_wconf 78' lang='grc' dir='ltr'>ἑφεξῆς</span> 
     </span>
    </p>
   </div>
   <div class='ocr_carea' id='block_1_51' title="bbox 226 2189 1021 2226">
    <p class='ocr_par' dir='ltr' id='par_1_51' title="bbox 226 2189 1021 2226">
     <span class='ocr_line' id='line_1_51' title="bbox 226 2189 1021 2226; baseline 0 -10"><span class='ocrx_word' id='word_1_451' title='bbox 226 2192 276 2226; x_wconf 79' lang='grc' dir='ltr'>τῆς</span> <span class='ocrx_word' id='word_1_452' title='bbox 297 2190 462 2225; x_wconf 82' lang='grc' dir='ltr'>Ἐκκλησιας</span> <span class='ocrx_word' id='word_1_453' title='bbox 493 2189 649 2216; x_wconf 81' lang='grc' dir='ltr'>διδάσκαλοι</span> <span class='ocrx_word' id='word_1_454' title='bbox 686 2189 834 2224; x_wconf 82' lang='grc' dir='ltr'>μετάνοιαν</span> <span class='ocrx_word' id='word_1_455' title='bbox 861 2189 910 2216; x_wconf 75' lang='grc' dir='ltr'>καὶ</span> <span class='ocrx_word' id='word_1_456' title='bbox 923 2190 1021 2224; x_wconf 79' lang='grc' dir='ltr'>ἄφεσιν</span> 
     </span>
    </p>
   </div>
   <div class='ocr_carea' id='block_1_52' title="bbox 229 2232 1022 2273">
    <p class='ocr_par' dir='ltr' id='par_1_52' title="bbox 229 2232 1022 2273">
     <span class='ocr_line' id='line_1_52' title="bbox 229 2232 1022 2273; baseline -0.001 -10"><span class='ocrx_word' id='word_1_457' title='bbox 229 2237 410 2273; x_wconf 75' lang='grc' dir='ltr'>κηρύττοντες</span> <span class='ocrx_word' id='word_1_458' title='bbox 432 2236 472 2271; x_wconf 85' lang='grc' dir='ltr'>τῷ</span> <span class='ocrx_word' id='word_1_459' title='bbox 487 2235 555 2271; x_wconf 84' lang='grc' dir='ltr'>λαῷ,</span> <span class='ocrx_word' id='word_1_460' title='bbox 572 2232 613 2266; x_wconf 74' lang='grc' dir='ltr'><strong>οἷς</strong></span> <span class='ocrx_word' id='word_1_461' title='bbox 623 2236 646 2261; x_wconf 82' lang='grc' dir='ltr'>οἱ</span> <span class='ocrx_word' id='word_1_462' title='bbox 661 2235 699 2270; x_wconf 84' lang='grc' dir='ltr'><strong>μὴ</strong></span> <span class='ocrx_word' id='word_1_463' title='bbox 716 2235 873 2267; x_wconf 76' lang='grc' dir='ltr'>πεισθέντες</span> <span class='ocrx_word' id='word_1_464' title='bbox 886 2235 1022 2262; x_wconf 79' lang='grc' dir='ltr'><strong>ἀπολοῦν-</strong></span> 
     </span>
    </p>
   </div>
   <div class='ocr_carea' id='block_1_53' title="bbox 1059 993 1852 1030">
    <p class='ocr_par' dir='ltr' id='par_1_53' title="bbox 1059 993 1852 1030">
     <span class='ocr_line' id='line_1_53' title="bbox 1059 993 1852 1030; baseline -0.006 -7"><span class='ocrx_word' id='word_1_465' title='bbox 1059 993 1164 1030; x_wconf 85' lang='lat' dir='ltr'><strong>jussit?</strong></span> <span class='ocrx_word' id='word_1_466' title='bbox 1178 994 1217 1021; x_wconf 84' lang='lat' dir='ltr'><strong>Eo</strong></span> <span class='ocrx_word' id='word_1_467' title='bbox 1232 997 1305 1030; x_wconf 85' lang='lat' dir='ltr'><strong>quod</strong></span> <span class='ocrx_word' id='word_1_468' title='bbox 1328 995 1494 1023; x_wconf 88' lang='lat' dir='ltr'><strong>animalibus</strong></span> <span class='ocrx_word' id='word_1_469' title='bbox 1508 993 1662 1030; x_wconf 79' lang='lat' dir='ltr'><strong>cornigeris</strong></span> <span class='ocrx_word' id='word_1_470' title='bbox 1679 999 1784 1020; x_wconf 85' lang='lat' dir='ltr'><strong>cornua</strong></span> <span class='ocrx_word' id='word_1_471' title='bbox 1802 999 1852 1018; x_wconf 89' lang='lat' dir='ltr'><strong>an-</strong></span> 
     </span>
    </p>
   </div>
   <div class='ocr_carea' id='block_1_54' title="bbox 1061 1037 1853 1076">
    <p class='ocr_par' dir='ltr' id='par_1_54' title="bbox 1061 1037 1853 1076">
     <span class='ocr_line' id='line_1_54' title="bbox 1061 1037 1853 1076; baseline -0.003 -8"><span class='ocrx_word' id='word_1_472' title='bbox 1061 1048 1162 1068; x_wconf 90' lang='lat' dir='ltr'><strong>norum</strong></span> <span class='ocrx_word' id='word_1_473' title='bbox 1188 1049 1387 1076; x_wconf 90' lang='lat' dir='ltr'><strong>murorumque</strong></span> <span class='ocrx_word' id='word_1_474' title='bbox 1413 1042 1474 1069; x_wconf 89' lang='lat' dir='ltr'><strong>vice</strong></span> <span class='ocrx_word' id='word_1_475' title='bbox 1500 1043 1575 1069; x_wconf 84' lang='lat' dir='ltr'><strong>sunt.</strong></span> <span class='ocrx_word' id='word_1_476' title='bbox 1609 1039 1740 1074; x_wconf 81' lang='lat' dir='ltr'><strong>Adeoque</strong></span> <span class='ocrx_word' id='word_1_477' title='bbox 1772 1037 1853 1066; x_wconf 83' lang='lat' dir='ltr'><strong>nobis</strong></span> 
     </span>
    </p>
   </div>
   <div class='ocr_carea' id='block_1_55' title="bbox 1061 1083 1854 1121">
    <p class='ocr_par' dir='ltr' id='par_1_55' title="bbox 1061 1083 1854 1121">
     <span class='ocr_line' id='line_1_55' title="bbox 1061 1083 1854 1121; baseline -0.003 -9"><span class='ocrx_word' id='word_1_478' title='bbox 1061 1093 1148 1113; x_wconf 89' lang='lat' dir='ltr'><strong>cornu</strong></span> <span class='ocrx_word' id='word_1_479' title='bbox 1165 1087 1227 1115; x_wconf 86' lang='lat' dir='ltr'><strong>loco</strong></span> <span class='ocrx_word' id='word_1_480' title='bbox 1242 1087 1376 1115; x_wconf 89' lang='lat' dir='ltr'><strong>Dominus</strong></span> <span class='ocrx_word' id='word_1_481' title='bbox 1389 1095 1451 1115; x_wconf 81' lang='lat' dir='ltr'><strong>esse</strong></span> <span class='ocrx_word' id='word_1_482' title='bbox 1473 1086 1564 1119; x_wconf 84' lang='lat' dir='ltr'><strong>debet,</strong></span> <span class='ocrx_word' id='word_1_483' title='bbox 1575 1086 1654 1121; x_wconf 80' lang='lat' dir='ltr'><strong>juxta</strong></span> <span class='ocrx_word' id='word_1_484' title='bbox 1669 1085 1754 1112; x_wconf 87' lang='lat' dir='ltr'><strong>illud:</strong></span> <span class='ocrx_word' id='word_1_485' title='bbox 1768 1093 1777 1110; x_wconf 77' lang='grc' dir='ltr'><strong>ι</strong></span> <span class='ocrx_word' id='word_1_486' title='bbox 1788 1083 1854 1111; x_wconf 86' lang='lat' dir='ltr'><strong>Pro-</strong></span> 
     </span>
    </p>
   </div>
   <div class='ocr_carea' id='block_1_56' title="bbox 1062 1129 1853 1165">
    <p class='ocr_par' dir='ltr' id='par_1_56' title="bbox 1062 1129 1853 1165">
     <span class='ocr_line' id='line_1_56' title="bbox 1062 1129 1853 1165; baseline -0.005 -7"><span class='ocrx_word' id='word_1_487' title='bbox 1062 1135 1152 1159; x_wconf 89' lang='lat' dir='ltr'><strong>tcctor</strong></span> <span class='ocrx_word' id='word_1_488' title='bbox 1166 1140 1255 1165; x_wconf 89' lang='lat' dir='ltr'><strong>meus,</strong></span> <span class='ocrx_word' id='word_1_489' title='bbox 1277 1137 1305 1160; x_wconf 81' lang='lat' dir='ltr'><strong>et</strong></span> <span class='ocrx_word' id='word_1_490' title='bbox 1331 1140 1419 1160; x_wconf 85' lang='lat' dir='ltr'><strong>cornu</strong></span> <span class='ocrx_word' id='word_1_491' title='bbox 1445 1132 1543 1160; x_wconf 80' lang='lat' dir='ltr'><strong>salutis</strong></span> <span class='ocrx_word' id='word_1_492' title='bbox 1559 1139 1626 1159; x_wconf 81' lang='lat' dir='ltr'><strong>meae</strong></span> <span class='ocrx_word' id='word_1_493' title='bbox 1638 1131 1673 1157; x_wconf 79' lang='grc'><strong>⁸⁸.</strong></span> <span class='ocrx_word' id='word_1_494' title='bbox 1695 1140 1747 1156; x_wconf 74' lang='grc' dir='ltr'>ι-</span> <span class='ocrx_word' id='word_1_495' title='bbox 1766 1139 1775 1155; x_wconf 89' lang='grc'>‹</span> <span class='ocrx_word' id='word_1_496' title='bbox 1795 1129 1853 1156; x_wconf 89' lang='lat' dir='ltr'><strong>Tua</strong></span> 
     </span>
    </p>
   </div>
   <div class='ocr_carea' id='block_1_57' title="bbox 1061 1175 1851 1214">
    <p class='ocr_par' dir='ltr' id='par_1_57' title="bbox 1061 1175 1851 1214">
     <span class='ocr_line' id='line_1_57' title="bbox 1061 1175 1851 1214; baseline -0.006 -8"><span class='ocrx_word' id='word_1_497' title='bbox 1061 1179 1134 1206; x_wconf 88' lang='lat' dir='ltr'><strong>enim</strong></span> <span class='ocrx_word' id='word_1_498' title='bbox 1151 1186 1213 1214; x_wconf 90' lang='lat' dir='ltr'><strong>ope,</strong></span> <span class='ocrx_word' id='word_1_499' title='bbox 1226 1179 1325 1213; x_wconf 87' lang='lat' dir='ltr'><strong>inquit,</strong></span> <span class='ocrx_word' id='word_1_500' title='bbox 1343 1178 1435 1206; x_wconf 81' lang='lat' dir='ltr'><strong>hostes</strong></span> <span class='ocrx_word' id='word_1_501' title='bbox 1461 1177 1644 1206; x_wconf 84' lang='lat' dir='ltr'><strong>retundemus</strong></span> <span class='ocrx_word' id='word_1_502' title='bbox 1665 1180 1776 1204; x_wconf 90' lang='lat' dir='ltr'><strong>nostros</strong></span> <span class='ocrx_word' id='word_1_503' title='bbox 1794 1175 1826 1202; x_wconf 77' lang='grc'><strong>³⁷.</strong></span> <span class='ocrx_word' id='word_1_504' title='bbox 1842 1184 1851 1200; x_wconf 73' lang='grc' dir='ltr'><strong>ι</strong></span> 
     </span>
    </p>
   </div>
   <div class='ocr_carea' id='block_1_58' title="bbox 1062 1223 1856 1256">
    <p class='ocr_par' dir='ltr' id='par_1_58' title="bbox 1062 1223 1856 1256">
     <span class='ocr_line' id='line_1_58' title="bbox 1062 1223 1856 1256; baseline -0.006 -4"><span class='ocrx_word' id='word_1_505' title='bbox 1062 1225 1197 1252; x_wconf 73' lang='lat' dir='ltr'><strong>Czeterum</strong></span> <span class='ocrx_word' id='word_1_506' title='bbox 1213 1225 1408 1253; x_wconf 89' lang='lat' dir='ltr'><strong>bellicosorum</strong></span> <span class='ocrx_word' id='word_1_507' title='bbox 1425 1232 1481 1252; x_wconf 92' lang='lat' dir='ltr'><strong>non</strong></span> <span class='ocrx_word' id='word_1_508' title='bbox 1493 1223 1739 1251; x_wconf 77' lang='lat' dir='ltr'><strong>formidolosarum</strong></span> <span class='ocrx_word' id='word_1_509' title='bbox 1757 1228 1856 1256; x_wconf 78' lang='lat' dir='ltr'><strong>capere</strong></span> 
     </span>
    </p>
   </div>
   <div class='ocr_carea' id='block_1_59' title="bbox 1063 1267 1856 1303">
    <p class='ocr_par' dir='ltr' id='par_1_59' title="bbox 1063 1267 1856 1303">
     <span class='ocr_line' id='line_1_59' title="bbox 1063 1267 1856 1303; baseline -0.006 -5"><span class='ocrx_word' id='word_1_510' title='bbox 1063 1274 1105 1298; x_wconf 90' lang='lat' dir='ltr'><strong>est</strong></span> <span class='ocrx_word' id='word_1_511' title='bbox 1117 1270 1227 1298; x_wconf 79' lang='lat' dir='ltr'><strong>Jericho</strong></span> <span class='ocrx_word' id='word_1_512' title='bbox 1243 1270 1405 1298; x_wconf 88' lang='lat' dir='ltr'><strong>:iliosenim</strong></span> <span class='ocrx_word' id='word_1_513' title='bbox 1432 1270 1554 1303; x_wconf 87' lang='lat' dir='ltr'><strong>irritant,</strong></span> <span class='ocrx_word' id='word_1_514' title='bbox 1574 1269 1624 1297; x_wconf 89' lang='lat' dir='ltr'><strong>hos</strong></span> <span class='ocrx_word' id='word_1_515' title='bbox 1648 1275 1713 1296; x_wconf 91' lang='lat' dir='ltr'><strong>vero</strong></span> <span class='ocrx_word' id='word_1_516' title='bbox 1727 1267 1856 1294; x_wconf 90' lang='lat' dir='ltr'><strong>territant</strong></span> 
     </span>
    </p>
   </div>
   <div class='ocr_carea' id='block_1_60' title="bbox 1064 1314 1856 1350">
    <p class='ocr_par' dir='ltr' id='par_1_60' title="bbox 1064 1314 1856 1350">
     <span class='ocr_line' id='line_1_60' title="bbox 1064 1314 1856 1350; baseline -0.006 -6"><span class='ocrx_word' id='word_1_517' title='bbox 1064 1317 1109 1350; x_wconf 90' lang='lat' dir='ltr'><strong>qui</strong></span> <span class='ocrx_word' id='word_1_518' title='bbox 1129 1324 1204 1343; x_wconf 87' lang='lat' dir='ltr'><strong>arma</strong></span> <span class='ocrx_word' id='word_1_519' title='bbox 1220 1316 1321 1344; x_wconf 81' lang='lat' dir='ltr'><strong>habent</strong></span> <span class='ocrx_word' id='word_1_520' title='bbox 1335 1316 1468 1344; x_wconf 83' lang='lat' dir='ltr'><strong>carnalia.</strong></span> <span class='ocrx_word' id='word_1_521' title='bbox 1485 1315 1576 1343; x_wconf 89' lang='lat' dir='ltr'><strong>Tanto</strong></span> <span class='ocrx_word' id='word_1_522' title='bbox 1600 1322 1665 1343; x_wconf 84' lang='lat' dir='ltr'><strong>vero</strong></span> <span class='ocrx_word' id='word_1_523' title='bbox 1678 1314 1780 1342; x_wconf 81' lang='lat' dir='ltr'><strong>mcenia</strong></span> <span class='ocrx_word' id='word_1_524' title='bbox 1793 1320 1856 1340; x_wconf 91' lang='lat' dir='ltr'><strong>cum</strong></span> 
     </span>
    </p>
   </div>
   <div class='ocr_carea' id='block_1_61' title="bbox 1065 1359 1857 1395">
    <p class='ocr_par' dir='ltr' id='par_1_61' title="bbox 1065 1359 1857 1395">
     <span class='ocr_line' id='line_1_61' title="bbox 1065 1359 1857 1395; baseline -0.005 -5"><span class='ocrx_word' id='word_1_525' title='bbox 1065 1363 1122 1390; x_wconf 88' lang='lat' dir='ltr'><strong>sint</strong></span> <span class='ocrx_word' id='word_1_526' title='bbox 1137 1362 1257 1395; x_wconf 71' lang='lat' dir='ltr'><strong>Iericho,</strong></span> <span class='ocrx_word' id='word_1_527' title='bbox 1273 1363 1345 1390; x_wconf 64' lang='lat' dir='ltr'><strong>tubae</strong></span> <span class='ocrx_word' id='word_1_528' title='bbox 1368 1366 1459 1389; x_wconf 80' lang='lat' dir='ltr'><strong>tamen</strong></span> <span class='ocrx_word' id='word_1_529' title='bbox 1476 1369 1543 1390; x_wconf 90' lang='lat' dir='ltr'><strong>voce</strong></span> <span class='ocrx_word' id='word_1_530' title='bbox 1561 1361 1719 1389; x_wconf 87' lang='lat' dir='ltr'><strong>concidunt.</strong></span> <span class='ocrx_word' id='word_1_531' title='bbox 1732 1359 1788 1388; x_wconf 87' lang='lat' dir='ltr'><strong>Nec</strong></span> <span class='ocrx_word' id='word_1_532' title='bbox 1802 1366 1857 1387; x_wconf 93' lang='lat' dir='ltr'><strong>non</strong></span> 
     </span>
    </p>
   </div>
   <div class='ocr_carea' id='block_1_62' title="bbox 1065 1406 1859 1444">
    <p class='ocr_par' dir='ltr' id='par_1_62' title="bbox 1065 1406 1859 1444">
     <span class='ocr_line' id='line_1_62' title="bbox 1065 1406 1859 1444; baseline -0.005 -8"><span class='ocrx_word' id='word_1_533' title='bbox 1065 1414 1155 1437; x_wconf 88' lang='lat' dir='ltr'><strong>castra</strong></span> <span class='ocrx_word' id='word_1_534' title='bbox 1171 1409 1280 1436; x_wconf 83' lang='lat' dir='ltr'><strong>itladian</strong></span> <span class='ocrx_word' id='word_1_535' title='bbox 1291 1416 1340 1444; x_wconf 88' lang='lat' dir='ltr'><strong>per</strong></span> <span class='ocrx_word' id='word_1_536' title='bbox 1350 1408 1489 1436; x_wconf 88' lang='lat' dir='ltr'><strong>tubicines</strong></span> <span class='ocrx_word' id='word_1_537' title='bbox 1504 1411 1569 1437; x_wconf 92' lang='lat' dir='ltr'><strong>sunt</strong></span> <span class='ocrx_word' id='word_1_538' title='bbox 1580 1407 1700 1435; x_wconf 85' lang='lat' dir='ltr'><strong>devicta.</strong></span> <span class='ocrx_word' id='word_1_539' title='bbox 1716 1406 1783 1442; x_wconf 63' lang='lat' dir='ltr'><strong>ipsa:</strong></span> <span class='ocrx_word' id='word_1_540' title='bbox 1794 1413 1859 1434; x_wconf 86' lang='lat' dir='ltr'><strong>vero</strong></span> 
     </span>
    </p>
   </div>
   <div class='ocr_carea' id='block_1_63' title="bbox 1065 1450 1860 1490">
    <p class='ocr_par' dir='ltr' id='par_1_63' title="bbox 1065 1450 1860 1490">
     <span class='ocr_line' id='line_1_63' title="bbox 1065 1450 1860 1490; baseline -0.005 -9"><span class='ocrx_word' id='word_1_541' title='bbox 1065 1454 1138 1482; x_wconf 69' lang='lat' dir='ltr'><strong>tuine</strong></span> <span class='ocrx_word' id='word_1_542' title='bbox 1159 1454 1269 1490; x_wconf 77' lang='lat' dir='ltr'><strong>signum</strong></span> <span class='ocrx_word' id='word_1_543' title='bbox 1284 1458 1416 1482; x_wconf 66' lang='lat' dir='ltr'><strong>extremae</strong></span> <span class='ocrx_word' id='word_1_544' title='bbox 1430 1454 1503 1481; x_wconf 81' lang='lat' dir='ltr'><strong>tubae</strong></span> <span class='ocrx_word' id='word_1_545' title='bbox 1518 1457 1592 1481; x_wconf 88' lang='lat' dir='ltr'><strong>sunt.</strong></span> <span class='ocrx_word' id='word_1_546' title='bbox 1604 1453 1665 1488; x_wconf 84' lang='lat' dir='ltr'><strong>ipse</strong></span> <span class='ocrx_word' id='word_1_547' title='bbox 1680 1452 1754 1480; x_wconf 90' lang='lat' dir='ltr'><strong>enim</strong></span> <span class='ocrx_word' id='word_1_548' title='bbox 1769 1450 1860 1479; x_wconf 88' lang='lat' dir='ltr'><strong>Domi-</strong></span> 
     </span>
    </p>
   </div>
   <div class='ocr_carea' id='block_1_64' title="bbox 1067 1497 1860 1534">
    <p class='ocr_par' dir='ltr' id='par_1_64' title="bbox 1067 1497 1860 1534">
     <span class='ocr_line' id='line_1_64' title="bbox 1067 1497 1860 1534; baseline -0.004 -7"><span class='ocrx_word' id='word_1_549' title='bbox 1067 1508 1119 1527; x_wconf 92' lang='lat' dir='ltr'><strong>nus</strong></span> <span class='ocrx_word' id='word_1_550' title='bbox 1148 1508 1211 1527; x_wconf 90' lang='lat' dir='ltr'><strong>cuttt</strong></span> <span class='ocrx_word' id='word_1_551' title='bbox 1244 1500 1405 1527; x_wconf 88' lang='lat' dir='ltr'><strong>hortatione</strong></span> <span class='ocrx_word' id='word_1_552' title='bbox 1423 1507 1546 1534; x_wconf 88' lang='lat' dir='ltr'><strong>voceque</strong></span> <span class='ocrx_word' id='word_1_553' title='bbox 1563 1498 1732 1534; x_wconf 78' lang='lat' dir='ltr'><strong>archangeli,</strong></span> <span class='ocrx_word' id='word_1_554' title='bbox 1745 1505 1778 1525; x_wconf 90' lang='lat' dir='ltr'><strong>ac</strong></span> <span class='ocrx_word' id='word_1_555' title='bbox 1793 1497 1860 1524; x_wconf 83' lang='lat' dir='ltr'><strong>tuba</strong></span> 
     </span>
    </p>
   </div>
   <div class='ocr_carea' id='block_1_65' title="bbox 1067 1543 1870 1581">
    <p class='ocr_par' dir='ltr' id='par_1_65' title="bbox 1067 1543 1870 1581">
     <span class='ocr_line' id='line_1_65' title="bbox 1067 1543 1870 1581; baseline -0.005 -8"><span class='ocrx_word' id='word_1_556' title='bbox 1067 1546 1101 1574; x_wconf 87' lang='lat' dir='ltr'><strong>de</strong></span> <span class='ocrx_word' id='word_1_557' title='bbox 1117 1546 1187 1573; x_wconf 87' lang='lat' dir='ltr'><strong>coelo</strong></span> <span class='ocrx_word' id='word_1_558' title='bbox 1195 1545 1353 1573; x_wconf 86' lang='lat' dir='ltr'><strong>descendet.</strong></span> <span class='ocrx_word' id='word_1_559' title='bbox 1370 1546 1408 1573; x_wconf 88' lang='lat' dir='ltr'><strong>De</strong></span> <span class='ocrx_word' id='word_1_560' title='bbox 1431 1553 1487 1581; x_wconf 87' lang='lat' dir='ltr'><strong>qua</strong></span> <span class='ocrx_word' id='word_1_561' title='bbox 1498 1545 1650 1573; x_wconf 82' lang='lat' dir='ltr'><strong>Zacharias</strong></span> <span class='ocrx_word' id='word_1_562' title='bbox 1670 1551 1780 1579; x_wconf 88' lang='lat' dir='ltr'><strong>quoque</strong></span> <span class='ocrx_word' id='word_1_563' title='bbox 1798 1543 1836 1569; x_wconf 88' lang='lat' dir='ltr'><strong>ait</strong></span> <span class='ocrx_word' id='word_1_564' title='bbox 1851 1551 1870 1573; x_wconf 74' lang='grc' dir='ltr'><strong>ι,</strong></span> 
     </span>
    </p>
   </div>
   <div class='ocr_carea' id='block_1_66' title="bbox 1071 1590 1861 1627">
    <p class='ocr_par' dir='ltr' id='par_1_66' title="bbox 1071 1590 1861 1627">
     <span class='ocr_line' id='line_1_66' title="bbox 1071 1590 1861 1627; baseline -0.003 -9"><span class='ocrx_word' id='word_1_565' title='bbox 1071 1601 1080 1618; x_wconf 74' lang='grc' dir='ltr'><strong>ι</strong></span> <span class='ocrx_word' id='word_1_566' title='bbox 1097 1591 1232 1620; x_wconf 88' lang='lat' dir='ltr'><strong>Dominus</strong></span> <span class='ocrx_word' id='word_1_567' title='bbox 1243 1592 1418 1627; x_wconf 89' lang='lat' dir='ltr'><strong>omnipotens</strong></span> <span class='ocrx_word' id='word_1_568' title='bbox 1435 1592 1500 1619; x_wconf 89' lang='lat' dir='ltr'><strong>tuba</strong></span> <span class='ocrx_word' id='word_1_569' title='bbox 1518 1592 1628 1627; x_wconf 73' lang='lat' dir='ltr'><strong>cianget</strong></span> <span class='ocrx_word' id='word_1_570' title='bbox 1645 1591 1679 1618; x_wconf 80' lang='grc'><strong>⁸³.</strong></span> <span class='ocrx_word' id='word_1_571' title='bbox 1700 1599 1710 1616; x_wconf 72' lang='grc' dir='ltr'><strong>ι</strong></span> <span class='ocrx_word' id='word_1_572' title='bbox 1727 1590 1780 1617; x_wconf 84' lang='lat' dir='ltr'><strong>Sex</strong></span> <span class='ocrx_word' id='word_1_573' title='bbox 1796 1596 1861 1616; x_wconf 85' lang='lat' dir='ltr'><strong>vero</strong></span> 
     </span>
    </p>
   </div>
   <div class='ocr_carea' id='block_1_67' title="bbox 1068 1635 1862 1674">
    <p class='ocr_par' dir='ltr' id='par_1_67' title="bbox 1068 1635 1862 1674">
     <span class='ocr_line' id='line_1_67' title="bbox 1068 1635 1862 1674; baseline -0.005 -8"><span class='ocrx_word' id='word_1_574' title='bbox 1068 1638 1166 1666; x_wconf 88' lang='lat' dir='ltr'><strong>diebus</strong></span> <span class='ocrx_word' id='word_1_575' title='bbox 1183 1638 1247 1666; x_wconf 86' lang='lat' dir='ltr'><strong>tuba</strong></span> <span class='ocrx_word' id='word_1_576' title='bbox 1256 1638 1415 1666; x_wconf 88' lang='lat' dir='ltr'><strong>sacerdotes</strong></span> <span class='ocrx_word' id='word_1_577' title='bbox 1425 1639 1570 1674; x_wconf 75' lang='lat' dir='ltr'><strong>clangunt,</strong></span> <span class='ocrx_word' id='word_1_578' title='bbox 1578 1644 1674 1665; x_wconf 87' lang='lat' dir='ltr'><strong>omnes</strong></span> <span class='ocrx_word' id='word_1_579' title='bbox 1682 1637 1756 1664; x_wconf 84' lang='lat' dir='ltr'><strong>enini</strong></span> <span class='ocrx_word' id='word_1_580' title='bbox 1772 1635 1862 1664; x_wconf 86' lang='lat' dir='ltr'><strong>sancti</strong></span> 
     </span>
    </p>
   </div>
   <div class='ocr_carea' id='block_1_68' title="bbox 1069 1685 1862 1720">
    <p class='ocr_par' dir='ltr' id='par_1_68' title="bbox 1069 1685 1862 1720">
     <span class='ocr_line' id='line_1_68' title="bbox 1069 1685 1862 1720; baseline -0.005 -8"><span class='ocrx_word' id='word_1_581' title='bbox 1069 1693 1117 1720; x_wconf 84' lang='lat' dir='ltr'><strong>per</strong></span> <span class='ocrx_word' id='word_1_582' title='bbox 1135 1693 1181 1712; x_wconf 87' lang='lat' dir='ltr'><strong>sex</strong></span> <span class='ocrx_word' id='word_1_583' title='bbox 1197 1685 1304 1713; x_wconf 88' lang='lat' dir='ltr'><strong>dierum</strong></span> <span class='ocrx_word' id='word_1_584' title='bbox 1322 1685 1458 1712; x_wconf 68' lang='lat' dir='ltr'><strong>saeculum</strong></span> <span class='ocrx_word' id='word_1_585' title='bbox 1475 1685 1612 1720; x_wconf 74' lang='lat' dir='ltr'><strong>integrum</strong></span> <span class='ocrx_word' id='word_1_586' title='bbox 1624 1686 1802 1719; x_wconf 86' lang='lat' dir='ltr'><strong>peccatorum</strong></span> <span class='ocrx_word' id='word_1_587' title='bbox 1816 1689 1862 1708; x_wconf 76' lang='lat' dir='ltr'><strong>re-</strong></span> 
     </span>
    </p>
   </div>
   <div class='ocr_carea' id='block_1_69' title="bbox 1069 1728 1862 1765">
    <p class='ocr_par' dir='ltr' id='par_1_69' title="bbox 1069 1728 1862 1765">
     <span class='ocr_line' id='line_1_69' title="bbox 1069 1728 1862 1765; baseline -0.006 -7"><span class='ocrx_word' id='word_1_588' title='bbox 1069 1731 1231 1758; x_wconf 85' lang='lat' dir='ltr'><strong>missionem</strong></span> <span class='ocrx_word' id='word_1_589' title='bbox 1260 1730 1446 1765; x_wconf 82' lang='lat' dir='ltr'><strong>promulgant.</strong></span> <span class='ocrx_word' id='word_1_590' title='bbox 1463 1729 1492 1757; x_wconf 92' lang='lat' dir='ltr'><strong>id</strong></span> <span class='ocrx_word' id='word_1_591' title='bbox 1514 1736 1634 1764; x_wconf 89' lang='lat' dir='ltr'><strong>namque</strong></span> <span class='ocrx_word' id='word_1_592' title='bbox 1654 1728 1726 1755; x_wconf 68' lang='lat' dir='ltr'><strong>tubae</strong></span> <span class='ocrx_word' id='word_1_593' title='bbox 1748 1734 1862 1762; x_wconf 91' lang='lat' dir='ltr'><strong>quoque</strong></span> 
     </span>
    </p>
   </div>
   <div class='ocr_carea' id='block_1_70' title="bbox 1068 1772 1863 1811">
    <p class='ocr_par' dir='ltr' id='par_1_70' title="bbox 1068 1772 1863 1811">
     <span class='ocr_line' id='line_1_70' title="bbox 1068 1772 1863 1811; baseline -0.008 -7"><span class='ocrx_word' id='word_1_594' title='bbox 1068 1776 1186 1810; x_wconf 75' lang='lat' dir='ltr'><strong>.iubiizei,</strong></span> <span class='ocrx_word' id='word_1_595' title='bbox 1214 1784 1270 1811; x_wconf 92' lang='lat' dir='ltr'><strong>quo</strong></span> <span class='ocrx_word' id='word_1_596' title='bbox 1293 1775 1460 1804; x_wconf 85' lang='lat' dir='ltr'><strong>universalis</strong></span> <span class='ocrx_word' id='word_1_597' title='bbox 1475 1775 1504 1802; x_wconf 82' lang='lat' dir='ltr'><strong>ﬁt</strong></span> <span class='ocrx_word' id='word_1_598' title='bbox 1521 1775 1664 1808; x_wconf 86' lang='lat' dir='ltr'><strong>remissio,</strong></span> <span class='ocrx_word' id='word_1_599' title='bbox 1679 1780 1711 1800; x_wconf 89' lang='lat' dir='ltr'><strong>ac</strong></span> <span class='ocrx_word' id='word_1_600' title='bbox 1726 1772 1863 1807; x_wconf 85' lang='lat' dir='ltr'><strong>cujusque</strong></span> 
     </span>
    </p>
   </div>
   <div class='ocr_carea' id='block_1_71' title="bbox 1070 1817 1864 1856">
    <p class='ocr_par' dir='ltr' id='par_1_71' title="bbox 1070 1817 1864 1856">
     <span class='ocr_line' id='line_1_71' title="bbox 1070 1817 1864 1856; baseline -0.008 -7"><span class='ocrx_word' id='word_1_601' title='bbox 1070 1822 1097 1850; x_wconf 86' lang='lat' dir='ltr'><strong>iit</strong></span> <span class='ocrx_word' id='word_1_602' title='bbox 1111 1830 1176 1850; x_wconf 88' lang='lat' dir='ltr'><strong>suas</strong></span> <span class='ocrx_word' id='word_1_603' title='bbox 1188 1821 1268 1849; x_wconf 73' lang='lat' dir='ltr'><strong>sedes</strong></span> <span class='ocrx_word' id='word_1_604' title='bbox 1279 1820 1431 1854; x_wconf 87' lang='lat' dir='ltr'><strong>restitutio,</strong></span> <span class='ocrx_word' id='word_1_605' title='bbox 1449 1820 1656 1856; x_wconf 79' lang='lat' dir='ltr'><strong>signiﬁcabant.</strong></span> <span class='ocrx_word' id='word_1_606' title='bbox 1673 1817 1759 1846; x_wconf 68' lang='lat' dir='ltr'><strong>Tuba:</strong></span> <span class='ocrx_word' id='word_1_607' title='bbox 1769 1817 1864 1852; x_wconf 85' lang='lat' dir='ltr'><strong>itaque</strong></span> 
     </span>
    </p>
   </div>
   <div class='ocr_carea' id='block_1_72' title="bbox 1070 1863 1863 1903">
    <p class='ocr_par' dir='ltr' id='par_1_72' title="bbox 1070 1863 1863 1903">
     <span class='ocr_line' id='line_1_72' title="bbox 1070 1863 1863 1903; baseline -0.008 -7"><span class='ocrx_word' id='word_1_608' title='bbox 1070 1872 1259 1903; x_wconf 85' lang='lat' dir='ltr'><strong>protestantur</strong></span> <span class='ocrx_word' id='word_1_609' title='bbox 1291 1872 1411 1895; x_wconf 86' lang='lat' dir='ltr'><strong>mentem</strong></span> <span class='ocrx_word' id='word_1_610' title='bbox 1438 1866 1598 1894; x_wconf 84' lang='lat' dir='ltr'><strong>mutandam</strong></span> <span class='ocrx_word' id='word_1_611' title='bbox 1619 1873 1702 1897; x_wconf 87' lang='lat' dir='ltr'><strong>esse,</strong></span> <span class='ocrx_word' id='word_1_612' title='bbox 1730 1872 1764 1892; x_wconf 91' lang='lat' dir='ltr'><strong>eo</strong></span> <span class='ocrx_word' id='word_1_613' title='bbox 1788 1863 1863 1900; x_wconf 91' lang='lat' dir='ltr'><strong>quod</strong></span> 
     </span>
    </p>
   </div>
   <div class='ocr_carea' id='block_1_73' title="bbox 1071 1912 1861 1949">
    <p class='ocr_par' dir='ltr' id='par_1_73' title="bbox 1071 1912 1861 1949">
     <span class='ocr_line' id='line_1_73' title="bbox 1071 1912 1861 1949; baseline -0.004 -8"><span class='ocrx_word' id='word_1_614' title='bbox 1071 1922 1184 1949; x_wconf 79' lang='lat' dir='ltr'><strong>regnum</strong></span> <span class='ocrx_word' id='word_1_615' title='bbox 1197 1914 1330 1942; x_wconf 73' lang='lat' dir='ltr'><strong>cmiorum</strong></span> <span class='ocrx_word' id='word_1_616' title='bbox 1342 1921 1427 1948; x_wconf 88' lang='lat' dir='ltr'><strong>prope</strong></span> <span class='ocrx_word' id='word_1_617' title='bbox 1438 1914 1475 1941; x_wconf 91' lang='lat' dir='ltr'><strong>sit</strong></span> <span class='ocrx_word' id='word_1_618' title='bbox 1487 1913 1520 1940; x_wconf 63' lang='grc' dir='ltr'><strong>δί’.</strong></span> <span class='ocrx_word' id='word_1_619' title='bbox 1532 1912 1568 1940; x_wconf 90' lang='lat' dir='ltr'><strong>De</strong></span> <span class='ocrx_word' id='word_1_620' title='bbox 1580 1921 1633 1948; x_wconf 88' lang='lat' dir='ltr'><strong>qua</strong></span> <span class='ocrx_word' id='word_1_621' title='bbox 1644 1913 1748 1948; x_wconf 92' lang='lat' dir='ltr'><strong>populo</strong></span> <span class='ocrx_word' id='word_1_622' title='bbox 1763 1912 1861 1940; x_wconf 88' lang='lat' dir='ltr'><strong>edicit:</strong></span> 
     </span>
    </p>
   </div>
   <div class='ocr_carea' id='block_1_74' title="bbox 1073 1958 1863 1995">
    <p class='ocr_par' dir='ltr' id='par_1_74' title="bbox 1073 1958 1863 1995">
     <span class='ocr_line' id='line_1_74' title="bbox 1073 1958 1863 1995; baseline -0.003 -7"><span class='ocrx_word' id='word_1_623' title='bbox 1073 1971 1083 1988; x_wconf 74' lang='grc' dir='ltr'><strong>ι</strong></span> <span class='ocrx_word' id='word_1_624' title='bbox 1103 1961 1200 1988; x_wconf 82' lang='lat' dir='ltr'><strong>Audite</strong></span> <span class='ocrx_word' id='word_1_625' title='bbox 1214 1968 1307 1988; x_wconf 86' lang='lat' dir='ltr'><strong>vocem</strong></span> <span class='ocrx_word' id='word_1_626' title='bbox 1321 1961 1401 1987; x_wconf 64' lang='lat' dir='ltr'><strong>tubas.</strong></span> <span class='ocrx_word' id='word_1_627' title='bbox 1414 1959 1464 1987; x_wconf 85' lang='lat' dir='ltr'><strong>Cui</strong></span> <span class='ocrx_word' id='word_1_628' title='bbox 1488 1959 1693 1995; x_wconf 87' lang='lat' dir='ltr'><strong>responderunt</strong></span> <span class='ocrx_word' id='word_1_629' title='bbox 1709 1968 1717 1986; x_wconf 90' lang='lat'><strong>:</strong></span> <span class='ocrx_word' id='word_1_630' title='bbox 1734 1958 1795 1987; x_wconf 88' lang='lat' dir='ltr'><strong>Non</strong></span> <span class='ocrx_word' id='word_1_631' title='bbox 1812 1967 1863 1986; x_wconf 87' lang='lat' dir='ltr'><strong>au-</strong></span> 
     </span>
    </p>
   </div>
   <div class='ocr_carea' id='block_1_75' title="bbox 1071 2005 1865 2035">
    <p class='ocr_par' dir='ltr' id='par_1_75' title="bbox 1071 2005 1865 2035">
     <span class='ocr_line' id='line_1_75' title="bbox 1071 2005 1865 2035; baseline -0.005 0"><span class='ocrx_word' id='word_1_632' title='bbox 1071 2008 1181 2035; x_wconf 88' lang='lat' dir='ltr'><strong>dienttts</strong></span> <span class='ocrx_word' id='word_1_633' title='bbox 1201 2008 1235 2033; x_wconf 67' lang='lat'><strong>9“.</strong></span> <span class='ocrx_word' id='word_1_634' title='bbox 1257 2016 1266 2032; x_wconf 78' lang='grc' dir='ltr'><strong>ι</strong></span> <span class='ocrx_word' id='word_1_635' title='bbox 1280 2006 1358 2033; x_wconf 85' lang='lat' dir='ltr'><strong>lsai:e</strong></span> <span class='ocrx_word' id='word_1_636' title='bbox 1372 2007 1436 2034; x_wconf 87' lang='lat' dir='ltr'><strong>item</strong></span> <span class='ocrx_word' id='word_1_637' title='bbox 1449 2005 1551 2033; x_wconf 89' lang='lat' dir='ltr'><strong>dicitur</strong></span> <span class='ocrx_word' id='word_1_638' title='bbox 1566 2014 1573 2032; x_wconf 91' lang='lat'>:</span> <span class='ocrx_word' id='word_1_639' title='bbox 1597 2014 1606 2031; x_wconf 77' lang='grc' dir='ltr'><strong>ι</strong></span> <span class='ocrx_word' id='word_1_640' title='bbox 1626 2006 1717 2033; x_wconf 81' lang='lat' dir='ltr'><strong>instar</strong></span> <span class='ocrx_word' id='word_1_641' title='bbox 1733 2005 1805 2032; x_wconf 65' lang='lat' dir='ltr'><strong>tubae</strong></span> <span class='ocrx_word' id='word_1_642' title='bbox 1817 2013 1865 2031; x_wconf 80' lang='lat' dir='ltr'><strong>vo-</strong></span> 
     </span>
    </p>
   </div>
   <div class='ocr_carea' id='block_1_76' title="bbox 1071 2051 1862 2087">
    <p class='ocr_par' dir='ltr' id='par_1_76' title="bbox 1071 2051 1862 2087">
     <span class='ocr_line' id='line_1_76' title="bbox 1071 2051 1862 2087; baseline -0.006 -7"><span class='ocrx_word' id='word_1_643' title='bbox 1071 2060 1131 2080; x_wconf 88' lang='lat' dir='ltr'><strong>cem</strong></span> <span class='ocrx_word' id='word_1_644' title='bbox 1147 2057 1220 2079; x_wconf 86' lang='lat' dir='ltr'><strong>tuant</strong></span> <span class='ocrx_word' id='word_1_645' title='bbox 1235 2051 1311 2085; x_wconf 81' lang='lat' dir='ltr'><strong>eil&#39;cr,</strong></span> <span class='ocrx_word' id='word_1_646' title='bbox 1326 2057 1352 2079; x_wconf 91' lang='lat' dir='ltr'><strong>et</strong></span> <span class='ocrx_word' id='word_1_647' title='bbox 1362 2052 1465 2086; x_wconf 87' lang='lat' dir='ltr'><strong>popqu</strong></span> <span class='ocrx_word' id='word_1_648' title='bbox 1477 2056 1588 2087; x_wconf 86' lang='lat' dir='ltr'><strong>peccata</strong></span> <span class='ocrx_word' id='word_1_649' title='bbox 1602 2059 1651 2079; x_wconf 88' lang='lat' dir='ltr'><strong>sua</strong></span> <span class='ocrx_word' id='word_1_650' title='bbox 1667 2051 1798 2078; x_wconf 88' lang='lat' dir='ltr'><strong>denuntia</strong></span> <span class='ocrx_word' id='word_1_651' title='bbox 1813 2051 1862 2076; x_wconf 67' lang='grc' dir='ltr'><strong>θ’.»</strong></span> 
     </span>
    </p>
   </div>
   <div class='ocr_carea' id='block_1_77' title="bbox 1071 2096 1863 2134">
    <p class='ocr_par' dir='ltr' id='par_1_77' title="bbox 1071 2096 1863 2134">
     <span class='ocr_line' id='line_1_77' title="bbox 1071 2096 1863 2134; baseline -0.004 -8"><span class='ocrx_word' id='word_1_652' title='bbox 1071 2100 1111 2127; x_wconf 81' lang='lat' dir='ltr'><strong>Ac</strong></span> <span class='ocrx_word' id='word_1_653' title='bbox 1138 2099 1219 2134; x_wconf 86' lang='lat' dir='ltr'><strong>paulo</strong></span> <span class='ocrx_word' id='word_1_654' title='bbox 1236 2103 1300 2126; x_wconf 89' lang='lat' dir='ltr'><strong>attte</strong></span> <span class='ocrx_word' id='word_1_655' title='bbox 1318 2097 1429 2133; x_wconf 87' lang='lat' dir='ltr'><strong>quidem</strong></span> <span class='ocrx_word' id='word_1_656' title='bbox 1446 2098 1531 2125; x_wconf 88' lang='lat' dir='ltr'><strong>semei</strong></span> <span class='ocrx_word' id='word_1_657' title='bbox 1552 2097 1579 2124; x_wconf 94' lang='lat' dir='ltr'><strong>in</strong></span> <span class='ocrx_word' id='word_1_658' title='bbox 1595 2097 1640 2124; x_wconf 90' lang='lat' dir='ltr'><strong>die</strong></span> <span class='ocrx_word' id='word_1_659' title='bbox 1659 2096 1863 2124; x_wconf 87' lang='lat' dir='ltr'><strong>circumicrttnt</strong></span> 
     </span>
    </p>
   </div>
   <div class='ocr_carea' id='block_1_78' title="bbox 1073 2141 1863 2179">
    <p class='ocr_par' dir='ltr' id='par_1_78' title="bbox 1073 2141 1863 2179">
     <span class='ocr_line' id='line_1_78' title="bbox 1073 2141 1863 2179; baseline -0.006 -6"><span class='ocrx_word' id='word_1_660' title='bbox 1073 2146 1172 2176; x_wconf 84' lang='lat' dir='ltr'><strong>sancti,</strong></span> <span class='ocrx_word' id='word_1_661' title='bbox 1189 2145 1375 2179; x_wconf 87' lang='lat' dir='ltr'><strong>omnibusque</strong></span> <span class='ocrx_word' id='word_1_662' title='bbox 1399 2143 1511 2178; x_wconf 86' lang='lat' dir='ltr'><strong>pietatis</strong></span> <span class='ocrx_word' id='word_1_663' title='bbox 1531 2143 1716 2178; x_wconf 74' lang='lat' dir='ltr'><strong>cognitionem</strong></span> <span class='ocrx_word' id='word_1_664' title='bbox 1732 2141 1863 2177; x_wconf 78' lang='lat' dir='ltr'><strong>praedica-</strong></span> 
     </span>
    </p>
   </div>
   <div class='ocr_carea' id='block_1_79' title="bbox 1073 2187 1867 2225">
    <p class='ocr_par' dir='ltr' id='par_1_79' title="bbox 1073 2187 1867 2225">
     <span class='ocr_line' id='line_1_79' title="bbox 1073 2187 1867 2225; baseline -0.004 -7"><span class='ocrx_word' id='word_1_665' title='bbox 1073 2195 1146 2218; x_wconf 90' lang='lat' dir='ltr'><strong>runt.</strong></span> <span class='ocrx_word' id='word_1_666' title='bbox 1158 2191 1282 2225; x_wconf 77' lang='lat' dir='ltr'><strong>Septimo</strong></span> <span class='ocrx_word' id='word_1_667' title='bbox 1296 2197 1361 2217; x_wconf 89' lang='lat' dir='ltr'><strong>vero</strong></span> <span class='ocrx_word' id='word_1_668' title='bbox 1374 2189 1428 2222; x_wconf 90' lang='lat' dir='ltr'><strong>die,</strong></span> <span class='ocrx_word' id='word_1_669' title='bbox 1445 2189 1498 2216; x_wconf 88' lang='lat' dir='ltr'><strong>hoc</strong></span> <span class='ocrx_word' id='word_1_670' title='bbox 1507 2192 1549 2216; x_wconf 88' lang='lat' dir='ltr'><strong>est</strong></span> <span class='ocrx_word' id='word_1_671' title='bbox 1560 2191 1640 2216; x_wconf 68' lang='lat' dir='ltr'><strong>aetate</strong></span> <span class='ocrx_word' id='word_1_672' title='bbox 1649 2193 1744 2216; x_wconf 80' lang='lat' dir='ltr'><strong>exacta</strong></span> <span class='ocrx_word' id='word_1_673' title='bbox 1754 2187 1867 2222; x_wconf 74' lang='lat' dir='ltr'><strong>septies,</strong></span> 
     </span>
    </p>
   </div>
   <div class='ocr_carea' id='block_1_80' title="bbox 1073 2234 1868 2272">
    <p class='ocr_par' dir='ltr' id='par_1_80' title="bbox 1073 2234 1868 2272">
     <span class='ocr_line' id='line_1_80' title="bbox 1073 2234 1868 2272; baseline -0.006 -7"><span class='ocrx_word' id='word_1_674' title='bbox 1073 2239 1125 2265; x_wconf 91' lang='lat' dir='ltr'><strong>hoc</strong></span> <span class='ocrx_word' id='word_1_675' title='bbox 1141 2241 1194 2270; x_wconf 90' lang='lat' dir='ltr'><strong>est,</strong></span> <span class='ocrx_word' id='word_1_676' title='bbox 1209 2244 1399 2272; x_wconf 59' lang='lat' dir='ltr'><strong>saepenumero</strong></span> <span class='ocrx_word' id='word_1_677' title='bbox 1416 2235 1536 2270; x_wconf 86' lang='lat' dir='ltr'><strong>apostoli</strong></span> <span class='ocrx_word' id='word_1_678' title='bbox 1548 2243 1580 2262; x_wconf 88' lang='lat' dir='ltr'><strong>ac</strong></span> <span class='ocrx_word' id='word_1_679' title='bbox 1595 2234 1726 2269; x_wconf 85' lang='lat' dir='ltr'><strong>discipuli</strong></span> <span class='ocrx_word' id='word_1_680' title='bbox 1748 2235 1868 2267; x_wconf 84' lang='lat' dir='ltr'><strong>Domini,</strong></span> 
     </span>
    </p>
   </div>
   <div class='ocr_carea' id='block_1_81' title="bbox 227 2280 1017 2321">
    <p class='ocr_par' dir='ltr' id='par_1_81' title="bbox 227 2281 1017 2318">
     <span class='ocr_line' id='line_1_81' title="bbox 227 2281 1017 2318; baseline -0.003 -8"><span class='ocrx_word' id='word_1_681' title='bbox 227 2292 273 2310; x_wconf 82' lang='grc' dir='ltr'><strong>ται</strong></span> <span class='ocrx_word' id='word_1_682' title='bbox 291 2283 362 2310; x_wconf 79' lang='grc' dir='ltr'>κατὰ</span> <span class='ocrx_word' id='word_1_683' title='bbox 373 2282 423 2318; x_wconf 82' lang='grc' dir='ltr'>τὴν</span> <span class='ocrx_word' id='word_1_684' title='bbox 433 2282 518 2317; x_wconf 58' lang='grc' dir='ltr'>,πόλιν</span> <span class='ocrx_word' id='word_1_685' title='bbox 546 2281 662 2317; x_wconf 73' lang='grc' dir='ltr'>Ἰεριχὼ,</span> <span class='ocrx_word' id='word_1_686' title='bbox 688 2281 773 2308; x_wconf 84' lang='grc' dir='ltr'>τύπον</span> <span class='ocrx_word' id='word_1_687' title='bbox 786 2282 837 2317; x_wconf 85' lang='grc' dir='ltr'>τῆς</span> <span class='ocrx_word' id='word_1_688' title='bbox 868 2282 1017 2314; x_wconf 80' lang='grc' dir='ltr'>συντελείας</span> 
     </span>
    </p>
   </div>
   <div class='ocr_carea' id='block_1_82' title="bbox 1068 2280 1863 2321">
    <p class='ocr_par' dir='ltr' id='par_1_82' title="bbox 1078 2280 1863 2318">
     <span class='ocr_line' id='line_1_82' title="bbox 1078 2280 1863 2318; baseline -0.005 -8"><span class='ocrx_word' id='word_1_689' title='bbox 1078 2291 1229 2318; x_wconf 82' lang='lat' dir='ltr'><strong>omnesque</strong></span> <span class='ocrx_word' id='word_1_690' title='bbox 1257 2282 1387 2316; x_wconf 76' lang='lat' dir='ltr'><strong>deinceps</strong></span> <span class='ocrx_word' id='word_1_691' title='bbox 1413 2281 1545 2309; x_wconf 65' lang='lat' dir='ltr'><strong>Ecclesia:</strong></span> <span class='ocrx_word' id='word_1_692' title='bbox 1561 2281 1688 2316; x_wconf 79' lang='lat' dir='ltr'><strong>magistri</strong></span> <span class='ocrx_word' id='word_1_693' title='bbox 1704 2280 1863 2307; x_wconf 86' lang='lat' dir='ltr'><strong>circumive-</strong></span> 
     </span>
    </p>
   </div>
   <div class='ocr_carea' id='block_1_83' title="bbox 227 2330 417 2365">
    <p class='ocr_par' dir='ltr' id='par_1_83' title="bbox 227 2330 417 2365">
     <span class='ocr_line' id='line_1_83' title="bbox 227 2330 417 2365; baseline 0 -9"><span class='ocrx_word' id='word_1_694' title='bbox 227 2330 417 2365; x_wconf 81' lang='grc' dir='ltr'>ὑπάρχουσαν.</span> 
     </span>
    </p>
   </div>
   <div class='ocr_carea' id='block_1_84' title="bbox 1079 2325 1868 2363">
    <p class='ocr_par' dir='ltr' id='par_1_84' title="bbox 1079 2325 1868 2363">
     <span class='ocr_line' id='line_1_84' title="bbox 1079 2325 1868 2363; baseline -0.006 -7"><span class='ocrx_word' id='word_1_695' title='bbox 1079 2335 1160 2362; x_wconf 86' lang='lat' dir='ltr'><strong>runt,</strong></span> <span class='ocrx_word' id='word_1_696' title='bbox 1187 2337 1219 2355; x_wconf 92' lang='lat' dir='ltr'><strong>ac</strong></span> <span class='ocrx_word' id='word_1_697' title='bbox 1247 2327 1488 2363; x_wconf 83' lang='lat' dir='ltr'><strong>resipiscentiam,</strong></span> <span class='ocrx_word' id='word_1_698' title='bbox 1511 2326 1759 2360; x_wconf 86' lang='lat' dir='ltr'><strong>retuissioncmquc</strong></span> <span class='ocrx_word' id='word_1_699' title='bbox 1786 2325 1868 2361; x_wconf 64' lang='lat'><strong>487</strong></span> 
     </span>
    </p>
   </div>
   <div class='ocr_carea' id='block_1_85' title="bbox 230 2371 1869 2411">
    <p class='ocr_par' dir='ltr' id='par_1_85' title="bbox 230 2371 1869 2411">
     <span class='ocr_line' id='line_1_85' title="bbox 230 2371 1869 2411; baseline -0.003 -9"><span class='ocrx_word' id='word_1_700' title='bbox 230 2377 328 2411; x_wconf 83' lang='lat' dir='ltr'><strong>populo</strong></span> <span class='ocrx_word' id='word_1_701' title='bbox 343 2374 661 2410; x_wconf 80' lang='lat' dir='ltr'><strong>renuntiaruntzquihus</strong></span> <span class='ocrx_word' id='word_1_702' title='bbox 676 2373 722 2409; x_wconf 86' lang='lat' dir='ltr'><strong>qui</strong></span> <span class='ocrx_word' id='word_1_703' title='bbox 740 2381 836 2409; x_wconf 88' lang='lat' dir='ltr'><strong>parcre</strong></span> <span class='ocrx_word' id='word_1_704' title='bbox 850 2380 1029 2409; x_wconf 83' lang='lat' dir='ltr'><strong>recusarunt,</strong></span> <span class='ocrx_word' id='word_1_705' title='bbox 1063 2375 1140 2403; x_wconf 87' lang='lat' dir='ltr'><strong>urbis</strong></span> <span class='ocrx_word' id='word_1_706' title='bbox 1169 2373 1292 2405; x_wconf 79' lang='lat' dir='ltr'><strong>.lcriclto,</strong></span> <span class='ocrx_word' id='word_1_707' title='bbox 1318 2380 1379 2407; x_wconf 67' lang='lat' dir='ltr'><strong>quae</strong></span> <span class='ocrx_word' id='word_1_708' title='bbox 1411 2371 1608 2399; x_wconf 82' lang='lat' dir='ltr'><strong>interneciouis</strong></span> <span class='ocrx_word' id='word_1_709' title='bbox 1633 2375 1676 2399; x_wconf 87' lang='lat' dir='ltr'><strong>est</strong></span> <span class='ocrx_word' id='word_1_710' title='bbox 1699 2372 1869 2406; x_wconf 77' lang='lat' dir='ltr'><strong>exemplum,</strong></span> 
     </span>
    </p>
   </div>
   <div class='ocr_carea' id='block_1_86' title="bbox 231 2425 459 2460">
    <p class='ocr_par' dir='ltr' id='par_1_86' title="bbox 231 2425 459 2460">
     <span class='ocr_line' id='line_1_86' title="bbox 231 2425 459 2460; baseline -0.004 -9"><span class='ocrx_word' id='word_1_711' title='bbox 231 2429 347 2460; x_wconf 74' lang='lat' dir='ltr'><strong>pert-unt</strong></span> <span class='ocrx_word' id='word_1_712' title='bbox 362 2425 459 2451; x_wconf 90' lang='lat' dir='ltr'><strong>instar.</strong></span> 
     </span>
    </p>
   </div>
   <div class='ocr_carea' id='block_1_87' title="bbox 264 2480 1024 2516">
    <p class='ocr_par' dir='ltr' id='par_1_87' title="bbox 264 2480 1024 2516">
     <span class='ocr_line' id='line_1_87' title="bbox 264 2480 1024 2516; baseline -0.003 -7"><span class='ocrx_word' id='word_1_713' title='bbox 264 2483 302 2509; x_wconf 80' lang='grc' dir='ltr'><strong>Τὸ</strong></span> <span class='ocrx_word' id='word_1_714' title='bbox 318 2482 464 2514; x_wconf 79' lang='grc' dir='ltr'>ἀλαλάζειν</span> <span class='ocrx_word' id='word_1_715' title='bbox 489 2481 534 2508; x_wconf 78' lang='grc' dir='ltr'><strong>τὸν</strong></span> <span class='ocrx_word' id='word_1_716' title='bbox 548 2481 623 2513; x_wconf 80' lang='grc' dir='ltr'>λαὸν,</span> <span class='ocrx_word' id='word_1_717' title='bbox 650 2481 765 2516; x_wconf 82' lang='grc' dir='ltr'><strong>σημεῖον</strong></span> <span class='ocrx_word' id='word_1_718' title='bbox 785 2480 831 2506; x_wconf 81' lang='grc' dir='ltr'>τοῦ</span> <span class='ocrx_word' id='word_1_719' title='bbox 851 2481 914 2512; x_wconf 67' lang='grc' dir='ltr'>τοὺς</span> <span class='ocrx_word' id='word_1_720' title='bbox 930 2481 1024 2515; x_wconf 79' lang='grc' dir='ltr'>ἁγίους</span> 
     </span>
    </p>
   </div>
   <div class='ocr_carea' id='block_1_88' title="bbox 230 2526 1024 2562">
    <p class='ocr_par' dir='ltr' id='par_1_88' title="bbox 230 2526 1024 2562">
     <span class='ocr_line' id='line_1_88' title="bbox 230 2526 1024 2562; baseline -0.003 -7"><span class='ocrx_word' id='word_1_721' title='bbox 230 2527 450 2562; x_wconf 83' lang='grc' dir='ltr'>ἀναγγέλλοντας</span> <span class='ocrx_word' id='word_1_722' title='bbox 471 2527 716 2562; x_wconf 78' lang='grc' dir='ltr'>ὲπευφραίνεσοαι,</span> <span class='ocrx_word' id='word_1_723' title='bbox 743 2526 790 2552; x_wconf 77' lang='grc' dir='ltr'><strong>καὶ</strong></span> <span class='ocrx_word' id='word_1_724' title='bbox 824 2526 1024 2562; x_wconf 81' lang='grc' dir='ltr'>διηγουμένους</span> 
     </span>
    </p>
   </div>
   <div class='ocr_carea' id='block_1_89' title="bbox 230 2571 1026 2609">
    <p class='ocr_par' dir='ltr' id='par_1_89' title="bbox 230 2571 1026 2609">
     <span class='ocr_line' id='line_1_89' title="bbox 230 2571 1026 2609; baseline -0.003 -9"><span class='ocrx_word' id='word_1_725' title='bbox 230 2574 263 2600; x_wconf 80' lang='grc' dir='ltr'>τὰ</span> <span class='ocrx_word' id='word_1_726' title='bbox 292 2573 425 2609; x_wconf 84' lang='grc' dir='ltr'>μεγαλεῖα</span> <span class='ocrx_word' id='word_1_727' title='bbox 450 2573 498 2600; x_wconf 83' lang='grc' dir='ltr'>τοῦ</span> <span class='ocrx_word' id='word_1_728' title='bbox 527 2573 608 2606; x_wconf 78' lang='grc' dir='ltr'>Θεοῦ,</span> <span class='ocrx_word' id='word_1_729' title='bbox 635 2572 684 2599; x_wconf 75' lang='grc' dir='ltr'>καὶ</span> <span class='ocrx_word' id='word_1_730' title='bbox 703 2572 784 2607; x_wconf 85' lang='grc' dir='ltr'>νίκην</span> <span class='ocrx_word' id='word_1_731' title='bbox 804 2571 854 2605; x_wconf 76' lang='grc' dir='ltr'><strong>τὴν</strong></span> <span class='ocrx_word' id='word_1_732' title='bbox 870 2572 942 2599; x_wconf 78' lang='grc' dir='ltr'>κατὰ</span> <span class='ocrx_word' id='word_1_733' title='bbox 970 2572 1026 2598; x_wconf 84' lang='grc' dir='ltr'><strong>τῶν</strong></span> 
     </span>
    </p>
   </div>
   <div class='ocr_carea' id='block_1_90' title="bbox 230 2622 690 2659">
    <p class='ocr_par' dir='ltr' id='par_1_90' title="bbox 230 2622 690 2659">
     <span class='ocr_line' id='line_1_90' title="bbox 230 2622 690 2659; baseline 0 -10"><span class='ocrx_word' id='word_1_734' title='bbox 230 2623 348 2659; x_wconf 70' lang='grc' dir='ltr'><strong>ἐχθρῶν.</strong></span> <span class='ocrx_word' id='word_1_735' title='bbox 686 2622 690 2624; x_wconf 65' lang='grc'><strong><em>’</em></strong></span> 
     </span>
    </p>
   </div>
   <div class='ocr_carea' id='block_1_91' title="bbox 266 2666 1026 2706">
    <p class='ocr_par' dir='ltr' id='par_1_91' title="bbox 266 2666 1026 2706">
     <span class='ocr_line' id='line_1_91' title="bbox 266 2666 1026 2706; baseline -0.008 -9"><span class='ocrx_word' id='word_1_736' title='bbox 266 2671 303 2697; x_wconf 80' lang='grc' dir='ltr'>Τὸ</span> <span class='ocrx_word' id='word_1_737' title='bbox 315 2669 489 2706; x_wconf 77' lang='grc' dir='ltr'>προϐαδίζειν</span> <span class='ocrx_word' id='word_1_738' title='bbox 508 2669 558 2704; x_wconf 83' lang='grc' dir='ltr'>τῆς</span> <span class='ocrx_word' id='word_1_739' title='bbox 588 2667 708 2695; x_wconf 72' lang='grc' dir='ltr'>κιϐωτοῦ</span> <span class='ocrx_word' id='word_1_740' title='bbox 733 2667 798 2699; x_wconf 75' lang='grc' dir='ltr'>τοὺς</span> <span class='ocrx_word' id='word_1_741' title='bbox 823 2666 971 2702; x_wconf 84' lang='grc' dir='ltr'><strong>μαχίμους,</strong></span> <span class='ocrx_word' id='word_1_742' title='bbox 995 2666 1026 2692; x_wconf 84' lang='grc' dir='ltr'>τὺ</span> 
     </span>
    </p>
   </div>
   <div class='ocr_carea' id='block_1_92' title="bbox 231 2712 1026 2752">
    <p class='ocr_par' dir='ltr' id='par_1_92' title="bbox 231 2712 1026 2752">
     <span class='ocr_line' id='line_1_92' title="bbox 231 2712 1026 2752; baseline -0.008 -9"><span class='ocrx_word' id='word_1_743' title='bbox 231 2718 340 2752; x_wconf 76' lang='grc' dir='ltr'>ἕτοιμον</span> <span class='ocrx_word' id='word_1_744' title='bbox 357 2716 480 2742; x_wconf 85' lang='grc' dir='ltr'>δείκνυσι</span> <span class='ocrx_word' id='word_1_745' title='bbox 496 2715 542 2742; x_wconf 74' lang='grc' dir='ltr'><strong>καὶ</strong></span> <span class='ocrx_word' id='word_1_746' title='bbox 555 2715 609 2741; x_wconf 80' lang='grc' dir='ltr'>τῶν</span> <span class='ocrx_word' id='word_1_747' title='bbox 637 2714 723 2748; x_wconf 86' lang='grc' dir='ltr'>ἁγίων</span> <span class='ocrx_word' id='word_1_748' title='bbox 735 2713 765 2739; x_wconf 76' lang='grc' dir='ltr'>τὸ</span> <span class='ocrx_word' id='word_1_749' title='bbox 778 2712 935 2748; x_wconf 76' lang='grc' dir='ltr'><strong>πρόθυμον·</strong></span> <span class='ocrx_word' id='word_1_750' title='bbox 954 2712 984 2738; x_wconf 77' lang='grc' dir='ltr'>τὸ</span> <span class='ocrx_word' id='word_1_751' title='bbox 997 2712 1026 2738; x_wconf 78' lang='grc' dir='ltr'>δὲ</span> 
     </span>
    </p>
   </div>
   <div class='ocr_carea' id='block_1_93' title="bbox 231 2757 1025 2799">
    <p class='ocr_par' dir='ltr' id='par_1_93' title="bbox 231 2757 1025 2799">
     <span class='ocr_line' id='line_1_93' title="bbox 231 2757 1025 2799; baseline -0.009 -9"><span class='ocrx_word' id='word_1_752' title='bbox 231 2764 280 2799; x_wconf 73' lang='grc' dir='ltr'><strong>τὴν</strong></span> <span class='ocrx_word' id='word_1_753' title='bbox 309 2763 444 2799; x_wconf 72' lang='grc' dir='ltr'>οὐραγίαν</span> <span class='ocrx_word' id='word_1_754' title='bbox 471 2760 641 2793; x_wconf 76' lang='grc' dir='ltr'>ἀκολουθεῖν,</span> <span class='ocrx_word' id='word_1_755' title='bbox 665 2760 697 2787; x_wconf 81' lang='grc' dir='ltr'>τὸ</span> <span class='ocrx_word' id='word_1_756' title='bbox 712 2759 814 2795; x_wconf 79' lang='grc' dir='ltr'><strong>μηδένα</strong></span> <span class='ocrx_word' id='word_1_757' title='bbox 837 2759 892 2785; x_wconf 83' lang='grc' dir='ltr'>δεῖν</span> <span class='ocrx_word' id='word_1_758' title='bbox 914 2758 964 2793; x_wconf 80' lang='grc' dir='ltr'>τῆς</span> <span class='ocrx_word' id='word_1_759' title='bbox 977 2757 1025 2784; x_wconf 80' lang='grc' dir='ltr'>τοῦ</span> 
     </span>
    </p>
   </div>
   <div class='ocr_carea' id='block_1_94' title="bbox 267 2851 778 2885">
    <p class='ocr_par' dir='ltr' id='par_1_94' title="bbox 267 2851 778 2885">
     <span class='ocr_line' id='line_1_94' title="bbox 267 2851 778 2885; baseline -0.004 -6"><span class='ocrx_word' id='word_1_760' title='bbox 267 2853 291 2869; x_wconf 78' lang='grc'>⁸³</span> <span class='ocrx_word' id='word_1_761' title='bbox 311 2853 363 2881; x_wconf 81' lang='lat' dir='ltr'><strong>isa.</strong></span> <span class='ocrx_word' id='word_1_762' title='bbox 379 2861 452 2885; x_wconf 79' lang='lat' dir='ltr'><strong>inv,</strong></span> <span class='ocrx_word' id='word_1_763' title='bbox 467 2853 494 2879; x_wconf 56' lang='grc'><strong>’1.</strong></span> <span class='ocrx_word' id='word_1_764' title='bbox 533 2853 555 2868; x_wconf 62' lang='grc'><strong>³⁵</strong></span> <span class='ocrx_word' id='word_1_765' title='bbox 568 2851 654 2879; x_wconf 70' lang='lat' dir='ltr'><strong>Exod.</strong></span> <span class='ocrx_word' id='word_1_766' title='bbox 674 2851 778 2879; x_wconf 66' lang='lat'><strong>“.14.</strong></span> 
     </span>
    </p>
   </div>
   <div class='ocr_carea' id='block_1_95' title="bbox 823 2847 1088 2880">
    <p class='ocr_par' dir='ltr' id='par_1_95' title="bbox 823 2847 1088 2880">
     <span class='ocr_line' id='line_1_95' title="bbox 823 2847 1088 2880; baseline -0.015 -3"><span class='ocrx_word' id='word_1_767' title='bbox 823 2851 845 2866; x_wconf 63' lang='grc'><strong>⁸⁵</strong></span> <span class='ocrx_word' id='word_1_768' title='bbox 859 2850 954 2877; x_wconf 83' lang='lat' dir='ltr'><strong>Matth.</strong></span> <span class='ocrx_word' id='word_1_769' title='bbox 973 2857 1028 2880; x_wconf 69' lang='lat' dir='ltr'><strong>ut,</strong></span> <span class='ocrx_word' id='word_1_770' title='bbox 1044 2847 1088 2874; x_wconf 65' lang='lat' dir='ltr'><strong>Si.</strong></span> 
     </span>
    </p>
   </div>
   <div class='ocr_carea' id='block_1_96' title="bbox 1117 2473 1870 2515">
    <p class='ocr_par' dir='ltr' id='par_1_96' title="bbox 1117 2473 1870 2515">
     <span class='ocr_line' id='line_1_96' title="bbox 1117 2473 1870 2515; baseline -0.007 -8"><span class='ocrx_word' id='word_1_771' title='bbox 1117 2479 1212 2515; x_wconf 88' lang='lat' dir='ltr'><strong>Populi</strong></span> <span class='ocrx_word' id='word_1_772' title='bbox 1225 2485 1308 2514; x_wconf 90' lang='lat' dir='ltr'><strong>porro</strong></span> <span class='ocrx_word' id='word_1_773' title='bbox 1320 2476 1426 2513; x_wconf 82' lang='lat' dir='ltr'><strong>jubilus</strong></span> <span class='ocrx_word' id='word_1_774' title='bbox 1436 2480 1549 2504; x_wconf 89' lang='lat' dir='ltr'><strong>sanctos</strong></span> <span class='ocrx_word' id='word_1_775' title='bbox 1565 2473 1687 2502; x_wconf 81' lang='lat' dir='ltr'><strong>laetitiam</strong></span> <span class='ocrx_word' id='word_1_776' title='bbox 1701 2474 1870 2504; x_wconf 77' lang='lat' dir='ltr'><strong>renuntiare.</strong></span> 
     </span>
    </p>
   </div>
   <div class='ocr_carea' id='block_1_97' title="bbox 1079 2521 1781 2561">
    <p class='ocr_par' dir='ltr' id='par_1_97' title="bbox 1079 2521 1781 2561">
     <span class='ocr_line' id='line_1_97' title="bbox 1079 2521 1781 2561; baseline -0.01 -6"><span class='ocrx_word' id='word_1_777' title='bbox 1079 2536 1111 2555; x_wconf 89' lang='lat' dir='ltr'><strong>ac</strong></span> <span class='ocrx_word' id='word_1_778' title='bbox 1124 2527 1171 2555; x_wconf 90' lang='lat' dir='ltr'><strong>Dci</strong></span> <span class='ocrx_word' id='word_1_779' title='bbox 1186 2525 1419 2561; x_wconf 74' lang='lat' dir='ltr'><strong>magniﬁcentiam</strong></span> <span class='ocrx_word' id='word_1_780' title='bbox 1436 2528 1654 2551; x_wconf 85' lang='lat' dir='ltr'><strong>commemorare</strong></span> <span class='ocrx_word' id='word_1_781' title='bbox 1667 2521 1781 2549; x_wconf 84' lang='lat' dir='ltr'><strong>indicat.</strong></span> 
     </span>
    </p>
   </div>
   <div class='ocr_carea' id='block_1_98' title="bbox 1116 2657 1875 2696">
    <p class='ocr_par' dir='ltr' id='par_1_98' title="bbox 1116 2657 1875 2696">
     <span class='ocr_line' id='line_1_98' title="bbox 1116 2657 1875 2696; baseline -0.007 -7"><span class='ocrx_word' id='word_1_782' title='bbox 1116 2663 1194 2696; x_wconf 82' lang='lat' dir='ltr'><strong>Quod</strong></span> <span class='ocrx_word' id='word_1_783' title='bbox 1231 2670 1297 2689; x_wconf 69' lang='grc' dir='ltr'>νυνι)</span> <span class='ocrx_word' id='word_1_784' title='bbox 1329 2659 1453 2688; x_wconf 89' lang='lat' dir='ltr'><strong>hciiicosi</strong></span> <span class='ocrx_word' id='word_1_785' title='bbox 1478 2665 1544 2687; x_wconf 87' lang='lat' dir='ltr'><strong>ante</strong></span> <span class='ocrx_word' id='word_1_786' title='bbox 1580 2665 1673 2686; x_wconf 86' lang='lat' dir='ltr'><strong>arcam</strong></span> <span class='ocrx_word' id='word_1_787' title='bbox 1710 2657 1875 2686; x_wconf 84' lang='lat' dir='ltr'><strong>incedebant</strong></span> 
     </span>
    </p>
   </div>
   <div class='ocr_carea' id='block_1_99' title="bbox 1080 2703 1874 2746">
    <p class='ocr_par' dir='ltr' id='par_1_99' title="bbox 1080 2703 1874 2746">
     <span class='ocr_line' id='line_1_99' title="bbox 1080 2703 1874 2746; baseline -0.01 -9"><span class='ocrx_word' id='word_1_788' title='bbox 1080 2708 1302 2746; x_wconf 88' lang='lat' dir='ltr'><strong>promptitudinis</strong></span> <span class='ocrx_word' id='word_1_789' title='bbox 1314 2707 1450 2734; x_wconf 87' lang='lat' dir='ltr'><strong>indiciuut</strong></span> <span class='ocrx_word' id='word_1_790' title='bbox 1462 2710 1515 2740; x_wconf 86' lang='lat' dir='ltr'><strong>est,</strong></span> <span class='ocrx_word' id='word_1_791' title='bbox 1531 2713 1563 2733; x_wconf 89' lang='lat' dir='ltr'><strong>ac</strong></span> <span class='ocrx_word' id='word_1_792' title='bbox 1582 2705 1697 2732; x_wconf 79' lang='lat' dir='ltr'><strong>fortium</strong></span> <span class='ocrx_word' id='word_1_793' title='bbox 1711 2703 1874 2733; x_wconf 89' lang='lat' dir='ltr'><strong>alacritatis.</strong></span> 
     </span>
    </p>
   </div>
   <div class='ocr_carea' id='block_1_100' title="bbox 1080 2750 1875 2788">
    <p class='ocr_par' dir='ltr' id='par_1_100' title="bbox 1080 2750 1875 2788">
     <span class='ocr_line' id='line_1_100' title="bbox 1080 2750 1875 2788; baseline -0.009 -5"><span class='ocrx_word' id='word_1_794' title='bbox 1080 2757 1108 2783; x_wconf 89' lang='lat' dir='ltr'><strong>iu</strong></span> <span class='ocrx_word' id='word_1_795' title='bbox 1124 2755 1212 2783; x_wconf 88' lang='lat' dir='ltr'><strong>cauda</strong></span> <span class='ocrx_word' id='word_1_796' title='bbox 1228 2755 1293 2782; x_wconf 87' lang='lat' dir='ltr'><strong>item</strong></span> <span class='ocrx_word' id='word_1_797' title='bbox 1309 2753 1453 2788; x_wconf 88' lang='lat' dir='ltr'><strong>consequi,</strong></span> <span class='ocrx_word' id='word_1_798' title='bbox 1469 2751 1606 2780; x_wconf 88' lang='lat' dir='ltr'><strong>neminem</strong></span> <span class='ocrx_word' id='word_1_799' title='bbox 1638 2751 1685 2779; x_wconf 86' lang='lat' dir='ltr'><strong>Dei</strong></span> <span class='ocrx_word' id='word_1_800' title='bbox 1709 2751 1796 2779; x_wconf 85' lang='lat' dir='ltr'><strong>aciem</strong></span> <span class='ocrx_word' id='word_1_801' title='bbox 1829 2750 1875 2776; x_wconf 90' lang='lat' dir='ltr'><strong>de-</strong></span> 
     </span>
    </p>
   </div>
   <div class='ocr_carea' id='block_1_101' title="bbox 1717 2836 1873 2865">
    <p class='ocr_par' dir='ltr' id='par_1_101' title="bbox 1717 2836 1873 2865">
     <span class='ocr_line' id='line_1_101' title="bbox 1717 2836 1873 2865; baseline -0.013 0"><span class='ocrx_word' id='word_1_802' title='bbox 1717 2836 1740 2854; x_wconf 71' lang='lat'><em>”</em></span> <span class='ocrx_word' id='word_1_803' title='bbox 1758 2837 1873 2865; x_wconf 82' lang='lat' dir='ltr'><strong>Zacltar.</strong></span> 
     </span>
    </p>
   </div>
   <div class='ocr_carea' id='block_1_102' title="bbox 1128 2839 1663 2878">
    <p class='ocr_par' dir='ltr' id='par_1_102' title="bbox 1128 2839 1663 2878">
     <span class='ocr_line' id='line_1_102' title="bbox 1128 2839 1663 2878; baseline -0.011 -4"><span class='ocrx_word' id='word_1_804' title='bbox 1128 2846 1149 2862; x_wconf 58' lang='lat' dir='ltr'><strong>M‘</strong></span> <span class='ocrx_word' id='word_1_805' title='bbox 1168 2845 1240 2874; x_wconf 79' lang='lat' dir='ltr'><strong>Psai.</strong></span> <span class='ocrx_word' id='word_1_806' title='bbox 1254 2852 1319 2878; x_wconf 71' lang='lat' dir='ltr'><strong>XV“,</strong></span> <span class='ocrx_word' id='word_1_807' title='bbox 1335 2843 1357 2869; x_wconf 65' lang='grc' dir='ltr'>ι.</span> <span class='ocrx_word' id='word_1_808' title='bbox 1415 2841 1437 2857; x_wconf 78' lang='grc'><strong>⁸⁷</strong></span> <span class='ocrx_word' id='word_1_809' title='bbox 1453 2840 1525 2870; x_wconf 86' lang='lat' dir='ltr'><strong>Psal.</strong></span> <span class='ocrx_word' id='word_1_810' title='bbox 1542 2849 1619 2874; x_wconf 78' lang='lat' dir='ltr'><strong>mn,</strong></span> <span class='ocrx_word' id='word_1_811' title='bbox 1638 2839 1663 2867; x_wconf 85' lang='lat'><strong>6.</strong></span> 
     </span>
    </p>
   </div>
   <div class='ocr_carea' id='block_1_103' title="bbox 233 2882 1163 2921">
    <p class='ocr_par' dir='ltr' id='par_1_103' title="bbox 233 2882 1163 2921">
     <span class='ocr_line' id='line_1_103' title="bbox 233 2882 1163 2921; baseline -0.01 -4"><span class='ocrx_word' id='word_1_812' title='bbox 233 2897 270 2921; x_wconf 89' lang='lat' dir='ltr'><strong>tx,</strong></span> <span class='ocrx_word' id='word_1_813' title='bbox 291 2890 332 2917; x_wconf 76' lang='grc' dir='ltr'><strong>Η.</strong></span> <span class='ocrx_word' id='word_1_814' title='bbox 370 2889 393 2905; x_wconf 61' lang='grc'>⁸³</span> <span class='ocrx_word' id='word_1_815' title='bbox 411 2882 507 2916; x_wconf 76' lang='lat' dir='ltr'><strong>Matth.</strong></span> <span class='ocrx_word' id='word_1_816' title='bbox 527 2889 607 2921; x_wconf 68' lang='lat'><strong>“1,2.</strong></span> <span class='ocrx_word' id='word_1_817' title='bbox 647 2885 781 2914; x_wconf 72' lang='lat' dir='ltr'><strong>“&quot;Jcrcm.</strong></span> <span class='ocrx_word' id='word_1_818' title='bbox 801 2894 836 2918; x_wconf 76' lang='lat' dir='ltr'><strong>ri,</strong></span> <span class='ocrx_word' id='word_1_819' title='bbox 855 2886 897 2913; x_wconf 79' lang='grc' dir='ltr'><strong>Π.</strong></span> <span class='ocrx_word' id='word_1_820' title='bbox 936 2886 955 2899; x_wconf 75' lang='grc'><strong>¹¹¹</strong></span> <span class='ocrx_word' id='word_1_821' title='bbox 980 2884 1030 2912; x_wconf 75' lang='lat' dir='ltr'><strong>isa.</strong></span> <span class='ocrx_word' id='word_1_822' title='bbox 1047 2891 1122 2915; x_wconf 79' lang='lat' dir='ltr'><strong>Lvtu,</strong></span> <span class='ocrx_word' id='word_1_823' title='bbox 1142 2882 1163 2909; x_wconf 91' lang='lat' dir='ltr'><strong>l.</strong></span> 
     </span>
    </p>
   </div>
  </div>
