2086 3160
185 143 252 176 1017
765 147 974 178 COMMENTA

1029 147 1038 176 l
1054 146 1097 178 IN
1112 146 1242 178 JOSUE.
1749 142 1817 175 1018

180 207 301 235 namque
318 206 385 234 opes
400 199 487 228 libido
508 201 702 237 consequitur.
720 203 835 238 gloriam
855 211 919 229 vero
938 203 1023 230 animi
1039 203 1123 230 elatio
1148 210 1196 230 seu
1213 200 1363 238 despectio,
1379 201 1529 237 petet-tiam
1557 199 1682 233 ambitio,
1711 201 1822 235 sapient-

181 245 247 271 tiam
263 252 345 279 porro
366 244 487 273 fucatam
508 247 668 281 dogmatum
683 248 812 274 varietas.
828 246 967 280 Quocirca
980 255 1034 274 non
1048 247 1187 274 immerito
1199 246 1302 274 Paulus
1315 255 1322 274 :
1340 256 1350 272 I
1369 247 1398 274 Si
1413 246 1476 281 quis
1487 246 1559 272 inter
1569 252 1618 272 vos
1631 250 1674 272 est
1696 244 1821 280 sapiens,

179 289 281 317 stultus
308 288 356 316 iiat
379 293 409 316 ut
430 289 531 317 evadat
545 291 668 326 sapiens.
683 291 824 326 Sapientia
837 291 910 318 enim
937 291 1032 318 mundi
1062 291 1147 326 hujus
1166 291 1285 318 stultitia
1299 298 1392 317 coram
1412 289 1468 317 Deo
1480 293 1522 318 est
1535 289 1569 316 ".
1594 297 1603 315 ι
1617 289 1711 316 Achan
1726 289 1820 324 itaque

178 341 258 360 secus
270 333 298 360 iu
313 333 434 368 seipsum
451 334 516 369 egit,
528 342 591 362 cum
610 335 767 369 hujusmo-Ii
783 335 922 370 quidpiam
938 334 996 362 noti
1008 343 1040 362 ex
1055 336 1187 364 thesauro
1195 335 1313 366 Domini,
1326 334 1410 370 488
1432 340 1523 362 verum
1535 342 1569 361 ex
1581 333 1682 361 mundo
1691 332 1773 361 veluti
1785 340 1819 361 ex

178 377 288 404 Jericho
297 377 468 405 abstulisset.
488 378 575 406 Porro
590 379 693 407 furtum
714 377 857 415 Scriptura
882 380 920 407 sit
934 382 1026 408 tenuis
1042 387 1074 407 ac
1097 381 1166 407 varii
1192 379 1264 414 sagi,
1287 378 1443 414 chlamydis
1473 378 1537 405 item
1557 379 1706 413 variegatze
1721 377 1817 405 fuisse.

179 420 272 448 Vestis
287 421 331 448 illa
344 421 474 449 militaris
488 423 632 450 avaritiam
658 423 783 451 denotat.
808 423 959 459 Argentum
980 432 1045 452 vero
1061 425 1174 457 ligurum
1202 423 1321 451 sustinet
1339 422 1508 458 splendoris,
1535 429 1619 450 aurea
1640 422 1706 449 item
1725 422 1818 457 lingua

178 465 322 499 sapientiae
335 466 436 493 Graeca:
451 471 565 502 propter
578 467 727 495 verborum
743 467 907 503 dignitatem
925 471 952 495 et
969 468 1168 503 praestantiam,
1181 466 1412 502 signiﬁcationem
1430 465 1523 493 habet.

213 512 265 538 Σὺν
276 512 350 548 πάσῃ
367 513 514 549 συγγενείᾳ
527 514 575 541 καὶ
593 515 693 550 κτήσει
712 515 811 542 τοῦτον
824 516 973 551 ἠφάνισαν,

1062 516 1195 542 Cat-terum
1214 521 1277 541 cum
1296 518 1352 541 tota
1381 521 1431 542 sua
1450 513 1617 549 cognatione
1639 519 1671 540 ac
1700 512 1818 540 fortunis

177 559 373 592 ἀναγαγόντες,
386 560 479 594 φησὶν,
492 561 532 592 είς
553 560 718 596 Ἑμεκαχώρ
728 569 734 576 ·
750 561 820 597 ὅπερ
838 561 973 594 ἐξέδωκαν

177 605 328 632 Θεοδοτιι-ιν
343 605 391 632 καὶ
406 606 566 641 Σύμμαχος,
582 606 687 640 κοιλὰς
716 607 819 642 Ἀχώρ.
832 609 929 635 Κεῖται
944 608 974 634 δὲ

179 651 207 676 ἐν
219 650 336 686 βορείοις
353 651 494 687 Ἱεριχοῦς,
508 654 548 684 είς
560 653 601 679 ἔτι
618 653 667 680 νῦν
677 653 749 680 οὕτω
763 654 832 689 πρὺς
848 654 903 680 τῶν
914 655 974 680 ἐπι-

178 699 288 734 χωρίων
302 698 459 733 λεγόμενον.
476 698 568 734 Ἀχὼρ
582 699 622 732 δὲ,
637 699 805 733 διαστροφὴ
819 698 975 734 ἑρμηνεύε-

178 753 234 771 ται.
248 745 318 776 Τοὺς
334 744 363 771 δὲ
381 745 630 780 διεστραμμένους,
652 745 699 771 καὶ
715 746 775 776 ταῖς
798 744 884 775 θείαις
901 745 974 771 ἐντο-

178 791 239 822 λαῖς
250 790 465 825 ἀπειθήσαντας,
480 792 494 818 ό
505 787 649 822 ἀποδιδοὺς
661 790 771 825 ἑκάστῳ
785 790 855 817 κατὰ
863 789 896 816 τὰ
906 789 975 825 ἔργα

179 837 280 869 αὑτοῦ,
302 837 350 864 καὶ
371 837 468 865 τούτου
488 837 568 873 χάριν
591 837 759 872 ἐρχόμενος,
778 837 819 868 είς
843 837 975 872 φάραγγα

178 883 225 909 τδν
250 882 318 918 ᾅδην
356 882 485 918 ἐμϐαλὼν
512 882 642 910 ἀπολέσει
668 881 772 914 κακῶς.
791 882 858 914 Θεὸς
881 881 975 908 δὲκαὶ

179 927 268 963 τιμῶν
282 926 413 962 ἀγαθοὺς,
429 925 477 954 καὶ
489 927 627 963 πονηροὺς
638 927 857 962 τιμωρούμενος,
873 926 907 953 δι’
920 927 976 961 ἀμ-

180 973 242 1008 φοῖν
251 973 317 1005 τοὺς
334 973 498 1009 ἀνθρώπους
523 974 722 1009 προτρέπεται.
746 973 817 1004 Τοὺς
839 972 867 999 δὲ
888 981 975 1008 προσ-

181 1019 299 1053 ήκοντας
314 1018 403 1056 Ἀχαρ
416 1019 454 1051 ὼς
464 1019 621 1052 συνειδότας
638 1019 775 1047 ἀπώλεσε.
798 1018 852 1046 Τοῦ
865 1018 894 1045 δὲ
908 1017 976 1045 Θεοῦ

181 1065 387 1100 κατακαυθῆναι
413 1066 637 1101 προστάξαντος,
667 1065 843 1097 λιθόλευστος
870 1065 976 1099 γίνεται

181 1110 225 1137 διὰ
239 1110 356 1146 σφοδρὰν
376 1111 465 1147 ὁρμὴν
487 1110 535 1138 τοῦ
558 1111 637 1145 λαοῦ,
656 1112 693 1148 μὴ
711 1111 909 1146 ἀναμείναντος
929 1110 975 1138 τοῦ

182 1157 298 1184 θανάτου
321 1157 368 1184 τὸν
384 1158 486 1194 τρόπον
513 1158 622 1194 μαθεῖν,
651 1157 810 1190 δεικνύντος
834 1157 977 1194 ἀλλότριον

183 1203 278 1230 ἑαυτὸν
293 1203 340 1230 τοῦ
356 1203 606 1239 πλημμελήματος.
625 1204 697 1231 Ἀλλ’
720 1204 734 1231 ὁ
756 1204 805 1239 μὲν
828 1203 922 1231 δίδωσι
937 1202 976 1229 δί-
994 1197 1014 1224 Β

182 1258 245 1282 κην,
262 1250 279 1285 ὴ
300 1249 329 1277 δὲ
356 1250 504 1286 συναγωγὴ
525 1251 595 1285 πρὸς
616 1250 759 1277 εὐσέϐειαν
784 1249 977 1284 ἀσφαλεστέρα

183 1295 356 1327 καθίσταται,
366 1295 523 1331 φοϐουμένη
539 1296 588 1332 τὴν
603 1295 768 1332 ίεροσυλίαν,
780 1295 818 1327 ὡς
829 1295 878 1331 τὴν
891 1293 977 1332 ἧτταν

183 1343 362 1377 γεννήσασαν.
376 1341 450 1378 Αὕτη
467 1341 496 1368 δὲ
509 1343 565 1373 τοῖς
587 1341 637 1377 μὲν
649 1341 792 1377 πολεμίοις
806 1341 884 1368 οὐδὲν
905 1341 976 1376 μέγα

183 1389 371 1424 παρέσχηκεν,
383 1388 483 1424 ἄνδρας
500 1389 522 1415 λ’
534 1388 582 1415 καὶ
596 1388 637 1421 ἒξ,
652 1387 701 1414 καὶ
715 1388 895 1415 ἀποκτείνασι
910 1388 978 1415 πάν-

182 1444 237 1466 τως
249 1435 312 1467 τοὺς
331 1434 361 1461 ὲν
377 1434 526 1470 ἁμαρτίαις
541 1434 666 1470 χείρονας
680 1455 686 1465 ,
703 1434 777 1461 ίδίων
797 1434 977 1469 πταισμάτων

183 1480 334 1515 ὑπέχοντας
347 1480 376 1507 ὲν
387 1480 477 1516 καιρῷ
488 1479 635 1516 τιμωρίαν,
647 1479 677 1506 οὗ
690 1479 914 1515 παραδεδωκότος
926 1481 977 1506 αὑ-

182 1527 246 1558 τοὺς
260 1526 308 1553 τοῦ
324 1526 403 1558 Θεοῦ,
420 1526 458 1561 μὴ
476 1526 602 1561 συνήθως
613 1526 642 1552 δὲ
657 1526 845 1562 βοηθήσαντος
857 1525 890 1552 δι’
903 1527 978 1552 οίκο-

182 1573 292 1608 νομίαν.
318 1572 389 1599 Ἀλλ’
402 1571 464 1599 οὐδὲ
483 1572 596 1607 παρεῖδε
613 1572 766 1604 παντελῶς.
785 1569 823 1599 Ἦ
845 1572 901 1607 (57)
922 1572 978 1607 γὰρ

183 1618 217 1644 ἂν
233 1618 263 1644 οὐ
293 1617 418 1644 τοσοῦτοι
437 1617 519 1652 μόνον
535 1616 687 1644 ἀπώλοντο.
704 1617 759 1644 Καὶ
778 1616 862 1651 ἄλογα
883 1617 911 1643 δὲ
929 1617 978 1644 σὺν

182 1664 298 1699 ἀψύχοις
309 1664 452 1699 ἠφάνιστο,
465 1664 503 1695 ὡς
518 1663 685 1699 μολυνθέντα
705 1663 744 1699 τῷ
765 1663 916 1699 κλέμματι,
931 1663 978 1690 καὶ

184 1709 298 1746 μηδενὸς
310 1709 402 1736 αὐτῶν
427 1709 553 1744 μετέχειν
574 1708 749 1743 ὀφείλοντος,
775 1708 823 1736 τοῦ
846 1709 896 1744 τῆς
912 1709 978 1736 ἀσε-

183 1756 260 1785 ϐείας
284 1755 418 1791 μεγέθους
445 1755 517 1782 οὕτω
544 1755 646 1791 μᾶλλον
668 1754 895 1790 ἐμφανισθέντος.
924 1755 978 1782 Καὶ

184 1801 287 1837 μᾶλλον
301 1800 335 1829 αὖ
355 1801 530 1837 εφοϐήθησαν
544 1800 665 1836 ὁρῶντες
678 1801 727 1828 τοῦ
744 1801 813 1828 Θεοῦ
828 1802 879 1837 τὴν
893 1801 978 1837 ὀργὴν

183 1849 232 1875 καὶ
245 1847 328 1884 μέχρι
337 1847 439 1875 τούτων
454 1848 631 1883 χωρήσασαν.
647 1847 731 1875 Ἀλλὰ
743 1848 790 1875 καὶ
803 1847 859 1874 τῶν
873 1848 978 1883 Ἱεριχὼ

184 1893 293 1920 πάντων
306 1892 494 1920 ἀνατεθέντων
510 1889 582 1928 Θεῷ,
597 1892 658 1924 πῶς
672 1892 748 1928 αὐτῷ
763 1893 798 1919 τὰ
823 1892 912 1928 κλοπῇ
927 1900 978 1926 μο-

183 1939 315 1966 λυνθέντα
330 1939 517 1975 παρέσχοντο;
530 1938 579 1965 καὶ
591 1937 688 1973 ἕτερον
701 1937 730 1964 δὲ
745 1937 828 1964 πάλιν
844 1937 980 1972 ᾠκονόμει

183 1984 228 2011 διὰ
239 1984 342 2011 τούτων
370 1983 448 2016 Θεός.
477 1983 667 2010 Πεπτωκό-ιων
693 1982 749 2019 γὰρ
773 1983 829 2009 τῶν
850 1982 981 2018 Ἱεριχοῦς

184 2031 347 2066 αὐτομάτως
360 2030 471 2066 τειχῶν,
482 2031 500 2066 ἢ
513 2030 615 2062 πάντες
626 2031 651 2057 οἱ
669 2029 856 2064 Παλαιστίνην
872 2029 981 2056 οἰκοῦν-

184 2085 230 2108 τες
241 2077 339 2112 τειχῶν
351 2077 416 2103 εῐσω
427 2076 583 2111 παρέμενον
606 2075 694 2102 ταῦτα
714 2075 812 2102 παθεῖν
829 2075 981 2110 προσδοκή-

185 2130 295 2155 σαντες,
313 2123 362 2150 καὶ
386 2121 421 2158 ἢν
443 2122 537 2149 λοιπὸν
552 2115 670 2157 ὀχληρὸν
683 2130 714 2148 τε
731 2121 777 2148 χαὶ
805 2114 981 2157 πολυχρόνιον

185 2169 290 2206 ἑκάστῃ
305 2170 382 2197 πόλει
397 2169 443 2196 τδν
462 2169 545 2196 αὺτδν
558 2168 718 2203 εἰσάγεσθαι
741 2167 844 2204 τρόπον
856 2175 863 2183 ·
877 2167 894 2204 ἢ
912 2167 982 2203 προς

186 2216 306 2243 ἱκετείαν
322 2215 484 2251 χωρούντων
495 2215 543 2242 ἐπὶ
553 2214 594 2250 τῷ
606 2214 727 2250 σωθῆναι
737 2223 744 2230 ·
754 2213 931 2245 δουλεύοντας
943 2214 982 2246 ὡς

185 2263 210 2288 εί
223 2261 405 2294 Γαϐαωνῖται,
420 2261 482 2292 δέος
494 2259 528 2297 ἦν
538 2259 572 2288 ὲκ
583 2260 632 2287 τοῦ
648 2261 786 2287 συνοικεῖν
798 2260 981 2295 μεταὼθῆναι

186 2308 237 2343 τῆς
253 2307 344 2334 αὐτῶν
360 2306 488 2339 ἀσεϐείας
503 2306 543 2342 τῷ
569 2306 628 2342 λαῷ
646 2306 693 2333 τοῦ
710 2306 790 2334 Θεοῦ.
812 2306 860 2338 Et;
876 2306 909 2341 ἢν
934 2305 982 2332 καὶ

187 2354 302 2390 μηδενὸς
315 2354 486 2387 ἀπατῶντος,
497 2353 671 2381 ὠλίσοαινον.
692 2351 750 2380 Νῦν
767 2353 796 2380 δὲ
818 2352 862 2379 διὰ
872 2353 923 2388 τὴν
934 2349 983 2388 ἦτ-

187 2409 237 2428 ταν
252 2400 442 2437 θαρρήσαντες
456 2401 480 2427 oi
497 2399 655 2435 ἀλλόφυλοι,
672 2399 744 2435 τύχῃ
757 2399 812 2425 τινὶ
826 2398 874 2426 καὶ
888 2397 981 2433 ψεύδει

186 2446 222 2473 τὰ
235 2446 368 2481 γεγονότα
382 2445 561 2481 παρέχοντες,
579 2445 629 2472 καὶ
646 2443 786 2480 πανδημεὶ
800 2443 894 2470 λοιπὸν
912 2452 983 2470 παν-

187 2492 301 2528 ταχόθεν
315 2491 433 2524 ἐξιόντες
448 2490 715 2526 ἀπώλοντο,μακροῦ
728 2489 848 2524 πολέμου
863 2489 912 2516 καὶ
923 2497 982 2524 τρι-

1025 560 1154 588 omnibus
1175 567 1208 587 ex
1230 559 1371 587 hominum
1387 559 1521 586 memoria
1545 566 1608 585 eum
1633 557 1817 590 sustulerunt,

1025 607 1186 638 abductum,
1215 610 1245 632 ιιι
1269 605 1359 632 littera
1384 605 1476 637 habet,
1501 605 1528 631 in
1555 604 1718 637 Emecabor,
1743 603 1818 638 quod

1026 652 1195 679 Theodotion
1212 655 1238 678 et
1249 650 1444 686 Symmachus,
1458 658 1584 678 cavernas
1602 649 1703 681 Achar,
1723 648 1819 676 reddi-

1025 698 1135 726 derunt.
1150 697 1226 725 Situs
1242 705 1308 725 vero
1320 697 1398 724 locus
1418 702 1461 725 est
1481 704 1496 723 a
1514 696 1722 732 septentrionali
1741 699 1818 731 parte

1025 743 1112 779 ipsius
1139 742 1261 771 Jericho.
1285 744 1336 776 Qui
1358 743 1508 771 etiamnum
1523 743 1555 770 ad
1569 743 1674 770 incolas
1690 742 1743 770 hoc
1766 749 1819 769 no-

1026 790 1109 818 minis
1125 791 1243 818 obtinet.
1262 789 1339 817 Licet
1356 797 1421 817 vero
1434 789 1526 817 Achor
1548 789 1754 824 perversitatem
1773 789 1818 816 in-

1027 837 1182 872 terpretari.
1197 835 1264 863 Nam
1282 843 1436 871 perversos.
1453 843 1485 863 ac
1501 835 1693 862 mandatorttm
1708 834 1818 862 divino-

1026 891 1087 911 rutu
1103 883 1291 914 insidiatores,
1304 883 1328 909 is
1340 883 1386 917 qui
1399 881 1548 919 unicuique
1560 881 1649 908 reddit
1664 881 1818 909 secundum

1026 937 1109 965 opera
1127 937 1190 962 sua,
1204 929 1251 965 qui
1269 937 1330 956 eam
1347 937 1457 965 quoque
1481 929 1518 957 ob
1546 935 1659 956 causam
1685 928 1712 955 in
1729 932 1818 955 terras

1027 974 1146 1006 redibit.
1177 974 1205 1001 in
1234 974 1448 1009 profunditatem
1473 973 1650 1001 tenebrarum
1678 973 1818 1008 proiectos

1028 1021 1099 1047 male
1119 1020 1223 1055 perdet.
1248 1020 1385 1047 Caeterum
1413 1019 1484 1047 Deus
1499 1020 1546 1055 qui
1563 1019 1664 1054 probos
1679 1019 1706 1046 in
1728 1019 1818 1054 pretio

1028 1067 1127 1100 habet,
1147 1067 1288 1102 improbos
1313 1073 1380 1094 vero
1408 1067 1498 1101 punit,
1520 1066 1664 1093 amborum
1692 1065 1818 1100 exemplo

1028 1111 1154 1139 homines
1173 1111 1206 1138 ad
1230 1116 1305 1139 recte
1331 1111 1467 1146 agendum
1491 1110 1619 1145 impellit.
1645 1110 1732 1137 Simul
1752 1117 1818 1138 vero

1028 1166 1091 1185 cum
1107 1158 1202 1185 Achan
1217 1158 1390 1193 propinquos
1405 1157 1495 1192 ipsius
1516 1156 1648 1192 perdidit,
1662 1157 1735 1192 quod
1752 1156 1818 1184 faci-

1029 1204 1104 1231 noris
1126 1203 1213 1237 ipsius
1231 1203 1335 1230 conscii
1363 1202 1492 1230 fuissent.
1512 1203 1546 1228 At
1565 1209 1628 1230 cum
1652 1201 1724 1230 Deus
1740 1203 1818 1229 llam-

1029 1257 1101 1277 mam
1115 1249 1224 1277 absumi
1238 1249 1427 1285 przecepisset.
1451 1248 1588 1283 lapidibus
1608 1248 1746 1276 obruitur.
1763 1247 1816 1276 Ρο-

1029 1296 1109 1331 pulus
1122 1295 1194 1323 enim
1209 1299 1319 1330 propter
1333 1294 1489 1322 aﬂ‘ectionis
1503 1294 1704 1322 vehementiam
1719 1294 1818 1322 mortis

1027 1350 1115 1378 genus
1129 1349 1297 1377 cognoscere
1308 1349 1362 1368 non
1378 1340 1522 1373 sustinuit,
1544 1348 1628 1375 seque
1643 1340 1677 1368 ab
1690 1340 1741 1368 hoc
1751 1340 1819 1368 deli-

1028 1393 1072 1417 cto
1091 1389 1210 1416 alienum
1237 1395 1321 1419 esse.
1353 1392 1395 1415 est
1419 1391 1549 1415 testatus.
1573 1387 1821 1415 Verumenimvero

1029 1435 1087 1470 ipse
1101 1435 1213 1469 quidem
1231 1442 1327 1469 poenas
1347 1435 1404 1466 dat,
1420 1438 1510 1462 cmtus
1524 1441 1589 1462 vero
1604 1434 1698 1468 populi
1713 1433 1746 1460 ad
1758 1432 1820 1468 pie-

1029 1486 1112 1508 tatem
1130 1481 1252 1509 redditur
1271 1481 1445 1513 instructior.
1461 1481 1591 1508 cautione
1605 1480 1742 1515 sacrilegii
1759 1484 1819 1507 tan-

1029 1535 1111 1563 quam
1127 1528 1164 1555 rei
1183 1527 1318 1563 pestil’era:
1331 1528 1370 1555 eis
1384 1527 1528 1555 subeunte.
1552 1526 1682 1554 Hostibus
1696 1533 1761 1553 vero
1775 1525 1818 1552 in-

1028 1573 1108 1600 terim
1125 1580 1179 1600 non
1198 1573 1313 1600 multmn
1339 1573 1408 1600 lucri
1427 1572 1530 1605 attulit,
1548 1571 1660 1607 triginta
1677 1579 1725 1599 sex
1750 1571 1819 1599 viris

1028 1619 1129 1647 occisis
1142 1619 1215 1651 licet,
1232 1619 1278 1654 qui
1294 1620 1424 1654 quoniam
1442 1619 1511 1646 forte
1527 1618 1678 1646 deteriores
1695 1617 1740 1645 alii
1760 1617 1820 1645 fue-

1028 1670 1102 1698 rant,
1112 1670 1268 1701 opportune
1281 1673 1395 1694 suorum
1413 1664 1575 1693 delictorum
1588 1665 1697 1692 luerunt
1714 1663 1820 1699 suppli-

1029 1713 1113 1740 cium.
1126 1712 1220 1748 Itaque
1234 1713 1360 1748 quamvis
1374 1711 1445 1740 Deus
1458 1711 1567 1746 quidem
1580 1711 1656 1746 ipsos
1672 1718 1726 1737 non
1744 1710 1821 1737 abdi-

1029 1758 1110 1790 carit,
1123 1765 1171 1785 seu
1187 1758 1213 1785 in
1229 1758 1381 1792 periculum
1399 1757 1497 1785 mortis
1508 1756 1668 1792 coniecerit,
1685 1758 1763 1784 certo
1779 1759 1821 1782 ta-

1030 1811 1091 1831 men
1107 1804 1226 1831 consilio
1244 1809 1406 1832 consuetum
1427 1802 1469 1831 eis
1498 1803 1633 1831 auxilium
1665 1801 1821 1838 denegavit,

1030 1857 1096 1877 cura
1111 1858 1165 1878 non
1190 1850 1266 1878 omni
1281 1856 1376 1877 eorum
1402 1849 1521 1885 abjecta,
1548 1847 1650 1884 alioqui
1668 1849 1741 1876 enim
1765 1855 1821 1874 non

1031 1901 1086 1922 tam
1104 1903 1189 1930 parvo
1207 1896 1357 1931 periissent
1386 1896 1474 1924 solum
1505 1902 1631 1923 numero.
1650 1894 1735 1922 Porro
1756 1901 1824 1922 vero

1031 1941 1110 1969 bruta
1125 1949 1235 1977 quoque
1252 1949 1315 1969 cum
1334 1942 1494 1969 iuanimatis
1507 1947 1572 1970 sunt
1587 1941 1688 1973 deleta,
1704 1948 1737 1968 co
1748 1939 1823 1975 quod

1032 1987 1106 2015 furto
1129 1988 1189 2023 ipsa
1216 1995 1327 2022 quoque
1354 1988 1411 2015 sint
1438 1988 1553 2023 polluta,
1574 1991 1602 2014 et
1626 1987 1697 2022 quod
1716 1987 1823 2013 nulltnu

1031 2041 1127 2061 eorum
1146 2033 1283 2068 particeps
1299 2033 1360 2068 ejus
1376 2041 1438 2061 esse
1455 2033 1593 2065 debuerit,
1619 2032 1739 2067 denique
1759 2039 1826 2059 vero

1032 2084 1061 2106 ut
1073 2078 1225 2114 impietatis
1237 2079 1396 2114 magnitudo
1410 2086 1442 2106 eo
1452 2078 1727 2114 tuagiselucescerel,
1739 2077 1825 2105 adeo-

1031 2132 1085 2159 quc
1105 2128 1276 2159 spectatores
1296 2125 1333 2153 rei
1355 2126 1422 2152 iram
1446 2125 1505 2156 Da-i,
1522 2133 1584 2160 qnze
1601 2125 1635 2152 ad
1664 2132 1695 2151 ea
1713 2131 1825 2159 quoque

1032 2177 1171 2206 serpserat
1191 2171 1380 2199 vehementius
1405 2170 1627 2199 extimescerent.
1652 2171 1733 2206 Atqui
1760 2177 1824 2197 cum

1031 2217 1125 2245 omnia
1139 2218 1211 2245 bona
1224 2216 1337 2245 Jericho
1363 2217 1418 2245 Deo
1434 2218 1490 2245 sint
1515 2217 1626 2249 donata,
1648 2225 1703 2252 qua
1718 2217 1825 2244 ratione

1032 2270 1064 2290 ea
1085 2271 1196 2298 qunque
1218 2270 1280 2298 quae
1306 2263 1411 2291 furtum
1436 2264 1581 2299 polluerat,
1599 2264 1623 2291 ei
1639 2270 1703 2291 sunt
1716 2263 1827 2290 oblata?

1032 2311 1114 2339 Aliud
1128 2318 1193 2338 vero
1215 2311 1314 2338 iterum
1337 2311 1380 2340 his
1400 2311 1564 2339 instituebat
1582 2311 1671 2345 Deus;
1684 2319 1747 2338 nam
1761 2319 1825 2339 cum

1033 2356 1135 2383 mmnia
1148 2354 1260 2384 Jcricho
1270 2358 1344 2385 ultro
1355 2358 1541 2390 corruissent,
1559 2358 1656 2385 incol-.2
1674 2357 1827 2386 Palaestina;

1033 2409 1063 2429 se
1078 2402 1120 2428 vel
1138 2401 1211 2428 intra
1235 2402 1336 2430 mcenia
1358 2403 1564 2437 continuerunt,
1582 2405 1764 2439 eumtlemque
1783 2404 1827 2431 sui

1033 2451 1161 2474 eventum
1182 2453 1389 2483 exspectaruut.
1412 2451 1447 2476 At
1463 2457 1544 2484 quam
1561 2449 1716 2481 molestum.
1733 2450 1827 2478 taedio-

1033 2500 1150 2528 sumque
1175 2493 1265 2522 cuivis
1300 2494 1404 2522 civitati
1433 2495 1509 2522 hunc
1538 2496 1649 2523 modutn
1682 2503 1829 2530 capessere

187 2538 240 2573 ϐῆς
255 2538 301 2565 τὸν
322 2537 427 2573 Ἰησοῦν
451 2537 669 2569 ἀπαλλάξαντες,
690 2537 809 2571 Ἔστησε
833 2535 888 2571 γὰρ
907 2535 978 2571 αὐτῷ

1034 2539 1111 2565 erat?
1125 2541 1180 2566 Aut
1196 2540 1220 2568 si
1232 2541 1372 2576 supplices
1389 2541 1516 2569 servituti
1526 2549 1556 2569 se
1572 2548 1627 2576 quo
1640 2545 1827 2572 servarentur,

189 2585 236 2610 καὶ
246 2584 293 2610 τὸν
303 2584 380 2619 ἥλιον
396 2584 410 2610 ὁ
427 2583 523 2610 τούτου
539 2582 671 2618 ποιητὴς,
696 2583 728 2618 τῇ
750 2581 815 2618 νίκῃ
836 2581 914 2613 τέλος
926 2581 981 2608 δω-

190 2629 332 2665 ρούμενος.
349 2629 380 2656 Εἰ
396 2629 488 2656 τοίνυν
501 2630 558 2665 (58)
571 2630 588 2664 ἡ
606 2628 662 2655 τῶν
682 2627 782 2663 ὀλίγων
802 2627 981 2663 Ἰσραηλιτῶν

189 2674 273 2710 φυγὴ,
283 2673 330 2701 τὸν
342 2674 392 2709 μὲν
401 2674 540 2710 ἱερόσυλον
551 2674 600 2701 καὶ
613 2674 678 2706 τοὺς
688 2673 843 2706 συνειδότας
854 2673 980 2706 ἐκόλασε,

222 2735 232 2751 ³
248 2735 334 2763 lCor.
348 2742 391 2769 ιιι,
406 2735 450 2764 18.

1035 2585 1264 2619 obstrinxissent,
1280 2591 1309 2614 ut
1326 2586 1497 2619 Gabaonitm,
1518 2594 1551 2614 ne
1570 2586 1618 2614 Dei
1645 2586 1746 2622 populo
1760 2585 1828 2613 viei-

1035 2629 1120 2657 nitate
1137 2638 1215 2658 suam
1235 2631 1402 2665 impietatem
1418 2632 1445 2659 in
1456 2639 1539 2667 quain
1557 2632 1630 2659 ultro
1652 2630 1829 2659 collabeban-

1036 2679 1080 2702 tur
1095 2678 1354 2712 communicarent,
1382 2682 1442 2706 erat
1470 2679 1633 2713 periculum.
1659 2678 1754 2714 Itaque
1776 2678 1830 2706 ista

946 2781 1051 2812 NOTAE
1057 2805 1065 2813 .

227 2828 283 2862 (57)
298 2826 337 2864 ⁷ῌ
351 2828 488 2863 ὀρθόπερ.

228 2865 285 2900 (58)
298 2862 339 2891 ra
349 2864 412 2900 ἑξῆς
427 2862 491 2900 ἄχρι
504 2862 563 2897 τοῦ,
575 2863 713 2898 ἐπέθηκε,
730 2863 763 2891 τὰ
778 2863 848 2891 αὐτὰ
861 2865 917 2897 τοῖς
936 2863 984 2892 τοῦ
1003 2863 1194 2899 Μοψουεστίας
1209 2864 1241 2891 τὰ
1255 2864 1283 2891 ἐν
1304 2864 1360 2891 σελ.
1379 2864 1422 2892 Η.
