2086 3160
183 164 250 197 1021

746 173 1019 206 CnMMENTARII
1041 176 1082 207 IN
1103 176 1233 209 JOSUE.

1747 177 1818 211 1022

179 225 266 258 Καὶή
296 223 392 259 Γραφὴ
413 227 560 262 μαρτυρεῖ,
580 227 618 259 ὡς
645 227 774 255 οὐδέποτε
793 229 859 261 est;
888 229 976 262 οὕτως

1029 239 1109 266 quam
1124 233 1266 260 hominum
1290 233 1326 260 ita
1341 241 1444 262 morem
1458 233 1580 268 gessisse
1595 232 1691 261 Deum.
1718 232 1820 262 Statuit

181 270 332 307 ἀνθρώπων
354 271 520 306 ὑπήκουσεν.
547 274 684 309 Ἐστησεν
707 273 754 301 οὖν
768 276 813 302 τὸν
827 276 903 311 ἥλιον
928 277 975 303 καὶ

180 317 285 351 Ἰησοῦς
297 319 311 344 ὁ
323 318 399 352 ὲμδς.
416 318 464 345 καὶ
474 320 521 346 ἐπὶ
534 320 583 355 τῆς
599 321 751 356 παρουσίας
763 321 847 348 αὐτοῦ
863 322 975 357 μείζονά

182 373 226 397 μοι
238 364 288 397 τὴν
303 364 411 399 ἡμέραν
433 366 503 391 κατὰ
518 365 573 391 τῶν
588 366 725 402 πολεμίων
744 367 912 402 πεποίηκεν·
931 368 975 394 ἵνα

1029 279 1122 313 itaque
1133 283 1161 306 et
1175 287 1254 307 meus
1265 278 1351 307 Josue
1367 280 1466 311 solem,
1479 280 1679 315 prmsentiaque
1694 287 1743 307 sua
1760 280 1820 307 lon-

1029 323 1134 358 giorem
1153 324 1219 352 mihi
1234 325 1307 352 diem
1324 329 1421 352 contra
1437 325 1531 352 hostes
1549 324 1650 358 eiTecit,
1671 329 1701 352 ut
1722 325 1745 352 si
1768 324 1820 352 sub

1027 369 1111 397 Josue
1125 370 1238 397 militent
1255 371 1349 398 hostes
1363 371 1389 397 in
1410 370 1500 406 fugam
1515 373 1634 399 vertam.

181 410 420 446 στρατηγούμενος
440 411 494 437 ὐπό
517 412 564 438 τοῦ
592 412 693 447 Ἰησοῦ,
723 414 787 444 τοὺς
812 413 978 445 ἀντιπάλους
997 414 1195 450 τροπώσωμαι.

217 458 270 490 Εἰς
287 457 414 490 Μακηδὰ
437 457 537 492 ὑγιής.
554 458 648 484 Ἔστιν
663 459 731 494 αὕτη
757 460 826 494 πρὸς
842 460 976 492 ἀνατολὰς

186 503 452 538 Ἑλευθερουπόλεως
465 504 519 530 ἀπὸ
532 505 654 539 σημείων
666 508 702 540 η’.
716 506 801 532 Ἔνθα
816 507 975 533 κατέκλεισε

180 550 244 581 τοὺς
260 553 279 576 ε’
293 549 414 584 βασιλεῖς
432 550 547 584 Ἰησοῦς,
570 551 655 578 τύπον
674 551 786 587 ἔχοντας
810 553 864 579 τῶν
878 552 976 588 δαιμό-

181 605 252 624 νων·
267 597 347 627 οἷπερ
363 598 436 632 ἡμᾶς
453 597 498 624 διὰ
510 598 565 624 τῶν
580 601 600 624 ε’
613 598 781 634 πολεμοῦσιν
809 600 975 634 αἰσθήσεων.

183 645 250 679 Περὶ
266 640 304 670 ὧν
316 646 330 671 ὁ
346 645 450 680 Πέτρος
463 645 546 680 φησίν
559 653 566 660 ·
593 655 602 671 ι
620 645 652 672 Et
675 647 730 681 γὰρ
741 646 755 672 ὁ
770 646 836 677 θεδς
851 646 975 680 ἀγγέλων

182 691 402 726 ἁμαρτησάντων
419 691 470 718 οὐκ
486 691 615 725 ἐφείσατο
628 712 636 724 ,
665 692 733 719 ἀλλὰ
760 694 866 727 σειραῖς
891 692 975 726 ζόφου

182 737 373 772 ταρταρώσας,
399 737 559 772 παρέδωκεν
585 739 625 770 είς
641 738 734 772 κρίσιν
746 739 945 774 τηρουμένους.
965 748 974 764 ι

183 783 360 816 Ιῖαρεκάλουν
379 783 407 809 δὲ
421 783 467 809 τὸν
486 783 593 819 Ἰησοῦν
606 784 635 810 ὲν
651 784 830 818 Εὑοιγγελίοις
853 785 892 820 μὴ
910 786 977 811 ἀπο-

184 828 288 855 στεῖλαι
299 829 398 860 αὐτοὺς
412 829 452 860 εἰς
465 829 515 864 τὴν
530 829 658 857 ἄϐυσσον.
675 827 726 856 Ὧν
744 829 791 856 καὶ
803 831 860 861 τοῖς
874 831 976 866 τραχή-

1065 460 1099 488 In
1119 462 1272 495 speluuram
1286 461 1326 495 [in
1341 460 1465 489 Macella.
1483 461 1530 498 [X,
1550 461 1604 497 [6.]
1626 461 1674 488 Est
1692 461 1745 489 sila
1761 461 1819 490 hac

1030 506 1064 533 ab
1080 506 1187 534 oriente
1201 506 1420 542 Eleutlteropolis
1433 507 1466 534 ad
1477 513 1608 534 octavum
1623 507 1752 542 lapidem.
1767 506 1819 534 Ubi

1029 553 1167 581 conclusit
1180 551 1264 580 Josue
1281 560 1360 588 reges
1373 553 1507 588 quinque,
1524 553 1571 588 qui
1589 552 1703 587 ﬁguram
1717 553 1818 580 daemo-

1029 607 1094 626 num
1117 600 1239 634 quinque
1257 599 1385 626 sensibus
1399 605 1457 626 fnos
1484 599 1699 634 oppugnantium
1723 598 1819 634 praefe-

1029 649 1102 672 runt.
1119 646 1155 672 De
1167 645 1268 680 quibus
1285 644 1383 672 Petrus
1399 645 1487 680 inquit
1504 654 1510 672 :
1532 654 1540 670 ι
1560 644 1628 671 Nam
1642 644 1665 672 si
1683 644 1754 672 Deus
1768 653 1818 672 an-

1027 691 1106 725 gelis.
1123 692 1170 726 qui
1197 696 1381 725 peccaverant
1403 699 1458 717 non
1487 690 1622 725 pepercit,
1649 690 1696 718 sed
1713 691 1819 718 catenis

1028 735 1156 770 caliginis
1172 735 1199 762 in
1217 739 1351 762 tartarum
1370 734 1558 770 praecipitatus
1575 733 1688 761 tradidit
1706 741 1819 761 servan-

1028 782 1079 809 dos
1093 782 1118 808 in
1138 781 1270 816 judicium
1294 781 1316 808 ³.
1335 791 1344 807 ι
1370 781 1423 814 Qui
1438 780 1584 808 Dominum
1613 780 1639 807 in
1664 779 1819 814 Evangeliis

1028 836 1139 864 quoque
1156 828 1294 856 obsecrati
1309 832 1384 858 sunt,
1401 835 1436 854 ne
1460 834 1508 854 eos
1528 826 1555 853 in
1575 826 1703 861 abyssum
1723 833 1818 852 aman-

183 873 240 905 λοις
256 874 410 901 ἐπιϐαίνειν
422 875 562 910 ἐποίησεν,
580 875 719 907 ὑποτάξας
731 877 797 910 ἡμῖν
813 875 905 907 λαοὺς.
928 876 975 902 καὶ

1029 875 1073 902 det
1083 875 1103 902 ³.
1116 874 1239 907 Quorum
1251 873 1332 902 collis
1345 874 1426 901 etiam
1440 872 1592 900 insultandi
1606 871 1712 906 copiam
1723 871 1788 898 fecit
1796 871 1817 903 ⁸,

183 919 248 955 ἔθνη
265 920 317 947 ὑπὸ
325 921 387 952 τοὺς
403 920 487 952 πόδας
505 921 598 956 ἡμῶν⁸
611 920 690 947 «Ἐπὶ
702 920 804 947 ἀσπίδα
812 921 860 947 καὶ
872 920 975 955 βασιλί-

184 973 249 992 σκον
264 965 395 1001 ὲπιὸἠσῃ,
408 975 417 991 ι
430 967 606 1002 παρεγγυῶν.
618 966 655 992 Τὸ
667 967 694 993 δὲ
711 966 812 1002 μηδένα
826 967 925 1002 γρύξαι
940 968 973 1002 τῇ

183 1010 292 1047 γλώττῃ
309 1011 361 1037 τῶν
372 1011 438 1038 υἱῶν
453 1012 572 1046 Ἰσραὴλ,
583 1012 613 1038 τὸ
628 1013 665 1048 μὴ
678 1013 858 1046 διαγογγύσαι
874 1021 974 1039 παντε-

183 1056 238 1088 λῶς
260 1056 298 1088 ὼς
321 1057 367 1083 ἐπὶ
382 1056 468 1093 βλάϐῃ
488 1058 555 1089 τινὶ,
572 1057 643 1084 κατὰ
659 1057 689 1084 τό
701 1066 708 1072 ·
735 1067 745 1084 ι
763 1058 855 1085 Πάντα
871 1059 974 1084 ποιεῖτε

183 1103 269 1139 χωρὶς
282 1102 443 1138 γογγυσμοῦ
458 1103 506 1130 καὶ
524 1103 718 1139 διαλογισμῶν.
738 1113 747 1129 ι

218 1235 267 1269 Μὴ
291 1235 428 1269 φοϐῆσθε
453 1235 511 1271 (ὅθ)
537 1235 660 1269 αὐτοὺς,
685 1236 764 1271 μηδὲ
791 1236 973 1271 ὃειλιάσητε.

184 1281 262 1309 Οὕτω
273 1282 321 1308 καὶ
331 1282 400 1309 ὁτοῦ
414 1282 602 1318 πνευματικοῦ
612 1282 732 1317 πολέμου
747 1283 892 1318 ταξίαρχος
904 1283 976 1310 Παῦ-

183 1327 240 1359 λος,
258 1337 267 1354 ι
291 1327 345 1354 Τοῦ
364 1328 478 1359 λοιποῦ.
495 1329 595 1364 φησὶν.
614 1328 814 1364 ἐνδυναμοῦσθε
832 1329 861 1355 ἐν
882 1329 976 1364 Κυρίῳ

183 1373 232 1400 καὶ
247 1374 277 1401 ἐν
293 1373 333 1409 τῷ
345 1373 442 1409 κράτει
457 1374 508 1409 τῆς
527 1374 621 1409 ίσχύος
644 1374 727 1401 αὑτοῦ
739 1383 745 1390 ·
763 1373 911 1400 ἐνδύσασθε
926 1374 976 1409 τὴν

183 1419 338 1446 πανοπλίαν
351 1420 399 1446 τοῦ
413 1420 493 1452 Θεοῦ,
510 1420 579 1454 πρὸς
591 1421 621 1446 τὸ
636 1420 768 1447 δύνασθαι
787 1420 859 1456 ὑμᾶς
879 1420 975 1456 στῆναι

184 1465 253 1499 πρὸς
265 1465 314 1496 τὰς
330 1465 471 1500 μεθοδείας
486 1465 534 1492 τοῦ
546 1465 683 1492 διαϐόλου-
702 1465 743 1492 ὄτι
756 1466 807 1493 οὐκ
819 1466 893 1493 ἐστιν
909 1467 976 1502 ἡμῖν

184 1510 201 1544 ἡ
219 1510 292 1543 πάλη
304 1510 373 1546 πρὸς
388 1508 459 1546 αἷμα
476 1511 523 1537 καὶ
541 1511 641 1544 σάρκα,
661 1520 670 1536 ι
687 1511 734 1537 καὶ
749 1511 783 1537 τὰ
796 1511 868 1546 ἑξῆς.

1025 920 1070 955 qui
1087 920 1201 956 pedibus
1215 919 1318 947 nostris
1339 919 1454 953 populos
1472 921 1499 944 ct
1513 921 1607 952 gentes
1624 915 1782 950 subiugavit
1795 914 1818 946 ',

1025 967 1072 1002 qui
1084 966 1203 1001 denique
1218 969 1307 992 tutttm
1324 971 1447 999 gressum
1466 970 1549 998 super
1566 962 1661 995 aspide
1677 965 1704 988 et
1723 961 1818 988 basili-

1025 1019 1073 1039 sco
1086 1010 1211 1046 promisit
1221 1010 1244 1036 ⁸.
1262 1009 1338 1042 Quod
1360 1016 1425 1035 vero
1439 1015 1518 1034 nemo
1534 1015 1567 1034 ne
1581 1005 1692 1033 mutivit
1705 1005 1816 1040 quidem

1024 1057 1117 1092 lingua
1133 1060 1230 1083 contra
1252 1055 1322 1082 ﬁlios
1338 1053 1434 1085 Israel,
1453 1053 1612 1088 patientiam
1632 1059 1692 1079 eam
1712 1059 1766 1086 qua
1786 1059 1820 1078 ne

1025 1109 1167 1130 murmure
1180 1101 1272 1136 aliquo
1285 1099 1318 1128 de
1329 1100 1430 1127 damno
1444 1100 1500 1127 sint
1522 1097 1686 1132 conquesti,
1704 1096 1817 1127 indicat.

1024 1150 1101 1185 juxta
1116 1149 1202 1176 illud:
1221 1157 1230 1174 ι
1252 1147 1351 1175 Omnia
1378 1145 1460 1174 facile
1480 1145 1550 1172 citra
1567 1143 1819 1171 murmurationem

1025 1201 1051 1224 ct
1068 1195 1260 1222 contentiones
1273 1194 1295 1220 ".
1308 1203 1317 1220 ι

1061 1241 1123 1268 Non
1137 1241 1252 1268 timentis
1269 1247 1325 1272 eos,
1340 1247 1386 1266 nec
1399 1238 1588 1273 reformidatis.
1611 1236 1680 1273 [25.]
1703 1235 1741 1263 Ita
1755 1235 1818 1263 belli

1026 1287 1179 1322 spiritualis
1193 1286 1247 1313 dux
1264 1285 1365 1312 Paulus
1379 1292 1488 1319 quoque
1503 1285 1559 1312 ait:
1578 1283 1670 1316 «Quod
1683 1286 1820 1316 superest,

1027 1332 1128 1359 fratres
1143 1331 1207 1362 mei,
1226 1329 1288 1357 sitis
1308 1330 1394 1357 fortes
1413 1338 1460 1364 per
1474 1329 1632 1361 Dominum,
1649 1335 1752 1366 perque
1776 1333 1822 1361 po‘

1027 1377 1141 1405 tentiam
1159 1377 1264 1404 roboris
1291 1376 1376 1403 illius.
1406 1375 1514 1402 lnduite
1542 1380 1626 1402 totam
1651 1379 1821 1401 armaturam

1028 1422 1087 1455 Dei,
1098 1426 1126 1449 ut
1136 1421 1249 1457 possitis
1265 1425 1341 1448 stare
1351 1419 1484 1448 adversus
1496 1418 1612 1446 insidias
1626 1417 1739 1445 diaboli.
1749 1416 1824 1450 Quo-

1028 1469 1101 1495 niam
1124 1475 1179 1495 non
1203 1470 1244 1494 est
1272 1466 1352 1494 nobis
1368 1467 1446 1493 lucta
1465 1465 1598 1493 adversus
1621 1463 1782 1499 sanguinem
1795 1465 1822 1490 et

1029 1522 1139 1541 carnem
1160 1515 1182 1547 ⁸,
1203 1522 1211 1539 ι
1231 1517 1258 1540 ct
1275 1520 1336 1548 qua:
1347 1512 1488 1546 deinceps.

221 1555 300 1589 Ἕως
309 1542 452 1591 ἑσπέρας.
465 1557 488 1583 Τ
488 1542 613 1584 ουτέστιν
625 1556 678 1588 ἕως
691 1557 741 1592 τῆς
760 1542 917 1589 συντελείας
930 1557 977 1584 τοῦ

1068 1559 1154 1594 Usque
1169 1542 1203 1586 ad
1218 1542 1362 1593 uesperam.
1378 1542 1453 1593 [‘26.].
1467 1556 1524 1584 Hoc
1543 1561 1586 1584 est
1598 1563 1686 1591 usque
1700 1555 1734 1582 ad
1753 1562 1822 1582 con-

185 1602 294 1634 αἰῶνος.
309 1602 373 1634 Τοῖς
398 1603 451 1638 γὰρ
474 1604 646 1638 ἁμαρτωλοῖς
665 1603 714 1637 νύξ
743 1604 817 1630 ἐστιν
833 1605 847 1630 ὁ
874 1603 980 1638 μέλλων

185 1648 262 1675 αἰών.
283 1649 352 1684 Περὶ
371 1646 409 1676 ὧν
427 1650 441 1676 ὁ
463 1650 606 1685 προφήτης
627 1650 698 1685 (40),
718 1659 727 1676 ι
744 1650 802 1676 ’Ὶνα
814 1650 916 1684 τίὺμῖν
931 1650 980 1684 τὴν

186 1695 294 1730 ἡμέραν
312 1696 414 1731 Κυρίου
431 1696 535 1731 ζητεῖνς
557 1706 565 1721 ι
581 1697 635 1722 Καὶ
657 1695 730 1731 αὕτη
750 1696 824 1723 ἐστὶν
844 1696 909 1731 ὑμῖν
921 1695 979 1728 νὺξ,

187 1742 234 1768 καί
246 1742 294 1776 οὐχ
308 1741 411 1777 ἡμέρα.
434 1741 520 1777 ι’Ἑφη
533 1741 562 1768 δὲ
582 1742 650 1777 πρὸς
675 1741 821 1773 Ἰουδαίους
834 1743 848 1768 ὁ
861 1741 979 1777 Κύριος*

190 1796 199 1812 ι
217 1787 263 1813 Ἐν
280 1788 335 1822 ὅσῳ
349 1787 380 1814 τὺ
405 1787 462 1821 φῶς
486 1787 575 1822 ἔχετε,
597 1788 775 1822 περιπατεῖτε
791 1788 820 1814 ἐν
843 1787 882 1823 τῷ
898 1787 980 1822 φωτὶ,

188 1832 232 1858 ἵνα
247 1832 285 1867 μὴ
305 1833 399 1859 σκοτία
414 1833 488 1868 ὑμᾶς
509 1833 663 1870 καταλάῦῃ.
685 1842 694 1858 ι
712 1833 789 1860 Μετὰ
804 1832 833 1858 δὲ
854 1832 903 1867 τὴν
916 1841 980 1859 mw.

186 1879 295 1906 ’πέλειαν
313 1880 351 1915 τῷ
362 1880 488 1916 ἐξωτέρω
502 1880 591 1915 σκότῳ
601 1879 874 1916 κατακριθήσονται.]

224 1926 311 1953 Λοϐδὰι
325 1926 405 1962 κώμη
421 1926 469 1953 νῦν
485 1926 839 1962 ὲστινῈλευθερουπόλεως
852 1925 922 1961 μετὰ
933 1925 982 1961 τὴν

189 1973 290 1999 ἅλωσιν
309 1973 432 2008 ἱερατικὴ
446 1972 591 2008 γενομένη.
606 1972 662 1998 Καὶ
678 1973 779 2007 Λάχεις
794 1973 822 1999 δὲ
837 1972 916 2007 κώμη
932 1972 982 2007 τῆς

188 2019 275 2052 αὐτῆς
287 2019 401 2050 πόλεως.
415 2019 469 2045 Καὶ
485 2018 584 2045 πάντα
597 2018 630 2044 δὲ
640 2018 877 2052 κατεστρέψατο.
891 2015 982 2044 Ἦσαν

188 2065 243 2098 γὰρ
259 2065 309 2100 ἤδη
330 2064 547 2100 πεπληρωμέναι
569 2064 624 2091 τῶν
641 2064 818 2100 Ἀμορραίων
840 2065 867 2090 αἱ
893 2064 982 2099 ἁμαρ-

188 2119 254 2138 τῑίι.

225 2157 293 2183 Ἀπὸ
307 2156 406 2190 Κάδης
417 2155 529 2191 Rapa-7i.
548 2155 673 2191 Ἔρημός
685 2156 742 2182 ἐστι
754 2156 786 2191 τῇ
799 2155 892 2191 Πέτρᾳ
905 2155 982 2181 πόλει

187 2206 237 2239 τῆς
256 2205 387 2239 ’Λραὸίας
402 2204 608 2239 παρακειμένη.
625 2203 710 2230 Ἔνθα
724 2203 772 2230 καὶ
792 2204 912 2239 Μαριὰμ
928 2203 983 2230 ἑτε-

188 2249 314 2284 λεῦτησε.
331 2249 378 2275 καὶ
394 2249 514 2283 Μωῡσῆς
528 2248 658 2279 διστάσας
671 2247 747 2274 παίει
763 2246 813 2280 τὴν
827 2247 945 2282 πέτραν.

225 2295 332 2331 “af/thy.
345 2295 374 2322 δὲ
388 2295 471 2331 κώμη
488 2294 627 2329 Σεῦᾶστης
641 2293 783 2329 ἀπέχουσα
800 2293 925 2329 σημείοις
937 2293 982 2328 ιβ’.

225 2383 450 2419 Παριγγέλλεται
471 2382 525 2410 τῶν
548 2381 755 2409 ἑπισυστάντων
775 2382 808 2408 ἐκ
824 2381 911 2417 saepe
923 2390 985 2407 νευ-

1030 1605 1243 1634 summationem
1257 1604 1363 1632 mundi.
1379 1601 1575 1632 Peccatoribus
1598 1603 1671 1630 enim
1698 1601 1821 1629 fulurum

1031 1653 1161 1680 Sa-cnlum
1179 1660 1232 1679 nox
1247 1655 1299 1682 est,
1315 1649 1546 1686 quemadmodum
1567 1649 1697 1684 propheta
1715 1648 1820 1684 inquit:

1034 1709 1043 1726 ι
1059 1699 1116 1727 Cur
1127 1699 1204 1726 vobis
1222 1698 1293 1726 dicm
1313 1697 1420 1724 Domini
1435 1697 1458 1724 °.
1479 1706 1488 1722 ι
1509 1696 1573 1723 Item
1602 1696 1660 1722 haec
1684 1699 1725 1722 est
1745 1694 1823 1722 vobis

1032 1753 1096 1778 nox,
1113 1753 1162 1772 nec
1187 1744 1255 1771 dies.
1283 1744 1376 1778 inquit
1391 1743 1456 1770 item
1474 1741 1507 1768 ad
1530 1740 1641 1768 Judmos
1666 1740 1820 1767 Dominus:

1035 1800 1044 1817 ι
1062 1791 1213 1818 Versatnini
1230 1791 1257 1817 in
1275 1790 1335 1816 luce
1358 1796 1392 1816 ne
1420 1796 1467 1815 vos
1488 1787 1609 1814 tem-bra:
1620 1787 1741 1813 obruant
1757 1786 1790 1812 ¹⁰.
1811 1795 1821 1811 ι

1032 1837 1097 1865 Post
1122 1837 1202 1864 linem
1222 1836 1341 1871 denique
1357 1834 1542 1863 exterioribus
1564 1832 1686 1860 tenebris
1696 1831 1825 1859 condem-

1032 1884 1182 1911 Itabuntur.

1071 1928 1102 1955 Et
1115 1928 1202 1955 Luda.
1221 1927 1289 1964 [30.]
1306 1927 1389 1954 Vicus
1400 1927 1453 1954 hoc
1469 1930 1593 1961 tempore
1608 1928 1649 1952 est
1665 1922 1826 1951 Eleuthero-

1032 1975 1114 2010 polis,
1132 1979 1194 2010 post
1208 1973 1395 2009 captivitatem
1414 1973 1608 2001 sacerdotibus
1619 1970 1713 1998 cessit.
1725 1968 1825 1996 Lachis

1033 2029 1098 2048 vero
1117 2020 1195 2046 vicus
1212 2023 1255 2047 est
1276 2018 1398 2052 ejusdem
1420 2018 1508 2045 urbis.
1528 2016 1625 2044 Omnia
1641 2023 1722 2050 porro
1750 2013 1828 2040 subc-

1032 2067 1078 2102 git.
1094 2066 1163 2102 [40].
1173 2065 1364 2092 Exuberabaut
1379 2064 1452 2092 enim
1465 2063 1690 2090 Amori-bacarum
1704 2064 1826 2095 peccata.

1069 2155 1089 2181 Α
1105 2153 1191 2181 Gades
1208 2152 1325 2183 Barnen,
1335 2155 1390 2180 etc.
1404 2151 1547 2178 Desertum
1561 2153 1604 2177 est
1618 2149 1706 2176 Petra:
1722 2147 1828 2175 Arabiae

1034 2201 1095 2228 urbi
1116 2199 1250 2231 vicinum,
1268 2199 1315 2226 ubi
1337 2197 1422 2224 Maria
1439 2197 1493 2224 vita
1508 2195 1639 2224 defuncta
1658 2199 1710 2227 est,
1725 2201 1757 2220 ac
1770 2193 1829 2220 Mo-

1036 2254 1081 2274 sss
1094 2245 1229 2272 seditione
1250 2244 1347 2272 oborta
1364 2248 1470 2278 petram
1492 2241 1620 2278 percutit.

1074 2291 1162 2319 Porro
1177 2290 1280 2318 Merom
1290 2290 1367 2317 vicus
1382 2294 1424 2317 est
1436 2289 1569 2320 Sebastaz,
1583 2287 1617 2314 ab
1631 2293 1663 2314 ea
1677 2285 1711 2312 ad
1725 2282 1830 2312 duode-

1038 2337 1140 2365 cimum
1158 2337 1276 2372 lapidem
1297 2337 1421 2364 dissitus.

1076 2383 1222 2410 Maudatur
1237 2390 1303 2410 vero
1327 2382 1422 2416 Josue,
1453 2385 1483 2408 ut
1504 2387 1599 2408 eorum
1623 2378 1669 2414 qui
1690 2385 1705 2405 a
1722 2381 1832 2411 septen-

191 2430 346 2466 ροκοπῆσαι
358 2430 422 2460 τοὺς
442 2429 554 2459 ἵππους.
569 2437 578 2453 ι
594 2427 632 2454 Οὐ
649 2427 704 2462 γὰρ
722 2426 870 2461 πληθυνετς
882 2426 980 2461 Gesturi;

1039 2429 1128 2457 trioue
1156 2437 1210 2456 nua
1237 2430 1460 2460 insurrexerant,
1489 2427 1569 2463 cquis
1598 2432 1697 2453 nervos
1718 2423 1832 2451 incidat.

191 2478 284 2508 ἵππον,
301 2478 315 2504 ὁ
328 2477 410 2511 νόμος
433 2476 512 2511 φησὶ,
531 2485 540 2501 ι
552 2475 600 2501 καὶ
615 2475 649 2501 τὰ
664 2474 778 2510 ἅρματα
798 2473 986 2506 κατακαῦσαι,

190 2522 228 2555 ti);
243 2522 333 2549 καὶτὰ
346 2522 399 2548 τῶν
416 2520 576 2555 Αἰγυπτίων
591 2519 704 2554 γέγονεν
719 2518 885 2554 ὑποϐρύχια.

225 2611 361 2645 Νικήσας
377 2610 502 2643 ἐδίωξεν
522 2609 578 2642 ἕως
595 2607 864 2643 Μαστρεφωθμαΐν.
891 2608 982 2643 Ὅπερ

1039 2475 1106 2502 Nam
1134 2474 1189 2508 lex,
1220 2483 1228 2500 I
1250 2474 1308 2502 Non
1327 2473 1525 2509 multiplicabis
1540 2471 1589 2499 tibi
1604 2478 1692 2505 equos
1703 2470 1724 2486 "
1738 2489 1746 2501 ,
1767 2478 1776 2494 ι
1790 2468 1832 2494 in-

1036 2521 1107 2556 quit.
1126 2521 1233 2548 Currus
1254 2521 1319 2548 item
1335 2520 1489 2551 comburat,
1503 2516 1734 2554 quemadmodum
1748 2514 1828 2549 {Egy-

1037 2567 1159 2602 pliorum
1175 2571 1241 2594 sunt
1255 2566 1406 2594 submersi.

1071 2613 1104 2639 lt!
1120 2613 1202 2640 victos
1228 2617 1380 2648 persecutus
1402 2616 1440 2638 est
1463 2607 1716 2644 Mastrephotmaim
1744 2612 1833 2640 usque.

226 2681 236 2696 ¹
255 2681 274 2708 ll
291 2680 364 2708 Pclr.
381 2688 412 2709 ιι.
432 2679 461 2707 4.
499 2678 510 2694 ³
528 2678 595 2705 Luc.
609 2686 668 2710 VIII,
681 2677 726 2704 5|.
752 2676 946 2714 _‘Ps_al._xt.tv,
961 2679 980 2705 11

1043 2681 1053 2697 '
1069 2679 1140 2709 Psal.
1158 2689 1232 2713 ην»,
1253 2681 1279 2708 ι.
1319 2680 1414 2709 θΡειιΙ,
1435 2689 1478 2714 xc,
1493 2680 1536 2709 i3.
1575 2679 1585 2694 ⁷
1601 2676 1719 2712 Philipp.
1747 2683 1777 2708 II,
1792 2674 1834 2701 Η.

192 2714 203 2729 ⁸
219 2716 320 2752 Ephes.
335 2724 371 2748 v1,
391 2714 487 2742 10-12.
525 2716 535 2731 ’
551 2714 666 2741 Zachar.
687 2712 780 2745 xtv,7.
820 2712 841 2727 ¹⁰
856 2712 937 2740 Joan.
966 2723 1014 2748 xu,
1027 2716 1071 2743 53.
1112 2717 1132 2733 ³³
1155 2712 1233 2745 Deut.
1252 2725 1318 2750 xvu,
1334 2718 1377 2744 iti.

960 2783 1078 2814 NOTA‘I.

227 2854 340 2889 (59)Μῆ
355 2855 506 2890 φοϐηθῆτε.
525 2854 558 2880 Δί
575 2853 640 2890 αὐτ.

226 2886 374 2925 («ejus-.3:
400 2886 582 2924 τογ’).ἑγοντα
609 2887 764 2923 Προφήτην.
792 2889 819 2916 ’0
838 2887 885 2922 τῆς
912 2887 978 2921 My.
1001 2886 1066 2915 κώδ.
