2086 3160
266 155 334 186 1023
916 158 1094 191 PROCOPII

265 206 317 227 etc.
335 199 393 236 [XL
408 199 449 236 8.]
465 199 543 233 Quod
568 207 756 236 exposuerunt
776 202 860 238 490
887 203 984 238 reliqui
997 224 1004 235 ,
1024 203 1058 230 ad
1075 207 1095 231 Δ

265 254 348 282 quam
366 247 450 275 maris
470 247 548 278 item,
564 247 705 283 Massepha
723 256 823 284 usque.
845 249 892 277 Est
912 258 977 278 vero
990 251 1058 278 civi—

266 300 308 322 tas
321 301 354 321 ca
371 293 398 320 in
415 302 469 329 qua
479 292 578 328 Jephte
591 294 737 328 habitavit,
751 295 840 323 vicina
853 296 1059 325 Ciriathearim.

265 339 295 366 In
312 347 364 375 qua
379 347 442 367 arca
458 348 568 376 quoque
581 346 652 373 erat,
663 349 726 369 cum
744 341 854 370 Samuel
871 342 955 378 judex
976 349 1059 372 esset.

267 386 325 413 Sita
338 391 380 414 est
395 392 487 414 autem
500 388 574 414 inter
589 387 678 415 Elias
699 393 726 416 et
743 389 904 424 Diospolim,
922 391 948 418 in
962 391 1005 418 via
1026 391 1060 419 ad

266 440 370 460 nonum
391 433 509 468 lapidem
521 434 611 469 posita
631 439 674 462 est
687 434 895 470 Ciriathearim,
910 437 956 465 cui
970 438 1060 465 vicina

267 483 312 507 est
331 479 487 514 Massepha.

303 525 366 552 Seir
381 526 458 553 locus
475 529 519 553 est
534 526 579 553 ubi
598 528 666 555 Esau
684 528 765 556 sedit.
789 527 906 564 Balgand
921 529 947 557 in
962 537 1061 565 campo

267 569 363 598 Libani
380 573 433 599 sila
447 576 500 605 est,
519 573 571 600 sub
587 578 681 601 monte
697 573 813 602 Aﬁrmon
831 583 878 603 seu
894 575 1027 604 llermon.

307 660 421 688 Enakim
445 662 515 690 urbs
541 667 672 690 montana
689 668 742 697 est,
756 665 848 700 posita
870 665 922 693 sub
941 665 1060 694 llebron.

268 706 440 742 Praepostere
449 716 525 742 vero,
538 718 546 734 ι
560 708 597 736 Ex
610 710 741 738 omnibus
754 711 890 739 montanis
903 711 984 745 .luda,
998 722 1007 738 ι
1019 713 1062 739 in-

269 752 342 784 quit;
369 753 490 779 nomium
516 754 588 781 enim
615 762 646 782 ea
674 754 744 782 Judu
776 756 883 784 habuit.
911 756 1062 793 Distinguit

269 804 335 823 vero
349 796 447 824 Judam
462 802 490 825 et
505 797 633 827 lsraelem
649 801 783 835 scriptor,
804 803 878 838 quod
899 803 944 831 ille
965 804 1002 830 sit
1016 803 1063 839 ju-

270 842 342 876 nior,
367 847 462 877 postea
480 845 554 872 enim
578 845 648 873 Juda
675 847 737 874 dua:
763 849 867 880 tribus.
890 848 972 877 lsrael
998 858 1063 878 vero

269 887 364 915 decem
395 890 511 917 seorsim
542 896 743 926 suntvocatm,
776 895 831 922 sub
858 885 982 922 Roboatn
1008 896 1062 923 tilio

270 935 439 964 Salomonis.

305 979 444 1008 Duntaxat
462 982 489 1009 in
505 982 574 1016 Aza,
591 982 660 1011 Galli
672 989 697 1011 et
708 985 809 1013 ΑιάοιΙι
823 986 910 1013 relicti
926 991 997 1020 sunt,
1009 993 1063 1015 etc.

270 1025 340 1062 [22.]
358 1027 498 1056 Judicium
515 1029 566 1057 hoc
582 1035 626 1057 est
650 1036 787 1058 sectarum
814 1033 887 1060 inter
903 1033 1008 1062 ﬁdeles.
1024 1035 1064 1062 Ac

270 1078 300 1100 ut
317 1081 366 1108 per
382 1082 430 1103 eas
445 1075 547 1104 eruditi
564 1081 765 1105 convertantur
780 1078 815 1106 ad
835 1078 920 1107 Deum
938 1080 985 1116 qui
999 1089 1064 1116 pec-

269 1125 379 1147 carunt.

305 1166 421 1203 Cumque
430 1168 490 1203 jam
504 1169 589 1198 Josua
599 1173 790 1204 consenuisset.
803 1178 983 1210 provectoque
997 1180 1065 1204 esset

270 1213 372 1245 a’talis.
389 1214 458 1241 dixit
470 1215 600 1244 Dominus
619 1218 654 1245 ad
666 1227 726 1246 eum
740 1227 749 1246 :
763 1219 802 1246 Tu
815 1221 874 1255 jam
886 1229 965 1248 senex
975 1222 1064 1257 [actm

270 1267 297 1286 es
311 1265 492 1296 prooectwque
517 1265 616 1296 (etatis.
638 1269 695 1293 etc.
712 1265 800 1302 [Xlll.
818 1267 858 1304 L]
875 1267 903 1295 In
922 1269 1065 1303 Scriptura

271 1313 326 1333 non
356 1306 520 1341 simpliciter
546 1309 662 1345 longavi
692 1313 820 1340 seniores
850 1320 1064 1349 nuncupantur;

271 1358 366 1378 verum
384 1352 432 1387 qui
451 1353 486 1380 ob
501 1354 675 1388 prudentiam
691 1356 797 1384 honore
809 1358 885 1394 digni
903 1364 978 1392 sunt,
994 1361 1065 1388 vita-

272 1405 334 1432 qum
361 1398 479 1426 caelesti.
504 1399 682 1436 Quapropter
703 1410 754 1430 nec
770 1403 868 1437 Adam.
891 1413 942 1433 nec
960 1406 1068 1434 Mathu-

272 1444 341 1485 sala,
354 1451 404 1472 nec
419 1444 478 1473 Noe
490 1446 601 1480 quidem
615 1448 753 1476 seniorem
765 1450 846 1480 dixit.
862 1459 934 1485 quos
947 1453 1067 1481 maxime

272 1483 462 1520 con‘veniebat.
475 1491 574 1520 Verum
588 1494 740 1530 longzevum
749 1496 937 1525 Abrahamum
948 1499 1066 1533 primum

273 1538 423 1572 appellavit
441 1539 590 1567 seniorem.
603 1541 644 1567 Ad
668 1540 761 1568 Moseo
780 1549 863 1577 porro
877 1544 960 1570 etiam
976 1543 1068 1578 inquit
1081 1555 1103 1584 ο

275 1584 408 1613 Dominus
425 1595 432 1614 :
450 1596 460 1612 ι
485 1586 577 1623 Delige
595 1588 644 1615 tibi
662 1596 695 1616 ex
716 1594 820 1617 cuncto
846 1591 948 1625 populo
971 1591 1065 1619 scnio-

274 1640 329 1664 rcs.
356 1640 427 1667 quos
442 1638 471 1660 tu
494 1634 556 1669 ipse
580 1642 643 1662 rere
663 1636 789 1663 seniores
809 1644 871 1664 esse
894 1644 1065 1672 compertum

276 1679 360 1707 lialies
373 1680 405 1707 ".
427 1690 436 1706 ι
454 1679 534 1713 Quod
551 1681 575 1708 si
597 1688 663 1709 vero
680 1682 874 1716 peccatoribus
892 1683 945 1710 hoc
967 1691 1066 1711 nomen

275 1724 420 1761 Scriptura
445 1727 544 1754 tribuit
556 1727 675 1759 alicubi.
701 1736 756 1755 non
773 1728 834 1756 sine
852 1729 1068 1764 reprehensione

276 1773 317 1804 tit,
334 1773 415 1807 quale
437 1773 503 1800 illud
526 1773 613 1808 ipsius
638 1774 747 1801 Domini
763 1778 828 1802 est:
847 1784 856 1800 ι
879 1775 909 1802 ln
927 1774 1067 1810 judicium

275 1818 436 1851 dessendet,
462 1826 525 1846 cum
555 1819 731 1852 senioribus,
760 1824 787 1848 et
819 1820 991 1856 principibus
1021 1829 1068 1856 po-

277 1864 333 1899 puli
346 1865 377 1891 ".
399 1874 408 1891 ι
429 1864 469 1892 Ad
483 1865 611 1893 eumdem
629 1873 696 1894 sane
718 1867 829 1894 modum
852 1872 988 1902 provectae
1003 1874 1070 1896 aeta-

277 1910 312 1937 tis
325 1917 386 1937 esse
401 1909 436 1938 de
451 1910 557 1938 sanctis
577 1911 644 1938 dicit
660 1919 667 1939 :
691 1921 701 1937 ι
723 1911 822 1940 Nullus
837 1913 909 1940 enim
927 1917 1002 1941 retro
1023 1922 1069 1942 re-

278 1963 386 1988 versus,
401 1960 443 1984 est
456 1961 614 1991 provectus.
636 1967 646 1984 ι
665 1957 766 1986 Verum
779 1959 802 1986 si
817 1959 880 1995 quis
898 1967 988 1988 rerum
1005 1965 1067 1996 post

277 2007 308 2027 se
324 2001 440 2033 oblitus,
462 2001 496 2028 ad
511 2010 558 2029 eas
575 2010 636 2037 qua:
651 2007 716 2030 antc
731 2011 761 2031 sc
777 2004 1008 2032 suntcontendit.

313 2045 457 2082 Restatque
470 2047 558 2074 adhuc
575 2047 720 2075 admodum
738 2049 824 2076 multa
841 2055 912 2077 terra
930 2059 1010 2086 quant
1025 2060 1070 2078 oc-

277 2093 390 2126 rupetis.
411 2092 544 2126 Quamvis
566 2101 651 2129 supra
669 2093 762 2121 dixit:
782 2105 791 2121 ι
816 2095 849 2122 Et
870 2099 943 2123 terra
960 2100 1070 2124 vastata

278 2139 341 2174 igne
354 2143 396 2166 est
411 2139 536 2167 cnnl’ccta
549 2139 583 2167 ".
604 2149 614 2166 ι
639 2139 706 2167 Item
720 2141 794 2175 quod
816 2140 902 2169 Josue
914 2143 986 2177 cepit
1001 2151 1071 2170 cun-

278 2193 350 2215 ctam
366 2192 480 2215 lerram.
504 2187 655 2215 Considera
680 2193 770 2214 autem
788 2187 897 2215 Domini
917 2188 984 2216 Jesu
998 2190 1072 2224 prio-

279 2241 335 2260 rem
351 2232 461 2268 quidem
479 2236 559 2260 lerrte
573 2232 816 2268 expugnationem,
832 2233 944 2268 quando
956 2235 1070 2262 verbum
1088 2226 1110 2254 θ

278 2288 359 2307 suum
372 2287 420 2315 per
437 2284 525 2306 totum
544 2279 638 2306 orbem
660 2279 774 2314 sparsit.
798 2278 828 2306 ln
843 2287 876 2307 eo
898 2280 970 2308 enim
996 2282 1071 2316 quod

279 2327 421 2354 dzemoncs
445 2325 474 2352 in
497 2332 664 2360 unaquaque
694 2330 776 2360 gente
800 2326 964 2360 superavit,
983 2327 1074 2362 iisque

279 2374 367 2409 pulsis
386 2372 500 2400 verbum
526 2379 608 2400 suum
631 2379 679 2407 per
702 2371 843 2400 Ecclesias
860 2373 972 2407 sparsit,
990 2374 1072 2402 unica

280 2428 312 2458 ac
327 2421 405 2455 prior
419 2418 486 2447 Jesu
503 2418 621 2446 victoria
637 2419 776 2447 consistit.
792 2419 827 2445 At
839 2419 905 2446 mihi
923 2419 1073 2448 secundam

281 2471 341 2501 post
355 2466 430 2493 illam
447 2465 520 2498 vide,
537 2465 648 2500 quando
672 2465 766 2493 multis
792 2465 968 2499 portionibus
983 2465 1074 2494 adhuc

279 2513 387 2540 relictis
407 2516 509 2540 cuncta
525 2511 678 2547 superabit.
697 2511 833 2545 Quocirca
856 2512 940 2546 priori
960 2512 1072 2547 quidem

280 2557 360 2589 illud,
376 2562 481 2586 vastata
496 2558 634 2593 congruit,
651 2557 782 2585 secundae
803 2565 870 2584 vero
888 2558 967 2591 illud,
988 2558 1074 2585 multa

280 2605 368 2632 Valde.
397 2604 589 2632 Verumtamen
620 2604 754 2631 fortunati
780 2611 877 2631 omnes
905 2604 951 2639 qui
983 2604 1075 2639 priore

281 2652 428 2687 praesentia
446 2656 510 2679 sunt
539 2651 673 2687 superati.
693 2651 771 2678 llauc
794 2651 867 2678 enim
889 2650 1004 2686 gratiam
1023 2651 1072 2677 ha-

283 2698 359 2731 bent,
386 2699 460 2734 quod
488 2699 582 2727 nniltis
607 2698 699 2726 adhuc
724 2697 927 2726 reluctantibus
956 2697 1074 2733 imperio

320 2788 341 2803 "
359 2788 440 2816 Num.
458 2795 497 2820 ιι,
514 2787 557 2814 l6.
597 2787 619 2803 ¹³
633 2786 687 2814 lsa.
700 2794 742 2820 ιιι,
759 2787 805 2814 M.
845 2786 867 2802 ¹⁸
878 2785 962 2813 Josuc
977 2794 1015 2818 ιι,
1032 2785 1075 2813 l5.

1109 159 1232 189 GAZEI
1838 157 1906 189 102i

1110 203 1246 235 ἐξέδωκαν
1258 201 1283 229 οἱ
1293 201 1393 235 λοιποὶ,
1405 200 1458 233 ἓως
1467 201 1515 228 τοῦ
1527 201 1624 234 ὓδατος
1635 201 1686 237 τῆς
1696 201 1846 237 θαλάσσης,
1859 203 1908 231 καὶ

1111 249 1164 280 ἓως
1180 250 1333 284 Μασσηφά.
1347 248 1458 283 Ταύτην
1473 248 1502 275 δὲ
1525 248 1632 282 Ἰεφθάε
1650 248 1771 284 κατῴκει
1792 248 1907 284 πλησίον

1111 296 1159 331 τῆς
1178 296 1403 331 Καριαθιαρεὶμ·
1423 296 1452 321 ἐν
1498 295 1572 331 καὶὴ
1586 294 1704 327 κιϐωτὸς
1717 293 1752 331 ἦν
1765 304 1842 327 ποτε,
1860 296 1908 321 καὶ

1111 341 1240 377 Σαμουὴλ
1253 341 1383 374 ἐδίδαξεν.
1401 342 1479 368 Ἔστι
1494 342 1522 367 δὲ
1540 341 1642 377 μεταξὺ
1657 342 1751 373 Λὶλὶας
1767 343 1815 369 καὶ
1830 343 1907 368 Διοσ-

1111 387 1216 420 πόλεως
1236 388 1284 414 ἐπὶ
1299 387 1351 422 τῆς
1368 388 1429 414 ὁδοῦ
1444 388 1573 423 κειμένη,
1587 387 1625 419 ὡς
1643 387 1698 414 ἀπὸ
1714 388 1837 423 σημείων
1849 387 1871 413 0’
1888 388 1905 422 ἠ

1111 434 1328 470 Καριαθιαρεὶμ,
1343 431 1378 470 ἦς
1389 434 1488 468 γείτων
1502 434 1518 470 ὴ
1541 434 1694 470 Μασσηφά.

1148 525 1226 552 Ἐστι
1243 524 1325 560 Σηεὶρ
1341 524 1406 551 ἔνθα
1428 524 1551 560 κατῴκει
1570 524 1667 551 Ἡσαῦ.
1689 524 1815 558 nata-{sa
1831 524 1858 550 δὲ
1878 525 1908 550 ὲν

1110 571 1150 606 τῷ
1166 571 1252 606 πεδίῳ
1265 570 1313 598 τοῦ
1328 571 1444 598 Λιϐάνου
1463 572 1552 598 κεῖται
1577 570 1630 597 ὑπὸ
1646 571 1677 598 τὸ
1697 571 1760 606 ϐρος
1777 571 1807 598 τὸ
1828 572 1907 606 Ἀερ-

1112 619 1182 655 μών.

1153 664 1270 700 Ἐνακὶμ
1289 664 1366 697 πόλις
1385 665 1479 701 ὀρεινὴ
1501 665 1616 693 τελοῦσα
1635 666 1687 693 ὐπὺ
1709 666 1834 702 Χεϐρών.
1860 667 1909 693 Ἐκ

1111 709 1213 741 παντὸς
1223 709 1250 736 δὲ
1258 709 1338 745 ὅρους
1349 709 1434 736 Ἰούδα
1445 720 1454 736 ι
1463 710 1541 746 φησὶ,
1549 711 1599 743 τὰς
1605 711 1711 748 ὲνορίας
1723 711 1816 738 ἐκτῶν
1828 710 1909 737 ὕστε-

1113 764 1159 791 ρον
1183 755 1285 783 καλῶν.
1301 755 1385 782 Οὔπω
1409 756 1464 791 γὰρ
1478 756 1526 783 νῦν
1543 754 1617 792 εἶχεν
1637 757 1733 792 αὑτήν.
1752 756 1908 783 Διαστέλλει

1110 801 1139 828 δὲ
1158 802 1203 828 τὸν
1228 801 1330 828 Ἰούδαν
1358 802 1406 828 καὶ
1429 801 1476 829 τὸν
1498 803 1607 839 Ἰσραὴλ
1631 804 1645 830 ὁ
1671 804 1848 838 συγγραφεὺς
1869 803 1909 835 ὡς

1113 847 1256 884 νεώτερος.
1276 847 1412 884 ’Ύστερον
1427 848 1482 884 γὰρ
1503 849 1605 880 Ἰούδας
1625 849 1685 884 μὲν.
1700 850 1727 875 αἱ
1740 849 1795 876 δύω
1808 848 1908 884 φυλαί·

1122 895 1231 931 Ἰσραὴλ
1257 895 1297 928 δὲ,
1324 895 1352 922 αἱ
1379 895 1446 922 δέκα
1472 895 1629 932 ἐκλήθησαν
1651 896 1698 923 ἐπὶ
1716 895 1835 931 Ῥοϐοάμ
1859 894 1909 922 τοῦ

1115 942 1174 969 υἱοῦ
1187 942 1369 977 Σολομῶντος.
1511 937 1513 939 ’

1149 988 1247 1016 ’Τοῦτο
1263 989 1379 1024 σημεῖον
1398 988 1455 1015 τῶν
1468 988 1560 1021 ,ἐθνῶν
1575 989 1623 1016 καὶ
1637 989 1771 1024 αἱρέσεων
1784 988 1840 1015 τῶν
1860 996 1910 1023 με-

1114 1035 1181 1068 ταξὺ
1195 1034 1250 1062 τῶν
1267 1034 1387 1061 πιστῶν·
1405 1035 1453 1061 καὶ
1475 1034 1520 1062 ἵνα
1541 1035 1575 1061 δι’
1601 1035 1692 1061 αὐτῶν
1717 1034 1909 1068 παιδευόμενοι

1115 1081 1302 1117 ἔπιστρὲφωσι
1317 1080 1386 1117 πρὸς
1406 1079 1473 1108 Θεὸν
1489 1081 1697 1117 ἁμαρτάνοντες
1720 1080 1788 1117 (Η).
1808 1079 1911 1107 ’Ᾱσδὼδ

1114 1128 1143 1155 δὲ
1162 1129 1293 1160 Ἄζωτος.

1151 1173 1208 1200 Καὶ
1240 1174 1356 1207 Ἰησοῦς
1384 1173 1588 1208 πρεσϐύτερος
1617 1172 1808 1207 προϐεϐηκὼς
1838 1172 1910 1207 ἡμᾶς

1111 1219 1176 1255 ρῶν
1191 1220 1260 1256 (42).
1287 1220 1342 1247 Καὶ
1369 1218 1435 1248 εἷπε
1467 1220 1577 1254 Κύριος
1600 1218 1677 1253 πρὸς
1711 1216 1911 1253 ’1ησοῦν,Σὺ

1116 1269 1303 1303 προϐέϐηκας
1315 1267 1375 1294 τῶν
1396 1266 1525 1303 ἡμερῶν.
1545 1267 1601 1301 Οὐχ
1619 1265 1712 1297 ἁπλῶς
1732 1266 1756 1292 οἱ
1777 1265 1911 1300 πολυχρό-

1115 1320 1168 1338 νιοι
1179 1311 1305 1346 λέγονται
1316 1311 1498 1347 πρεσϐύτεροι
1508 1312 1542 1346 τῇ
1557 1312 1663 1346 Γραφῇ,
1677 1310 1736 1338 ἀλλ’
1746 1311 1771 1338 οἱ
1782 1309 1911 1345 φρόνημα

1116 1357 1227 1393 ἔχοντες
1249 1358 1325 1392 ἄξιον
1338 1357 1424 1393 τιμῆς
1437 1357 1602 1393 ἐπουρανίου
1622 1356 1833 1391 πρεσϐυτερίου.
1847 1356 1911 1382 Τοι-

1117 1404 1221 1439 γαροῦν
1235 1403 1298 1431 οὔτε
1311 1404 1358 1431 τήν
1371 1403 1537 1439 Ἀδὰμ,οῠτε
1545 1403 1592 1430 τὸν
1610 1401 1858 1432 Μαθουσάλα,οῠτε
1866 1400 1913 1427 τὸν

1117 1451 1179 1478 Νῶε
1200 1451 1387 1486 πρεσϐύτερον
1406 1450 1529 1486 εἴρηκεν,
1540 1449 1588 1481 οὓς
1604 1449 1704 1485 μᾶλλον
1725 1448 1821 1484 ἐχρῆν,
1843 1447 1913 1475 ἀλλὰ

1117 1498 1164 1524 τὸν
1179 1495 1437 1533 ὸλιγοχρονιὼτερον
1456 1495 1583 1530 Ἀϐραὰμ
1597 1494 1708 1530 πρῶτον
1720 1491 1780 1520 εἷπε
1796 1492 1914 1529 πρεσϐύ-

1119 1552 1209 1578 τερον.
1225 1543 1281 1570 Καὶ
1298 1543 1366 1578 πρὸς
1383 1542 1504 1570 Μωῦσέα
1517 1542 1546 1568 δέ
1563 1549 1630 1576 φησι
1646 1540 1765 1576 Κύριος”
1785 1548 1794 1565 ι
1814 1539 1913 1565 Ἐκλε-

1119 1589 1165 1623 ξαι
1176 1589 1282 1625 σεαυτῷ
1303 1589 1357 1615 ἀπὸ
1371 1588 1473 1620 παντὸς
1484 1588 1531 1615 τοῦ
1553 1587 1619 1614 λαοῦ
1639 1586 1852 1623 πρεσϐυτέρους,
1866 1583 1914 1616 οὓς

1119 1635 1200 1667 αὐτὸς
1221 1635 1253 1662 σὺ
1269 1633 1353 1667 οἶδας,
1369 1635 1410 1662 ὄτι
1432 1633 1615 1670 πρεσϐύτεροί
1636 1634 1717 1660 είσιν.
1735 1641 1744 1658 ι
1760 1632 1791 1658 Εί
1807 1631 1835 1658 δέ
1862 1640 1915 1658 που

1118 1681 1193 1714 λέγοι
1209 1679 1289 1707 τοῦτο
1309 1681 1374 1713 περὶ
1392 1679 1558 1716 ἁμαρτωλοῦ
1579 1680 1596 1715 ἡ
1615 1679 1722 1714 Γραφὴ,
1748 1677 1808 1713 μεθ’
1823 1678 1916 1705 ὑποτι-

1121 1726 1232 1762 μήσεὼς
1251 1735 1352 1762 φησιν·
1381 1735 1390 1751 ι
1407 1723 1483 1758 Οἴον,
1508 1726 1588 1758 αὐτὸς
1611 1726 1625 1752 ὸ
1649 1725 1752 1760 Κύριος
1767 1725 1808 1756 είς
1824 1724 1916 1759 κρίσιν

1119 1772 1179 1808 ἥξει
1204 1773 1274 1808 μετὰ
1288 1772 1344 1798 τῶν
1359 1766 1567 1807 πρεσϐυτέρων,
1590 1770 1638 1797 καὶ
1661 1769 1731 1805 μετὰ
1744 1769 1799 1795 τῶν
1815 1768 1915 1803 ἀρχόν-

1120 1827 1175 1845 των
1203 1818 1251 1844 τοῦ
1278 1817 1355 1845 λαοῦ.
1373 1827 1382 1844 ι
1409 1817 1526 1853 Ὁμοίως
1543 1817 1572 1844 δὲ
1594 1816 1642 1843 καὶ
1663 1816 1695 1842 τὸ
1711 1815 1915 1850 προϐεϐηκέναι

1120 1866 1179 1897 ταῖς
1195 1865 1315 1900 ἡμέραις
1335 1864 1383 1891 ἐπὶ
1400 1864 1487 1898 ἁγίων
1506 1863 1600 1899 φησίν.
1616 1863 1713 1894 οὐδεὶς
1729 1862 1784 1897 γὰρ
1800 1861 1916 1896 στρεφό-

1121 1920 1202 1947 μενος
1225 1912 1267 1943 εις
1289 1911 1323 1937 τὰ
1346 1911 1447 1944 ὀπίσω,
1470 1909 1660 1945 προϐέϐηκεν
1683 1908 1741 1936 ἀλλ’
1756 1908 1783 1934 εἴ
1802 1916 1843 1938 τις
1860 1908 1916 1937 τοῖς

1121 1957 1277 1994 ἔμπροσθεν
1303 1956 1502 1989 ἐπεκτείνεται,
1530 1955 1586 1982 τῶν
1610 1954 1725 1982 ὄπισθεν
1741 1951 1918 1980 ἐπιλανθανό-

1144 2012 1213 2035 εκιος.

1223 2049 1242 2083 ’ἡ
1259 2048 1296 2083 γῆ
1312 2048 1531 2076 ὑπολέλειπται
1543 2046 1645 2080 πολλὴ
1671 2045 1801 2080 σφόδρα.
1820 2044 1918 2071 Καίτοι

1123 2097 1249 2133 προεῖπε,
1260 2105 1270 2121 ι
1282 2095 1363 2130 Καὶὴ
1376 2094 1411 2129 γῆ
1420 2094 1578 2121 κατέπαυσε
1585 2093 1651 2119 πολε
1657 2093 1792 2127 μουμένη,
1805 2101 1814 2117 ι
1825 2091 1917 2118 καὶότι

1121 2143 1136 2170 ὁ
1150 2141 1254 2178 Ἰησοῦς
1267 2141 1348 2168 ἔλαϐε
1364 2141 1457 2168 πᾶσαν
1471 2140 1521 2175 τὴν
1535 2140 1598 2174 γῆν.
1614 2140 1679 2166 Νόει
1695 2138 1784 2166 τοίνυν
1798 2137 1846 2164 τοῦ
1861 2138 1918 2164 Ku-

1125 2188 1185 2224 ρίου
1209 2187 1300 2223 Ἰησοῦ
1317 2186 1457 2223 προτέραν
1482 2185 1532 2221 μὲν
1560 2185 1696 2221 κράτησιν
1720 2184 1772 2218 τῆς
1787 2184 1849 2218 γῆς,
1873 2184 1917 2209 ὅτε

1126 2235 1238 2270 ἔσπειρε
1255 2233 1301 2260 τὸν
1318 2233 1398 2268 λόγον
1413 2231 1499 2259 αὑτοῦ
1512 2233 1552 2263 εις
1568 2232 1659 2258 πᾶσαν
1676 2231 1727 2266 τὴν
1741 2229 1917 2264 οἰκουμένην.

1125 2282 1171 2317 Τῷ
1185 2281 1239 2316 γὰρ
1255 2278 1461 2315 κεκρατηκέναι
1486 2278 1559 2313 τάχα
1582 2277 1637 2304 τῶν
1656 2277 1686 2303 ὲν
1711 2277 1820 2311 ἑκάστῳ
1846 2275 1919 2302 ἔθνει

1126 2328 1280 2364 Δαιμόνων,
1296 2325 1432 2353 ἀπελάσαι
1446 2333 1475 2352 τε
1494 2324 1617 2356 τούτους,
1640 2323 1751 2358 ἔσπειρε
1772 2322 1819 2349 τδν
1840 2322 1920 2356 λόγον

1125 2376 1166 2407 εἰς
1183 2375 1233 2406 τὰς
1252 2372 1427 2409 Ἐκκλησὶας.
1441 2371 1515 2406 Αὕτη
1535 2370 1583 2406 μία
1597 2370 1731 2407 κράτησις
1750 2369 1797 2396 τοῦ
1819 2368 1920 2403 Ἰησοῦ.

1128 2421 1183 2448 Ἴδε
1200 2419 1304 2456 μοικαὶ
1317 2419 1360 2446 ἐπ’
1375 2419 1466 2454 ἐκείνῃ
1481 2417 1622 2452 δευτέραν,
1633 2416 1678 2442 ὅτε
1693 2415 1804 2442 πάντων
1818 2415 1921 2449 κρατή-

1125 2477 1177 2501 σει,
1204 2466 1311 2494 πολλῶν
1331 2465 1380 2492 νῦν
1407 2465 1510 2500 μορίων
1536 2461 1761 2497 ὑπολειπομένων
1787 2460 1838 2495 τῆς
1856 2460 1922 2494 γῆς,

1126 2515 1172 2541 Διὸ
1194 2515 1227 2549 τῇ
1251 2513 1300 2548 μὲν
1315 2511 1440 2547 προτέρᾳ
1452 2511 1492 2543 τὸ,
1507 2508 1714 2545 πολεμουμένῃ,
1737 2507 1900 2543 πρόσκειται
1912 2513 1920 2520 ·

1125 2562 1158 2596 τῇ
1187 2560 1216 2586 δὲ
1241 2559 1366 2595 δευτέρᾳ.
1393 2558 1434 2590 τὸ,
1463 2557 1549 2591 πολλὴ
1571 2555 1684 2591 σφόδρα.
1698 2553 1771 2589 Πλὴν
1789 2553 1921 2589 μακάριοι

1127 2606 1228 2638 πάντες
1251 2605 1276 2632 οἱ
1303 2605 1332 2631 ὲν
1360 2605 1394 2639 τῇ
1420 2602 1517 2638 πρώτῃ
1545 2600 1683 2637 παρουσίᾳ
1706 2599 1918 2634 κεκρατημένοι.

1126 2651 1215 2685 Χάρις
1231 2649 1286 2685 γὰρ
1302 2649 1405 2681 αὐτοῖς,
1419 2649 1460 2675 ὅτι
1476 2647 1582 2676 πολλῶν
1593 2646 1633 2674 ἔτι
1647 2645 1840 2681 πολεμούντων
1856 2645 1923 2670 ὑπο-

1126 2696 1286 2724 τὰσσονται.
1315 2695 1348 2722 Οἱ
1362 2695 1418 2731 γὰρ
1441 2694 1489 2721 ἐπὶ
1500 2695 1550 2731 τῆς
1566 2692 1697 2729 δευτέρας
1720 2691 1830 2728 ἀνάγκῃ
1855 2698 1922 2726 κρα-

1032 2839 1137 2868 NOTAE

321 2892 377 2928 (il)
388 2891 428 2918 Τὰ
440 2891 509 2919 αὐτὰ
523 2891 569 2918 καὶ
583 2891 596 2918 ὁ
609 2889 730 2926 Προκόπ.
743 2890 771 2915 ἐν
787 2889 825 2924 τῷ
835 2889 882 2924 τῆς
909 2889 976 2923 Δὺγ.
1007 2887 1072 2914 κώδ.

1124 2885 1180 2921 (4⁸2)
1196 2885 1256 2912 Τῶν
1272 2883 1392 2920 ἡμερῶν.
1406 2883 1439 2910 Δί
1450 2883 1511 2910 αὐτ.
