2086 3160
161 160 229 193 1025

729 155 1000 188 COMMENTARII
1016 154 1058 185 IN
1077 153 1205 184 JOSUE.

1736 149 1808 181 1026

159 217 279 248 τοῦνται,
294 217 332 249 ὼς
349 218 396 244 καὶ
415 217 460 243 τὸν
475 216 591 252 ἔσχατον
607 215 704 250 ἐχθρὸν
723 214 836 241 θάνατον
850 220 955 247 καταρ-
971 236 974 240 .

1023 210 1118 237 loniiui
1132 209 1189 244 jam
1207 207 1350 236 fruuntur.
1366 207 1420 234 Alii
1434 207 1509 234 enim
1527 213 1600 242 quos
1614 206 1736 234 secunda
1757 208 1805 233 de-

159 264 289 299 γηθῆναι.
303 264 396 290 Πάντα
414 263 443 290 δὲ
460 263 569 298 πρῶτον
582 262 617 289 τὰ
633 261 709 296 ἔθνη,
724 260 796 287 καθὰ
812 260 886 286 δοκεῖ
900 259 956 290 τοῖς

160 311 329 346 προφήταις.
344 309 398 336 ἀπὸ
415 309 543 345 περάτων
557 308 611 341 ἕως
625 307 754 344 περάτων
767 307 817 342 τῆς
831 306 960 340 οἰκουμέ-

162 365 210 393 νης
224 356 440 392 ὑποταγήσεται.

200 487 310 514 Πολλῶν
325 487 380 515 τῶν
399 489 631 524 ὑποτασσομένων
643 487 849 523 ὀνομασθέντων
863 487 959 519 ἐθνῶν,

165 534 213 562 ἐπὶ
228 535 317 570 μόνων
337 535 391 562 τῶν
407 536 543 563 Σιδωνίων
566 536 660 572 φησὶν,
676 535 714 567 ὡς
733 545 742 561 ι
763 535 963 570 Ἐξολοθρεὺσω

167 582 266 614 αὐτοὺς
283 582 338 609 ἀπὸ
353 582 503 618 προσώπου
526 583 582 610 τῶν
596 583 663 610 υἱῶν
684 582 803 618 Ἰσραήλ.
827 591 836 609 ι
863 582 898 608 Ἦ
911 590 964 607 κοι-

167 628 212 655 νδν
230 628 312 655 τοῦτο
329 628 400 655 κατὰ
420 628 530 656 πάντων
547 629 712 665 λαμϐάνων·
736 629 754 664 ἢ
773 629 867 664 ἐπειδὴ
882 627 964 655 Σιδώ-

168 683 220 701 νιοι
248 673 458 709 ἐρμηνεύονται,
483 675 634 710 θηρευταί.
662 675 756 702 Πᾶσαν
771 675 826 710 γὰρ
849 674 965 710 δύναμιν

169 721 340 757 θηρεύουσαν
355 721 446 756 ψυχὰς
458 721 612 756 ἀνθρώπων
625 721 822 757 ἐξολοθρεύσει.
839 721 893 748 Καὶ
905 721 965 747 τότε

172 768 286 804 μηδενὸς
317 767 393 799 ὄντος
429 767 607 803 θηρεύοντος,
636 768 824 794 ἀναπαύσεται
851 768 965 799 ἕκαστος

171 814 302 841 ὑποκάτω
316 814 366 849 τῆς
381 814 507 848 ἀμπέλου
530 814 624 847 αὐτοῦ,
644 815 693 841 καὶ
707 813 837 841 ὑποκάτω
859 815 909 849 τῆς
924 822 969 840 συ-

171 859 223 895 κῆς
233 859 329 886 αὑτοῦ.

207 906 278 932 Δότε
292 905 327 937 ἐξ
340 904 426 940 ἡμῶν
443 906 522 940 τρεῖς
535 905 648 940 ἄνδρας
663 906 738 933 κατὰ
751 906 866 941 φυλήν.
884 905 968 941 Δῆλον

172 952 214 978 ὅτι
231 952 423 987 γεωμετρικῆς
437 953 634 988 ἐπιστήμονας,
649 952 696 979 καὶ⁵
710 953 823 984 ἱκανοὺς
837 953 968 988 ποιότητα

172 999 224 1034 γῆς
242 999 394 1026 ἀντιθεῖναι
412 1000 553 1034 ποσότητι.
569 1000 624 1026 Καὶ
641 1000 711 1027 κατὰ
728 1000 758 1027 τὸ
774 999 891 1035 μέγεθος
904 1000 969 1027 έκάο

174 1053 239 1080 στης
256 1045 344 1080 φυλῆς
366 1045 491 1082 ἀφώρισε
511 1046 576 1078 τοὺς
592 1047 710 1082 κλήρους
730 1046 744 1072 ό
767 1045 882 1080 Ἰησοῦς.
909 1046 969 1078 Ἐξ-

173 1091 252 1118 έσται
266 1091 295 1117 δὲ
311 1092 351 1126 τῷ
363 1091 519 1127 βουλομένῳ
529 1092 595 1127 παρ’
607 1092 740 1128 Ἰωσήπου
754 1091 848 1119 λαῦεἰν
857 1091 912 1119 ἀπὸ
922 1091 969 1118 τοῦ

175 1137 303 1172 πέμπτου
324 1137 404 1171 λᾴγου
430 1137 477 1164 τοῦ
503 1138 568 1173 περὶ
591 1138 787 1173 ἀρχαιολογίας
811 1138 838 1164 εῐ
856 1146 883 1164 τι
906 1137 969 1174 περὶ

175 1184 225 1219 τῆς
239 1184 402 1219 ὲκφράσεως
420 1183 475 1210 τῶν
492 1183 603 1219 κλήρων
617 1184 691 1219 λέγει
708 1184 888 1219 σαφέστερον.

211 1229 389 1264 Χειμάρῤουν
401 1229 430 1256 δὲ
444 1229 584 1263 Αἰγύπτου
611 1228 658 1255 τὸν
683 1229 898 1264 Ῥινοκορούρων
917 1237 971 1264 φη-

177 1273 216 1302 σι.
230 1274 300 1301 Καθ’
320 1274 418 1310 ἑτέραν
430 1274 459 1301 δὲ
477 1275 555 1308 τάξιν
569 1275 635 1307 τοὺς
661 1275 782 1311 κλήρους
806 1276 970 1311 ἠρίθμησεν.

183 1320 281 1347 Ίστέον
292 1319 332 1352 δὲ,
347 1320 386 1352 ὡς
402 1320 438 1347 τὰ
450 1322 515 1356 περὶ
531 1321 645 1353 Σιδῶνα,
655 1322 703 1349 καὶ
728 1322 900 1357 ’Δρυκαίους,
926 1323 973 1349 καὶ

183 1365 362 1400 Ἀμαθαίους,
375 1366 424 1393 καὶ
446 1365 588 1402 Ἀραδίους
615 1367 804 1404 ἀδιακόσμητα
830 1366 875 1403 ἦν,
909 1369 973 1400 ἴσως

178 1411 232 1437 ὑπὸ
245 1412 338 1446 γήρως
353 1411 564 1446 ἐμποδισθέντος
583 1412 683 1447 Ἰησοῦ,
698 1413 746 1440 καὶ
765 1414 819 1440 τῶν
845 1414 903 1449 μετ’
925 1413 976 1440 αὺ-

179 1459 225 1485 τὸν
246 1458 392 1493 ἡγεμόνων
406 1457 638 1494 ῥᾳθυμησάντων.

215 1503 339 1530 Καθόλου
358 1503 387 1529 δὲ
402 1503 506 1539 νοητῶς
528 1503 593 1538 περὶ
610 1503 666 1531 τῶν
687 1503 844 1539 εἰρημένων
870 1504 973 1531 ειπείνο

180 1549 361 1584 ὑποδείγματι
375 1550 422 1576 καὶ
437 1550 502 1584 σκιᾷ
513 1549 567 1576 τῶν
583 1549 756 1585 ἐπουρανίων
766 1550 790 1576 οἱ
806 1549 877 1577 κατὰ
892 1550 975 1585 νόμον

180 1595 338 1632 ἐλάτρτυον.
368 1596 424 1623 Καὶ
451 1595 489 1628 ὡς
513 1595 600 1627 τύπος
624 1594 660 1632 ἦν
680 1596 874 1632 Ἰερουσαλὴμ,
893 1597 940 1624 καὶ
961 1597 975 1623 ὁ

180 1643 254 1674 ναὸς.
272 1643 320 1670 καὶ
338 1642 369 1669 τὸ
389 1643 595 1678 θυσιαστήριον,
612 1643 760 1679 ἀρχιερεύς
773 1652 802 1670 τε
816 1644 864 1670 καὶ
881 1644 974 1679 ιερεῖς·

181 1688 254 1716 οὕτω
275 1689 324 1715 καὶ
346 1689 375 1715 αἱ
390 1688 483 1720 πόλεις
501 1689 548 1716 καὶ
562 1688 658 1724 κῶμαι
678 1690 731 1725 τῆς
751 1689 899 1722 Ἰουδαίας·
917 1689 976 1717 ἀλλ’

181 1735 356 1771 ἐπεδήμησεν
382 1735 397 1761 ὁ
424 1735 573 1770 καταργῶν
597 1735 661 1767 τοὺς
684 1735 797 1768 τύπους,
820 1737 871 1772 τὴν
885 1736 976 1773 ἀληθῆ

181 1783 312 1818 παρέχων
329 1781 517 1818 προσκῦνησίν
533 1790 564 1808 τε
579 1782 627 1809 καὶ
641 1782 831 1818 κληροδοσξαν.

217 1912 278 1938 Τῶν
289 1912 479 1947 κληρονομιῶν
495 1912 522 1940 αἱ
540 1912 589 1947 μὲν
605 1911 658 1939 ὑπὸ
672 1912 824 1945 Μωῦσέως,
840 1913 868 1939 αἱ
883 1912 912 1940 δὲ
925 1913 978 1939 ὑπὸ

188 1958 277 1993 Ἰησοῦ
288 1958 458 1994 διεδόθησαν.
469 1958 618 1993 Οὐδέτερος
629 1958 657 1985 δὲ
667 1960 726 1990 τοῖς
736 1959 864 1990 Δευῖταις
875 1959 978 1986 δέδωκε

183 2009 377 2045 κληρονομίαν.
395 2008 498 2044 Κύριος
520 2007 575 2044 γὰρ
591 2009 605 2035 ό
619 2007 684 2039 Θεὸς
700 2007 869 2043 κληρονομία
887 2007 978 2034 αὐτῶν

183 2055 252 2081 ἐστι.
275 2053 351 2090 Πλὴν
367 2052 427 2080 ἐστι
450 2053 579 2089 διαφορά.
601 2053 630 2079 '0
649 2052 699 2088 μὲν
715 2051 770 2087 γὰρ
788 2052 908 2088 Μωῦσῆς
929 2053 978 2087 τὴν

183 2102 237 2136 προ
252 2100 299 2127 τοῦ
317 2100 453 2136 Ἰορδάνου
468 2099 521 2134 γῆν
543 2100 697 2134 διανείμας,
711 2099 741 2125 τὸ
758 2099 905 2125 ἐπιϐάλλον
920 2100 980 2126 ἐκεῖ

185 2147 267 2183 μέρος
280 2148 336 2178 τοῖς
348 2147 476 2178 Λευῑταις
488 2146 539 2172 οὐκ
549 2145 651 2172 ἔδωκεν
661 2153 668 2160 ·
681 2145 738 2172 ἀλλ’
758 2145 863 2181 Ἰησοῦς
879 2147 938 2172 ἐκεῖ
950 2154 979 2172 τε

184 2194 230 2220 καὶ
246 2194 315 2228 μετὰ
329 2193 375 2220 τὸν
390 2193 528 2229 Ἰορδάνην
543 2193 707 2227 παρέσχετο.
723 2192 809 2227 Δῆλον
827 2192 881 2228 γὰρ
896 2192 937 2218 ὅτι
948 2192 980 2219 τὺ

183 2240 323 2276 ἱερατικὸν
336 2239 444 2274 άληθῶς
457 2239 554 2274 τάγμα
565 2238 597 2265 τὸ
607 2239 847 2274 επιστ-τειρόμενον,
860 2238 908 2264 καὶ
922 2239 978 2270 τοῖς

185 2286 316 2321 πρώτοις,
339 2285 377 2317 ὡς
397 2285 430 2312 ἂν
443 2284 608 2319 ἁγιασθῶσι,
633 2284 681 2311 καὶ
700 2285 757 2316 τοῖς
771 2283 918 2320 δευτέροις,
936 2285 978 2310 ἵνα

186 2332 407 2369 μακαμσθῶσιν,
424 2332 480 2359 ὑπὸ
494 2331 583 2367 Ἰησοῦ
600 2331 718 2367 Χριστοῦ
735 2331 904 2365 διανέμεται.
918 2330 978 2357 Τῶν

183 2380 214 2407 δὲ
236 2381 274 2415 μὴ
295 2378 540 2414 κληρονομούντων
555 2379 580 2405 οἱ
603 2378 652 2414 μὲν
669 2378 707 2409 ὡς
721 2373 839 2410 ἀνάξιοι,
863 2378 887 2404 οἱ
900 2377 927 2404 δὲ
941 2377 980 2409 ὡς

184 2425 340 2460 κρείττονος
363 2423 434 2457 ἄξιοι
456 2424 642 2459 κληρονομίας
661 2424 693 2450 οὐ
716 2423 880 2458 τυγχάνουσι
895 2423 979 2450 τῶνδε

184 2472 239 2498 τῶν
255 2471 376 2506 κλήρων.
393 2471 442 2502 Τίς
458 2471 486 2497 δὲ
497 2471 514 2505 ή
530 2471 664 2506 κρείττων
679 2470 725 2497 καὶ
736 2470 859 2496 Λευῖτῶν
875 2469 922 2496 καὶ
939 2471 979 2496 ἱε-

186 2519 257 2555 ρέων
273 2518 350 2551 ἀξίας
369 2518 450 2550 αὐτὸς
473 2518 488 2543 ὁ
508 2517 621 2552 Κύριος,
637 2516 665 2548 ὃς
682 2515 799 2551 ἐγενήθη
815 2517 881 2551 ἡμῖν
898 2515 980 2551 σοφία

186 2565 234 2592 καὶ
248 2564 406 2600 δικαιοσύνη
422 2564 469 2591 καὶ
480 2564 628 2599 ἁγιασμὸς,
642 2565 738 2599 εἰρήνη
750 2571 779 2590 τε
793 2563 841 2590 καὶ
854 2562 979 2598 ἀλήθεια.

185 2612 260 2648 Πλὴν
275 2613 289 2638 ὁ
307 2611 486 2649 κληρονομῶν
510 2610 597 2638 ταῦτα
617 2611 745 2646 παροικεί
766 2611 825 2642 τοῖς
847 2609 980 2645 κληρονο-

187 2659 267 2695 μοῦσι
281 2660 331 2695 τὴν
347 2659 410 2695 γῆν,
427 2659 466 2690 ὡς
481 2658 514 2686 ἂν
528 2659 575 2686 καὶ
591 2658 668 2685 αὐτοὶ
680 2657 731 2692 τῆς
746 2657 901 2694 κρείττονος
916 2657 980 2693 κλη-

186 2705 316 2742 ρονομίας
340 2705 491 2741 μετέχοιεν,
510 2705 534 2732 εί
551 2705 599 2731 καὶ
623 2704 661 2740 μὴ
680 2704 906 2740 προηγουμένως,
922 2704 981 2730 ἀλλ’

187 2751 230 2778 ἵνα
243 2752 369 2787 γένηται,
381 2760 390 2776 ι
404 2751 432 2778 '0
441 2751 472 2777 τὸ
481 2750 560 2781 πολὺ,
568 2751 618 2777 οὐκ
629 2749 778 2776 ἐπλεόνασε
789 2757 795 2764 ·
808 2750 913 2776 καὶότδ
926 2750 981 2776 ὀλί-

184 2806 244 2832 γον,
260 2798 310 2825 οὺκ
325 2797 501 2833 ὲλαττόνησε.
521 2806 530 2822 t
548 2796 620 2832 Φησὶ
641 2795 670 2823 δὲ
693 2795 742 2822 καὶ
763 2794 869 2828 Παῦλος
884 2803 891 2810 ·
915 2805 928 2823 ι
945 2795 983 2823 Τὸ

1009 255 1172 291 prehendet,
1189 254 1367 282 necessitatis
1395 253 1528 281 violentia
1545 253 1719 287 subigantur.
1732 251 1809 279 Adeo

1010 309 1041 330 ut
1060 309 1111 330 nec
1127 306 1273 330 extremus
1295 301 1383 328 hostis
1406 307 1484 328 mors
1500 307 1562 328 eam
1583 301 1672 335 possit
1692 299 1807 326 evitare.

1009 346 1093 374 Prius
1116 352 1184 374 vero
1198 345 1281 380 juxta
1304 345 1504 380 prophetarum
1527 344 1695 372 sententiam
1712 349 1810 379 gentes

1011 397 1120 420 cuncta:
1136 391 1170 419 ab
1189 391 1321 419 omnibus
1336 396 1418 419 terra:
1437 390 1540 419 linibus
1556 390 1675 419 Domino
1691 390 1810 425 subjun-

1012 441 1124 474 gentur.

1049 484 1195 512 Multarum
1213 491 1280 512 vero
1303 483 1428 519 gentium
1455 482 1629 510 subditarum
1649 482 1810 511 nominibus

1013 531 1153 564 adductis,
1179 530 1214 559 de
1242 530 1312 558 solis
1340 529 1462 558 Sidoniis
1485 529 1596 564 inquit:
1614 538 1623 555 ι
1642 528 1808 557 Exscindaut

1014 587 1062 607 eos
1087 583 1153 606 ante
1179 578 1252 606 ﬁlios
1273 577 1368 610 Israel,
1386 586 1396 603 ι
1424 577 1482 604 sive
1498 577 1571 612 quod
1594 576 1622 603 in
1644 584 1744 611 genere
1761 584 1810 611 pro

1015 625 1145 653 omnibus
1160 629 1288 660 usurpat,
1309 624 1369 652 sive
1384 624 1458 660 quod
1473 623 1607 651 Sidonios
1627 623 1709 658 vulgo
1725 624 1812 650 inter-

1016 677 1160 707 pretantur
1186 677 1335 699 venatores.
1352 670 1488 698 Cunctatn
1512 670 1586 698 enim
1613 677 1725 696 manum
1751 677 1813 704 qua;

1017 723 1133 746 vertatur
1160 719 1270 746 animas
1293 718 1429 744 humanas
1445 716 1599 744 exscindet.
1623 716 1702 743 Nulto
1721 716 1813 751 itaque

1019 768 1149 791 venatore
1175 763 1334 797 superstite,
1361 762 1554 797 unusquisque
1578 762 1631 789 sub
1653 763 1733 790 vinea
1750 770 1812 795 sua,

1018 809 1128 844 ﬁcuque
1142 816 1194 836 sua
1211 809 1367 844 requiescet
1378 808 1411 834 ".

984 887 1006 915 Β
1057 896 1128 924 Data
1143 905 1156 924 ε
1174 897 1246 924 vobis
1262 902 1315 924 tres
1332 896 1402 924 viros
1424 897 1557 930 tributim,
1575 900 1629 925 etc.
1651 896 1757 932 [XVIIL
1772 895 1815 933 4.]

1018 943 1156 972 Nimirum
1173 944 1243 971 artis
1259 944 1435 979 geometrica:
1459 951 1573 979 gnaros,
1597 943 1816 978 qualitatemque

1021 994 1102 1018 terra
1129 998 1192 1018 cum
1219 991 1375 1026 quantitate
1401 991 1563 1018 confercndi
1589 994 1680 1025 aptos.
1697 990 1765 1017 Nam
1788 990 1815 1017 iu

1021 1036 1219 1065 distributione
1235 1037 1391 1072 portionum
1408 1037 1545 1072 cujusque
1569 1037 1660 1065 tribus
1676 1037 1816 1072 magnitu-

1021 1083 1116 1111 dinem
1142 1085 1275 1119 respexit.
1304 1083 1381 1112 Licet
1398 1091 1463 1111 vero
1479 1084 1526 1119 qui
1550 1084 1622 1111 volet
1645 1091 1678 1111 ex
1701 1083 1816 1118 Juscphi

1021 1131 1121 1164 quinto
1140 1129 1337 1164 Antiquitatum
1357 1130 1429 1158 libro
1445 1134 1540 1165 petere
1555 1129 1629 1164 quod
1645 1129 1680 1157 de
1704 1130 1816 1165 exposi-

1023 1176 1098 1204 tione
1112 1176 1228 1204 sortium
1248 1177 1351 1204 elarius
1369 1177 1461 1204 habet.

1059 1223 1148 1250 Porro
1162 1228 1311 1251 torrentem
1329 1223 1441 1259 Egypti
1464 1223 1598 1256 nominat,
1617 1230 1678 1258 qum
1697 1222 1819 1250 Rinoeo-

1024 1277 1089 1297 rura
1107 1275 1160 1298 est.
1184 1269 1321 1298 Caeterum
1338 1271 1396 1298 alio
1419 1270 1517 1298 ordine
1538 1274 1628 1298 sortes
1647 1270 1818 1305 Sllpplllat‘il.

1026 1315 1175 1344 Sciendum
1205 1324 1257 1344 nec
1282 1325 1337 1344 non
1367 1317 1440 1352 quod
1453 1324 1485 1344 ea
1501 1325 1563 1352 qtae
1576 1316 1651 1344 circa
1675 1316 1818 1346 Sidonem.

1025 1363 1176 1399 Arycteos,
1207 1363 1384 1397 Amatltazos,
1411 1363 1584 1397 Aradiosque
1611 1367 1686 1396 sunt,
1717 1363 1820 1389 inculta

1025 1416 1117 1438 erant.
1134 1409 1265 1439 Fortasse
1281 1410 1356 1446 quod
1367 1410 1452 1438 Josne
1463 1410 1540 1438 senio
1554 1409 1701 1445 impeditus
1718 1409 1819 1441 fuerat,

1026 1456 1173 1490 exterique
1185 1460 1246 1490 post
1262 1455 1351 1490 ipsum
1366 1456 1452 1484 duces
1461 1456 1574 1490 segnius
1586 1456 1718 1490 egissent.

1062 1501 1092 1529 lu
1109 1509 1216 1529 summa
1232 1509 1299 1529 vero
1317 1507 1347 1529 ut
1364 1509 1378 1528 a
1398 1502 1481 1529 rebus
1495 1509 1576 1536 supra
1592 1501 1676 1529 dictis
1691 1501 1725 1528 ad
1740 1500 1822 1535 spiri-

989 1565 1011 1594 ε
1028 1552 1086 1575 tum
1095 1555 1206 1583 quoque
1216 1547 1414 1583 digrediamur.
1425 1548 1452 1574 in
1463 1547 1549 1584 ﬁgura
1559 1554 1591 1574 ac
1610 1547 1707 1574 umbra
1728 1555 1820 1574 rerum

1028 1594 1184 1622 ccelestium
1206 1594 1298 1622 cultus
1312 1594 1365 1629 legi
1376 1593 1456 1630 591
1466 1595 1819 1630 attemperatus,constitit.

1027 1639 1266 1674 Quemadmodum
1290 1640 1384 1675 itaque
1406 1641 1472 1668 urbs
1494 1639 1660 1673 Jerusalem.
1676 1641 1821 1675 templum.

1028 1687 1127 1720 altare,
1145 1694 1270 1714 summus
1285 1686 1421 1722 pontifex,
1439 1691 1466 1714 et
1484 1687 1646 1715 sacerdotes
1663 1692 1755 1723 typum
1773 1695 1822 1714 seu

1029 1733 1145 1769 ﬁguram
1161 1740 1218 1768 prae
1233 1740 1263 1760 se
1277 1733 1411 1765 tulerunt.
1427 1734 1468 1761 ita
1485 1732 1584 1768 oppida
1600 1741 1710 1769 quoque
1725 1740 1758 1760 ac
1769 1733 1822 1760 vici

1027 1778 1141 1807 Iudaea.
1176 1778 1275 1807 Verum
1305 1779 1329 1807 is
1355 1779 1403 1814 qui
1429 1779 1533 1815 ﬁguras
1555 1780 1653 1812 elevat,
1674 1787 1824 1814 veramque

1028 1823 1232 1858 adorationem,
1257 1828 1286 1852 et
1308 1825 1485 1852 sortitionem
1509 1825 1623 1853 exhibet
1644 1825 1673 1852 in
1687 1825 1822 1852 mundqu

1026 1869 1083 1904 jam
1099 1870 1270 1897 adventavit.

1064 1916 1200 1943 Caeterum
1229 1915 1407 1943 sortitionqu
1438 1915 1499 1943 alia
1526 1916 1637 1952 quidem
1663 1917 1714 1944 sub
1738 1916 1824 1948 Mose.

1029 1962 1090 1989 alia
1106 1970 1172 1990 vero
1189 1961 1242 1990 sub
1254 1961 1338 1990 Josue
1353 1961 1433 1989 facta:
1448 1966 1529 1996 sunt;
1546 1968 1645 1990 neuter
1662 1971 1726 1990 vero
1744 1962 1824 1990 Levi-

1030 2008 1066 2036 tis
1081 2012 1184 2036 sortem
1197 2008 1318 2043 aliquam
1337 2007 1446 2041 detulit,
1462 2008 1598 2037 Dominus
1610 2010 1682 2036 enirn
1699 2009 1823 2044 ipsorum

1026 2062 1092 2083 sors
1107 2059 1150 2082 est
1161 2055 1194 2081 ¹⁸.
1208 2053 1257 2082 Est
1269 2058 1361 2082 tamen
1378 2055 1469 2089 aliqua
1481 2056 1565 2083 etiam
1582 2056 1640 2083 illic
1650 2055 1804 2083 differentia
1817 2065 1824 2083 :

1030 2100 1120 2129 Moses
1136 2101 1240 2129 etenim
1256 2108 1319 2127 cum
1338 2105 1438 2128 terram
1455 2101 1496 2129 cis
1513 2100 1658 2129 Iordanem
1671 2102 1824 2136 divisisset,

1030 2147 1134 2176 Levitis
1152 2148 1363 2175 convenientem
1382 2147 1439 2175 illic
1464 2152 1571 2182 partem
1588 2156 1642 2175 non
1667 2149 1754 2176 dedit.
1771 2149 1825 2175 Ve-

1030 2201 1092 2220 rum
1106 2192 1190 2221 .lnsue
1203 2200 1266 2220 cum
1283 2193 1342 2220 iilic
1358 2198 1414 2220 tum
1433 2197 1510 2221 trans
1527 2192 1672 2221 Jordanem
1688 2193 1714 2220 id
1733 2194 1825 2230 ipsum

995 2259 1018 2286 ι)
1029 2240 1161 2276 ρτειιιιίι.
1185 2239 1303 2268 Constat
1319 2241 1392 2267 enim
1412 2240 1485 2275 quod
1504 2239 1574 2268 ordo
1589 2241 1771 2268 sacerdotalis
1784 2242 1826 2268 in-

1034 2292 1076 2314 ter
1102 2286 1171 2314 alios
1194 2286 1348 2321 dispersus,
1364 2286 1506 2321 prioribus
1522 2286 1632 2321 quidem
1656 2287 1826 2319 hominibus,

1035 2338 1063 2360 ut
1086 2340 1134 2368 per
1160 2340 1209 2360 eos
1238 2331 1458 2364 sanctiﬁcentur,
1489 2333 1620 2360 secundis
1648 2340 1713 2360 vero
1732 2337 1762 2359 ut
1780 2341 1827 2368 per

1033 2379 1177 2407 Christum
1196 2377 1294 2406 Jesum
1320 2378 1484 2406 felicitatem
1513 2383 1731 2413 consequantur,
1746 2379 1828 2405 attri—

1034 2425 1140 2453 buitur.
1154 2424 1197 2452 'Ex
1215 2425 1250 2453 iis
1272 2433 1339 2452 vero
1355 2426 1402 2460 qui
1428 2425 1532 2452 nullam
1551 2425 1752 2452 nanciscuntur
1768 2433 1829 2453 Sur-

1035 2476 1089 2499 tem
1106 2471 1170 2499 aliis
1188 2471 1301 2507 quidem
1319 2479 1370 2498 ceu
1398 2471 1520 2506 indignis
1546 2470 1595 2503 ﬁt,
1615 2471 1660 2498 alii
1685 2479 1755 2498 vero
1777 2479 1828 2499 um

1036 2518 1229 2554 praestantiore
1242 2523 1317 2546 sorte
1333 2518 1419 2552 digni,
1435 2519 1484 2546 has
1497 2521 1586 2545 sortes
1602 2526 1656 2546 non
1670 2518 1830 2553 adipiscun-

1035 2570 1091 2594 tur.
1109 2565 1176 2599 Quaz
1192 2573 1259 2593 vero
1278 2566 1454 2601 praestantior
1469 2565 1516 2592 illa
1530 2570 1583 2598 est,
1604 2569 1654 2592 aut
1675 2564 1829 2593 sacerdoti-

1032 2612 1087 2640 bus
1112 2620 1146 2640 ac
1162 2612 1267 2640 Levitis
1291 2616 1396 2639 tantum
1421 2611 1523 2647 digna?
1540 2611 1600 2646 Ipse
1620 2611 1766 2644 Dominus,
1780 2611 1828 2646 qui

1036 2662 1118 2686 natus
1145 2664 1187 2686 est
1210 2659 1290 2686 nobis
1314 2658 1461 2694 sapientia,
1486 2658 1606 2693 justitia,
1633 2658 1828 2691 sanctiﬁcatio,

1036 2712 1091 2739 pax
1109 2704 1230 2740 denique
1246 2709 1274 2732 ct
1286 2704 1432 2732 veritas".
1445 2703 1640 2732 Verumtamen
1654 2704 1700 2739 qui
1715 2705 1831 2732 sortitur

1035 2759 1067 2778 ea
1081 2751 1213 2778 advenam
1231 2751 1304 2786 apud
1322 2756 1402 2779 terrae
1428 2751 1551 2780 lueredes
1564 2751 1635 2786 agit.
1651 2758 1706 2786 quo
1727 2755 1755 2778 et
1776 2751 1830 2786 ipsi

1038 2797 1242 2833 prmstantioris
1255 2797 1342 2833 liuius
1358 2798 1442 2826 sortis
1457 2798 1584 2833 quamvis
1598 2797 1671 2825 haud
1688 2798 1716 2825 in
1732 2797 1831 2833 primis

223 2886 246 2905 ¹⁸
258 2886 341 2916 Mich.
357 2895 395 2921 tv,
410 2887 438 2916 4.
478 2887 501 2904 ¹⁹
515 2885 602 2915 Josue
617 2893 677 2920 xm,
694 2885 739 2915 Μ.
778 2885 800 2904 ¹⁷
815 2884 825 2913 Ι
844 2885 909 2914 Cor.
927 2893 947 2921 I,
964 2887 1010 2914 30.
