2086 3160
281 161 346 192 1027

279 218 346 243 ﬁunt
365 217 526 252 participes.
554 215 656 243 Verum
674 216 741 243 illttd
759 217 884 250 eveniat,
911 220 990 254 copia
1018 227 1072 246 non
1090 225 1109 252 Α

278 263 441 296 abundavit,
461 263 553 298 inopia
569 270 622 290 noa
638 263 751 291 defecit.
777 263 870 299 lnquit
888 273 955 292 vero
971 265 1074 293 Paulus

278 311 360 337 etiam
379 320 384 326 -
407 319 416 335 ι
438 309 534 337 Vestra
556 309 636 344 copia
668 309 780 337 illorum
808 312 948 338 succurrit
976 313 1075 346 inopia:

277 363 332 390 qtto
345 359 373 383 et
388 355 511 391 ipsorum
525 355 604 390 copia
620 359 721 382 vestra:
736 361 884 384 succurrat
901 357 1001 392 inopia:
1014 359 1045 385 ⁸⁵.
1062 368 1071 385 ι

278 401 345 428 Nam
360 402 492 430 sacerdos
506 410 618 437 quoque
637 402 741 429 advena
760 410 807 430 seu
830 403 920 430 incola
938 404 1010 431 inlct'
1027 405 1062 432 tri

940 163 1118 195 PROCOPII
1135 166 1258 197 GAZ/EI

1855 174 1924 206 1023

1126 222 1204 256 ὑμῶν
1225 223 1399 259 περίσσευμα
1417 225 1457 257 εἰς
1471 226 1503 252 τό
1517 226 1631 254 ἐκείνων
1646 227 1800 265 ὑστέρημα,
1820 230 1863 257 ἵνα
1877 231 1925 257 καὶ

1128 266 1159 292 τὺ
1178 267 1269 293 αὐτῶν
1293 269 1465 304 περίσσευμα
1489 271 1601 305 γένηται
1625 273 1665 303 εἰς
1688 273 1719 299 τὺ
1745 273 1823 308 ὑμῶν
1845 274 1924 301 ὑστέ-

1130 320 1217 347 ρημα.
1238 322 1247 339 ι
1271 314 1325 340 Καὶ
1341 316 1493 349 παροικεῖό
1508 317 1598 351 ἱερεὺς
1611 318 1661 353 τῆς
1676 319 1764 354 φυλῆς
1777 320 1925 355 λαμϐάνων

1128 359 1181 392 γῆν
1197 360 1229 394 ἢν
1247 360 1297 386 οὐκ
1314 360 1382 395 ἔχει,
1398 362 1445 388 καὶ
1461 362 1549 394 διδοὺς
1567 363 1671 400 Κύριον
1692 366 1749 397 τοῖς
1766 366 1803 402 μὴ
1818 367 1922 402 ἔχουσι,

1129 405 1276 440 γινομένης
1293 407 1398 442 ἀγαθῆς
1413 408 1602 444 ἀνακράσεως.

279 438 330 475 bus
358 453 411 480 est,
440 452 600 483 terramque
623 449 724 483 accipit
748 457 831 483 quam
856 458 912 477 non
937 451 1031 483 habet,
1061 459 1094 478 ac
1114 450 1256 479 dominum
1283 453 1391 481 confert
1418 438 1528 490 quoque
1564 463 1619 483 non
1641 455 1816 488 habentibus,
1839 457 1922 492 ﬁtque

279 494 350 522 bona
369 494 549 521 commutatio
564 502 611 521 seu
627 494 780 529 pcrmistio.

316 540 411 575 Itaque
424 540 513 567 Moses
527 540 639 575 quidem
653 548 744 568 sortes
759 541 913 575 distribuit,
923 550 1018 570 verum
1034 543 1076 571 cis

278 586 438 614 Jonlanem.
451 586 598 614 Distribuit
610 594 675 614 vero
685 586 771 614 Josue
784 595 847 615 cum
863 589 984 616 tribuum
997 590 1075 624 prin-

279 633 390 668 cipibus
409 640 416 659 :
431 632 468 659 ita
484 631 565 659 Jesns
581 632 713 660 Christus
730 633 777 668 qui
796 641 875 661 veras
890 639 980 662 sortes
995 635 1075 662 nobis

280 679 433 711 distribuit,
450 679 604 714 spiritualis
620 680 704 706 Israel
723 680 864 715 principes
880 681 994 708 asciscit
1009 689 1075 716 apo-

280 725 379 758 stolos,
404 725 437 752 ad
456 732 524 760 quos
538 725 608 752 dixit
635 733 642 752 :
676 734 685 750 ι
713 725 851 754 Sedcbitis
865 734 949 761 super
965 727 1074 754 thronis

280 770 470 802 duodecim,et
483 770 643 805 jndicabitis
658 770 803 798 duodecim
817 771 906 800 tribus
922 773 1006 800 Israel
1021 774 1052 799 ι’.
1062 782 1071 799 ι

279 816 440 844 Assumitur
465 817 530 844 item
560 816 673 844 Eleazar
691 824 739 844 cor
764 817 851 852 ipsius
881 818 984 851 Iosue,
1000 827 1072 854 quo-

282 871 342 890 rum
364 866 480 897 uterque
498 863 611 898 ﬁgurant
630 863 759 896 sustinet,
778 864 927 898 pontiﬁcis,
944 872 976 892 ac
996 866 1073 901 prin-

280 909 350 945 cipis
367 908 414 936 ﬁlii
433 908 492 936 Dei.

316 955 427 983 Primus
443 962 506 982 vero
520 954 605 982 Caleb
622 955 720 982 merito
738 959 839 983 sortem
854 962 934 982 suam
949 959 992 983 est
1011 955 1077 984 adc—

281 1005 356 1037 ptus.
373 1001 452 1034 Quod
471 1008 573 1028 nomen
590 1001 612 1028 si
634 1001 837 1036 interpreteris,
857 1000 930 1028 sicut
951 1008 1002 1028 cor
1022 1006 1074 1029 est.

282 1049 330 1076 Est
342 1055 406 1074 vero
424 1048 448 1074 is
459 1047 506 1082 qui
522 1047 651 1074 omnibus
662 1047 689 1074 in
703 1047 786 1074 rebus
801 1047 952 1082 prudentiae
968 1047 1075 1081 studet;

281 1095 328 1130 qui
343 1102 398 1129 pra:
419 1093 529 1121 cteleris
549 1093 681 1121 membris
696 1101 756 1128 quae
767 1093 860 1120 valere
873 1093 958 1128 jussit
968 1101 982 1120 a
994 1093 1078 1121 corde

282 1148 384 1168 nomen
401 1140 495 1171 habet,
511 1139 550 1167 Ac
565 1139 681 1174 proinde
696 1144 772 1167 totus
790 1140 816 1166 in
834 1139 987 1174 principi-tn
1003 1140 1078 1166 ordi-

283 1195 343 1213 nem
374 1189 417 1213 est
446 1186 561 1213 relatus.
581 1186 648 1221 Ejus
667 1193 732 1214 vero
757 1190 835 1220 pater
859 1184 1002 1220 Jcphonnc
1022 1189 1077 1215 est,

281 1232 354 1268 qttod
381 1237 434 1264 est,
461 1232 483 1260 si
512 1232 716 1267 interpreteris,
734 1232 808 1266 ﬁlius
835 1240 917 1259 curae.
943 1231 991 1259 Est
1013 1239 1078 1259 vero

283 1279 414 1314 magister
427 1278 524 1310 Mosis,
538 1278 637 1305 deinde
654 1282 681 1305 et
696 1276 790 1310 Josue,
803 1277 847 1304 cui
867 1277 957 1312 inquit
972 1287 978 1305 :
997 1287 1006 1303 ι
1024 1278 1077 1304 An-

283 1331 338 1350 non
353 1329 380 1350 tu
410 1323 483 1350 nosti
500 1323 612 1350 verbum
627 1323 700 1358 quod
716 1323 826 1350 locutus
842 1328 884 1349 est
901 1322 1033 1350 Dominus
1043 1322 1078 1349 ad

283 1369 398 1396 Mosm?
413 1379 421 1394 ι
440 1368 508 1402 Quis
521 1368 595 1396 enitn
609 1369 695 1403 legem
715 1375 792 1403 aeque
806 1375 838 1395 ac
853 1366 934 1395 Jesus
950 1368 1078 1395 Christus

285 1415 382 1443 novit?
395 1416 442 1450 qui
459 1418 556 1442 exacte
571 1414 653 1442 nobis
667 1422 727 1442 eam
745 1413 880 1449 implevit.
900 1413 1023 1440 Locutus
1037 1417 1080 1440 est

283 1468 369 1488 vero:
390 1470 400 1486 ι
422 1459 495 1487 Dixit
520 1459 654 1487 Dominus
675 1459 709 1486 ad
734 1458 827 1486 Mosen
851 1459 886 1486 de
908 1466 952 1486 me
966 1462 994 1486 et
1010 1463 1046 1486 te.
1066 1467 1076 1484 ι

283 1506 458 1534 Vaticinatur
482 1504 556 1532 enim
583 1504 673 1532 Moses
697 1503 731 1532 de
746 1503 832 1531 Josuo
856 1507 885 1532 ct
907 1503 1002 1536 Caleb,
1027 1504 1080 1532 hoc

282 1555 336 1582 est,
351 1550 384 1578 de
400 1549 491 1577 cordis
507 1549 607 1577 instar.

319 1597 392 1624 Dicit
408 1597 485 1625 item.
499 1603 554 1623 non
571 1595 728 1622 minoribus
743 1594 850 1623 viribus
867 1594 949 1623 hodie
969 1603 999 1622 se
1017 1602 1078 1623 esse

282 1651 365 1679 quam
382 1647 439 1670 tum
458 1641 592 1677 tetnporis
612 1640 706 1669 fuerit.
724 1641 754 1668 ln
772 1641 908 1669 ambobus
931 1640 1005 1669 enitn
1021 1642 1076 1669 vim

283 1697 362 1716 suam
379 1692 494 1717 sant-tus
512 1687 594 1714 habet
608 1686 784 1714 sermonibus
800 1694 849 1714 Seu
867 1686 958 1719 libris,
978 1691 1033 1713 tam
1050 1688 1075 1713 in

282 1734 369 1763 veteri
386 1741 467 1769 quam
484 1734 511 1760 in
526 1740 607 1764 novo,
624 1735 680 1759 tam
701 1733 728 1759 in
746 1732 820 1760 Mose
834 1740 917 1766 quatit
932 1733 959 1759 iu
980 1732 1076 1760 Josue.

318 1780 446 1808 Postulat
461 1786 526 1806 vero
540 1781 660 1805 tnontetn
678 1778 850 1805 submissum
868 1777 991 1813 nihilque
1002 1778 1076 1814 quod

283 1827 367 1854 urbes
395 1832 510 1861 magnas
540 1828 567 1852 et
592 1824 714 1851 munitas
740 1823 833 1855 habet,
865 1824 934 1851 vult.
957 1824 1077 1851 Noverat

283 1872 356 1900 enitn
373 1871 424 1899 sibi
442 1869 618 1906 pugnandum
632 1876 693 1897 esse
709 1873 806 1896 contra
818 1869 947 1898 Anakim.
964 1869 1001 1897 De
1014 1869 1077 1904 qui-

284 1918 337 1945 bus
365 1916 509 1952 Scriptura
537 1915 650 1948 indicat,
678 1915 751 1950 quod
767 1915 852 1942 urbes
869 1915 991 1942 munitas
1007 1923 1076 1942 con-

284 1962 424 1991 scenderit
449 1962 572 1997 sapiens,
600 1961 783 1988 munitionem
808 1961 874 1988 item
894 1962 920 1988 in
936 1969 990 1996 qtta
1007 1961 1078 1988 ﬁdu-

283 2010 354 2038 ciam
370 2016 448 2037 suam
463 2008 639 2036 collocarunt
660 2008 749 2043 impii.
771 2006 839 2034 Nam
857 2007 989 2035 Salomon
1009 2015 1078 2042 quo-

282 2064 338 2092 que
354 2056 417 2083 ait:
443 2055 561 2090 Sapiens
589 2054 671 2082 urbes
699 2053 828 2085 munivit,
855 2057 883 2080 et
909 2053 1077 2080 munitiones

283 2101 421 2130 destruxit
431 2101 465 2128 ".
482 2109 492 2126 ι
514 2099 649 2127 Nimirum
666 2105 811 2126 sermones
825 2097 872 2132 qui
888 2096 1077 2131 persuasionis

283 2149 338 2175 vim
353 2148 497 2178 habentes,
515 2145 550 2173 ad
563 2144 758 2179 decipiendum
775 2146 842 2170 sunt
861 2142 992 2178 appositi,
1008 2149 1078 2176 quos

283 2195 386 2222 montis
402 2193 514 2221 nomine
526 2190 638 2224 innuit;
654 2189 783 2223 quoniam
800 2188 973 2223 fastigiorum
990 2188 1080 2215 instar

1091 938 1113 966 Β

1092 1617 1114 1647 C

1165 543 1334 580 Κληροδοτεῖ
1353 545 1491 581 Μωῡσῆς,
1509 546 1577 573 ἀλλὰ
1602 547 1690 582 πέραν
1713 547 1761 574 τοῦ
1778 547 1920 583 Ἰορδάνου.

1129 591 1296 626 Κληροδοτεῖ
1309 591 1338 618 δὲ
1355 591 1460 627 Ἰησοῦς
1475 593 1543 627 μετὰ
1560 593 1614 619 τῶν
1634 593 1793 628 ἁρχιφύλων
1807 594 1853 620 τοῦ
1869 595 1921 621 Ἰσ-

1131 639 1208 673 ραήλ.
1225 637 1319 670 Οὕτως
1331 638 1437 673 Ἰησοῦς
1452 639 1466 665 6
1481 639 1600 674 Χριστὸς
1619 639 1669 674 τὴν
1687 640 1774 673 ἀληθῆ
1789 641 1920 675 κληροδο-

1129 684 1190 709 σίαν
1207 683 1306 715 διδοὺς,
1321 683 1533 718 παραλαμϐάνει
1543 685 1606 715 τοὺς
1626 685 1761 720 ἄρχοντας
1778 685 1825 711 τοῦ
1840 695 1921 712 πνευ-

1128 729 1244 764 ματικοῦ
1262 729 1383 765 Ἰσραὴλ,
1395 729 1458 761 τοὺς
1472 729 1648 761 ἀποστόλους,
1663 730 1732 766 πρὸς
1744 730 1791 758 οὓς
1804 731 1919 764 ἔφησεν,

1126 774 1167 802 ὃτι
1183 785 1191 801 ι
1211 775 1373 809 Καοήσεσθε
1391 776 1437 802 ἐπὶ
1452 776 1565 811 θρόνους
1588 775 1632 810 ιβ’,
1656 776 1796 811 κρίνοντες
1813 777 1862 807 τὰς
1887 777 1921 812 ιβ’

1128 821 1214 855 φυλὰς
1228 822 1275 848 τοῦ
1292 822 1410 857 Ἰσραήλ.
1427 832 1436 848 ι
1454 823 1707 858 Παραλαμῦἀνεται
1725 824 1754 850 δὲ
1769 824 1817 850 καὶ
1831 824 1922 851 Ἐλεά-

1128 867 1180 902 ζαρ
1206 867 1306 894 συνιὼν
1320 867 1422 902 Ἰησοῦ,
1445 868 1539 894 τυπῶν
1554 869 1686 904 ἑκάτερος
1710 869 1755 896 τὸν
1773 870 1848 905 ἱερέα
1873 872 1923 898 καὶ

1128 913 1258 949 ἄρχοντα,
1273 913 1319 940 τὸν
1331 914 1396 941 Tisz
1411 914 1457 941 τοῦ
1470 914 1547 942 Θεοῦ.

1164 961 1276 996 Πρῶτος
1290 961 1318 988 δὲ
1337 962 1351 988 6
1365 961 1456 988 Χάλεϐ
1481 962 1594 993 εἰκότως
1618 961 1697 997 ἔτυχε
1720 962 1834 998 κλήρου.
1859 962 1922 998 Ἰέρ-

1129 1008 1279 1043 μηνεύεται
1307 1007 1346 1039 δὲ,
1362 1008 1402 1040 ὡς
1419 1007 1540 1041 καρδία·
1569 1007 1608 1034 ἔτι
1635 1008 1674 1039 δὲ,
1697 1006 1772 1040 οὗτος
1799 1010 1812 1035 ὀ
1833 1009 1923 1035 πάντα

1128 1054 1273 1089 προσέχων
1285 1055 1342 1086 τοῖς
1355 1054 1498 1089 νοήμασιν,
1514 1055 1528 1080 ὀ
1544 1054 1620 1089 παρὰ
1636 1055 1724 1081 πάντα
1740 1055 1774 1080 τὰ
1791 1055 1869 1089 μέλη,
1881 1052 1923 1086 οἷς

1128 1099 1293 1132 ἀπετάξατο,
1318 1099 1498 1136 χρηματίζων
1508 1099 1545 1131 ὼς
1565 1100 1674 1135 καρδία,
1695 1101 1741 1127 καὶ
1766 1100 1834 1132 ὅλως
1855 1102 1922 1126 ἀνα-

1128 1145 1314 1181 στοιχειωθεὶς
1337 1146 1376 1177 εἰς
1402 1146 1577 1180 ἡγεμονικόν.
1605 1146 1634 1172 '0
1659 1146 1687 1172 δὲ
1710 1146 1806 1172 τῠύτου
1831 1146 1922 1182 πατὴρ

1134 1192 1265 1226 Ἰεφοννή.
1293 1191 1489 1227 Ἐρμηνεύεται
1508 1191 1547 1222 δὲ,
1565 1192 1629 1225 vidi;
1645 1192 1682 1218 ἐπ
1694 1192 1829 1227 στροφῆς
1843 1193 1922 1218 Ἔστι

1127 1237 1157 1264 δὲ
1175 1237 1314 1272 παίδευμα
1333 1237 1489 1268 Μωῡσέως,
1513 1237 1560 1263 καὶ
1577 1237 1704 1272 δεύτερον
1725 1237 1824 1271 Ἰησοῦ,
1846 1237 1877 1263 Τί
1893 1237 1921 1263 δέ

1129 1291 1212 1318 φησις
1229 1292 1237 1307 ι
1258 1283 1292 1309 Σὺ
1307 1283 1404 1318 ἐπίστῃ
1419 1282 1449 1308 τὸ
1463 1282 1550 1317 ῥῆμα,
1566 1282 1580 1308 ὃ
1595 1283 1710 1317 ἐλάλησε
1731 1282 1833 1318 Κύριος
1854 1283 1922 1316 πρός

1128 1328 1260 1363 Μωΰσῆν.
1276 1337 1285 1353 ι
1302 1327 1350 1358 Τίς
1364 1327 1419 1363 γὰρ
1429 1326 1483 1354 οἶδε
1495 1329 1541 1354 τὸν
1555 1327 1647 1362 νόμον,
1659 1328 1696 1360 ὡς
1715 1328 1817 1363 Ἰησοῦς
1830 1328 1921 1363 6X91-

1130 1374 1244 1406 στὸς;ὂς
1256 1374 1302 1401 καὶ
1312 1374 1432 1409 ἀκριϐῶς
1445 1375 1511 1409 ἡμῖν
1527 1373 1621 1400 τοῦτον
1634 1374 1805 1409 ἁνήπλωσεν.
1820 1383 1829 1399 ί
1844 1373 1922 1400 Ἐλά-

1127 1420 1194 1455 λησε
1209 1420 1247 1451 δὲ,
1262 1420 1340 1455 φησι,
1356 1418 1459 1454 Κύριος
1480 1419 1547 1452 πρὸς
1564 1419 1683 1446 Μωῡῖέα
1697 1421 1760 1455 περὶ
1785 1418 1852 1454 ἐμοῦ
1874 1419 1922 1446 καὶ

1130 1466 1188 1492 σοῦ.
1208 1475 1218 1491 ι
1239 1465 1408 1501 Πρυφητεύει
1423 1465 1477 1500 γὰρ
1492 1465 1613 1500 Μωῡσῆς
1629 1465 1694 1501 περί
1708 1474 1736 1492 τε
1760 1464 1858 1501 Ἰησοῦ,
1874 1466 1923 1491 καὶ

1128 1512 1175 1539 τοῦ
1189 1511 1291 1545 Χάλεὸ,
1307 1512 1377 1547 ἦτοι,
1399 1511 1444 1544 Ὠς
1460 1511 1570 1547 καρδία.

1164 1597 1234 1630 Φησὶ
1262 1598 1382 1632 σήμερον
1408 1596 1511 1631 ἰσχύειν
1525 1617 1532 1628 ,
1550 1596 1588 1628 ὡς
1612 1596 1688 1630 ῐσχυε
1714 1596 1786 1623 τότε.
1805 1596 1849 1623 Ἐν
1870 1597 1924 1632 ἀμ-

1131 1643 1257 1679 φοτέροις
1279 1643 1333 1678 γὰρ
1357 1641 1444 1677 ἰσχύει
1460 1643 1516 1673 τοῖς
1533 1642 1624 1676 λόγοις
1646 1643 1660 1668 6
1676 1642 1764 1676 ἅγιος,
1782 1641 1810 1669 ἒν
1825 1651 1855 1669 τε
1870 1651 1923 1668 πα-

1130 1689 1199 1724 λαιῷ
1216 1689 1263 1715 καὶ
1279 1687 1378 1723 καινῷ,
1391 1688 1438 1715 ἐπὶ
1448 1688 1589 1720 Μωῡσέως
1602 1687 1650 1715 καὶ
1671 1687 1769 1723 Ἰησοῦ.

1166 1777 1244 1803 Alesi?
1254 1777 1318 1812 ὅρος
1333 1777 1514 1812 χαμαιπετὲς,
1526 1777 1628 1805 ἐθέλων
1648 1777 1736 1810 οὐδὲν,
1752 1777 1782 1804 ὲν
1797 1774 1820 1812 ᾧ
1831 1779 1924 1810 πόλεις

1131 1822 1250 1858 μεγάλαι
1275 1823 1322 1850 καὶ
1347 1823 1454 1859 ὀχυραὶ,
1475 1824 1513 1855 ὡς
1527 1823 1606 1855 εἰδὼς
1627 1823 1756 1859 πολεμεῖν
1779 1824 1847 1860 πρὸς
1860 1826 1925 1855 τοὺς

1135 1869 1276 1904 Ἐνακείμ.
1289 1869 1383 1900 Πόλεις
1398 1869 1452 1904 γὰρ
1462 1869 1564 1905 ὀχυρὰς
1574 1869 1659 1905 ἐπέϐη
1671 1869 1762 1904 σοφὸς,
1776 1869 1822 1895 καὶ
1836 1869 1923 1904 ὲπέίη

1130 1914 1161 1941 τὸ
1174 1914 1317 1950 ὀχύρωμα,
1333 1915 1376 1949 ἐφ’
1387 1912 1409 1949 ᾦ
1421 1915 1603 1942 ἐπεποίθεσαν
1615 1916 1640 1941 οἱ
1654 1914 1772 1947 ἀσεϐεῖς.
1790 1914 1859 1950 Φησὶ
1868 1914 1924 1949 γὰρ

1130 1960 1269 1996 Σολομὼν,
1290 1970 1299 1986 ι
1319 1960 1405 1995 Σοφὸς
1418 1960 1510 1992 πόλεις
1527 1960 1671 1996 ὠχύρωσε,
1687 1961 1735 1987 καὶ
1764 1959 1873 1987 καθεῖλε
1886 1960 1922 1986 τὰ

1130 2004 1308 2040 ὀχυρώματα,
1329 2015 1338 2031 ι
1355 2005 1457 2040 δηλαδὴ
1479 2005 1543 2037 τοὺς
1563 2005 1632 2041 μετὰ
1647 2005 1827 2040 πιθανότητος
1842 2004 1922 2038 λόγου

1130 2049 1239 2086 ἀπατᾷν
1263 2050 1430 2085 δυναμένους
1448 2058 1456 2067 ·
1474 2050 1521 2082 οὓς
1546 2052 1575 2077 ἐν
1599 2050 1657 2086 δρει
1683 2051 1785 2086 φησὶν,
1807 2050 1923 2084 ἐπείπερ

1131 2096 1267 2132 ὑψώματά
1283 2097 1351 2123 εἰσιν
1377 2097 1549 2132 ὲπαιρὸμενα
1571 2097 1642 2123 κατὰ
1666 2097 1716 2132 τῆς
1735 2095 1861 2129 γνώσεως
1875 2096 1922 2122 τοῦ

1126 2142 1206 2169 Θεοῦ.
1221 2141 1314 2169 Ταῦτα
1327 2142 1420 2169 Χάλεό
1436 2143 1527 2174 ἱκανὸς
1543 2140 1613 2169 εἶναι
1626 2143 1769 2178 καθαιρεῖν
1784 2143 1921 2178 ἐπαγγέλ-

1127 2187 1213 2215 λεται.
1239 2188 1296 2223 Ἐφ’
1315 2185 1392 2225 ᾧπερ
1408 2189 1490 2216 αὑτὸν
1506 2189 1654 2224 εὐλόγησεν
1674 2190 1788 2225 Ἰησοῦς.

282 2242 466 2270 cxcitatorum
483 2242 579 2267 contra
603 2238 651 2266 Dei
668 2237 868 2272 cognitionem.
887 2241 952 2264 sunt
964 2236 996 2263 ἰ.
1012 2235 1119 2269 Quibus
1145 2243 1213 2264 sane
1243 2236 1426 2264 demoliendis
1459 2237 1560 2265 Calebo
1595 2238 1764 2272 promittitur
1795 2236 1921 2268 facultas,

285 2290 336 2316 hoc
347 2289 408 2323 ipso
419 2287 493 2323 quod
507 2286 533 2314 ei
549 2284 688 2313 benedixit
706 2283 801 2311 Josue.

319 2334 405 2362 Porro
430 2333 558 2361 Chebron
586 2338 694 2365 compar
716 2329 892 2364 interpretari
915 2329 990 2361 licet,
1007 2336 1075 2364 quo-
1093 2331 1114 2359 Ι)

284 2382 358 2409 niam
384 2387 448 2409 ossa
471 2384 582 2415 patrum
604 2376 745 2411 Comparia
770 2383 818 2403 seu
844 2375 1001 2410 coniugalia
1022 2375 1079 2402 illic

283 2431 349 2455 sunt
361 2426 498 2462 deposita,
515 2423 634 2452 Abrahae
644 2426 670 2450 et
684 2421 778 2454 Saraa;
796 2421 874 2448 Isaac
889 2424 915 2448 et
929 2419 1077 2453 Rebectac;

281 2473 377 2501 Jacobi
393 2476 420 2500 et
435 2471 507 2499 Lete.

1163 2327 1172 2337 ⁹
1191 2325 1306 2361 Χεϐρὼν
1322 2325 1515 2361 ἑρμηνεύεται,
1527 2326 1546 2360 ἡ
1557 2325 1702 2360 συζυγία.
1716 2326 1785 2352 Φασὶ
1795 2326 1823 2353 δὲ
1833 2327 1874 2354 ὅτι
1888 2328 1923 2355 τὰ

1127 2372 1194 2398 ὀστᾶ
1210 2371 1264 2398 τῶν
1280 2371 1406 2406 πατέρων
1421 2371 1479 2397 ἐκεῖ
1490 2371 1560 2403 ἐστι,
1579 2371 1650 2397 κατὰ
1662 2371 1795 2405 συζυγίαν
1808 2373 1922 2399 ἀποκεί-

1129 2425 1208 2452 μενα,
1232 2416 1359 2451 Ἀϐραὰμ
1376 2415 1422 2442 καὶ
1437 2415 1554 2451 Σάρρας,
1579 2415 1672 2442 Ἰσαὰκ
1692 2416 1739 2442 καὶ
1760 2415 1922 2449 Ῥεὸέκκας,

1134 2462 1232 2490 Ἰακὼϐ
1245 2463 1294 2489 καὶ
1307 2463 1400 2494 Λείας.

317 2531 432 2558 Patrum
450 2531 543 2565 itaque
565 2528 676 2556 nomine
691 2534 723 2554 ac
738 2526 844 2553 honore
867 2530 947 2553 ornat
973 2525 1123 2553 Chalebum
1139 2531 1200 2552 eum
1217 2522 1264 2557 qui
1279 2527 1390 2550 exteros
1407 2521 1533 2549 homines
1549 2521 1692 2549 delctnrus
1709 2526 1778 2548 erat.

321 2574 354 2602 Et
372 2579 443 2602 terra
458 2575 571 2609 quietem
591 2572 682 2599 habuit
700 2579 716 2597 a
731 2570 816 2597 bellis.
831 2569 891 2605 [XL
912 2569 971 2606 93.]
988 2570 1075 2604 Ecqui

282 2622 356 2649 cnim
376 2621 468 2649 locum
494 2628 509 2647 ο
530 2619 612 2647 Josue
628 2618 776 2646 sortiretur
792 2616 904 2652 aliquis,
920 2625 1003 2652 quem
1020 2624 1074 2644 non

283 2666 365 2695 bellis
379 2665 522 2696 solvisset?

321 2713 390 2740 Cum
406 2720 472 2740 vero
489 2715 609 2746 quatuor
625 2711 770 2746 generales
791 2714 929 2738 terrarum
951 2709 1079 2745 regiones

284 2767 332 2788 seu
347 2763 454 2787 tractus
462 2758 544 2794 492
559 2758 626 2788 sint,
638 2764 700 2784 cum
717 2757 744 2784 in
761 2757 862 2784 ﬁnibus
876 2756 946 2783 Juda
958 2756 1074 2783 duarum

284 2805 450 2834 mentionem
475 2804 589 2832 iecisset
604 2802 729 2831 meridiei
744 2807 772 2831 et
785 2802 912 2835 orientis.
928 2802 998 2830 duas
1013 2802 1077 2829 reli-

321 2884 343 2900 "
359 2883 381 2912 ll
395 2882 460 2912 Cor.
477 2890 535 2916 \‘lll,
547 2882 591 2910 M.
632 2881 652 2899 "
666 2881 764 2910 Matth.
784 2889 839 2915 xix,
855 2880 902 2909 ‘28.

1165 2568 1220 2595 Κιιὲ
1238 2568 1257 2602 ἡ
1277 2567 1315 2602 γῆ
1331 2567 1465 2594 ἐκόπασε
1478 2566 1534 2594 τοῦ
1552 2567 1696 2602 πολέμου.
1714 2568 1769 2594 Καὶ
1791 2567 1850 2599 πῶς
1869 2568 1925 2602 γὰρ

1130 2615 1163 2642 ἄν
1179 2623 1221 2646 τις
1241 2614 1436 2649 κληρονομήσῃ
1463 2614 1529 2649 παρ’
1557 2613 1657 2650 Ἰησοῦ,
1679 2615 1718 2649 μὴ
1741 2614 1788 2641 τὸν
1803 2615 1925 2650 πόλεμον

1129 2661 1284 2693 καταλύσας
1296 2660 1342 2687 τὸν
1360 2661 1390 2687 ὲν
1405 2659 1496 2695 αὐτῷς

1165 2700 1313 2743 Τεσσάρων
1330 2707 1414 2734 ὅντων
1428 2707 1546 2741 γενικῶν
1562 2707 1703 2741 κλιμάτων
1715 2707 1762 2733 ἐπὶ
1774 2706 1829 2733 τῶν
1842 2707 1925 2742 ὁρίων

1135 2754 1230 2787 Ἰούδα,
1240 2754 1274 2781 τὰ
1285 2753 1340 2781 δύω
1354 2753 1531 2787 λέγων,Λί6α
1541 2761 1569 2779 τε
1581 2753 1628 2780 καὶ
1640 2753 1782 2785 ἀνατολὰς,
1794 2753 1830 2779 τὰ
1841 2753 1925 2778 λοιπὰ

1129 2800 1298 2835 σεσιώπηκε.
1319 2800 1397 2827 Μετὰ
1409 2800 1464 2835 γὰρ
1486 2799 1520 2826 τὰ
1542 2799 1661 2833 Λιϐυκὰ,
1674 2799 1753 2835 φησι,
1771 2799 1819 2826 τοῦ
1837 2797 1926 2825 Ἰούδα

950 2881 972 2897 ²⁰
986 2880 1066 2909 Prov.
1091 2880 1203 2913 “1,22.
1242 2880 1264 2896 τι
1281 2879 1303 2907 ll
1315 2878 1380 2907 Cor.
1397 2878 1442 2912 10,
1458 2879 1484 2906 5.
