2086 3160
182 193 243 228 ὅρια
258 193 424 228 διαδέχεται.
438 193 528 228 "Amp
549 194 608 220 ἐστὶ
621 193 737 228 πλησίον
747 194 798 228 τῆς
812 194 976 228 Ἰδουμαίας,
995 195 1019 222 Α

182 241 244 274 ἥτις
259 239 444 276 ἑρμηνεύεται
463 239 563 273 γήϊνα,
585 240 655 275 μετὰ
669 241 703 266 τὰ
721 241 782 274 ὅρια
804 239 898 266 Ἰούδα.
916 239 986 274 Φησὶ

182 285 211 312 δὲ
226 285 273 312 καὶ
288 285 343 312 ἀπὸ
358 286 407 321 τῆς
422 286 526 320 ἐρήμου
545 286 605 312 Σίν·
626 286 810 321 ἑρμηνεύεται
827 286 856 312 δὲ
882 293 985 318 πειρα-

183 332 267 366 σμοί.
291 333 360 359 Μεθ’
380 332 427 364 οὒς
449 332 533 359 Ἰούδα
551 332 728 368 κληρονομία.
756 333 812 360 Καὶ
835 333 882 359 ἐπὶ
900 332 985 359 τῶνδε

184 379 254 405 κατὰ
266 379 337 406 Λίϐα
349 379 400 414 τῆς
418 379 504 413 φυλῆς
521 379 604 415 όρίων
623 379 700 406 οὐδὲν
715 379 873 414 ὠνόμασται
889 379 984 413 κλίμα,

184 423 275 459 ἀλλ’ἢ
301 423 366 458 Λὶψ,
393 424 409 459 ἢ
437 424 557 459 δυσμαὶ,
584 424 601 459 ἢ
628 424 739 460 φάραγξ
758 423 910 457 Αἰγύπτου.
926 424 986 450 Ἰνα

184 468 272 496 ταῦτα
299 469 346 496 καὶ
375 469 440 501 τοὺς
468 470 642 505 πειρασμοὺς
664 469 832 505 διαπορευθῇ
857 477 911 502 τις,
938 469 985 496 καὶ

185 513 287 548 δυνηθῇ
302 513 395 540 λαϐεῖν
413 514 475 549 ὅρια
497 515 526 540 ἐν
545 515 579 550 τῇ
603 514 674 550 φυλῇ
698 516 732 550 τῇ
752 514 895 549 βασιλικῇ·
920 514 985 548 περὶ

186 557 221 595 ἧς
235 560 391 595 γέγραπται
402 567 409 574 ’
436 560 570 596 πρόδηλον
596 560 661 596 γὰρ,
677 560 715 592 ὡς
731 561 759 594 ἐξ
781 560 867 587 Ἰούδα
883 559 984 586 ἀνατέ-

187 607 284 633 ταλκεν
301 607 314 633 ὁ
330 606 442 641 Κύριος.

225 696 280 722 Καὶ
295 696 504 731 προσαναϐῆναι
518 696 568 732 τὴν
585 695 719 723 ἀνάϐασιν
744 696 891 733 Ἀκραϐίμ.
915 699 976 733 Ἐρ-

193 741 339 776 μηνεύεται
352 741 381 767 δὲ
394 743 547 776 σκορπίοι,
575 743 635 769 καθ’
660 740 698 770 ὧν
729 745 825 770 πατεῖν
855 745 901 771 καὶ
930 744 984 771 τῶν

191 786 280 820 ῦφεων
299 786 434 821 ἐλάϐομεν
452 787 527 822 παρὰ
544 787 592 813 τοῦ
609 787 740 824 Χριστοῦ.
777 789 925 823 ’Λναόῆναι
956 789 984 815 δέ

194 839 223 857 σε
235 831 286 864 δεῖ,
300 832 439 858 τουτέστιν
452 832 662 868 ὑπεραναῧῆναι
677 834 741 864 τοὺς
758 833 906 868 σκορπίους
922 833 985 865 τοὺς

193 877 379 912 πολεμοῦντας
396 879 425 904 ὲν
446 878 542 914 Ἰούδᾳ,
571 879 778 914 κληρονομῆσαι
811 879 982 914 βουλόμενον.
1002 873 1023 903 Β

199 923 330 959 Ἰεζεκιὴλ
347 924 376 951 δέ
389 933 472 959 φησιν
484 932 492 940 ⁸
509 933 518 950 ι
541 925 570 951 ’0
588 925 616 951 δὲ
626 925 732 956 δίκαιος
757 926 785 951 ἐν
801 926 877 960 μέσῳ
906 934 987 961 σκορ-

193 970 263 997 πίων
278 971 411 997 κατοικεῖ.
428 980 437 996 ι
453 970 493 997 Τὰ
502 970 529 996 δὲ
544 971 606 1006 ὅρια
619 971 672 1003 ἕως
687 971 790 1007 Κάδης.
801 971 888 1007 Ὅπερ
901 971 987 1006 ἅγιον

194 1018 242 1044 καί
255 1015 404 1051 ἁγιασμὸς
421 1016 614 1052 ἑρμηνεύεται.

232 1105 347 1139 Ίδωμεν
364 1105 411 1132 καὶ
427 1105 461 1132 τὰ
476 1105 523 1132 ἐπὶ
536 1105 592 1134 τῶν
601 1105 771 1133 ἀνατολικῶν
784 1107 866 1142 ὁρίων
885 1107 987 1143 μυστήη

196 1160 253 1186 ρια,
270 1152 307 1186 μὴ
316 1150 393 1186 ψιλὸν
408 1151 533 1183 νοοῦντες
550 1151 693 1186 ὀνομάτων
712 1152 875 1186 κατάλογον,
902 1152 988 1186 Λέγε-

194 1205 240 1223 ται
257 1197 346 1223 τοίνυν
360 1197 389 1224 ἐν
404 1196 512 1228 τούτοις
528 1197 605 1232 πηγὴ
629 1197 812 1229 ἸΙλιούπολις,
843 1197 987 1224 Ἡλιούπο-

195 1243 236 1275 λις
251 1243 437 1278 γραμμάτων,
452 1244 485 1277 ῆν
501 1244 515 1269 ὁ
529 1243 620 1270 λαϐὼν
653 1244 683 1270 ἐν
701 1244 841 1278 εὐλογίαις
871 1243 986 1278 γίνεται.

201 1289 282 1316 Ἀλλὰ
296 1290 338 1321 τίς
367 1290 395 1316 ὲν
418 1289 505 1324 Ἰούδᾳ
529 1289 577 1316 τοῦ
604 1289 680 1324 ἡλίου
711 1291 807 1325 πηγή;
833 1289 880 1316 καὶ
910 1289 987 1315 ποίου

195 1335 287 1371 illico;
309 1335 403 1370 Δῆλον,
416 1334 454 1367 ὠς
469 1335 534 1370 περὶ
547 1330 578 1361 οὗ
592 1335 748 1369 γέγραπται
760 1343 767 1350 ο
788 1345 797 1361 ι
819 1335 882 1366 Τοῖς
898 1334 925 1360 δὲ
941 1341 989 1367 φο-

195 1379 338 1415 ϐουμένοις
352 1380 381 1406 τὸ
389 1379 476 1413 ὄνομά
491 1388 543 1414 μου
559 1379 685 1406 ἀνατελεῖ
699 1379 773 1415 ἥλιος
783 1379 985 1414 δικαιοσύνης.»

195 1427 304 1463 Ταύτην
329 1427 379 1464 τὴν
403 1427 495 1462 πηγὴν
513 1427 657 1462 χαρίζεται
683 1428 740 1458 τοῖς
771 1427 917 1463 μαθηταῖς,
946 1428 990 1455 ἵνα

194 1476 271 1511 πηγὴ
291 1475 387 1506 ὕδατος
410 1475 559 1510 ἁλλομένου
576 1476 616 1507 εἰς
634 1474 707 1510 ζωὴν
723 1473 860 1512 αίὼνιονῇ
883 1476 913 1502 ἐν
940 1475 989 1502 αὺ-

194 1522 346 1553 τοῖ;.”Εστι
359 1521 387 1548 δὲ
400 1522 447 1548 καὶ
464 1521 542 1552 πόλις
556 1521 632 1556 ἡλίου
646 1521 706 1548 κατ’
717 1521 866 1555 Αἴγυπτον,
883 1521 917 1548 τὰ
929 1523 989 1548 ἐπι-

195 1569 269 1604 φανῆ
290 1577 338 1595 και
356 1568 450 1601 ἔνδοξα
462 1568 510 1595 τοῦ
525 1569 631 1604 κόσμου
649 1568 831 1604 σημαίνουσα.
861 1568 902 1594 Τὰ
932 1568 987 1603 γὰρ

194 1616 265 1643 κατὰ
280 1615 346 1642 Θεὸν
362 1615 456 1647 ἔνδοξα
472 1615 522 1650 τῆς
538 1615 717 1652 κληροδοσίας
740 1615 826 1642 Ἰούδα
843 1614 988 1649 βασιλικῆς

195 1670 225 1689 τε
243 1661 342 1696 φυλῆς,
359 1661 407 1688 καὶ
420 1662 449 1687 ἐν
465 1663 501 1696 γῇ
516 1661 593 1696 ἁγίᾳ.

231 1707 288 1740 Πρὸ
298 1706 347 1741 τῆς
365 1706 474 1741 μερίδος
487 1707 521 1741 ἢν
539 1706 636 1732 ἔλαϐεν
662 1706 678 1740 ή
697 1705 768 1742 φυλὴ
793 1705 885 1733 Χάλεῦ
905 1706 990 1742 ἀκλη-

197 1753 264 1786 ρωτὶ
279 1753 361 1788 μέρος
375 1752 509 1786 λαμεὰνει
533 1753 576 1779 διὰ
602 1752 815 1787 προστάγματος
845 1752 891 1779 τοῦ
909 1752 987 1779 Θεοῦ.

197 1798 263 1824 Τίνα
277 1799 306 1825 δὲ
322 1798 400 1824 πόλιν
425 1798 478 1824 ἔδει
493 1798 539 1824 τὸν
556 1798 638 1832 μόνον
652 1798 773 1825 σωθέντα
807 1799 867 1834 μετ’
900 1798 989 1833 Ἰησοῦ

199 1844 274 1878 παρὰ
292 1843 341 1875 τὰς
362 1842 386 1879 χ’
412 1843 538 1878 χιλιάδας
569 1843 708 1879 λαϐεῖν,ἢ
740 1844 910 1879 μητρόπολιν
940 1843 990 1880 τὴν

205 1891 296 1922 Ἐκιὰκ,
311 1890 360 1925 τὴν
373 1889 486 1925 Χεϐρών
500 1898 507 1922 ;
521 1890 554 1925 ἣν
569 1889 601 1925 δὴ
615 1889 715 1921 λαϐὼν,
741 1889 826 1925 ἀνέϐη
851 1890 899 1916 ἐπὶ
929 1890 991 1921 τοὺς

199 1936 393 1968 κατοικοῦντας
417 1936 536 1972 Δαῦείρ·
569 1937 586 1971 ἢ
614 1936 748 1971 πρότερον
776 1935 885 1969 ἐλέγετο
914 1936 992 1967 πόλις

200 1983 390 2019 Γραμμάτων*
407 1983 452 2009 καὶ
468 1982 610 2017 κηρύττει,
621 1981 660 2017 τῷ
669 1981 771 2016 ταύτην
786 1982 872 2008 ἑλόντι
893 1982 992 2016 Ἀσχάν

198 2029 298 2055 διδόναι
315 2029 365 2063 τὴν
377 2028 527 2063 θυγατέρα,
545 2028 578 2063 ἣν
596 2026 653 2054 εἷλε
671 2027 799 2062 Γοθονιὴλ
815 2027 872 2059 υἱὸς
889 2027 987 2059 Κενὲζ,

200 2073 314 2107 ἁδελφὸς
323 2073 414 2100 Χάλεδ
433 2074 447 2100 ὁ
461 2072 593 2108 νεώτερος
607 2079 614 2086 ·
629 2072 709 2107 δῆλον
724 2072 761 2103 ὡς
773 2073 801 2105 ἐξ
831 2072 926 2108 ἐτέρου
941 2081 994 2099 πα-

200 2120 274 2154 τρὺς,
299 2119 372 2146 κατά
384 2128 416 2154 γε
436 2119 481 2146 τδν
495 2119 543 2146 τοῦ
559 2118 726 2154 γράμματος
740 2118 830 2153 λόγον.
849 2118 993 2152 Λαμϐάνει

200 2166 229 2192 δὲ
245 2166 306 2192 κατ’
319 2165 428 2200 αἴτησιν
441 2165 457 2201 ή
480 2165 580 2200 ’Δσχὰν
597 2164 674 2200 παρὰ
687 2163 735 2190 τοῦ
758 2164 863 2199 πατρὸς
874 2164 926 2199 τὴν
943 2165 993 2191 Γο-

760 137 1025 169 ΞΟΜΜΕΝΤΛΗΙΙ
1047 137 1088 167 ΙΝ
1109 136 1239 167 JOSUE.

1762 139 1829 169 1030

1033 199 1104 226 quas
1118 191 1244 218 reticuit.
1259 192 1279 218 Α
1293 192 1482 226 septentrione
1497 192 1570 219 enim
1581 192 1659 219 Julia:
1673 192 1741 220 [iues
1754 199 1828 222 sunt.

1037 245 1121 271 prope
1136 237 1283 264 Iduumam
1297 237 1524 272 videlicet,quam
1543 238 1767 272 iutcrpretabitur
1779 239 1830 265 ali-

1037 283 1110 318 quis.
1129 287 1271 316 terrenam,
1292 291 1375 319 quam
1395 283 1472 311 Judm
1489 284 1599 311 termini
1613 284 1765 319 excipiunt.
1784 286 1829 312 lu-

1036 330 1096 364 quit
1113 328 1177 356 item
1199 337 1213 356 a
1238 329 1347 357 deserto
1376 330 1436 362 Sin,
1461 330 1535 365 quod
1553 330 1729 365 interpretari
1755 331 1830 363 licet,

1038 377 1207 406 tentationca.
1222 381 1286 411 post
1300 383 1369 411 quas
1383 383 1445 404 sors
1460 376 1530 404 Juda
1544 381 1596 404 est.
1610 377 1732 412 Denique
1748 378 1830 405 etiam

1037 422 1064 449 in
1083 422 1182 450 liuibus
1195 422 1256 457 ejus
1276 423 1366 450 tribus
1383 423 1431 458 qui
1445 430 1460 450 a
1476 423 1590 451 meridie
1606 429 1679 455 sunt.
1697 424 1770 451 nulla
1791 432 1831 450 re-

1036 469 1081 505 gio
1093 473 1135 497 est
1148 469 1244 502 citata,
1261 477 1342 504 quam
1361 470 1500 502 meridies,
1517 474 1544 497 et
1559 477 1686 503 occasus,
1702 474 1729 498 et
1752 471 1831 498 vallis

1036 514 1160 551 (Egnati,
1177 516 1243 543 utsi
1266 517 1329 551 quis
1353 516 1422 549 haec,
1438 520 1465 543 et
1492 517 1660 544 tentatioucs
1682 517 1829 551 superarit,

1036 562 1183 597 acquirere
1200 563 1289 597 possit
1307 563 1375 590 liues
1401 563 1428 590 in
1445 563 1519 598 regia
1536 563 1620 594 tribu,
1637 564 1671 590 de
1692 571 1744 598 qua
1761 565 1830 590 scri—

1036 614 1112 645 ptum
1128 615 1186 644 est;
1216 615 1327 638 constat
1353 611 1426 638 enim
1445 610 1518 646 quod
1539 618 1572 637 ex
1598 610 1668 637 Juda
1689 615 1768 638 ortus
1788 614 1831 638 est

1037 655 1183 683 Dominus.

1072 701 1188 737 Oportet
1217 701 1330 736 insuper
1375 701 1566 729 conscendere
1598 701 1664 736 juga
1688 700 1831 732 Acrabim,

1037 747 1111 780 quod
1127 747 1348 782 interpretantur
1366 748 1529 779 scorpiones,
1547 754 1618 781 quos
1645 747 1830 774 conculcandi

1039 792 1113 819 sicut
1127 797 1155 820 et
1174 798 1329 827 serpentes,
1347 798 1512 828 potestatem
1539 793 1698 828 accepimus
1717 801 1731 819 a
1752 793 1832 820 Chri-

1037 843 1091 866 sto.
1109 835 1305 866 Conscendere
1322 847 1386 866 vero
1404 843 1430 867 te
1446 844 1566 875 oportet.
1586 841 1638 868 hoc
1665 845 1718 871 est.
1747 847 1831 875 supe-

1038 887 1100 911 rar‘e
1113 885 1290 919 scorpiones,
1303 885 1350 919 qui
1366 892 1396 912 se
1412 886 1550 912 hostiliter
1565 889 1647 912 terrae
1662 884 1739 912 Jud.e
1770 893 1831 912 sor-

1038 932 1092 957 tein
1102 931 1281 964 captantibus
1296 935 1450 966 opponunt.
1465 931 1531 958 Nam
1542 935 1569 959 et
1586 931 1710 959 Ezechiel
1720 932 1809 967 inquit
1822 941 1829 958 :

1040 984 1049 1000 ι
1068 974 1165 1003 Justus
1195 984 1258 1004 vero
1290 977 1317 1003 in
1352 977 1442 1004 medio
1471 978 1648 1012 scorpionum
1676 979 1753 1006 sedet
1779 979 1827 1004 ".1

1038 1019 1120 1048 Fines
1137 1022 1200 1049 item
1218 1023 1279 1057 ejus
1293 1022 1327 1050 ad
1342 1022 1430 1050 Cades
1441 1023 1549 1050 Barnea
1567 1032 1655 1058 usque
1673 1025 1832 1059 pertiuguut

1038 1066 1112 1101 quod
1126 1070 1264 1100 sanctum,
1284 1072 1308 1094 et
1325 1068 1460 1094 sanctitas
1474 1068 1653 1103 interpretari
1671 1069 1746 1095 licet.

1075 1110 1127 1139 Sed
1145 1113 1277 1147 mysteria
1292 1120 1403 1147 quoque
1417 1113 1514 1140 ﬁnium
1546 1114 1580 1141 ab
1609 1114 1726 1145 oriente,
1755 1113 1830 1140 nuda

1040 1158 1185 1185 nominum
1213 1159 1377 1186 recensione
1397 1159 1514 1191 omissa,
1543 1167 1758 1194 cognoscamus.
1786 1159 1831 1185 Di-

1039 1204 1112 1230 citur
1127 1204 1219 1237 itaque
1234 1205 1304 1231 iutra
1324 1204 1374 1232 hos
1389 1213 1453 1233 esse
1473 1205 1575 1232 fonnem
1604 1205 1767 1239 Heliopolis,
1791 1205 1831 1231 di-

1039 1252 1083 1274 cta
1099 1247 1250 1282 Heliopolis
1269 1249 1388 1283 Sepher,
1405 1257 1486 1284 quem
1506 1250 1552 1284 qui
1582 1250 1692 1285 accepit
1716 1250 1780 1276 l‘elix
1804 1255 1831 1276 ct

1039 1293 1136 1321 beatus
1152 1293 1192 1321 ﬁt.
1207 1295 1241 1320 At
1256 1295 1319 1329 quis
1338 1296 1366 1323 in
1386 1295 1457 1323 Juda
1475 1297 1544 1324 solis
1559 1296 1622 1324 fons
1637 1296 1702 1324 est?
1715 1298 1768 1323 Aut
1782 1304 1831 1324 cu-

1037 1340 1083 1375 jus
1097 1341 1165 1368 solis
1179 1341 1240 1368 est?
1255 1341 1322 1376 Ejus
1349 1342 1491 1376 nimirum,
1510 1343 1544 1370 de
1561 1351 1617 1378 quo
1625 1343 1757 1377 scriptum
1769 1347 1829 1370 est:

1042 1395 1051 1412 ί
1062 1385 1165 1413 Nomen
1176 1395 1266 1414 meum
1276 1389 1466 1416 reverentibus
1482 1390 1522 1416 sol
1532 1389 1648 1423 justitia:
1660 1389 1765 1417 orietur
1774 1389 1806 1416 “.
1819 1398 1827 1414 ι

1041 1432 1120 1459 lIunc
1141 1433 1244 1460 fontem
1261 1434 1407 1462 Dominum
1421 1435 1568 1470 discipulis
1584 1435 1688 1469 donat,
1705 1441 1735 1462 ut
1749 1443 1829 1470 aquae

1040 1479 1168 1506 salientis
1187 1480 1214 1506 iu
1228 1480 1312 1507 vitam
1325 1485 1457 1508 azteruam
1472 1482 1496 1498 “
1515 1482 1551 1510 sit
1566 1483 1591 1509 in
1613 1482 1703 1510 vobis.
1721 1482 1770 1510 Est
1785 1490 1831 1510 ve-

1001 1546 1022 1574 C
1040 1534 1072 1553 ro
1089 1525 1241 1561 Heliopolis
1258 1527 1358 1555 civitas
1373 1528 1485 1563 Egypti
1502 1536 1564 1563 qua:
1594 1529 1769 1565 splendorem
1800 1536 1832 1556 ac

1038 1572 1152 1607 gloriam
1174 1573 1257 1607 hujus
1285 1573 1378 1601 nmndi
1404 1574 1527 1601 denotat.
1557 1574 1630 1602 Deus
1644 1575 1736 1610 itaque
1753 1583 1831 1602 suam

1040 1619 1158 1654 gloriam
1180 1620 1207 1646 in
1223 1624 1326 1647 sortem
1344 1620 1414 1647 Juda
1430 1621 1532 1648 tribum
1563 1622 1679 1658 regiam,
1708 1623 1833 1657 adeoque

1041 1669 1143 1692 terram
1160 1672 1286 1692 sanctam
1307 1666 1440 1700 reposuit.

1077 1710 1111 1737 Et
1124 1716 1295 1738 accesserunt
1313 1712 1365 1746 [iiii
1378 1711 1452 1739 Juda
1466 1712 1501 1739 ad
1511 1712 1595 1740 Iosue
1610 1713 1692 1749 μιν,
1707 1713 1748 1749 6.]
1763 1715 1832 1742 Aule

1041 1762 1143 1784 sortem
1160 1765 1244 1792 quam
1260 1765 1291 1785 ea
1307 1758 1396 1785 tribus
1414 1759 1531 1794 ancepit,
1558 1760 1642 1787 Caleb
1676 1769 1743 1787 vero
1772 1769 1835 1796 por-

1042 1802 1144 1829 tionem
1166 1811 1245 1830 suam
1261 1802 1330 1830 citra
1344 1808 1446 1831 sortem
1468 1804 1528 1839 (sed
1553 1809 1583 1831 ut
1605 1805 1739 1840 scriptum
1754 1805 1835 1833 habet

1042 1856 1124 1883 quam
1138 1849 1256 1876 calcavit
1271 1857 1319 1884 pes
1336 1849 1437 1885 ipsius)
1454 1851 1566 1886 accipit.
1581 1851 1667 1884 Quam
1694 1859 1758 1879 vero
1786 1860 1835 1878 ur-

1042 1894 1103 1921 bem
1133 1895 1216 1922 aliam
1232 1896 1255 1923 is
1284 1896 1331 1931 qui
1363 1897 1438 1925 solus
1469 1901 1648 1925 serratusest
1663 1897 1835 1932 cumJosue;

1042 1941 1218 1976 septuaginta
1257 1941 1381 1970 millibus
1412 1943 1559 1971 exstinctis
1596 1951 1694 1979 capere
1722 1944 1836 1977 debuit,

1043 1995 1127 2021 quam
1146 1987 1320 2022 metropolim
1338 1988 1467 2022 Auakim,
1487 1989 1664 2018 llebronem?
1687 1991 1746 2023 Qua
1770 1998 1838 2018 sane

1044 2035 1179 2065 occupata
1196 2031 1230 2058 ad
1250 2031 1357 2060 incolas
1376 2032 1470 2066 Dahir,
1487 2042 1548 2069 qua:
1561 2035 1640 2069 prius
1667 2035 1733 2063 urbs
1751 2035 1838 2062 libro-

1045 2083 1106 2102 rum
1128 2076 1285 2109 dicebatur,
1303 2078 1439 2110 ascendit.
1466 2086 1498 2105 ac
1527 2080 1695 2114 promulgat,
1719 2082 1839 2115 quicun-

1045 2129 1099 2155 que
1109 2128 1169 2148 eam
1183 2123 1299 2157 ceperit,
1318 2123 1448 2150 daturum
1464 2124 1488 2152 ei
1504 2126 1586 2152 tiliam
1604 2133 1682 2152 suam
1702 2125 1813 2154 Aschau
1829 2136 1837 2154 :

1046 2175 1128 2202 quam
1146 2169 1220 2203 cepit
1242 2168 1392 2197 Gothoniel
1416 2170 1489 2198 lilius
1516 2171 1617 2205 Ccnez,
1643 2172 1729 2199 frater
1754 2172 1840 2200 Calcb

201 2211 298 2238 νέθλαν
317 2210 366 2246 τὴν
381 2210 437 2237 ἄνω
459 2212 506 2237 καὶ
527 2210 576 2245 τὴν
601 2209 735 2236 Γονέθλαν
767 2209 818 2245 τὴν
842 2210 918 2237 κάτω
944 2211 990 2245 τῆς

1045 2212 1150 2245 juuior,
1168 2212 1304 2240 nimirum
1321 2215 1356 2242 ab
1369 2214 1424 2241 alio
1439 2219 1526 2250 patre.
1544 2215 1677 2252 lmpetrat
1694 2225 1757 2245 vero
1787 2219 1838 2245 As-

201 2257 384 2294 κληρονομίας
408 2257 504 2283 Ἰούδα.
527 2255 608 2282 Ἀλλὰ
625 2255 667 2287 τις
684 2256 700 2291 ἡ
716 2255 882 2291 μητρόπολις
898 2264 905 2289 ς
925 2256 995 2283 Πολ.

200 2303 254 2331 λῶν
268 2303 357 2330 τοίνυν
368 2303 458 2329 οὐσῶν
478 2302 584 2329 πόλεων
605 2303 635 2328 ὲν
658 2302 691 2337 τῇ
721 2301 789 2336 ἁγίᾳ
817 2302 993 2338 κληροδοσίᾳ,

202 2352 249 2379 καὶ
262 2351 412 2387 ταγμάτων
430 2351 626 2386 διαφερόντων,
640 2350 681 2376 δεῖ
705 2350 751 2376 καὶ
767 2350 862 2385 τάγμα
885 2352 994 2384 ταγμά-

202 2407 256 2426 των
270 2399 406 2433 ὑπάρχειν
424 2397 601 2433 περιεκτικόν
613 2405 643 2424 τε
661 2397 707 2423 καὶ
739 2395 845 2432 κύριον,
876 2397 923 2422 καὶ
939 2393 995 2423 οἷον

205 2445 391 2481 μητρόπολιν,
417 2445 450 2480 ἣν
474 2446 497 2471 oi
521 2444 630 2480 διαφερ.
646 2443 703 2479 (45)
735 2443 920 2479 λαμϐάνουσι,
949 2443 997 2470 καὶ

202 2492 287 2528 ἄλλην
310 2491 395 2519 ἄλλοι.
428 2491 533 2522 Πολλὰς
559 2491 614 2526 γὰρ
650 2489 833 2525 μητροπόλεις
864 2490 948 2524 φησὶν
979 2490 995 2524 ἡ

203 2538 310 2574 Γραφὴ,
327 2538 365 2570 ὡς
377 2537 443 2573 παρ’
458 2537 573 2572 Ἡσαΐᾳε
589 2546 598 2561 ι
613 2535 786 2571 Μητρόπολι;
797 2535 880 2571 πιστὴ
891 2535 969 2562 Σιών.
984 2545 993 2561 ι

203 2583 254 2610 Ὧν
266 2584 400 2619 λαμῦάνει
410 2583 459 2617 τὴν
481 2582 595 2618 πρώτην
606 2583 620 2608 ό
645 2581 738 2608 Χάλεϐ
756 2580 841 2609 οὖσαν
855 2581 911 2607 τῶν
919 2581 996 2608 Ἐνα-

203 2631 279 2666 κεὶμ,
297 2630 367 2665 ὅπερ
398 2629 581 2660 ταπείνωσις
611 2627 685 2661 κενὴ
700 2648 707 2660 ,
724 2627 807 2663 ἤγουν
837 2627 997 2661 ἀπόκρισις

204 2676 290 2710 κενὴ,
304 2674 494 2711 ἑρμηνεύεται.
512 2672 687 2708 Μητρόπολιν
702 2671 749 2700 οὖν
767 2672 901 2707 λαμϐάνει
916 2673 997 2707 κενῆς

1048 2258 1119 2285 chan
1136 2265 1150 2285 a
1168 2263 1245 2293 patre
1266 2259 1372 2295 irrigua
1385 2262 1530 2295 superiora
1547 2267 1575 2290 et
1594 2263 1727 2291 iul‘eriora
1742 2264 1768 2291 iu
1782 2265 1838 2292 hm-

1049 2305 1165 2331 reditate
1180 2304 1262 2332 .luda.
1279 2304 1380 2333 Verum
1408 2315 1468 2342 quae
1497 2313 1539 2336 est
1571 2309 1628 2337 haec
1656 2311 1840 2346 metropolis?

1048 2348 1139 2376 Multae
1157 2357 1225 2377 sane
1247 2358 1308 2377 cum
1326 2352 1410 2380 urbes
1430 2353 1459 2379 in
1481 2353 1641 2382 luereditate
1657 2360 1763 2388 sancta,
1791 2364 1838 2383 or-

1047 2396 1183 2431 dinesque
1204 2396 1308 2425 diversi
1326 2398 1393 2430 sint.
1410 2399 1535 2427 ordinem
1550 2408 1662 2436 quoque
1680 2409 1838 2436 supremum

1047 2442 1208 2469 distinctum
1227 2463 1234 2475 ,
1253 2450 1285 2470 ac
1313 2445 1459 2479 proprimn
1488 2453 1539 2473 ceu
1574 2448 1748 2482 metropolim
1778 2456 1840 2475 esse

1045 2493 1164 2523 oportet.
1191 2489 1280 2521 Quam
1309 2491 1522 2520 escellcntiorcs
1545 2493 1708 2527 accipiunt,
1737 2498 1764 2521 et
1794 2495 1840 2522 alii

1046 2535 1157 2568 quidem
1177 2536 1270 2562 aliam.
1288 2535 1435 2565 Multarum
1448 2539 1522 2566 enim
1540 2541 1734 2576 metropolium
1766 2540 1840 2568 Scri-

1049 2585 1131 2616 ptura
1166 2582 1302 2613 meminit,
1341 2585 1575 2618 quemadmodum
1614 2587 1686 2622 apud
1715 2587 1838 2614 Isaiam:

1052 2635 1062 2652 ι
1081 2625 1241 2660 Metropolis
1262 2627 1353 2656 ﬁdelis
1368 2629 1436 2657 Sion
1454 2631 1486 2657 ".
1503 2641 1512 2657 ι
1529 2632 1651 2665 Quarum
1679 2632 1763 2660 Caleb
1780 2635 1841 2668 qui-

1048 2673 1109 2700 dem
1123 2672 1288 2708 principem,
1307 2675 1422 2704 Euacim
1451 2678 1596 2712 videlicet,
1613 2683 1730 2714 occupat
1744 2700 1751 2713 ,
1767 2680 1840 2714 quod

238 2769 261 2784 ¹²
281 2768 380 2798 Ezech.
396 2775 429 2798 ιι,
445 2766 472 2794 6.
510 2766 533 2781 ’³
547 2762 666 2792 Malach.
683 2770 719 2794 iv,
737 2761 765 2788 2.
803 2761 826 2777 ἰ
842 2760 921 2788 Joan.
947 2767 984 2793 IV,

1043 2783 1051 2790 .
1090 2762 1113 2779 “
1133 2762 1187 2791 lsa.
1206 2771 1243 2797 ιν,
1256 2763 1301 2792 22.

959 2816 1078 2847 NOTAE.

243 2868 299 2905 (ὅὸ)
313 2868 374 2897 Ἰσ.
390 2868 563 2905 διαφέροντες
576 2866 625 2902 τὴν
640 2865 750 2901 ἀρετήν.
