2086 3160
284 172 347 206 1031

935 169 1110 199 PROCOPII
1130 170 1249 200 GAZJE]

1845 170 1912 202 103?.

278 230 430 258 liumiliatlo
447 229 547 261 inanis,
581 229 638 255 sive
652 231 736 258 certe,
752 225 889 253 simulatio
913 226 1000 252 innuis
1033 225 1059 251 in

1125 226 1328 256 ταπεινώσεως.
1346 225 1398 251 Δύο
1412 225 1466 260 γὰρ
1491 224 1687 257 ταπεινώσειςν
1709 225 1724 258 ή
1742 224 1802 257 μὲν,
1823 227 1888 259 κενή
1905 235 1910 239 ”

278 277 422 313 terpretari
447 276 553 303 licitum
573 278 627 302 est.
642 274 709 301 Nam
728 273 830 307 duplex
842 273 1002 298 humilialio
1012 275 1066 303 est,

278 325 365 352 altera
381 323 491 358 quidem
517 321 620 354 inanis,
639 320 725 346 altera
744 326 808 346 vero
833 319 902 345 uber
921 327 928 344 :
947 324 1066 352 quarum

278 374 416 406 postrema
432 368 538 395 laudem
555 374 634 394 suam
649 367 732 393 habet
747 374 754 398 ;
770 365 804 392 de
818 372 850 392 ea
865 365 938 391 enim
966 363 1067 391 Serva—

279 423 322 444 tor
338 416 427 451 inquit
442 424 449 442 :
470 424 479 440 ι
499 415 520 441 Α
539 421 582 441 me
596 413 697 440 discite
712 411 786 447 quod
800 411 876 438 mitis
892 419 953 438 sum
974 415 1001 438 et
1012 411 1066 436 hu-

277 463 352 490 milis
366 462 450 489 corde
464 461 498 487 ".
519 469 528 486 ι
543 459 610 487 Item
629 468 636 486 :
653 468 662 484 ι
679 458 846 492 Quicunque
864 457 988 491 seipsum
1016 456 1068 483 hu-

277 508 444 539 miliaverit,
465 506 613 534 extolletur
630 505 664 532 “.
684 514 693 530 ι
712 503 815 530 Paulus
829 510 940 538 quoque
956 510 985 529 ιι
1009 501 1067 528 liu-

277 555 420 582 miliamini
434 554 526 588 itaque
542 554 594 580 sub
608 551 712 587 potenti
731 549 777 577 Dei
794 557 876 576 manu
900 549 933 574 ".
951 558 960 573 ι
979 547 1067 574 Porro

276 608 343 628 vero
375 600 485 633 culpata
512 597 668 625 humiliatio
697 604 727 623 ea
751 599 806 626 est,
819 602 873 629 qua
890 601 919 621 se
940 597 1068 628 peccator

276 645 382 679 dejictt,
398 652 460 679 qua:
477 644 541 670 item
556 642 589 670 de
605 651 637 669 eo
650 641 696 676 qui
716 649 779 667 cum
797 639 914 667 muliere
925 639 1068 674 iliz-gitiule

275 699 332 718 rem
347 691 444 717 habuit
469 690 497 717 in
527 689 670 724 Scriptura
697 690 859 720 usurpatur,
887 692 919 712 ac
948 685 1059 717 dicitur,

278 745 288 762 ι
302 735 461 763 Humiliavit
473 742 533 762 eam
549 734 583 760 ".
601 742 611 759 ι
629 731 695 758 Eam
728 731 959 761 humiliutiouem,
992 731 1067 756 Auac

276 782 381 810 dictam
404 781 524 816 perdidit
540 779 635 807 Caleb.
649 779 720 805 Sunt
736 785 802 804 vero
815 776 891 803 Auac
915 777 960 802 lilii
990 775 1065 808 Susi,

274 835 356 864 quem
371 827 392 855 si
405 825 606 861 interpreteris,
619 823 705 850 Extra
718 830 768 853 me,
779 826 872 849 sonat.
888 821 971 848 Extra
980 820 1065 848 Deum

275 874 348 902 enim
364 878 392 900 et
408 877 536 900 sanctum
555 875 599 898 est
625 870 699 897 ii‘ius
730 868 821 895 inanis
854 866 1064 894 humiliationis.

1119 272 1188 307 ἡδὲ,
1204 271 1321 307 πλήρης.
1360 271 1390 297 'H
1405 271 1454 306 μὲν
1472 271 1610 305 ἐπαινετὴ,
1641 271 1706 306 περὶ
1732 268 1765 306 ἧς
1796 279 1878 306 φησιν
1898 272 1913 297 ὀ

1118 318 1224 353 Σωτὴρ,
1243 328 1251 343 ι
1263 318 1371 345 mea:
1386 317 1434 344 ἀπ’
1449 318 1578 352 ὲμοῦ,ὃτι
1599 318 1688 352 πρᾶός
1702 318 1770 352 εἰμι,
1797 318 1844 344 καὶ
1859 327 1909 344 τα-

1119 364 1212 395 πεινὸς
1227 365 1261 399 τῇ
1277 364 1387 400 καρδίᾳ..
1406 373 1415 389 1
1434 364 1498 395 Καὶ,
1518 372 1527 388 t
1543 364 1600 394 Πᾶς
1616 365 1630 390 ὁ
1644 363 1781 390 ταπεινῶν
1802 363 1910 394 ἑαυτὸν,

1118 410 1290 446 ὑψωθήσεται
1307 419 1314 426 -
1332 420 1341 436 1
1358 410 1406 436 καὶ
1417 412 1430 437 ό
1457 410 1563 441 Παῦλος
1585 410 1643 444 (44)
1656 430 1663 441 ,
1685 419 1694 435 ι
1716 410 1911 444 Ταπεινὼθητε

1117 456 1165 483 οὖν
1179 456 1232 482 ὑπὸ
1247 455 1295 491 τὴν
1311 455 1445 490 κραταιὰν
1461 457 1541 491 χεῖρα
1556 454 1603 481 τοῧ
1619 454 1700 483 θεοῦ.
1720 464 1730 480 ι
1753 455 1785 481 'H
1803 455 1832 481 δὲ
1862 455 1912 489 ψε-

1118 501 1180 537 κτὴ,
1201 501 1234 536 ἣν
1257 500 1435 527 ταπεινοῦται
1455 500 1470 526 ὁ
1490 499 1664 535 ἁμαρτωλὸς,
1691 500 1738 526 καὶ
1766 499 1831 535 περὶ
1862 497 1909 526 τοῦ

1118 545 1146 571 δὲ
1185 545 1353 580 παρανόμως
1403 546 1514 578 γυναικὶ
1556 545 1695 575 συνιόντος
1727 545 1836 580 εἴρηται
1875 547 1908 580 τῇ

1118 591 1231 626 Γραφῇ’
1252 600 1262 616 1
1285 590 1483 617 Ἑταπείνωσεν
1502 591 1599 625 αυτήν.
1617 599 1627 616 ο
1651 590 1761 625 Ταύτην
1776 592 1790 617 ὁ
1819 591 1910 617 Χαλεὸ

1118 637 1278 672 κατήργησε
1291 635 1340 671 τὴν
1355 636 1519 662 ταπείνωπιν
1531 656 1539 668 ,
1572 637 1655 664 Ἐνὰκ
1685 636 1837 672 λεγομένην
1847 658 1854 669 ,
1879 636 1909 665 οὗ

1119 683 1223 714 παῖδες,
1242 682 1330 715 Σουσὶ,
1351 682 1380 713 ὃς
1399 683 1582 718 ἑρμηνεύεται
1605 683 1708 716 Ἐκτός
1720 692 1790 718 μου.
1816 684 1910 716 Ἑκτδς

1117 728 1173 764 γὰρ
1186 727 1234 754 τοῦ
1253 721 1331 761 Θέοὖ,
1350 729 1400 755 καὶ
1415 728 1463 755 τοῦ
1477 729 1555 763 ἁγίου
1574 731 1588 756 ὀ
1601 730 1658 761 uti;
1673 729 1723 764 τῆς
1748 731 1829 765 κενῆς
1859 739 1907 756 τα-

1119 774 1275 807 πεινώσεως
1291 782 1298 790 ·
1315 775 1362 801 καὶ
1383 775 1508 811 Ἀχιμὰν,
1526 777 1540 802 ὃ
1556 777 1630 803 ἐστιν
1646 776 1760 811 ἁδελφός
1777 786 1828 811 μου
1854 777 1909 803 ἀπὸ

1119 821 1218 857 βουλῆς
1232 829 1238 837 ·
1251 821 1360 856 ἀδελφοὶ
1381 821 1431 857 μὲν
1446 822 1501 857 γὰρ
1530 823 1643 856 πάντες,
1661 823 1675 849 ὁ
1698 823 1727 849 δὲ
1745 823 1908 859 ἁμαρτωλὸς

1119 868 1281 900 ἀπόϐουλος,
1311 868 1425 903 ἀδελφὸς
1435 861 1636 904 ὲὶϐεελημένος
1660 868 1760 904 βουλῆς
1773 876 1780 883 ·
1794 871 1840 896 καὶ
1853 869 1909 896 Θα-

274 920 341 947 ltem
355 919 483 951 Ahiman,
493 918 545 945 hoc
557 922 609 948 est,
620 915 706 943 frater
721 922 798 942 meus
814 913 883 941 citra
897 913 1042 940 consilium
1054 921 1061 947 ;

1117 913 1212 949 λαμὶν,
1225 914 1253 945 ὃς
1267 915 1448 950 ἑρμηνεύεται
1464 915 1648 949 κρεμασμός.
1660 916 1796 951 μετέωρῧς
1811 924 1852 947 τις
1861 915 1908 942 καὶ

275 971 372 991 omnes
400 964 474 990 enim
506 962 606 990 fratres
636 968 753 993 sumus;
770 964 796 986 at
823 963 953 994 peccator
979 959 1064 986 frater

275 1010 355 1045 inops
382 1009 495 1037 consilii
520 1013 573 1040 est,
604 1007 723 1035 consilio
753 1006 888 1040 deiectus.
918 1004 1062 1032 Thalamin

273 1055 403 1090 denique,
420 1055 479 1090 qui,
498 1054 521 1082 si
536 1053 738 1088 interpreteris,
752 1055 795 1079 est
808 1051 960 1086 suspensio,
976 1050 1064 1078 subli-

273 1101 432 1136 misaliquis
442 1108 539 1128 verum
555 1107 651 1135 parum
670 1098 786 1127 solidus.
803 1098 911 1131 Quibus
923 1098 1064 1124 interem-

273 1148 328 1182 ptis
368 1146 453 1174 Caleb
487 1145 521 1173 ad
553 1146 658 1173 incolas
701 1143 786 1171 Dabir
829 1143 974 1175 ascendit,
1003 1148 1065 1176 quae

272 1193 338 1220 olim
353 1192 427 1219 dicta
443 1196 502 1220 erat
517 1191 583 1219 urbs
599 1191 744 1224 librorum,
763 1197 902 1225 quamque
918 1190 1058 1222 interpre-

272 1238 327 1266 tari
346 1238 418 1271 licet,
437 1237 565 1265 decutio.
582 1237 738 1264 Putaudum
753 1243 820 1263 vero
832 1240 874 1263 est
906 1235 977 1260 hanc
997 1240 1061 1261 esse

275 1283 444 1319 Srripturam
455 1289 584 1311 veterem.
595 1283 661 1317 Quae
672 1283 810 1316 scriptuna
825 1289 873 1309 seu
890 1280 951 1307 libri
967 1283 1063 1306 vocata

273 1338 335 1366 quae
348 1329 510 1362 prudentem
535 1329 721 1356 narrationem
737 1332 828 1360 nacta,
847 1327 875 1353 lit
891 1325 1060 1360 eloquentia.

273 1375 413 1403 Promittit
424 1382 491 1401 vero
505 1381 581 1402 suam
599 1374 686 1408 ipsius
703 1372 786 1400 tiliam
797 1371 821 1400 ei
839 1371 886 1407 qui
903 1371 1062 1406 Scripturas

274 1422 388 1456 ceperit.
401 1420 484 1455 Capit
499 1427 563 1447 vero
593 1419 689 1446 urbem
709 1418 866 1451 Gothoniel,
883 1425 965 1452 quem
978 1417 1064 1445 inter-

274 1467 439 1502 pretaberis,
451 1465 597 1499 Responsio
614 1464 671 1491 Dei.
687 1463 803 1497 Quando
824 1463 893 1490 mihi
910 1462 983 1490 Deus
1016 1469 1061 1489 re-

273 1511 427 1547 sponderit,
455 1511 544 1538 tamus
580 1517 641 1538 sum
673 1509 818 1544 responsio
847 1508 1063 1536 Dei.Exscindit

272 1565 339 1584 vero
355 1558 462 1585 litteras
471 1556 560 1584 frater
575 1555 669 1584 Calebi
685 1555 792 1591 iunior,
810 1555 862 1583 hoc
873 1559 926 1588 est,
945 1563 1017 1582 unus
1028 1563 1061 1582 cx

271 1603 353 1639 493
363 1602 497 1630 Ecclesia.
508 1602 568 1630 Non
575 1601 650 1629 enim
660 1602 781 1637 amplius
788 1601 1063 1635 circumcidorjuxta
1077 1590 1099 1619 (ἶ

274 1651 406 1681 litteram,
424 1656 478 1676 non
501 1647 608 1676 Pascha
632 1647 753 1681 celebro,
778 1655 831 1674 non
860 1654 955 1682 azyma
979 1646 1061 1679 facio,

272 1703 328 1722 non
345 1694 492 1722 Sabbatum
511 1701 574 1729 ago.
590 1694 630 1720 Ac
656 1693 751 1721 fratris
765 1693 817 1720 mei
845 1693 963 1721 senioris
997 1692 1063 1720 stir-

272 1749 333 1777 pem
350 1741 461 1771 sortior,
482 1739 529 1775 qui
546 1739 619 1767 ﬁlius
637 1738 689 1766 fuit
704 1739 812 1771 Cenes,
828 1747 910 1773 quem
925 1738 1062 1773 interpre-

271 1786 376 1814 taberis
391 1786 498 1812 malitia
515 1793 564 1813 seu
580 1785 683 1812 vilitas.
710 1784 818 1818 Quales
846 1785 875 1811 in
904 1784 1062 1820 gentilismo

272 1832 386 1859 fuimus.
404 1831 480 1859 Talis
500 1838 565 1858 vero
583 1829 670 1857 frater
682 1830 777 1857 senior
798 1837 852 1857 non
868 1829 932 1862 fuit,
957 1830 1005 1865 qui
1030 1830 1061 1857 ti-

272 1876 326 1903 lius
338 1875 501 1911 Jephuuua‘,
520 1875 572 1902 hoc
597 1879 650 1907 est,
666 1882 750 1908 cum,
766 1875 874 1902 exstitit
888 1882 895 1902 :
917 1875 965 1910 qui
993 1875 1060 1903 mihi

271 1923 319 1950 dat
333 1921 429 1953 filiam,
457 1921 530 1950 sicut
545 1921 681 1957 scriptum
698 1925 741 1949 est
757 1930 764 1949 :
783 1930 792 1947 ι
813 1922 963 1949 Auferetur
981 1929 996 1949 ιι
1014 1929 1062 1949 vo-

270 1969 314 1996 bis
324 1976 440 2004 regnum
461 1967 559 1999 Dei,<-t
576 1968 679 2002 populo
694 1968 864 2001 conferetur,
887 1969 934 2003 qui
954 1968 1060 1997 fructus

267 2021 338 2042 suos
357 2014 412 2041 edit
425 2014 459 2039 ⁸ο.
479 2023 488 2040 ι
500 2013 590 2046 Quam
609 2021 624 2040 e
639 2014 722 2040 domo
748 2014 837 2049 patris
854 2014 982 2048 eiectam,
1010 2022 1061 2041 su-

270 2067 320 2094 per
343 2060 421 2086 asino
435 2066 516 2094 quem
528 2059 671 2086 solverunt
696 2059 839 2094 discipuli,
854 2060 936 2087 veho.
964 2059 1060 2088 Proci-

267 2105 324 2132 lius
345 2110 436 2132 autem
452 2104 672 2132 benedictionem
706 2109 851 2139 paternam
886 2106 1058 2140 impetrarit,

266 2157 296 2178 et
311 2152 414 2185 accepit
432 2151 536 2184 irrigua
551 2151 695 2178 inferiora.
712 2150 782 2177 Nam
812 2155 840 2178 et
856 2151 883 2177 in
913 2151 965 2178 huc
991 2159 1060 2186 prte-

268 2198 340 2225 scuti
355 2198 410 2225 vita
438 2197 597 2225 haereditate
630 2197 772 2231 acquirit,
810 2201 841 2225 ut
865 2204 977 2232 operam
1003 2197 1059 2225 Deo

267 2244 335 2271 dare
349 2244 456 2279 possit;
471 2248 499 2271 et
517 2244 688 2277 superiorem
706 2243 819 2277 stirpem
832 2253 837 2270 :
854 2242 973 2270 felicitas
984 2244 1057 2270 enim

266 2289 360 2317 divina
384 2290 598 2323 promissimtem
612 2289 696 2316 habet
719 2289 783 2316 vitae
810 2293 837 2316 et
859 2290 1004 2323 pmsentis
1030 2295 1057 2316 et

269 2335 378 2362 fumi-ae.
397 2334 550 2362 Postulavit
566 2342 631 2361 vero
645 2342 677 2362 ea
691 2342 747 2369 quo
768 2334 794 2361 iu
814 2335 956 2362 meridiem
973 2335 1057 2362 missa

268 2382 371 2409 lumine
386 2381 440 2409 illic
465 2386 562 2409 exorto
581 2381 779 2413 illustraretur,
794 2380 840 2408 Dei
856 2382 919 2408 item
937 2382 1057 2408 oraculis

267 2433 295 2455 et
309 2428 396 2463 ipsius
419 2427 556 2455 adventus
583 2431 704 2462 tempore
733 2427 881 2454 coleretur.
907 2427 975 2454 Nam
1002 2426 1057 2455 Go-

267 2475 372 2501 thoniel
389 2474 527 2508 responsio
542 2473 593 2500 Dei
619 2479 672 2506 est,
689 2478 737 2500 aut
764 2473 877 2508 Tempus
901 2474 967 2501 milii
995 2473 1054 2500 Dei.

267 2519 469 2547 Benedictiouis
483 2527 594 2556 quoque
614 2520 765 2555 participes
783 2519 851 2546 fiunt
864 2519 912 2554 qui
941 2520 1053 2547 vocanti

263 2565 393 2600 expedite
407 2566 588 2601 respondent.
603 2565 683 2593 Hunc
703 2573 771 2593 sane
786 2571 911 2592 austrum
943 2565 1052 2593 hortum

265 2618 347 2638 suum
365 2613 523 2646 perspirare
539 2611 567 2639 in
602 2612 717 2639 (Zantico
744 2611 918 2639 canticorum
949 2613 1055 2646 optavit

264 2663 378 2691 sponsa.
402 2656 611 2692 Expergiscere,
632 2657 744 2691 Aquilo,
759 2657 887 2692 inquiens
906 2665 913 2683 :
943 2667 952 2683 ι
973 2657 1052 2689 Veni,

263 2703 365 2730 Auster
381 2707 409 2731 et
425 2703 626 2738 perflalhortum
644 2711 733 2731 meum
741 2703 774 2731 “.
790 2713 800 2729 1
818 2703 872 2732 Nec
887 2711 941 2731 non
957 2702 1046 2731 Haba-

300 2769 432 2815 "llliatth.
452 2780 491 2805 xi,
503 2771 548 2799 ‘39.
586 2772 608 2788 "’
622 2771 689 2800 Luc.
708 2780 762 2806 xlv,
785 2771 828 2800 ti.
865 2771 887 2789 "
904 2771 998 2800 chtr.
1010 2780 1037 2803 ν.
1052 2772 1079 2800 6.
1117 2773 1139 2789 ⁸⁸
1158 2773 1227 2802 Gen.
1245 2782 1339 2810 xxxiv,
1354 2776 1382 2805 2.
1424 2777 1446 2794 ³⁸
1463 2778 1560 2808 Matth.
1582 2788 1646 2815 ut,
1661 2780 1706 2810 43.

264 2812 302 2838 Iv,
327 2805 369 2831 16.

1075 2265 1095 2293 D

1116 959 1167 985 οὒκ
1181 960 1388 995 ὲστηριγμὲνος.
1405 959 1460 992 Οὓς
1483 959 1587 987 ἀνελὼν
1610 962 1624 987 6
1645 961 1747 992 Χάλεὸ,
1773 961 1819 987 ἐπὶ
1845 962 1908 993 τοὺς

1117 1005 1311 1037 κατοικοῦντας
1325 1005 1466 1032 ἀναϐαίνει
1477 1006 1587 1042 Δαὸεὶρ,
1597 1007 1657 1042 ἥτις
1664 1004 1699 1042 ἦν
1717 1007 1792 1039 πόλις
1813 1007 1909 1043 Γραμ-

1117 1052 1221 1087 μάτων,
1236 1052 1282 1078 καὶ
1296 1052 1477 1088 ἑρμηνεύεται
1493 1052 1595 1080 λαλιά.
1612 1053 1731 1088 Νοητέον
1752 1053 1780 1080 δὲ
1803 1054 1908 1089 ταύτην

1115 1099 1165 1133 τὴν
1178 1098 1296 1125 παλαιὰν
1308 1097 1378 1125 εἶναι
1387 1099 1498 1135 Γραφὴν
1513 1108 1519 1114 ·
1536 1099 1553 1134 ἢ
1562 1099 1716 1136 καλουμένη
1729 1100 1905 1136 Γραμμάτων

1116 1146 1220 1179 γίνεται
1233 1145 1324 1178 λαλιὰ,
1343 1145 1462 1180 τυχοῦσα
1478 1146 1592 1180 συνετῆς
1614 1145 1780 1181 διηγήσεως.
1804 1147 1906 1181 Ἐπιγ-

1115 1191 1240 1226 γέλλεται
1253 1191 1282 1218 δὲ
1308 1192 1357 1228 τὴν
1374 1192 1472 1218 ἑαυτοῦ
1490 1191 1630 1228 θυγατέρα
1653 1191 1693 1226 τῷ
1717 1192 1767 1221 τὰς
1796 1192 1907 1228 Γρτιφὰς

1116 1236 1217 1262 ἑλόντι·
1229 1236 1276 1262 καὶ
1289 1236 1423 1271 λαμῦάνει
1449 1237 1499 1272 τὴν
1517 1237 1594 1263 πόλιν
1609 1236 1745 1272 Γοθονιὴλ,
1761 1237 1791 1269 ὃς
1818 1239 1907 1276 ἑρμη-

1116 1282 1224 1308 νεύεται
1245 1282 1420 1316 Ἀπόκρισις
1437 1283 1522 1310 Θεοῦ.
1542 1283 1627 1310 Ὅταν
1645 1294 1689 1319 μοι
1711 1284 1777 1317 Θεὸς
1790 1286 1906 1320 ἀποκρί-

1115 1336 1205 1363 νηται,
1214 1328 1313 1362 γέγονα
1327 1329 1474 1364 ἀπόκρισις
1482 1329 1562 1357 Θεοῦ.
1581 1331 1725 1358 Ἑχκόπτω
1736 1330 1764 1359 δὲ
1774 1332 1807 1359 τὰ
1817 1332 1906 1367 γράμ-

1118 1381 1203 1408 ματα,
1218 1374 1331 1408 ἁδελφὸς
1344 1373 1381 1400 ὢν
1394 1374 1485 1401 Χάλεὸ
1500 1375 1514 1401 ὁ
1525 1375 1817 1412 νεώτερος,τουτέστιν
1830 1379 1844 1404 ὁ
1854 1378 1907 1405 ἀπὺ

1116 1420 1165 1454 τῆς
1185 1419 1359 1454 Ἐκκλησίας.
1379 1421 1436 1447 οὐκ
1451 1422 1492 1448 ἔτι
1508 1422 1563 1459 γὰρ
1577 1423 1780 1460 περιτέμνομαι
1792 1425 1863 1451 κατὰ
1875 1425 1907 1451 τὸ

1114 1465 1244 1501 γράμμα,
1262 1467 1292 1493 ού
1307 1467 1403 1501 Πάσχα
1419 1467 1500 1500 ποιῶ,
1510 1468 1561 1495 οὐκ
1574 1469 1677 1504 ἄζυμα,
1690 1471 1721 1497 οὗ
1737 1471 1904 1503 “Martha.

1114 1512 1171 1539 Καὶ
1186 1511 1233 1539 τοῦ
1251 1512 1366 1547 ἀδελφοῦ
1388 1522 1439 1548 μου
1455 1514 1502 1540 τοῦ
1517 1515 1702 1552 πρεσϐυτέρου
1719 1517 1850 1554 λαμϐάνω
1875 1518 1906 1544 τὸ

1115 1558 1250 1594 γέννημα,
1267 1559 1281 1586 ὁ
1295 1559 1342 1586 τοῦ
1358 1560 1447 1592 Κενὲζ
1463 1560 1521 1592 υίὸς
1536 1562 1666 1596 γεγονὰς,
1681 1563 1710 1595 ὃς
1724 1564 1904 1600 ἑρμηνεύεται

1114 1607 1298 1640 φαυλισμός.
1321 1605 1424 1633 Ὀποῖοι
1444 1607 1600 1643 γεγόναμεν
1621 1610 1646 1636 οἱ
1672 1610 1702 1642 ἐξ
1727 1611 1824 1644 ἐθνῶν,
1856 1612 1904 1638 τοῦ

1114 1652 1302 1688 πρεσϐυτέρου
1318 1653 1433 1688 ἀδελφοῦ
1450 1655 1488 1691 μὴ
1504 1657 1627 1684 τοιούτου
1642 1659 1834 1693 τυγχάνοντος.
1849 1657 1905 1686 Ἶιν

1113 1697 1168 1733 γὰρ
1183 1698 1240 1730 υίδς
1264 1697 1383 1735 Ἰεφοννὴ
1395 1700 1445 1734 τῆς
1459 1701 1638 1738 ἐπιστροφῆς.
1661 1704 1708 1736 "0;
1737 1704 1830 1732 δίδωσί
1858 1715 1906 1740 μοι

1112 1743 1162 1779 τὴν
1176 1743 1313 1778 θυγατέρα
1329 1745 1403 1773 κατὰ
1423 1746 1453 1772 τὸ
1470 1749 1674 1784 γεγραμμένον,
1705 1759 1714 1776 ι
1738 1750 1904 1786 Ἀρθήυεται

1112 1790 1159 1823 ἀφ’
1175 1790 1252 1825 ὑμῶν
1263 1791 1281 1826 ἡ
1295 1790 1421 1826 βασιλεία
1442 1792 1489 1819 τοῦ
1503 1793 1583 1827 Θεοῦ,
1604 1795 1649 1821 καὶ
1662 1795 1803 1831 δοθήσεται
1832 1797 1905 1824 ἔθνει

1112 1835 1234 1863 ποιοῦντι
1252 1837 1315 1870 τοὺς
1331 1839 1455 1875 καρποὺς
1468 1839 1565 1875 αὐτῆς.
1582 1849 1592 1866 ι
1623 1842 1677 1868 Ἦν
1703 1842 1829 1870 ἐκϐαλὼν
1855 1843 1903 1870 τοῦ

1111 1881 1186 1908 οῐκου
1199 1881 1245 1909 τοῦ
1261 1883 1375 1918 πατρὸς,
1392 1883 1437 1910 ἐπ’
1450 1885 1511 1911 ὄνου
1528 1885 1614 1921 φέρω,
1630 1886 1660 1913 ὃν
1676 1887 1776 1915 ἔλυσαν
1806 1890 1830 1915 οἱ
1848 1899 1902 1925 μα-

1112 1925 1192 1962 θηται
1204 1936 1211 1943 ·
1227 1928 1274 1954 καὶ
1284 1927 1315 1961 ὲξ
1327 1930 1462 1963 αίτήσεως
1477 1931 1606 1965 εὐλογίαν
1636 1932 1734 1968 εἴληφε
1752 1935 1901 1970 πατρικήν.

1111 1973 1166 1999 Καὶ
1181 1972 1316 2008 λαμὸάνει
1333 1975 1465 2003 Γονέθλαν
1492 1977 1542 2012 τὴν
1556 1978 1632 2005 κάτω
1645 1987 1652 1993 ·
1665 1980 1715 2015 κλη
1721 1982 1832 2014 ρονομεί
1846 1981 1902 2016 γὰρ

1111 2019 1162 2045 κάν
1176 2019 1216 2054 τῷ
1228 2020 1342 2056 παρόντι
1359 2021 1411 2056 βίῳ
1426 2022 1458 2049 τὸ
1474 2023 1606 2058 σχολάσαι
1618 2025 1677 2060 Θεῷ
1691 2034 1698 2041 ι
1708 2027 1756 2053 καὶ
1769 2027 1901 2054 Γονέθλαν

1110 2063 1159 2099 τὴν
1172 2064 1227 2090 ἄνω
1243 2072 1251 2080 ·
1267 2065 1348 2101 ἡγὰρ
1362 2066 1433 2093 κατὰ
1449 2067 1516 2094 Θεὸν
1532 2070 1704 2106 μακαριότης
1731 2072 1901 2106 ἐπαγγελίαν

1110 2109 1165 2144 ἔχει
1182 2109 1265 2145 ζωῆς,
1281 2113 1328 2138 καὶ
1345 2112 1394 2147 τῆς
1414 2113 1566 2148 παρούσης,
1599 2115 1648 2141 καὶ
1660 2116 1711 2150 τῆς
1738 2116 1899 2152 μελλούσης.

1111 2157 1215 2192 ’ῌτησε
1230 2157 1258 2183 δὲ
1271 2157 1385 2193 ταύτην,
1400 2159 1438 2190 ὡς
1451 2161 1491 2191 εἰς
1504 2160 1534 2187 τὺ
1546 2161 1595 2196 τῆς
1626 2162 1801 2198 μεσημϐρίας
1829 2172 1901 2199 πεμ-

1109 2202 1215 2237 πομένη
1230 2202 1315 2238 κλίμα
1331 2205 1559 2241 καταυγασθῆναι
1574 2207 1614 2242 τῷ
1629 2208 1735 2234 ὲκεῖοεν
1751 2209 1832 2243 φωτὶ,
1849 2210 1898 2235 καὶ

1109 2247 1143 2282 τῇ
1164 2246 1211 2273 τοῦ
1225 2247 1293 2274 Θεοῦ
1314 2248 1572 2286 ὲξυπηρετήσασθαι
1600 2252 1758 2288 ἀποκρίσει,
1784 2254 1831 2280 καὶ
1859 2255 1899 2289 τῷ

1109 2292 1159 2327 τῆς
1173 2293 1279 2320 ἐκείνου
1295 2295 1449 2329 παρουσίας
1463 2296 1562 2332 καιρῷ.
1579 2297 1706 2332 Γοθονιὴλ
1727 2299 1792 2334 γὰρ,
1821 2300 1897 2327 ἀπί-

1107 2346 1206 2372 νρισις
1219 2340 1305 2371 Θεοῦ,
1322 2340 1452 2376 ἢκαιρός
1464 2351 1515 2376 μοι
1531 2343 1615 2371 Θεοῦ.
1626 2345 1681 2371 Καὶ
1697 2345 1822 2378 εὐλογίαν
1833 2346 1899 2380 λαμ-

1107 2384 1218 2411 ϐάνουσι
1235 2385 1275 2420 τῷ
1296 2387 1424 2414 καλοῦντι
1438 2389 1555 2424 ἑτοίμως
1577 2390 1798 2426 ἀποκρινόμενοι.
1829 2392 1894 2418 Τοῦ-

1105 2437 1151 2455 τον
1164 2431 1293 2464 ἠϐούλετο
1307 2433 1356 2459 τὸν
1369 2433 1444 2459 νότον
1456 2435 1620 2462 καταπνέειν
1636 2435 1682 2463 τὸν
1693 2437 1793 2471 ἑαυτῆς
1808 2439 1897 2473 κῆπον

1106 2476 1123 2509 ἡ
1140 2476 1168 2502 ἐν
1182 2476 1220 2511 τῷ
1236 2477 1357 2512 ᾊσματι
1371 2478 1426 2506 τῶν
1450 2480 1583 2515 ἀσμάτων
1611 2481 1704 2517 νύμφη
1718 2491 1725 2498 ·
1757 2483 1896 2519 ἐξεγείρου

1105 2521 1200 2557 βοῤῥᾶ,
1220 2522 1347 2557 λέγουσα,
1370 2524 1416 2550 καὶ
1431 2534 1440 2550 ι
1457 2526 1569 2561 Ἔρχου,
1584 2527 1655 2560 νοτε,
1670 2528 1831 2556 διάπνευσον
1847 2531 1897 2565 κή-

1105 2569 1154 2594 πόν
1167 2577 1228 2602 μου.
1247 2578 1255 2594 1
1273 2570 1327 2596 Καὶ
1349 2570 1513 2607 Ἀμῧακοὺμ
1529 2573 1568 2606 δὲ,
1586 2574 1695 2601 ’ἐκεῖθέν
1716 2583 1798 2610 φησιν
1817 2576 1897 2610 ἥξειν

1103 2612 1148 2640 τὸν
1162 2613 1238 2647 Θεὸν,
1252 2615 1289 2646 ὡς
1299 2615 1353 2642 ἀπὸ
1377 2617 1425 2643 τοῦ
1450 2617 1502 2653 τῆς
1527 2620 1701 2656 μεσημὸρίας
1726 2622 1827 2657 φωτός.
1857 2622 1895 2647 Τὸ

1103 2659 1168 2694 γὰρ,
1184 2669 1193 2685 ι
1221 2659 1249 2686 '0
1264 2660 1330 2693 Θεὺς
1345 2661 1400 2688 ἀπὸ
1417 2663 1525 2700 Θαιμᾶιν
1535 2666 1606 2700 ἥξει,
1624 2667 1649 2693 οἱ
1661 2667 1760 2700 λοιποὶ,
1773 2668 1831 2695 ἀπό
1844 2668 1898 2694 τοῦ

1099 2705 1190 2731 νότου
1209 2706 1396 2742 ήρμήνευσαν.
1412 2718 1422 2734 ι

1762 2781 1782 2797 ³¹
1815 2781 1895 2810 Cant.

997 2838 1114 2867 [\0T/E.

301 2885 358 2922 (Η)
379 2885 410 2912 '0
427 2885 539 2921 Πέτρος.
