2086 3160
204 154 274 195 1033

766 161 1035 193 COMMENTARII
1058 161 1098 192 IN
1117 162 1246 192 JOSUE.

203 228 255 248 cuc
282 226 364 256 porro
390 218 453 246 hinc
471 221 616 246 venturum
650 218 750 253 inquit,
780 218 875 250 Deum.
908 218 1136 253 quemadmodum
1168 219 1213 246 lux
1230 227 1244 246 a
1273 218 1389 247 meridie
1403 218 1434 247 ".
1452 218 1519 247 lllud
1546 219 1645 246 enim:

203 267 335 295 Themam
353 266 456 296 veniet,
479 274 487 290 I
507 263 606 299 reliqui
619 263 651 290 ab
666 268 758 291 austro
775 268 839 291 sunt
856 263 1039 299 interpretati.

1777 160 1844 194 108i

1682 229 1691 244 (
1728 218 1842 248 Densa

239 312 291 340 Καὶ
306 313 322 339 ὁ
344 310 521 343 Ἰεϐουσαῖος
543 309 701 343 κατῴκησε
720 311 755 337 ἐν
775 310 991 345 Ἰερουσαλὴμ,

1081 305 1268 333 ElJebusams
1287 305 1416 333 habitavit
1440 306 1467 333 in
1480 305 1642 339 Jerusalem,
1675 315 1722 335 nec
1747 313 1841 342 potue-

202 358 252 386 καὶ
268 358 324 384 οὑκ
339 356 562 391 ἡδυνάσθησαν
576 355 634 383 υἱοὶ
657 356 755 383 Ἰούδα
771 356 925 383 ἀπολέσαι
942 357 998 384 αὑ-

202 405 275 437 τούς
285 411 293 419 ·
311 403 360 430 καὶ
374 402 556 436 κατῴκησαν
568 404 594 430 ol
609 401 780 430 Ἰεΰουσαῖοι
794 403 829 429 ἐν
850 402 1000 436 Ἰερουσα-

201 450 265 484 λὴμ
275 450 330 483 ἓως
349 448 405 482 τῆς
419 448 532 483 ἡμέρας
546 448 671 482 ταύτης.

244 493 412 530 Ἐρωτητέον
427 493 490 525 τοὺς
504 494 538 520 ὲκ
549 493 650 525 παντὸς
661 494 766 530 τρόπου
783 493 998 529 προϊσταμένους

203 541 250 568 τοῦ
267 540 445 576 γράμματος,
463 539 525 571 πῶς
542 539 595 571 ἕως
615 540 665 574 τῆς
682 540 801 575 σήμερον
819 539 926 575 ἡμέρας
946 548 999 574 φη-

204 588 266 620 σίν;
284 587 354 623 ὅπερ
366 587 394 613 ὲν
410 588 444 622 τῇ
461 586 559 622 Γραφῇ
577 586 659 621 μέχρι
688 586 736 620 τῆς
766 586 922 618 συντελείας
950 585 997 612 τοῦ

205 632 340 668 παρόντος
371 632 471 664 αἰῶνος
495 632 581 667 δηλοῖ,
602 631 673 658 κατὰ
703 632 743 663 τὸ,
775 641 783 657 ι
801 629 883 663 Οὗτος
907 631 998 667 πατὴρ

206 678 356 706 Μωαϐιτῶν
372 678 424 710 ἕως
444 678 494 713 τῆς
512 678 633 713 σήμερον
648 677 769 713 ἡμέρας.
789 687 798 704 ι
829 678 883 704 Καὶ
911 679 996 704 πάλιν

208 733 217 749 ι
237 725 282 759 Μὴ
296 723 434 758 ἀπόστητε
450 722 503 750 ἀπὸ
521 723 625 759 Κυρίου
640 724 669 750 ὲν
681 725 741 754 ταῖς
771 723 893 759 σήμερον
920 724 990 758 ἡμέ-

206 779 279 806 ραις,
296 779 305 795 ι
322 770 383 796 ἀντὶ
399 768 458 800 τοῦ.
475 769 538 796 ὅσον
550 769 581 796 τι
598 769 720 805 σήμερον
733 769 869 796 καλεῖται.
887 770 996 805 Μηκέτι

204 814 252 843 οὖν
262 815 316 842 τῶν
331 814 398 841 υίῶν
420 814 505 841 Ἰούδα
517 815 719 842 κατοικούντων
746 816 774 842 ὲν
805 815 996 851 Ἰερουσαλὴμ,

205 861 266 892 πῶς
279 862 293 888 ό
313 860 476 892 Ἰεϐουσαῖος
489 861 560 887 οἰκεῖ
572 862 632 896 μετ’
651 860 734 888 αὑτοῦ
748 870 755 895 ;
782 861 928 897 τοιγαροῦν
950 861 996 888 ὲπί

203 916 230 934 τι
249 906 345 942 νοητὸν
358 906 562 943 ἀναδράμωμεν
578 907 682 942 ὅμοιον,
694 907 744 942 τὴν
764 909 829 943 περὶ
841 908 896 935 τῶν
916 908 995 941 ζιζα-

205 954 269 981 νίων
293 953 434 988 εἰληφότες
452 952 634 988 παραϐολήν·
648 953 665 979 ἃ.
691 952 730 989 τῷ
755 953 822 989 σίτῳ
849 954 996 980 κατέλειπε

205 998 431 1032 συναυξάνεσθαι,
443 998 480 1034 μὴ
496 998 684 1035 συνεκριζωθῇ
699 999 804 1030 τούτοις
823 1000 836 1024 ὁ
848 1000 930 1031 σῖτος.
952 999 997 1026 'Ev

203 1045 305 1080 γὰρτῇ
331 1043 482 1079 Ἐκκλησία
495 1043 564 1070 εἰσὶν
594 1044 753 1071 Ἰεϐουσαῑοι
782 1045 997 1079 καταπατούμε-

204 1099 255 1122 νοι,
274 1089 433 1126 ἁμαρτωλοί
458 1090 547 1116 τεκαὶ
567 1090 618 1125 τῆς
634 1090 754 1121 πίστεως
779 1090 927 1126 ἀλλότριοι.
942 1091 997 1118 Καὶ

204 1137 255 1163 οὐκ
269 1136 302 1164 ἄν
312 1144 354 1167 τις
364 1136 393 1162 ὲν
411 1135 451 1171 τῷ
461 1135 695 1171 παρόντι-παύσειε
707 1135 758 1171 βίῳ
772 1135 910 1167 τοιούτους
923 1136 996 1171 ἔχειν

204 1182 253 1218 τὴν
273 1181 448 1217 Ἐκκλησίαν,
464 1182 512 1208 καὶ
526 1183 615 1217 μόνων
630 1181 763 1217 ὑπάρχειν
779 1181 876 1216 ἁγίων.
900 1182 933 1208 Τί
943 1183 997 1218 γὰρ

205 1228 238 1254 ἄν
252 1236 295 1259 τις
304 1228 427 1263 ποιήσειε
447 1227 511 1263 περὶ
523 1228 577 1255 τῶν
592 1227 751 1263 ἀμφιϐόλων
761 1228 942 1263 ἁμαρτωλῶν,
954 1228 997 1255 ὅτε

203 1275 252 1300 καὶ
266 1275 330 1306 τοὺς
341 1274 479 1309 φανεροὺς
497 1273 660 1307 ἀπελάσειε;
675 1274 710 1301 τὰ
725 1275 753 1301 δὲ
768 1276 849 1310 ὅμοια
862 1275 910 1302 καὶ
933 1276 998 1311 περὶ

203 1319 251 1346 τοῦ
274 1320 394 1355 Ἐφραῖμ
408 1327 489 1354 φησιν
502 1320 518 1354 ἡ
532 1320 627 1355 Γραφή
641 1327 648 1335 ·
663 1329 673 1345 ‹
690 1320 745 1346 Καὶ
776 1320 827 1347 οὐκ
856 1320 997 1348 ἀπώλεσεν

211 1364 331 1401 Ἐφραῖμ
344 1365 390 1392 τὸν
408 1365 559 1392 Χαναναϊον
572 1364 618 1391 τὸν
633 1365 813 1392 κατοικοῦντα
827 1366 855 1393 ἐν
865 1365 964 1401 Γαζέρ.
986 1376 995 1392 ι

205 1426 241 1431 —
259 1420 269 1437 ε
288 1411 343 1438 Καὶ
358 1410 479 1446 κατῴκει
494 1412 507 1437 ὁ
522 1411 673 1442 Χαναναῖος
687 1412 715 1437 ὲν
727 1411 766 1446 τῷ
784 1412 904 1447 Ἐφραῖμ
917 1413 997 1448 μέχρι

198 1457 257 1495 ’τῆς
271 1456 379 1492 ἡμέρας
396 1456 509 1492 ταύτης.
535 1466 544 1483 ι
566 1456 688 1492 Ἐφραῖμ
703 1458 741 1488 δὲ,
758 1459 945 1492 καρποφορία
958 1460 998 1494 ἑρ-

208 1501 368 1537 μηνεύεται.
393 1501 422 1528 '0
438 1502 623 1537 καρποφορῶν
639 1500 686 1529 οῦν
699 1503 729 1529 οὺ
745 1503 856 1530 δύναται
870 1504 915 1531 τὸν
941 1505 998 1531 Χα-

206 1548 326 1580 ναναίον,
343 1547 374 1574 τὺ
390 1548 503 1583 σπέρμα
531 1547 561 1574 τὸ
590 1548 730 1583 ἀλλότριον
757 1549 788 1575 τὸ
807 1551 998 1585 κατηραμένον

206 1594 351 1621 ἐκϐάλλειν
365 1594 420 1621 ἀπὸ
447 1594 496 1629 τῆς
507 1594 600 1629 χώρας
626 1594 710 1620 αὑτοῦ
741 1594 795 1626 ἕως
815 1595 866 1631 τῆς
891 1595 998 1631 ἡμέρας

205 1640 318 1675 ταύτης.
338 1640 371 1666 '0
381 1640 414 1676 δὴ
440 1641 507 1676 περὶ
518 1642 568 1676 τῆς
589 1640 753 1675 Ἐκκλησίας
766 1642 930 1677 εἰρήκαμεν.
944 1643 998 1669 Καὶ
1016 1657 1037 1687 c

205 1685 295 1718 ἄλλως
315 1685 344 1712 δέ
354 1694 361 1701 ”
372 1685 409 1713 Οὐ
420 1686 533 1713 δύναται
548 1686 622 1721 ψυχὴ
631 1686 760 1722 καθαρῶς
782 1687 961 1724 Ἰερουσαλὴμ
973 1690 1002 1716 ὲν

206 1730 245 1766 τῷ
260 1731 374 1767 παρόντι
387 1730 438 1766 βίῳ
453 1731 580 1766 γενέσθαι
598 1731 683 1767 μόνην
699 1733 812 1768 εἰρήνην
830 1733 936 1769 ὁρῶσα,
956 1737 1004 1762 καὶ

207 1776 291 1812 μηδὲν
307 1777 504 1812 ἁμαρτάνουσα
519 1785 526 1792 ·
543 1776 589 1803 τὸν
603 1778 721 1813 Χριστὸν
736 1777 840 1814 ὁρῶσα,
864 1779 911 1806 τοῦ
928 1779 997 1806 Θεοῦ

204 1822 254 1858 τὴν
269 1823 392 1858 εἰρήνην,
407 1822 455 1849 καὶ
475 1823 691 1859 καρποφοροῦσα
720 1824 877 1857 διαπαντός.
903 1826 999 1858 Οὐδεὶς

205 1869 259 1905 γὰρ
272 1869 392 1904 καθαρὸς
403 1869 459 1896 ἀπὸ
469 1869 571 1904 ῥύπου,
587 1870 634 1897 καὶ
642 1870 826 1906 διαλογισμῶν
836 1871 996 1907 ἀλλοτρίων·

205 1916 243 1947 ὼς
257 1915 438 1951 εὑρίσκεσθαι
458 1917 568 1948 πάντως
587 1917 750 1944 Ἰεϐουσαῖον
779 1918 828 1944 καὶ
851 1917 1000 1945 Καναναῖον

204 1963 234 1989 ἐν
259 1958 438 1998 Ἰερουσαλήμ
452 1970 459 1978 ’
471 1963 496 1990 εἰ
509 1963 557 1990 καὶ
572 1963 612 1990 δεῖ
632 1963 700 1998 πρὸς
711 1963 761 1998 τὴν
769 1963 871 1991 τούτων
884 1964 1001 1999 ἐκϐολὴν

204 2006 397 2040 ἀγωνίζεσθαι,
430 2006 497 2034 Θεὸν
520 2007 670 2039 καλοῦντας
683 2008 728 2034 τὸν
747 2007 827 2042 μόνον
838 2008 999 2043 δυνάμενον.

238 2099 337 2135 Τρίτον
352 2099 381 2126 δέ
397 2107 480 2135 φησιν
490 2100 507 2134 ἡ
519 2099 615 2136 Γραφὴ
627 2099 673 2126 τὴν
689 2100 844 2127 Καναναῖον
860 2097 931 2127 εἶναι
948 2110 996 2136 με·

202 2144 236 2170 τὰ
255 2143 310 2170 τῶν
325 2144 393 2170 υἱῶν
415 2143 547 2179 Ἐφραῗμ,
562 2143 592 2170 οὐ
606 2143 687 2179 ψιλὴν
709 2144 841 2180 ἱστορίαν,
860 2145 930 2172 ἀλλά
956 2154 996 2172 τι-

202 2199 236 2216 να
250 2190 369 2225 δηλοῦσα
386 2191 536 2226 μυστήρια.
554 2190 647 2222 ’Ἃπαξ
661 2190 711 2225 μὲν
727 2191 783 2226 γὰρ
811 2192 920 2226 εἴρηται
952 2192 993 2224 τὸ,

206 2245 215 2261 ι
234 2236 290 2263 Οὐκ
302 2236 444 2263 ἀπώλεσεν
466 2236 589 2272 Ἐφραῖμ
603 2236 650 2263 τὸν
673 2237 837 2271 Χαναναῖον,
858 2247 866 2262 ι
898 2237 946 2265 καὶ
960 2239 995 2264 τὰ

203 2281 266 2317 ἑξῆς
283 2281 334 2313 ἕως
347 2281 405 2315 τοῦ,
425 2291 434 2307 ι
450 2281 506 2308 Καὶ
523 2282 622 2308 ἔδωκεν
638 2282 722 2317 αὐτὴν
735 2282 835 2317 Φαραὼ
849 2284 879 2308 ἐν
907 2285 993 2318 φερνῇ

202 2328 236 2362 τῇ
250 2326 367 2363 θυγατρὶ
379 2327 474 2356 αὑτοῦ.
485 2337 495 2353 ι
514 2327 645 2362 Δεύτερον
657 2327 685 2354 δὲ
700 2328 830 2364 ἐγενήθη,
848 2328 910 2355 ἐπεὶ
927 2337 994 2355 κατ-

206 2374 319 2409 ίσχυσαν
333 2374 358 2400 οἱ
370 2374 424 2400 υἱοὶ
444 2374 565 2409 Ἰσραὴλ,
575 2374 623 2401 καὶ
638 2374 771 2409 ἐποίησαν
783 2375 847 2406 τοὺς
858 2375 996 2402 Χαναναί-

203 2427 250 2452 ους
263 2419 402 2454 ὑπηκόους
417 2427 424 2434 ·
443 2420 473 2446 τὺ
485 2419 589 2455 τρίτον,
609 2420 653 2446 ὅτε
668 2420 813 2455 ζητοῦντες
827 2421 852 2446 οἱ
873 2420 996 2456 Ἐφραῒμ

203 2465 278 2501 παρὰ
301 2465 391 2500 Ἰησοῦ
405 2465 492 2500 μείζω
509 2465 620 2501 κλῆρον,
638 2466 796 2493 κελεύονται
808 2466 998 2502 ὲξολοθρεῦσαι

202 2511 249 2538 τὸν
258 2512 423 2545 Καναναῖον,
433 2512 471 2543 ὡς
483 2511 517 2538 ἂν
529 2512 570 2544 εις
581 2512 627 2538 τὸν
642 2512 744 2547 δρυμὸν
751 2512 919 2546 ἀνελθόντες,
935 2514 998 2540 ἐαυ-

201 2558 258 2589 τοίς
273 2557 457 2593 εὕτρεπίσωσι
469 2558 563 2585 τόπον.
575 2557 682 2585 Οὐκοῦν
696 2558 806 2594 πρῶτον
820 2559 833 2585 ὁ
846 2559 999 2591 Χαναναῖος

203 2603 264 2639 μεθ’
279 2604 357 2640 ἡμῶν
369 2605 456 2637 ἐστιν,
469 2604 546 2632 οὐδὲν
558 2605 621 2632 καθ’
635 2605 713 2640 ήμῶν
728 2605 854 2632 τοσοῦτον
879 2606 996 2641 δυνάμε-

201 2659 246 2682 νος
258 2659 265 2666 ·
281 2651 421 2686 ὑπόφορος
439 2651 488 2686 μὲν
500 2650 549 2683 ὢν,
567 2652 616 2691 οὐχ
630 2652 751 2687 ὑπήκοος
762 2653 802 2684 δὲ,
814 2652 875 2679 οὐδὲ
889 2652 993 2685 δοῦλος.

201 2697 293 2724 Ταῦτα
308 2697 363 2731 γὰρ
376 2697 405 2724 τὸ
417 2697 545 2731 δεύτερον
560 2698 676 2731 γίνεται.
703 2698 788 2725 ’Ὀταν
806 2699 858 2733 γὰρ
881 2699 916 2725 τὰ
942 2707 994 2725 σω-

203 2743 307 2777 ματικὰ
338 2744 528 2778 ὑποτάσσηται
544 2745 578 2779 τῇ
592 2743 676 2779 ψυχῇ,
693 2745 723 2770 οὺ
738 2744 817 2778 μόνον
848 2744 906 2771 ἐστὶ
933 2745 994 2779 μεθ’

201 2787 291 2822 ⁴ἡμῶν,
308 2787 377 2814 ἀλλὰ
395 2787 444 2814 καὶ
458 2787 560 2818 δοῦλος.
576 2788 613 2814 Τὸ
626 2787 654 2813 δὲ
668 2788 760 2822 τρίτον
776 2789 823 2815 ὲὰν
839 2789 991 2815 τελειωθῶ-

236 2876 259 2892 ³¹
283 2875 388 2904 llabac.
417 2884 458 2908 ιιι,
474 2876 502 2903 3.

363 2923 498 2954 ΡΑτιωι..
522 2923 582 2954 Gn.
599 2923 784 2955 LXXXVII.

1050 358 1113 380 runt
1132 352 1183 387 [alii
1197 351 1271 378 Juda
1290 361 1334 379 eos
1347 353 1540 385 exterminare,
1561 353 1607 380 sed
1638 354 1738 381 mansit
1760 353 1843 382 Jeba-

1050 407 1120 426 εοεαε
1136 407 1195 425 cum
1210 398 1276 433 [iliis
1291 397 1366 425 Juda
1381 397 1579 434 Hierosolymis
1596 407 1679 435 usque
1709 400 1737 427 iu
1772 407 1844 434 pm-

1050 443 1230 471 seutem'dicm
1246 443 1316 479 [XV,
1335 443 1392 479 65].

1084 490 1255 518 Consulendi
1287 490 1442 517 litterarum
1471 490 1601 518 omnibus
1630 492 1755 519 numeris
1782 499 1842 519 ma-

1050 537 1130 573 gislri
1163 537 1375 569 ahsolutissimi,
1407 544 1461 572 qua
1488 538 1596 565 ratione
1619 537 1653 565 ad
1679 537 1842 566 hodiernum

1050 590 1139 618 usque
1162 582 1233 610 diem
1259 583 1342 610 dicat.
1371 581 1430 610 llac
1462 583 1535 609 enim
1579 582 1711 618 loquendi
1751 583 1840 611 forma

1049 628 1316 656 consummationem
1350 627 1434 662 hujus
1466 627 1610 662 praesentis
1640 628 1734 656 saeculi
1765 628 1842 656 Scri-

1050 678 1129 708 ptura
1165 673 1304 709 signiﬁcat
1329 673 1409 708 juxta
1435 673 1502 700 illud
1527 683 1532 701 :
1555 673 1606 701 Hic
1636 679 1714 709 pater
1740 674 1844 702 Moabi-

1049 724 1139 746 tarum
1166 722 1209 745 est
1235 718 1263 745 in
1293 718 1460 745 hodiernum
1500 725 1589 754 usque
1626 718 1699 746 diem
1720 719 1752 746 ⁸³.
1773 729 1782 745 ι
1812 719 1844 746 Ει

1049 764 1149 792 iterum
1166 772 1172 790 :
1193 773 1202 789 ι
1224 762 1263 791 Ne
1278 763 1414 791 deﬁciatis
1441 771 1456 790 a
1481 763 1599 791 Domino
1620 764 1763 792 hodiernis
1786 764 1845 792 die-

1050 809 1111 837 bus.
1132 818 1140 834 ι
1158 808 1211 836 Pro
1224 816 1272 840 eo,
1289 808 1412 844 quandiu
1426 815 1526 836 nomen
1554 809 1636 836 hodie
1652 809 1746 836 durat.
1773 809 1843 836 Cum

1048 855 1141 890 itaque
1158 854 1207 882 ﬁlii
1221 854 1292 882 Juda
1302 855 1500 890 Hierosolyma:
1511 863 1565 883 non
1575 855 1699 883 habitent
1712 856 1843 891 amplius,

1048 900 1189 936 quomodo
1203 901 1310 928 habitat
1324 900 1470 930 Jebusteus
1485 908 1548 929 eum
1576 902 1643 929 eis?
1668 901 1845 938 Quapropter

1050 953 1148 974 sensus
1174 946 1387 975 similitudinem
1406 947 1582 982 indagemus,
1602 955 1686 983 quam
1718 948 1753 975 dc
1771 940 1845 975 ziza-

1051 992 1106 1021 uiis
1135 993 1266 1028 parabola
1277 993 1476 1028 suppeditabit.
1492 993 1529 1020 Ea
1541 994 1614 1021 enim
1627 1001 1690 1021 cum
1706 994 1844 1022 frumento

1053 1046 1183 1067 crescere
1198 1039 1336 1074 permisit,
1353 1046 1387 1066 ne
1418 1039 1500 1067 simul
1529 1047 1592 1067 cum
1617 1040 1660 1068 eis
1674 1040 1843 1068 frumentum

1051 1085 1185 1112 avellatur
1213 1084 1355 1112 radicitus.
1390 1083 1419 1111 In
1438 1084 1561 1112 Ecclesia
1574 1086 1648 1112 enim
1676 1085 1843 1113 conculcan-

1052 1136 1096 1158 tur
1123 1131 1253 1164 Jebustei,
1269 1131 1322 1158 hoc
1340 1136 1392 1164 est,
1409 1135 1570 1166 peccatores
1599 1137 1625 1159 et
1650 1139 1666 1159 a
1681 1131 1735 1160 ﬁde
1749 1132 1842 1160 alieni.

1052 1177 1108 1204 Nec
1127 1185 1248 1213 unquam
1266 1181 1358 1204 tamen
1384 1177 1411 1203 in
1446 1177 1574 1212 praesenti
1598 1177 1652 1205 vita
1685 1177 1844 1214 huiusmodi

1053 1225 1153 1252 habere
1168 1224 1276 1252 desinet
1302 1224 1438 1258 Ecclesia,
1465 1232 1498 1252 ac
1524 1232 1558 1252 cx
1593 1225 1677 1253 meris
1706 1226 1845 1254 constabit

1052 1270 1166 1298 sanctis.
1182 1271 1242 1303 Quo
1256 1270 1329 1298 enim
1356 1270 1417 1298 loco
1436 1270 1534 1298 dubios
1561 1275 1721 1306 peccatores
1749 1276 1844 1307 ponet,

1052 1316 1160 1344 etiamsi
1202 1316 1363 1344 manifestos
1409 1316 1553 1352 abegerit?
1581 1316 1683 1344 Eadem
1718 1325 1786 1345 vero
1810 1317 1845 1345 de

1052 1361 1181 1397 Ephraim
1196 1369 1306 1397 quoque
1326 1361 1470 1397 Scriptura
1487 1363 1609 1390 astruit:
1630 1372 1640 1388 ι
1657 1362 1712 1391 Nec
1742 1363 1845 1391 delevit

1052 1407 1182 1443 Ephraim
1195 1408 1380 1435 Chauanaeum
1394 1408 1442 1443 qui
1460 1409 1567 1436 habitat
1600 1409 1627 1436 in
1653 1409 1753 1437 Gazer.
1774 1418 1783 1436 I
1798 1409 1844 1436 Ait

1052 1454 1124 1482 enim
1147 1463 1154 1481 :
1183 1464 1192 1481 ‹
1212 1454 1246 1481 Ει
1272 1455 1409 1483 habitavit
1436 1454 1614 1483 Chananaeus
1642 1455 1670 1482 in
1710 1455 1843 1490 Ephraim

1052 1508 1139 1536 usque
1152 1500 1187 1528 ad
1200 1501 1272 1528 diem
1299 1501 1384 1528 hunc.
1399 1510 1409 1528 ι
1428 1500 1557 1536 Ephraim
1585 1508 1649 1528 vero
1667 1500 1843 1535 fructuosius:

1052 1550 1142 1581 potest
1159 1545 1246 1573 reddi.
1263 1544 1434 1573 Fructuosus
1447 1545 1532 1580 igitur
1545 1552 1600 1572 non
1619 1549 1710 1580 potest
1738 1544 1843 1573 Chana-

1053 1599 1152 1624 naeum,
1171 1598 1265 1619 semen
1289 1590 1411 1618 alienum
1442 1594 1470 1618 et
1495 1595 1684 1622 exsecratum,
1699 1597 1715 1618 e
1729 1591 1845 1626 regione

1054 1644 1104 1665 sua
1116 1636 1227 1672 ejicere,
1241 1635 1276 1663 ad
1299 1643 1366 1664 eum
1382 1643 1470 1671 usque
1502 1636 1588 1664 diem.
1611 1636 1690 1669 Quod
1715 1643 1782 1664 sane
1810 1636 1844 1664 de

1054 1683 1178 1712 Ecclesia
1188 1682 1371 1711 asseruimus.
1387 1683 1460 1716 Quin
1475 1687 1503 1710 et
1518 1683 1588 1710 alias
1603 1683 1695 1710 anima
1706 1690 1761 1710 non
1775 1690 1845 1719 pure

1053 1728 1205 1757 Jerusalem
1229 1729 1259 1756 in
1281 1728 1333 1756 hac
1363 1728 1421 1756 vita
1445 1728 1504 1756 ﬁeri
1522 1733 1625 1764 potest.
1651 1736 1712 1764 quae
1735 1729 1843 1757 scilicet

1053 1775 1140 1802 solam
1169 1782 1265 1811 pacem
1286 1779 1412 1811 spectet,
1447 1775 1573 1810 nihilque
1589 1775 1754 1810 delinquat,
1782 1783 1845 1810 qua:

1051 1822 1192 1849 Christum
1215 1822 1260 1850 Dei
1282 1829 1378 1858 pacem
1407 1822 1547 1857 respiciat,
1560 1829 1723 1857 semperque
1736 1821 1843 1849 fructus

1052 1867 1124 1895 ferat
1141 1876 1149 1901 ;
1169 1875 1251 1895 nemo
1272 1869 1346 1896 enini
1370 1876 1456 1904 purus
1478 1871 1521 1896 cst
1538 1875 1553 1895 a
1567 1868 1708 1902 sordibus,
1736 1875 1752 1895 a
1768 1868 1844 1903 cogi-

1053 1914 1204 1942 tationibus
1233 1915 1352 1948 alienis;
1390 1915 1483 1950 itaque
1512 1922 1621 1950 semper
1652 1914 1795 1943 Jebusaeus
1817 1919 1845 1942 et

1052 1958 1224 1986 Chananzzeus
1236 1959 1264 1986 in
1279 1958 1440 1993 {Jerusalem
1467 1958 1616 1986 invenitur.
1645 1958 1776 1992 Quamvis
1802 1959 1844 1986 di-

1051 2004 1115 2031 vina
1132 2012 1194 2039 ope,
1213 2005 1260 2040 qui
1277 2005 1355 2032 solus
1383 2008 1485 2040 potest,
1510 2005 1667 2040 implorata,
1685 2009 1715 2031 ut
1728 2004 1844 2039 ejician-

1053 2057 1097 2078 tur
1118 2051 1342 2079 contendendum
1359 2055 1412 2079 est.

1087 2097 1173 2125 Porro
1185 2097 1267 2125 tertio
1280 2097 1466 2125 Chananteum
1477 2105 1540 2125 cum
1555 2097 1711 2125 ﬁliislsrael
1728 2105 1789 2126 esse
1799 2106 1843 2125 re-

1051 2144 1129 2179 petit,
1145 2150 1177 2171 ac
1195 2151 1249 2171 non
1261 2143 1364 2171 nudam
1385 2143 1585 2176 narrationem,
1605 2151 1701 2171 verum
1736 2148 1839 2180 myste-

1050 2190 1091 2216 ria
1120 2190 1245 2225 quaedam
1263 2189 1404 2225 proponit.
1419 2189 1512 2217 Semel
1542 2190 1616 2218 enim
1649 2189 1756 2217 dictum
1770 2195 1840 2218 est:

1052 2245 1060 2261 ι
1075 2235 1135 2264 Non
1159 2235 1280 2271 perdidit
1308 2236 1439 2270 Ephraim
1471 2235 1700 2268 Chananmum,»
1731 2240 1758 2264 et
1781 2243 1842 2272 qua:

1049 2282 1188 2318 deinceps.
1206 2282 1265 2309 iluc
1281 2290 1368 2318 usque
1383 2291 1389 2309 :
1407 2291 1416 2308 (
1431 2281 1463 2308 Et
1491 2281 1568 2310 dedit
1589 2289 1651 2309 eam
1674 2281 1783 2309 Pharao
1812 2282 1840 2308 in

1049 2329 1140 2357 dotem
1157 2329 1220 2356 ﬁlim
1232 2337 1288 2357 suae
1305 2329 1338 2355 ³⁵.
1361 2339 1370 2355 ι
1386 2327 1515 2357 Secundo
1540 2335 1607 2356 vero
1623 2336 1630 2354 :
1657 2327 1772 2355 Factum
1799 2334 1842 2356 est

1050 2383 1113 2403 cum
1129 2375 1311 2403 invaluissent
1325 2375 1373 2402 ﬁlii
1395 2374 1491 2407 Israel,
1524 2374 1708 2402 etEI‘ecerunt
1731 2373 1841 2401 Chana-

1048 2428 1124 2448 naeos
1138 2420 1273 2449 subditos.
1289 2420 1385 2448 Tertio
1412 2420 1542 2455 denique,
1557 2419 1669 2456 quando
1688 2419 1839 2454 Ephraimi-

1047 2472 1081 2495 tae
1099 2467 1210 2495 aJosue
1235 2467 1368 2502 majorem
1396 2471 1499 2495 sortem
1530 2469 1638 2502 petunt,
1663 2473 1696 2494 ac
1731 2466 1839 2493 Chana-

1048 2521 1136 2542 naeum
1154 2513 1317 2542 exscindere
1329 2513 1478 2549 jubentur,
1491 2517 1520 2539 ut
1532 2512 1576 2540 ubi
1592 2513 1620 2539 in
1635 2513 1732 2540 silvam
1744 2519 1838 2540 ascen-

1048 2559 1139 2587 derint
1158 2559 1248 2587 locum
1278 2559 1331 2587 sibi
1355 2558 1425 2594 ipsis
1458 2563 1565 2593 parem.
1593 2557 1716 2585 Primum
1745 2558 1839 2593 itaque

1046 2605 1217 2633 Chananeus
1247 2605 1392 2632 uobiscum
1419 2610 1472 2638 est,
1499 2613 1535 2633 ne
1560 2604 1698 2631 tantillqu
1725 2603 1838 2639 quidem

1046 2656 1145 2680 contra
1167 2660 1218 2681 nos
1249 2658 1360 2688 potens,
1384 2661 1416 2681 ac
1433 2653 1580 2688 vectigalis
1590 2652 1701 2688 quidem
1721 2657 1839 2685 est,ncc

1048 2706 1144 2727 servus
1169 2705 1273 2731 tamen,
1292 2703 1339 2727 aut
1360 2699 1497 2728 subditus.
1513 2700 1552 2727 Eo
1576 2700 1650 2727 enim
1664 2698 1786 2727 secundo
1795 2697 1839 2726 de-

1049 2752 1123 2772 mum
1142 2753 1187 2773 res
1211 2745 1294 2773 redit.
1314 2745 1383 2773 Cum
1401 2746 1475 2773 enim
1495 2753 1598 2781 corpus
1612 2745 1710 2772 animae
1725 2743 1838 2779 subjun-

1047 2794 1122 2817 ctum
1136 2790 1228 2825 fuerit,
1245 2798 1299 2818 non
1313 2791 1403 2819 solum
1415 2791 1561 2820 nobiscum
1572 2795 1624 2824 est,
1637 2797 1731 2818 verum
1740 2795 1837 2817 servus

554 2876 575 2891 ³³
596 2874 664 2902 Gen.
680 2883 737 2908 xm,
757 2876 802 2902 58.
843 2877 864 2893 δν
879 2877 964 2906 Josuc
979 2885 1047 2913 xvn,
1070 2878 1112 2905 12.

1593 2928 1634 2958 33
