2086 3160
284 131 350 163 1035

926 133 1103 164 PROCOPII
1123 135 1243 164 GAZASI

1836 135 1903 168 1036

284 192 389 214 noster.
416 185 510 213 Tertio
523 193 587 214 vero
604 186 649 213 ubi
667 185 700 213 ad
718 186 916 221 perfectionem
938 188 1060 223 attigeri-

1120 198 1181 223 μεν,
1200 188 1310 220 τελείως
1326 188 1596 224 ἐξολοορευθὴσεται,
1614 189 1666 216 τῶν
1679 189 1725 215 ἐπὶ
1748 189 1799 224 γῆς
1817 190 1903 224 μελῶν

282 241 355 266 titus,
367 232 488 267 perfecte
499 232 608 259 demum
622 233 810 266 exseindetur,
830 233 1008 268 membraque
1022 238 1072 261 ter-

281 286 346 307 rena
359 278 522 305 moriuntur.
548 277 588 304 Ita
621 277 835 306 catechumenus
860 282 998 313 assumpta
1027 286 1072 305 ra-

281 325 357 352 tione
377 323 530 352 Israelitica
560 323 637 350 novit
666 323 826 358 procedere.
856 323 966 351 Habitat
989 323 1072 360 494

280 371 353 397 enim
367 377 428 397 cum
456 368 613 396 Chananreo
630 375 714 396 carne
734 375 783 396 sua
794 375 888 396 secum
918 369 1071 396 dissidente

279 415 410 450 primum.
429 413 533 441 Deinde
548 414 698 445 serviente,
725 418 864 448 postremo
895 422 956 441 cum
985 415 1071 442 omni-

279 459 331 486 bus
342 459 399 486 suis
416 458 558 490 membris,
581 459 762 492 scortatione,
782 459 927 492 adulterio,
956 460 1070 494 impuri-

279 509 335 532 tatc
359 508 466 533 necata.
487 514 496 530 ι
513 504 654 532 llabitarit
670 513 746 539 vero,
779 506 880 541 inquit,
916 513 977 533 cum
1005 507 1045 533 eis
1060 527 1066 539 ,

277 553 366 580 donec
401 551 526 579 ascendit
551 551 659 578 Pharao
687 559 735 578 rex
761 551 894 587 Egypti.
915 561 925 578 ι
953 551 1068 585 Quando

276 598 359 626 etiam
374 597 462 625 Gazer
481 597 558 624 locus
570 597 716 625 Chananaai
736 597 798 625 ﬁlire
812 597 966 626 Pharaonis
981 599 1007 626 in
1018 599 1067 626 do-

277 647 332 670 tem
360 642 439 670 datus
454 641 604 670 est.Porro
623 641 709 669 Gazer
728 642 901 678 interpretari
918 642 993 675 licet,
1005 652 1066 670 con-

277 686 370 713 tentio.
396 685 464 713 Cum
480 686 552 713 enim
569 686 647 714 unita
679 686 880 721 quodammodo
901 691 928 714 et
956 692 1065 715 extenta

277 739 343 760 caro
360 739 422 759 cum
438 731 537 767 spiritu
553 732 582 758 in
611 732 691 760 nobis
713 732 807 765 fuerit,
843 740 897 760 una
922 733 950 760 in
979 733 1066 761 Gazer

276 785 384 805 sumus.
404 776 642 805 UbiChananaeus
674 782 700 805 et
725 777 797 806 ﬁlius
824 777 968 814 Ephraim,
1000 779 1062 806 frtr-

276 827 401 851 ctuosus.
430 822 506 851 Talis
541 831 606 851 vero
633 823 821 852 benedictusa
849 824 967 852 Domino
998 833 1064 860 quo-

273 915 415 944 sterilibus
431 914 579 943 arboribus
597 915 715 948 consita,
733 916 850 951 locoque
867 917 954 944 sterili
978 925 991 944 a
1019 917 1062 945 Jo-

275 969 325 989 sue
341 963 453 996 accepto
469 960 580 995 proprio
597 960 688 987 labore
703 967 764 987 eum
796 965 885 994 eruet,
906 969 960 995 quo
989 967 1061 989 terra

274 1009 418 1036 fructuosa
440 1007 498 1038 ﬁat,
513 1005 707 1042 Pherezazique
717 1015 749 1034 ac
762 1007 894 1043 Rephaim
912 1009 938 1035 in
949 1016 982 1036 eo
996 1015 1060 1043 pur-

272 1057 382 1089 gentur.
401 1052 543 1088 Signiﬁcat
558 1060 623 1080 vero
642 1052 780 1080 Pherezmi
809 1053 991 1087 fertilitatem,
1005 1062 1059 1089 qua

273 1099 358 1127 Deum
382 1098 473 1126 colere
489 1098 665 1133 incmpimus.
680 1098 844 1134 frugemque
868 1098 984 1126 ferimus
1012 1099 1062 1126 im-

272 1142 415 1176 mundam,
452 1143 573 1178 peccatis
614 1143 786 1178 permistam,
824 1144 1061 1179 mundationeque

272 1189 451 1223 indigentem.
466 1188 599 1224 Rephaim
619 1196 693 1221 vero,
708 1189 756 1224 qui
767 1190 891 1224 operitur
918 1191 1060 1224 matrices.

270 1235 342 1271 quod
369 1235 532 1262 vocabulum
551 1238 580 1261 ut
600 1235 718 1262 validam
735 1242 767 1262 ac
794 1235 937 1263 robustam
961 1236 1060 1264 animm

272 1280 475 1308 constituamus
505 1279 633 1313 feturam,
666 1279 807 1307 admonet.
832 1280 870 1307 Ea
881 1280 1012 1308 dicuntur
1026 1282 1058 1309 ad

272 1326 342 1354 ﬁlios
348 1325 461 1361 Joseplr,
469 1325 548 1360 cujus
560 1325 746 1360 interpretatio
752 1326 901 1353 auctarium
911 1326 960 1354 Dei
967 1331 1054 1355 sonat.

306 1373 360 1407 Qui
376 1373 459 1400 etiam
476 1372 584 1406 dicunt,
602 1373 742 1408 equitatus
767 1373 891 1402 delectus
904 1378 932 1402 et
954 1375 1056 1402 ferrum

272 1419 342 1454 apud
357 1426 466 1447 omnem
483 1418 682 1451 Chananaaum,
710 1419 850 1454 equitatus
868 1419 952 1447 fallax
967 1420 1000 1448 ad
1012 1428 1058 1448 sa-

273 1466 369 1492 lutem.
397 1463 492 1497 Qualis
508 1470 575 1491 sane
605 1463 633 1491 in
662 1463 746 1492 lsrael
761 1472 815 1492 non
829 1465 982 1499 invenitur,
1007 1474 1058 1494 nec

272 1517 347 1538 arma
362 1516 479 1545 quoque.

306 1554 347 1582 Ad
363 1562 431 1590 quos
447 1553 518 1582 haud
536 1554 738 1589 ineptedictum
752 1559 804 1589 est,
815 1555 931 1589 Quando
946 1556 1055 1584 Chana-

271 1610 360 1630 naaum
375 1602 583 1636 exstirpaveris.
607 1601 673 1629 Nam
690 1602 712 1629 si
739 1603 884 1635 manserit,
901 1602 1053 1631 lsraelitam

271 1648 318 1683 qui
347 1647 417 1675 inter
432 1654 482 1674 nos
501 1650 589 1674 estex
602 1647 706 1674 semine
720 1645 789 1674 Juda
803 1647 831 1674 in
849 1648 1056 1675 Chananaicum
1071 1635 1092 1664 θ

271 1692 408 1720 traducet.
428 1690 470 1718 Ad
486 1698 566 1726 quem
583 1690 683 1726 inquit,
714 1689 813 1719 Forma
827 1697 852 1719 te
867 1692 985 1727 decepit.
1001 1692 1060 1720 Cte-

271 1742 360 1765 terum
391 1740 479 1765 cesset
507 1736 569 1769 hoc,
584 1744 616 1764 ac
629 1737 716 1764 simus
737 1737 785 1765 ﬁlii
804 1738 921 1765 formam
937 1739 1057 1766 Abrahae

271 1787 299 1811 et
319 1786 428 1818 patrum
453 1781 615 1815 electorum,
641 1789 724 1817 super
751 1790 848 1811 omnes
865 1791 929 1811 vero
953 1785 1057 1813 Christi

271 1833 409 1863 gerentes.

307 1872 474 1907 Congregata
489 1876 527 1899 est
537 1872 660 1900 universa
688 1873 779 1900 concio
794 1873 883 1901 Israel
896 1875 922 1902 in
936 1875 1005 1908 Silo,
1031 1882 1058 1904 et

271 1925 332 1953 qua:
351 1917 491 1952 deinceps.
501 1917 567 1945 Sors
581 1917 616 1946 de
633 1926 686 1953 qua
702 1919 730 1946 in
751 1919 904 1954 Scriptura,
919 1928 974 1948 non
1001 1921 1058 1950 for-

272 1964 344 1992 tuita
359 1967 402 1992 est
415 1965 511 1999 quales
528 1964 609 2000 vulgo
627 1969 705 1999 sunt,
722 1965 807 1993 veluti
823 1973 886 1993 cum
899 1967 976 2000 dicit,
990 1967 1057 1996 Sor-

271 2016 326 2040 tem
358 2010 417 2042 Dei,
445 2015 472 2038 et
496 2014 599 2038 sortem
614 2011 785 2046 depulsionis
799 2012 947 2040 malorum.
963 2012 1029 2041 item
1046 2023 1052 2041 :

272 2057 361 2085 Moses
377 2056 500 2085 sortibus
517 2060 618 2084 terram
635 2056 676 2084 eis
716 2056 876 2090 Iordanem,
894 2057 980 2086 Josue
1006 2067 1056 2086 au-

270 2108 325 2132 tem
338 2108 415 2131 trans
431 2109 494 2130 eum
510 2101 664 2130 distribuit.
688 2102 740 2135 Qui
759 2102 824 2130 item
837 2102 875 2129 ait
895 2110 902 2130 :
921 2113 930 2129 ι
950 2103 1055 2131 Mittam

271 2154 388 2182 sortem;
411 2158 420 2175 ι
436 2148 500 2175 item
518 2156 526 2175 :
544 2157 554 2174 ι
585 2147 728 2176 Proferam
758 2152 861 2177 sortem
878 2156 972 2177 coram
1003 2149 1055 2177 Do-

269 2196 354 2223 mino.
376 2204 385 2221 ›
402 2193 463 2222 Non
495 2194 610 2222 fortuito
629 2195 721 2229 itaque
737 2194 804 2222 illud
826 2195 936 2224 cecidit.
954 2195 1056 2224 Tribus

269 2243 342 2270 enim
369 2240 514 2276 Benjamin
528 2240 618 2275 primo
646 2241 763 2268 sortitur
776 2249 836 2268 eam
853 2245 961 2276 partem
993 2249 1056 2276 qua:

269 2286 429 2314 continebat
444 2285 611 2318 Jerusalem,
628 2290 656 2312 et
670 2285 803 2321 deinceps
828 2287 951 2322 reliquae.
980 2288 1055 2314 Inter

268 2342 338 2370 quas
353 2338 408 2361 tres
416 2341 449 2361 ex
465 2333 574 2360 ancillis
586 2332 671 2361 Jacob
692 2334 774 2361 editae
793 2338 947 2369 postremas
962 2339 1054 2371 partes

269 2379 423 2408 sortitionis
437 2379 571 2406 obtinent.
586 2378 660 2406 Inter
668 2379 735 2407 alias
755 2388 820 2408 vero
837 2388 870 2408 ex
882 2380 978 2408 liberis
987 2389 1055 2410 uxo-

269 2425 347 2452 ribus
357 2428 432 2452 ortas
447 2423 506 2451 Dan
532 2423 630 2451 ultimo
644 2429 813 2452 recensetur.
832 2425 876 2452 Ait
890 2433 956 2454 vero
974 2426 1053 2455 Salo-

269 2477 332 2496 mon
348 2469 376 2495 in
411 2468 579 2501 Proverbiis,
607 2468 818 2496 Contentionem
846 2470 921 2498 sistit
943 2479 1004 2499 sors
1019 2472 1051 2499 ³⁵.

269 2513 321 2546 Qui
347 2521 397 2541 nec
417 2514 444 2540 in
472 2513 645 2548 principibus
658 2514 720 2540 lites
748 2521 809 2541 esse
831 2518 906 2542 sorte
921 2521 1054 2550 praesente

270 2559 347 2586 dicit.
375 2558 462 2586 Porro
473 2558 576 2586 ethnici
596 2565 709 2593 qucque
733 2564 835 2591 sortes,
852 2560 899 2587 scd
912 2568 966 2588 non
994 2561 1054 2596 pari

269 2605 362 2637 modo,
405 2608 550 2640 usurpant,
583 2604 817 2639 quemadmodum
850 2611 940 2633 nautae
971 2614 1054 2642 super

267 2647 349 2676 Jona.
376 2648 407 2676 In
440 2647 515 2676 Novo
541 2648 655 2683 insuper
683 2648 862 2677 Testamento
875 2650 897 2666 “
915 2650 1054 2685 apostolos

269 2701 379 2728 quoque
391 2693 514 2721 invenies
538 2695 660 2722 sortibus
678 2694 807 2722 Mathiam
823 2696 850 2722 in
863 2694 941 2723 Judae
960 2696 1050 2724 locum

269 2745 389 2772 creasse,
405 2745 435 2765 ac
453 2737 582 2772 precibus
606 2745 688 2774 super
705 2739 795 2774 ipsum
820 2740 976 2768 devolutam
990 2748 1051 2768 sor-

303 2826 327 2841 "
338 2825 420 2854 Prov.
438 2833 516 2857 xvm,
529 2825 554 2852 5.
590 2825 679 2854 “Act.
694 2835 712 2859 ι,
724 2825 767 2854 26.

1124 243 1220 270 νεκρου
1225 235 1257 270 μέ
1261 235 1403 262 νων.υ’ύτω
1417 234 1554 270 προκόπτε
1559 243 1581 261 ιν
1595 233 1665 262 οἶδεν
1671 235 1685 261 ὁ
1692 235 1810 270 κατηχοὺ
1815 244 1902 269 μενος,

1123 281 1168 307 τὸν
1185 280 1355 316 Ἰσραηλίτην
1370 281 1448 315 λόγον
1463 280 1563 308 λαϐώνσ
1591 281 1660 307 οίκεῖ
1683 280 1736 316 γὰρ
1766 280 1833 316 μετὰ
1857 281 1904 307 τοῦ

1123 325 1289 358 Χαναναίου,
1307 325 1504 361 στασιαζούσης
1520 325 1603 352 αὑτοῦ
1631 326 1682 360 τῆς
1709 327 1819 361 σαρκδς,
1845 324 1905 353 εἶτα

1122 371 1305 407 νεκρωθείσης
1320 372 1390 398 κατὰ
1418 372 1473 398 πᾶν
1502 371 1591 407 μέλος,
1605 371 1742 406 πορνείαν,
1772 372 1903 407 μοιχείαν,

1121 416 1300 452 ἀκαθαρσίαν.
1313 425 1323 442 ί
1338 416 1465 451 Κατῲκει
1480 417 1519 449 δὲ,
1533 417 1611 452 φησὶ,
1628 418 1687 452 μετ’
1695 418 1794 451 αὐτῶν,
1808 418 1859 450 ἓως
1871 418 1904 445 ἂν

1121 462 1183 498 ἔλθῃ
1199 462 1297 498 Φαραὼ
1313 462 1440 498 βασιλεὺς
1456 463 1597 496 Αἰγύπτου
1608 471 1615 478 ·
1631 463 1674 489 ὅτε
1705 463 1753 489 καὶ
1783 463 1867 499 Γεζὲρ
1890 465 1904 489 ὁ

1119 509 1203 540 τόπος
1225 508 1272 535 τοῦ
1297 508 1452 535 Χαναναίου
1481 508 1582 534 δίδοται
1616 508 1701 544 φερνὴ
1724 510 1757 544 τῇ
1789 509 1903 545 θυγατρὶ

1119 554 1228 589 Φαραώ.
1245 553 1334 588 Γαζὲρ
1348 553 1386 585 δὲ,
1399 553 1535 587 διάτασις
1545 554 1736 590 ἑρμηνεύεται.
1754 555 1837 582 Ἐπὰν
1849 556 1903 590 γὰρ

1118 600 1200 627 οἱονεὶ
1214 600 1341 635 ἡνωμένη
1352 600 1400 627 καὶ
1410 600 1591 635 διατεταμένη
1599 599 1666 635 σὰρξ
1681 600 1749 635 μετὰ
1759 600 1807 627 τοῦ
1821 601 1903 627 πνεύ-

1119 654 1204 681 ματος
1221 646 1250 672 ἐν
1262 646 1329 680 ἡμῖν
1344 643 1372 682 ᾖ,
1389 645 1456 680 ὁμοῦ
1470 646 1553 680 ἐσμεν
1573 646 1602 672 ἒν
1619 647 1651 680 τῇ
1668 646 1766 682 Γαζὲρ,
1780 647 1795 673 ὃ
1808 655 1838 673 τε
1851 647 1903 673 Χα-

1117 692 1226 723 ναναῖος
1242 691 1290 718 καὶ
1304 692 1318 718 ὁ
1333 691 1390 722 υίὸς
1406 691 1526 726 Ἐφραῒμ
1552 692 1566 718 ὁ
1595 692 1786 727 καρποφορῶν.
1819 692 1848 718 '0
1873 693 1903 720 δὲ

1116 736 1235 768 τοιοῦτος
1251 737 1297 763 καὶ
1309 737 1347 768 ὡς
1364 736 1551 772 ηὐλογημένος
1568 737 1621 763 ύπδ
1652 738 1753 773 Κυρίου
1779 737 1902 773 μείζονος

1116 782 1303 813 ὲπιδικάζεται
1329 782 1441 817 κλήρου,
1465 781 1513 808 καὶ
1542 781 1645 817 δρυμὸν
1667 782 1757 809 λαϐὼν
1768 783 1902 818 ἀκάρπων

1115 827 1242 863 δένδρων,
1254 827 1312 854 καὶ.
1332 846 1340 854 .
1363 847 1370 854 .
1389 827 1489 863 χωρίον
1505 827 1557 854 ὑπὸ
1581 827 1681 863 Ἰησοῦ,
1705 828 1819 862 ἐκκόψει
1846 829 1902 859 τοῖς

275 869 422 897 dammodo
440 869 571 905 majorem
584 869 648 904 jure
661 874 762 897 sortem
783 871 913 906 appellat,
939 853 1060 906 silva-que

1117 853 1193 906 ίδίοιξ
1201 853 1338 908 mpera;
1353 853 1437 900 αὐτόν
1445 880 1452 888 '
1465 872 1509 915 ’ἕνα
1524 853 1650 908 γένηται

1115 920 1334 956 καθαρισθέντων
1345 920 1374 946 ὲν
1386 918 1460 954 αὐτῷ
1472 919 1626 953 Φερεζαίων
1640 918 1688 945 καὶ
1706 919 1833 953 Ῥαφαῒν.
1848 919 1901 954 Δη-

1113 966 1156 993 λοῖ
1165 966 1192 993 δὲ
1205 965 1236 992 τὸ
1256 965 1306 1000 μὲν
1319 964 1472 999 Φερεζαϊοι,
1485 964 1672 1000 καρποφορίαν
1695 963 1728 999 ἢν
1741 963 1900 999 ἀρξαμεν...

1115 1012 1203 1039 σέϐειν
1233 1010 1462 1047 καρποφοροῢμεν
1500 1009 1687 1045 καρποφορίαν
1732 1009 1900 1044 ἀκάθαρτον,

1115 1057 1216 1093 ἀναμὶξ
1229 1057 1342 1092 ἔχουσαν
1361 1056 1560 1092 ἁμαρτήματα,
1588 1056 1636 1082 καὶ
1650 1055 1780 1090 δεομένην
1794 1055 1900 1091 καθάρ-

1114 1113 1181 1136 σεως
1200 1103 1247 1129 ’τὸ
1260 1103 1288 1129 δὲ
1309 1102 1433 1137 Ῥαφαϊν,
1461 1102 1606 1136 ἀνειμένας
1624 1101 1741 1137 μήτρας·
1772 1101 1817 1128 ἵνα
1837 1109 1901 1135 σφο-

1112 1151 1175 1186 δρὺν
1189 1151 1237 1178 καὶ
1250 1150 1359 1177 εὔτονον
1370 1150 1400 1176 τὸ
1414 1149 1463 1184 τῆς
1478 1149 1566 1184 ψυχῆς
1589 1147 1830 1183 καταστησώμεθα
1855 1147 1898 1181 γὸη

1114 1205 1202 1233 νιμον.
1218 1196 1311 1223 Ταῦτα
1321 1196 1430 1230 λέγεται
1447 1195 1515 1231 πρὸς
1525 1194 1588 1226 τοὺς
1613 1193 1688 1226 υἱοὺς
1724 1192 1826 1228 Ἰωσὴφ
1837 1213 1845 1226 ,
1872 1192 1901 1224 ὃς

1114 1242 1296 1278 ἑρμηνεύεται
1312 1241 1470 1276 προσθήκη
1484 1241 1605 1275 Κυρίου.

1145 1376 1243 1407 Ἵππος
1258 1375 1384 1408 ἐκλεκτὸς
1404 1374 1451 1402 καὶ
1475 1375 1584 1410 σίδηρος
1598 1374 1627 1401 ὲν
1647 1375 1729 1400 παντὶ
1740 1372 1896 1407 Χαναναίῳ.

1110 1422 1206 1454 Ἵππος
1221 1422 1320 1457 ψευδὴς
1332 1422 1371 1453 εἰς
1389 1421 1534 1456 σωτηρίαν,
1552 1421 1582 1452 ὃς
1603 1421 1631 1446 ὲν
1657 1419 1764 1454 Ἰσραὴλ
1788 1419 1840 1455 οὐχ
1856 1419 1898 1446 εὑ·

1112 1468 1244 1502 ρίσκεται,
1261 1468 1308 1494 καὶ
1326 1467 1434 1503 σίδηρος
1450 1466 1607 1502 πολεμικός.

1143 1555 1239 1587 Καλῶς
1250 1555 1356 1591 εἴρηται
1366 1554 1407 1587 τὸ,
1417 1555 1470 1582 Καὶ
1480 1555 1543 1581 ὃταν
1554 1553 1643 1586 ἐξολοο
1648 1553 1746 1589 ρεύσῃς
1754 1553 1798 1580 τὸν
1809 1554 1898 1580 Χανα-

1108 1602 1191 1628 ναῖον.
1206 1601 1302 1628 Μένων
1313 1602 1378 1636 γὰρ,
1394 1601 1442 1628 καὶ
1454 1601 1500 1627 τὸν
1512 1600 1540 1627 ἐν
1549 1600 1614 1634 ἡμῖν
1630 1599 1800 1634 Ἰσραηλίτην
1815 1599 1898 1634 σπέρ-

1111 1655 1148 1681 μα
1163 1646 1273 1674 Χαναὰν
1287 1647 1334 1673 καὶ
1345 1646 1395 1673 οὐκ
1420 1646 1504 1672 Ἰούδα
1532 1646 1612 1672 ποιεῖ.
1642 1645 1713 1680 Πρὸς
1731 1645 1761 1671 ὃν
1781 1644 1836 1679 ἔφη
1857 1644 1896 1677 τὸ,

1110 1692 1208 1723 Καλῶς
1227 1692 1384 1727 ὲξηπάτησέ
1408 1700 1449 1718 σε,
1476 1691 1598 1718 ’Λπέστω
1625 1690 1654 1717 δὲ
1687 1690 1776 1723 τοῦτο,
1788 1691 1837 1717 καὶ
1853 1699 1898 1725 γε-

1109 1737 1223 1771 νοίμεθα
1251 1736 1334 1763 τέκνα
1372 1736 1575 1771 μεμορφωμένα
1619 1735 1743 1771 Ἀϐραάμ
1779 1743 1813 1762 τε
1852 1736 1897 1762 καὶ

1109 1782 1237 1818 πατέρων
1252 1782 1307 1818 τῶν
1331 1782 1478 1815 ἐκλεκτῶν,
1502 1782 1570 1818 ὑπὲρ
1598 1782 1703 1814 πάντας
1720 1781 1749 1808 δὲ
1765 1781 1815 1808 τοῦ
1831 1782 1896 1818 Χρι-

1109 1837 1182 1855 στου.

1143 1874 1195 1901 Καὶ
1204 1873 1411 1908 ἑκκλησιάσθη
1418 1873 1501 1901 πᾶσα
1512 1873 1673 1909 συναγωγὴ
1686 1873 1758 1901 υιῶν
1771 1873 1894 1908 Ἰσραὴλ

1106 1917 1148 1949 είς
1164 1916 1260 1950 Σηλώ.
1278 1917 1334 1951 Οὐχ
1347 1916 1384 1947 ὡς
1400 1917 1428 1942 έν
1441 1917 1473 1951 τῇ
1492 1915 1622 1951 συνηθείᾳ
1638 1915 1796 1951 συντυχικδς
1807 1915 1895 1950 ὀκλῆ-

1109 1970 1165 1996 ρος,
1176 1960 1262 1993 οὕτως
1279 1961 1308 1988 ἐν
1337 1962 1370 1996 τῇ
1404 1960 1511 1996 Γραφῇ,
1533 1960 1577 1986 ὅτε
1598 1959 1672 1994 λέγει
1698 1959 1802 1994 κλῆρον
1815 1958 1892 1990 Θεοῦ,

1106 2007 1154 2034 καὶ
1182 2007 1283 2042 κλῆρον
1310 2007 1518 2042 ἀποπομπαίου.
1552 2005 1606 2032 Καὶ
1635 2005 1755 2040 Μωῠσῆς
1771 2004 1800 2031 δὲ
1824 2004 1893 2031 κατὰ

1106 2053 1225 2089 κλήρους
1239 2053 1288 2088 τὴν
1303 2053 1356 2089 πρὸ
1377 2051 1509 2087 Ἰορδάνου
1521 2051 1584 2086 γῆν,
1593 2052 1638 2078 καὶ
1655 2051 1755 2086 Ἰησοῦς
1764 2052 1814 2086 τὴν
1825 2051 1893 2086 μετὰ

1105 2099 1199 2126 τοῦτον
1213 2098 1356 2133 διένειμεν.
1374 2099 1422 2130 Ὃς
1449 2098 1496 2124 καί
1516 2105 1594 2132 φησι,
1621 2106 1628 2122 ι
1649 2096 1726 2122 Βαλῶ
1750 2096 1861 2131 κλῆρον.
1880 2106 1889 2123 ι

1106 2145 1172 2178 Καὶ,
1189 2154 1198 2171 ι
1216 2144 1330 2178 ἘΕοίσω
1340 2143 1455 2170 ἐνώπιον
1476 2143 1579 2178 Κυρίου
1595 2142 1642 2169 τδν
1666 2142 1774 2177 κλῆρον.
1795 2151 1804 2168 ι
1821 2142 1891 2168 Οὐκ-

1105 2191 1152 2218 οὖν
1171 2191 1202 2217 οὐ
1212 2190 1392 2225 συντυχικῶς.
1408 2189 1544 2224 Λαγχάνει
1565 2188 1620 2223 γὰρ
1637 2188 1653 2223 ἠ
1671 2188 1741 2222 φυλὴ
1764 2188 1892 2222 Βενιαμὶν

1106 2237 1202 2272 πρώτη
1224 2237 1292 2263 ὅπου
1305 2233 1339 2271 ἦν
1361 2234 1549 2270 Ἰερουσαλὴμ,
1571 2234 1617 2260 καὶ
1633 2233 1732 2268 ἐφεξῆς
1748 2233 1775 2259 αί
1788 2233 1889 2259 λοιπαί.

1112 2282 1157 2309 Ἐν
1170 2280 1214 2313 αἷς
1225 2281 1254 2308 αἱ
1277 2282 1352 2317 τρεῖς
1366 2281 1420 2307 τῶν
1445 2279 1596 2307 παιδισκῶν
1623 2278 1669 2305 τοῦ
1690 2277 1787 2305 Ἰακὼό
1802 2278 1892 2305 τελευ-

1107 2329 1182 2355 ταῖαι
1198 2327 1373 2362 λαγχάνουσι.
1399 2326 1454 2353 Καὶ
1481 2325 1509 2351 ὲν
1523 2324 1613 2356 ἄλλοις
1629 2324 1657 2350 δὲ
1673 2323 1727 2350 Δὰν
1740 2323 1892 2354 τελευταῖος

1107 2374 1273 2409 εὑρίσκεται.
1292 2372 1371 2400 Καὶό
1388 2371 1513 2406 Σολομὼν
1528 2370 1556 2396 δέ
1566 2378 1648 2405 φησιν
1661 2370 1690 2396 ὲν
1708 2369 1873 2406 Παροιμίαις
1883 2376 1890 2383 ·

1113 2419 1279 2453 Ἀντιλογίας
1292 2418 1374 2444 παύει
1391 2417 1492 2452 κλῆρος
1503 2424 1510 2431 ·
1527 2415 1586 2442 οὐδὲ
1603 2416 1633 2442 ὲν
1659 2415 1802 2446 δυνάσταις
1821 2415 1892 2441 ἀντι·

1105 2465 1199 2500 λογίαν
1215 2462 1285 2491 εἷναί
1304 2471 1380 2499 φησι,
1393 2456 1526 2498 παρόντος
1548 2461 1660 2497 κλήρου.
1679 2461 1734 2487 Ka‘t
1744 2460 1848 2487 ἐθνικοὶ
1863 2460 1891 2487 δὲ

1106 2510 1224 2546 χρῶνται
1239 2510 1360 2545 κλήροις,
1374 2508 1431 2535 ἁλλ’
1450 2508 1499 2542 οὐχ
1513 2507 1624 2542 ὁμοίως,
1641 2507 1678 2538 ὡς
1693 2507 1739 2533 ἐπὶ
1751 2506 1798 2533 τοῦ
1816 2506 1893 2532 Ἰωνᾶ

1106 2558 1130 2583 oi
1146 2556 1338 2591 συμπλέοντες.
1351 2554 1406 2582 Καὶ
1421 2555 1450 2581 ὲν
1462 2555 1495 2589 τῇ
1505 2553 1594 2587 Καινῇ
1605 2553 1632 2579 δὲ
1646 2552 1709 2584 τοὺς
1725 2551 1892 2583 ἀποστόλους

1105 2603 1242 2638 εὑρήσεις,
1257 2602 1371 2637 κλήροις
1385 2601 1444 2627 ἀντὶ
1463 2600 1547 2627 Ἰούδα
1573 2600 1618 2626 τὸν
1633 2599 1757 2626 Ματθίαν
1770 2598 1892 2634 προϐάλ-

1104 2648 1209 2679 λοντας,
1219 2647 1268 2681 τῆς
1283 2647 1366 2681 εὐχῆς
1377 2646 1423 2672 ἐπὶ
1431 2645 1526 2678 τοῦτον
1538 2643 1705 2678 ἐνεγκούσης
1720 2644 1767 2669 τὸν
1778 2642 1828 2677 κλῆ
1834 2650 1889 2678 ρον.

1104 2693 1239 2730 Εὑρήσεις
1251 2693 1278 2720 δὲ
1293 2693 1386 2720 τοῦτον
1400 2692 1446 2718 καὶ
1459 2689 1633 2725 ὲπὶΧριστοῦ
1646 2689 1789 2724 φθάνοντα,
1799 2687 1893 2714 καὶτὰ

1105 2740 1153 2774 τῆς
1175 2739 1337 2774 Ἑκκλησίας
1354 2737 1465 2765 ἐπὶτῶν
1481 2735 1641 2770 σωζομένων
1668 2735 1816 2770 μυστήρια.
1840 2732 1893 2760 Δέ-
