2086 3160
225 165 293 199 1037

789 162 1064 199 ΟΟΜΜΕΝΤᾺΙΠῙ
1082 169 1123 199 ΙΝ
1145 170 1263 201 JOSUE
1271 195 1277 201 .

1785 175 1853 208 1038

223 218 301 244 γεται
314 210 368 246 γὰρ
377 210 443 245 πρὸς
464 210 600 244 Ἐφεσίους
615 210 680 246 περὶ
693 211 811 247 Χριστοῦ
824 220 830 225 ·
852 221 861 238 ι
873 212 917 240 Ἐν
932 209 954 246 ᾦ
965 211 1015 238 καὶ

1067 216 1121 240 tem
1136 221 1208 241 esse.
1225 214 1351 243 Invenies
1366 222 1449 251 porro
1463 216 1531 244 hanc
1550 224 1632 252 super
1650 218 1791 247 Christum
1807 230 1851 249 vc-

223 255 433 291 ὲκληρώθημεν,
459 255 668 290 προορισθέντες
687 257 758 284 κατὰ
779 258 909 293 πρόθεσιν
924 259 970 285 τοῦ
980 257 1018 284 ’τὰ

223 302 313 329 πάντα
328 301 506 336 ἐνεργοῦντος
517 302 588 328 κατὰ.
604 302 655 338 τὴν
674 303 802 339 βούλησιν
819 304 866 330 τοῦ
881 304 1017 339 ὀνόματος

222 348 306 375 αὑτοῦ
321 355 328 363 ⁵
344 348 385 379 εἰς
402 348 432 375 τὺ
456 346 524 374 εἶναι
555 349 629 382 ἡμᾶς
645 350 684 380 είς
708 349 820 377 ἔπαινον
833 350 911 385 δόξης
920 350 1015 382 αὑτοῦ,

222 394 286 426 τοὺς
307 393 515 430 προηλπικότας
545 395 574 420 ὲν
595 393 634 429 τῷ
644 394 766 430 Χριστῷ.
783 404 792 421 ι
806 396 861 422 Καὶ
875 396 942 432 πρὸς
961 397 1017 423 Κω-

222 439 354 471 λασσαεῖς
365 447 373 455 ·
386 449 395 465 ι
410 439 643 476 Εὐχαριστοῦντες
650 439 688 475 τῷ
699 441 788 477 Πατρὶ
795 441 835 475 τῷ
851 442 1016 468 ἱκανώσαντι

222 474 297 520 ἡμᾶς
316 487 357 517 είς
373 486 423 520 τὴν
450 474 558 521 νμερίδα
578 485 624 512 τοῦ
646 474 750 522 κλήρου
759 474 918 522 ⁷τῶνγάγιιον
930 488 959 514 ὲν
975 487 1017 522 τῷ

223 532 303 566 φωτί.
319 541 328 558 ι
344 532 459 567 Μήποτε
474 530 520 558 οὖν
532 540 624 566 φασιν,
636 531 674 563 ῶς
698 532 727 558 ὲν
741 531 895 567 ἀνθρώποις
917 533 1016 568 κλῆροι

222 578 354 612 γίνονται,
388 577 461 604 οὕτω
491 577 538 605 καὶ
566 577 775 613 ὲνδυνάμεσινς
801 578 842 610 Ὠς
858 578 891 605 ἂν
912 576 1015 614 οὖνμὴ

223 624 292 658 πρὺς
306 623 387 658 χάριν
404 624 421 658 ἡ
440 623 489 658 τῆς
504 623 554 658 γῆς
581 622 669 654 ἔξεστι
694 623 864 659 διανέμησις,
887 625 1016 659 γίνεσθαι

223 667 262 703 τῷ
278 667 339 702 Θεῷ
353 667 397 694 διὰ
423 667 534 702 κλήρων
554 667 658 703 Ἰησοῦς
674 668 759 704 αὐτὴν
783 670 937 705 ἐπιτρέπει.
950 672 1016 697 Τοι-

222 714 318 744 ούτους
332 713 354 739 δ’
379 713 413 739 ἂν
444 713 570 745 είποιτις
588 714 728 748 γεγονέναι
756 714 874 750 κλήρους
902 716 950 742 καὶ
967 716 1017 744 ἐπὶ

223 758 271 785 τοῦ
284 757 466 793 διαμερισμοῦ
478 758 533 785 τῶν
551 759 647 791 ὲθνῶν,
660 759 703 786 ὅτε
722 760 876 796 διεμέριζεν
896 763 910 788 ό
931 761 1016 796 ’Ὑψι-

224 813 286 836 στος
301 803 375 839 ἔθνη.
386 805 423 831 Οὺ
440 805 493 840 γὰρ
506 806 673 841 συντυχικῶς
688 807 834 840 οίᾶγγελοι
845 807 895 842 τὴν
909 807 1017 834 τούτων

224 850 385 885 ἐπιμέλειαν
415 851 584 884 ἀνεδέξαντο,
605 853 642 884 ὡς
668 853 729 879 οὐδὲ
751 853 801 889 τὴν
821 853 880 885 ἐνὸς
896 854 1015 881 ἑκάστου

223 896 322 932 ψυχὴν.
335 897 465 932 θειοτέρῳ
479 897 507 924 δὲ
525 898 628 933 κλήρῳ,
647 899 693 925 καὶ
708 899 778 934 ὑπὲρ
808 899 965 935 ἄνθρωπον.
982 899 1015 926 Οί
1033 888 1054 916 Β

223 942 252 969 δὲ
267 943 332 977 περὶ
345 942 395 977 τῆς
404 943 455 978 γῆς
464 942 559 978 κλῆροι
575 944 625 979 τῆς
639 944 815 980 κληροδοσίας
831 945 881 981 τῆς
899 944 1014 981 μελλού-

225 996 274 1023 σης
285 987 334 1023 τὴν
344 988 499 1023 οἰκονομίαν
517 989 690 1024 σημαίνουσι.
708 990 791 1017 Σκιὰν
817 990 871 1025 γὰρ
889 990 1015 1026 περιέχει

223 1033 258 1060 τὰ
272 1033 374 1060 παλαιὰ
383 1034 437 1061 τῶν
454 1034 607 1069 μελλόντων
634 1035 755 1070 ἀγαθῶν.
784 1036 840 1063 Καὶ
856 1035 936 1072 εἴπερ
953 1036 1015 1062 ἐστι

224 1079 454 1114 προσεληλυθέναι
478 1079 547 1107 Σιὼν
576 1081 645 1116 ὄρει,
664 1081 711 1108 καὶ
726 1081 804 1108 πόλει
817 1082 886 1109 Θεοῦ
897 1082 1012 1115 ζῶντος,

230 1124 408 1161 Ἰερουσαλὴμ
424 1125 589 1162 ἐπουρανίῳ,
604 1126 675 1153 διατί
697 1128 734 1162 μὴ
758 1128 855 1164 ὥσπερ
874 1128 1014 1163 Ἰερουσα-

224 1169 280 1205 λὴμ
291 1170 320 1196 ὲν
337 1169 431 1206 κλήρῳ
444 1171 540 1205 γέγονε
553 1172 601 1198 τοῦ
614 1172 755 1207 Βενιαμὶν,
778 1173 824 1200 καὶ
837 1174 880 1207 ἐφ’
893 1173 1015 1208 ἑκάστης

224 1216 319 1250 φυλῆς,
332 1215 388 1243 εῑεν
403 1217 435 1244 ἄν
445 1226 517 1249 τινες
534 1218 662 1253 ἀνάλογοι
679 1219 767 1250 τόποι,
783 1219 907 1255 Βηθλεὲμ
932 1219 1016 1254 τυχὸν

224 1261 272 1287 καὶ
289 1261 401 1296 Χεϐρὼν
415 1262 584 1298 ἐπουράνια,
600 1263 670 1290 κατὰ
688 1264 736 1299 τὴν
748 1265 799 1299 γῆν
816 1265 870 1291 τῶν
887 1265 1015 1299 πραὲων;

1068 258 1152 291 nisse,
1180 264 1207 286 et
1238 259 1371 289 Ecelesim
1399 263 1529 297 mysteria
1561 271 1646 298 super
1671 272 1719 292 eos
1732 266 1780 300 qui
1795 274 1853 294 scr-

1068 309 1174 332 rantur.
1189 305 1230 333 Ad
1244 307 1377 340 Ephesios
1390 309 1462 335 enim
1474 309 1507 336 de
1522 310 1632 338 Christo
1645 312 1744 339 dicitur
1760 322 1766 339 :
1780 323 1788 338 ι
1802 313 1854 341 Per

1067 357 1148 384 quem
1161 354 1187 377 cl
1202 351 1229 377 in
1244 356 1348 378 sortem
1365 353 1446 380 asciti
1468 361 1575 387 sumus.
1593 358 1779 390 prmtlcstinati
1808 367 1853 386 se-

1068 397 1187 424 cundum
1204 399 1374 432 propositum
1390 400 1477 434 ipsius
1502 401 1583 435 cujus
1597 403 1620 428 vi
1640 403 1708 431 tiunt
1724 405 1852 432 universa

1065 441 1142 475 juxta
1160 442 1300 470 decretum
1325 445 1446 472 nominis
1463 446 1517 479 sui,
1532 452 1561 473 ut
1577 448 1665 475 simus
1677 456 1728 476 nos
1744 449 1771 476 iu
1795 450 1854 477 lau-

1068 487 1128 512 dem
1159 487 1253 521 gloriae
1284 488 1382 522 ipsius,
1411 490 1458 524 qui
1495 491 1601 524 priores
1626 494 1799 526 speravimus
1825 495 1853 522 in

1067 530 1221 558 Christo".
1251 542 1259 558 I
1298 534 1336 560 Ad
1366 533 1544 564 Colossenses
1577 538 1641 565 item
1669 546 1676 564 :
1706 548 1716 564 ι
1743 539 1854 568 Gratias

1068 580 1182 610 agentes
1197 577 1284 610 Patri,
1301 578 1348 612 qui
1364 579 1480 607 idoneos
1495 588 1546 609 nos
1561 581 1626 609 fecit
1655 583 1688 610 ad
1706 585 1854 621 participa-

1068 622 1170 649 tionem
1186 623 1269 650 sortis
1283 629 1448 652 sauctorum
1476 626 1504 653 in
1520 627 1622 656 lumine
1634 628 1668 655 ³⁸.
1680 639 1690 654 ›
1706 629 1854 666 Nunquam

1067 667 1151 702 igitur
1162 667 1249 700 aiunt,
1269 670 1341 704 quod
1355 677 1438 705 penes
1455 671 1581 700 homines
1592 675 1708 702 sortium
1727 677 1763 703 sit
1773 684 1856 704 even-

1068 717 1121 745 tus,
1144 713 1237 749 itaque
1253 722 1304 742 nec
1319 715 1560 762 distributionum.
1579 719 1646 746 Cum
1661 728 1727 749 vero
1739 722 1766 749 in
1785 722 1856 750 divi.

1068 759 1146 786 sione
1174 765 1254 787 terra:
1269 762 1366 795 gratiae
1390 762 1459 789 nihil
1485 759 1607 792 tribuere
1626 765 1702 798 licet,
1722 767 1778 796 Deo
1807 776 1856 803 per

1067 808 1157 832 sortes
1171 805 1262 840 ipsam
1277 806 1373 834 tradit.
1390 806 1461 840 Quid
1482 815 1553 841 ,πετο
1581 810 1718 844 ejusmodi
1745 821 1855 849 quoque

1068 853 1157 877 sortes
1190 850 1219 876 in
1239 851 1363 885 gentium
1390 853 1536 886 divisione,
1563 856 1673 889 quando
1696 856 1856 886 Altissimus

1067 900 1162 930 gentes
1174 895 1269 923 divisit
1283 897 1316 929 δι’,
1331 897 1417 925 factas
1442 906 1504 927 esse
1528 900 1649 928 obstabit
1664 902 1774 930 dicere?
1796 904 1855 932 Non

1066 939 1137 967 enim
1145 944 1246 968 temere
1253 948 1348 968 eorum
1361 949 1455 970 curam
1462 948 1856 983 susceperuntangeli,quem-

1067 985 1213 1012 admodum
1240 993 1292 1014 nec
1304 988 1526 1023 uniuscujusque
1557 990 1689 1024 animam,
1703 1000 1796 1020 verum
1813 994 1856 1021 di-

1066 1033 1159 1059 vinam
1175 1039 1206 1060 ac
1224 1033 1284 1068 plus
1299 1041 1381 1068 quam
1393 1034 1514 1062 humana
1529 1041 1615 1064 sorte.
1631 1037 1765 1066 Caeterum
1777 1043 1857 1067 terrae

1068 1077 1151 1113 hujus
1170 1082 1259 1106 sortes
1276 1079 1376 1106 futurae
1403 1081 1557 1109 sortitionis
1573 1082 1776 1111 ordinationem
1801 1092 1857 1120 pne

1068 1131 1098 1151 se
1111 1123 1212 1152 ferunt.
1229 1125 1326 1154 Vetera
1345 1126 1418 1154 enim
1438 1127 1564 1156 umbram
1582 1129 1739 1158 futurorum
1767 1132 1857 1160 bono-

1067 1177 1127 1197 rum
1139 1171 1293 1199 continent.
1326 1172 1466 1209 Siquidem
1489 1180 1580 1203 autem
1598 1177 1631 1204 ad
1643 1183 1764 1206 montem
1789 1178 1857 1207 Sion

1067 1216 1198 1244 accedere
1214 1218 1302 1250 licuit,
1320 1219 1354 1246 ad
1370 1220 1466 1248 urbem
1482 1221 1548 1249 item
1577 1222 1623 1250 Dei
1638 1223 1758 1252 viventis
1771 1225 1856 1254 caele-

1068 1268 1136 1290 stem
1148 1263 1299 1293 Jerusalem
1317 1266 1352 1299 ‘9,
1367 1274 1417 1294 cur
1432 1276 1488 1296 non
1506 1269 1569 1297 aliis
1587 1277 1698 1305 quoque
1726 1272 1857 1301 tribubus

223 1306 455 1341 quemadmodum
480 1308 564 1336 tribui
589 1308 733 1344 Beniamin
741 1309 895 1337 Jerusalem
915 1310 1013 1343 cessit,
1033 1308 1087 1336 loci
1103 1309 1213 1344 quidem
1227 1310 1365 1339 Bethleem
1381 1313 1454 1341 forte
1470 1319 1516 1342 aut
1530 1314 1642 1343 Hebron
1654 1337 1661 1350 ,
1692 1318 1740 1352 qui
1773 1319 1857 1347 cwle-

223 1351 307 1379 stium
334 1352 442 1381 sedium
459 1356 532 1381 terra
563 1359 768 1382 mansuetorum
782 1355 909 1383 videlicet
921 1356 1061 1393 rationem
1073 1355 1260 1390 continerent,
1275 1358 1376 1385 cessit?

260 1397 332 1433 Ὅρα
354 1398 399 1425 τὸν
420 1399 524 1434 Ἰησοῦν
553 1400 663 1436 ἐπιεικῆ
691 1409 720 1427 τε
747 1401 818 1434 λίαν,
836 1402 947 1436 καὶτῆς
965 1401 1011 1428 τοῦ

224 1442 349 1478 Σωτῆρος
362 1444 523 1479 ἐπωνυμίας
535 1445 654 1478 ἐπάξιον.
664 1447 742 1473 Μετὰ
756 1447 860 1479 πάντας
873 1448 928 1482 γὰρ
939 1447 1011 1482 λαμ·

224 1487 301 1515 σάνει
325 1489 370 1516 τὸν
400 1489 510 1526 κλῆρον,
539 1490 590 1518 οὐκ
618 1492 700 1524 αὐτὸς
724 1491 860 1528 ἑλόμενος,
876 1493 943 1520 ἀλλὰ
956 1493 1011 1520 τῶν

225 1534 292 1561 υἱῶν
313 1535 421 1570 Ἰσραὴλ
434 1536 591 1563 δεδωκότων
606 1537 690 1572 αὐτῷ.
700 1538 757 1566 Καὶ
766 1539 853 1566 ταῦτα
862 1539 953 1566 Χάλεὸ
963 1539 1009 1566 τοῦ

225 1580 274 1607 σὺν
284 1580 358 1616 αὐτῷ
375 1581 508 1613 σωθέντος
517 1582 625 1618 πρώτου
638 1583 767 1615 λαϐόντος
777 1584 824 1611 τδν
837 1584 946 1619 κλῆρον.
956 1585 1012 1611 Καὶ

224 1627 238 1653 ὁ
253 1626 406 1661 εἰσαγαγὼν
417 1627 527 1660 αὐτοὺς,
542 1628 556 1654 ὁ
574 1628 726 1663 διανείμας,
743 1631 757 1656 ὁ
777 1630 884 1666 πρῶτος
897 1631 926 1657 ὲν
942 1631 1012 1657 ἃπα-

1103 1403 1137 1428 Λι
1154 1410 1236 1436 quam
1253 1409 1414 1433 mansuetus
1428 1405 1622 1440 admodum,et
1639 1408 1795 1438 Servatoris
1804 1417 1855 1438 no-

1066 1446 1141 1474 mine
1154 1455 1236 1481 quam
1251 1447 1352 1483 dignus
1369 1449 1405 1476 sit
1419 1451 1494 1484 vide;
1520 1455 1582 1487 post
1601 1461 1696 1481 omnes
1707 1455 1779 1482 enim
1796 1463 1856 1482 sor-

1068 1495 1120 1519 tem
1134 1500 1211 1520 suam
1241 1494 1352 1528 accipit,
1378 1502 1460 1530 quam
1493 1504 1544 1524 nec
1573 1497 1632 1532 ipse
1646 1498 1757 1533 quidem
1771 1499 1854 1535 595

1065 1537 1227 1570 vindicavit,
1256 1547 1353 1566 verum
1368 1539 1415 1567 filii
1445 1541 1530 1569 Israel
1546 1542 1572 1570 ei
1599 1543 1764 1572 tribuerunt.
1780 1545 1855 1572 Prae-

1067 1584 1162 1611 sertim
1178 1591 1242 1611 vero
1253 1591 1314 1612 cum
1327 1584 1412 1613 Caleb
1427 1585 1488 1621 ipso
1500 1594 1562 1614 cum
1581 1591 1708 1618 servatus
1719 1589 1854 1624 imprimis

1067 1634 1169 1657 sortem
1196 1637 1274 1657 suam
1306 1632 1454 1666 acceperit.
1485 1632 1510 1660 Is
1531 1637 1623 1661 autetn
1636 1634 1683 1669 qui
1706 1641 1755 1663 eos
1770 1635 1854 1663 intro-

225 1680 277 1706 σιν,
295 1671 408 1707 ἔσχατος
422 1672 558 1708 λαμϐάνει
571 1682 577 1688 ’
596 1673 639 1700 ἵνα
661 1674 746 1706 ὅντως
761 1676 873 1710 γένηται
893 1676 1012 1711 πρῶτος.

1066 1676 1157 1710 duxit,
1183 1677 1230 1711 qui
1257 1677 1409 1711 distribuit,
1439 1679 1564 1707 omnium
1588 1680 1706 1716 denique
1724 1682 1853 1718 princeps

225 1717 352 1744 Τοιοῦτον
364 1718 404 1750 τὸ,
421 1727 430 1744 ι
449 1719 584 1746 Ταπείνου
606 1720 718 1748 σεαυτὸν
727 1720 817 1748 ἔναντι
834 1721 948 1757 Κυρίου,
966 1722 1013 1749 καὶ

225 1765 352 1800 εὑρήσεις
366 1765 455 1801 χάριν.
476 1775 486 1791 ι
502 1767 557 1794 Καὶ
567 1766 607 1800 τὸ,
630 1777 638 1793 ι
662 1767 827 1804 Ἦγούμενόν
842 1777 871 1795 σε
887 1770 1014 1806 κατέστη-

226 1820 286 1842 σαν,
300 1811 338 1847 μὴ
350 1812 474 1848 ἑπαίρου.
490 1813 569 1840 Γίνου
582 1814 611 1840 ὲν
626 1814 729 1848 αὐτοῖς,
742 1815 779 1846 ὡς
792 1814 832 1847 εἷς
842 1815 872 1848 ἐξ
885 1816 987 1843 αὐτῶν.
1003 1826 1011 1842 ι

225 1855 323 1884 Λαϐὼν
350 1856 378 1884 δὲ
409 1858 517 1893 μερίδα,
537 1860 673 1896 οἰκοδομεῖ
691 1861 738 1888 τὸν
753 1861 846 1892 τόπον,
864 1861 893 1887 ὃν
907 1861 1013 1897 εἴληφε,

226 1902 337 1937 κοσμῶν
348 1903 441 1936 αὑτὸν,
452 1904 491 1936 ὡς
507 1904 539 1932 ἂν
553 1907 679 1941 ποιήσειε
700 1907 801 1942 κλῆρον
817 1907 892 1939 ἄξιον
908 1908 1014 1943 μερίδος

225 1948 305 1976 Θεοῦ.
321 1949 378 1976 Καὶ
392 1950 446 1982 πᾶς
456 1950 485 1977 δὲ
499 1952 513 1978 ὁ
527 1951 630 1987 ἀληθὴς
646 1951 710 1984 λαὸς
734 1952 827 1979 δίδωσι
844 1953 883 1988 τῷ
896 1953 1015 1988 ἀληζινῷ

232 1994 320 2030 Ἰησοῦ
336 1995 418 2023 τόπον
430 1997 564 2032 οἰκήσεως
575 1997 634 2033 ἅμα.
648 1998 734 2033 αὐτῷ.
758 1999 805 2025 ’ον
822 1998 923 2032 λαϐὼν,
940 2000 1014 2026 οίκο-

225 2038 305 2074 δομεῖ
327 2041 374 2067 καὶ
398 2042 513 2076 κοσμεῖ,
540 2041 684 2077 κρείττονα
707 2041 794 2069 ποιῶν
816 2043 832 2078 ἢ
861 2043 1016 2079 παρέλαϐεν

226 2085 340 2112 ἕκαστον
352 2086 435 2113 αὐτοῦ
451 2087 533 2113 τόπον
546 2087 703 2123 γενόμενον.

262 2216 317 2244 Καὶ
343 2217 359 2243 ὁ
384 2217 557 2252 Ἀμορῤαῖος
587 2221 728 2254 ὑπέμεινε
752 2223 806 2249 τοῦ
818 2225 1016 2252 κατοικεῗνέν

225 2261 328 2296 Αίλὼμ
341 2262 408 2297 (45),
421 2263 470 2290 καὶ
485 2264 520 2291 ἐν
533 2265 668 2300 Σαλαμῖν’
680 2273 688 2281 ο
703 2266 752 2293 καί
761 2267 908 2302 ἐϐαρύνθη
923 2270 941 2304 ἡ
951 2269 1015 2304 χεὶρ

226 2307 279 2335 τοῦ
294 2308 419 2343 Ἐφρατμ
435 2309 481 2336 ἐπ’
499 2311 620 2344 αὐτούς.

267 2353 431 2388 ’Λμορραῖος
460 2354 643 2390 ἑρμηνεύεται
661 2359 679 2385 ό
705 2359 847 2393 λαλητὸς,
865 2360 882 2395 ἢ
911 2361 928 2387 ὁ
947 2369 1014 2387 πικ-
1031 2344 1053 2371 D

222 2398 346 2432 ραίνων.
378 2399 462 2434 Δῆλον
483 2401 529 2433 δὲ,
559 2403 597 2434 ὡς
628 2405 654 2430 οἱ
684 2405 793 2437 πλείους
823 2405 877 2432 τῶν
906 2406 1014 2443 ἀνθρώ-

226 2451 284 2470 πων
310 2443 422 2471 λαλοῦσι
450 2447 515 2482 περὶ
552 2449 681 2485 χειρόνων
704 2451 857 2486 δυνάμεων,
884 2452 962 2480 οὐδὲν
985 2453 1015 2480 δὲ

225 2489 290 2524 περὶ
313 2489 392 2517 Θεοῦ.
419 2491 523 2525 Οῖτινες
539 2494 586 2525 καὶ
614 2496 806 2531 πικραίνουσι’
831 2497 856 2524 οἳ
869 2499 916 2524 καὶ
946 2499 1014 2524 ὐπο-

227 2535 352 2569 μένουσιν
387 2537 471 2564 οἰκεῖν
502 2540 531 2565 ἐν
559 2541 616 2572 τοῖς
651 2542 848 2578 κεκριωμένοις
875 2543 929 2579 (46)
954 2544 1014 2571 ἐθέ-

225 2579 332 2612 λοντες·
354 2581 368 2607 ὃ
381 2581 456 2617 δηλοῖ
482 2584 513 2610 τὺ
531 2585 638 2620 Ἐλώμ-
656 2588 703 2613 καὶ
717 2588 745 2614 ἐν
768 2589 824 2620 τοῖς
846 2589 991 2625 εἰρηνικοῖς
1005 2599 1011 2606 ·

1065 1726 1207 1757 postremo
1231 1723 1361 1759 accipiat.
1389 1723 1449 1757 Quo
1479 1725 1608 1753 videlicet
1624 1728 1853 1755 reveraomnium

1066 1768 1171 1804 primus
1197 1770 1284 1798 ﬁeret.
1316 1771 1377 1798 Non
1410 1771 1482 1799 enim
1511 1776 1616 1800 temere
1642 1774 1852 1809 pronuntiatum

1065 1820 1128 1842 est:
1146 1824 1156 1840 ι
1181 1815 1320 1844 Submitte
1332 1811 1357 1844 te
1371 1825 1465 1845 curam
1481 1817 1608 1850 Domino,
1624 1822 1652 1846 et
1676 1819 1853 1855 comparabis

1065 1860 1182 1895 g’ratiam
1200 1861 1234 1888 ιι.
1255 1871 1264 1886 ι
1281 1862 1350 1889 Illud
1367 1863 1432 1890 item
1451 1872 1458 1890 :
1483 1872 1493 1889 ι
1524 1863 1624 1891 Ducem
1648 1868 1674 1892 te
1699 1866 1854 1892 constitue-

1065 1910 1142 1938 runt,
1160 1914 1193 1934 ne
1202 1906 1343 1935 ell'eraris:
1360 1908 1454 1942 igitur.
1468 1916 1534 1944 gere
1543 1913 1568 1937 te
1581 1909 1653 1937 inter
1662 1917 1710 1938 eos
1723 1914 1852 1946 tanquam

1067 1950 1114 1977 uni
1130 1957 1222 1978 eorum
1234 1952 1351 1979 similem
1369 1953 1403 1979 δ’.
1424 1962 1434 1978 ›
1448 1952 1556 1981 Partem
1570 1961 1651 1989 perro
1665 1962 1744 1983 suam
1754 1959 1853 1983 nactus

1066 1995 1190 2024 aediliciis
1219 1996 1309 2024 locum
1340 2005 1421 2032 quem
1451 1999 1565 2028 sortitus
1592 2003 1634 2027 est
1651 2001 1771 2033 ornavit,
1799 2009 1854 2035 quo

1066 2045 1170 2070 sortem
1186 2041 1280 2071 divina
1296 2044 1426 2077 portione
1446 2044 1557 2079 dignam
1580 2045 1709 2073 ediceret.
1726 2046 1798 2078 Quin
1825 2050 1854 2074 et

1066 2087 1156 2115 omnis
1167 2095 1250 2116 verus
1269 2089 1390 2124 populus
1405 2097 1470 2117 vero
1480 2089 1563 2118 Josue
1588 2090 1679 2118 locum
1710 2091 1852 2120 habitandi

1066 2140 1160 2160 secum
1186 2133 1322 2161 concedit.
1344 2133 1430 2167 Quem
1457 2135 1503 2162 ubi
1522 2136 1640 2170 accepit,
1665 2135 1795 2170 aediﬁcat,
1827 2141 1855 2164 et

1066 2183 1192 2211 exornat,
1209 2178 1406 2217 melioremque
1423 2180 1521 2208 reddit.

1103 2223 1137 2250 Et
1152 2224 1324 2252 Amorr/tazus
1341 2226 1467 2253 sustinuit
1492 2227 1612 2255 habitare
1625 2229 1662 2255 .t‘n
1674 2229 1763 2263 Elom,
1781 2235 1807 2258 et
1827 2231 1854 2258 iit

1067 2268 1200 2301 Salamin,
1213 2275 1239 2297 et
1253 2276 1398 2306 aggravata
1419 2277 1457 2300 est
1491 2281 1584 2301 manus
1616 2274 1745 2309 Epitraim
1775 2284 1855 2311 super

1069 2323 1113 2341 eos
1129 2314 1201 2350 [XX
1221 2315 1278 2351 47].

1102 2362 1279 2391 Amorrhmus
1297 2369 1377 2391 sonat
1393 2365 1500 2400 loquax,
1514 2371 1561 2394 aut
1587 2366 1719 2394 irritatur.
1740 2367 1856 2395 Constat

1068 2416 1133 2436 vero
1148 2410 1242 2443 plures
1257 2409 1399 2438 hominum
1431 2411 1465 2438 de
1480 2411 1657 2438 tenebrarum
1683 2413 1855 2449 principibus

1069 2453 1152 2481 verba
1166 2461 1248 2489 quam
1264 2454 1298 2482 de
1317 2454 1373 2482 Deo
1398 2455 1502 2484 facere.
1518 2456 1571 2489 Qui
1582 2457 1693 2492 quidem
1704 2466 1765 2485 eum
1792 2459 1855 2487 irri-

1068 2503 1127 2526 tare
1147 2499 1248 2527 audent
1271 2500 1364 2528 etiam.
1390 2500 1442 2533 Qui
1456 2502 1538 2528 etiam
1568 2502 1693 2531 habitare
1707 2504 1803 2531 volunt
1827 2505 1854 2532 in

1069 2545 1136 2572 locis
1147 2545 1282 2578 arietatis,
1303 2546 1374 2580 quod
1391 2545 1467 2574 Elom
1482 2547 1621 2582 signiﬁcat
1637 2548 1706 2583 (/47).
1722 2549 1753 2576 Et
1763 2550 1790 2577 in
1806 2558 1855 2585 pa-

1068 2590 1138 2618 catis
1161 2591 1234 2625 quod
1250 2591 1389 2626 signiﬁcat
1418 2591 1519 2624 Salem,
1533 2601 1594 2620 cum
1618 2603 1664 2628 per
1680 2595 1855 2624 Antorrhaeos

261 2668 399 2713 “ila‘phcs.
415 2678 434 2701 ι,
446 2671 489 2705 Η,
511 2671 554 2698 12.
595 2673 616 2688 ³⁸
628 2673 733 2703 Coloss.
752 2683 772 2706 ι,
796 2675 838 2702 l2.
877 2676 899 2691 ³ο
915 2677 992 2703 Deut.
1008 2684 1016 2703 ι

1066 2685 1094 2708 ιι,
1112 2677 1138 2704 8.
1178 2678 1200 2692 ιο
1222 2677 1303 2704 llehr.
1327 2686 1375 2708 xu,
1390 2679 1434 2706 9.2.
1474 2680 1495 2694 “
1513 2679 1598 2707 Eccli.
1617 2689 1658 2713 Ill,
1680 2683 1722 2710 18.
1764 2684 1784 2700 δ’
1803 2683 1855 2711 Ec-

224 2704 270 2732 cli.
291 2712 354 2736 xxv,
376 2705 401 2731 I.

975 2752 1092 2781 ΝΟΤΑΞ.

259 2798 314 2833 (όῦι)
336 2798 435 2834 Ἑλώμ.
452 2800 484 2826 Αἱ
499 2799 560 2825 αὐτ.
577 2798 623 2826 καὶ
647 2799 660 2825 ὁ
685 2799 805 2833 Προκόπ.
833 2800 862 2827 ὲν
883 2800 921 2835 τῷ
943 2801 1009 2827 ὐπο-

224 2835 312 2868 μνήμ-
719 2867 731 2874 ,

258 2870 314 2904 (ιο)
331 2869 384 2896 Ἴον.
398 2869 601 2906 κεκριγμένοις,
617 2869 671 2896 ἀπὸ
685 2877 731 2895 του
754 2869 852 2903 κρίζω.

1174 2801 1294 2847 βιτμνειῑε
1308 2805 1438 2846 nimirum
1459 2807 1600 2847 aediliciis_
1609 2817 1682 2847 cumq
1699 2811 1851 2847 insignibus

1063 2836 1210 2877 columnis.
1227 2839 1317 2874 Κριὸμ
1333 2842 1406 2868 enim
1421 2843 1563 2872 architecti
1575 2836 1851 2877 είλῆἧὶιιίὲέἕόιῦὶὲὲῑ

1062 2879 1103 2898 na:
1118 2876 1225 2904 partem
1241 2879 1349 2903 νοιδιιηι,
