2086 3160
231 171 294 204 1041

768 179 1035 210 COMMENTARII
1059 179 1100 210 IN
1120 180 1285 212 JUDICES.

1791 183 1860 216 1042

236 223 323 263 Ἰησοῦ
340 231 561 266 στρατευόμενοι,
581 233 628 260 καὶ
649 232 829 268 συγκάμωσιν
843 234 910 269 ἡμῖν
925 234 950 260 οι
965 233 1017 260 ὑπὸ

1077 233 1271 262 Jromissiones
1281 233 1366 270 496
1393 235 1609 270 perceperimus,
1627 236 1773 264 nobiscum
1795 246 1859 266 vero

229 274 369 307 Μωῦσέως
385 275 512 309 λαὸόντες
521 278 571 313 τὴν
582 278 776 314 κληρονομίαν,
788 278 865 305 οῠπω
882 279 910 306 δὲ
924 287 1017 306 κατοι-

228 320 363 355 κήσαντες
382 322 411 348 ὲν
424 323 503 358 αὐτῇ,
534 323 698 352 ἀπολύονται
722 325 839 357 ἕκαστος
859 325 899 355 εἰς
915 325 950 352 τὰ
965 325 1018 352 ῑδια

185 395 188 411 λ
232 367 301 401 μετὰ
310 367 364 394 τῶν
375 368 460 395 τελῶν
487 369 542 395 τῶν
558 369 611 396 ὑπὸ
631 370 718 406 Ἰησοῦ
744 371 904 406 δεδομένων,
919 371 958 403 ὡς
984 371 1018 398 ἂν

230 412 346 481 ἒκέιὲτος
362 415 512 451 κατοικήσῃ
520 415 548 441 ἐν
561 416 669 452 εἰρήνῃ,
679 417 779 448 παντὸς
791 417 910 452 πολέμου
925 416 1019 444 καθαι-

233 462 263 481 ne
297 464 368 481 vroc.

233 462 368 490 ρευεντος.

266 497 348 529 Οὗτοι
362 503 392 530 δὲ
407 503 456 530 καὶ
473 504 560 540 μέγαν
575 505 748 541 οἰκοδομοῦσι
772 505 874 542 βωμὸν,
888 507 936 534 καὶ
949 507 1018 534 ἀπό-

232 555 328 574 στασιν
341 548 521 585 ἐγκληθέντες
537 551 743 586 ἀπολογοῦνται,
757 551 794 584 ὠς
818 552 849 579 τὸ
874 552 1020 589 θυσιαστή-

233 592 291 626 ριόν
305 593 379 620 ἐστιν
391 594 458 621 ὅπου
477 596 582 632 Ἰησοῦς
598 596 688 632 ἄρχει.
699 597 818 624 Ἐκείνου
838 598 867 625 δὲ
881 597 961 625 τοῦτο
977 598 1020 634 μί-

234 637 313 672 μημά
328 646 357 664 τε
376 639 423 665 καὶ
437 639 580 674 σύμϐολον.
590 641 634 673 Ὠς
648 641 682 669 ἃν
695 642 733 677 μὴ
747 643 813 674 τοὺς
826 642 905 675 ἐκτὸς
921 643 1021 679 Ἰορδά-

232 691 277 709 νου
293 683 385 716 ξένους
404 685 473 720 μετὰ
485 686 580 722 χρόνον
596 687 622 714 οἱ
639 687 714 719 ἐντὸς
727 686 798 715 εἶναι
812 688 954 724 νομίσωσι,
967 699 1021 717 κω-

232 727 342 760 λύοντες
364 729 464 763 αὒτοὺς
486 731 536 766 τῆς
559 731 606 758 τοῦ
631 732 707 768 ίεροῦ
735 735 863 769 μετοχῆς.
887 734 969 770 Δηλοϊ
993 735 1021 762 δὲ

232 774 329 806 ταῦτα,
345 774 384 806 ὡς
400 776 415 801 6
429 775 494 809 λαὸς
508 777 557 812 τῆς
572 779 725 813 περιτομῆς
738 779 753 805 6
770 780 916 815 πρότερος,
926 780 952 806 οἱ
968 781 1022 807 υἱοὶ

238 818 345 846 Ῥουόὶν
358 820 405 847 τοῦ
423 822 612 857 πρωτοτόκου,
626 824 653 850 οι
679 824 732 851 υἱοὶ
747 824 801 851 Γὰδ
817 824 898 852 ἄλλου
913 833 1021 860 πρωτο-

231 864 324 898 τόκου,
345 866 369 892 οι
395 866 450 893 υἱοὶ
472 867 607 903 Μανασσῆ
633 869 714 897 ἄλλου
742 871 928 905 πρωτοτόκου,
950 871 1022 898 κατά

232 910 328 945 χρόνον
351 911 483 946 δηλονότι,
500 914 608 941 ποιοῦσι
636 914 728 951 βωμὸν
753 917 784 942 οὐ
807 916 854 943 τὸν
879 916 1019 951 ἀληθινὸν,
1037 912 1057 940 Β

231 956 300 983 ἁλλὰ
314 957 447 993 σύμϐολον
456 968 463 974 ·
477 959 521 986 ἵνα
536 960 573 995 μὴ
586 960 719 997 διέλωμεν
730 961 827 994 αὐτοὺς
838 963 886 989 ἀπ’
895 962 1020 991 ἐκείνων.

239 1003 361 1038 ’Δδελφοὶ
377 1005 431 1041 γὰρ
447 1006 525 1040 ἡμῶν
540 1007 567 1032 οἱ
582 1007 636 1042 πρὸ
650 1007 701 1042 τῆς
719 1008 869 1043 παρουσίας
888 1009 1021 1042 Ἰουδαῖοι,

233 1049 323 1075 καὶτὸ
335 1050 461 1085 ἀληθινὸν
479 1053 628 1088 μυστήριον
645 1053 744 1088 ᾔδεσαν
767 1054 805 1085 ὡς
830 1054 880 1081 οὐκ
902 1054 1021 1089 ἔχουσιν.

239 1094 310 1121 Ἀλλ’
324 1095 352 1121 αἱ
376 1095 491 1123 παλαιαὶ
506 1096 599 1124 θυσίαι
614 1098 669 1125 τῶν
690 1098 826 1134 ἀληθινῶν
839 1099 925 1131 τύπος
947 1100 1025 1134 ἐτύγ-

233 1149 325 1176 χανον,
342 1141 409 1168 ὅπου
424 1139 458 1177 ἦν
474 1143 590 1178 Ἰησοῦς.
599 1143 763 1179 Ἀμφότεροι
785 1145 877 1172 τοίνυν
890 1145 1024 1180 γινόμεθα

236 1190 286 1224 μία
299 1190 414 1226 ποίμνη,
423 1188 464 1223 εἷς
477 1192 594 1227 ποιμήν.
603 1192 648 1223 Ὠς
659 1192 714 1228 γὰρ
724 1193 809 1219 πάλαι
826 1193 999 1227 ἀπέθνησκεν
1011 1194 1025 1220 6

235 1235 309 1268 λαὸς,
324 1236 371 1263 κα)⁵
395 1234 478 1272 ἦλθεν
496 1237 613 1273 Ἀαρὼν,
629 1238 677 1264 καὶ
702 1238 770 1273 ἔστη
789 1238 890 1274 μεταξὺ
907 1238 963 1265 τῶν
979 1247 1025 1265 τε-

235 1282 374 1317 θνηκότων
389 1282 437 1309 καὶ
450 1282 505 1310 τῶν
520 1282 629 1315 ζώντων
641 1303 648 1316 ,
665 1284 712 1311 καὶ
727 1284 782 1312 ἀπὸ
795 1284 851 1311 τῶν
865 1283 967 1312 λοιπῶν
980 1284 1025 1310 τὸν

235 1328 348 1355 θάνατον
362 1328 494 1365 ἔστησεν
510 1329 598 1362 οὕτως
617 1330 631 1356 ὁ
653 1330 780 1366 ἀληθινὸς
803 1331 950 1366 ἀρχιερεὺς
975 1339 1025 1367 με-

234 1372 301 1406 ταξὺ
315 1374 370 1401 τῶν
383 1375 554 1410 τεθνηκότων
570 1376 615 1402 καὶ
629 1375 684 1403 τῶν
699 1376 809 1408 ζώντων
822 1376 877 1404 τῶν
894 1385 924 1403 τε
943 1377 1026 1412 μέχρι

235 1420 284 1455 τῆς
299 1421 452 1456 παρουσίας
466 1422 512 1448 τὸν
529 1422 694 1456 Ἰουδαϊσμὸν
706 1423 909 1458 τετηρηκότων,
919 1423 967 1449 xui.
981 1422 1027 1449 τὸν

236 1465 317 1493 αὑτὸν
331 1466 370 1502 μὴ
386 1466 558 1502 δεξαμένων,
574 1468 623 1494 καὶ
636 1468 750 1500 ἑαυτοὺς
767 1468 867 1506 μᾶλλον
880 1468 896 1504 ἢ
914 1469 960 1496 τὸν
974 1467 1027 1503 Ἰη-

238 1512 301 1539 σοῦν
326 1514 533 1548 νεκρωσάντων,
548 1514 582 1541 δι’
592 1512 630 1542 ὦν
645 1515 689 1549 ἐφ’
703 1515 819 1547 ἑαυτοὺς
840 1515 870 1542 τὸ
892 1512 962 1550 αἷμα
980 1514 1027 1550 φέ-

238 1567 295 1607 ρειν
320 1559 475 1607 ἐτόλμησαν
493 1560 591 1607 Ἰησοῦ.
616 1560 663 1587 Διὸ
683 1561 731 1587 καὶ
754 1561 808 1587 πᾶν
832 1557 902 1595 αἷμα
924 1560 1028 1587 δίκαιον
1041 1577 1064 1607 c

236 1603 356 1638 ἔφθασεν
384 1605 428 1631 ἐπ’
440 1605 550 1638 αὐτούς.
564 1606 676 1640 Μεταξὺ
699 1606 790 1633 τοίνυν
813 1605 898 1633 ἐλθὼν
911 1605 1026 1640 ἔστησεν

235 1649 284 1684 ἀφ’
297 1650 375 1685 ημῶν
391 1649 440 1686 τὴν
455 1651 502 1678 τοῦ
520 1651 636 1678 θανάτου
654 1652 749 1688 νομὴν,
764 1651 818 1679 τῶν
832 1651 937 1687 νεκρῶν
960 1652 1026 1678 ’1ου-

235 1695 319 1723 δαίων
335 1697 419 1732 μηδὲν
438 1697 480 1724 ἔτι
495 1697 645 1725 ποιούντων
660 1698 788 1734 ἀληθινὸν
802 1698 857 1725 τῶν
874 1698 926 1725 ὑπὸ
942 1698 1025 1733 νόμου

235 1741 420 1778 διῃρημένων.
439 1744 508 1779 Παρ’
520 1745 586 1780 ἡμῖν
600 1745 655 1780 γὰρ
668 1746 682 1772 ό
695 1745 822 1780 ἀληθινὸς
833 1745 896 1776 ναὸς
909 1745 923 1771 6
937 1745 969 1771 ὲκ
983 1744 1025 1771 λί-

237 1786 291 1814 θων
307 1787 428 1822 ζώντων,
441 1789 490 1816 καὶ
507 1788 611 1826 Ἰησοῦς
623 1790 638 1816 6
651 1789 789 1825 ἀληθινός.

237 1910 1464 1929 Wv

503 1990 1059 2056 COMMENTARII
1115 1989 1193 2051 IN
1246 1988 1596 2053 JUDICES.

274 2165 336 2196 Τοῖς
352 2163 480 2198 ἀγνοοῦσι
495 2163 544 2190 τοῦ
560 2163 694 2199 παρόντος
711 2162 815 2198 βιϐλίου
834 2164 884 2199 τὴν
901 2163 1026 2199 δύναμιν,

241 2210 288 2237 καὶ
313 2210 354 2236 ὅτι
375 2210 452 2236 πᾶσα
474 2209 571 2245 Γραφὴ
596 2209 776 2241 θεόπνευστος
804 2209 852 2236 καὶ
879 2209 1028 2245 ὠφέλιμος,

241 2256 371 2290 ἀνόνητον
393 2253 463 2282 εἶναι
486 2255 570 2287 δοκεῖ,
586 2255 721 2290 πολέμους
743 2255 792 2282 καὶ
817 2255 906 2291 μάχας
932 2255 970 2287 ὡς
994 2256 1029 2283 τὰ

243 2300 329 2328 πολλὰ
341 2300 530 2336 διηγούμενον.
544 2300 582 2327 οὐ
605 2300 660 2336 γὰρ
680 2301 839 2334 σκοποῦσιν,
853 2301 891 2333 ὡς
905 2301 1028 2334 τυπικῶς

245 2346 295 2382 μὲν
318 2346 433 2378 ἐκείνοις
463 2346 562 2381 συνέϐη
576 2367 584 2380 ,
607 2346 715 2384 ἐγράφη
739 2347 768 2373 δὲ
793 2347 862 2381 πρὸς
889 2347 1030 2374 νουθεσίαν
1046 2336 1068 2364 D

245 2393 334 2429 ἡμῶν,
352 2394 399 2420 καὶ
413 2392 473 2422 κατ’
487 2392 553 2419 αὐτὸ
571 2393 602 2419 τὸ
618 2392 699 2428 ῥητὸν
713 2392 853 2427 ὠφελῆσαι
875 2392 935 2420 λίαν
949 2393 1031 2420 δυνά-

248 2445 342 2474 μενον⁸
357 2438 421 2466 ὅταν
436 2439 544 2474 ὁρῶμεν
557 2439 620 2466 ὅσον
636 2438 749 2466 δύναται
762 2438 829 2466 Θεοῦ
843 2439 971 2475 λατρεία,
985 2440 1033 2467 καὶ

245 2484 328 2510 πάλιν
348 2484 509 2515 ἀπόστασις.
542 2484 599 2512 Καὶ
619 2484 657 2517 ὡς
682 2485 699 2519 ἡ
727 2485 794 2520 μὲν,
819 2484 945 2520 καθαιρεί
969 2486 1031 2518 τοὺς

244 2529 370 2564 ἐχθροὺς,
384 2530 436 2556 κᾶν
457 2529 628 2557 ἀπέλθωσιν·
644 2531 661 2566 ἡ
674 2530 719 2564 δὲ,
735 2530 842 2562 τούτοις
857 2531 1030 2566 ὑποχειρίους

241 2575 398 2611 ἐργάζεται.
421 2575 574 2611 Τοιγαροῦν
600 2577 615 2603 6
641 2576 713 2608 θεῖος
739 2576 845 2608 Παῦλος
869 2577 902 2603 ὲκ
926 2576 1030 2604 τούτων

240 2622 355 2648 πλεῖστα
370 2621 504 2657 λαμῦάνει
519 2621 555 2649 τὰ
569 2621 791 2657 παραδείγματα,
809 2623 939 2658 γράφων·
967 2623 1030 2650 ἐπι-

239 2667 329 2702 λείψει
343 2668 398 2702 γάρ
425 2675 460 2702 με
473 2667 653 2703 διηγούμενον
677 2669 691 2694 6
713 2668 808 2703 χρόνος
831 2668 895 2704 περὶ
915 2667 1028 2701 Γεδεὼν,

241 2714 336 2748 Βαράκ
351 2722 379 2740 τε
394 2713 442 2741 καὶ
456 2713 576 2749 Σαμψὼν
586 2733 594 2746 ,
609 2714 657 2740 καὶ
675 2713 779 2748 Ἰεφθάε
789 2723 796 2729 ·
813 2714 838 2741 οἶ
853 2715 896 2742 διὰ
912 2715 1031 2747 πίστεως

242 2759 465 2794 κατηγωνίσαντο
479 2759 630 2795 βασιλείας,
648 2760 695 2786 καὶ
714 2759 747 2787 τὰ
765 2759 839 2796 ἑξῆς.

302 2905 324 2920 ⁸³
336 2903 419 2932 llcbr.
437 2912 474 2938 rt,
503 2903 547 2932 ὄρ.

1068 279 1152 308 Mosis
1166 280 1270 308 subditi
1285 281 1485 314 laboraverint,
1495 285 1608 317 accepta
1623 282 1782 311 haereditate
1790 292 1860 312 tton-

1069 325 1135 352 dum
1153 330 1245 354 autem
1259 331 1404 361 occupata,
1416 327 1450 354 ad
1469 328 1548 355 sedes
1561 328 1746 364 sempiternas
1758 329 1859 365 singuli

1069 377 1132 398 eum
1149 371 1229 400 bonis
1245 380 1260 398 ιι
1275 370 1360 399 Josue
1375 371 1448 400 datis
1479 372 1666 407 dimittuntur,
1682 378 1712 402 ut
1740 375 1860 410 quiSque

1070 416 1145 444 omni
1155 415 1229 445 bello
1242 417 1352 445 sublato
1378 425 1426 446 seu
1439 424 1553 453 peracto
1568 419 1596 446 in
1612 426 1680 454 pace
1694 420 1786 454 degat.

1105 506 1244 534 Caeterum
1267 505 1308 533 illi
1325 512 1436 540 quoque
1455 512 1584 540 magnam
1607 513 1683 533 aram
1699 510 1859 539 exstruunt,

1071 551 1289 586 defectionisque
1306 551 1439 586 probrum
1455 559 1517 578 cum
1538 551 1594 579 illis
1611 551 1753 586 objectum
1769 558 1858 586 esset,

1070 601 1157 628 altare
1177 598 1244 626 illud
1278 598 1308 625 in
1334 597 1442 625 ditione
1476 596 1561 625 Josue
1587 604 1649 625 esse
1680 598 1859 632 respondent.

1072 645 1111 673 Ac
1126 644 1202 672 illius
1223 643 1336 679 quidem
1356 642 1408 670 ltoe
1429 649 1490 670 esse
1514 643 1658 678 exemplar
1681 650 1714 670 ac
1739 643 1860 678 signum,

1073 698 1107 718 ne
1120 689 1248 718 videlicet
1271 692 1395 717 vertente
1425 692 1549 723 tempore
1576 689 1704 716 homines
1724 689 1772 724 qtti
1788 689 1862 717 intra

1071 737 1221 765 Jordanem
1247 739 1323 767 sunt,
1341 742 1390 762 eos
1409 734 1456 769 qui
1481 738 1558 762 extra
1583 738 1649 762 sunt
1670 742 1720 769 pro
1736 735 1862 770 peregri—

1074 783 1117 811 nis
1143 785 1282 818 reputent,
1307 784 1335 809 et
1357 788 1373 808 a
1394 780 1470 808 cultu
1494 787 1575 808 sacro
1597 788 1645 808 eos
1668 784 1791 808 arceant.
1814 779 1862 808 llis

1075 835 1139 856 vero
1156 827 1297 854 indicatur
1316 826 1389 861 quod
1410 825 1529 861 populus
1542 825 1771 853 circumcisionis
1786 825 1862 859 prior

1075 873 1122 900 lilii
1145 871 1271 899 Manasse
1288 871 1360 898 alius
1382 870 1561 906 primogeniti
1575 878 1627 898 suo
1643 874 1769 905 tetupore
1785 878 1861 897 aram

1073 917 1200 945 videlicet
1226 919 1386 948 exstruunt,
1415 923 1471 943 tton
1495 915 1608 950 quidem
1626 923 1721 943 veram
1738 916 1786 943 sed
1801 924 1861 943 utn-

1073 963 1209 996 bratilem,
1227 970 1261 990 ne
1275 969 1324 990 eos
1340 962 1375 990 ab
1391 962 1447 990 illis
1468 969 1641 997 separemus.
1660 961 1773 989 Fratres
1786 962 1861 989 enim

1073 1009 1162 1037 nostri
1193 1009 1240 1044 qui
1272 1012 1338 1035 ante
1364 1008 1513 1035 adventum
1551 1007 1660 1035 Domini
1692 1007 1862 1034 exstiterunt

1072 1054 1171 1088 Judaai,
1190 1061 1223 1082 ac
1239 1061 1335 1082 verum
1352 1053 1516 1089 mysterium
1528 1053 1652 1080 venerati
1669 1057 1745 1085 sunt,
1761 1060 1862 1088 quant-

1074 1098 1117 1127 vis
1138 1106 1193 1126 non
1211 1097 1388 1130 habuissent,
1408 1101 1516 1125 veteres
1541 1104 1609 1124 vero
1623 1097 1742 1124 victimm
1759 1097 1862 1123 verita-

1075 1145 1111 1171 tis
1124 1145 1210 1179 ligura
1225 1143 1348 1177 fuerunt,
1371 1150 1434 1179 quae
1453 1151 1550 1170 verum
1569 1142 1654 1170 Josue
1677 1145 1862 1177 repraesenta-

1075 1195 1151 1218 runt.
1175 1190 1265 1217 Ambo
1288 1190 1384 1224 itaque
1408 1197 1480 1217 unus
1506 1188 1636 1223 idemque
1660 1195 1726 1223 grex
1753 1195 1861 1220 sumus,

1075 1236 1204 1270 idemque
1221 1240 1325 1270 pastor.
1343 1234 1585 1268 Quemadmodum
1598 1235 1673 1262 enim
1693 1234 1758 1261 olitn
1775 1241 1863 1261 oecu-

1075 1283 1137 1310 buit
1159 1281 1289 1318 populus,
1310 1281 1488 1316 accessitque
1511 1281 1604 1308 Aaron
1630 1285 1658 1308 et
1687 1288 1718 1308 se
1741 1280 1864 1308 medium

1076 1328 1150 1356 inter
1176 1332 1302 1356 mortuos
1331 1335 1363 1355 ac
1386 1327 1465 1356 vivos
1492 1327 1602 1361 statuit,
1637 1331 1664 1354 et
1697 1335 1713 1354 a
1749 1326 1863 1361 reliquis

1077 1379 1193 1402 mortent
1221 1374 1348 1409 depulit:
1378 1374 1415 1401 ita
1438 1381 1521 1402 verus
1544 1373 1669 1409 pontifex
1695 1374 1768 1401 inter
1789 1380 1865 1401 mor-

1078 1426 1139 1449 tuos
1155 1429 1188 1449 ac
1202 1421 1289 1454 vivos,
1312 1421 1387 1449 inter
1407 1428 1456 1449 eos
1477 1420 1524 1456 qui
1546 1420 1581 1448 ad
1606 1420 1756 1448 adventum
1776 1420 1865 1454 ipsius

1078 1475 1165 1503 usque
1180 1467 1356 1495 Judaismum
1376 1471 1589 1499 conservarunt,
1614 1474 1720 1502 eOSque
1735 1466 1782 1502 qui
1800 1474 1863 1494 eum

1078 1521 1132 1542 non
1149 1518 1324 1549 receperunt,
1341 1521 1427 1549 seque
1452 1514 1527 1548 ipsos
1545 1521 1628 1548 quant
1644 1512 1741 1540 Jesum
1763 1520 1866 1540 necare

1080 1561 1251 1593 maluerunt,
1265 1567 1298 1588 eo
1312 1561 1386 1595 quod
1407 1560 1573 1596 sanguinem
1593 1559 1660 1587 Jesu
1677 1560 1704 1587 in
1723 1567 1753 1587 sc
1771 1563 1865 1586 trans-

1080 1605 1153 1634 ferre
1173 1605 1234 1633 ausi
1253 1611 1329 1638 surtt,
1348 1605 1376 1632 in
1398 1612 1467 1640 quos
1493 1604 1599 1632 ideirco
1613 1604 1705 1632 onmis
1723 1603 1865 1639 justorum

1079 1651 1192 1686 sanguis
1215 1651 1324 1679 recidit.
1346 1650 1413 1678 Cum
1440 1651 1646 1678 intercessisset
1668 1651 1772 1684 itaque,
1789 1657 1864 1676 mor-

1080 1703 1134 1726 tem
1150 1706 1165 1725 a
1179 1697 1260 1726 nobis
1277 1698 1410 1726 abstulit:
1428 1705 1492 1725 cum
1509 1697 1612 1725 mortui
1627 1696 1716 1724 Judaei
1735 1696 1786 1724 sub
1806 1696 1865 1730 lege

1079 1743 1200 1778 separati
1230 1743 1338 1770 nullum
1366 1743 1487 1777 amplius
1510 1741 1637 1769 veritatis
1672 1749 1743 1776 opus
1770 1740 1865 1768 edant.

1079 1789 1158 1824 Apud
1178 1795 1230 1817 nos
1255 1788 1341 1820 enin»
1357 1796 1453 1815 verum
1480 1791 1523 1815 est
1546 1787 1681 1822 templum
1707 1786 1781 1821 quod
1797 1785 1866 1813 vivis

1080 1835 1218 1870 lapidibus
1231 1838 1351 1868 constat,
1368 1842 1450 1862 verus
1472 1834 1536 1861 item
1553 1832 1644 1861 Josue.

1470 1905 1855 1925 ..⁵2πέ

1117 2163 1146 2192 Si
1163 2163 1226 2199 quis
1250 2161 1334 2196 hujus
1356 2159 1500 2196 prmsentis
1521 2157 1605 2186 libelli
1633 2157 1778 2190 virtutem,
1808 2165 1868 2184 om-

1081 2217 1200 2245 nemque
1226 2207 1400 2242 Seripturam
1428 2205 1559 2233 divinitus
1586 2203 1749 2238 inspiratam
1773 2202 1867 2229 utilem

1081 2263 1143 2285 esse
1160 2255 1279 2290 ignorat,
1302 2251 1375 2280 bella
1398 2257 1431 2278 ae
1454 2255 1560 2285 pugnas
1577 2247 1679 2283 saepius
1693 2254 1867 2274 commemo-

1081 2305 1189 2329 rantem
1211 2299 1319 2327 [utilem
1339 2304 1401 2325 esse
1421 2296 1516 2324 ducet.
1541 2294 1601 2322 Non
1624 2293 1699 2322 enim
1729 2293 1756 2320 in
1779 2292 1867 2327 ﬁgura

1082 2348 1137 2376 illis
1155 2347 1295 2378 evenisse,
1315 2349 1343 2372 et
1357 2343 1392 2371 ad
1413 2347 1538 2370 nostrain
1555 2340 1746 2369 erttditioncm
1764 2339 1870 2374 scripta

1083 2401 1145 2422 esse
1175 2391 1336 2428 pet-pendet.
1363 2389 1419 2417 Nec
1444 2388 1528 2416 etiam
1561 2387 1633 2422 quod
1658 2386 1716 2413 haec
1747 2385 1871 2412 narratio

1083 2439 1232 2474 plurimum
1257 2436 1337 2464 nobis
1359 2434 1488 2462 utilitatis
1513 2433 1604 2465 all‘et't,
1635 2440 1698 2459 etmt
1715 2432 1752 2458 ob
1775 2431 1871 2458 oculos

1083 2489 1186 2520 quanta
1214 2483 1299 2510 divini
1328 2481 1434 2513 cultus,
1456 2487 1488 2507 ac
1512 2482 1626 2506 econtra
1649 2477 1815 2505 defectionis
1829 2476 1872 2504 vis

1082 2531 1200 2559 exsistat
1217 2529 1303 2564 ponit,
1319 2527 1393 2563 quod
1417 2526 1547 2554 videlicet
1558 2525 1602 2552 ille
1618 2525 1713 2552 hostes
1729 2523 1783 2551 etsi
1803 2530 1871 2550 eon-

1084 2581 1125 2604 tra
1151 2583 1202 2604 nos
1232 2573 1443 2606 insurrexerint,
1483 2571 1607 2606 reprintit
1635 2579 1641 2597 :
1666 2577 1698 2597 ea
1724 2577 1789 2597 vero
1820 2569 1873 2596 sub

1085 2623 1209 2659 ipsorum
1233 2629 1346 2650 manum
1368 2619 1463 2647 mittit.
1488 2619 1580 2652 Quare
1595 2617 1676 2645 divus
1699 2617 1803 2644 Paulus
1816 2624 1871 2644 non

1084 2669 1196 2705 indigne
1213 2676 1249 2696 ex
1265 2667 1309 2695 his
1336 2665 1489 2701 Seripturis
1510 2663 1628 2699 plurima
1650 2663 1719 2690 citat
1731 2663 1871 2697 exempla.

1083 2717 1149 2751 Qua)
1168 2715 1259 2750 qualia
1283 2714 1339 2741 sint
1356 2720 1417 2747 qua:
1432 2712 1466 2739 de
1480 2711 1618 2743 Gedeone,
1643 2710 1677 2738 de
1699 2708 1820 2740 Barach,
1837 2707 1872 2735 de

1084 2764 1246 2798 Sampsone,
1271 2760 1369 2795 Jepbte
1393 2763 1420 2786 et
1450 2757 1511 2786 aliis
1529 2757 1575 2793 qui
1598 2756 1774 2784 lideivirtutc
1792 2754 1870 2782 devi-

1085 2813 1182 2838 cerunt
1202 2815 1286 2843 regna
1302 2804 1592 2836 commemorantur",
1607 2803 1630 2832 si
1648 2807 1793 2831 recensere
1812 2800 1869 2827 vcl-

1085 2859 1148 2891 lcm,
1165 2861 1272 2890 tempus
1286 2862 1329 2882 mc
1349 2852 1486 2880 deﬁceret.
