2086 3160
210 171 279 204 1045

753 172 1022 205 COMMENTARII
1042 172 1083 202 IN
1103 171 1272 202 JUDICES.

1765 167 1832 199 1046

211 238 221 254 ι
234 228 275 254 Τὰ
292 229 381 256 πάντα
403 228 596 265 καταλήψομαι
622 232 654 265 τῇ
673 229 744 265 χειρί
762 238 812 265 μου
827 229 865 261 ὡς
878 227 999 260 νοσσιὰν,

1054 225 1105 254 fert
1120 233 1203 261 super
1228 231 1338 252 onmem
1366 224 1449 252 Deum
1462 224 1494 255 ⁵⁸,
1514 226 1541 250 et
1559 222 1620 258 ejus
1636 221 1750 253 cultum,
1769 222 1833 256 qui-

209 274 255 300 καὶ
281 274 319 305 ὠς
342 274 578 310 καταλελειμμένα
605 275 646 301 ὠὰ
672 275 741 310 ἀρῶ.
757 285 766 300 ι
785 275 833 301 Ὃν
849 275 864 300 ὁ
878 272 998 308 Χριστὸς

208 319 373 356 ἔξενεύρισε,
386 321 477 347 πᾶσαν
498 321 556 348 ὁδὸν
580 321 661 347 αὑτοῦ
678 321 725 348 καὶ
737 320 837 356 πρᾶξιν
853 318 996 355 περιελὼν,

208 365 281 401 ἄκρα
303 365 403 402 χειρῶν
426 366 508 393 αὑτοῦ
535 367 581 394 καὶ
597 366 687 393 ποδῶν
710 366 870 400 ἀποκόψας·
898 365 947 392 καὶ
967 364 998 390 τὸ

209 410 384 447 ἁνταπὸδομα
396 410 479 438 αὐτοῦ
496 411 662 447 ἀνταπεδόθη
676 410 760 446 αὐτῷ.

252 538 470 573 Ἑϐδομήκοντα
485 538 628 571 βασιλεῖς
653 539 688 565 τὰ
714 539 791 574 ἄκρα
817 538 876 566 τῶν
892 540 999 574 χειρῶν

210 583 310 611 αὐτῶν
325 585 374 611 καί
389 584 425 612 τὰ
443 584 519 619 ἄκρα
531 585 590 612 τῶν
603 583 704 612 ποδῶν
718 585 817 612 αὐτῶν
832 585 999 621 ἀποκεκομ-

208 629 305 664 μένοι,
319 627 402 665 ἦσαν
420 630 626 665 συλλέγοντες
649 630 686 657 τὰ
701 630 840 658 ὑποκάτω
856 631 912 665 τῆς
929 640 998 665 τρα-

211 675 300 709 πέζης
321 685 392 710 μου.
405 676 534 711 Ἀνδρας,
550 676 645 712 φησὶν,
659 676 770 712 ἀρεταῖς
783 677 998 712 διαπρέψαντας,

211 720 258 752 οὓς
279 720 393 756 ὕστερον
418 721 576 757 ἐζώγρησεν
598 722 612 747 ὁ
627 721 749 752 διάϐολος
774 721 823 753 τὰς
841 721 912 748 κατά
933 721 1000 748 Θεὸν

211 765 285 797 ὁδοὺς
299 766 347 792 καὶ
360 766 476 802 πράξεις
490 767 646 802 περιτεμὼν
657 787 664 800 ,
678 767 726 794 καὶ
741 766 824 802 ψευδῆ
839 767 940 801 γνῶσιν
953 767 1000 793 αὑ-

211 811 267 842 τοῖς
285 811 423 846 ἐμϐαλὼν,
437 812 469 839 ὲκ
481 812 531 848 τῆς
550 812 619 845 ἰδίας
633 814 737 848 τροφῆς
749 813 783 840 τὰ
797 813 894 849 εὐτελῆ
910 822 998 849 παρα-

213 856 285 891 σχὼν
311 857 530 893 περισσεύματα.
548 858 601 890 Οὓς
625 860 671 886 καὶ
687 858 708 886 ο’
729 867 827 894 φησιν,
843 860 881 891 ὼς
906 859 1000 890 κακῶς

211 901 266 929 ἀπὸ
280 902 335 929 τῶν
355 903 480 938 πράξεων
498 904 553 930 τῶν
577 904 687 938 ἀγαθῶν
711 904 938 938 σαόϐατίσαντας,
963 905 1000 936 ὡς
1016 899 1036 926 Β

213 948 282 982 πρὸς
300 948 398 981 αὐτοὺς
413 949 540 984 λέγεσθαι
555 950 605 986 τὴν
622 950 732 977 Ἡσαΐου
754 950 847 985 φωνὴν
868 951 900 977 ἐκ
913 950 979 977 Θεοῦ
994 958 1000 965 ·

216 1002 226 1018 ί
242 992 282 1020 Τὰ
298 993 425 1020 Σάϐϐατα
439 994 515 1030 ὑμῶν
535 996 610 1029 μισεῖ
623 996 639 1030 ἡ
653 995 726 1030 ψυχή
747 1003 809 1030 μου.
825 1004 835 1020 ›
851 995 906 1022 Καὶ
920 995 1001 1026 αὐτὸς

212 1037 241 1064 δὲ
255 1038 349 1066 λοιπὸν
366 1039 544 1071 Ἀδωνιζεᾶὲκ
554 1040 802 1076 ἀκρωτηριασθεὶς,
821 1041 849 1067 ὲν
865 1039 999 1075 Ἰερουσα-

212 1083 268 1121 λὴμ
283 1085 514 1120 ἀποθνήσκει.Ὠς
530 1086 584 1122 γὰρ
600 1086 632 1122 ζῇ
650 1087 767 1122 Χριστὸς
784 1087 813 1113 ὲν
830 1087 928 1122 Παύλῳ
952 1087 999 1113 καὶ

211 1130 269 1161 τοῖς
283 1130 343 1156 κατ’
355 1130 451 1164 αὐτὸν,
467 1131 537 1158 οὕτω
560 1131 688 1166 θνήσκειν
703 1133 732 1158 ὲν
746 1132 837 1164 αὐτοῖς
852 1133 866 1158 ὸ
878 1131 1000 1163 διάϐολος

212 1175 332 1210 λέγεται.
351 1177 382 1203 Οἳ
398 1177 444 1204 καί
457 1186 532 1212 φασι,
552 1186 562 1204 ι
579 1179 667 1213 Χάρις
683 1178 711 1205 δὲ
724 1178 764 1214 τῷ
779 1178 838 1213 Θεῷ
849 1178 888 1214 τῷ
901 1178 999 1205 διδόντι

211 1221 242 1247 τὸ
266 1222 340 1253 νῖκος
366 1223 432 1258 ἡμῖν
454 1223 498 1250 διὰ
522 1223 568 1250 τοῦ
589 1224 692 1259 Κυρίου
718 1224 796 1260 ἡμῶν
820 1225 906 1259 Ἰησοῦ
931 1225 999 1260 Χρι-

214 1274 288 1295 areu.
307 1277 316 1292 ι

1049 278 1103 306 que
1118 270 1186 298 dicit
1205 281 1211 299 :
1232 278 1241 296 ι
1259 269 1360 297 Omnia
1372 277 1454 296 manu
1476 275 1535 296 mea
1557 266 1726 303 prehendam
1737 274 1835 302 quem-

1049 316 1196 343 admodum
1227 315 1342 352 pullum,
1359 319 1386 342 et
1397 319 1526 349 tanquam
1554 321 1604 341 ova
1630 313 1761 341 derelicta
1783 315 1836 340 au-'

1049 362 1169 390 feram“
1186 362 1198 389 ?
1218 371 1226 387 ι
1258 361 1344 394 Quem
1370 360 1512 388 enervavit
1539 359 1678 392 Chrislus,
1695 365 1834 393 omneque

1049 408 1110 442 ejus
1127 409 1179 435 iter
1205 407 1386 441 actionesque
1416 406 1574 441 interrupit,
1599 413 1631 433 ac
1656 411 1780 432 summos
1795 403 1840 443 di-_,

1049 454 1120 489 gitos
1147 461 1279 480 manuum
1300 460 1332 480 ac
1349 453 1447 487 pedum
1480 451 1608 479 abscidit.
1644 451 1739 486 Itaque
1760 449 1834 485 quod

1050 500 1111 527 aliis
1127 500 1230 527 inferre
1244 499 1355 532 solitus,
1373 497 1399 525 id
1416 498 1505 533 ipsum
1532 498 1569 524 illi
1589 503 1701 525 econtra
1718 497 1820 524 evenit.

1085 545 1260 580 Septuaginta
1281 552 1354 579 reges
1377 544 1521 578 amputatis
1548 543 1677 577 supremis
1707 549 1835 568 manuum

1049 599 1080 617 ac
1090 590 1185 625 pedum
1196 589 1287 625 digitis
1301 589 1461 623 collegerunt
1479 588 1525 615 sub
1539 596 1630 615 mensa
1654 595 1721 614 mea.
1738 586 1776 622 [l,
1792 586 1831 622 η.

1051 635 1142 668 Viros,
1159 634 1260 670 inquit,
1284 634 1436 662 virtutibus
1459 633 1553 661 claros
1573 632 1721 660 itineribus
1735 631 1836 659 divinis

1050 682 1264 716 actionibusque
1279 681 1461 715 interceptos,
1476 687 1508 707 ac
1523 679 1590 707 falsa
1610 678 1768 713 cognitione
1782 678 1832 705 im-

1051 729 1133 755 butos
1143 727 1270 755 diabolus
1284 726 1476 759 circumvenit,
1486 733 1517 753 ac
1530 726 1575 752 vili
1587 725 1629 752 sui
1641 725 1730 752 victus
1743 724 1836 751 alimo-

1051 774 1095 800 nia
1116 773 1250 808 implevit.
1268 772 1346 805 Quod
1361 779 1427 799 vero
1442 771 1620 806 septuaginta
1638 770 1724 798 fuisse
1736 769 1832 800 tradit.

1051 820 1122 847 niale
1142 826 1156 846 a
1177 818 1259 846 bouis
1281 818 1440 845 actionibus
1461 816 1576 844 feriatos
1599 823 1663 844 esse
1683 816 1784 850 arguit,
1806 819 1836 842 ut

1052 867 1086 894 de
1104 866 1174 901 ipsis
1183 873 1234 893 vox
1249 865 1295 893 Dei
1308 872 1357 899 per
1374 865 1473 892 Isaiam
1497 867 1576 891 sonet
1591 870 1598 889 :
1619 872 1627 889 ι
1654 862 1772 889 Sahbata
1791 869 1836 888 ve-

1050 915 1107 939 stra
1138 911 1196 939 odit
1220 911 1312 938 anima
1337 919 1396 939 mea
1424 911 1458 939 ‘9.
1486 921 1495 936 ι
1529 910 1616 938 Porro
1645 910 1704 945 ipse
1727 916 1837 944 quoque

1050 958 1181 992 deinceps
1197 957 1370 985 Adonizebec
1395 957 1545 991 pollicibus
1569 957 1712 984 mulilatus
1724 955 1837 984 Jeroso-

1050 1004 1130 1037 lymae
1143 1003 1271 1030 moritur.
1291 1002 1527 1036 Quemadmodum
1551 1002 1680 1030 Christus
1697 1002 1789 1030 vivere
1807 1002 1836 1030 in

1053 1048 1150 1079 Paulo,
1167 1052 1195 1076 et
1219 1048 1247 1075 in
1269 1049 1332 1076 aliis
1359 1049 1417 1076 suis
1443 1049 1583 1081 membris,
1608 1049 1645 1076 ita
1666 1048 1737 1075 mori
1751 1048 1778 1075 in
1796 1048 1836 1076 eis

1052 1093 1179 1121 diabolus
1210 1093 1323 1121 dicitur.
1351 1094 1402 1126 Qui
1428 1102 1495 1121 sane
1518 1094 1610 1122 aiunt:
1633 1103 1642 1119 ι
1661 1093 1754 1120 Gratia
1770 1100 1837 1120 vero

1053 1137 1108 1166 Deo
1137 1139 1185 1174 qui
1214 1139 1294 1167 nobis
1310 1139 1427 1166 contulit
1450 1139 1594 1166 victoriam
1620 1146 1668 1173 per
1688 1137 1836 1166 Dominum

1052 1188 1179 1212 nostrum
1195 1183 1288 1213 Jesum
1308 1184 1448 1213 Christum
1465 1184 1497 1212 ".
1516 1194 1525 1210 ι

248 1331 384 1361 Czeterum
398 1333 446 1362 lilii
461 1334 535 1362 Enac
550 1334 601 1362 viri
620 1335 773 1364 immodicae
799 1336 998 1371 magnitudinis
1015 1342 1104 1370 erant,
1125 1345 1243 1373 quorum
1264 1346 1338 1374 ossa,
1359 1342 1388 1366 ut
1407 1337 1543 1373 Iosephus
1560 1337 1640 1365 testis
1655 1340 1708 1368 est,
1722 1343 1771 1370 pro
1787 1338 1838 1365 mi-

213 1377 309 1405 raculo
326 1378 478 1406 etiamnum
494 1380 717 1414 conspiciuntur.

249 1432 303 1460 Kal
321 1432 429 1466 δώσεις
443 1442 494 1468 μοι
510 1434 662 1468 λύτρωσιν
674 1434 794 1468 ὕδατος.
815 1434 900 1462 Τοῦτο
916 1436 1001 1471 πρόσ-

215 1486 304 1505 κειται
329 1479 385 1510 τοῖς
410 1479 440 1506 ὲν
457 1479 545 1514 Ἰησοῦ
564 1480 736 1515 λελεγμένοις
760 1480 824 1515 περὶ
840 1481 935 1516 αὐτῆς,
951 1482 1001 1516 ἑμ-

215 1524 308 1558 φαῖνον
332 1523 381 1559 τὴν
396 1524 440 1551 διὰ
458 1524 505 1551 τοῦ
522 1525 602 1559 ἁγίου
620 1525 807 1560 βαπτίσματος
824 1526 930 1561 ἄφεσιν,
947 1526 1001 1553 τῶν

214 1579 244 1597 τε
256 1571 306 1606 τῆς
322 1570 512 1606 ὑπερηφανίας
526 1571 682 1607 ὑψωμάτων
695 1571 743 1598 καὶ
758 1571 806 1598 τοῦ
818 1572 1001 1606 ἐπαιρομένου

215 1618 285 1644 κατὰ
296 1618 346 1653 τῆς
361 1618 488 1652 γνώσεως
502 1618 547 1645 τοῦ
562 1618 642 1650 Θεοῦ,
658 1619 705 1645 καὶ
719 1617 774 1645 τῶν
788 1618 924 1645 ταπεινῶν
939 1627 1003 1653 νοη-

217 1663 310 1698 μάτων
324 1648 376 1690 ’,ξαί
393 1648 515 1698 γεωδῶν.
525 1665 554 1691 '0
568 1664 596 1690 δὲ
612 1648 761 1700 Συμμαχος
779 1663 894 1696 ἐξέδωκε
906 1684 913 1696 ,
928 1648 1004 1698 Κτῆ-
1018 1648 1039 1677 c

216 1717 268 1735 σιν
280 1709 316 1736 ἐν
327 1709 528 1744 ὑψηλοτέροις
537 1710 585 1737 καί
599 1709 709 1744 κτῆσιν
722 1710 758 1737 ἐν
772 1710 1004 1744 ταπεινοτέροις,

216 1754 305 1789 δηλῶν
318 1756 415 1790 κτῆσιν
431 1755 576 1791 νοημάτων
594 1755 769 1791 ὑψηλοτέρων
780 1757 814 1791 τῇ
829 1755 943 1792 Θεωρία,
960 1755 1008 1782 καὶ

216 1800 471 1836 ταπεινοφροσύνης
486 1801 536 1836 τῆς
549 1800 597 1828 τοῦ
610 1801 735 1828 διαϐόλου
749 1802 800 1837 τὴν
816 1801 1007 1837 ὑπερηφανίαν

217 1847 429 1882 διαφευγούσης.
446 1847 475 1874 Ὁ
499 1847 528 1873 δὲ
549 1847 665 1879 ’Δκὺλας
692 1848 776 1883 φησὶ,
801 1847 860 1882 Τὴν
885 1846 1007 1874 romae

219 1892 276 1926 τὴν
292 1892 354 1919 ἄνω
379 1892 429 1920 καὶ
452 1892 508 1926 τὴν
534 1893 656 1920 Γολλὰθ
675 1892 733 1927 τὴν·
756 1892 853 1925 κάτω,
878 1893 1006 1928 κτήματα

219 1936 290 1964 οὕτω
301 1937 447 1971 λεγόμενα,
464 1937 537 1973 ἀπερ
557 1937 618 1964 ἀντὶ
635 1938 748 1973 προικὸς
760 1937 838 1972 ἠξίου
855 1936 932 1972 παρὰ
952 1936 1007 1963 Χά-

218 1981 266 2008 λεό
282 1981 386 2008 λαϐεῖν.
397 1981 454 2017 Τῆς
468 1982 522 2016 γὰρ
535 1981 660 2013 ἁλώσεως
675 1981 774 2016 Δαὸεὶρ
792 1979 873 2007 ἆθλον
889 1979 945 2016 εἷχε
958 1981 1007 2016 τὴν

225 2027 335 2061 Ἀσχάν.
346 2026 491 2053 Ἥϐούλετο
507 2026 537 2053 δὲ
553 2027 600 2053 καὶ
614 2027 717 2061 προῖκα
729 2026 776 2053 τοῦ
794 2026 882 2061 γάμου
903 2025 1006 2052 λαϐεῖν.

221 2073 276 2108 Τὴν
299 2073 354 2109 γὰρ
378 2073 456 2100 πόλιν
482 2073 552 2108 μετὰ
567 2074 617 2107 τῆς
631 2073 761 2107 γυναικὸς
776 2073 913 2108 ἀριστεῖον
928 2073 1007 2107 ἐκτή-

221 2127 296 2146 σατο.
310 2119 383 2154 Πλὴν
397 2118 428 2152 οὗ
441 2127 524 2154 φησιν
542 2120 559 2154 ὴ
574 2118 671 2154 Γραφὴ
688 2118 791 2153 σαφῶς,
805 2118 846 2145 ὅτι
865 2118 915 2153 τὴν
932 2118 1008 2145 πόλιν

221 2164 357 2200 παρέσχεν
376 2165 462 2200 αὐτῷ.

261 2211 313 2237 Ἐκ
324 2210 378 2244 τῆς
395 2211 511 2243 πόλεως
524 2209 584 2237 τῶν
595 2210 768 2243 Φοινίκων-ς,
776 2209 906 2245 Ἱεριχοῦς
915 2218 1005 2245 φησιν.

227 2257 308 2292 Ἀρὰδ
330 2257 358 2283 δὲ
385 2257 463 2288 πόλις
488 2255 661 2292 ’Δμορῤαίων
685 2255 878 2290 παρακειμένη
894 2256 926 2290 τῇ
942 2255 1007 2290 ὲρή-

1091 1436 1126 1463 Et
1141 1437 1217 1464 dabis
1233 1437 1298 1464 mihi
1314 1436 1516 1471 redemptionem
1528 1443 1602 1471 aqua
1609 1435 1644 1467 “°_.
1657 1433 1714 1462 Hoc
1729 1435 1840 1462 enimin

1055 1483 1170 1511 historia
1179 1482 1262 1511 Josue
1275 1483 1348 1511 est”
1356 1482 1525 1517 adiunctum,
1534 1489 1566 1509 ac
1572 1489 1621 1517 per
1630 1485 1754 1509 sanctam
1765 1482 1841 1510 tinc-

1054 1527 1157 1556 tionem
1170 1536 1232 1555 cum
1246 1529 1371 1563 superbae
1387 1527 1522 1559 elationis,
1534 1530 1686 1562 contraque
1702 1527 1842 1562 cognitio-

1056 1582 1117 1602 nem
1133 1574 1256 1602 divinam
1282 1573 1483 1605 insultationis,
1505 1572 1699 1600 remissionem
1715 1572 1840 1604 denotat,

1057 1623 1113 1646 tum
1142 1618 1311 1654 abjectarum
1334 1623 1564 1653 terrenarumque
1581 1617 1790 1653 cogitationum.
1806 1617 1842 1644 At

1057 1664 1241 1700 Symmachus
1264 1664 1409 1699 exposuit,
1434 1663 1628 1698 possessionem
1656 1663 1683 1690 in
1698 1663 1842 1696 superiori-

1058 1710 1117 1742 bus,
1131 1713 1156 1738 et
1173 1710 1366 1745 posseuionem
1390 1710 1417 1736 in
1437 1709 1618 1743 inferioribus,
1634 1715 1666 1735 ac
1684 1708 1774 1735 innuit
1802 1707 1842 1734 fa-

1058 1757 1186 1783 cultatem
1204 1756 1343 1797 caelestis.
1355 1763 1387 1783 ac
1414 1755 1540 1783 sublimis
1565 1754 1752 1790 cogitationis,
1777 1754 1841 1781 item

1057 1800 1256 1827 humiliationis
1275 1807 1336 1834 quae
1355 1800 1454 1828 diaboli
1482 1800 1668 1834 arrogantiam
1693 1800 1775 1834 longe
1799 1807 1843 1826 re-

1058 1846 1157 1882 fugiat.
1186 1846 1285 1882 Aquila
1323 1853 1387 1873 vero
1419 1846 1483 1873 ait:
1505 1845 1614 1873 Goltatlt
1638 1845 1800 1880 superiorem
1818 1848 1843 1871 et

1059 1892 1165 1921 Gallath
1187 1893 1353 1927 inferiorem,
1370 1892 1472 1927 pradia
1491 1891 1533 1919 sic
1549 1890 1705 1924 nominata,
1721 1898 1781 1924 quin
1794 1889 1844 1916 do-

1058 1939 1095 1968 tis
1109 1939 1170 1967 loco
1182 1947 1197 1966 a
1211 1939 1296 1966 Caleb
1314 1938 1446 1973 cupiebat
1460 1937 1598 1972 accipere.
1615 1935 1684 1963 Nam
1696 1936 1722 1963 ei
1733 1935 1779 1971 qui
1796 1935 1844 1962 De-

1058 1986 1101 2013 bir
1114 1985 1210 2013 urbem
1228 1985 1359 2020 cepisset,
1372 1984 1514 2020 praemium
1532 1983 1642 2011 Aschan
1660 1981 1720 2009 lilia:
1740 1989 1844 2017 propo-

1058 2030 1142 2058 situm
1155 2033 1226 2058 erat.
1244 2029 1338 2057 Voluit
1354 2030 1448 2065 itaque
1465 2029 1559 2057 dotem
1588 2036 1697 2063 quoque
1713 2035 1776 2055 cum
1791 2036 1844 2055 nu—

1058 2079 1104 2111 pta
1120 2076 1232 2104 haberc.
1250 2075 1342 2108 Quare
1360 2076 1455 2103 urbem
1473 2075 1580 2110 prtemii
1604 2075 1665 2102 vice
1681 2082 1743 2102 cum
1759 2081 1844 2101 uxore

1058 2121 1239 2156 comparavit.
1255 2120 1386 2153 Quamvis
1401 2127 1456 2148 non
1485 2119 1587 2148 diserte
1606 2119 1690 2155 498
1711 2118 1844 2152 exprimat

1060 2167 1204 2202 Scriptura
1219 2167 1292 2202 quod
1311 2166 1405 2194 urbem
1422 2166 1448 2192 ci
1464 2165 1621 2201 prwbuerit.

1094 2212 1136 2239 Er
1150 2213 1213 2240 urbe
1223 2212 1386 2247 palmarum.
1403 2210 1473 2247 [16.]
1491 2211 1527 2238 De
1540 2210 1649 2238 Jericho
1664 2209 1741 2242 dicit,
1757 2209 1843 2237 Porro

1062 2258 1133 2286 Arall
1150 2258 1217 2286 urbs
1225 2257 1447 2286 Amorrhaeorum
1455 2260 1508 2289 est,
1521 2256 1612 2283 vicina
1626 2256 1736 2283 deserto
1744 2254 1842 2287 Gades,

222 2311 265 2338 μῳ
290 2302 394 2337 Κάδης,
421 2302 482 2337 ἥτις
507 2301 568 2328 ἐστὶ
584 2301 685 2336 Φαράν.
705 2301 760 2327 Καὶ
782 2300 839 2327 ἔστι
864 2300 911 2326 νῦν
926 2300 1004 2336 κώμη

1061 2304 1113 2331 hoc
1127 2309 1168 2331 est
1194 2303 1312 2331 Pharan.
1340 2302 1397 2330 Hac
1407 2306 1497 2329 autem
1524 2305 1687 2337 tempestate
1709 2301 1784 2329 vicus
1803 2306 1845 2329 est

221 2348 276 2375 ἀπὸ
291 2348 423 2382 τετάρτου
442 2348 558 2382 σημείου
574 2345 741 2379 Μαλααθὼν,
766 2346 815 2381 τῆς
840 2346 868 2372 δὲ
895 2345 1009 2381 Χεϐρὼν

222 2393 276 2421 ἀπὸ
292 2392 431 2420 εἰκοστοῦ.

256 2439 312 2474 Τῆς
326 2440 440 2474 Γραφῆς
454 2438 597 2474 λεγούσης,
612 2439 650 2471 ὼς
662 2439 711 2473 οὐχ
727 2436 798 2465 εἶλον
816 2439 843 2465 αί
856 2438 902 2464 τοῦ
926 2437 1010 2465 Ἰούδα

222 2483 269 2510 καὶ
284 2483 329 2509 τοῦ
343 2482 456 2518 Συμεὼν
471 2483 553 2518 φυλαὶ
569 2482 670 2516 Γάζαν,
689 2482 858 2516 Ἀσκάλωνα,
876 2482 1006 2514 Ιἰ’ὶζωμιςον,

227 2528 380 2564 ’Δκκαρὼν,
406 2527 535 2564 Ἰώσηπος
556 2529 612 2564 (48)
636 2529 793 2557 ’Δσκάλωνα
817 2529 865 2556 καὶ
887 2529 1008 2561 Ἄζωτον

221 2607 245 2624 ⁸³
260 2606 281 2634 11
296 2607 396 2635 Thess.
410 2616 441 2640 ιι,
469 2609 495 2635 Il.
523 2607 545 2623 ⁸⁷
560 2607 612 2635 lsa.
632 2616 659 2639 λ,
683 2608 726 2635 14.
757 2608 781 2624 ⁸⁸
798 2607 850 2634 lsa.
867 2615 885 2639 ι,
907 2608 950 2639 15,
969 2607 1011 2634 14.

1062 2348 1094 2376 ad
1115 2352 1243 2380 quartum
1259 2347 1375 2382 lapidem
1390 2354 1406 2374 a
1418 2347 1585 2380 Malaathon,
1602 2347 1637 2375 ab
1652 2346 1762 2374 Hebron
1779 2353 1844 2374 vero

1061 2393 1093 2420 ad
1109 2393 1280 2421 vicesimum.

1095 2439 1164 2466 Cum
1174 2446 1240 2467 vero
1250 2438 1392 2474 Scriptura
1404 2439 1486 2471 dicat,
1499 2438 1589 2467 tribus
1601 2437 1671 2466 Juda
1679 2443 1706 2466 et
1723 2437 1846 2471 Simeon.

1063 2484 1174 2518 Gazam,
1189 2485 1317 2518 Ascalon,
1335 2485 1472 2517 Accaron,
1503 2485 1618 2512 Azolum
1641 2491 1696 2512 non
1719 2484 1843 2519 cepisse:

1061 2527 1198 2564 Iosephus
1210 2529 1326 2557 Ascalon
1344 2533 1371 2557 et
1381 2529 1497 2557 Azotum
1516 2529 1624 2564 cepisse
1640 2528 1748 2556 asserit.
1760 2527 1847 2556 Caste-

1067 2608 1089 2624 δθ
1105 2607 1114 2634 l
1131 2608 1194 2635 Cor.
1214 2616 1259 2641 xv,
1279 2608 1322 2636 5'7.
1345 2608 1367 2624 ⁵ο
1381 2606 1464 2636 Josue
1476 2616 1502 2641 ν,
1520 2608 1564 2635 19.

982 2672 1095 2701 ΝΟΤᾹΞ.

260 2731 316 2766 (48)
337 2731 370 2758 Ἠ
379 2731 408 2757 δὲ
430 2731 517 2758 Ἰούδα
545 2732 616 2765 φυλὴ
638 2731 684 2758 καὶ
716 2732 871 2766 Συμεωνὶς,
889 2731 937 2762 τὰς
961 2731 1010 2765 μὲν

224 2765 296 2792 κατὰ
309 2766 359 2800 τὴν
374 2766 481 2800 ὀρεινὴν
492 2766 541 2799 τῆς
554 2766 709 2797 Χαναναίας
733 2767 823 2796 πόλεις
850 2766 932 2798 εἷλον,
957 2765 1010 2792 τῶν

224 2801 246 2827 δ’
259 2801 288 2836 ἐν
302 2800 341 2836 τῷ
354 2800 438 2836 πεδίῳ
452 2801 498 2827 καὶ
516 2801 583 2832 πρὸς
596 2800 716 2834 θαλάσσῃ
736 2801 892 2828 Ἀσκάλωνά
908 2809 937 2827 τε
965 2801 1011 2827 καὶ

226 2835 360 2866 Ἄζωτον.
374 2835 526 2869 Διοφεύγει⁴
539 2836 560 2862 δ’
574 2836 673 2866 αὐτοὺς
689 2835 762 2867 Γάζα
779 2836 823 2862 καὶ
851 2836 1001 2870 Ἀκκάρων.

226 2870 328 2897 Πεδίων
353 2871 406 2904 γὰρ
431 2870 531 2904 ὄντων,
559 2870 605 2897 καὶ
619 2870 718 2906 πολλῆς
731 2870 858 2906 ἁρμάτων
874 2870 1003 2906 εὐπορίας

1065 2731 1156 2762 κακῶς
1169 2732 1278 2757 ἐποίουν
1294 2732 1355 2762 τοὺς
1367 2731 1537 2761 ἐπελθόντας.
1566 2731 1609 2757 Ἐν
1634 2731 1703 2764 βιΰλ.
1727 2731 1753 2758 5.
1783 2739 1844 2764 κεφ.

1064 2767 1090 2792 9..
1118 2766 1190 2801 Περ).
1209 2766 1332 2792 Ὶουὸαῐκ.
1361 2766 1516 2801 ἁρχαιολογ.
1535 2766 1580 2801 Οὑν
1598 2767 1668 2792 πάνυ
1738 2766 1821 2799 σαφὲς
1833 2767 1847 2790 ὃ

1066 2799 1192 2841 τὶερὶῆςτοῦ
1212 2801 1344 2841 Ἰωσήπρυ
1465 2800 1657 2841 ὸ¹ῌροιε⁸όπιοςι
1682 2800 1777 2841 Είὶμὴ
1806 2801 1844 2829 το.

1056 2835 1111 2895 uel»:
1126 2835 1151 2861 δ’
1170 2836 1199 2863 ὲν
1221 2835 1258 2870 τῷ
1274 2835 1364 2870 πεδίῳ,
1388 2835 1445 2863 τῶν
1462 2836 1484 2863 τ’
1499 2836 1526 2862 ἐν
1540 2835 1578 2871 τῷ
1600 2835 1691 2869 πεδίῳ,
1718 2835 1750 2861 ἀν
1758 2842 1848 2868 αγνω-

1056 2879 1069 2895 π
1088 2878 1138 2895 ειη.

1056 2878 1138 2903 suam.
