2086 3160
242 171 308 204 1047

889 175 1067 204 PROCOPII
1087 174 1207 204 GAZJEI

1804 164 1873 198 1048

241 235 301 255 rum
311 227 412 254 Gazam
437 230 465 254 et
489 227 614 254 Accaron
630 231 658 254 et
685 232 795 262 propter
811 234 982 263 camporum,
999 233 1026 254 et

1085 227 1213 263 ἡλωκέναι
1246 228 1324 262 φησι,
1358 225 1448 257 Γάζαν
1476 224 1506 251 δὲ
1534 223 1581 250 καὶ
1607 221 1751 257 ’Λκκαρὼν
1777 221 1822 249 διά
1843 229 1873 248 τε

240 281 373 302 curruum
384 273 569 309 frequentiam
581 280 636 301 non
653 279 796 309 ceperunt.

1079 274 1114 301 τὰ
1139 273 1220 300 πεδία
1243 273 1292 300 καὶ
1318 272 1349 298 τὸ
1378 271 1481 307 πλῆθος
1504 269 1560 296 τῶν
1582 268 1716 304 ἁρμάτων
1739 268 1791 294 οὐκ
1811 267 1873 294 ἐλα-

1081 318 1139 346 6ον.

275 371 427 400 Jeburazam
441 379 501 401 vero
524 372 569 406 qui
585 371 760 407 Jerosolymis
772 372 920 401 habitabat.
935 362 1024 410 [κει]
1043 373 1204 402 lnferiorem
1217 372 1371 401 Jerusalem
1392 375 1502 407 captam
1522 377 1584 398 csse
1601 376 1684 404 supra
1699 368 1782 403 dixit,
1799 375 1873 399 nunc

243 423 308 445 vero
326 416 359 444 de
371 416 516 452 superiore
529 423 561 443 ac
588 420 719 443 montana
736 415 814 444 dicit.

277 468 311 497 In
328 473 425 497 terram
441 469 576 497 Chattiim.
591 469 630 497 De
643 469 734 505 Cypro
755 469 834 498 dicit.

277 514 423 551 Mageddo.
434 514 505 551 [27.]
527 514 592 542 Eam
604 514 690 543 .losue
702 523 765 551 rege
781 516 869 551 ipsius
884 516 1031 546 interfecto

243 561 326 595 cepit,
343 561 483 596 cessitque
506 560 632 589 Manasse
654 561 749 594 tribui,
764 569 847 597 quam
863 570 918 590 non
944 571 1028 591 occu-

244 607 328 641 pavit.
346 605 464 633 Exlerus
475 605 548 633 enim
570 613 624 633 non
642 607 752 633 excisus
772 607 882 641 penitus
902 614 964 634 cum
988 608 1030 635 in-

244 651 421 684 surrexisset,
435 658 497 679 eam
513 659 575 679 cum
589 651 652 679 aliis
671 652 770 679 iterum
797 653 879 688 cepit.
896 652 1030 681 Caeterum

245 697 329 726 Israel
343 697 453 726 viribus
463 697 639 732 recuperatis
653 698 803 733 vectigales
823 705 871 726 eos
884 698 960 726 fecit.

281 783 451 811 Ilabitatore:
474 783 576 811 Anc/to.
601 783 672 821 [δι]
697 784 735 812 De
765 792 798 813 ea
830 793 913 820 quam
947 787 1029 814 hodie
1063 808 1066 811 λ

245 830 440 858 Ptolemaidem
456 834 556 857 vocant
572 830 652 858 dicit.

280 874 338 902 Nec
357 875 522 902 habitatores
553 875 618 904 Dor.
638 875 729 904 Limes
753 876 827 907 enim
843 877 902 904 haec
915 877 1032 905 duarum

245 920 364 948 tribunum
375 925 445 948 erat.

279 965 370 1001 Supra
385 966 513 994 Acrabin.
529 965 607 994 Mons
618 966 662 994 hic
683 965 786 996 ludam
818 975 916 996 versus
942 969 1034 1002 orien-

245 1015 298 1039 tem
314 1015 367 1040 est.

279 1058 300 1084 A
317 1062 392 1092 petra
402 1062 426 1085 et
435 1065 528 1092 supra.
546 1057 590 1094 Ui,
610 1057 650 1094 1,]
664 1057 738 1087 Urbs
748 1062 791 1086 est
805 1058 927 1087 Idumaei.

281 1105 396 1139 Angelus
426 1104 546 1132 Domini.
567 1103 641 1141 Euge
666 1104 713 1132 Dei
746 1106 955 1140 humanitatem,
987 1107 1034 1141 qui

244 1153 410 1184 peccatores
426 1149 664 1184 erudit,inlirmos
678 1151 853 1185 consolatur,
868 1156 895 1180 et
905 1151 1034 1180 lsraelem

245 1195 278 1222 ad
295 1195 426 1229 pietatem
437 1194 554 1222 reducit.

281 1239 316 1267 Et
332 1240 437 1268 dimisit
451 1240 535 1268 Iosue
546 1241 686 1276 populum,
697 1247 747 1269 etc.
757 1241 810 1278 [6.]
825 1242 963 1277 Repetitio
981 1245 1033 1274 est,

246 1285 333 1313 multa
346 1290 409 1320 post
425 1291 542 1314 mortem
555 1286 640 1315 Josue
656 1287 713 1322 jam
731 1288 883 1316 recensuit.
899 1287 1035 1320 Quemad-

246 1330 360 1358 modum
375 1338 407 1358 ea
419 1338 530 1366 quoque
549 1332 649 1367 repetit
666 1340 728 1367 quaa
747 1332 887 1360 defunctis
899 1333 952 1367 pie.
966 1332 1035 1360 libe-

246 1375 342 1411 risque
369 1377 492 1411 ipsorum
516 1377 609 1412 impiis
635 1378 709 1406 dicta
730 1378 866 1406 sunt.‘Ad
879 1386 949 1414 quos
969 1385 1036 1406 sane

247 1421 350 1449 missus
372 1425 415 1450 est
439 1422 564 1458 angelus,
582 1423 630 1458 qui
659 1430 772 1450 causam
794 1424 938 1459 proposuit
953 1431 1035 1459 quam

247 1468 284 1496 ob
295 1468 389 1496 hostes
409 1476 476 1498 suos
494 1477 628 1505 superare
659 1477 714 1498 non
727 1476 886 1506 potuerunt.
899 1471 1035 1504 Quoniam

247 1521 313 1542 vero
334 1518 398 1550 post
407 1514 556 1543 adventum
577 1515 667 1551 angeli
686 1515 838 1550 ejularuut,
849 1515 1036 1552 judicesipsis

247 1560 382 1588 excitavit
396 1561 541 1589 Dominus.

1119 473 1171 505 Εἰς
1185 471 1242 507 γῆν
1257 471 1400 506 Χεττιείμ.
1413 470 1470 506 Τὴν
1484 469 1598 504 Κύπρον
1611 468 1689 503 φησί.

1121 517 1181 552 Τὴν
1203 516 1356 552 Μαγεδδώ.
1381 516 1493 551 Ταύτην
1504 513 1577 542 εἷλεν
1597 513 1702 549 Ἰησοῦς
1715 514 1730 540 ὁ
1743 512 1875 540 ἀποκτεί-

1082 570 1130 594 νας
1143 561 1230 597 αὐτῆς
1242 562 1288 588 τὸν
1301 561 1415 596 βασιλέα
1425 570 1432 576 ·
1449 560 1498 588 καὶ
1511 560 1608 594 γέγονε
1619 558 1708 600 (puli);
1720 556 1856 591 Μανασσῆ
1866 564 1874 571 ·

1084 607 1117 643 ἣν
1144 607 1174 634 οὖ
1200 607 1344 642 κατέσχεν.
1371 607 1400 634 '0
1423 607 1478 642 γὰρ
1510 605 1662 639 ἀλλόφυλος
1690 603 1741 630 οὐκ
1767 602 1876 637 ἔξαιρε-

1083 654 1149 686 θεὶς,
1166 654 1314 684 ἔπισυστὰς
1337 652 1419 680 πάλιν
1444 649 1518 678 εἷλεν
1541 651 1626 685 αὐτὴν
1643 651 1691 677 καὶ
1714 649 1765 680 τὰς
1780 648 1874 679 ἄλλας.

1090 698 1198 734 Ἰσραὴλ
1208 697 1236 724 δὲ
1248 698 1328 725 πάλιν
1344 697 1467 733 ίσχύσας,
1482 696 1639 732 ὑποφόρους
1654 696 1767 726 τούτους
1781 692 1876 729 εἰργά-

1086 754 1161 774 σατο.

1117 793 1218 830 Ἆγχὼ,
1228 793 1278 829 τὴν
1291 791 1338 819 νῦν
1351 791 1522 826 Πτολεμαΐδα
1537 790 1627 826 φησιν.

1124 879 1200 908 οὐδέ
1219 879 1289 910 τοὺς
1311 877 1525 910 κατοικοῦντας
1549 876 1620 910 Δώρ.
1656 874 1793 910 Μεθόριον
1821 873 1877 908 γὰρ

1087 923 1121 962 ἦν
1138 925 1209 961 αὕτη
1227 925 1282 952 τῶν
1301 924 1349 951 δύο
1364 923 1466 958 φυλῶν.

1123 970 1238 997 Ἐπάνω
1261 969 1412 1004 ’Λκρασίν.
1435 968 1529 1004 Ὅριον
1552 967 1632 994 τοῦτο
1651 967 1700 1002 τῆς
1721 965 1877 1001 Ἰδουμαίας

1085 1015 1256 1044 ἁνατολικόν.

1094 1049 1098 1051 ί
1126 1061 1199 1088 Ἀπὸ
1206 1060 1262 1095 τῆς
1272 1059 1382 1094 πέτρας
1390 1058 1438 1086 καὶ
1445 1057 1554 1090 ἐπάνω,
1567 1057 1644 1089 πόλις
1656 1056 1704 1084 τοῦ
1711 1057 1777 1084 Ἰδου
1782 1056 1875 1091 μαιου.

1122 1107 1266 1141 Ἀγγελος
1281 1105 1401 1140 Κυρίου.
1421 1102 1492 1139 Εὖγε
1507 1103 1558 1138 τῆς
1574 1103 1622 1130 τοῦ
1637 1101 1705 1129 Θεοῦ
1721 1101 1876 1136 φιλανθρω-

1086 1153 1163 1185 πίας.
1199 1151 1420 1187 Ἀμαρτάνοντας
1451 1149 1592 1181 παιδεύει,
1626 1148 1672 1175 καὶ
1702 1146 1879 1181 ἀθυμοῦντας

1086 1198 1245 1234 παρακαλεῖ
1261 1197 1329 1232 πρὸς
1344 1195 1487 1222 εὐσέϐειαν
1499 1194 1675 1229 ἐπιστρέφων
1686 1193 1733 1220 τὸν
1754 1191 1877 1227 Ἰσραήλ.

1120 1243 1175 1270 Καὶ
1196 1243 1410 1275 ἐξαπέστειλεν
1428 1241 1549 1275 Ἰησοῦς
1574 1240 1628 1267 τὸν
1649 1239 1736 1269 λαόν.
1758 1238 1877 1265 Ἐπανά-

1086 1289 1176 1324 ληψις.
1200 1289 1288 1315 Πολλά
1302 1288 1357 1323 γὰρ
1381 1285 1459 1316 εῡτεν
1479 1287 1531 1322 ἤδη
1556 1286 1624 1322 μετά
1639 1285 1753 1313 θάνατον
1776 1283 1876 1319 Ἰησοῦ,

1085 1335 1123 1365 ὡς
1136 1334 1229 1361 καὶτὰ
1243 1334 1306 1367 ἑξῆς
1331 1333 1557 1368 ὲπαναλαμϐἀνει
1580 1332 1614 1358 τὰ
1639 1331 1706 1366 περὶ
1720 1330 1776 1357 τῶν
1798 1330 1878 1356 εὐσε-

1087 1379 1141 1412 ϐῶς
1152 1379 1396 1414 τετελευτηκότων,
1412 1379 1460 1406 καὶ
1482 1378 1539 1411 τῶν
1553 1377 1584 1411 ἐξ
1598 1377 1711 1404 ἐκείνων
1722 1376 1877 1411 ἀσεϐησάν-

1086 1435 1151 1458 των,
1171 1425 1240 1460 πρδς
1264 1425 1312 1456 οὓς
1339 1427 1387 1452 καὶ
1409 1424 1550 1460 ἀπεστάλη
1574 1424 1588 1450 ό
1605 1423 1731 1458 ἄγγελος.
1752 1423 1809 1457 Τὴν
1822 1422 1879 1458 γὰρ

1086 1472 1176 1499 αἰτίαν
1193 1471 1374 1506 παρενέϐαλε,
1390 1470 1424 1497 δι’
1439 1470 1473 1505 ἢν
1495 1468 1690 1505 περιγενέσθαι
1704 1467 1759 1494 τῶν
1770 1467 1879 1503 ἐχθρῶν

1087 1519 1118 1545 οὑ
1131 1517 1301 1553 δεδύνηνται.
1334 1516 1405 1544 Ἀλλ’
1426 1518 1488 1544 ἐπεὶ
1504 1516 1637 1549 ἐλθόντος,
1662 1515 1810 1547 ἔκλαυσαν,
1828 1513 1878 1540 τοῦ

1087 1563 1217 1598 ἀγγέλου,
1233 1563 1295 1594 τοὺς
1322 1562 1419 1598 κριτὰς
1433 1562 1525 1594 αὐτοῖς
1539 1563 1553 1589 ό
1574 1562 1676 1598 Κύριος
1690 1561 1880 1597 ἦγειρεν.¹Εν-

1089 1609 1177 1637 ταῦθα
1191 1609 1244 1644 γὰρ
1256 1609 1273 1643 ὴ
1287 1609 1336 1643 τῆς
1348 1608 1453 1640 ἑννοίας
1470 1608 1610 1640 ἀπόδοσις.

283 1648 317 1676 Et
331 1649 444 1676 tradidit
463 1649 490 1683 in
516 1657 611 1677 manus
624 1657 715 1677 eorum
735 1651 781 1685 qui
799 1649 965 1684 diripuerunt
977 1659 1033 1678 eos.

1121 1655 1177 1681 Kal
1212 1654 1383 1689 παρέδωκεν
1412 1653 1524 1686 αὐτοὺς
1555 1653 1599 1686 εἰς
1630 1654 1733 1687 xat'pac
1766 1659 1878 1686 προνο-

249 1694 318 1731 [14.]
337 1694 505 1724 Verberibus
519 1697 592 1723 enim
600 1700 626 1723 et
636 1696 779 1724 laboribus
795 1698 887 1724 anima
897 1697 929 1724 ad
952 1705 1037 1732 agno-

248 1740 382 1768 scendum
396 1740 542 1768 Dominum
559 1741 945 1776 redigitur.Quemadmodum
959 1742 1037 1770 Jere-

248 1787 319 1815 mias
339 1787 447 1822 inquit:
477 1797 486 1813 ε
503 1787 658 1819 Laboribus
688 1792 716 1816 et
745 1787 865 1823 ﬂagellis
894 1789 1040 1817 erudictur

248 1833 401 1861 Jerusalem
416 1833 449 1860 “.
470 1842 480 1859 ι

283 1877 359 1913 Regis
369 1877 465 1912 Syria),
483 1877 693 1912 Mesopotamiae.
713 1878 978 1916 JosephusAssyria:
993 1888 1038 1910 rc-

249 1931 310 1958 gem
335 1931 396 1951 esse
417 1924 501 1952 tradit
528 1923 765 1952 Chusaretathon.
794 1926 843 1953 Sin
859 1934 925 1955 vero
936 1927 987 1955 hoc
1001 1928 1038 1956 ita

249 1973 302 2002 est,
319 1969 406 2005 Syriae
434 1977 546 2005 quoque
577 1969 641 2001 fuit.
657 1970 755 2004 Totius
776 1971 851 2004 enim
862 1972 935 2000 Asia:
950 1973 1037 2008 impc-

249 2015 324 2043 rium
341 2015 448 2050 Assyrii
467 2020 626 2044 tenuerunt.

286 2063 321 2090 Et
332 2063 513 2091 clamauerunt
527 2063 579 2098 ﬁlii
594 2062 681 2090 Israel
694 2062 731 2090 ad
754 2063 909 2092 Dominum.
923 2064 980 2100 ΗΠ,
996 2065 1037 2101 9.]

250 2109 360 2136 Clamor
373 2109 539 2136 hiclaullem
567 2113 701 2141 meretur.
725 2110 857 2145 quoniam
881 2119 913 2138 ex
940 2111 1039 2146 resipi-

251 2155 358 2183 scentia
377 2161 419 2183 est
442 2156 593 2190 profectus.
608 2155 645 2183 De
674 2163 727 2190 qua
750 2155 837 2183 David
852 2164 964 2191 quoque
978 2157 1037 2184 ait:

253 2210 263 2227 ‹
276 2201 399 2235 Domine,
416 2202 533 2229 clamavi
548 2202 581 2229 ad
592 2205 628 2235 te,
647 2201 711 2229 audi
724 2209 768 2229 me
785 2202 820 2229 ".
840 2212 849 2228 ι
865 2202 952 2230 Item:
971 2212 980 2228 ι
1000 2202 1038 2232 Ex

252 2247 397 2282 profundis
413 2248 530 2275 clamavi
544 2247 578 2276 ad
595 2252 632 2281 te,
652 2247 769 2276 Domine
784 2248 817 2276 ".
833 2257 842 2274 ι

285 2293 320 2320 Et
347 2294 514 2329 conﬁrmavit
552 2293 682 2321 Dominus
708 2294 803 2330 Eglom
829 2301 915 2329 regem
936 2293 1039 2321 Moabi-

1085 1700 1240 1736 μενόντων
1249 1719 1256 1733 ,
1267 1699 1316 1726 καὶ
1330 1700 1614 1734 κατεπρονόμευσαν
1627 1699 1747 1731 αὐτούς.
1758 1698 1879 1733 Πληγαῖς

1087 1747 1142 1782 γὰρ
1158 1747 1206 1773 καὶ
1235 1746 1328 1777 πόνοις
1351 1745 1368 1781 ἡ
1391 1744 1465 1780 ψυχὴ
1478 1744 1648 1779 διορθοῦται,
1675 1744 1723 1770 τὸν
1737 1743 1879 1777 Δεσπότην

1089 1791 1318 1826 ἐπιγινώσκουσα,
1333 1790 1406 1818 καθά
1421 1798 1505 1826 φησιν
1526 1790 1661 1825 Ἱερεμίας
1672 1798 1680 1805 υ
1701 1799 1710 1815 ι
1722 1789 1816 1821 Πόνοις
1830 1789 1880 1815 καὶ

1091 1837 1200 1873 μάστιξι
1216 1837 1396 1873 παιδευθήσῃ.
1415 1836 1604 1872 Ἰερουσαλήμ.
1619 1845 1629 1862 ι

1124 1882 1277 1915 Βασιλέως
1295 1882 1404 1916 Συρίας
1414 1882 1653 1917 Μεσοποταμίας.
1672 1881 1727 1917 (49)
1748 1881 1880 1916 Ἰώσηπος

1089 1928 1242 1964 Ἀσσυρίας
1257 1926 1329 1955 εἶναι
1344 1927 1456 1962 βασιλέα
1472 1928 1539 1963 φησι
1550 1929 1596 1955 τὸν
1603 1927 1835 1963 Χουσαρεταθώμ,
1847 1927 1881 1953 Εἰ

1078 1974 1117 2001 ,δὲ
1136 1975 1225 2007 τοῦτο,
1240 1974 1287 2001 καὶ
1303 1973 1414 2009 Συρίας.
1438 1974 1531 2009 nam;
1548 1975 1602 2010 γὰρ
1619 1972 1703 2010 ἦρχον
1717 1973 1768 2008 τῆς
1785 1972 1880 2004 Ἀσίας

1096 2019 1246 2054 Ἀσσύριοι.

1125 2064 1179 2092 Καὶ
1193 2064 1359 2099 ὲκέκραξαν
1381 2066 1408 2092 οἱ
1430 2065 1488 2092 vlol
1511 2065 1637 2099 Ἰσραὴλ
1662 2065 1737 2099 πρὸς
1757 2065 1878 2099 Κύριον.

1090 2110 1145 2145 Τὴν
1161 2110 1284 2145 κραυγὴν
1299 2110 1349 2145 τὴν
1363 2109 1510 2146 ἐπαινετὴν
1524 2111 1573 2145 τὴν
1588 2110 1634 2136 ἐπὶ
1655 2110 1795 2145 μετανοίᾳ,
1815 2109 1880 2144 περὶ

1089 2152 1122 2191 ἦς
1138 2163 1204 2190 φησι
1227 2155 1275 2181 καὶ
1297 2155 1400 2181 Δαϐίδ·
1426 2165 1434 2181 ι
1448 2155 1554 2188 Κύριε,
1577 2155 1717 2190 ἐκέκραξα
1738 2154 1807 2190 πρὸς
1835 2155 1879 2186 σὲ,

1090 2200 1249 2228 εἱσάκουσόν
1267 2210 1327 2236 μου.
1341 2212 1349 2227 ο
1371 2201 1435 2234 Καὶ,
1456 2212 1465 2228 r
1479 2200 1529 2237 Ἐκ
1545 2201 1650 2237 βαθέων
1675 2201 1812 2235 ἐκέκραξα
1825 2210 1879 2234 σοι,

1092 2246 1190 2281 Κύριε.
1212 2256 1222 2272 ι

1127 2292 1180 2318 Kal
1210 2291 1377 2327 ἐνίσχυσεν
1397 2293 1413 2320 ὁ
1438 2293 1511 2326 θεὸς
1536 2292 1589 2320 τὸν
1607 2293 1726 2327 Αὶγνλὼμ
1747 2293 1882 2324 ,βασιλέα

252 2344 352 2366 larum.
380 2327 449 2376 [ἀι]
478 2339 607 2368 Secessio
629 2340 702 2367 enim
730 2327 778 2368 Dei
808 2327 936 2368 hostibus
969 2340 1039 2367 vires

1094 2337 1192 2365 Μωάϐ.
1225 2337 1258 2364 Ἦ
1282 2337 1337 2373 γὰρ
1362 2338 1392 2370 ἐξ
1412 2337 1519 2374 Ἰσραὴλ
1540 2338 1715 2374 ἀναχώρησις
1738 2338 1786 2364 τοῦ
1812 2338 1881 2365 Θεοῦ

253 2385 449 2420 suppeditavit.

1094 2384 1151 2415 τοῖς
1166 2383 1307 2419 πολεμίοις
1324 2385 1456 2419 παρεῖχεν
1470 2383 1556 2419 ἰσχύν.

287 2440 345 2467 Aod
367 2440 452 2475 ﬁlium
465 2440 544 2473 Gem,
556 2441 642 2475 ﬁlium
655 2439 765 2468 Jemim’.
780 2440 839 2476 [15]
851 2439 969 2468 Honoris
979 2440 1066 2475 gratia
1077 2438 1178 2471 lcmini
1191 2439 1293 2475 ipsum,
1303 2439 1355 2467 hoc
1366 2445 1417 2472 est,
1427 2440 1523 2467 dextra
1540 2447 1599 2467 mea
1612 2439 1770 2474 appellavit.
1781 2437 1882 2471 Quem-

254 2483 403 2511 admodum
431 2485 516 2513 Chusi
542 2493 653 2520 quoque
681 2492 808 2512 summus
832 2484 942 2512 Davidis
974 2484 1080 2512 sodalis
1103 2483 1150 2518 qui
1178 2483 1296 2511 consilia
1323 2483 1488 2518 Achitophcl
1506 2483 1617 2518 disjccit
1655 2482 1756 2510 .leuuui
1778 2489 1883 2518 cogno-

255 2531 348 2555 mento
377 2532 502 2556 vocatur.
534 2529 621 2556 Porro
641 2528 721 2556 Eliud
740 2528 915 2563 interpretari
934 2528 1008 2560 licet,
1033 2527 1137 2555 dexter.
1163 2527 1216 2560 Qui
1252 2527 1337 2563 igitur
1376 2527 1554 2555 ambidexter
1584 2535 1640 2555 non
1671 2526 1734 2559 fuit,
1749 2527 1796 2561 qui
1815 2526 1882 2554 nihil

255 2570 362 2598 sinistri
386 2571 492 2599 habuit.
505 2571 557 2605 Qui
578 2577 702 2600 servator
722 2572 789 2601 item
807 2572 899 2600 dictus
914 2575 969 2604 est,
991 2579 1055 2599 cum
1069 2575 1144 2599 totus
1160 2571 1257 2599 dexter
1282 2570 1329 2605 sit,
1346 2575 1373 2599 et
1393 2571 1467 2599 ﬁlius
1488 2571 1571 2604 Gera,
1584 2570 1665 2606 cujus
1681 2570 1881 2605 interpretatio,

256 2615 496 2651 pereyrinationem
511 2624 619 2643 cernens
652 2620 746 2644 souat.

291 2681 344 2714 Qui
359 2681 475 2716 regnavit
491 2682 518 2708 in
536 2681 636 2709 Hazar.
653 2681 710 2717 ΙΝ,
738 2682 765 2709 2.
781 2682 790 2718 ]
815 2682 900 2715 Quam
912 2689 979 2710 sane
993 2690 1041 2711 so-

1136 2683 1187 2715 Ὃς
1199 2683 1401 2710 ἐϐασίλευσεν
1412 2683 1446 2710 ἐν
1467 2682 1570 2716 Ἀσὼρ.
1593 2681 1644 2708 ’Ἦν
1674 2679 1720 2707 καὶ
1739 2678 1822 2715 μόνην
1841 2677 1883 2704 ἐν-

288 2770 511 2804 "Jercm.vr,7,
530 2771 556 2798 8.
598 2770 772 2805 "Psal.cxr.,
788 2771 811 2798 Ι.
844 2771 1047 2800 “Psal.cxxrx
1067 2771 1093 2798 'l.

1020 2828 1134 2856 NOT/E.

287 2888 342 2924 (49)
381 2887 424 2915 Ἐν
452 2887 483 2921 τῇ
512 2885 583 2912 κατὰ
609 2885 656 2920 τὴν
679 2885 761 2916 Ὄξον.
790 2885 838 2919 τῆς
851 2885 1042 2919 Γραφ.ἐκδόσ.

1069 2883 1150 2910 οὕτω.
