2086 3160
193 165 262 199 1049

725 171 996 202 COMMENTARII
1011 171 1052 202 IN
1070 173 1241 204 JUDICES.

1754 174 1822 208 1050

189 223 312 259 ἔπρησεν
339 224 454 259 Ἰησοῦς,
482 223 519 256 ὡς
531 225 586 252 τῶν
612 225 714 252 λοιπῶν
742 226 979 262 προκαθεζομένηι

1040 227 1093 255 lam
1111 228 1291 256 inﬂammavit
1306 228 1401 262 .losue,
1422 227 1522 265 "utpote
1545 229 1592 265 qui
1617 229 1736 265 primum
1750 229 1823 258 inter

189 269 347 304 βασιλειῶν,
365 270 411 296 καὶ
425 270 561 305 ἄρχουσαν
576 271 630 297 τῶν
644 271 812 307 ἀλλοφύλων.

1039 274 1146 309 reliqua
1163 275 1253 302 locum
1271 279 1387 307 teneret,
1403 280 1430 304 ct
1443 276 1547 304 exteris
1567 276 1751 311 imperitaret.

225 324 274 353 Est
287 332 352 352 vero
366 324 441 352 Jabis
457 324 529 352 ultra
547 324 698 354 Jordanem
718 327 818 362 posita.
834 326 913 355 Nunc
926 334 992 356 vero
1001 327 1080 357 vicus
1093 332 1135 357 est
1150 329 1185 358 ad
1205 329 1367 359 vicesimum
1382 331 1493 367 signum
1509 330 1524 359 a
1540 330 1613 360 Pella
1627 331 1728 367 oppido
1736 331 1823 361 dissi-

190 374 252 398 tus:
272 369 307 397 ad
319 370 464 405 sexaginta
484 377 552 398 vero
570 371 789 400 ascendentibus
812 371 955 400 Gerasam.

222 427 274 460 Εἰς
295 426 364 461 ὅρος
387 426 502 461 Βαθώρ.
530 428 612 463 Ὄρος
643 428 741 463 Βαθὼρ
764 429 794 455 ἐν
819 429 853 464 τῇ
875 428 981 456 πεδιάδι

191 474 279 500 κεῖται
293 472 350 500 ἀπὸ
363 472 486 508 σημείων
498 475 513 500 ι’
526 474 739 509 Διοκαισαρείας
752 474 824 501 κατὰ
835 474 980 506 ἀνατολάς.

193 518 327 555 Ὅριονδέ
344 518 424 546 τοῦτο
446 519 534 555 φυλῆς
554 518 681 556 Ἰσσάχαρ
700 521 748 547 καὶ
768 520 854 555 φυλῆς
872 521 983 556 Νεφθα-

192 564 257 599 λείμ
266 572 273 580 ·
291 561 325 600 ἦς
341 562 376 600 ἦν
389 564 475 597 Κεδές
489 565 506 600 ἠ
518 564 596 597 πόλις
608 565 733 602 ἵερατική
747 575 776 593 τε
791 567 839 594 καὶ
850 566 984 601 φυγαδευ-

192 610 287 645 τήριον
301 609 351 644 τῆς
368 609 524 642 Γαλιλαίας.

223 657 275 690 Εἰς
287 655 409 690 σκηνὴν
423 655 504 690 Ὶαὴλ
518 657 661 691 γυναικὸς
671 657 765 691 Χαόὲρ
781 657 834 685 τοῦ
848 657 980 685 Κιναίου.

193 701 288 737 Χάὗερ
302 702 349 728 τοῦ
366 702 491 729 Κιναίου.
515 702 618 734 Υἱωνδς
639 698 718 734 οὗτος
738 702 831 738 Ἰοοὼρ
847 702 894 729 τοῦ
910 711 982 739 γαμ-

191 748 258 783 6ροῢ
282 748 435 781 Μωῢσέως.
464 749 513 780 ’ος
527 748 587 775 ἐκεῖ
606 747 703 784 πρώην
716 749 830 783 διάγων,
843 749 981 784 θεασάμε-

191 801 236 825 νος
251 792 298 820 τοῦ
315 793 434 829 πολέμου
451 792 499 828 τὴν
513 793 618 827 ἔφοδον,
636 794 731 829 πόρῤω
753 801 806 820 που
821 793 870 828 τῆς
891 793 982 828 μάχης

190 838 309 873 ἐγένετο,
329 839 377 866 καὶ
397 839 448 875 τὴν
472 839 571 866 ἑαυτοῦ
594 839 698 874 σκηνὴν
724 838 808 874 ἔπηξε
826 840 894 875 πρὸς
916 839 982 875 δρῦν

190 884 407 919 ἀναπαυομένων
427 884 543 919 πλησίον
557 884 608 920 τῆς
621 884 715 916 Κεδὲς.

224 929 270 964 Τῷ
283 929 388 965 Σισάρᾳ
398 929 470 964 ὕδωρ
487 929 607 957 αἰτοῦντι
627 930 698 964 γάλα
712 931 877 967 παρέσχετο,
893 930 931 962 ὡς
947 930 981 958 ἂν

189 975 236 1002 καὶ
253 975 354 1011 μᾶλλον
369 975 407 1008 ὡς
419 975 551 1012 εὐνοούσῃ
569 975 727 1003 πιστεύσειε
739 985 747 993 ·
768 977 816 1004 καὶ
830 976 982 1012 καθυγραν-
997 992 1018 1022 Β

189 1020 258 1055 θεὶς,
276 1022 325 1048 καὶ
338 1023 395 1054 τοῖς
410 1022 595 1058 περιϐολαίοις
610 1022 789 1058 θαλπόμενος,
804 1022 981 1058 κατενεχθείη

189 1067 258 1102 πρὸς
283 1067 376 1096 ὕπνον.
399 1068 553 1105 Ἐθάρῤησε
575 1069 604 1096 δέ
625 1069 676 1104 τὴν
697 1069 785 1105 ἀρχὴν
815 1070 876 1100 ταῖς
915 1078 982 1105 προ-

189 1113 362 1149 ὓπαρξάσαις
377 1114 506 1147 σπονδαῖς
519 1114 594 1150 αὑτῷ
606 1123 636 1142 τε
650 1115 697 1142 καὶ
713 1115 805 1151 Χάϐερ
817 1115 864 1142 τοῦ
875 1115 978 1150 ταύτης

190 1158 297 1193 ἀνδρός.

225 1246 279 1274 Καὶ
297 1244 357 1283 ᾖσε
381 1247 514 1282 Δεΰϐώρα
538 1248 588 1276 καὶ
610 1249 711 1284 Βαρὰκ
737 1249 803 1282 υἱὸς
827 1249 982 1284 Ἀμϐινεὲμ

189 1290 224 1319 ἂν
237 1290 274 1325 τῇ
287 1291 382 1326 ᾑμέρᾳ
395 1292 508 1327 ἐκείνῃ,
524 1293 678 1328 λέγοντες.
699 1294 744 1321 Ἐν
760 1296 793 1330 τῇ
807 1294 867 1330 θείᾳ
885 1295 981 1330 Γραφῇ

189 1337 287 1374 πρώτη
301 1338 350 1373 μὲν
364 1337 420 1374 ᾠδὴ
439 1339 455 1374 ἠ
478 1339 508 1367 ἐν
527 1341 560 1375 τῇ
583 1340 678 1376 Ἐξὸδῳ
689 1348 696 1354 ·
716 1341 860 1377 ι’ᾼσωμεν
872 1341 911 1377 τῷ
924 1342 981 1368 Κυ-

191 1384 253 1420 ρίῳ,
270 1384 384 1418 ἐνδόξως
412 1384 468 1420 γὰρ
488 1384 656 1419 δεδόξασται.
679 1395 688 1412 ι
706 1385 826 1421 Δευτέρα
840 1387 857 1421 ή
872 1387 901 1413 ὲν
925 1387 981 1419 τοῖς

196 1429 336 1465 ’Δριθμοϊς
359 1429 409 1457 ἐπὶ
422 1429 462 1466 τῷ
484 1431 601 1467 φρέατι·
618 1431 698 1467 τρίτη
713 1432 743 1459 ἐν
768 1431 807 1467 τῷ
821 1432 982 1467 Δευτερονο-

191 1475 247 1512 μίῳ
259 1484 267 1492 ’
283 1485 293 1503 ‹
305 1475 444 1512 Πρόσεχε,
460 1477 571 1512 οὺρανέ,
589 1477 637 1504 καὶ
651 1477 771 1513 λαλήσω.
791 1487 800 1504 ι
811 1477 935 1512 Τετάρτη
952 1478 981 1504 ἐν

188 1521 247 1554 τοῖς
259 1521 387 1558 Κριταῐς,
403 1523 420 1558 ὴ
436 1523 574 1558 παροῦσα.
588 1523 650 1559 Χρὴ
662 1523 690 1550 δὲ
703 1524 749 1551 τὸν
761 1524 899 1560 ἐφθακότα
913 1523 980 1550 ταύ-

188 1575 239 1603 την
253 1567 338 1604 ᾄδειν,
355 1568 414 1604 ἤτοι
435 1568 567 1604 μέλισσαν
590 1569 641 1605 ἤδη
660 1571 804 1604 γεγονέναι
819 1579 826 1586 ·
850 1569 981 1604 Δεϐὁῶρα

189 1613 244 1648 γὰρ
256 1613 344 1645 οὕτως
367 1614 554 1650 ἑρμηνεύεται
566 1623 574 1630 ·
602 1615 619 1651 ἢ
642 1615 854 1651 ἀναϐεϐηκέναι,
868 1615 932 1642 ὣστ’
946 1615 980 1642 ἂν

1069 430 1102 458 In
1115 437 1228 459 montem
1236 431 1349 459 Bathor.
1362 432 1419 466 ΙΝ,
1427 432 1466 469 6.]
1477 433 1506 460 In
1513 432 1628 468 planitie
1640 433 1711 461 situs
1725 437 1778 466 est,
1788 432 1823 461 ad

1034 475 1173 503 decimum
1194 484 1210 504 a
1235 476 1407 505 Diocasarea
1430 477 1548 512 lapidem
1564 477 1598 506 ab
1616 477 1733 506 oriente.
1753 477 1822 506 Ter-

1038 523 1129 550 minus
1137 529 1203 550 vero
1215 522 1260 550 hic
1274 526 1317 550 est
1329 523 1419 551 tribus
1441 523 1569 551 lssaehar
1594 528 1622 551 et
1634 522 1822 559 Nephthalim.

1037 565 1066 593 in
1080 572 1137 600 qua
1162 566 1234 594 tribu
1254 565 1342 594 Cedes
1354 569 1412 594 erat
1424 565 1490 594 urbs
1503 565 1699 601 sacerdotalis,
1716 571 1744 595 et
1760 574 1822 603 asy-

1036 611 1091 638 lum
1106 610 1236 638 Galilaete.

1072 655 1106 682 1η
1122 656 1263 683 tentorium
1279 655 1342 683 Jael
1358 657 1450 683 uxoris
1471 655 1560 684 Πειθοῖ
1574 656 1672 685 Centei.
1686 655 1757 693 [17.]
1771 656 1823 684 Ne-

1034 707 1085 735 pos
1101 699 1244 728 Jethronis
1255 701 1345 729 soceri
1358 701 1443 729 Mosis
1457 701 1503 729 hic
1516 706 1569 729 est.
1583 701 1636 735 Qui
1656 709 1718 730 cum
1736 701 1822 730 Paulo

1034 751 1099 773 ante
1115 745 1160 773 hic
1175 746 1240 773 belli
1261 750 1391 773 eventum
1413 750 1588 781 spectaturus
1605 751 1709 783 ageret,
1725 746 1822 781 procul

1032 798 1154 827 apugna
1182 791 1300 819 exstitit.
1321 791 1406 828 499
1438 791 1512 819 Fixit
1547 796 1641 819 autem
1672 791 1822 820 tentorium

1032 844 1113 864 suum
1141 837 1177 865 ad
1200 845 1335 873 quercum
1365 837 1600 873 requiescentium
1624 845 1709 873 prope
1723 837 1821 866 Cedes.

1066 924 1152 953 Porro
1168 933 1236 953 uxor
1249 925 1310 961 ejus
1337 924 1397 954 Jael
1421 925 1521 954 Siserae
1540 933 1639 961 aquam
1661 926 1765 962 petenti
1779 926 1822 954 lac

1033 971 1229 1007 praebuitque
1258 971 1456 1000 benevolentia
1487 971 1664 1000 simulatione
1688 972 1820 1007 majorem

1031 1022 1150 1046 mereret
1162 1018 1242 1046 (idem
1256 1027 1263 1046 :
1279 1025 1330 1046 nec
1345 1025 1402 1046 non
1425 1017 1614 1051 bumectatus,
1632 1018 1821 1053 stragulisque

1031 1063 1182 1092 calefactus
1214 1064 1241 1092 in
1265 1071 1395 1092 somnum
1422 1064 1608 1092 delaberetur.
1638 1064 1704 1098 Quae
1732 1064 1821 1092 oliicia

1032 1110 1126 1138 Sisera
1139 1111 1243 1146 recepit
1258 1111 1351 1138 statim
1370 1110 1495 1146 pristinis
1508 1110 1658 1138 foederibus
1672 1118 1733 1145 quae
1749 1110 1822 1138 inter

1032 1157 1124 1192 ipsum
1142 1161 1170 1185 et
1199 1156 1290 1184 lleber
1306 1157 1438 1184 maritum
1455 1156 1516 1191 ejus
1536 1156 1753 1184 intercesserant
1766 1155 1821 1184 fre-

1032 1207 1088 1231 tus.

1068 1249 1276 1283 Cecinertmtque
1304 1247 1425 1275 Debbora
1439 1252 1464 1275 et
1483 1247 1572 1275 Barac
1595 1247 1668 1282 ﬁlius
1684 1247 1820 1281 Abinoem,

1032 1295 1059 1322 in
1072 1294 1119 1321 illo
1129 1294 1173 1320 die
1188 1293 1314 1321 dicentes.
1330 1292 1376 1330 [ν.
1393 1293 1432 1329 1.]
1445 1293 1566 1321 Primum
1580 1294 1607 1321 in
1620 1293 1721 1322 divinis
1735 1293 1820 1321 Litte-

1031 1341 1070 1369 ris
1080 1340 1228 1376 epinicium
1241 1340 1269 1367 in
1295 1339 1390 1367 Exodo
1417 1344 1477 1367 est:
1496 1348 1506 1365 ‹
1525 1339 1682 1367 Cantemus
1701 1339 1822 1366 Domino

1031 1383 1095 1422 quia
1110 1386 1254 1421 magniﬁce
1271 1393 1348 1413 suam
1367 1385 1602 1421 magnificentiam
1617 1385 1742 1413 exseruit
1753 1385 1789 1412 “.
1809 1394 1819 1411 ι

1032 1430 1189 1459 Secundum
1205 1431 1233 1458 in
1249 1430 1389 1463 Numeris,
1406 1437 1491 1465 super
1508 1434 1592 1465 puteo
1602 1429 1635 1457 ⁸⁸.
1653 1429 1776 1457 Tertium
1793 1430 1821 1458 in

1032 1477 1246 1506 Deuteronomio
1263 1486 1269 1505 :
1288 1487 1298 1504 (
1311 1478 1441 1509 Adverte,
1456 1477 1569 1509 cmlum,
1580 1484 1642 1503 nam
1664 1476 1818 1511 loquar".r

1030 1524 1163 1558 Quartum
1176 1524 1229 1551 hoc
1240 1532 1361 1560 prtesens
1370 1524 1397 1551 in
1406 1523 1564 1551 Judicibus.
1577 1522 1689 1558 Oportet
1701 1530 1822 1558 praecen-

1031 1573 1119 1596 torem
1140 1569 1224 1603 hujus
1240 1568 1374 1596 carminis
1390 1568 1433 1596 vel
1453 1574 1532 1603 apem
1547 1567 1644 1600 fuisse,
1658 1574 1719 1602 qua:
1733 1567 1822 1594 nomi-

1031 1617 1073 1644 nis
1085 1616 1215 1644 chborze
1230 1615 1421 1651 interpretatio
1442 1619 1494 1648 est,
1515 1619 1563 1642 aut
1580 1621 1641 1641 eum
1659 1613 1706 1649 qui
1723 1621 1822 1642 ascen-

189 1657 271 1690 ᾳὺτὺν
294 1657 364 1687 εἶναι
389 1660 437 1687 καὶ
456 1661 602 1696 ἀστραπήν
615 1669 622 1676 ·
640 1660 655 1687 ὅ
676 1661 709 1696 δὴ
723 1662 851 1697 σημαίνει
864 1662 976 1697 Βαράκ·

1030 1662 1112 1695 derit,
1142 1661 1267 1695 adeoque
1295 1661 1343 1696 qui
1370 1659 1462 1695 fulgur
1489 1660 1547 1692 sit,
1575 1658 1650 1694 quod
1681 1657 1822 1694 signiﬁcat

188 1702 261 1741 ᾄδων
275 1704 347 1740 ᾠδὴν
359 1705 502 1738 ἐπινίκιον,
515 1705 696 1734 ἐκλειπόντων
711 1706 844 1742 βασιλέων
858 1707 913 1735 τῶν
927 1716 976 1734 πο-

191 1749 341 1785 ρευθέντων
359 1750 435 1782 ὀδοὺς
446 1751 677 1787 διεστραμμένας.

224 1794 306 1830 Δηλοῖ
318 1796 335 1830 ἡ
352 1795 448 1831 ῥῆσις·
467 1805 476 1821 ι
497 1797 543 1824 Ἑν
557 1797 596 1832 τῷ
613 1797 748 1833 ἄρχοντας
764 1798 794 1824 ὲν
811 1797 851 1833 τῷ
870 1796 977 1834 Ἰσραὴλ

188 1839 396 1874 ἀναφαίνεσθαι,
414 1850 424 1866 ι
443 1840 491 1868 καὶ
507 1841 553 1868 τὴν
567 1842 630 1869 λαδν
650 1843 743 1875 αὐτοῖς
766 1843 887 1870 ὑπείκειν
899 1844 977 1870 ἐκόν-

188 1893 232 1918 τα,
243 1885 290 1912 τὸν
304 1886 409 1921 Κύριον
427 1887 575 1921 εὐλογεῖτε.
596 1888 682 1916 Ὅταν
694 1890 749 1926 γὰρ
769 1889 909 1926 συνδράμῃ
925 1890 976 1925 ἄρ-

188 1940 243 1966 χων
256 1940 286 1958 τε
301 1931 416 1967 νόμιμος
431 1932 479 1960 καὶ
491 1933 554 1965 λαὸς
574 1934 715 1970 εὐπειθὴς,
736 1934 878 1967 δοξάζεται
892 1935 958 1966 Θεός
968 1944 976 1952 -

187 1977 218 2010 ἐξ
241 1975 272 2005 οὗ
290 1977 361 2013 ἀρχή
384 1987 414 2005 τε
439 1979 515 2006 πᾶσα
539 1980 587 2006 καὶ
609 1980 687 2014 τάξις
703 1981 732 2007 ἐν
758 1980 798 2014 τῷ
812 1981 909 2007 παντί⁸
930 1980 977 2007 0d-

186 2031 266 2060 τερον
289 2024 344 2060 γὰρ
367 2023 481 2060 Θατέρου
509 2025 595 2060 χωρὶς
634 2025 747 2058 ἀσθενές
776 2035 807 2053 τε
841 2027 889 2053 καὶ
915 2025 978 2054 ἆτα-

187 2078 261 2098 κτον.

228 2160 300 2196 Ἐγώ
311 2163 372 2196 ειμι
394 2161 434 2194 τῷ
458 2162 558 2196 Κυρίῳ
580 2162 638 2197 ἐγώ
660 2162 863 2198 ειμι,ᾷσομαι.
885 2162 979 2189 Ταῦτα

142 2206 144 2210 ’
187 2207 244 2238 τοῖς
257 2207 396 2243 βασιλεῦσι
407 2207 462 2234 τῶν
473 2207 630 2243 ἀλλοφύλων
645 2208 693 2235 καὶ
705 2209 862 2244 σατράπαις
871 2209 955 2244 φησιν
967 2215 975 2223 ⁸

186 2251 225 2284 ὡς
238 2252 269 2279 οὐ
284 2253 318 2287 τῇ
334 2252 388 2288 ἐμῇ
400 2252 524 2288 δυνάμει,
541 2253 609 2280 Θεοῦ
626 2253 654 2280 δέ
673 2253 880 2289 συνεργοῦντος,
896 2254 978 2289 ἐκρά-

187 2305 268 2332 τησα.
283 2293 318 2333 ᾯ
338 2298 385 2324 καὶ
403 2297 469 2333 ᾄδω.
488 2299 581 2334 φησὶν,
602 2298 639 2330 ὡς
659 2297 739 2334 αἰτίῳ
756 2298 805 2333 τῆς
823 2299 912 2334 νίκης.
929 2299 977 2330 Ὃς

189 2341 236 2369 καὶ
249 2342 295 2369 τὸν
311 2341 418 2378 Ἰσραὴλ
432 2342 574 2375 ἐξελέξατο
584 2363 592 2376 ,
613 2343 661 2370 καὶ
679 2343 752 2375 ἀξιοῖ
768 2342 865 2369 τούτου
885 2343 974 2370 καλεῖ-

188 2389 250 2416 σοαι
263 2389 341 2421 Θεός.

228 2436 280 2462 Ἔν
302 2434 342 2468 τῷ
357 2434 577 2469 ἐκπορεύεσθαι
590 2443 628 2462 σε
644 2435 680 2462 ἐκ
695 2435 793 2470 Σηείρ.
811 2434 866 2470 Τὴν
883 2435 914 2468 ἐξ
927 2436 976 2463 Λί-

189 2480 293 2514 γύπτου
304 2480 387 2516 φησιν
397 2481 526 2507 ἐπάνοδον
532 2480 578 2507 τοῦ
586 2480 664 2512 λαοῦ,
673 2481 880 2516 προηγουμένου
896 2483 975 2515 Θεοῦ,

188 2525 233 2552 ὅτε
245 2525 382 2551 ἔσπευσαν
407 2525 542 2560 ἡγεμόνες
566 2524 656 2561 Ἐδώμ
670 2534 677 2541 ·
701 2526 770 2561 ὅπερ
791 2525 907 2559 ’Δκύλας
921 2535 974 2562 φη-

189 2571 241 2603 σὶν,
257 2571 483 2606 ὲκλονήθησαν.

223 2617 279 2643 Kal
306 2625 339 2651 τε
352 2615 482 2650 οὐρανὸς
496 2616 646 2651 ἐταράχθη
663 2624 671 2633 ⁸
693 2617 722 2644 αἱ
733 2617 879 2652 ἀγγελικαὶ
893 2618 974 2646 δυνά-

189 2671 250 2696 μεις
261 2663 301 2695 εἰς
320 2663 370 2697 τὴν
383 2662 454 2697 ὑπὲρ
467 2661 515 2688 τοῦ
529 2662 594 2689 λαοῦ
609 2663 788 2699 διανέστησαν
805 2664 974 2699 συμμαχίαν.

187 2707 333 2734 Θιοδοτίων
359 2707 389 2735 δέ
413 2716 509 2743 φησιν,
531 2708 662 2740 Ἔσταξε
687 2709 828 2743 δρόσους.
846 2710 877 2736 Ὂ
901 2710 977 2745 δηλοῖ

187 2753 218 2780 τὸ
239 2752 305 2780 Ἐπὶ
323 2753 378 2780 τὸν
396 2753 474 2780 λαὸν
495 2753 582 2786 ἕλεος
603 2753 657 2780 τοῦ
675 2754 760 2782 Θεοῦ.
782 2754 838 2781 Καὶ
853 2756 881 2781 αἰ
898 2756 977 2790 νεφέ-

190 2798 284 2833 λαιδὲ,
303 2799 385 2834 φησὶν
397 2798 515 2832 ἐσταεαν
535 2798 618 2834 ὕδωρ.
641 2799 781 2835 Ἐπήγασε
797 2801 851 2836 γὰρ
864 2800 975 2835 διψῶντι

226 2887 248 2904 ⁵⁸
265 2886 351 2917 Exod.
369 2894 432 2921 xxv,
447 2888 470 2915 ι.

1026 1708 1123 1741 Barac,
1137 1707 1185 1743 qui
1202 1713 1315 1734 carmen
1329 1705 1475 1734 victoriale
1488 1705 1574 1733 canit.

1061 1797 1198 1826 Caeterum
1216 1797 1370 1825 versiculus
1388 1796 1452 1824 ille:
1475 1805 1484 1823 ι
1500 1795 1570 1824 Cum
1596 1794 1764 1823 defecissent
1780 1801 1823 1822 re-

1026 1851 1074 1879 ges
1084 1844 1131 1879 qui
1145 1843 1171 1870 in
1186 1842 1238 1870 viis
1252 1841 1392 1877 perversis
1421 1841 1540 1877 ingressi
1563 1844 1654 1874 erant,
1673 1849 1682 1867 ι
1706 1840 1823 1882 indicat.

1027 1888 1167 1924 principes
1177 1887 1437 1915 Israelisindixissc
1460 1887 1570 1915 laudem
1600 1885 1719 1919 Domini,
1736 1894 1823 1922 popu-

1028 1934 1141 1969 lumque
1169 1933 1224 1961 illis
1248 1933 1366 1960 libenter
1403 1940 1510 1960 morem
1545 1931 1676 1968 gessisse.
1707 1931 1775 1958 Nam
1799 1932 1822 1959 si

1027 1980 1157 2015 princeps
1189 1978 1341 2014 legitimus,
1367 1978 1543 2014 populusque
1572 1977 1729 2013 morigerus
1757 1984 1823 2004 con-

1027 2030 1152 2056 currant.
1171 2025 1257 2060 gloria
1284 2025 1331 2052 Dei
1357 2026 1508 2052 enascitur.
1537 2024 1568 2052 ln
1595 2031 1629 2052 eo
1655 2022 1823 2059 principium

1028 2071 1152 2100 omnium
1166 2079 1258 2099 rerum
1275 2070 1400 2106 ordoque
1418 2070 1556 2102 consistit,
1566 2077 1686 2105 quorum
1703 2069 1821 2097 alterttm

1029 2118 1090 2146 sine
1105 2118 1192 2145 altero
1208 2117 1349 2144 infirmum
1377 2120 1421 2144 est
1433 2123 1621 2144 acmancum.

1067 2161 1121 2198 Ego
1139 2162 1253 2189 Domino
1267 2169 1373 2189 canam.
1387 2161 1437 2197 [5.]
1454 2161 1502 2189 llis
1523 2161 1556 2188 ad
1570 2168 1649 2196 reges
1658 2164 1685 2188 et
1697 2159 1823 2195 satrapas

1029 2212 1188 2237 exterorum
1202 2208 1328 2243 respicit,
1343 2212 1518 2244 testaturque
1545 2214 1600 2235 non
1621 2206 1741 2242 propriis
1756 2204 1823 2233 viri-

1030 2254 1093 2286 bus,
1109 2261 1204 2282 verum
1217 2253 1264 2282 Dei
1290 2261 1343 2288 ope
1365 2261 1415 2281 eos
1440 2260 1595 2289 superasse.
1615 2252 1666 2280 Cui
1682 2259 1762 2284 cano,
1779 2251 1821 2278 in-

1030 2307 1125 2335 quam,
1149 2307 1314 2334 omnemque
1333 2298 1455 2326 victoriae
1487 2298 1597 2326 laudem
1635 2297 1745 2330 tribuo;
1775 2295 1822 2330 qui

1028 2345 1156 2373 lsraelem
1189 2353 1300 2381 quoque
1335 2345 1435 2381 elegit,
1469 2344 1586 2380 ejusque
1618 2343 1690 2371 Deus
1731 2341 1823 2370 vocari

1027 2392 1169 2427 dignatur.

1073 2437 1139 2464 Cum
1167 2437 1254 2464 exire:
1283 2445 1297 2465 ι
1319 2436 1388 2464 Seir.
1415 2434 1467 2472 [4.]
1491 2435 1646 2463 Rcditionis
1675 2434 1767 2470 populi
1788 2441 1822 2463 ex

1031 2481 1160 2518 Aigypto,
1190 2489 1273 2516 quam
1301 2481 1358 2508 Deo
1386 2480 1512 2509 fecerunt
1530 2480 1654 2515 auspice,
1685 2479 1821 2508 meminit.

1030 2525 1147 2558 Quando
1163 2526 1302 2560 principes
1327 2525 1414 2552 Edom
1436 2532 1483 2553 cos
1508 2524 1637 2553 insectati
1652 2529 1726 2553 sunt.
1743 2524 1822 2558 Quod

1030 2572 1129 2606 Aquila
1147 2571 1293 2606 exprimit:
1306 2570 1437 2598 Concussi
1453 2576 1526 2598 sunt.

1061 2617 1164 2645 leum
1177 2625 1242 2644 sane
1259 2622 1421 2644 commotum
1443 2621 1493 2648 est.
1516 2622 1570 2646 etc.
1587 2617 1680 2652 Copia:
1691 2616 1823 2652 angelicae

1025 2663 1053 2690 in
1068 2663 1202 2690 auxilium
1220 2662 1315 2697 populi
1327 2662 1550 2690 insurrexerunt.
1565 2661 1740 2690 Tlteodotion
1756 2670 1824 2689 vero

1029 2709 1131 2745 inquit,
1148 2708 1209 2736 Illis
1225 2709 1373 2736 destillavit
1401 2716 1499 2741 rorem,
1522 2709 1595 2743 quod
1614 2708 1685 2736 idem
1707 2715 1739 2736 ac
1755 2708 1821 2736 illud

1031 2760 1092 2783 est:
1117 2755 1202 2787 Super
1215 2754 1311 2789 populo
1333 2754 1517 2782 misericordia
1546 2753 1603 2781 Dei.
1630 2754 1674 2781 Ait
1698 2754 1774 2786 item,
1793 2758 1821 2781 et

1031 2801 1118 2829 nubes
1132 2801 1273 2830 stillarum
1302 2808 1404 2836 aquas;
1434 2800 1539 2829 sitienti
1555 2799 1628 2828 enim
1641 2799 1741 2836 populo
1758 2799 1819 2829 fon-

526 2887 546 2902 "
559 2886 640 2915 Num.
658 2887 773 2920 xxt,18.
813 2888 925 2917 l"‘Deut.
945 2896 1031 2921 xuii,
1054 2889 1078 2917 l.
