2086 3160
273 159 338 195 1051

922 163 1099 195 PROCOPII
1118 164 1239 195 GAZAEI

1834 172 1903 206 1052

269 224 310 247 tes
332 218 459 254 praebuit.
478 219 557 253 Quod
576 220 804 256 signiﬁcationem
826 220 897 249 forte
920 222 988 257 legis
1013 229 1053 257 pei

1114 221 1171 256 λαῷ
1184 230 1190 237 ’
1210 223 1338 258 σημαίνοι
1355 223 1378 251 δ’
1399 223 1432 251 ἂν
1451 224 1516 257 ἴσως
1533 225 1581 253 καὶ
1599 226 1644 253 τὸν
1669 227 1704 254 δι’
1721 228 1846 262 ἀγγέλων
1861 231 1907 257 νό-

270 264 380 299 angelos
397 265 467 291 datae
481 265 581 293 habere
597 266 695 301 possit.

301 307 403 336 Montes
415 310 535 336 concussi
545 310 664 346 sunt.[V,
673 310 715 346 5.]
726 310 907 347 Dignitatibus
920 311 990 339 inter
997 319 1059 346 gen-

268 357 309 382 tes
325 355 489 383 eminentes.
508 355 563 383 Aut
586 360 662 384 certe
688 358 772 384 etiam
799 364 894 384 eorum
918 357 1058 392 principes

266 402 417 430 daemones.

303 446 380 474 Sinni
397 448 457 475 iste.
471 447 654 484 Symmachus
670 447 816 485 eiposuit:
848 450 898 478 llic
926 457 965 478 cst
980 451 1057 484 Sina,

267 494 344 522 utsit
362 494 470 522 Domini
498 494 575 523 Sina.
601 495 669 529 Quis
707 504 774 525 vero
803 497 847 524 hic
877 498 1008 526 Dominus
1023 500 1059 526 sit

265 539 517 568 subintulit.Porro
531 541 575 570 his
589 549 712 570 consena
727 542 811 571 David
819 552 929 579 quoque
944 546 970 572 in
980 553 1059 573 Sexa-

265 586 372 621 gesimo
403 587 522 622 septimo
537 588 643 622 psalmo
663 589 721 616 ait:
745 598 754 615 ι
769 589 852 623 Deus,
870 591 1057 625 cumegrede-

265 632 335 660 reris
354 637 418 660 ante
435 634 566 668 populum
581 638 669 667 tuum,
679 636 884 665 cumtrausires
895 637 921 664 in
935 637 1055 668 deserto.

266 682 339 704 terra
354 679 531 712 contremuit,
546 685 573 707 et
583 680 646 707 mali
662 680 826 708 stillarunta
837 681 907 709 facie
921 681 967 710 Dei
979 683 1055 716 Sina,

267 730 282 749 a
299 722 370 751 facie
378 723 425 751 Dei
440 724 580 753 Isne-1".»
594 725 634 754 Ae
645 726 679 754 de
691 726 802 754 Christo
820 735 852 755 ea
869 729 951 756 verba
972 737 1055 757 usur-

265 773 322 802 pat,
334 770 380 803 qui
396 770 430 797 de
447 769 508 798 Seir
520 776 548 798 et
563 770 646 798 Edom
658 772 778 800 transiit.
789 772 849 806 Quo
859 774 969 802 nomine
983 775 1055 803 Esau

267 818 394 847 vocatur,
410 820 440 842 ut
471 817 549 844 testis
569 822 611 845 est
632 817 787 853 Scriptura,
810 819 871 855 ejus
891 821 938 856 qui
966 821 1055 858 imago

266 867 308 887 est
325 861 417 895 populi
451 863 502 898 legi
532 864 646 897 subditi,
664 865 711 900 qui
729 873 791 892 cum
814 866 953 895 belluinus
967 873 1053 901 esset,

265 910 362 934 contra
375 906 516 935 Christum
532 908 618 937 Jacob
627 916 816 944 nuncupatum
830 912 968 940 clamavit.
986 913 1054 940 Nam

264 951 292 980 in
319 953 390 980 duos
420 955 536 990 populos
558 956 688 985 Rebeccae
713 957 760 985 lilii
782 963 846 986 sunt
870 961 1014 995 assumpti.
1029 960 1055 988 Is

264 997 350 1033 igitur
364 998 493 1028 Christus
512 1009 575 1028 cum
590 1010 622 1029 ex
642 1005 715 1030 terra
735 1003 844 1031 deserta
856 1005 1054 1033 acinhabitata

266 1044 387 1073 transire
405 1045 495 1078 vellet,
507 1050 609 1074 terram
634 1047 744 1081 quidem
761 1049 788 1076 in
803 1056 886 1077 cruce
903 1051 1053 1078 concussit.

264 1089 405 1118 lncmlum
431 1099 495 1119 vero
522 1097 683 1127 assumptus
711 1102 744 1122 ex
775 1103 808 1122 eo
819 1095 920 1128 stillas,
937 1096 989 1124 hoc
1000 1101 1053 1130 est,

265 1133 382 1167 spiritus
393 1134 465 1162 dona
481 1135 603 1164 demisit.
624 1137 703 1165 Unde
721 1143 748 1165 et
760 1140 845 1174 copiae
861 1141 934 1173 creli,
952 1151 961 1167 ι
986 1142 1055 1175 Quis

263 1179 310 1207 ille
323 1180 370 1214 qui
388 1181 463 1208 venit
479 1189 512 1209 ex
530 1182 640 1210 Edoni?
661 1194 671 1210 ι
693 1185 873 1214 sciscitantur
891 1188 924 1213 ⁵³.
952 1188 1055 1217 Deinde

263 1232 319 1259 quo
342 1225 445 1254 Judmis
467 1227 541 1255 hunc
570 1229 752 1259 illustriorem
765 1232 878 1265 reddat,
892 1233 992 1268 inquit,
1007 1235 1053 1263 Dei

264 1270 384 1299 lsraelis.
412 1271 480 1300 Nam
510 1274 557 1309 qui
589 1275 741 1310 majoribus
771 1277 799 1305 in
833 1277 896 1305 Sina
915 1282 1052 1315 apparuit,

265 1320 365 1344 terram
388 1317 416 1345 ἰιι
451 1326 533 1347 cruce
568 1321 729 1354 COHCIISSil,
764 1327 942 1359 vestramque
973 1334 1052 1354 vesa-

264 1362 338 1389 niam
354 1363 508 1398 redarguit.
536 1364 720 1396 Conturbavit
739 1375 822 1402 porro
837 1370 937 1397 caelum
957 1372 1052 1406 etiam,

263 1408 332 1435 adeo
347 1413 377 1436 ut
391 1409 431 1437 sol
444 1410 537 1438 radios
553 1419 618 1439 suos
641 1414 824 1448 contraxerit,
842 1417 982 1452 copiaeque
997 1425 1053 1447 c03-

263 1452 347 1482 lestes
375 1454 403 1482 in
428 1456 557 1490 passione
573 1457 653 1485 herili
674 1463 768 1487 essent
796 1462 973 1495 perturbatae.
990 1463 1053 1496 Qui-

263 1498 316 1526 bus
333 1501 466 1534 peractis,
484 1501 644 1537 spirituales
658 1503 745 1532 nubes
765 1506 945 1535 credentibus
957 1508 1052 1536 divina

263 1544 371 1573 caelitus
391 1548 569 1582 praebuerunt
599 1550 683 1577 dona.
709 1550 816 1580 Montes
837 1552 952 1589 insuper
970 1555 1051 1582 etiam
1066 1561 1087 1590 ο

262 1589 422 1625 spirituales
437 1593 549 1621 malitiae
564 1602 612 1629 per
629 1595 785 1624 doctrinam
809 1600 951 1627 concussit
970 1607 1053 1628 evan-

261 1635 388 1670 gelicam.
413 1637 482 1665 Cum
511 1638 584 1666 enim
618 1640 768 1668 lunaticum
785 1648 924 1676 curasset,
942 1644 1050 1680 inquit:

264 1690 274 1707 ι
295 1681 321 1708 Si
333 1681 414 1710 ﬁdem
429 1683 596 1719 habueritis,
614 1686 713 1714 dicetis
737 1688 824 1716 monti
841 1690 916 1722 huic,
931 1691 1052 1719 Atnolire

262 1731 297 1758 te,
310 1726 332 1742 ”
350 1735 359 1752 ι
376 1727 416 1755 sic
434 1729 507 1756 enim
520 1731 631 1758 vocavit
651 1731 816 1760 dmmonem.
844 1733 931 1762 Porro
963 1736 1050 1765 lilium

263 1772 346 1800 Israel
361 1773 459 1802 faciem
477 1775 588 1804 Domini
602 1776 650 1804 Dei
667 1783 756 1806 vocat.
774 1789 783 1805 ι
802 1779 896 1808 lllurit
916 1782 988 1810 enim
1004 1791 1051 1811 su—

262 1825 311 1852 per
325 1826 387 1851 nos,
397 1818 496 1854 inquit,
510 1820 602 1849 lumen
611 1821 692 1857 500
708 1824 800 1852 vultus
812 1826 984 1858 lui,Domiue
997 1829 1047 1856 ".1

262 1862 313 1895 Qui
329 1864 525 1898 praedicatione
539 1868 696 1902 evangelica
712 1874 808 1904 gentes
833 1875 860 1899 et
875 1873 959 1901 urbes
984 1881 1051 1903 con-

261 1908 359 1936 cussit.
383 1909 416 1937 Ut
434 1910 461 1937 in
481 1911 581 1940 animis
598 1914 701 1942 nostris
725 1919 859 1944 terrorem
882 1919 1048 1955 relinquam,

262 1961 294 1982 ac
314 1955 349 1983 ab
363 1963 460 1984 errore
469 1960 496 1984 et
510 1959 630 1986 terrenis
643 1961 845 1996 lransitionem,
855 1963 1049 1996 aﬂ'ectionihus

262 2000 289 2026 in
306 2000 385 2028 nobis
401 2003 556 2031 concussis.
577 2004 617 2032 Ac
631 2006 668 2032 ita
689 2006 801 2040 quidem
815 2015 938 2043 praesens
949 2015 1049 2040 cantus

261 2052 322 2072 cum
341 2046 367 2074 in
388 2046 483 2076 hostes
498 2049 623 2080 visibiles
635 2055 706 2085 erat,
716 2052 750 2080 ad
765 2053 926 2089 spirituales
936 2063 986 2092 per
1000 2064 1049 2086 eos

261 2094 392 2122 recurrit.

296 2226 329 2254 In
343 2227 436 2255 diebus
452 2227 568 2265 Samgar
602 2231 654 2266 ﬁlii
678 2231 775 2260 ΑιιαιΙι.
801 2233 853 2270 [6.]
870 2235 909 2277 Ae
923 2236 946 2264 si
962 2236 1049 2266 dixis-
1063 2229 1085 2258 Ῑ)

260 2277 302 2300 Set
318 2280 325 2300 :
341 2273 375 2300 At
390 2273 446 2302 hac
471 2275 582 2310 quidem
600 2281 665 2304 tunc
681 2279 826 2313 evenient;
843 2274 918 2309 nunc
940 2290 1006 2310 vero
1020 2283 1048 2310 in

260 2318 359 2347 diebus
379 2319 505 2355 Samgar,
529 2321 558 2348 in
577 2321 675 2350 diebus
692 2323 751 2352 Jael
776 2324 937 2355 deiecerunt
960 2337 1048 2364 reges.

259 2363 399 2397 Quantum
416 2373 481 2393 vero
503 2366 537 2394 ad
555 2367 679 2395 historia:
694 2369 815 2397 litteram
831 2371 939 2405 attinet,
958 2363 1049 2402 incer-

260 2414 305 2437 tus
323 2410 370 2438 hic
391 2410 506 2447 Samgar
525 2418 576 2440 est.
596 2413 693 2442 Tradit
713 2423 779 2444 vero
798 2416 936 2452 Josephus
960 2428 1047 2455 regno

261 2453 371 2484 lsraelis
389 2456 527 2485 delectum
543 2458 641 2493 fuisse,
655 2460 795 2496 vitamque
809 2462 899 2497 primo
915 2453 1046 2499 regni—sui

260 2509 332 2529 anno
348 2502 466 2532 ﬁniisse.
483 2503 543 2532 Jael
558 2514 624 2534 vero
645 2514 704 2534 eam
719 2515 781 2535 esse
794 2509 831 2536 ait
845 2517 906 2544 quin
924 2510 1045 2539 Sisaram

260 2546 411 2575 interemit.
433 2548 520 2583 Cujus
542 2553 665 2585 tempore
693 2555 719 2578 et
746 2552 862 2588 Samgar
882 2554 1045 2583 defecerunt

259 2599 350 2627 reges,
373 2597 401 2620 et
423 2601 485 2621 cum
502 2594 529 2622 in
551 2594 614 2630 fuga
635 2599 725 2625 metus
747 2598 896 2627 invasisset
919 2608 978 2634 eos,
997 2609 1045 2637 per

259 2638 360 2666 itinera
375 2645 451 2668 recta
465 2648 521 2669 non
537 2645 601 2669 sunt
616 2643 730 2676 reversi,
740 2653 834 2673 verum
847 2654 896 2682 per
909 2648 1046 2683 obliquas,

260 2693 320 2720 quae
333 2685 493 2716 idololatrim
502 2689 614 2725 ﬁguram
630 2690 777 2719 sustinent.
789 2692 953 2722 Defecerunt
969 2702 1045 2726 vero,

1113 276 1163 302 μον
1176 267 1300 296 δοθέντα.

1147 315 1221 348 Ὄρη
1248 314 1471 348 ἐσαλεύθησαν.
1497 316 1529 344 Ol
1558 317 1613 344 τῶν
1640 317 1727 345 ἐθνῶν
1756 321 1784 347 ὲν
1807 321 1906 356 ἀρχαῖς

1110 359 1312 395 ὑπερέχοντες,
1351 361 1435 396 ἤγουν
1469 362 1493 388 οἱ
1523 361 1628 390 τούτων
1652 364 1784 400 ἄρχοντες
1809 366 1905 402 δαίμο-

1111 412 1167 434 νες.

1147 449 1205 477 Τοῦ
1220 450 1303 482 Σινᾶ,
1319 451 1469 487 Σύμμαχος
1484 452 1611 486 ἐξέδωκε,
1628 454 1720 482 Τοῦτο
1740 455 1805 483 ἐστι
1817 458 1902 485 Σινά¹

1110 497 1152 523 ἵνα
1171 493 1200 532 ᾖ,
1216 496 1263 522 τοῦ
1280 497 1383 533 Κυρίου
1401 497 1476 524 Σινά.
1492 498 1540 530 Τίς
1555 498 1584 525 δὲ
1599 494 1678 532 οὗτος
1696 500 1711 526 ὁ
1739 501 1843 537 Κύριος
1854 503 1904 529 ἑπ-

1109 541 1233 575 ενήνοχε.
1247 540 1387 575 Σύμφωνα
1404 541 1432 567 δὲ
1445 541 1551 574 τούτοις
1565 543 1613 570 καὶ
1624 544 1726 571 ὀΔαὸὶδ
1739 545 1768 571 ὲν
1785 546 1824 579 EC’
1837 548 1904 582 φησὶ

1107 585 1206 620 ψαλμῷ
1221 594 1228 602 ·
1246 595 1255 611 ι
1274 586 1303 612 '0
1319 586 1386 619 Θεὸς
1410 589 1439 614 ὲν
1462 588 1501 624 τῷ
1518 589 1717 624 ἐκπορεύεσθαι
1735 600 1764 618 σε
1787 592 1903 620 ῐενώπιον

1107 630 1154 656 τοῦ
1170 630 1237 657 λαοῦ
1264 639 1323 664 σου,
1349 632 1377 658 ἐν
1402 632 1441 668 τῷ
1462 633 1614 661 διαϐαίνειν
1635 643 1666 661 σε
1687 636 1716 662 ὲν
1739 637 1771 671 τῇ
1787 637 1901 673 ἐρήμῳ⁹

1107 675 1142 710 γῆ
1161 676 1284 712 ἐσείσθη,
1309 677 1355 704 καὶ
1372 678 1397 704 οἱ
1425 679 1537 714 οὐρανοὶ
1561 679 1680 713 ἑσταξαν
1698 681 1755 708 ἀπὸ
1787 683 1899 718 προσώ-

1108 730 1159 748 που
1194 722 1242 748 τοῦ
1269 723 1335 749 Θεοῦ
1372 724 1419 750 τοῦ
1453 725 1539 757 Σινᾶ,
1571 726 1625 752 ἀπὺ
1664 728 1812 762 προσώπου
1852 730 1899 756 τοῦ

1106 766 1173 793 Θεοῦ
1208 768 1335 803 Ἰσραήλ·
1364 778 1373 794 ›
1401 770 1442 801 εἰς
1465 770 1510 797 τὸν
1531 771 1649 806 Χριστδν
1678 773 1764 799 ταῦτα.
1798 773 1900 802 λαϐών.

1110 813 1159 844 Ὃς
1187 813 1283 846 διαϐὰς
1309 815 1341 841 ἐκ
1368 815 1451 851 Σηεὶρ
1477 816 1523 842 καὶ
1553 817 1657 852 Ἐδὼμ·
1685 819 1757 845 οὕτω
1773 819 1827 855 γὰρ
1855 821 1901 847 τὸν

1112 858 1197 886 Ἠσαῦ
1226 860 1370 887 καλεῖσθαί
1392 870 1476 897 φησιν
1509 863 1526 898 ὴ
1550 862 1657 899 Γραφὴ,
1679 864 1814 900 σύμϐολον
1836 865 1901 893 ὄντα

1106 905 1154 932 τοῦ
1181 906 1301 941 νομικοῢ
1324 907 1408 934 λαοῦ·
1437 909 1466 940 ὃς
1493 908 1631 946 θηριώδης
1655 911 1703 944 ὢν,
1714 911 1813 945 ἐφώνει
1829 913 1902 940 κατὰ

1106 952 1225 987 Χριστοῦ
1246 953 1467 988 χρηματίσαντος
1489 955 1598 982 ’ῐακὼ6.
1621 957 1668 988 Εἰς
1683 957 1745 988 τοὺς
1770 957 1825 984 δύω
1845 958 1900 993 γὰρ

1106 998 1188 1029 λαοὺς
1207 1000 1232 1025 οἱ
1260 999 1308 1034 τῆς
1329 998 1479 1031 Ῥεϐέκκας
1508 1000 1665 1036 ἐλήφθησαν
1693 1002 1756 1028 υἱοί.
1785 1002 1900 1029 Μέλλων

1105 1041 1151 1070 οὖν
1178 1043 1208 1076 ἐξ
1244 1044 1327 1071 αὑτοῦ
1361 1045 1531 1077 διαϐαίνειν,
1561 1047 1668 1082 ἐρήμου
1698 1048 1746 1074 καὶ
1772 1049 1899 1083 ἀοικήτου

1104 1089 1298 1124 τυγχάνοντος,
1319 1089 1408 1116 ἔσεισε
1435 1091 1484 1126 μὲν
1510 1091 1560 1127 τὴν
1575 1092 1626 1128 γῆν
1641 1093 1688 1119 ἐπὶ
1702 1093 1749 1119 τοῦ
1770 1094 1898 1129 σταυροῦ,

1106 1134 1135 1167 ἐξ
1148 1136 1264 1172 οὖρα.νοῦ
1279 1136 1307 1163 δὲ
1327 1137 1458 1171 σταγόνας
1475 1137 1614 1174 ἐξέπεμψε
1639 1139 1689 1172 τὰς
1711 1139 1757 1166 τοῦ
1774 1140 1898 1176 πνεύμα-

1105 1188 1148 1211 τος
1165 1180 1269 1215 δωρεὰς
1282 1181 1450 1217 ἀναληφθεὶς
1473 1184 1513 1215 είς
1529 1183 1622 1212 αὐτόν,
1640 1185 1705 1212 Ὅτε
1722 1185 1769 1213 καὶ
1790 1186 1817 1213 αἱ
1837 1185 1898 1213 τού-

1105 1235 1151 1252 του
1168 1227 1299 1262 δυνάμεις
1316 1229 1507 1264 πυνθάνονται,
1526 1239 1535 1256 ι
1556 1230 1605 1262 Τίς
1622 1227 1699 1263 οὗτος
1718 1231 1732 1258 ὸ
1746 1231 1899 1267 παραγενόι

1106 1281 1186 1307 μενος
1211 1273 1241 1305 ἐξ
1254 1273 1364 1309 Ἐδὼμ;
1392 1285 1401 1301 ι
1426 1273 1493 1303 Εῐτα
1511 1276 1606 1304 τοῦτον
1626 1277 1766 1310 Ἰουδαίοις
1782 1281 1899 1315 σαφηνὶ-

1105 1318 1170 1351 ζων,
1184 1321 1262 1355 φησὶ,
1278 1320 1346 1347 Θεοῦ
1359 1321 1480 1357 Ἰσραήλ.
1504 1322 1533 1349 Ὀ
1550 1323 1605 1359 γὰρ
1620 1324 1714 1358 φανεὶς
1729 1327 1787 1357 τοῖς
1800 1326 1899 1361 ἡμετέ-

1106 1372 1162 1399 ροις
1180 1365 1323 1401 προγόνοις
1343 1367 1372 1393 ἐν
1387 1366 1426 1402 τῷ
1447 1367 1522 1400 Σινὰ,
1538 1368 1587 1404 τὴν
1608 1369 1661 1403 γῆν
1677 1370 1724 1396 ἐπὶ
1743 1369 1791 1396 τοῦ
1817 1379 1899 1398 σταυ-

1106 1410 1153 1445 ροῦ
1172 1412 1322 1445 συνέσεισε,
1351 1412 1400 1447 τῆς
1415 1413 1555 1448 ἡμετέρας
1571 1415 1670 1450 μανίας
1699 1416 1739 1448 εἰς
1763 1416 1874 1451 ἔλεγχον
1889 1425 1896 1433 ·

1104 1455 1251 1492 ὲξετάραξε
1275 1457 1303 1484 δὲ
1330 1458 1377 1485 καὶ
1395 1459 1439 1486 τὸν
1468 1459 1593 1495 οὐρανὸν,
1620 1461 1698 1496 ἡλίου
1721 1462 1770 1494 τὰς
1783 1463 1897 1495 ἀκτῖνας

1104 1503 1306 1536 συστείλαντος,
1324 1504 1372 1531 καὶ
1383 1505 1439 1531 τῶν
1451 1505 1509 1532 ἐκεῖ
1522 1507 1663 1542 δυνάμεων
1679 1507 1725 1534 ἐπὶ
1739 1507 1779 1543 τῷ
1793 1509 1897 1535 Δεσπο-

1103 1549 1172 1585 me
1186 1550 1266 1577 πάθει
1289 1552 1515 1587 τεταραγμένων.
1544 1553 1612 1579 Μεθ’
1627 1553 1645 1580 ἃ
1661 1554 1756 1581 λοιπὸν
1781 1555 1837 1586 τοῖς
1853 1564 1896 1582 πι-

1105 1594 1252 1622 στεύσασιν
1266 1596 1294 1622 αἱ
1319 1597 1413 1631 νοηταὶ.
1437 1597 1547 1631 νεφέλαι
1564 1598 1614 1629 τὰς
1638 1597 1716 1630 θείας
1735 1599 1763 1632 ἐξ
1779 1599 1895 1635 οὐρανοῦ

1103 1643 1272 1678 παρέσχοντο
1301 1643 1417 1679 δωρεάς.
1435 1645 1504 1680 Ὀρη
1529 1645 1558 1672 δὲ
1585 1645 1619 1673 τὰ
1645 1647 1818 1682 πνευματικὰ
1846 1647 1896 1682 τῆς

1103 1688 1238 1723 πονηρίας
1267 1689 1395 1715 ὲσάλευσε
1423 1689 1466 1716 διὰ
1493 1690 1544 1725 τῆς
1565 1690 1748 1727 εὑαγγελικῆς
1771 1691 1895 1726 διδαχῆς.

1102 1733 1172 1768 Φησὶ
1198 1733 1252 1768 γὰρ
1271 1733 1446 1769 θεραπεύσας
1472 1736 1517 1762 τὸν
1542 1735 1790 1771 σεληνιαζόμενοψ
1817 1737 1895 1764 (Ἐὰν

1102 1778 1182 1814 ἔχητε
1202 1779 1306 1811 πίστιν,
1322 1780 1410 1815 ἐρεῖτε
1436 1781 1476 1816 τῷ
1497 1781 1556 1816 ὄρει
1579 1781 1680 1817 τούτῳ,
1701 1782 1863 1816 Μετάϐηθιυ
1882 1793 1891 1808 ι

1101 1825 1173 1852 οὓτω
1187 1825 1304 1858 καλέσας
1320 1827 1356 1853 τὰ
1368 1827 1507 1862 δαιμόνια.
1525 1827 1610 1854 Καλεῖ
1632 1828 1659 1854 δὲ
1674 1828 1820 1862 πρόσωπον
1835 1829 1894 1855 Κυ-

1102 1871 1160 1906 ρίου
1173 1871 1241 1898 Θεοῦ
1255 1871 1376 1908 Ἰσραὴλ,
1395 1872 1441 1900 τὸν
1455 1873 1521 1899 υἱόν.
1543 1882 1552 1899 ι
1568 1873 1743 1909 Ἐσημειώθη
1759 1874 1825 1910 γὰρ,
1842 1883 1895 1909 φη-

1101 1917 1154 1949 σὶν,
1169 1916 1211 1951 ἐφ’
1222 1917 1296 1952 ἡμᾶς
1309 1917 1340 1944 τὸ
1354 1917 1412 1952 φῶς
1424 1918 1471 1945 τοῦ
1486 1918 1635 1953 προσώπου
1652 1927 1710 1952 σου,
1724 1919 1822 1955 Κύριε,
1842 1929 1851 1946 ι
1863 1919 1894 1952 ὃς

1100 1962 1139 1998 τῷ
1154 1963 1326 1997 εὐαγγελικῷ
1341 1964 1500 1999 κηρύγματι
1511 1964 1575 2000 ἐθνη
1587 1965 1635 1992 καὶ
1644 1965 1738 1997 πόλεις
1751 1965 1892 1992 διέσεισεν*

1100 2008 1144 2036 ἵνα
1157 2008 1203 2036 τὸν
1219 2010 1248 2036 ἐν
1270 2011 1330 2041 ταῖς
1350 2011 1500 2045 ἡμετέραις
1526 2010 1629 2046 ψυχαῖς
1659 2011 1816 2039 καταλείπω
1839 2019 1895 2038 σει-

1099 2054 1178 2089 σμὸν,
1197 2054 1243 2081 καὶ
1263 2055 1312 2090 τὴν
1328 2055 1360 2082 ὲκ
1368 2055 1418 2090 τῆς
1436 2055 1541 2091 πλάνης
1556 2056 1666 2083 καὶτῶν
1676 2057 1779 2091 γηΐνων
1807 2056 1892 2091 μετά-

1099 2107 1194 2127 στασιν
1212 2100 1265 2126 τῶν
1284 2101 1313 2126 ὲν
1335 2100 1401 2136 ἡμῖν
1413 2100 1597 2136 κλονηθέντων
1617 2101 1722 2128 παθῶν.
1732 2101 1811 2128 οὕτω
1822 2102 1892 2138 καὶὴ

1099 2143 1226 2179 παροῦσα
1239 2144 1287 2171 νῦν
1295 2144 1350 2180 ᾠδὴ
1358 2145 1415 2176 τοῖς
1432 2145 1570 2180 πολεμίοις
1583 2146 1639 2178 τοῖς
1647 2146 1753 2181 ὁρατοῖς
1760 2146 1893 2180 ἐπεμϐαί-

1097 2198 1192 2220 νουσα,
1221 2190 1288 2226 πρὸς
1306 2190 1369 2222 τοὺς
1393 2191 1506 2226 νοητοὺς
1531 2190 1576 2218 διὰ
1597 2191 1700 2218 τούτων
1729 2191 1891 2227 ἀνέδραμεν.
1944 2201 1950 2210 ·

1142 2236 1190 2262 Ἑν
1205 2235 1329 2270 ἡμέραις
1340 2236 1476 2271 Σαμεγὰρ
1494 2237 1562 2263 υίοῦ
1585 2236 1684 2264 Ἀνάθ.
1706 2237 1779 2264 Ὠσεὶ
1793 2237 1871 2271 ἔλεγε
1881 2244 1890 2252 ·

1101 2281 1158 2309 Καὶ
1173 2281 1260 2308 ταῦτα
1277 2281 1328 2317 μὲν
1343 2282 1374 2308 τὸ
1392 2282 1547 2316 τηνικαῦτα
1573 2283 1731 2317 γενήσεται,
1747 2283 1806 2309 νυνὶ
1821 2282 1849 2310 δὲ
1861 2282 1891 2309 ἐν

1102 2328 1220 2363 ἡμέραις
1238 2327 1378 2363 Σαμεγὰρ,
1392 2327 1421 2354 ὲν
1434 2326 1553 2362 ἡμέραις
1567 2327 1640 2362 Ἰαὴλ
1656 2327 1796 2360 ἐξέλειπον
1813 2327 1892 2362 βασι-

1101 2373 1167 2405 λεῖς.
1186 2373 1271 2400 Ὅσον
1285 2372 1315 2399 δὲ
1325 2370 1393 2408 ἧκεν
1406 2374 1446 2405 εἰς
1461 2373 1510 2409 τὴν
1529 2373 1652 2408 ἱστορίαν
1667 2373 1717 2408 τὴν
1738 2374 1890 2408 γραφικὴν,

1101 2417 1199 2452 ἄδηλος
1214 2419 1228 2445 ὁ
1249 2418 1392 2454 Σαμεγάρ.
1418 2417 1551 2454 Ἰώσηπος
1572 2418 1602 2446 δέ
1620 2427 1702 2454 φησιν
1727 2418 1783 2454 (50)
1809 2419 1891 2445 αὐτὸν

1100 2463 1182 2499 ἄρξαι
1195 2464 1244 2491 τοῦ
1257 2464 1366 2500 Ἰσραὴλ
1379 2464 1536 2500 αἱρεθέντα,
1549 2464 1598 2492 καὶ
1608 2464 1759 2491 καταλῦσαι
1771 2464 1818 2491 τὸν
1833 2464 1891 2499 βίον

1099 2510 1128 2537 ἐν
1146 2510 1185 2544 τῷ
1207 2509 1309 2546 πρώτῳ
1327 2511 1375 2546 τῆς
1401 2511 1490 2546 ἀρχῆς
1516 2511 1583 2538 ἔτει.
1603 2510 1677 2545 Ἰαὴλ
1695 2510 1724 2537 δέ
1747 2519 1815 2545 φησι
1839 2510 1891 2545 τὴν

1098 2556 1246 2583 ἀνελοῦσαν
1272 2557 1318 2584 τὸν
1344 2557 1458 2593 Σισὰρα.
1477 2557 1534 2592 Ἐφ’
1549 2555 1583 2594 ἦς
1602 2558 1651 2585 καὶ
1677 2557 1725 2585 τοῦ
1757 2557 1889 2593 Σαμεγὰρ

1100 2601 1240 2635 ἐξέλειπον
1267 2602 1400 2638 βασιλεῖς,
1419 2603 1466 2630 καὶ
1488 2603 1607 2636 δεδιότες
1623 2604 1653 2631 ὲν
1667 2603 1706 2640 τῷ
1720 2603 1824 2639 δεσμῷ,
1839 2603 1889 2636 τὰς

1100 2647 1144 2673 ἐπ’
1159 2648 1270 2680 εὐθείας
1293 2648 1371 2680 ὁδοὺς
1392 2649 1443 2676 οὐκ
1457 2649 1620 2685 ἐτράποντο,
1637 2650 1689 2682 τὰς
1702 2649 1731 2677 δὲ
1739 2650 1888 2686 διεστραμ-

1102 2693 1242 2728 μένας·αἳ
1273 2695 1325 2730 τῆς
1351 2696 1578 2732 εἰδωλολατρείας
1607 2696 1763 2732 ὑπάρχουσι
1791 2695 1886 2728 τύπος.

292 2771 316 2788 ⁵⁷
332 2771 401 2800 Psal.
427 2781 509 2807 van,
525 2775 549 2806 7.
571 2776 596 2802 8.
636 2776 721 2805 ll“lsa.
742 2785 801 2812 xm,
826 2778 848 2805 1.
890 2779 911 2793 ⁵“
928 2778 1023 2806 Matth.
1044 2787 1128 2810 nxvu,
1148 2779 1192 2807 ‘20.
1229 2781 1250 2797 0°
1265 2780 1338 2809 Psal.
1356 2790 1392 2815 iv,
1407 2782 1434 2809 (ἰ.

1008 2845 1052 2873 ΝΟ
1057 2847 1120 2876 DE.

296 2874 356 2911 (50)
374 2874 443 2911 Ὅρα
458 2877 511 2903 σελ.
531 2878 588 2906 HO.
