2086 3160
158 170 227 203 1053

665 173 937 203 COMMENTARII
958 172 999 203 ΙΝ
1019 172 1188 203 JUDICES.

1716 173 1786 206 1054

161 228 314 261 Ἐξέλειπον
324 227 364 260 δὲ,
378 228 456 263 φησὶ,
469 227 597 263 Φαραξὰν
609 228 637 256 ὲν
653 228 846 264 Ὶσραὴλ,ὂπερ
859 229 946 264 ἑρμη-

1004 228 1102 262 inquit,
1117 227 1262 254 Pharazon
1276 226 1302 253 in
1319 227 1435 260 Israelc,
1456 227 1529 263 quod
1544 228 1568 256 si
1584 228 1785 263 interpreteris,

154 273 262 300 νεύεται
277 273 411 304 δυνατοὶ,
437 272 518 308 μέχρι
543 273 701 308 Δεῧὸώρας.
724 274 752 300 '0
762 274 791 300 δὲ
804 273 944 309 Σαμεγὰρ,

154 319 295 354 πάροικος
307 318 382 354 δηλοῖ
390 327 397 334 ·
407 319 486 345 ’Δνὰθ
496 319 534 350 δὲ,
547 320 736 352 ταπείνωσις,
749 320 765 355 ἦ
775 320 943 354 ἀπόκρισις·

161 365 232 401 Ὶαὴλ
245 365 283 396 δὲ,
298 364 456 396 ἀνάϐασις.
478 364 575 390 Ἣνίκα
588 365 680 391 τοίνυν
696 365 808 400 γένηταί
819 374 861 396 τις
874 365 945 401 πάρ-

154 420 230 443 οικος
255 410 302 437 τοῦ
319 411 377 446 βίου
390 410 437 438 τοῦ
451 411 586 447 παρόντος
598 431 605 443 ,
621 411 679 443 υίὸς
692 411 729 438 ὢν
744 413 796 446 τῆς
811 411 946 438 ταπεινώ-

156 465 237 488 σεως,
261 457 333 483 κατὰ
365 456 411 483 ⁴τὸν
435 457 549 484 εἰπόντα
562 465 570 473 ν
594 466 603 482 ι
619 457 728 484 Μάθετε
743 457 792 483 ἀπ’
808 456 888 492 ὲμοῦ,
903 457 946 483 ὅτι

156 502 246 537 πρᾶός
266 503 335 537 είμι,
359 502 407 528 καὶ
418 499 545 534 ταπεινὸς
559 503 592 537 τῇ
613 502 722 536 καρδίᾳ,
735 511 744 528 ι
762 502 810 528 καὶ
823 502 900 537 τύχοι
912 502 946 528 δι’

157 547 244 582 αὐτῆς
256 547 416 578 ἀναὸάσεως
425 554 431 561 ·
449 547 509 578 ὁδὸς
533 548 586 582 γὰρ
599 547 756 582 ὑψώσεωςή
770 548 944 579 ταπείνωσις·

158 593 256 627 θεωρεῖ
274 593 322 618 καὶ
348 593 412 624 τοὺς
426 592 610 628 πορευθέντας
626 592 847 628 διεστραμμένας
870 593 946 624 ὁδοὺς

159 638 279 673 βασιλεῖς
291 638 521 673 ὲκλιμπάνοντας,
545 638 613 673 πρὸς
635 638 681 670 οὒς
702 639 770 674 ἡμῖν
782 639 799 674 ἡ
812 639 900 674 πάλη,
915 639 946 665 ού

159 684 226 720 πρὸς
249 681 318 717 αἷμα.
341 684 388 710 καὶ
410 684 510 718 σάρκα,
527 684 575 715 Ὃς
591 683 636 711 καί
661 692 728 720 φησι
749 692 756 699 ·
785 693 794 710 t
808 684 947 720 Πάροικός

158 729 216 763 εἰμι
239 727 295 762 ἐγὼ
327 728 374 755 καὶ
397 728 620 763 παρεπίδημος.»
655 729 720 761 Καὶ,
744 738 752 753 ι
768 729 826 755 οὐκ
850 728 948 764 ἔχομεν

158 771 210 803 ὦδε
238 774 372 808 μένουσαν
397 774 487 806 πόλιν,
512 775 581 801 ἀλλὰ
604 775 653 810 τὴν
678 775 829 810 μέλλουσαν
854 774 949 809 ἐπιζη-

159 828 271 855 τουμεν.
284 829 294 846 ι

197 865 260 892 ὀτι
274 865 329 898 ἕως
348 865 497 900 ἐξανέστη
507 866 605 902 μήτηρ
624 867 660 893 ἐν
682 865 723 899 τῷ
742 866 878 901 Ἰσραήλ.
894 866 949 900 Τὴν

1001 278 1119 308 potentes
1153 277 1245 306 sonat,
1272 273 1305 300 ad
1338 273 1492 301 Debboram
1521 281 1622 309 usque.
1650 275 1787 303 Caeterum

999 318 1117 354 Samgar
1137 318 1236 345 advena
1256 319 1409 354 signiﬁcat;
1426 320 1516 346 Anatlt
1542 324 1633 348 autem
1649 320 1787 348 humilitas

996 364 1055 392 Jael
1087 371 1152 391 vero
1172 365 1304 391 ascensio.
1335 364 1452 397 Quando
1479 364 1563 400 igitur
1584 365 1648 400 quis
1682 365 1786 393 advena

997 410 1025 437 in
1053 410 1106 437 hac
1132 409 1260 445 praesenti
1276 409 1343 442 vita,
1363 410 1491 445 ﬁliusque
1512 411 1677 439 humilitatis
1694 411 1787 444 fuerit,

997 464 1029 484 eo
1057 456 1138 484 modo
1153 463 1209 491 quo
1231 456 1290 491 ipse
1311 456 1398 484 dictat
1419 465 1426 484 :
1453 466 1462 482 ι
1481 456 1585 486 Discite
1611 465 1626 484 a
1652 465 1694 486 me
1713 458 1787 493 quod

997 503 1073 531 mitis
1106 510 1168 530 sum
1200 507 1226 529 et
1247 503 1332 530 corde
1365 503 1478 530 humilis
1492 504 1512 519 ⁶¹
1533 513 1540 530 :
1559 513 1570 530 υ
1599 505 1788 532 ascensionem

997 556 1030 576 ea
1058 554 1263 583 consequetur;
1282 548 1462 576 sublimitatis
1491 549 1565 576 enim
1581 549 1625 576 via
1649 549 1788 577 humilitas

998 597 1050 621 est.
1068 592 1144 621 Videt
1158 601 1269 629 quoque
1296 601 1375 629 reges
1406 601 1454 629 per
1479 594 1609 629 obliquas
1637 595 1696 622 vias
1722 602 1788 630 pro-.

999 637 1086 665 fectos
1119 638 1248 671 deﬁcere,
1274 646 1336 666 cum
1355 639 1467 673 quibus,
1490 647 1546 666 non
1576 647 1638 666 eum
1660 646 1743 666 carne
1763 644 1790 667 et

999 684 1142 718 sanguine,
1158 685 1230 711 lucta
1247 685 1357 712 exsistit
1367 685 1397 712 θ’.
1411 685 1462 716 Qui
1480 685 1575 716 etiam.
1591 685 1690 719 inquit,
1703 694 1712 710 (
1732 683 1790 711 Ad-

998 738 1068 758 vena
1097 738 1158 758 sum
1183 738 1234 765 ego
1262 738 1294 757 ac
1323 731 1487 765 peregrinus
1499 730 1534 757 ".
1555 740 1564 756 ι
1593 730 1659 756 ltent
1676 738 1684 756 :
1701 738 1710 755 ι
1731 729 1790 756 Non

1000 775 1133 803 habemus
1146 775 1190 802 hic
1206 776 1287 802 lixam
1301 776 1407 808 urbem,
1423 782 1518 803 verum
1530 774 1654 802 futuram
1671 773 1789 809 inquiri-

999 829 1063 848 mus
1078 821 1110 848 ⁸⁸.
1133 830 1143 847 ι

1036 865 1254 899 Quouiamdonec
1268 866 1382 892 surrexit
1393 870 1478 892 mater
1489 865 1515 892 in
1525 864 1621 897 Israel,
1630 867 1685 892 etc.
1696 862 1740 899 [V,
1750 862 1788 898 7.]

160 911 213 946 πρὸ
227 911 322 946 αὐτῆς,
344 912 448 948 μητρὸς
464 913 566 948 τρόπον
591 912 755 948 ἐπεχούσης,
782 913 947 939 πολιτευσα-

1004 911 1105 939 Statum
1120 911 1231 939 lsraelis
1262 912 1420 946 pristinum,
1439 915 1589 946 antequam
1627 914 1716 937 mater
1737 910 1790 937 im-

162 957 246 993 μένην
257 957 386 986 ἀσέϐειαν
402 959 432 985 ὲν
450 958 489 993 τῷ
513 958 620 994 Ἰσραὴλ
639 959 784 994 διηγεῖται.

202 1002 361 1038 ᾙρέτισαν
384 1003 471 1035 θεοὺς
483 1002 603 1035 κενοὺς,
620 1003 660 1036 ὡς
684 1003 776 1037 ἄρτον
801 1004 946 1038 κρίθινον.

162 1050 266 1084 ’Ὠσπερ
276 1050 330 1084 γὰρ
339 1049 372 1077 ἄν
386 1058 428 1081 τις
444 1049 546 1076 σιτίνου
561 1049 766 1084 παρακειμένου
775 1049 872 1084 ἄρτου,
880 1059 948 1084 καχ-

162 1094 238 1127 εξίαν
252 1095 349 1127 νοσῶν,
367 1095 516 1130 ἀλλάξηται
531 1095 653 1130 κρίθινον
664 1104 670 1111 ·
681 1095 753 1122 οὕτω
765 1095 814 1122 τοῦ
831 1094 949 1130 ἀληθοῦς

161 1139 229 1167 Θεοῦ
243 1141 307 1172 τοὺς
320 1140 452 1175 ματαίους
466 1140 632 1168 ἀνθείλοντο.

197 1240 297 1274 Σκέπη
313 1240 458 1267 νεανίδων
472 1241 690 1276 σειρομαστῶν,
711 1241 767 1268 ἐὰν
794 1240 873 1275 ὀφθῇ
888 1248 951 1268 σει-

160 1285 356 1321 ρομάστηςὲν
363 1289 392 1320 μ’
405 1286 541 1321 χιλιάσιν
550 1286 585 1313 ὲν
593 1286 633 1318 τῷ
647 1285 787 1320 Ἰσραὴλ,
798 1287 818 1320 ἡ
842 1285 952 1319 καρδία

160 1341 220 1366 μου
233 1332 282 1358 ἐπὶ
292 1333 328 1359 τὰ
337 1332 500 1367 τεταγμένα
513 1331 553 1365 τῷ
565 1332 701 1366 Ἰσραήλ.
722 1333 828 1366 Ὥσπερ
843 1332 857 1357 ὁ
873 1331 953 1366 ἄρτος

163 1378 177 1403 ὁ
188 1377 317 1412 κρίθινος,
331 1378 378 1404 καὶ
388 1379 404 1412 ἠ
419 1378 473 1404 ἀπὸ
491 1378 627 1412 γυναικῶν
641 1379 670 1403 ἐν
687 1378 798 1412 πολέμῳ
815 1377 904 1412 σκέπη
920 1378 952 1404 δι’

163 1424 287 1459 ὀργάνων
298 1424 455 1460 πολεμικῶν
479 1424 597 1460 ἀσθενής
611 1424 685 1451 ἐστιν
698 1432 705 1439 ⁸
731 1424 819 1455 οὕτως
831 1425 909 1455 ἐλπὶς
923 1425 953 1451 ὲν

165 1471 294 1503 εἰδώλοις.
314 1469 362 1502 Οἷς
375 1472 398 1497 οἱ
413 1471 600 1503 πιστεύοντες,
620 1472 673 1497 κᾶν
683 1468 750 1497 ὦσιν
765 1471 873 1497 ὁπλῖται
888 1472 955 1497 πολ-

164 1517 205 1543 λοὶ
220 1517 280 1543 κατ’
308 1517 416 1552 Ἰσραὴλ
432 1517 634 1552 συνιστάμενοι,
667 1518 684 1552 ἡ
701 1516 801 1552 καρδία
834 1525 884 1550 μου
912 1517 954 1551 ἐφ’

166 1562 238 1597 ειπερ
261 1561 356 1594 ἔταξεν
370 1563 384 1589 ὁ
398 1562 464 1594 Θεὸς
487 1562 526 1597 τῷ
541 1562 598 1596 λαῷ
611 1570 618 1578 ⁸
629 1561 750 1594 ἐλπίζειν
774 1562 821 1588 ἐπὶ
837 1562 951 1597 Κύριον,

167 1607 310 1642 φυλάττειν
317 1608 366 1638 τὰς
380 1607 490 1639 ἐντολὰς
498 1607 592 1638 αὑτοῦ,
607 1608 653 1634 καὶ
674 1607 711 1642 μὴ
727 1606 868 1642 λατρεύειν
883 1607 954 1638 θεοῖς

167 1653 281 1688 ἑτέροις,
294 1653 341 1680 καὶ
351 1653 400 1679 ὅσα
413 1652 453 1688 τῷ
468 1653 543 1688 νόμῳ
556 1652 702 1687 διείρηται.
716 1649 766 1679 Ὧν
779 1653 846 1687 ἡμῖν
856 1652 957 1686 φυλατ-

167 1699 298 1733 τομένων,
311 1698 391 1730 αὐτὸς
409 1698 560 1733 πολεμήσει
576 1698 646 1732 ὑπὲρ
658 1698 748 1733 ἡμῶν.
765 1698 806 1724 Τὰ
821 1697 876 1732 γὰρ
886 1698 956 1724 ὅπλα

168 1742 256 1777 ἡμῶν,
272 1742 302 1768 οὐ
317 1742 447 1777 σαρκικὰ,
462 1742 533 1769 ἀλλὰ
553 1742 737 1777 πνευματικά.
759 1752 768 1768 ι
783 1742 820 1768 Οὐ
836 1742 890 1777 γὰρ
908 1751 956 1776 φο-

168 1788 325 1824 ϐηθήσομαι
350 1789 405 1816 ἀπὸ
431 1788 571 1825 μυριάδων
595 1788 673 1821 λαοῦ,
699 1788 754 1814 τῶν
779 1787 871 1823 κύκλῳ
895 1796 958 1814 συν-

168 1834 366 1869 επιτιθεμένων
386 1843 440 1869 μοι.
461 1843 470 1860 ι
487 1834 528 1861 Τὰ
543 1835 597 1870 γὰρ
623 1834 778 1869 τεταγμένα
803 1834 957 1868 φθέγξομαι

169 1879 208 1914 τῷ
227 1880 352 1916 Ἰσραήλ”
384 1889 393 1906 t
411 1880 540 1913 Ἀνάστα,
556 1880 661 1916 Κύριε,
678 1879 765 1907 σῶσόν
793 1888 838 1915 με,
862 1881 876 1906 δ
892 1880 958 1912 Θεός

172 1935 232 1962 μου.
246 1935 255 1952 ι

207 1984 240 2009 0t
254 1982 400 2010 δυνάσται
411 1983 464 2010 τοῦ
478 1982 568 2014 λαοῦ,
588 1982 741 2018 εὐλογεῖτε
759 1982 814 2010 τὸν
834 1983 957 2017 Κύριον,

170 2025 339 2060 φάσκοντεςο
359 2035 368 2052 ι
386 2027 431 2053 Ἐν
444 2026 483 2061 τῷ
498 2026 559 2061 Θεῷ
585 2027 738 2062 ποιήσομεν
759 2027 893 2063 δύναμιν,
911 2027 960 2054 καί

171 2071 252 2100 αὐτὸς
265 2073 438 2106 ὲξουδενώσει
451 2073 515 2104 τοὺς
525 2073 667 2105 θλίὸοντας
681 2074 768 2109 ἡμᾶς.
786 2083 795 2099 ι

214 2129 436 2163 Ἐπισεϐηκότες
449 2128 498 2156 ἐπὶ
515 2129 683 2164 ὑποζυγίων
715 2129 765 2156 ἐπὶ
788 2127 959 2163 λαμπινῶν,

172 2173 334 2208 καθήμενοι
347 2175 396 2201 ἐπί
418 2174 590 2209 κριτήριον,
615 2175 664 2202 καὶ
689 2175 884 2209 πορευόμενοι
914 2174 960 2209 ἐφ’

173 2219 246 2253 ὀδῷ,
275 2220 446 2255 φθέγξασθε
473 2221 587 2256 φωνήν.
618 2222 650 2248 Οί
677 2221 824 2253 δυνάσται,
858 2222 959 2256 φησὶν,

998 956 1109 992 pietatis
1123 957 1310 991 gubernacula
1325 957 1456 994 inhibuit,
1471 956 1597 992 exponit.

1034 1002 1173 1037 Elegerunt
1184 1002 1245 1030 deos
1261 1003 1364 1033 inanes,
1375 1003 1594 1038 quemadmodum
1613 1010 1707 1036 panem
1726 1001 1789 1028 lior-

999 1048 1132 1076 deaceum.
1159 1048 1396 1081 Quemadmodum
1431 1049 1503 1076 enim
1527 1048 1550 1076 si
1572 1049 1634 1083 quis
1654 1047 1788 1075 stomachi

1000 1095 1136 1122 cruditate
1151 1094 1268 1127 laboret,
1287 1095 1482 1129 triticeumque
1500 1101 1597 1129 panem
1611 1101 1696 1129 prope
1707 1101 1736 1120 se
1747 1093 1790 1127 ja-

1000 1145 1106 1168 centem
1131 1148 1179 1176 pro
1193 1140 1346 1168 hordeaceo
1360 1141 1581 1172 commutaverit,
1603 1141 1640 1168 ita
1659 1147 1708 1175 pro
1726 1147 1790 1168 vero

1002 1186 1057 1213 Deo
1071 1193 1156 1213 vanos
1171 1186 1323 1221 elegerunt.

1038 1240 1095 1268 Nec
1110 1240 1224 1276 clypeus,
1242 1249 1288 1268 nec
1302 1242 1380 1268 ltasta
1404 1242 1460 1268 visa
1482 1247 1541 1268 sunt
1566 1241 1593 1268 in
1611 1241 1790 1276 quadraginta

1003 1284 1120 1311 millibus
1145 1284 1266 1312 Israetis.
1279 1284 1332 1312 Cor
1345 1293 1431 1312 meum
1450 1284 1484 1312 ad
1502 1285 1630 1318 prwsides
1645 1285 1732 1320 legum
1745 1285 1791 1320 qui

1003 1333 1064 1355 sunt
1083 1329 1109 1354 in
1127 1327 1242 1361 Israele,
1260 1332 1314 1356 etc.
1337 1327 1389 1364 [8.]
1412 1328 1650 1362 Quemadmodum
1669 1328 1790 1354 hordea-

1004 1381 1068 1401 ceus
1082 1374 1172 1409 panis,
1188 1379 1215 1401 et
1234 1374 1370 1409 proiectio
1386 1374 1530 1402 muliebris
1547 1381 1594 1409 per
1622 1374 1794 1402 instrumen-

1006 1424 1032 1447 ta
1049 1419 1146 1446 bellica
1159 1420 1186 1446 in
1200 1419 1270 1447 bello
1281 1424 1323 1447 est
1336 1419 1457 1452 inﬁrma,
1472 1419 1508 1446 ita
1523 1427 1587 1454 spes
1602 1427 1665 1454 quae
1682 1419 1710 1446 in
1729 1419 1791 1446 ido-

1005 1465 1039 1493 lis
1051 1464 1172 1500 ponitur.
1195 1464 1302 1497 Quibus
1325 1465 1372 1500 qui
1396 1465 1495 1497 lidunt,
1514 1465 1566 1492 etsi
1587 1464 1726 1500 frequenti
1741 1473 1793 1492 nuo

1006 1516 1081 1537 mero
1090 1514 1117 1536 et
1128 1509 1213 1536 armis
1223 1514 1320 1536 contra
1330 1509 1460 1537 lsraeiem
1478 1509 1634 1544 insurgant,
1647 1517 1694 1536 cor
1703 1517 1793 1535 meum

1007 1554 1042 1582 iis
1062 1562 1125 1590 quae
1152 1554 1222 1582 Deus
1248 1555 1350 1590 populo
1375 1555 1466 1582 sanxit
1495 1555 1643 1588 intentum,
1660 1559 1753 1590 sperat
1768 1555 1795 1581 in

1007 1600 1133 1632 Domino,
1170 1600 1353 1636 mandataque
1391 1601 1478 1636 ipsius
1509 1595 1648 1634 observat,
1671 1607 1721 1627 nec
1742 1600 1796 1628 diis

1008 1647 1069 1673 aliis
1087 1647 1185 1680 servit,
1204 1647 1314 1681 aliaque
1329 1654 1390 1682 qtae
1413 1648 1471 1682 lege
1493 1647 1639 1674 interdicta
1655 1651 1720 1674 sunt
1741 1653 1795 1673 non

1007 1692 1084 1719 facit.
1115 1691 1180 1725 Qua:
1203 1693 1225 1720 si
1247 1693 1497 1725 observaverimus,
1514 1693 1585 1720 Deus
1599 1692 1729 1728 pugnabit
1746 1699 1796 1726 pro

1007 1738 1097 1765 nobis.
1109 1739 1192 1766 Arma
1206 1739 1279 1766 enim
1297 1744 1391 1767 nostra
1408 1747 1461 1766 non
1474 1747 1587 1772 carnea,
1610 1746 1704 1767 verum
1716 1738 1798 1773 spiri-

1008 1785 1094 1812 tualia
1109 1789 1186 1812 sunt.
1198 1784 1277 1818 Nam,
1297 1794 1306 1810 ι
1322 1785 1381 1812 Non
1398 1788 1522 1813 metuero
1533 1793 1548 1812 a
1562 1784 1733 1820 myriadibus
1747 1791 1797 1819 po-

1009 1831 1136 1866 pulorum
1154 1831 1214 1872 qui,
1223 1838 1267 1858 me
1285 1831 1469 1858 circumstant
1485 1832 1518 1858 ⁸⁵.
1538 1840 1546 1857 ι
1570 1831 1680 1866 Loquar
1696 1831 1797 1858 etenim

1008 1877 1100 1905 lsraeli
1119 1878 1277 1905 constituta.
1295 1886 1305 1903 ι
1320 1877 1409 1912 Surge
1423 1877 1507 1912 igitur
1519 1881 1547 1905 et
1561 1884 1641 1905 serva
1657 1883 1712 1910 me,
1726 1875 1799 1904 Deus

1010 1931 1088 1952 meus
1101 1923 1136 1949 “.

1044 1980 1180 2015 Principes
1196 1980 1416 2015 populi,taudate
1432 1980 1587 2008 Dominum.
1605 1980 1657 2017 [9.]
1671 1980 1720 2008 llis
1736 1989 1799 2009 ver-

1010 2026 1065 2058 bis,
1088 2036 1097 2052 (
1119 2027 1214 2052 Divina
1230 2027 1331 2054 virtute
1365 2027 1482 2054 virtutes
1500 2027 1624 2060 edemus,
1637 2032 1664 2055 et
1681 2027 1739 2062 ipse
1751 2035 1800 2055 an-

1010 2072 1138 2100 nihilabit
1155 2076 1275 2100 tortores
1292 2077 1403 2100 nostros
1417 2073 1449 2099 ⁸⁷.
1472 2082 1481 2098 ι

1052 2127 1125 2155 Vectt'
1140 2128 1220 2155 mulis
1236 2128 1342 2161 nitidis,
1364 2129 1409 2163 qui
1424 2128 1574 2163 prwsidetis
1598 2129 1738 2162 tribunali,
1753 2130 1799 2165 qui

1011 2182 1056 2209 per
1072 2174 1172 2201 itinera
1199 2174 1333 2207 inccditis,
1355 2179 1481 2201 enarrata
1503 2174 1570 2201 lucc.
1588 2173 1656 2210 [10.]
1669 2174 1799 2202 Potentes

1011 2220 1106 2253 Israel,
1123 2220 1222 2254 inquit,
1247 2225 1273 2247 et
1291 2220 1338 2254 qui
1359 2220 1385 2246 in
1407 2219 1507 2247 itinere
1523 2220 1623 2255 populo
1636 2220 1799 2255 prteceditis,

179 2266 297 2301 Ἰσραὴλ,
319 2267 367 2293 καὶ
383 2267 618 2302 προπορευόμενοι
631 2268 660 2293 ὲν
672 2266 724 2302 ὁδῷ
737 2267 783 2293 τοῦ
813 2267 890 2299 λαοῦ,
913 2268 952 2294 κα¹

1011 2265 1111 2301 quique
1126 2265 1233 2300 judicio
1249 2265 1319 2293 estis
1341 2266 1476 2300 praefecti,
1496 2271 1626 2302 tanquam
1640 2274 1722 2301 super
1741 2266 1799 2302 lyra

173 2312 221 2338 ἐπὶ
232 2312 262 2338 τὸ
272 2312 375 2347 κρίνειν
399 2313 575 2348 τεταγμένοι,
588 2313 625 2345 ὠς
639 2312 667 2339 έν
679 2321 733 2340 τινι
749 2313 819 2349 λύρᾳ
835 2313 885 2348 τὴν
900 2314 961 2340 ἐπι-

174 2357 259 2384 νίκιον
273 2357 346 2394 ᾠδὴν
359 2358 555 2394 ἀνακρούεσθε.

209 2413 288 2440 Ἐκεῖ
302 2413 435 2442 δώσουσι
444 2414 643 2449 δικαιοσύνην
655 2415 761 2449 Κυρίῳ.
781 2415 857 2441 Ἐκεῖ
866 2423 872 2430 ·
893 2415 957 2448 ποῦ;

178 2459 263 2486 Ἔνθα
291 2460 401 2487 πάντων
424 2460 644 2496 εὐφραινομένων
658 2462 674 2496 ἡ
689 2461 814 2488 κατοικία
831 2462 860 2487 ὲν
872 2460 958 2495 αὐτῷ.

1015 2311 1131 2346 quadam
1146 2319 1257 2339 carmen
1272 2311 1412 2339 victoriale
1428 2312 1544 2347 pulsate.

1050 2420 1093 2448 Ibi
1104 2421 1220 2448 tribuent
1229 2420 1365 2456 justitiam
1378 2420 1502 2449 Domino.
1521 2419 1590 2456 [H.J
1601 2420 1640 2448 lbi
1659 2419 1800 2453 nimirum,

1007 2467 1053 2494 ubi
1073 2467 1204 2494 omnibus
1220 2467 1381 2494 lactantibus
1397 2467 1425 2494 in
1437 2467 1498 2501 ipso
1518 2466 1598 2494 sedes
1614 2470 1666 2494 est.
1681 2475 1690 2492 ε
1709 2465 1802 2499 impiis

178 2513 188 2530 ι
199 2504 237 2530 Οὐ
254 2504 308 2540 γὰρ
325 2504 384 2532 έστι
394 2505 501 2540 χαίρειν
514 2507 571 2538 τοῖς
584 2506 708 2538 ἀσεϐέσι,
722 2515 730 2531 ι
751 2506 825 2540 λέγει
847 2505 950 2541 Κύριος

1005 2513 1078 2540 enim
1092 2520 1149 2540 non
1167 2512 1232 2540 licet
1251 2513 1382 2549 gaudere,
1402 2522 1411 2538 ι
1432 2512 1522 2547 inquit
1535 2511 1669 2540 Dominus
1689 2511 1724 2538 ⁸⁸.
1743 2510 1800 2538 Nec

175 2549 232 2584 (5|)
254 2549 320 2576 Οὐδὲ
345 2550 477 2577 δώσουσιν
509 2551 538 2578 ὲν
568 2551 698 2587 συνεδρίῳ
724 2551 896 2587 ἁμαρτωλῶν
922 2551 961 2578 δι-

176 2595 322 2630 καιοσύνην
335 2596 440 2632 Κυρίῳ.
463 2606 472 2622 ι
490 2597 550 2623 Ἐπὶ
572 2597 626 2632 γὰρ
653 2597 698 2624 τὸν
719 2597 855 2633 Ίσραὴλὴ
872 2606 960 2632 μεγα-

177 2641 326 2677 λοπρέπεια
343 2641 436 2676 αὑτοῦ,
455 2643 502 2670 καὶ
514 2644 530 2679 ἡ
541 2644 655 2679 δύναμις
668 2644 752 2671 αὑτοῦ
764 2646 793 2671 ὲν
807 2645 868 2676 ταῖς
883 2645 963 2680 νεφέ-

214 2729 359 2767 ῩᾌΜίιιιιι.
376 2739 431 2767 Αιι,
459 2731 505 2760 29.
559 2731 582 2748 “
608 2731 708 2766 Ephes.
724 2741 762 2767 νι,
784 2733 829 2760 12.

179 2763 202 2781 ⁸³
217 2765 284 2793 ibid.
322 2766 344 2781 “7
374 2765 446 2794 Psal.
465 2774 508 2794 ιιι
540 2767 583 2794 12.
622 2763 644 2783 ⁸⁸
671 2763 874 2801 I’sal.'t.xxxvr,
896 2769 922 2796 7.

880 2733 903 2750 ⁶³
920 2732 995 2763 Psal.
1015 2743 1128 2769 xxxvm,
1148 2736 1191 2763 1‘2.

1013 2558 1041 2586 in
1056 2565 1190 2587 consessu
1204 2562 1380 2594 peccatorum
1390 2558 1526 2594 justitiam
1540 2557 1656 2585 Domino
1667 2557 1800 2584 tribuent-

1017 2611 1027 2628 ι
1044 2601 1110 2630 Nam
1134 2610 1218 2638 super
1237 2603 1367 2630 lsraelcm
1392 2601 1596 2638 magniﬁcentia
1621 2601 1683 2636 ejus
1699 2604 1752 2634 est,
1774 2603 1803 2627 et

1015 2648 1104 2676 virtus
1117 2648 1177 2684 ejus
1194 2649 1222 2676 in
1235 2648 1367 2676 nubibus.
1380 2647 1512 2675 Miriﬁcus
1532 2647 1599 2674 item
1611 2650 1655 2674 est
1669 2645 1805 2673 Dominus

1244 2736 1266 2752 εδ
1293 2735 1377 2764 llebr.
1404 2742 1464 2769 xui,
1487 2734 1531 2762 Η.
1583 2734 1606 2750 ⁸⁸
1621 2733 1693 2762 Psal.
1715 2740 1756 2765 ιιι,
1773 2731 1803 2758 7.

932 2839 1050 2870 NOT.’E.

216 2889 271 2925 (5|)
290 2889 338 2918 Ἐκ
348 2891 396 2927 τῆς
411 2892 437 2919 2.
454 2891 500 2919 τοῦ
522 2892 607 2921 Ίωάν.
622 2893 709 2922 επιστ.
724 2891 759 2918 ἴς.
774 2892 886 2927 ἐλήφθη,
