2086 3160
287 145 361 180 1055

959 157 1137 190 PROCOPII
1153 161 1277 193 GAZ/EI

1856 164 1926 200 1055

285 205 314 232 in
331 204 437 233 sanctis
447 205 506 235 suis
518 207 553 236 ⁸³.
570 207 622 236 ιΕῑ
637 217 644 237 :
668 209 879 240 Conﬁrmarunt
901 213 1026 247 homines
1051 215 1073 244 ir

1132 217 1202 250 λαις.
1219 220 1284 252 Καὶ,
1317 220 1473 255 θαυμαστὸς
1488 221 1502 248 ὁ
1511 220 1577 254 Θεὸς
1589 221 1618 249 ὲν
1635 221 1691 253 τοῖς
1705 221 1792 257 ἁγίοις
1804 223 1898 253 αὑτοῦ.
1911 235 1921 252 ι

284 249 379 284 Israel,
391 251 490 287 inquit,
500 253 632 282 Dominus
642 256 715 283 enim
724 257 797 285 vires
807 258 908 295 populo
918 267 970 288 suo
987 261 1081 290 confe-

286 300 337 325 ret.
351 296 473 333 Populus
483 307 549 328 vero
561 299 648 335 ipsius
660 301 731 336 justi
747 308 823 333 suut.

321 398 395 426 Tum:
419 399 560 428 descendet
577 402 693 437 populus
717 403 827 432 Domini
848 405 876 433 in
899 407 978 435 urbes
1004 416 1078 436 suae.

285 444 363 473 Tunc
376 445 508 474 nimirum
524 449 667 484 cumjusti
684 450 712 477 in
729 450 815 479 lsrael
830 452 1017 482 invaluerunt.
1029 454 1081 484 Per

286 493 416 522 civitates
425 502 491 523 vero
507 495 632 531 Israelis,
650 497 771 526 divinam
791 507 885 528 rerum
897 500 1080 531 administra-

284 539 387 568 tionem
416 541 666 580 mandatorumque
678 544 901 575 observationem
922 547 1077 585 intelliges.

320 629 518 666 Expergiuere,
526 634 713 668 expergiscere,
725 634 855 663 Debbora.
868 636 913 672 [V,
922 637 979 673 l2.]
990 637 1078 666 Justi-

283 676 350 703 tiam
373 677 505 712 provehe,
532 679 662 714 populum
680 681 825 715 eonlirma,
848 691 897 718 pro
928 683 975 712 Dei
993 684 1078 719 gloria

284 729 317 749 ac
333 723 426 757 populi
443 723 534 752 salute
548 732 681 761 exsurge.

319 768 398 803 501
418 768 616 798 Corroborator
631 780 710 807 surge
728 772 828 801 Barac.
851 773 940 811 Surge
960 780 988 803 et
1008 783 1077 804 con-

284 811 374 846 ﬁrma,
397 815 629 849 quemadmodum
651 817 685 845 ad
713 818 816 846 Mosem
840 827 951 855 quoque
972 821 1076 850 dictum

283 863 326 887 est
342 866 351 887 :
371 870 380 886 ι
398 861 460 889 Stes
478 869 493 888 a
510 869 553 890 me
569 863 604 891 '“.
623 873 633 889 ι
656 863 741 892 David
762 865 827 893 item
843 866 934 902 inquit
952 876 958 895 :
975 877 985 893 ι
1011 868 1073 896 Ste-

283 907 376 932 terunt
396 906 481 941 pedes
501 908 590 936 nostri
614 910 642 936 in
660 909 731 938 aulis
760 911 829 941 tuis.
846 911 996 941 Jerusalem
1011 914 1046 941 ".
1060 923 1070 940 ι

283 949 349 977 Item
363 959 370 978 :
385 961 395 978 ι
413 952 589 982 Constituisti
607 962 691 989 super
711 961 789 991 petra
811 957 894 992 pedes
918 966 994 987 meos
1005 959 1039 987 ⁷³.
1063 970 1073 987 ι

283 995 371 1024 Macte
394 997 479 1032 igitur
502 998 617 1033 virtute,
635 1007 729 1035 surge,
755 1005 783 1029 et
798 1001 843 1029 dic
863 1011 869 1030 :
889 1012 898 1029 ι
922 1002 1023 1032 Omnia
1049 1005 1076 1032 in

282 1041 393 1070 Christo
407 1043 454 1078 qui
472 1051 516 1071 me
535 1045 716 1078 corroborat,
730 1054 843 1082 possunt
860 1048 893 1076 ⁷⁸.
917 1058 927 1075 ι
945 1064 981 1070 -
995 1060 1004 1076 ι
1022 1050 1077 1078 Ro-

283 1087 334 1116 bur
350 1088 416 1116 item
431 1097 523 1118 meum
537 1098 572 1118 ac
598 1091 658 1120 laus
672 1100 732 1120 mea
750 1092 882 1122 Dominus
892 1095 926 1123 ".
945 1105 954 1122 ι
977 1095 1075 1125 Verum

279 1137 309 1161 et
335 1138 378 1167 tu,
396 1134 532 1170 Debbora,
546 1137 679 1165 conﬁrma
695 1138 791 1168 Barac.
823 1140 979 1178 Suggerunt
1002 1143 1077 1171 enim

283 1179 364 1206 nobis
387 1180 415 1206 in
431 1179 549 1209 Domino
565 1183 639 1210 vires
654 1184 744 1211 sancti
765 1193 888 1221 quoque,
913 1195 976 1214 eum
997 1189 1077 1217 nobis

282 1225 404 1252 animum
418 1232 517 1254 contra
529 1228 624 1261 hostes
641 1230 793 1259 instruunt.
811 1232 907 1260 Totam
919 1241 986 1261 vero
999 1242 1077 1262 men-

283 1274 336 1298 tem
353 1271 381 1298 in
394 1272 584 1307 captivitatem
599 1275 704 1310 redige,
717 1281 747 1304 ut
758 1277 875 1306 Christo
888 1283 983 1313 pareat
998 1280 1032 1308 ".
1044 1280 1077 1308 Et

282 1315 305 1342 si
325 1323 392 1344 vero
407 1316 433 1344 in
450 1325 536 1353 opere
561 1322 609 1347 tuo
635 1320 750 1349 deﬁcias
766 1322 839 1350 sicut
858 1322 985 1352 Jonatha:
1002 1326 1077 1353 acci—

282 1361 336 1396 dit,
352 1360 493 1397 Debbora,
509 1364 564 1393 hoc
573 1369 617 1394 est
630 1366 711 1395 melle
726 1368 890 1403 prophetico
901 1374 1011 1405 gustato
1019 1372 1077 1400 ani-

282 1417 308 1436 m
314 1417 359 1436 um
374 1417 496 1438 resume.

318 1455 392 1483 Tum:
408 1456 592 1485 dominabitur
612 1459 658 1494 qui
677 1460 793 1496 reliquus
815 1461 899 1496 fuerit
923 1464 1075 1499 magniﬁcis

280 1503 384 1536 populi,
396 1504 460 1538 quin
475 1504 604 1533 Dominus
618 1505 802 1535 dominabitur
814 1509 878 1536 mihi
891 1518 970 1545 super
980 1511 1074 1546 gigan-

1133 265 1188 292 Καὶ
1201 265 1359 301 ὲνίσχυσαν,
1372 267 1466 301 φησὶν,
1486 267 1516 294 ὲν
1533 267 1572 303 τῷ
1590 268 1711 303 Ἰσραήλ.
1737 268 1840 304 Κύριος
1869 270 1925 305 γὰρ

1134 311 1213 346 ἰσχὺν
1231 311 1272 347 τῷ
1287 311 1346 348 λαῷ
1364 312 1448 340 αὐτοῦ
1472 312 1565 341 δώσει.
1598 314 1670 346 Λαὺς
1688 314 1717 340 δὲ
1739 314 1823 342 αὑτοῦ
1843 316 1869 343 οι
1885 316 1926 343 δί-

1132 364 1217 385 nam.

1170 403 1238 431 Τότε
1251 404 1362 438 κατέϐη
1375 405 1392 432 ὀ
1409 404 1486 438 λαός
1502 405 1615 439 Κυρίου
1631 404 1676 438 εις
1683 405 1737 438 τὰς
1749 405 1856 440 πόλεις
1871 408 1926 434 αὐ-

1131 447 1196 476 τοῦ.
1224 448 1303 476 Τότε.
1326 449 1396 476 Πότε
1417 457 1426 482 ;
1448 449 1494 476 ὅτε
1520 448 1623 476 δίκαιοι
1653 448 1801 484 ἑνίσχυσαν
1827 450 1858 477 ὲν
1885 451 1926 487 τῷ

1137 494 1256 530 Ἰσραήλ.
1285 495 1380 527 Πόλεις
1400 495 1430 522 δὲ
1456 495 1565 530 νοήσεις
1594 494 1642 522 τοῦ
1671 496 1791 531 Ἰσραὴλ,
1816 496 1926 529 καὶτὰς

1131 539 1202 566 κατὰ
1228 540 1296 568 Θεὸν
1313 540 1402 569 αὑτοῦ
1431 540 1584 574 πολιτείας,
1613 540 1728 568 καὶτῶν
1745 541 1863 569 ἐντολῶν
1876 542 1926 578 τὴν

1130 586 1260 622 τήρησιν.

1166 631 1354 667 Ἔξεγείρου,
1382 632 1547 668 ἐξεγείρου,
1572 631 1718 667 Δεὸϐιῖῳα.
1745 633 1924 669 Δικαιοσύνην

1130 676 1260 712 αὕξησον,
1289 677 1433 714 ὲνίσχυσον
1461 678 1507 705 τὸν
1518 677 1593 711 λαὸν,
1618 677 1779 713 διανάστηθι
1794 678 1924 714 πρὸςτὴν

1129 722 1178 749 τοῦ
1194 723 1263 750 Θεοῦ
1278 723 1368 757 δόξαν,
1381 724 1429 751 καὶ
1439 724 1490 760 τὴν
1502 724 1643 759 σωτηρίαν
1661 724 1710 751 τοῦ
1733 724 1852 760 Ἰσραήλ.

1172 770 1340 805 Ἐνισχύων
1362 769 1550 803 ἐξανίστασο
1577 770 1692 805 Βαράκ,
1733 771 1901 806 Ἐνδυναμοῠ
1915 792 1922 804 ,

1131 817 1178 844 καὶ
1186 817 1355 850 διανίστασο,
1371 817 1443 844 κατὰ
1454 817 1484 844 τὸ
1497 817 1566 853 πρὸς
1589 818 1712 847 Μωῡσέα
1721 827 1728 834 ·
1742 819 1779 845 Σὺ
1793 819 1823 845 δὲ
1839 818 1923 846 αὐτοῦ

1133 863 1230 898 «στῆθι
1264 863 1324 898 μετ’
1353 863 1459 899 ὲμοῦ.ι
1491 865 1546 892 Καὶ
1576 865 1648 891 κατὰ
1678 864 1763 891 Δαὸὶδ
1792 865 1921 891 εἰπόντα·

1131 919 1139 936 ι
1159 910 1293 941 Ἑστῶτες
1305 907 1377 946 ἦσαν
1393 910 1418 936 οἱ
1434 909 1515 942 πόδες
1527 911 1543 946 ἡ
1549 910 1609 946 μῶν
1620 911 1649 937 ὲν
1659 911 1720 942 ταῖς
1738 911 1834 942 αὐλαῖς
1860 919 1920 945 σου,

1134 952 1327 989 Ἰερουσαλήμ.
1348 963 1358 980 ι
1376 954 1441 986 Καὶ,
1471 963 1481 980 ι
1494 955 1633 991 Ἔστησας
1659 955 1706 981 ἐπὶ
1726 955 1832 991 πέτραν
1857 957 1922 987 τοὺς

1128 999 1213 1031 πόδας
1229 1008 1292 1034 μου.
1308 1008 1317 1025 ι
1342 1000 1491 1036 Ἐνισχύων
1505 998 1553 1028 οὖν
1569 1000 1742 1035 ὲξανίστασο,
1775 1002 1824 1029 καὶ
1839 1002 1922 1036 λέγε·

1131 1055 1140 1071 ι
1155 1045 1249 1073 Πάντα
1271 1046 1357 1082 ἰσχύω
1382 1048 1412 1074 ὲν
1438 1047 1478 1083 τῷ
1502 1047 1698 1082 ἐνδυναμοῦντί
1714 1056 1748 1082 με
1766 1048 1889 1083 Χριστῷ,
1908 1057 1918 1074 ι

1129 1092 1194 1124 Καὶ,
1212 1101 1222 1118 ι
1233 1091 1321 1127 ’ἰσχύς
1339 1100 1389 1127 μου
1405 1092 1577 1129 καὶῦμνησίς
1593 1101 1645 1128 μου
1656 1094 1671 1120 ό
1687 1092 1800 1128 Κύριος.
1818 1102 1828 1119 ι
1840 1093 1923 1120 ’Λλλά

1127 1137 1175 1164 καὶ
1200 1137 1233 1164 σὺ
1266 1137 1397 1173 Δεεϐὦρα
1424 1138 1589 1173 κατισχυσον
1611 1137 1657 1165 τὸν
1681 1138 1786 1174 Βαράκ.
1813 1138 1923 1166 Διδόασε

1127 1184 1181 1219 γὰρ
1209 1184 1257 1210 καὶ
1279 1185 1345 1220 ἡμῖν
1361 1185 1389 1211 ὲν
1404 1185 1500 1220 Κυρίῳ
1516 1184 1632 1220 δύναμιν
1656 1185 1703 1212 καὶ
1716 1185 1740 1211 οί
1757 1185 1842 1219 ἆγιοι,
1858 1185 1922 1221 θαρ-

1128 1230 1185 1265 ῥεῖν
1198 1230 1273 1265 ἡμᾶς
1304 1229 1376 1256 κατὰ
1401 1230 1457 1256 τῶν
1487 1230 1629 1265 πολεμίων
1651 1230 1919 1266 παρασκευάζοντες.

1127 1276 1185 1302 Πᾶν
1198 1275 1226 1302 δὲ
1239 1275 1329 1311 νόημα
1340 1275 1528 1311 αίχμαλώτιζε
1546 1275 1642 1311 Βαρὰκ
1659 1276 1700 1308 είς
1727 1276 1779 1312 τὴν
1795 1277 1925 1312 ὑπακοὴν

1125 1322 1173 1348 τοῦ
1196 1322 1338 1358 Χριστοῦ·
1367 1322 1420 1349 κᾶν
1446 1322 1566 1358 ὲκλυθῇς
1592 1323 1661 1357 πρὸς
1683 1321 1774 1355 τοῦτο,
1793 1323 1864 1350 κατὰ
1875 1323 1926 1350 τὸν

1132 1368 1271 1400 Ἰωνάθαν,
1288 1368 1322 1395 ὲκ
1341 1369 1391 1403 τῆς
1412 1368 1545 1404 ἐργασίας
1568 1369 1714 1404 Δεϐϐῶρας
1739 1369 1922 1405 γευσάμενος,

1125 1413 1213 1449 ἴσχυε,
1226 1413 1273 1440 τοῦ
1289 1413 1398 1449 μέλιτος
1409 1413 1457 1441 τοῦ
1467 1413 1652 1449 προφητικοῦ.

1163 1459 1233 1486 Τότε
1265 1459 1375 1493 κατέϐη
1398 1459 1454 1495 (5'2)
1480 1459 1668 1494 κατάλειμμα
1694 1459 1757 1493 τοῖς
1772 1459 1920 1494 ὶσχιψοῖς·

1124 1506 1200 1539 λαὸς
1212 1506 1325 1540 Κυρίου
1340 1506 1396 1542 (55)
1408 1506 1518 1540 κατέϐη
1530 1506 1611 1540 αὐτῷ
1621 1507 1657 1533 ἐν
1677 1507 1741 1539 τοῖς
1768 1506 1921 1540 κραταιοὶς

281 1552 329 1576 tes.
355 1548 425 1585 [l5.]
447 1549 500 1583 Qui
519 1546 660 1580 strenuus
681 1560 734 1587 pro
759 1554 872 1583 nomine
890 1555 938 1583 Dei
957 1561 1018 1589 est,
1039 1564 1072 1584 ac

1127 1552 1159 1584 ἐξ
1173 1551 1257 1587 ἐμοῦ.
1271 1552 1367 1579 Ὁπότε
1378 1552 1553 1588 ὲμεγαλύνθη
1563 1554 1580 1588 ὴ
1598 1553 1675 1588 ἰσχὺς
1686 1552 1781 1580 αὑτοῦ.
1799 1552 1828 1579 Ὁ
1847 1553 1921 1580 κατὰ

280 1594 375 1623 hostes
389 1594 646 1631 vincitinvisibiles,
658 1599 789 1634 quoniam
797 1607 909 1635 magnas
918 1609 950 1628 ex
962 1601 1073 1630 virtuti—

280 1639 332 1668 bus
349 1641 423 1669 vires
438 1641 575 1671 divinitus
595 1643 624 1671 in
642 1651 673 1672 se
706 1644 799 1677 habet,
817 1647 909 1682 magni
933 1646 972 1675 ﬁt.
993 1648 1023 1675 In
1038 1648 1072 1676 iis

279 1685 352 1712 enim
363 1686 410 1721 qui
427 1686 482 1716 illis
496 1688 576 1716 vacui
589 1692 665 1722 sunt,
677 1689 804 1719 inﬁrmus
827 1696 870 1720 est
882 1699 915 1720 ac
936 1693 1014 1728 parvi
1031 1693 1070 1721 ﬁt.

279 1731 414 1759 Czeterum
430 1733 486 1761 vim
509 1733 580 1762 hanc
594 1735 749 1770 prophetici
768 1744 912 1766 sermones
934 1739 1070 1775 praebent,

280 1779 366 1807 robur
380 1779 455 1808 enim
470 1780 615 1816 spirituale
627 1782 790 1811 conferunt.

316 1862 440 1898 Domine.
453 1865 571 1901 deprime
588 1866 715 1902 fortiores
733 1877 784 1897 me.
801 1867 861 1898 Nisi
881 1870 955 1898 enim
975 1871 1071 1900 Domi-

279 1917 333 1937 nus
350 1914 425 1938 esset
439 1911 512 1939 inter
525 1920 588 1944 nos.
607 1921 670 1940 cum
693 1915 821 1944 homines
838 1921 939 1944 contra
956 1925 1009 1946 nos
1025 1918 1070 1946 in-

279 1959 411 1991 surgunt,
433 1956 514 1986 vivos
538 1958 636 1994 utique
650 1958 821 1989 devorarent
837 1969 889 1990 nos
907 1963 943 1995 ⁷⁷,
965 1969 1072 1999 quanto

280 2001 371 2037 magis
395 2002 538 2032 daemones
568 2008 596 2033 et
612 2004 752 2040 Satanas,
774 2008 823 2043 qui
845 2015 897 2044 per
917 2010 1069 2039 elationem

279 2051 345 2074 sunt
360 2049 492 2082 prostrati
505 2049 517 2076 ?

315 2091 435 2127 Populus
462 2092 593 2128 Ephraim
614 2096 688 2124 ultus
713 2101 754 2125 est
774 2106 819 2126 eos
846 2099 875 2127 in
897 2101 977 2129 valle.
999 2101 1068 2139 [Η.]

278 2137 432 2174 Postquam
449 2139 577 2169 Debbora
593 2142 621 2170 in
639 2147 734 2172 monte
754 2144 889 2180 Ephraim
913 2137 1070 2177 seditaAut

279 2188 355 2212 certe
370 2192 461 2212 rerum
475 2187 527 2215 sub
540 2188 597 2216 Aod
613 2192 756 2224 gestarum
775 2191 811 2220 iis
822 2199 885 2227 quae
897 2193 949 2221 sub
963 2193 1067 2222 Barach

1124 1598 1191 1625 Θεὸν
1215 1598 1351 1633 ἀνδρεῖος,
1375 1599 1424 1625 καὶ
1445 1598 1531 1626 νικῶν
1561 1599 1625 1630 τοὺς
1651 1598 1787 1634 ἁοράτους
1799 1598 1917 1633 ἐχθροὺς

1125 1643 1317 1679 μεγαλύνεται,
1329 1643 1379 1680 τὴν
1395 1644 1472 1672 θείαν
1491 1644 1609 1678 δύναμιν
1618 1645 1652 1671 ἐκ
1668 1644 1724 1671 τῶν
1747 1644 1854 1679 ἀρετῶν
1872 1653 1922 1678 με·

1122 1690 1210 1725 γάλην
1226 1690 1296 1726 ἔχων
1309 1691 1338 1717 ὲν
1356 1690 1457 1725 ἐαυτῷ.
1477 1690 1523 1718 Ἑν
1542 1691 1597 1724 γὰρ
1610 1691 1668 1721 τοῖς
1682 1689 1786 1716 τούτων
1806 1689 1922 1724 ἐρήμοις

1122 1735 1234 1763 ἀσθενεῖ
1263 1736 1310 1762 καὶ
1330 1735 1523 1771 σμικρύνεται.
1549 1736 1606 1771 Τὴν
1629 1736 1657 1762 δὲ
1671 1735 1789 1770 δύναμιν
1813 1734 1920 1769 ταύτην

1123 1783 1290 1817 προφητικοὶ
1314 1782 1466 1818 χορηγοῦσι
1481 1782 1568 1816 λόγοι,
1599 1781 1788 1817 πνευματικὴν
1803 1781 1923 1812 διδόντες

1124 1829 1212 1856 ῑσγύν.

1171 1838 1212 1856 υν.

1135 1837 1275 1909 σχΚύριος,
1283 1875 1474 1902 ταπείνωσόν
1479 1883 1530 1909 μοι
1541 1872 1837 1908 τοὺςισχυροτέρους
1843 1880 1917 1906 μου.

1123 1919 1154 1946 Εἰ
1172 1920 1208 1955 μὴ
1222 1919 1277 1954 γὰρ
1286 1920 1327 1946 ὅτι
1351 1919 1453 1954 Κύριος
1472 1918 1507 1955 ἦν
1518 1920 1548 1946 ὲν
1564 1920 1642 1954 ἡμῖν,
1659 1919 1688 1944 ἐν
1703 1917 1742 1953 τῷ
1757 1916 1917 1952 ὲπαναστῆ-

1121 1975 1165 1994 ναι
1192 1965 1353 2001 ἀνθρώπους
1366 1965 1409 2000 ἐφ’
1422 1966 1508 2001 ἡμᾶς,
1527 1966 1582 1999 ἄρα
1610 1964 1717 1996 ζῶντας
1735 1963 1769 1990 ἂν
1784 1963 1921 1989 κατέπιον

1120 2011 1207 2046 ἡμᾶς,
1225 2011 1301 2045 πόσῳ
1313 2011 1415 2046 μᾶλλον
1427 2010 1555 2046 δαίμονες
1564 2010 1612 2037 καὶ
1626 2011 1640 2036 ὁ
1653 2009 1778 2040 Σατανᾶς
1789 2009 1815 2035 οἱ
1827 2016 1900 2035 κατα
1912 2022 1918 2026 -

1121 2056 1266 2092 ϐληθέντες
1277 2056 1310 2083 δι’
1328 2056 1447 2092 ἔπαρσιν
1460 2065 1467 2089 ;

1156 2101 1369 2137 ΛαὸςἘφραῒμ
1384 2101 1590 2136 ἐτιμωρήσατο
1607 2101 1722 2135 αὐτοὺς
1737 2101 1772 2128 ἐν
1787 2099 1916 2127 κοιλάδι.

1127 2148 1236 2184 Ἐπειδὴ
1269 2148 1400 2184 Δεϐΰῶρα
1414 2148 1443 2175 ἐν
1457 2147 1516 2183 ὄρει
1542 2148 1664 2183 Ἐςρραῖμ
1695 2146 1853 2179 ἐκαθέζετο,
1870 2146 1919 2181 ἥγ’

1120 2193 1166 2223 οἶῖν
1177 2195 1232 2223 τῶν
1242 2196 1289 2222 επὶ
1303 2195 1351 2222 τοῦ
1367 2195 1435 2222 Ἀὼδ
1446 2195 1600 2230 γενομένων
1613 2194 1666 2230 πρὸ
1679 2194 1733 2221 τῶν
1745 2194 1793 2221 ὲπὶ
1805 2193 1852 2220 τοῦ
1867 2194 1920 2220 Βα-

278 2231 466 2267 antiquiorum
478 2234 588 2263 videtur
605 2237 778 2265 meminisse.
792 2238 913 2272 Quando
930 2241 958 2268 in
970 2249 1071 2270 ascen-

1127 2242 1179 2278 ρὰκ
1195 2242 1268 2269 ἔοικε
1280 2241 1438 2277 μεμνῆσθαι
1448 2250 1454 2256 ·
1471 2242 1516 2268 ὅτε
1531 2241 1635 2272 ἀναϐὰς
1653 2240 1722 2267 Ἀὼδ
1738 2238 1920 2274 ὲξῚεριχοῦς,

278 2284 310 2304 ευ
333 2285 368 2305 ex
391 2277 504 2308 Iericho
524 2288 612 2309 cornu
634 2283 662 2310 in
679 2289 774 2312 monte
799 2285 933 2321 Ephraim
951 2288 1069 2323 clanxit,

277 2329 305 2350 et
322 2324 412 2359 copiis
424 2326 532 2354 coactis
547 2333 751 2362 percusserunt
765 2329 846 2359 Moab
859 2332 891 2359 ⁷³.
907 2331 988 2362 Forte
1005 2342 1070 2362 vero

277 2369 364 2397 etiam
381 2375 443 2406 post
459 2372 605 2400 victoriam
622 2373 729 2402 Barach
749 2376 777 2403 in
798 2381 951 2405 torrentem
969 2379 1070 2408 Cisson

278 2422 377 2444 omnes
401 2421 468 2445 sunt
491 2419 642 2451 conversi.
674 2421 849 2458 relictosque
880 2424 1069 2454 trucidarunt.

277 2460 356 2494 Quod
373 2462 519 2492 brevitatis
534 2472 621 2493 causa
639 2465 666 2493 in
681 2468 843 2497 narratione
855 2474 901 2497 est
915 2470 1068 2505 omissum,

278 2514 332 2542 qua
358 2508 489 2538 absolute
508 2518 605 2539 eorum
628 2512 745 2542 victoria
762 2519 806 2542 est
828 2519 961 2545 tractata.
982 2518 1070 2546 Vocat

278 2560 344 2580 vero
369 2554 516 2590 Scriptura
538 2565 732 2594 smpenumero
760 2561 904 2592 Israelitas
928 2571 964 2591 ex
992 2569 1070 2599 parte

279 2594 421 2631 Ephraim.
439 2599 570 2630 Fortasse
588 2611 653 2631 vero
667 2604 813 2634 victoriam
830 2615 845 2635 a
865 2594 1001 2637 Gedeone
1011 2616 1071 2644 par-

279 2644 335 2669 tam
355 2643 539 2675 vaticinatur.
552 2647 619 2676 Erat
634 2650 708 2678 cnim
725 2651 786 2687 ipse
806 2653 919 2688 quidem
942 2654 977 2683 de
995 2643 1069 2682 tribu

1123 2288 1254 2316 ἐσάλπισε
1281 2287 1413 2323 κερατίνῃ
1427 2287 1455 2313 ὲν
1467 2286 1526 2322 ὄρει
1544 2286 1682 2322 Ἐερρατμο
1700 2286 1748 2313 καὶ
1770 2284 1920 2319 συναχθέν-

1122 2342 1169 2366 τες
1195 2333 1334 2366 ἐπάταξαν
1356 2333 1406 2369 τὴν
1418 2332 1515 2360 Μωάὖ.
1531 2333 1612 2364 Ἴσως
1627 2332 1656 2359 δὲ
1671 2332 1720 2359 καὶ
1750 2330 1820 2366 μετὰ
1831 2330 1862 2356 τὸ
1873 2339 1917 2356 νι-

1124 2380 1207 2415 κῆσαι
1230 2379 1326 2415 Βαρὰκ
1348 2379 1580 2415 συνεστράφησαν
1596 2378 1718 2410 ἅπαντες
1744 2377 1785 2409 εἰς
1798 2376 1846 2403 τὸν
1862 2384 1921 2410 χει-

1125 2426 1248 2462 μάρρουν
1258 2425 1379 2459 Κισσὼν,
1392 2426 1439 2452 καὶ
1465 2425 1529 2457 τοὺς
1556 2424 1785 2460 περιλειφθέντας
1801 2421 1919 2449 ἀνεῖλον.

1126 2473 1159 2499 '0
1177 2471 1222 2499 διὰ
1241 2471 1390 2507 συντομίαν
1423 2470 1591 2506 παρέλειπεν
1605 2471 1622 2505 ἡ
1638 2470 1765 2505 διήγησις
1778 2489 1785 2500 ,
1813 2467 1922 2495 τελείαν

1123 2517 1239 2544 εἰποῦσα
1266 2517 1317 2553 τὴν
1345 2518 1405 2544 κατ’
1422 2517 1513 2544 αὐτῶν
1533 2516 1622 2552 νίκην.
1639 2515 1727 2543 tum
1742 2514 1771 2541 δὲ
1789 2513 1922 2545 πολλάκις

1124 2564 1141 2599 ἡ
1157 2563 1252 2598 Γραφὴ
1271 2564 1334 2595 τοὺς
1354 2562 1524 2598 Ἰσραηλίτας
1536 2563 1568 2589 ὲκ
1584 2561 1697 2598 μέρους,
1720 2559 1855 2596 Ἐφραϊμ.
1874 2558 1921 2584 Εε-

1124 2609 1172 2641 κὸς
1183 2609 1212 2636 δὲ
1228 2609 1274 2636 καὶ
1287 2609 1336 2644 τὴν
1356 2608 1429 2636 κατὰ
1442 2607 1547 2635 Γεδεὼν
1571 2607 1723 2643 γενομένην
1747 2606 1828 2641 νίκην
1852 2612 1922 2639 προ-

1124 2655 1224 2689 λέγειν.
1239 2653 1295 2682 Ἧν
1314 2655 1368 2691 γὰρ
1387 2655 1470 2687 αὐτὸς
1490 2654 1578 2690 φυλῆς
1605 2654 1654 2690 μὲν
1671 2652 1806 2688 Μανασσῆ
1821 2659 1830 2667 '
1859 2652 1922 2686 μετ’

313 2713 640 2757 ξίιξεηιψχνιιιῇΛ-ξᾷ-
666 2721 689 2738 "°
697 2721 769 2749 Psal.
782 2730 879 2757 xxvm,
894 2724 936 2752 ll.
975 2726 995 2742 ⁷¹
1011 2724 1073 2753 Exo:

1127 2732 1218 2755 rxxm.
1235 2725 1282 2752 2i.
1319 2725 1342 2741 ⁷¹
1361 2724 1436 2752 Psal.
1462 2731 1553 2757 Laur,
1570 2724 1597 2752 9..
1637 2724 1658 2740 ⁷³
1677 2722 1751 2751 Psal.
1777 2730 1872 2754 xxxur,
1890 2721 1919 2748 Ξ.

279 2748 300 2764 τι
315 2747 438 2786 Philipp.
454 2760 490 2785 ιν,
507 2745 564 2782 ιδ(
587 2745 615 2771 ὖιῖ
622 2745 707 2784 Ῥεειξ
718 2745 880 2792 ἱὶἶνῖίζίὶῖ
896 2745 941 2776 "1'6
953 2760 974 2788 ιι
1000 2745 1218 2801 ἄι“τῗ“ὲ,“5ἶ””ἳδ
1234 2745 1307 2787 ὗέίὶι.
1329 2745 1444 2793 nam;
1462 2745 1751 2791 Ξῖὲῖ”’τῖίῐιιιιίοῖῖῖῐζ
1765 2745 1811 2785 εἰ

1030 2816 1147 2847 NOTAE.

279 2851 370 2914 ἔκἓῖῗὶ)
397 2853 618 2893 Ἐμεγαλύνθηὴ
642 2859 716 2895 ἰσχὺς
745 2861 838 2890 αὐτοῦ,
858 2863 889 2890 'll
901 2864 946 2891 τοῦ
977 2864 1049 2891 Ἂλᾶ

1131 2862 1313 2924 Ὶὲὕὸλκιόριε,
1329 2861 1495 2890 ταπείνωσόν
1509 2870 1553 2897 μοι
1567 2862 1629 2894 τοὺς
1644 2861 1835 2898 ἰσχυροτέρους
1853 2867 1917 2896 μου.

1183 2906 1243 2924 αυτ.

1183 2906 1243 2925 αυτ.
