2086 3160
165 173 231 206 105⁷1

710 171 979 202 COMMENTABII
1000 169 1042 201 IN
1053 170 1223 202 JUDlCES.

1724 171 1794 204 1058

165 231 271 258 ἐκεῖνον
297 228 326 255 δὲ
347 227 507 263 κατέϐησαν
522 228 546 254 οί
569 227 620 263 τῆς
648 227 734 261 φυλῆς
763 228 811 255 τοῦ
830 228 959 263 Ἐφραῖμ.

1016 227 1157 258 Manassis.
1180 232 1244 263 post
1268 227 1357 263 ipsum
1379 235 1445 255 vero
1466 227 1671 255 descenderant
1693 227 1744 255 viri
1761 228 1795 255 de

165 274 213 302 καὶ
229 272 491 308 συναγωνισάμενοι,
508 272 617 304 τελείως
636 271 787 307 ἐτρέψαντο
817 273 879 303 τοὺς
894 272 955 299 Μα-

164 320 313 356 διηναίους,
337 319 384 346 καὶ
412 319 476 350 τοὺς
499 319 548 345 σὺν
573 318 666 349 αὐτοῖς
680 318 710 344 ὲν
722 317 837 345 κοιλάδι.
867 318 903 344 Τὸ
916 318 955 348 δὲ,

166 365 310 400 ’Λδελφούς
320 374 377 398 σου,
388 364 514 399 Βενιαμὶν
527 365 554 391 ἐν
563 364 636 395 λαοῖς
651 372 710 396 σου,
722 363 800 395 ἄλλος
815 364 956 396 ὲξέδωγεν,

172 422 182 438 ι
197 412 300 438 Ὀπίσω
313 420 360 438 σου
370 411 497 445 Βενιαμὶν
508 410 618 444 ἀδελφοί
630 419 690 441 σου,
709 419 718 436 ι
736 410 859 436 τουτέστι
874 410 957 445 συνῆν

168 458 207 494 τῷ
223 457 343 493 Ἐφραῒμ
353 457 401 484 καὶ
410 458 424 484 ὁ
439 456 571 491 Βενιαμὶν
581 457 610 483 ὲν
622 457 656 491 τῇ
670 455 833 490 παρατάξει,
849 455 886 487 ὡς
900 455 956 490 (ΞΗ)

169 504 282 538 ἀδελφὸς
297 503 336 530 ὢν
353 502 462 538 Ἰωσὴφ,
482 502 595 534 εἰκότως
611 501 658 528 καὶ
681 501 729 528 τοῦ
746 501 774 533 ἐξ
795 501 894 535 Ἰωσὴφ
917 501 958 527 Ἐ-

170 549 260 584 φραῖμ
269 549 384 583 ἁδελφὸς
393 549 559 583 ὀνομάζεται
569 548 640 574 κατὰ
652 547 798 583 συνήθειαν
805 548 956 582 γραφικήν.

175 597 218 626 Ὠς
233 596 281 623 καὶ
298 595 347 631 τὴν
363 595 472 630 Σάρραν
497 594 616 629 ἀδελφήν
629 602 712 629 φησιν
728 593 867 628 Ἀϐραὰμ,
878 602 957 620 τουτ-

170 642 244 669 έστιν
256 640 450 675 ἁδελφόπαιδα.

212 741 263 773 Ἓξ
277 740 351 775 ἐμοῦ
364 739 477 774 Μαχείρ
497 738 669 772 κατέϐησαν
683 736 909 772 ἐξερευνῶντες.
929 737 959 763 '0

172 787 281 822 Μαχεὶρ
308 786 364 817 υἱός
391 786 450 812 ἐστι
475 783 611 819 Μανασσῆ
636 783 724 819 πέραν
750 782 799 810 τοῦ
826 782 959 819 Ἰορδάνου

174 833 243 868 μετὰ
257 831 372 866 Ῥουϐὴν
389 831 438 857 καὶ
451 830 506 857 Γὰδ
526 829 750 865 κληρωσάμενος.
765 828 861 860 Ὅστις
873 829 960 856 πατάι

173 879 221 912 ξας
228 879 278 914 τὴν
289 877 407 910 Γαλαὰδ,
421 876 695 912 κατεκληρονόμησεν
710 876 806 910 αὐτὴν,
824 875 861 907 ὥς
877 884 960 911 φησιν

173 926 202 952 ὲν
222 926 278 956 τοῖς
297 923 449 959 ’Δριθμοῖς.
470 923 654 958 Ὁμομήτριος
671 922 700 949 δὲ
720 922 769 949 καὶ
794 921 961 957 ὁμοπάτριος

174 971 286 1005 ἀδελφὸς
297 970 336 1006 τῷ
343 969 462 1005 Ἑφραῒμ
472 969 652 1003 ὸΜανασσῆς.
665 968 720 995 Καὶ
731 964 804 995 οὗτοι
814 967 872 1000 οὖν,
884 968 961 1003 φησὶ,

172 1017 228 1049 τοῖς
243 1017 320 1048 ἰδίοις
336 1015 522 1052 ὲπαμύνοντες
532 1014 669 1049 ἀδελφοῖς,
679 1014 836 1049 κατέὸησαν
851 1013 962 1049 ἐξερευ-

173 1063 273 1095 νῶντες
285 1064 350 1095 τοὺς
363 1062 521 1097 πολεμίους.

209 1120 348 1155 Γράφεται
370 1119 399 1146 δὲ
415 1118 463 1145 καὶ
478 1117 582 1149 οὕτως·
602 1127 612 1143 ι
631 1117 677 1149 Ἐξ
698 1115 766 1152 ἐμοῦ
784 1115 905 1151 Ἐφραῒμ
920 1116 964 1149 ἑξ-

175 1165 325 1203 ερῤίζιιισεν
353 1165 452 1196 αὐτοὺς
477 1164 505 1190 ὲν
533 1163 670 1198 Ἀμαλήκ.
691 1172 700 1188 ι
719 1162 819 1197 ζΣυνῆν
846 1162 900 1197 γὰρ
925 1161 964 1197 τῷ

176 1211 263 1238 Μωὰσ
276 1209 439 1246 πολεμοῦντι
452 1210 498 1236 τὸν
518 1209 628 1245 Ἰσραὴλ
648 1208 758 1243 ’Λμμάν
775 1216 805 1234 τε
822 1207 869 1234 καὶ
884 1206 965 1240 Ἀμα-

175 1257 239 1292 λὴκ.
259 1266 268 1282 ι
287 1255 332 1288 Ἐξ
345 1255 413 1291 ἐμοῦ
435 1255 528 1281 τοίνυν
549 1255 625 1280 ἐστὶν
640 1255 654 1280 ὁ
673 1253 804 1288 Ἐφραῒμ,
818 1262 828 1278 ι
842 1252 965 1279 τουτέστι

176 1303 226 1338 τῆς
239 1301 398 1337 συγγενείας
415 1309 477 1336 μου.
495 1300 540 1327 Ἐν
561 1300 621 1335 ὄρει
645 1299 700 1334 γὰρ
735 1297 856 1334 Ἐφραῒμ
882 1297 965 1324 ὲκαο-

179 1351 257 1383 ἕζετο
268 1350 285 1385 ὴ
303 1348 446 1384 Δεσσῶρα.
459 1348 550 1384 Ὅπερ
565 1347 593 1374 δὲ
608 1347 727 1382 εἴρηται,
737 1345 783 1372 τδν
800 1345 846 1371 ἐπὶ
858 1344 904 1371 τοῦ
918 1344 966 1370 Γε-

177 1395 246 1423 δεὼν
259 1394 324 1426 ἴσως
344 1394 494 1421 αἰνίττεται
506 1392 626 1428 πόλεμον
640 1391 686 1418 τὸν
704 1390 775 1418 κατὰ
790 1388 966 1424 Μαδιηναίων

179 1441 227 1469 καὶ
245 1441 274 1468 ’Δ
278 1439 447 1476 μαλητικῶν.

215 1498 269 1524 Kal
284 1498 320 1524 ἐν
334 1495 495 1523 Ζαϐουλὼν
509 1495 616 1528 Κύριος
643 1492 784 1527 ἐπολέμει
805 1501 855 1526 μοι
865 1491 902 1518 ἐν
915 1491 968 1518 δυ-

1010 273 1085 301 tribu
1106 273 1235 308 Epliraim
1257 273 1304 308 qui
1324 273 1454 301 manibus
1474 273 1613 301 consertis
1629 272 1795 301 Madianitas

1010 319 1038 346 in
1058 319 1215 346 absolutam
1231 322 1379 346 verterunt
1397 318 1498 353 fugam,
1519 319 1646 354 aliosque
1666 326 1730 346 cum
1753 319 1796 346 eis

1010 363 1038 390 in
1056 363 1138 390 vallc.
1156 363 1227 390 lllud
1240 370 1318 395 vero,
1335 362 1449 391 Fratres
1462 367 1525 390 tuos
1542 363 1686 397 Beniamin
1701 363 1730 390 in
1745 369 1797 398 po-

1010 409 1084 444 pulis
1106 409 1174 441 tuis,
1201 409 1277 437 alius
1300 409 1428 444 exposuit
1446 418 1454 436 :
1478 418 1488 435 Ι
1509 410 1577 437 Post
1598 413 1626 437 te
1648 408 1795 443 Benjamin

1010 455 1113 484 fratres
1129 455 1181 487 lui.
1197 465 1206 481 ι
1224 455 1277 482 hoc
1297 460 1351 486 est,
1367 463 1422 482 una
1430 462 1493 483 cum
1507 455 1640 490 Ephraim
1655 455 1797 490 Benjamin

1010 508 1121 536 quoque
1134 501 1161 528 in
1181 500 1240 528 acie
1254 505 1326 527 erat.
1341 500 1392 533 Qui
1405 507 1469 527 cum
1485 501 1574 528 frater
1586 504 1660 528 esset
1671 499 1798 535 Josephi.

1011 547 1110 574 merito
1132 547 1216 573 etiam
1234 545 1368 581 Ephraim
1397 545 1510 581 Josephi
1537 546 1587 574 lilii
1613 546 1701 573 frater
1723 553 1799 573 more

1012 593 1169 628 Scriptum
1200 596 1392 627 nuncupatur.
1428 592 1667 625 Quemadmodum
1698 591 1798 620 Saram

1011 647 1124 674 quoque
1148 645 1276 666 sororem
1298 641 1380 665 vocat
1396 638 1554 672 Abraham,
1576 638 1629 666 hoc
1651 642 1694 667 est
1713 637 1799 666 ﬁliam

1013 685 1178 720 patruelem.

1050 743 1090 770 Ea:
1108 742 1214 770 Machir
1233 743 1428 771 descenderunt
1445 743 1622 778 legislatores.
1639 742 1746 770 Macllir
1766 743 1801 770 ﬁ-

1013 789 1067 817 lius
1089 793 1132 817 est
1155 789 1294 817 Mauassis
1309 789 1382 816 ultra
1397 788 1548 816 Jordanem
1567 796 1629 816 cum
1652 788 1748 816 Buben
1772 792 1802 815 et

1013 835 1070 863 Gad
1082 840 1184 862 terram
1199 836 1326 864 sortitus.
1338 835 1392 869 Qui
1407 843 1468 862 cum
1484 835 1669 870 percussisset
1684 834 1800 867 Galaad,

1013 889 1073 908 eam
1103 885 1146 908 est
1170 881 1300 913 sortitus,
1320 886 1351 908 ut
1380 884 1473 908 exstat
1497 881 1525 908 in
1546 880 1686 908 Numeris.
1714 879 1801 907 Porro

1015 927 1105 954 frater
1128 934 1279 962 germanus
1292 934 1324 954 ex
1346 930 1466 960 utroque
1482 929 1597 961 parente
1614 925 1746 961 Ephraim
1758 931 1802 953 est

1014 973 1170 1001 Manasses.
1191 973 1231 1001 Ac
1258 973 1303 1001 isti
1322 973 1427 1008 itaque.
1438 972 1538 1007 inquit,
1556 979 1622 1000 suos
1642 971 1727 1000 ulturi
1746 971 1802 999 fra-

1014 1024 1082 1052 tres,
1104 1019 1267 1055 indagatum
1285 1019 1381 1047 hostes
1401 1018 1620 1047 descenderunt.

1050 1118 1190 1146 Scribitur
1213 1126 1279 1147 vero
1304 1119 1388 1146 etiam
1410 1118 1453 1146 sic
1467 1127 1475 1147 :
1491 1127 1501 1145 ί
1531 1118 1584 1146 Per
1605 1125 1650 1146 me
1672 1117 1802 1153 Ephraim

1015 1164 1173 1191 eradicavit
1185 1171 1234 1192 eos
1250 1164 1278 1191 in
1293 1164 1418 1197 Amalec,
1436 1171 1499 1191 cum
1517 1163 1596 1191 Moab
1613 1164 1639 1191 in
1655 1164 1728 1191 bello
1738 1171 1804 1191 con-

1017 1213 1058 1236 lra
1081 1209 1167 1237 lsrael
1181 1229 1189 1241 ,
1209 1209 1326 1237 Amman
1345 1214 1373 1237 et
1397 1209 1510 1237 Amalec
1528 1210 1654 1237 aderant.
1669 1219 1678 1236 ι
1704 1209 1743 1237 Ex
1761 1217 1805 1237 me

1016 1255 1109 1290 itaque
1124 1255 1255 1291 Ephraim
1273 1261 1325 1288 est,
1344 1265 1353 1282 ι
1374 1256 1428 1283 hoc
1443 1259 1497 1288 est,
1507 1263 1540 1282 ex
1552 1255 1721 1290 cognatione
1730 1262 1803 1286 mea.

1017 1302 1044 1328 in
1063 1306 1156 1330 Iuonte
1172 1301 1245 1329 enirn
1264 1301 1397 1337 Epliraim
1424 1301 1539 1329 sedebat
1560 1301 1700 1330 chbora.
1717 1301 1805 1329 Caete-

1017 1352 1078 1372 rum
1091 1345 1154 1379 hoc,
1171 1346 1244 1381 quod
1257 1346 1364 1374 dictum
1377 1352 1432 1380 est,
1451 1346 1552 1374 bellum
1569 1354 1584 1373 a
1595 1346 1724 1374 Gedeone
1737 1354 1806 1374 con-

1019 1395 1064 1418 tra
1078 1391 1246 1420 Madianitas
1278 1393 1504 1428 Amalccitasque
1528 1393 1693 1429 gerendum,
1706 1392 1807 1421 obscu-

1017 1445 1048 1465 re
1066 1437 1139 1466 forte
1150 1438 1303 1466 indicatur.

1056 1493 1090 1521 Et
1105 1495 1132 1521 in
1145 1493 1268 1522 Zabulon
1292 1495 1424 1523 Dominus
1439 1495 1535 1523 bellant
1545 1495 1625 1531 gessit
1639 1503 1688 1530 pro
1698 1503 1740 1524 me
1757 1503 1808 1530 po-

178 1543 291 1576 νατοῖς.
311 1542 343 1568 Οἱ
365 1541 419 1576 γὰρ
446 1540 517 1576 μετά
538 1540 634 1574 Βαρᾰκ
663 1538 806 1566 Ζαϐουλὼν
825 1535 895 1572 ἦσαν
921 1537 964 1564 καὶ

1019 1540 1176 1567 lentissime.
1194 1540 1270 1568 Socii
1291 1541 1378 1569 Barac
1394 1541 1470 1569 fuere
1486 1542 1618 1570 nimirum
1635 1549 1651 1570 e
1665 1542 1740 1570 tribu
1753 1542 1807 1569 Za-

179 1574 321 1623 Νεφθαλὶμ
335 1574 498 1622 νικήσαντες
514 1586 629 1620 Σισάρα.
643 1584 688 1611 Ἐν
703 1584 795 1615 αὐτοῖς
806 1581 852 1610 οὖν
865 1582 964 1618 Κύριος

1019 1586 1103 1613 bulon
1120 1590 1147 1612 et
1163 1586 1340 1621 Nephthalim
1360 1594 1392 1615 ac
1412 1587 1542 1615 vicerant
1567 1588 1706 1616 Sisaram.
1720 1588 1750 1616 In
1773 1589 1807 1617 iis

180 1633 352 1669 ὑπὲρήμῶν,
368 1631 462 1666 φησὶν,
479 1631 621 1666 ἐπολέμει.

220 1690 352 1718 Ἐκεῖθεν
367 1689 404 1716 ἐν
416 1688 560 1722 σκήπτρῳ
571 1686 769 1722 ἐνισχύωντος
787 1685 924 1721 ἡγήσεως
934 1686 969 1713 ἐν

185 1737 330 1771 ἰσσάχαρ
338 1735 414 1771 μετὰ
427 1734 578 1768 Δεϐϐάψας
594 1733 790 1765 ἐξαπέστειλε
800 1731 906 1764 πεζοὺς
917 1732 968 1758 αὺ-

178 1782 231 1810 τοῦ
245 1783 289 1815 εις
304 1781 362 1814 τὴν
380 1779 517 1808 κοιλάδα.
544 1779 688 1814 Σκῆπτρον
717 1777 765 1805 τοῦ
789 1778 967 1813 ὲνισχύοντος,

178 1828 237 1864 ἦτοι
261 1829 276 1854 ὀ
291 1827 411 1862 Ἐφραῗμ
422 1835 430 1842 ·
458 1825 566 1852 ἐκεῖθεν
587 1824 641 1860 γὰρ
669 1825 686 1859 ὴ
719 1823 865 1859 Δεὸὁῶρα-
881 1824 939 1859 ἦτοι
954 1824 968 1850 ὁ

179 1873 333 1908 Νεφθαλὶμ,
355 1872 419 1899 ὅθεν
448 1871 564 1907 ὥρμητο
594 1869 699 1905 Βαράκ.
712 1870 758 1905 Τῷ
770 1867 817 1896 οὖν
835 1870 970 1905 σκήπτρῳ

177 1917 225 1944 τοῦ
249 1917 420 1952 ὲνισχύοντος
445 1918 492 1943 καὶ
516 1915 674 1952 ἡγουμένου
688 1915 736 1942 καὶ
749 1915 763 1941 ὁ
783 1915 912 1950 Ίσσάχαρ
930 1914 971 1948 ἐξ·

178 1963 323 1990 απέστειλε
338 1963 405 1999 μετὰ
420 1962 566 1998 Δεϐὃώρας
578 1960 692 1993 πεζούς.

212 2019 267 2047 Kal
278 2019 401 2054 ἀρχηγοὶ
419 2019 455 2046 ἐν
475 2019 624 2054 Ἰσσάχαρ
650 2016 725 2051 μετὰ
756 2016 906 2050 Δεϐϐώρας
921 2015 970 2043 καί

178 2065 278 2099 Βαράκ
287 2073 294 2079 ·
313 2064 369 2100 (55)
386 2064 462 2091 οὕτω
479 2064 577 2098 Rapax
587 2064 622 2090 ἐν·
635 2061 778 2090 κοιλάσιν
791 2061 971 2089 ἀπέστειλεν

177 2110 213 2137 ἐν
241 2110 334 2136 ποσίν
371 2108 474 2137 αὑτοῦ.
515 2109 559 2140 Ὠς
599 2106 669 2135 εἶναι
701 2106 801 2142 μᾶλλον
832 2106 970 2140 σκῆπτρον

176 2155 224 2182 τοῦ
254 2155 424 2190 ἐνισχύοντος
451 2154 498 2182 καὶ
522 2154 676 2189 ἡγουμένου
703 2152 750 2178 τὸν
772 2151 904 2186 Ἐφραίμ,
926 2151 970 2178 διὰ

176 2201 331 2236 Δεὸὁῶραν.
344 2200 420 2236 Αὕτη
437 2200 491 2235 γὰρ
501 2200 549 2226 καὶ
564 2200 697 2235 ἡγήσατο,
711 2197 761 2225 καὶ
776 2197 900 2232 ὲνίσχυσε
916 2198 970 2224 Βα-

1019 1631 1115 1666 igitur,
1133 1632 1184 1665 ait,
1200 1633 1337 1661 Dominus
1350 1641 1401 1669 pro
1414 1633 1498 1661 nobis
1515 1635 1656 1670 pugnavit.

1054 1687 1134 1716 Hinc.
1143 1693 1274 1724 sceptrum
1285 1689 1360 1716 ducis
1372 1690 1400 1717 in
1413 1689 1540 1717 Issachar
1556 1694 1654 1723 tenens,
1668 1697 1728 1717 cum
1740 1689 1808 1717 Deb-

1019 1735 1084 1762 bora
1096 1735 1196 1769 pedites
1212 1743 1274 1763 suos
1294 1735 1329 1762 ad
1342 1735 1437 1763 vallem
1452 1736 1534 1762 misit.
1557 1735 1704 1770 Sceptrum
1715 1735 1808 1767 ducis.

1019 1781 1061 1808 vel
1073 1780 1204 1816 Epliraim
1221 1791 1228 1809 :
1241 1781 1307 1809 liinc
1317 1781 1391 1809 enim
1407 1781 1534 1810 Debbora
1545 1781 1604 1809 :vel
1618 1780 1807 1816 Neplithalim,

1019 1825 1085 1861 quia
1106 1826 1171 1853 hinc
1198 1826 1285 1854 Barac
1311 1826 1448 1861 originem
1474 1826 1565 1854 duxit.
1592 1826 1709 1861 Sceptro
1729 1825 1809 1853 ducis

1020 1871 1104 1907 igitur
1118 1871 1244 1900 lssachar
1255 1879 1369 1909 quoque
1386 1873 1493 1908 pedites
1509 1873 1585 1901 misit
1596 1879 1659 1900 cum
1673 1871 1807 1901 Debbora.

1058 2019 1196 2054 Principes
1213 2027 1316 2055 quoque
1331 2020 1385 2048 me!
1402 2020 1431 2048 iu
1448 2017 1578 2048 Issachar
1593 2028 1654 2048 cum
1674 2019 1809 2054 Debbora,

1020 2066 1066 2093 sed
1078 2071 1103 2093 et
1122 2065 1251 2093 Issaclmr
1262 2067 1484 2101 quemadmodum
1494 2067 1582 2094 Barac
1593 2067 1621 2094 in
1633 2067 1702 2094 valle
1713 2067 1810 2094 minus

1019 2112 1107 2145 pedes,
1122 2116 1176 2140 etc.
1192 2111 1237 2148 Π,
1249 2111 1305 2147 15.]
1317 2111 1392 2140 Adeo
1401 2118 1429 2139 ut
1437 2116 1576 2147 sceptrum
1589 2113 1648 2147 ejus
1661 2113 1755 2148 potius
1772 2113 1809 2140 sit

1021 2158 1070 2192 qui
1093 2157 1241 2185 conﬁrmat
1266 2165 1299 2186 ac
1314 2158 1392 2186 ducit
1408 2158 1541 2194 Ephraim
1564 2166 1612 2193 per
1636 2158 1803 2186 Debboram.

1022 2200 1070 2228 Illa
1091 2201 1165 2228 cnim
1194 2205 1222 2228 et
1243 2201 1334 2234 duxit,
1351 2207 1378 2229 et
1398 2201 1568 2229 confortavit
1587 2202 1675 2229 Barac
1691 2206 1718 2229 et
1741 2203 1808 2230 reli-

179 2247 232 2282 ράκ
240 2255 271 2273 τε
286 2246 333 2273 καὶ
361 2246 425 2276 τοὺς
453 2245 574 2276 λοιπούς.
602 2244 721 2271 Κοιλάδα
732 2242 764 2271 δέ
777 2251 855 2277 φησι,
880 2242 924 2269 διὰ
940 2243 964 2269 τί

1023 2253 1103 2281 quos.
1117 2245 1202 2274 Vallis
1216 2253 1282 2274 vero
1296 2246 1431 2280 meminit,
1452 2254 1485 2274 eo
1498 2246 1571 2282 quod
1587 2247 1690 2275 bellum
1706 2246 1734 2274 in
1750 2251 1808 2275 tor-

177 2293 206 2320 ὲν
215 2293 358 2328 χειμάρρῳ
374 2291 516 2327 γεγονέναι
528 2291 573 2318 τδν
589 2290 716 2326 πόλεμον.

212 2349 280 2376 Ἵνα
294 2348 324 2374 τί
344 2347 386 2375 σὺ
400 2346 550 2379 κατοικεῖς
563 2346 598 2373 ἐν
612 2345 698 2380 μέσῳ
733 2342 877 2379 χεολέωη
891 2343 972 2374 Ἴσως

177 2395 246 2430 πρὸς
255 2394 342 2421 πάντα
359 2394 434 2428 λέγει
447 2393 491 2420 τὸν
513 2391 619 2427 Ἰσραήλ
634 2399 640 2407 ·
661 2390 693 2418 Τί
708 2391 822 2426 δήποτε,
833 2389 910 2423 φησὶ,
922 2388 971 2415 τοῦ

176 2440 246 2467 Θεοῦ
258 2439 406 2471 δεδωκότος
421 2439 487 2474 ὑμῖν
513 2437 624 2472 ἄριστον
649 2436 822 2472 στρατηγὸν,
831 2435 884 2460 ἀνα
890 2435 971 2469 μέσον

178 2486 332 2512 κατοικεῖτε
350 2484 405 2511 τῶν
426 2483 588 2510 Χαναναίων
614 2482 669 2509 τῶν
688 2481 903 2517 ἑτερογλώσσων
925 2480 973 2506 καὶ

176 2531 350 2565 ἁλλοφύλων;
373 2530 438 2557 Ἰδοὺ
448 2529 502 2564 γὰρ
514 2530 528 2556 ὸ
541 2528 635 2563 Βαρὰκ
648 2528 757 2562 ἐκίνησε
779 2527 840 2554 κατ’
857 2525 973 2553 ἐκείνων

177 2577 240 2608 τοὺς
250 2577 346 2608 πόδας,
361 2577 416 2603 τῶν
427 2575 604 2611 διῃρημένων
618 2574 648 2607 ἐξ
661 2573 741 2609 ὴμῶν
756 2574 804 2601 καὶ
826 2571 909 2603 Θεοῦ,
925 2572 972 2598 καὶ

179 2622 247 2657 μηδὲ
270 2622 339 2657 πρὸς
355 2621 468 2653 ἑαυτοὺς
484 2619 715 2656 συμφωνούντων.
730 2616 770 2645 Ἦ
786 2617 840 2653 γὰρ
854 2618 886 2645 ἄν
902 2614 971 2652 ἦσαν

177 2669 267 2703 χεῖλος
277 2667 316 2694 ἕν.

1024 2295 1104 2320 rente
1120 2291 1185 2319 fuit.

1058 2348 1115 2376 Cur
1127 2353 1155 2375 tu
1170 2348 1243 2376 sedes
1263 2349 1290 2376 in
1306 2349 1393 2376 medio
1406 2349 1520 2376 duorum
1537 2349 1652 2376 limitum
1664 2349 1676 2376 ν
1687 2349 1727 2376 Ad
1740 2357 1810 2378 cun-

1024 2397 1100 2421 ctum
1120 2393 1194 2421 forte
1215 2393 1344 2421 lsraelem
1360 2393 1439 2422 dicit.
1460 2393 1532 2427 Quid
1552 2394 1679 2428 tandem,
1705 2395 1810 2430 inquit,

1022 2439 1158 2474 optimum
1176 2446 1191 2466 a
1208 2438 1264 2466 Deo
1280 2439 1376 2467 ducem
1398 2440 1471 2466 nacti
1496 2440 1568 2466 inter
1589 2439 1761 2468 Chananeus
1783 2445 1811 2468 et

1023 2484 1131 2520 lingua.
1146 2489 1174 2512 et
1190 2489 1273 2519 gente
1289 2484 1396 2512 alienos
1413 2484 1568 2512 desidetis?
1583 2485 1652 2513 Ecce
1671 2486 1743 2513 enim
1759 2486 1810 2513 Ba-

1022 2537 1071 2558 rac
1089 2535 1186 2558 contra
1206 2531 1270 2558 illos
1285 2531 1437 2558 concitavit
1459 2531 1544 2565 pedes
1564 2538 1673 2563 eorum,
1686 2531 1732 2566 qui
1749 2539 1779 2559 se
1795 2540 1809 2559 a

1025 2576 1107 2604 nobis
1119 2580 1147 2603 et
1164 2575 1220 2603 Deo
1235 2575 1411 2604 avulserunt.
1426 2575 1606 2611 Nequcinter
1619 2577 1728 2612 seipsos
1742 2585 1810 2605 con—

1025 2620 1150 2653 veniunt,
1166 2625 1214 2647 aut
1229 2620 1303 2647 enim
1319 2621 1403 2648 unico
1418 2620 1509 2648 limite
1527 2620 1652 2649 contenti
1668 2625 1774 2649 essent.

937 2739 1054 2769 ΝΟΤΔΞ.

291 2811 482 2880 ’ἒὲαῗξέστειλε
496 2844 597 2878 πεζοὺς
612 2844 712 2881 αὐτοὺς
729 2844 769 2881 είς
789 2843 970 2881 κοιλάδαίαα

175 2883 202 2910 τί
217 2878 402 2913 ubinamst;
416 2881 531 2916 ἐμμέσῳ
542 2881 584 2914 (ὲν
600 2879 678 2915 μέσῳ
691 2879 832 2914 ὀρθότερ.)
858 2878 969 2913 χιλίων,

1023 2808 1155 2846 ἐξέτεινεν
1168 2809 1269 2846 ἐνΔταῖς
1285 2809 1368 2836 αὑτοῦ
1392 2810 1542 2846 διαιρέσεσι
1565 2811 1678 2846 μεγάλοι
1695 2810 1812 2846 ἀκριὸασ

1025 2843 1098 2880 σμοί.
1115 2844 1173 2876 Ek.
1191 2844 1207 2879 ἡ
1224 2845 1253 2871 ἐν
1276 2845 1360 2878 Ὄξον.
1377 2845 1434 2873 ἔκδ.
