2086 3160
305 169 373 203 1059

339 229 428 256 Ruben
441 229 529 264 magni
551 228 692 255 denotat-ii
714 228 813 260 cordis,
831 236 907 254 οιτον
935 228 1008 254 sedes
1024 228 1092 255 inter
1107 230 1130 256 Α

972 168 1148 198 PROCOPII
1165 168 1287 198 GAZJEI

1866 169 1934 202 1060

1184 227 1313 262 Ῥουϐὴν
1326 227 1452 262 μεγάλοι
1469 229 1648 263 ἁκριϐιισμοι
1668 229 1792 263 καρδίας
1805 249 1814 263 ,
1833 229 1883 256 ἵνα
1905 231 1934 257 τι

304 275 486 311 Hospita-than
494 276 506 303 7
515 274 584 310 [16.]
596 275 664 301 Illud
673 275 859 309 Mospbmthan
870 275 1085 310 interpretantur

1135 282 1187 308 μοι
1201 273 1331 307 κάθησαι
1345 274 1500 308 ἀναμέσων
1515 275 1574 301 τῶν
1587 274 1787 309 Μοσφαιθάν;
1805 276 1841 301 Τὸ
1857 276 1933 302 Μοσ-

301 321 415 356 Aquilas
423 319 545 355 quidem,
560 320 683 351 sortium,
712 319 896 355 Symmachus
912 327 988 352 vero,
1002 320 1088 354 campi

303 366 373 392 inter
384 369 509 399 utrasque
523 364 603 391 acies.
616 363 750 391 Carterum
762 363 858 391 Ruben
879 368 974 399 utpote
986 365 1089 399 primo-

300 411 420 445 genitus,
447 409 640 444 magnanimus
662 413 715 440 est,
725 415 777 436 noc
792 417 848 436 non
859 410 888 436 in
903 409 986 437 rebus
999 410 1089 437 omni-

300 456 352 484 bus
378 463 472 490 sagax.
494 455 574 488 Quod
596 462 662 482 sane
679 455 714 482 de
735 454 863 483 Manasse
876 463 986 490 quoque
999 455 1088 482 aﬂert.

299 500 371 534 Quid
389 500 485 535 igitur,
501 499 601 534 inquit,
617 499 837 532 considerantes,
866 503 894 526 et
913 503 1010 527 exacte
1026 507 1088 534 per-

300 546 451 582 pendentes
465 546 568 578 omnia,
583 545 697 577 sedetis,
713 552 802 580 neque
811 545 844 572 ad
857 553 975 580 pugnam
991 546 1089 580 pedem

300 592 430 625 movetis,
454 591 607 626 Rubenque
636 597 711 618 trans
737 590 884 618 Jordanem
906 591 1090 619 ulciscimini?

299 637 406 670 Quibus
433 637 558 664 videlicet
582 637 649 664 satis
673 641 725 669 est,
749 637 772 663 si
784 641 891 664 vestras
909 644 1090 666 conservave~

299 683 363 711 ritis
377 683 638 711 sortes.Pra:sertim
649 690 713 710 vero
728 690 792 710 cum
802 683 946 710 victoriam
962 683 1088 716 videatis;

299 729 444 756 convenite
465 736 532 756 vero
563 736 609 755 eos
632 728 679 764 qui
696 728 776 756 vobis
797 727 855 755 haec
875 728 1047 761 renuntiant,
1064 733 1091 757 et.

298 775 326 802 in
339 774 425 802 aciem
443 777 607 809 provocant.

334 819 413 854 502
423 817 514 854 Magni
526 822 685 845 scrutatores
699 817 798 850 cordis,
805 817 912 845 Galaad
920 818 988 845 citra
996 814 1092 846 larda-

297 873 354 892 nam
365 865 471 899 quievit.
497 862 541 900 [V,
556 863 611 899 17.]
626 863 684 890 Sita
699 867 741 891 est
758 863 859 890 Galaad
877 871 892 890 a
912 867 989 899 tergo
1008 863 1090 892 Plite-

1139 319 1239 353 φαιθὰν
1261 319 1471 354 ἑρμηνεύουσιν,
1495 320 1611 352 ’Λκύλας
1628 321 1687 355 μὲν,
1711 320 1771 347 τῶν
1796 321 1931 355 κλήρων,

1139 364 1287 400 Σύμμαχος
1311 365 1350 399 δὲ,
1376 365 1434 392 τῶν
1459 366 1653 400 μεταιχμίων.
1683 366 1712 392 Ὁ
1729 367 1758 393 δὲ
1783 366 1898 402 Ῥουὸὴν
1917 368 1933 393 ὁ

1140 411 1312 445 πρωτότοκος
1330 410 1510 446 μεγαλόφρων
1526 411 1595 443 ἐστὶ,
1617 411 1664 438 καὶ
1685 411 1772 443 ἄλλως
1786 412 1850 445 ὀξὺς
1867 413 1932 447 περὶ

1138 457 1172 483 τὰ
1185 456 1349 492 πράγματα.
1370 457 1459 492 ’Ὁπερ
1476 457 1602 493 ἐπιφέρει
1614 458 1664 485 καὶ
1680 459 1745 493 περὶ
1758 458 1806 485 τοῦ
1821 459 1932 485 Μανασ-

1140 503 1185 538 σῆ.
1197 503 1229 529 Τί
1245 501 1302 534 οὗν,
1320 503 1397 538 φησι,
1420 504 1586 536 σκοποῦντες
1602 504 1650 531 καὶ
1673 505 1930 540 ἀκριϐολογούμενοι

1139 549 1273 584 κάθησθε,
1290 550 1328 584 μὴ
1345 550 1412 585 πρὸς
1431 549 1482 585 τὴν
1499 550 1589 585 μάχην
1602 550 1769 584 κινούμενοι,
1795 542 1862 585 μηδὲ
1875 552 1929 582 τοῖς

1139 596 1203 630 περὶ
1220 595 1264 621 τὸν
1286 595 1399 630 Ῥουόὴν
1427 596 1513 631 πέραν
1537 596 1585 622 τοῦ
1601 596 1735 631 Ἰορδάνου
1763 596 1928 630 μηνύοντες;

1139 640 1301 674 ἀγαπῶντες
1327 641 1350 666 εἱ
1380 641 1445 671 τοὺς
1471 641 1553 672 ἰδίους
1577 641 1713 676 φυλάξητε
1727 641 1854 676 κλήρους.
1874 642 1930 667 Καὶ

1132 682 1226 712 ’ταῦτα
1238 685 1287 720 τὴν
1300 685 1378 720 νίκην
1397 685 1510 716 ἰδόντες·
1528 685 1615 712 δεῖσθε
1627 685 1655 712 δὲ
1671 685 1725 711 τῶν
1741 686 1930 720 σημαινόντων

1141 732 1215 767 ὑμῖν,
1230 732 1277 758 καὶ
1290 731 1444 758 καλούντων
1462 731 1504 762 εἰς
1519 731 1569 766 τὴν
1583 731 1745 766 παράταξιν.

1170 819 1300 853 Marcum
1310 819 1345 852 ἐξ
1348 829 1355 844 ι
1359 819 1499 855 χνιασμοὶ
1510 820 1643 852 καρδίας.
1652 819 1775 846 Γαλαὰδ
1785 820 1821 846 ἐν
1830 819 1869 852 τῷ
1879 819 1931 846 πέ-

1137 873 1197 898 ραν
1208 864 1261 891 τοῦ
1275 864 1426 898 Ἰορδάνου
1442 864 1668 897 κατεσκήνωσε.
1684 865 1779 890 Κεῐται
1794 865 1810 898 ἡ
1826 863 1930 889 Γαλαὰδ

298 912 374 939 uices
392 915 418 938 et.
429 910 546 944 Arabim,
563 910 752 946 contingitque
764 909 914 937 Libanum.
942 909 1085 938 Protendit

1137 910 1184 936 ἐπὶ
1194 910 1228 936 τὰ
1239 910 1311 937 νῶτα
1323 911 1373 946 τῆς
1381 910 1508 945 Φοινίκης
1523 910 1570 936 καὶ
1578 911 1627 945 τῆς
1635 909 1767 944 Ἀραϐίας
1777 918 1783 924 ·
1791 909 1838 935 καὶ
1848 909 1930 935 συνά-

297 964 362 984 vero
371 963 399 983 se
411 963 459 991 per
466 955 656 988 desertum,ad
669 956 750 982 tinem
759 955 818 989 ejus
830 962 912 990 supra
924 954 1081 983 Jordanem.

298 1002 327 1030 In
343 1010 396 1037 qua
414 1001 547 1029 habitavit
563 1000 908 1036 SeonIAmorrhzeusQua:
917 1005 992 1030 sorte
1001 1007 1085 1029 cessn

296 1050 406 1078 duabus
417 1049 540 1078 dimidiis
550 1049 688 1077 tribubus.
703 1048 740 1077 Dc
755 1056 809 1084 qua
823 1049 850 1076 in
865 1048 1003 1077 Ieremia:
1021 1058 1031 1074 ‹
1043 1048 1085 1076 Tu

296 1096 363 1124 mihi
378 1095 544 1131 principium
560 1093 657 1122 Libani
668 1094 703 1127 ’9,
721 1104 730 1120 ι
749 1095 854 1122 dietum
866 1098 919 1122 est.
940 1094 988 1122 Est
1002 1102 1085 1129 porro

295 1150 376 1170 mons
394 1149 504 1177 quoque
523 1140 638 1174 Galaad,
655 1145 682 1168 et
710 1141 811 1168 civitas
828 1141 951 1176 ejusdem
966 1141 1085 1168 nominis

296 1194 379 1222 super
411 1195 454 1215 eo.
481 1186 569 1220 Quam
601 1186 636 1213 ab
649 1186 811 1213 Amorrhmo
848 1187 956 1221 accepit
980 1185 1085 1213 Galaad

296 1233 370 1260 [ilius
396 1231 512 1265 Macbir,
540 1239 625 1267 nepos
644 1231 792 1259 Manassis.
807 1232 856 1259 isti
878 1232 972 1267 igitur,
983 1232 1084 1266 inquit,

295 1278 392 1313 procul
414 1281 490 1305 trans
518 1276 666 1304 Jordanem
683 1276 790 1310 sedent,
813 1283 875 1304 cum
891 1277 981 1304 adhuc
998 1277 1085 1311 pluri-

296 1331 370 1351 mum
385 1327 466 1350 terrae
486 1323 557 1349 intra
571 1321 720 1349 Jordanem
745 1326 857 1356 possent
874 1329 984 1356 capere.
999 1322 1086 1349 [nter-

296 1369 400 1404 pretari
413 1376 478 1395 vero
493 1369 557 1396 licet.
570 1367 686 1400 Galaad,
708 1368 876 1402 migrationis
894 1368 1083 1394 testimonium.

296 1415 397 1443 Eorum
429 1414 514 1450 igitur
536 1413 584 1449 qui
606 1413 633 1440 in
666 1417 740 1441 terra
769 1413 906 1445 habitant,
921 1418 948 1440 et
972 1412 1086 1440 advenae

296 1465 371 1492 sunt,
387 1467 492 1495 magna:
511 1459 605 1487 cordis
625 1460 820 1486 scrutationes.
844 1458 1086 1486 Transcenderunt

295 1505 368 1532 ebim
384 1512 492 1532 omnem
513 1504 652 1532 carnalem
679 1504 889 1539 cogitationem.

331 1560 392 1587 Dan
405 1569 452 1588 cur
462 1560 533 1595 apud
545 1568 621 1588 naves
641 1560 734 1588 sedet?
745 1565 798 1588 etc.
814 1559 910 1587 Tradit
924 1560 996 1587 enim
1007 1559 1084 1588 Jose-

296 1607 378 1642 phus,
400 1605 534 1634 lsraelitis
563 1607 590 1634 in
607 1606 744 1642 ignaviam
771 1606 893 1645 delapsis
912 1606 1083 1634 Chananaaos

295 1655 404 1687 sumpto
436 1652 529 1679 animo
545 1659 659 1687 magnas
683 1651 883 1686 conscripsisse
908 1652 1013 1687 copias,
1025 1657 1052 1679 et
1068 1659 1083 1679 a

295 1700 369 1727 tr'rbn
384 1699 495 1734 quidem
521 1698 602 1731 Juda,
618 1699 737 1726 Ascalon
758 1702 785 1726 et
803 1699 940 1732 Accaron,
960 1699 1084 1733 aliasque

295 1744 396 1772 multas
414 1744 444 1771 in
462 1750 559 1778 campo
576 1743 731 1778 explicatas
761 1743 841 1771 urbes
866 1744 1012 1776 avulsisse,
1031 1743 1084 1770 Da-

295 1790 368 1817 nitas
391 1796 457 1816 vero
477 1789 504 1816 in
520 1793 643 1816 montem
675 1788 826 1823 confugere
848 1789 985 1824 adegisse,
1001 1796 1034 1816 ac
1049 1789 1082 1817 iis

295 1835 404 1870 quidem
437 1834 471 1861 de
486 1841 584 1868 campo
599 1833 668 1861 nihil
691 1833 848 1868 reliquisse.
870 1834 957 1862 Porro
967 1843 1017 1870 per
1033 1843 1083 1862 ex-

295 1880 448 1914 ploratores
482 1878 604 1913 quinque
627 1878 741 1913 cognito
770 1879 844 1913 quod
865 1883 939 1906 terra
955 1887 970 1906 a
983 1886 1082 1914 magno

296 1924 406 1952 Sidonis
423 1932 520 1959 campo
538 1924 610 1951 bona
625 1931 657 1951 ac
673 1923 815 1952 fructuosa
832 1929 988 1957 esset,cum
1000 1932 1080 1952 exer-

294 1971 349 1998 citu
375 1971 524 2005 eruptione
554 1969 637 2003 facta,
654 1971 750 1998 urbem
789 1970 890 1998 ibidem
913 1970 997 1998 tribui
1024 1970 1081 1998 Dan

293 2015 483 2051 cognominem
519 2021 692 2050 comparant.
723 2014 836 2043 Viciuia:
856 2016 950 2050 itaque
970 2015 1082 2044 nomine

293 2062 423 2097 probrum
447 2062 474 2089 in
490 2061 578 2096 ipsam
597 2061 733 2089 redundat
752 2069 870 2096 quoque.
895 2061 1081 2094 Quemadmo-

293 2108 358 2135 dum
370 2107 582 2143 lsraeliquoquc
591 2107 707 2134 dicitur:
726 2117 734 2133 ι
759 2107 829 2140 Quid
849 2107 897 2135 tibi
914 2107 966 2140 vis,
979 2107 1076 2141 lsrael,

292 2152 364 2188 quod
381 2153 408 2179 in
423 2157 496 2179 terra
514 2152 635 2180 hostium
651 2153 782 2180 consistis
792 2153 835 2179 ⁸⁰ἳ
856 2162 866 2179 ι
887 2153 914 2179 Si
932 2153 1006 2180 enim
1023 2153 1080 2180 Deo

292 2198 484 2230 adhasissent,
513 2197 572 2225 bmc
601 2199 697 2233 utique
734 2206 789 2225 non
815 2198 973 2226 evenissent
1012 2198 1078 2227 illis.

295 2243 462 2271 Vaticinatur
479 2250 544 2271 vero
559 2243 594 2271 de
607 2243 689 2271 rebus
705 2249 800 2279 postea
821 2245 974 2272 eventuris.

326 2298 392 2325 Aser
405 2298 471 2325 sedit
486 2298 514 2324 in
527 2298 641 2326 statione
651 2299 757 2326 navium
774 2301 843 2331 apud
865 2298 940 2326 littus
953 2299 1079 2333 marium,

289 2345 352 2371 etin
376 2343 494 2378 rupturi:
505 2344 559 2370 suis
571 2344 681 2371 mansit.
709 2344 830 2372 Zabuion
847 2345 958 2379 populus
980 2345 1081 2373 devovit

290 2391 369 2417 vitam
382 2398 459 2417 suam
475 2390 502 2416 in
522 2394 643 2417 mortem.
662 2389 731 2426 [l8.]
759 2390 832 2417 Colit
860 2391 934 2418 enim
952 2391 1051 2419 vallem
1064 2400 1079 2419 a

289 2435 427 2468 Carmelo,
442 2434 599 2470 cuiusmodi
614 2439 671 2462 tota
689 2441 761 2462 terra
783 2435 878 2463 Sidoni
897 2437 1014 2464 obversa
1025 2441 1077 2468 est.

289 2479 412 2506 Zabulon
427 2487 492 2507 vero
508 2483 609 2507 terram
620 2480 752 2515 usquead
764 2480 854 2508 lacum
872 2481 1076 2514 Gennezaretb,

289 2531 373 2557 supra
390 2523 547 2551 Carmelum
561 2528 588 2551 et
617 2532 693 2552 mare
720 2526 922 2559 prominentem
936 2532 977 2554 est
992 2528 1075 2554 sorti-

290 2573 344 2595 tus.
371 2568 499 2595 Ostendit
526 2569 611 2604 igitur
648 2574 759 2604 propter
785 2569 832 2597 Dei
864 2571 1017 2606 nrglectum
1047 2572 1075 2599 in

290 2618 435 2648 angustum
465 2615 562 2649 copias
593 2615 716 2649 ipsorum
741 2619 852 2643 coactas
880 2623 953 2649 esse,
979 2617 1075 2652 paula-

289 2660 392 2694 timque
407 2666 421 2686 a
432 2659 595 2688 Cltananaeis
608 2667 640 2688 ac
657 2661 756 2689 vicinis
776 2662 902 2696 gentibus
918 2663 1073 2698 compilari.

322 2747 346 2764 "’
368 2747 468 2778 Jercm.
487 2757 555 2782 χχιι,
583 2751 610 2778 6.
649 2751 672 2766 ⁸ο
694 2751 814 2778 Baruch.
829 2753 877 2786 int,
894 2751 938 2778 l0.

1135 964 1198 982 πτει
1207 955 1245 990 τῷ
1257 955 1375 991 Λιϐάνῳ,
1384 955 1431 982 καὶ
1444 955 1655 989 παρατείνειδιὰ
1665 954 1715 989 τῆς
1727 954 1830 990 ἐρήμου
1847 954 1930 989 μέχρι

1135 1000 1186 1035 τῆς
1213 1000 1283 1035 ὑπὲρ
1306 999 1352 1026 τὸν
1369 999 1507 1034 Ἰορδάνην
1535 999 1682 1035 Πετραίας.
1708 995 1784 1034 Ἑνῇ
1808 998 1930 1034 κατῴκει

1136 1046 1232 1073 Σιὼνό
1248 1046 1423 1081 Ἀμορραῖος.
1445 1047 1497 1072 ’Ίίν
1525 1044 1718 1080 ἐκληρώσαντο
1742 1046 1770 1071 αἱ
1795 1044 1842 1071 δύο
1865 1044 1931 1080 ἡμί-

1137 1100 1193 1123 σεις
1211 1091 1306 1125 φυλαί,
1324 1092 1378 1118 Καὶ
1388 1092 1417 1118 ὲν
1442 1090 1561 1126 Ἱερεμίᾳ
1582 1090 1621 1122 δὲ,
1646 1099 1655 1116 ι
1674 1090 1709 1116 Σύ
1725 1099 1771 1125 μοι
1792 1090 1864 1125 ἀρχὴ
1879 1089 1928 1116 τοῦ

1136 1137 1264 1168 Λιϐάνου,
1285 1146 1293 1163 ι
1321 1137 1440 1172 εἴρηται.
1459 1137 1537 1163 Ἔστι
1551 1136 1581 1163 δὲ
1607 1137 1654 1163 καὶ
1669 1136 1732 1171 ὅρος
1748 1134 1865 1167 Γαλαὰδ,
1880 1135 1929 1161 καὶ

1136 1184 1214 1216 πὸλις
1226 1183 1370 1219 ὁμώνυμος
1387 1184 1430 1210 ἐπ’
1445 1183 1536 1218 αὐτῷ·
1550 1183 1583 1218 ἢν
1596 1182 1691 1209 ἔλαϐεν
1706 1182 1758 1208 ἀπὺ
1768 1181 1815 1208 τοῦ
1828 1181 1928 1218 Ἀμορ-

1138 1230 1216 1266 ραίου
1237 1230 1344 1256 Γαλαὰδ
1358 1229 1416 1261 υίὸς
1426 1229 1535 1265 Μαχεὶρ
1552 1228 1610 1256 υἱοῦ
1619 1228 1764 1263 Μανασσῆ.
1774 1224 1856 1254 Οὗτοι
1867 1225 1925 1259 οὖν,

1137 1277 1214 1312 φησὶ,
1231 1277 1326 1312 πόρῤω
1341 1276 1499 1303 κατοικοῦσι
1514 1276 1602 1311 πέραν
1618 1274 1665 1302 τοῦ
1689 1274 1833 1310 Ἰορδάνου,
1846 1273 1927 1301 δυνά-

1138 1332 1215 1358 μενοι
1230 1324 1280 1358 τῆς
1297 1322 1372 1354 ὲντὸς
1389 1322 1489 1357 πολλὴν
1502 1322 1572 1356 ἄγαν
1585 1322 1666 1348 ἑλεῖν.
1684 1320 1884 1356 Ἐρμηνεύεται
1898 1320 1927 1346 δὲ

1135 1369 1251 1399 Γαλαὰδ,
1258 1368 1613 1403 μετοικησίαςμαρτυρία.
1624 1367 1684 1394 Τῶν
1697 1365 1743 1394 οὖν
1757 1366 1927 1401 σκηνούντων

1136 1415 1190 1442 καὶ,
1198 1414 1402 1450 παροικούντων
1415 1414 1444 1439 ἐν
1460 1413 1491 1448 τῇ
1508 1413 1542 1448 γῇ
1566 1412 1679 1448 μεγάλοι
1705 1411 1755 1445 τῆς
1772 1410 1885 1446 καρδίας
1901 1410 1926 1437 οί

1136 1459 1316 1494 ἐξιχνιασμοί.
1335 1458 1612 1495 ’Υπεραναϐεὸήκασι
1632 1457 1687 1493 γὰρ
1711 1458 1801 1484 πᾶσαν
1822 1456 1926 1483 ἔννοιαν

1137 1506 1285 1541 σαρκικήν.

1174 1549 1228 1577 Καὶ
1254 1550 1314 1576 Δὰν
1339 1550 1383 1582 εἰς
1407 1550 1435 1576 τί
1457 1548 1595 1583 παροικεῖ
1621 1547 1760 1581 atriolum;
1785 1548 1854 1583 Φησὶ
1870 1548 1925 1583 γὰρ

1135 1597 1268 1632 Ἰώσηπος
1294 1597 1362 1632 (56),
1392 1597 1429 1628 ὡς
1462 1597 1515 1622 τῶν
1545 1596 1575 1628 ἐξ
1600 1595 1709 1630 Ἰσραὴλ
1737 1595 1927 1621 ἀναπεσόντων

1135 1645 1175 1676 εἰς
1200 1643 1350 1680 ρᾳθυμίαν,
1367 1644 1392 1670 οἱ
1420 1644 1568 1669 Χαναναῖοι
1588 1642 1787 1678 θαρρήσαντες,
1805 1641 1851 1667 καὶ
1871 1649 1927 1667 πα-

1137 1690 1370 1725 ρασκευασάμενοι
1395 1689 1515 1724 μεγάλας
1537 1689 1685 1723 δυνάμεις,
1708 1687 1756 1722 τῆς
1779 1687 1827 1722 μὲν
1841 1686 1927 1714 Ἰούδα

1135 1736 1220 1771 φυλῆς
1232 1736 1281 1771 τὴν
1300 1735 1462 1762 ’Λσκάλωνα
1475 1735 1522 1761 καὶ
1541 1733 1684 1769 Ἀκκαρὼν
1702 1733 1925 1768 παρεσπάσαντο,

1134 1782 1216 1813 ἄλλας
1247 1791 1277 1808 τε
1304 1782 1333 1808 ὲν
1359 1781 1398 1816 τῷ
1420 1781 1503 1815 πεδίῳ
1530 1780 1645 1810 πολλάς·
1664 1780 1728 1811 τοὺς
1757 1779 1785 1806 δὲ
1810 1779 1926 1809 Δανίτας

1134 1828 1174 1859 εἰς
1188 1828 1218 1854 τὸ
1232 1827 1294 1862 ὅρος
1305 1827 1467 1861 ἠνάγκασαν
1482 1826 1647 1860 συμφυγεῖν,
1664 1824 1711 1851 τοῦ
1728 1824 1821 1851 πεδίου
1838 1832 1924 1850 κατα-

1133 1874 1257 1905 λιπόντες
1268 1873 1372 1904 τούτοις
1383 1872 1469 1900 ούδὲν,
1482 1872 1531 1898 Διὰ
1544 1871 1624 1898 πέντε
1638 1871 1666 1898 δὲ
1676 1870 1857 1897 κατασκόπων
1871 1878 1924 1904 μα-

1133 1920 1224 1951 θόντες
1236 1919 1287 1954 γῆν
1301 1919 1406 1954 ἀγαθὴν
1423 1916 1493 1945 εἶναι
1508 1918 1556 1944 καὶ
1566 1917 1711 1953 πάμφορον
1723 1916 1793 1944 κατὰ
1808 1917 1838 1942 τὸ
1851 1916 1923 1950 μέγα

1133 1965 1224 1991 πεδίον
1241 1964 1355 1995 Σιδῶνος
1366 1963 1532 1999 ὁρμηθέντες
1544 1963 1662 1998 στρατῷ,
1676 1962 1815 1994 κτίζουσιν
1828 1961 1922 1988 αὐτόθι

1132 2009 1209 2036 πόλιν
1220 2009 1273 2035 Δὰν
1288 2008 1432 2044 ὁμώνυμον
1446 2009 1479 2043 τῇ
1496 2007 1578 2043 φυλῇ.
1592 2007 1767 2040 Ὀνειδίζεται
1780 2006 1869 2033 τοίνυν
1883 2005 1920 2037 ὡς

1132 2053 1283 2089 παροικῶν.
1293 2053 1336 2085 Ὠς
1350 2054 1396 2079 καὶ
1410 2053 1450 2088 τῷ
1464 2053 1574 2088 Ἰσραὴλ
1592 2053 1701 2087 λέγεται
1711 2060 1717 2067 ·
1731 2063 1739 2078 ι
1752 2052 1784 2078 Τί
1795 2052 1853 2079 ἐστί
1868 2061 1920 2084 σοι,

1137 2100 1256 2135 Ἰσραὴλ,
1274 2100 1313 2126 ὅτι
1329 2100 1357 2126 ὲν
1381 2100 1416 2134 γῇ
1440 2099 1494 2126 τῶν
1513 2099 1619 2135 ἐχθρῶν
1637 2096 1677 2132 εἷς
1697 2108 1705 2124 ι
1723 2099 1754 2125 Et
1769 2098 1823 2134 γὰρ
1849 2096 1920 2136 ἦσαν

1133 2146 1201 2181 μετὰ
1211 2145 1288 2178 Θεοῦ,
1304 2144 1391 2172 ταῦτα
1404 2146 1454 2172 ούκ
1469 2145 1597 2181 ἔπασχον.
1611 2144 1801 2181 Παραγγέλλει
1813 2144 1840 2171 δὲ
1854 2153 1917 2180 προ-

1131 2191 1255 2227 φητικῶς
1268 2191 1298 2218 τὸ
1314 2191 1428 2226 ὕστερον
1443 2191 1636 2227 γενησόμενον.

1168 2297 1290 2328 Πλοίοις
1303 2296 1397 2330 Ἀσὴρ
1422 2295 1584 2330 παρῴκησε
1609 2296 1678 2329 παρ’
1696 2295 1840 2329 αἰγιαλῶν
1865 2297 1918 2323 θα-

1132 2342 1269 2375 λασσὼν,
1287 2343 1336 2369 καὶ
1351 2343 1401 2369 ἐπὶ
1415 2344 1467 2375 τὰς
1479 2343 1606 2375 δικοπὰς
1618 2342 1712 2370 αὑτοῦ
1729 2342 1919 2376 κατεσκήνω·

1131 2396 1168 2415 σε
1186 2388 1354 2416 Ζαϐουλὼν.
1372 2389 1450 2421 Λαὸς
1478 2388 1615 2416 ὠνείδισε
1640 2388 1748 2423 ψυχὴν
1766 2386 1859 2415 αὐτοῦ
1875 2388 1919 2420 εὶς

1130 2435 1269 2462 θάνατον.
1279 2435 1362 2471 Ἀσση
1368 2437 1438 2470 ρῖται
1450 2435 1504 2470 γὰρ
1516 2435 1564 2470 τὴν
1575 2434 1628 2461 ἀπὸ
1639 2434 1685 2460 τοῦ
1699 2433 1848 2468 Καρμήλου
1863 2441 1920 2459 κοι-

1128 2479 1194 2507 λάδα
1208 2489 1215 2495 '
1232 2480 1344 2516 τοιαύτη
1359 2480 1412 2515 γὰρ
1430 2481 1532 2515 πᾶσαὴ
1547 2481 1592 2506 ἐπὶ
1603 2480 1716 2510 Σιδῶνος
1731 2478 1920 2514 τετραμμένη)

1130 2527 1329 2563 κεκλήρωνται.
1348 2526 1492 2554 Ζαϐουλὼν
1506 2526 1546 2558 δὲ,
1566 2526 1614 2560 τὴν
1633 2525 1713 2560 μέχρι
1728 2523 1921 2559 Γεννησαρίτι-

1129 2573 1173 2604 δος
1190 2573 1299 2608 λίμνης,
1317 2572 1491 2607 καθήκουσαν
1508 2571 1537 2598 δὲ
1555 2572 1625 2606 ὑπὲρ
1645 2570 1794 2606 Κάρμηλον
1810 2569 1856 2595 καὶ
1871 2568 1921 2596 θά-

1129 2619 1240 2652 λατταν,
1257 2620 1363 2655 ἔλαχον.
1380 2619 1520 2646 Δεῐκνυσιν
1537 2615 1585 2644 οὖν
1598 2638 1605 2651 ,
1622 2617 1659 2648 ὡς
1675 2617 1719 2643 διὰ
1735 2616 1782 2651 τὴν
1796 2616 1836 2646 εἰς
1851 2615 1920 2641 Θεὸν

1130 2665 1285 2701 παράϐασιν
1311 2664 1484 2701 συνήχθησαν
1512 2665 1552 2695 εἰς
1582 2663 1684 2695 στενὸν,
1711 2660 1919 2697 περισπώντων

1043 2818 1159 2848 NOTAE.

324 2874 382 2911 (56)
403 2876 445 2904 Ἑν
456 2877 493 2913 τῷ
508 2877 572 2913 περὶ
584 2877 708 2906 Ἰουδαϊκ.
734 2878 857 2913 ἁρχαιολ,
872 2878 888 2905 5
906 2886 966 2913 κεφ.
996 2878 1041 2904 τοῦ
1091 2877 1164 2913 βιϐλ.
