2086 3160
176 157 239 190 1031

173 216 272 247 αὐτοὺς
284 216 356 243 κατὰ
374 215 473 252 μικρὸν
485 215 538 243 τῶν
556 215 738 249 Χαναναίων,
763 216 811 243 καὶ
829 216 884 243 τῶν
901 215 969 251 πλη·
984 221 1006 249 Α

174 263 232 290 σίον
258 263 354 290 ἐθνῶν.
371 263 422 290 Διὰ
446 262 526 289 τοῦτο
551 263 605 298 γάρ
621 271 689 299 φησι
702 271 708 278 ·
727 272 736 289 ι
756 263 828 295 Δαὸς
847 263 970 290 ὠνείδισε

173 309 262 344 ψυχὴν
277 309 362 335 αὐτοῦ
375 309 415 340 είς
428 307 555 335 Θάνατον.
575 318 586 334 ι

210 354 266 380 Καὶ
279 353 325 379 τὸν
344 353 491 388 Νεφθαλὶμ
508 353 537 379 δέ
553 362 636 388 φησιν
647 353 694 380 ἐπὶ
709 354 744 380 τὰ
767 353 823 389 ὕψη
846 354 897 389 τῆς
914 353 968 389 χώ-

175 407 226 435 ρας
241 400 348 434 φυγεῖν,
364 399 553 427 καταλιπόντα
565 399 614 435 τὴν
631 399 699 426 ἰδίαν
711 399 818 434 μερίδα.

210 445 275 471 Ὅτε
300 444 366 480 γὰρ,
391 445 486 480 φησὶν,
517 442 589 472 εἶδον
603 445 652 480 τὴν
669 445 834 472 ταπείνωσιν
849 445 969 480 Ἰσραὴλ,

174 489 363 525 θαρρήσαντες
385 490 410 516 οἱ
434 490 547 517 Χαναὰν
564 490 763 526 παρετάξαντο.
779 490 834 516 Καὶ
851 490 928 525 ἡμῶν
941 490 970 516 δὲ

173 535 288 566 ἕκαστος
303 535 441 562 ταπεινῶν
456 535 551 562 ἑαυτὸν
567 535 611 562 διὰ
622 536 672 571 τῆς
692 536 840 571 ἁμαρτίας,
864 536 971 572 ὑποχεί-

175 589 232 617 ριος
244 582 301 612 τοῖς
310 580 419 617 δαίμοσι
435 581 554 616 γίνεται.

184 616 190 622 ⁸
214 627 263 654 Ἐν
277 628 392 661 Θεννὰχ
407 627 457 654 ἐπὶ
481 627 592 660 ὓδατος
606 627 761 663 Μαγεδδώ.
787 627 844 663 Τὴν
864 627 970 664 Θεννὰχ

172 673 223 708 οὺχ
237 670 310 699 εἶλεν
328 674 344 708 ὴ
358 673 429 708 φυλὴ
445 673 578 709 Μανασσῆ
591 681 598 689 ·
620 674 662 700 ὅτι
679 675 717 710 μὴ
730 674 793 705 τοὺς
802 673 971 709 ἀλλοφύλους

172 718 276 753 ταύτης
296 720 464 754 μετέστησεν
486 718 552 746 ἔνθα
579 719 696 754 συνέστη
723 720 737 746 ὁ
753 719 872 754 πόλεμος
901 719 971 754 πρὸς

171 765 219 791 τὸν
236 765 349 798 Σισάρα.
370 764 459 800 Κὼμη
478 765 507 792 δὲ
527 765 574 791 νῦν
598 765 658 792 ἐστι
688 765 805 800 μεγίστη
827 765 970 800 ἀπέχουσα

172 810 223 844 τῆς
238 810 379 845 Λεγεῶνος
405 810 530 845 σημείοις
546 810 581 844 γ’.
607 810 664 836 Καὶ
688 809 822 844 Μαγεδδὼ
838 810 866 836 δὲ
883 809 970 844 φυλῆς

173 855 269 890 γέγονε
286 855 433 890 Μανασσῆ,
454 855 488 889 ἢν
502 851 576 882 εἷλεν
588 854 705 890 Ἰησοῦς,
729 854 775 882 τὸν
793 854 907 889 βασιλέα
925 854 970 880 τὸν

725 158 992 190 COMMENTARII
1014 160 1056 190 IN
1075 160 1244 191 JUDICES.

1747 162 1814 196 1062

1021 218 1050 245 Id
1063 219 1137 246 enim
1154 224 1197 247 est
1227 219 1400 255 qu01|_dicit:
1422 230 1430 246 ι
1446 220 1569 257 Populus
1592 221 1713 249 animam
1733 230 1813 250 suam

1021 265 1120 292 mortis
1135 265 1240 300 objeeit
1256 266 1371 301 probro.
1391 276 1400 292 ι

1057 351 1143 380 Porro
1166 352 1340 387 Nephtlialim
1371 361 1420 382 sua
1434 354 1522 390 ipsius
1552 359 1631 390 parte
1655 355 1766 384 deserta
1785 356 1813 384 in

1020 398 1131 426 excelsa
1144 398 1263 433 regionis
1283 398 1443 434 confugisse
1464 400 1565 435 inquit.
1827 409 1830 432 ι

1057 443 1126 471 Cum
1140 444 1214 471 enim
1231 444 1370 475 viderunt,
1380 445 1483 480 inquit,
1494 445 1714 474 humiliationem
1723 447 1812 475 Israe-
1826 443 1829 453 ³

1021 486 1067 519 Iis,
1084 487 1186 515 ﬁducia
1200 493 1335 522 concepta
1345 488 1494 516 Cltananaai
1506 489 1699 517 instruxerunt
1713 492 1811 518 aciem.

1020 532 1060 560 Ac
1073 532 1274 567 nostrumjsane
1281 532 1372 568 quivis
1383 532 1430 568 qui
1441 539 1471 560 se
1490 532 1543 561 sub
1556 534 1813 569 peccatumabjicit.

1022 577 1150 606 subditus
1165 577 1194 604 ﬁt
1206 577 1374 605 daemonum.

1058 622 1092 650 In
1105 623 1226 650 Thettac/z
1241 622 1276 650 ad
1288 631 1372 660 aquas
1385 622 1527 658 Mageddo.
1543 623 1589 660 μι,
1605 623 1662 660 19.]
1679 623 1810 653 Thenach

1021 676 1077 696 non
1093 669 1166 703 cepit
1178 668 1309 696 Manassc
1333 669 1434 701 tribus,
1454 670 1586 704 quoniam
1611 673 1721 698 exteros
1736 678 1768 698 ex
1781 678 1815 698 ea

1023 723 1078 742 non
1093 714 1189 750 exigit,
1216 715 1261 742 ubi
1290 715 1392 742 bellum
1419 719 1516 743 contra
1553 715 1647 744 Sisera
1673 717 1814 744 constitit.

1020 760 1101 788 Nunc
1116 767 1182 788 vero
1199 761 1281 788 vicus
1294 765 1337 788 est
1353 768 1520 796 permagnus
1537 769 1553 788 a
1572 761 1698 796 Legeone
1711 763 1745 789 ad
1758 767 1816 790 ter-

1022 807 1090 833 tium
1103 806 1213 842 signum
1227 805 1359 834 dissitus.
1374 806 1409 833 At
1419 805 1589 842 Mageddoin
1604 807 1679 835 tribu
1689 806 1816 835 Manasse

1023 851 1084 884 fuit,
1115 859 1196 887 quam
1226 850 1311 879 Josue
1338 851 1426 886 ipsius
1456 859 1520 887 rege
1548 852 1717 888 interempto
1730 853 1811 888 cepit.

172 902 259 937 αὐτῆς
273 901 386 928 ἀνελών.
402 901 438 928 Οὐ
454 901 573 936 κατέσχε
595 901 625 928 δὲ
648 901 735 929 αὐτὴν
754 901 918 936 Μανασσῆς,
933 900 969 936 μὴ

1022 897 1082 924 Non
1097 897 1219 924 obtinuit
1234 904 1301 924 vero
1314 896 1457 926 Manasses
1472 904 1545 931 eam,
1561 905 1624 926 cum
1640 902 1766 926 exterum
1780 906 1814 926 ex

172 949 218 976 τὸν
234 947 384 983 ἀλλόφυλον
395 948 483 983 αὐτῆς
499 947 636 975 ἐκϐαλών.

1022 951 1054 971 ea
1072 951 1127 972 non
1138 943 1288 979 .ejecisset.

153 987 160 1044 ἶ
210 1003 329 1032 Lucrum
339 1005 460 1039 pecunia:
470 1013 522 1032 non
532 1003 829 1032 abstulerunl.TI'ibuta
848 1004 922 1032 enim
936 1009 997 1039 quae
1009 1009 1024 1029 a
1033 1000 1114 1029 nobis
1124 1000 1270 1036 exigebant
1286 1004 1383 1028 contra
1397 1000 1445 1036 jus
1458 1008 1491 1028 ac
1507 1000 1559 1034 fas,
1570 1008 1625 1029 non
1636 1006 1814 1037 acceperunt.

151 1059 157 1067 ¹
207 1063 260 1089 Ἐκ
272 1062 326 1090 τοῦ
340 1061 472 1097 οὐρανυῦ
483 1063 680 1098 ἐπολέμησαν
696 1065 723 1091 οἰ
736 1063 874 1098 ἀστέρες.
886 1063 970 1098 Φησὶν

180 1107 312 1144 Ἰώσηπος
332 1108 400 1144 (57),
426 1108 464 1140 ὡς
485 1109 709 1145 συμμισγόντων,
731 1108 836 1145 χειμὼν
859 1109 971 1144 ἐγένετο

175 1154 273 1189 μέγας,
288 1153 359 1189 ὕδωρ
376 1163 407 1180 τε
428 1155 497 1182 πολὺ
524 1155 572 1182 καὶ
593 1155 700 1191 χάλαζα
725 1156 798 1183 κατὰ
821 1155 970 1191 προσώπου

172 1200 228 1226 τῶν
242 1199 402 1227 Χαναναίων
413 1200 553 1229 ἐϐάλλετο.
569 1202 625 1229 Καὶ
641 1203 696 1229 πᾶν
712 1201 829 1237 ὄργανον
844 1201 965 1236 πολέμου

173 1246 277 1277 τούτοις
291 1246 427 1281 ἄχρηστον
443 1244 487 1281 ἦν.
512 1247 584 1282 Πρὸς
603 1246 618 1273 ὃ
634 1247 822 1283 θαρῤήσαντος
843 1247 963 1282 Ἰσραὴλ,

174 1290 199 1316 οἰ
214 1290 264 1325 μὲν
276 1291 328 1317 ὑπὸ
342 1290 445 1318 τούτων
461 1291 618 1325 ἐϐάλλοντο,
635 1292 660 1319 οἰ
673 1292 703 1319 δὲ
719 1292 771 1319 ὑπὸ
788 1292 839 1327 τῆς
859 1292 964 1324 οἰκείας

174 1336 258 1363 ἵππου
271 1337 472 1372 τεταραγμένοι
489 1338 652 1371 κατέπεσον,
675 1338 728 1365 ὑπὸ
749 1338 804 1365 τῶν
832 1339 965 1374 ἁρμάτων

175 1382 422 1417 καταπατούμενοι.
440 1383 606 1418 Σημαίνουσι
617 1383 645 1410 δὲ
659 1385 724 1416 τοὺς
736 1385 872 1420 χειμῶνας
887 1385 966 1412 ἀστέ-

175 1436 236 1463 ρες·
249 1428 265 1463 ἦ
280 1428 327 1455 καὶ
341 1428 509 1465 ὕπερϐολικὴ
519 1430 588 1457 Θεοῦ
605 1431 764 1466 συμμαχίας
777 1431 912 1466 ἔμφασις·
928 1432 965 1464 ὡς

174 1474 221 1501 καὶ
233 1474 268 1501 τὰ
282 1475 401 1510 στοιχεῖα
421 1475 521 1510 μικροῦ
536 1475 591 1502 δεῖν
604 1477 697 1508 αὐτοῖς
712 1476 893 1505 ἐπιτίθεσθαι.

215 1518 376 1551 Ἐξέϐαλεν
392 1519 504 1553 αὐτοὺς
527 1520 709 1555 χειμάρῤους
723 1521 871 1558 Καδγιμίμ.
891 1524 925 1550 Ἣ
951 1525 965 1551 ὁ

173 1563 255 1596 αὐτὸς
273 1564 312 1600 τῷ
327 1565 479 1602 Κισσὼν,ἢ
497 1566 526 1593 ἐν
546 1566 712 1602 ἀμφοτέροις
738 1568 895 1605 ἐπολεμήθη
918 1571 964 1598 Σι-

174 1610 262 1646 σάραι
277 1611 334 1637 ἀλλ’
347 1612 375 1638 ὲν
393 1612 442 1647 μὲν
461 1611 500 1648 τῷ
512 1613 623 1640 Κισσὼν
633 1613 686 1640 ὑπὸ
700 1614 747 1641 τοῦ
764 1615 859 1650 Βαρὰκ
870 1637 876 1648 ,
892 1617 920 1643 έν
935 1616 964 1643 δὲ

173 1657 213 1692 τῷ
225 1657 359 1692 Καδημίμ
372 1657 425 1684 ὑπὸ
436 1657 593 1694 Δεϐϐώρας,
602 1659 640 1692 ὥς
651 1668 734 1694 φησιν
746 1649 875 1694 Εὐσέϐιος
886 1662 915 1688 ὲν
927 1663 968 1698 τῷ
981 1649 1004 1680 c

174 1702 244 1736 Περί
263 1702 396 1730 τοπικῶν
410 1703 564 1738 ὀνομάτων
588 1704 657 1739 (58).
672 1705 709 1731 Ἦ
728 1705 821 1733 τοίνυν
842 1706 967 1742 ἀλλήλοις

175 1747 360 1783 συμϐαλόντες
373 1749 398 1776 οἰ
410 1749 528 1784 ποταμοὶ
538 1750 602 1782 τοὺς
615 1751 788 1783 Χαναναίους
800 1752 966 1788 παρέσυρον,

173 1793 218 1829 ἥγ’
232 1791 277 1820 οὖν
291 1789 361 1830 ἧττα
373 1794 469 1830 πρώτη
484 1795 596 1828 τούτους
605 1797 638 1832 τῇ
650 1796 765 1833 δευτέρᾳ
774 1798 966 1834 παρέπεμψεν.

181 1839 377 1875 Ἐρμηνεύεται
392 1841 421 1867 δὲ
431 1841 564 1877 Καδημὶμ
577 1842 638 1878 μὲν,
652 1842 771 1877 φάραγξ
780 1844 886 1879 ἁγίων·
900 1846 968 1872 Κισ-

176 1885 228 1912 σὼν
238 1885 277 1918 δὲ,
291 1887 488 1920 εὐφροσύναι,
502 1887 519 1923 ἢ
531 1887 667 1922 σκληρία
681 1888 791 1916 αὐτῶν.
811 1889 841 1916 ῚΙ
857 1887 903 1917 οὖν
916 1890 968 1925 φά-

174 1932 245 1967 ραγξ
260 1932 315 1959 τῶν
331 1932 418 1967 ἁγίων
434 1933 546 1967 ἐξέϐαλε
565 1934 630 1965 τοὺς
652 1934 773 1969 βασιλεῖς
792 1935 903 1963 Χαναὰν
917 1939 967 1972 τῆς

173 1976 344 2012 εὐφροσύνης
367 1977 468 2010 αὐτῶν,
497 1977 544 2005 καὶ
571 1978 622 2013 τῆς
649 1978 782 2014 σκληρίας
806 1979 907 2007 αὐτῶν.
921 1980 967 2016 Μὴ

174 2023 314 2056 ποιοῦντες
330 2023 384 2060 γὰρ
398 2023 432 2051 τὰ
444 2024 576 2051 δοκοῦντα
587 2025 644 2056 τοῖς
654 2024 790 2060 δαίμοσιν,
804 2025 967 2060 ἀλγύνουσιν

174 2069 283 2102 αὐτοὺς,
304 2070 367 2101 τοὺς
393 2069 525 2104 ἀγγέλους
549 2070 754 2105 εὐφραίνοντες.
772 2071 884 2107 Φάραγξ
905 2072 934 2099 δὲ
948 2073 965 2108 ἡ

172 2115 277 2142 τούτων
289 2115 456 2147 ταπείνωσις
471 2115 605 2152 δεχομένη
620 2117 666 2143 τὸν
681 2116 770 2150 ὑετὸν,
785 2118 833 2145 καὶ
852 2119 968 2155 χειμάρι

174 2161 238 2196 ρους
255 2160 423 2188 ἀποτελοῦσα
440 2161 503 2192 τοὺς
521 2162 633 2197 ῥέοντας
647 2163 681 2189 ἐκ
694 2163 744 2198 τῆς
761 2163 816 2190 τῶν
830 2164 967 2190 πιστευόν-

173 2215 228 2234 των
251 2207 364 2242 καρδίας
387 2207 458 2234 κατὰ
476 2207 526 2243 τὴν
543 2207 591 2234 τοῦ
609 2208 736 2244 Σωτῆρος
752 2210 854 2245 φωνήν.
875 2219 884 2236 ι
903 2210 966 2237 Ἐπὶ

173 2253 236 2280 τίνα
249 2253 303 2287 γὰρ
316 2253 465 2287 ὲπιϐλέψω,
483 2253 566 2289 φησὶν
581 2254 595 2280 ὁ
608 2253 686 2286 θεὸς,
700 2254 758 2280 ἀλλ’
774 2254 791 2290 ἦ
803 2255 850 2282 ἐπὶ
860 2255 906 2283 τὸν
918 2264 966 2283 τα-

175 2298 277 2331 πεινὸν,
295 2298 341 2325 καὶ
354 2299 478 2334 ἡσύχιον,
488 2299 534 2325 καὶ
545 2299 684 2334 τρέμοντα
696 2308 747 2334 μου
760 2300 824 2332 τοὺς
835 2301 962 2335 λόγουςς»

173 2344 224 2370 Διὰ
237 2343 340 2370 τούτων
362 2343 517 2380 εὐφροσύνη
547 2344 594 2371 καὶ
616 2344 770 2380 σκληρότης
791 2345 965 2382 καθαιρεῖται

177 2390 336 2425 τυραννική.
924 2397 927 2400 ‘

206 2435 419 2470 Καταπατήσει
440 2435 552 2468 αὐτοὺς
571 2435 657 2470 ψυχή
682 2444 743 2470 μου
763 2435 890 2472 δυνατή.
922 2437 966 2470 Ὠς

173 2480 227 2516 γὰρ
247 2480 358 2516 ἰσχυρὸν
371 2480 452 2516 σῶμα
467 2481 532 2513 τοὺς
549 2481 696 2516 αἰσθητοὺς
715 2481 864 2516 πολεμίους
879 2491 966 2510 κατα-

173 2527 264 2559 πατεί,
278 2526 351 2553 οὕτω
365 2525 439 2562 ψυχὴ
452 2526 553 2562 δυνατὴ
570 2527 635 2559 τοὺς
648 2527 771 2562 νοητούς.
788 2536 797 2552 ι
812 2527 874 2554 Ἐπὶ
885 2528 964 2555 ἀσπί-

173 2572 206 2598 δα
222 2571 276 2607 γὰρ
294 2572 341 2598 καλ⁵
357 2570 514 2606 βασιλίσκον
525 2572 657 2609 έπιϐήσῃ.
674 2582 683 2599 ι

209 2617 279 2645 Τότε
312 2617 516 2651 ἀπεκόπησαν
542 2617 668 2652 πτέρναι
694 2618 795 2645 ἵππων
821 2618 968 2653 Matiume

172 2661 333 2690 δυναστῶν
363 2662 468 2690 αὐτοῦ.
498 2662 639 2698 Μαδαρὼθ
673 2663 807 2697 ἐξέδωκεν
835 2664 965 2698 Ἀκύλας,

210 2740 231 2756 ⁸¹
251 2739 305 2769 lsa.
325 2748 401 2774 uvt,
421 2741 446 2768 2.
486 2741 508 2756 ⁸¹
534 2740 606 2768 Psal.
623 2749 735 2773 Lxmx,
763 2743 788 2769 1.

1055 1059 1167 1087 Ccelitus
1180 1063 1335 1094 pugnarunt
1351 1059 1446 1087 stellw.
1460 1058 1529 1096 [20.]
1548 1059 1647 1087 Tradit
1663 1059 1813 1096 Josephus.

1019 1105 1149 1134 manibus
1178 1105 1318 1133 consertis
1361 1109 1552 1140 tempestatem
1581 1105 1709 1133 obortam
1751 1114 1814 1134 esse.

1020 1159 1158 1187 magnam,
1180 1158 1314 1186 aquzeque
1326 1159 1360 1179 ac
1381 1151 1525 1187 grandinis
1551 1152 1668 1179 multum
1688 1151 1814 1180 [aciebus

1019 1197 1241 1226 Cbananazorum
1255 1197 1374 1226 offusum
1386 1205 1459 1230 esse,
1476 1198 1608 1233 nullaque
1622 1205 1699 1226 arma
1713 1198 1812 1226 bellica

1019 1245 1082 1272 usui
1096 1244 1194 1272 fuisse.
1212 1244 1380 1279 Itaquecum
1400 1244 1532 1272 Israelita:
1550 1244 1676 1272 animum
1690 1245 1814 1280 recepis-

1017 1296 1089 1323 sent,
1101 1291 1169 1319 alios
1181 1291 1292 1326 quidem
1305 1291 1338 1318 ab
1346 1291 1386 1319 eis
1402 1291 1465 1320 telis
1481 1291 1580 1326 petitos
1589 1299 1660 1325 esse,
1671 1292 1739 1321 alios
1749 1300 1814 1320 vero

1018 1337 1100 1378 equis
1117 1337 1177 1366 suis
1189 1337 1353 1364 deturbatos
1367 1344 1383 1363 a
1398 1337 1531 1364 curribus
1547 1337 1727 1366 conculcatos
1735 1346 1810 1366 esse.

1019 1381 1182 1417 Signiﬁcant
1190 1382 1273 1417 igitur
1279 1382 1366 1410 stellae
1376 1386 1562 1418 tempestates,
1570 1383 1812 1411 autcxcellentiam

1018 1427 1105 1455 divini
1115 1428 1211 1455 auxilii
1227 1431 1439 1463 repraesentant,
1453 1435 1486 1456 ac
1494 1428 1555 1464 ejus
1566 1432 1598 1456 ut
1607 1435 1705 1464 parum
1717 1429 1812 1458 abfue-

1017 1474 1141 1510 rit,quin
1152 1474 1290 1502 elementa
1305 1481 1416 1509 quoque
1437 1473 1618 1502 infestassent
1635 1474 1722 1509 ipsos.

1050 1520 1139 1555 Ejecit
1157 1528 1201 1547 eos
1217 1525 1322 1546 torrens
1339 1518 1490 1553 Cedumim,
1511 1527 1558 1547 seu
1576 1520 1646 1546 idem
1662 1519 1755 1552 Cison,
1766 1527 1812 1546 seu

1015 1566 1044 1593 in
1058 1566 1178 1600 utrisque
1197 1565 1265 1593 bello
1279 1565 1376 1600 petitus
1395 1569 1434 1592 est
1459 1564 1560 1592 Sisara.
1579 1564 1650 1601 [2L]
1666 1564 1767 1593 Verum
1783 1565 1810 1592 in

1015 1612 1098 1640 Cison
1114 1612 1224 1647 quidem
1235 1611 1357 1643 aBarac,
1367 1611 1396 1638 in
1406 1610 1552 1638 Cedumim
1559 1618 1624 1638 vero
1640 1617 1655 1637 a
1672 1610 1811 1646 Debbora,

1019 1662 1050 1685 ut
1062 1657 1090 1685 in
1105 1657 1177 1685 libro
1194 1656 1232 1684 De
1252 1657 1401 1684 nominibus
1415 1655 1534 1683 locorum
1554 1659 1654 1684 auctor
1668 1659 1712 1684 est
1725 1656 1811 1684 Euse-

1019 1703 1090 1731 bius.
1105 1703 1159 1730 Aut
1169 1706 1246 1730 certe
1260 1701 1339 1729 ﬁuvii
1354 1702 1381 1729 in
1399 1709 1430 1729 se
1438 1701 1555 1730 invicem
1574 1702 1721 1738 eruptione
1737 1703 1810 1731 facta

1018 1750 1190 1777 Chananmos
1219 1755 1312 1776 secum
1334 1751 1491 1776 traxerunt.
1524 1747 1574 1776 Vel
1599 1748 1718 1784 denique
1733 1749 1812 1784 prior

1018 1795 1112 1824 clades
1142 1794 1295 1830 posteriori
1311 1801 1360 1822 eos
1386 1794 1552 1823 transmisit.
1570 1794 1658 1823 Porro
1672 1795 1811 1831 interpre.

1019 1843 1087 1871 tatio
1105 1842 1248 1871 Ccdumim
1280 1847 1372 1877 sonat,
1388 1842 1521 1870 convallis
1541 1843 1811 1877 sanctorum,Cisom

1018 1896 1096 1920 vero,
1108 1888 1216 1921 twtitia,
1232 1891 1280 1916 aut
1292 1888 1395 1915 duritia
1425 1896 1529 1915 eorum.
1549 1887 1690 1917 Convallis
1717 1888 1812 1924 itaque

1018 1937 1176 1962 sanctorum
1188 1933 1269 1969 ejecit
1281 1941 1360 1969 reges
1388 1932 1522 1961 Chanaan
1560 1941 1594 1961 ex
1622 1934 1812 1969 voluptatibus

1019 1979 1076 2008 suis
1093 1983 1120 2007 et
1144 1979 1258 2007 duritia.
1275 1978 1325 2012 Qui
1340 1979 1413 2006 enim
1431 1978 1566 2006 voluntati
1585 1978 1741 2008 daemonum
1756 1987 1811 2007 non

1017 2024 1217 2059 obtemperant,
1248 2024 1344 2052 dolore
1372 2024 1434 2051 illos
1466 2024 1600 2057 alliciunt,
1642 2025 1812 2061 angelosque

1018 2069 1127 2097 laetitia.
1154 2068 1202 2096 Est
1236 2076 1302 2096 vero
1333 2069 1468 2097 convallis
1487 2069 1646 2097 humiliatio
1674 2070 1810 2105 ipsorum,

1017 2121 1081 2150 quae
1094 2113 1217 2149 pluviam
1231 2113 1335 2148 excipit
1349 2118 1376 2142 et
1402 2113 1576 2142 torrentibus
1588 2114 1696 2142 exitum
1713 2122 1729 2143 e
1747 2122 1812 2142 cor-

1017 2162 1098 2190 dibus
1127 2161 1252 2189 ﬁdelium
1279 2165 1374 2197 parat,
1411 2161 1648 2197 quemadmodum
1681 2161 1812 2190 Servator

1018 2207 1118 2242 inquit.
1146 2216 1156 2232 ι
1189 2205 1279 2242 Super
1310 2214 1393 2242 quem
1428 2207 1502 2234 enim
1540 2207 1701 2242 respiciam,
1721 2207 1811 2243 inquit

1017 2253 1091 2282 Deus
1103 2274 1111 2286 ,
1127 2260 1210 2289 quam
1231 2261 1315 2288 super
1328 2253 1471 2286 humilem,
1487 2253 1683 2287 tranquillum,
1699 2257 1727 2281 et
1752 2262 1811 2283 scr-

1017 2306 1114 2327 mones
1143 2306 1220 2327 meos
1244 2299 1475 2327 extimescentem
1490 2299 1536 2325 “‘2
1555 2308 1564 2324 ι
1585 2298 1626 2326 Ac
1639 2298 1684 2327 his
1697 2299 1809 2335 quidem

1021 2347 1103 2375 rebus
1118 2346 1223 2378 laetitia,
1253 2353 1286 2374 ac
1316 2345 1471 2374 obstinatio
1483 2351 1664 2382 tyrannorum
1684 2353 1700 2374 e
1719 2346 1810 2374 medio

1020 2393 1140 2420 tollitur.

1055 2438 1135 2474 503
1147 2437 1319 2466 Conculcabit
1334 2446 1378 2466 eos
1397 2438 1487 2466 anima
1502 2446 1560 2465 mea
1574 2438 1694 2466 robusta.
1708 2438 1809 2472 Quem-

1019 2484 1168 2512 admodum
1182 2484 1256 2511 enim
1275 2491 1377 2519 c0rpus
1397 2483 1540 2512 robustum
1569 2483 1688 2511 sensiles
1715 2483 1810 2512 hostes

1019 2528 1175 2561 conculcat,
1194 2529 1232 2555 ita
1256 2528 1346 2556 anima
1368 2528 1482 2557 robusta
1503 2527 1673 2563 spirituales.
1694 2537 1703 2553 ι
1722 2527 1810 2564 Super

1020 2573 1115 2608 aspide
1125 2574 1200 2602 enirn
1214 2579 1241 2602 et
1249 2574 1381 2602 basilisco
1392 2573 1502 2602 incedes
1511 2574 1545 2601 ιδ’.
1565 2583 1575 2600 ι

1055 2619 1129 2647 Tunc
1152 2621 1277 2648 abscisam
1298 2626 1360 2649 sunt
1383 2621 1489 2656 ungula:
1511 2627 1638 2655 equorum
1665 2619 1808 2647 Madarotlt

1019 2665 1128 2700 fortium
1142 2666 1210 2701 ejus.
1220 2665 1291 2702 [‘22.]
1304 2665 1446 2694 Madaroth
1456 2665 1569 2702 Aquilas
1581 2664 1807 2700 exposuit,dectu

935 2788 956 2815 N
960 2788 1050 2817 ΟΤιΕ.

205 2846 268 2918 ἃῗέἒ

285 2882 330 2910 Ἐν
342 2883 399 2915 τοῖς
411 2882 535 2918 ὲκδεδομ.
544 2883 592 2918 οὐχ
610 2882 732 2918 εὕρηται.

289 2846 333 2889 Ἐν
344 2846 385 2889 eq:
397 2848 462 2889 περὶ
477 2847 604 2889 ἰῐουδαξίκ.
615 2845 740 2889 ὁιρχαιολ.
761 2846 778 2874 5
793 2855 857 2881 κεφ.
873 2845 920 2873 τοῦ
982 2846 1053 2882 ﬁrm.
