2086 3160
211 138 278 172 1065

769 137 1036 168 COMMENTARII
1058 137 1098 168 IN
1115 137 1282 168 JUDICES.

1778 141 1843 173 1066

211 196 258 222 ὑπ’
274 193 365 221 αὐτῶν
381 193 416 220 δι’
430 192 584 229 ἀμοιϐαίων
603 192 711 229 θρῆνον.
733 193 781 224 Ἀς
799 192 845 218 καὶ
863 191 1000 227 ἀρχούσας

1064 191 1197 219 :xliderunt
1219 199 1257 219 ea:
1274 199 1344 228 quas
1366 192 1506 228 principes
1543 199 1593 222 ceu
1611 193 1697 222 duces
1713 195 1844 224 lamenta-

211 240 308 276 αὐτῆς,
324 240 363 272 ὼς
380 240 593 275 προηγουμένας
607 238 655 265 τοῦ
673 239 772 274 θρήνου
785 239 874 265 καλεῖ.

248 288 310 320 οὐχ
326 287 526 321 εὑρίσκουσιν
543 285 638 312 αὑτὸν
657 285 874 320 διαμερίσαντα
893 284 1002 311 σκῦλα.

213 333 249 360 Ἢ
265 332 338 359 κατὰ
352 332 451 358 πεῦσιν
462 331 590 363 ἐλεεινῶς
603 331 693 358 ταῦτά
712 339 806 366 φησιν,
820 330 836 366 ἦ
855 331 927 358 κατὰ
936 330 1004 356 ἀπέ-

213 387 295 413 φασιν
323 378 374 409 τὰς
396 376 531 408 δοκούσας
547 377 639 409 αἰτίας
658 375 802 412 ἀναιροῦσι
818 375 864 403 τοῦ
882 376 1004 411 βράδους.

213 425 251 452 οι.
266 424 320 459 γὰρ
341 423 380 455 ὡς
403 424 520 457 νικήσας
544 422 667 457 διανέμει
687 422 774 449 σκῦλα
788 423 845 453 τοῖς
863 421 1005 456 ὑπηκόοις,

213 469 271 497 ἀλλ’
294 469 354 496 οὐδὲ
382 468 470 502 φίλοις
497 469 689 500 συνεστιᾶται,
707 467 744 499 ὡς
761 466 895 502 ἀριστέως
910 467 1005 493 ἀποτε-

215 515 274 552 μὼν
301 514 442 549 κεφαλὴν,
466 514 523 541 ἀλλ’
554 513 614 540 οὐδὲ
640 513 844 545 καλλωπίζεται
868 514 1007 549 νικηφόρῳ

215 562 296 596 στολῇ
301 582 307 588 .

250 608 306 634 Καὶ
318 609 344 634 oi
362 606 542 641 ἀγαπῶντες
565 606 669 632 αὐτόν.
686 606 737 632 Τὸν
758 605 862 641 Σισάρα
876 605 1006 641 δηλονότι.

214 651 362 688 Εἷτὰςρησν
370 663 379 678 ι
391 651 490 682 Καθὼς
501 653 517 687 ή
528 651 646 686 ἀνατολὴ
658 651 706 677 τοῦ
716 651 792 686 ήλίου
804 646 1008 681 ἐνδυναστείαις

215 699 309 725 αὐτοῦ.
325 708 335 724 ›
355 698 398 729 Ὡς
416 698 470 732 γὰρ
485 697 560 732 ἡλίου
579 697 685 732 θερινοῦ
700 697 892 732 διανίσχοντος,
909 696 1007 732 ὁμίχλη

216 743 263 770 καὶ
275 743 356 776 νέφος
371 742 419 769 καὶ
438 743 492 768 πᾶν
505 741 629 776 ἐμποδὼν
648 741 803 768 δταλύεται·
826 741 912 773 οὕτως
924 742 953 767 ὲν
969 741 1008 777 τῷ

214 789 372 816 ἀνατέλλειν
383 788 431 823 τῆς
439 787 615 822 δικαιοσύνης
627 787 672 813 τὸν
681 786 788 818 ”Ηλιον,
796 785 1009 822 διασκορπισθή-

217 844 309 863 σονται
321 836 345 862 οι
357 835 449 870 ἐχθροὶ
465 834 512 861 τοῦ
525 833 603 867 Θεοῦ,
620 833 651 860 τὸ
668 834 765 864 σκότος
781 835 814 868 τῇ
832 833 946 868 δυνάμει
961 832 1008 859 τοῦ

216 880 304 916 φωτὸς
322 880 485 911 διαλύοντος.

252 927 306 954 Καὶ
318 926 377 954 υΙοὶ
394 925 561 953 ἀνατολῶν.
576 926 608 952 0i.
630 925 763 960 Ἀραϐες,
780 924 1010 960 ἀνατολικώτεροι

216 972 282 1008 γάρ.
297 973 384 999 Τοῦτο
401 973 447 998 καὶ
462 971 606 1007 Ἰώσηπος,
627 971 711 1006 Ὁμοῦ
732 971 760 997 δὲ
775 972 822 998 καὶ
837 971 888 1006 τὴν
905 971 1010 1007 ὡραίαν

217 1018 374 1045 εἰσέϐαλλον
386 1018 434 1044 καὶ
445 1017 549 1053 ἐδῄουν,
568 1017 666 1049 ἐῶντες
679 1018 725 1044 τὸν
742 1017 865 1053 χειμῶνα
883 1017 1007 1053 σπείρειν

219 1064 268 1090 καὶ
278 1064 424 1098 γεωργεῖν.

261 1107 428 1142 Ἐρῤἀΰδιζε
448 1107 563 1141 πυροὺς
579 1108 614 1134 ἐν
638 1107 732 1141 ληνῷ.
758 1107 803 1143 Τῷ
829 1107 868 1143 μὴ
886 1109 1011 1143 φανερῶς

221 1153 336 1188 ἀλοῆσαι
349 1153 464 1188 τολμᾷν.

264 1199 341 1227 Ἰδοὺ
358 1200 377 1233 ἠ
394 1198 494 1234 χιλιὰς
506 1207 566 1234 μου
583 1199 777 1233 ταπεινοτέρα
797 1200 832 1226 ἐν
846 1199 1010 1233 Μανασσῆ.

221 1246 356 1280 Ἔμειναν
371 1245 426 1280 γὰρ
442 1245 483 1276 εἰς
496 1245 655 1280 χιλιάρχους
674 1245 721 1272 καὶ
736 1245 957 1280 ἑκατοντάρχους
973 1245 1012 1271 δι-

220 1291 366 1328 ῃρημένοι,
388 1292 434 1326 ἀφ’
460 1288 491 1318 οὖ
518 1291 596 1318 τοῦτο
627 1291 838 1318 συνεϐούλευσεν
864 1291 952 1326 Ίοθδρ
974 1290 1013 1326 τῷ

220 1338 344 1365 Μωῦσεϊ.
356 1337 504 1373 Χιλίαρχος
519 1337 567 1364 οῦν
584 1337 727 1373 ὑπάρχων,
738 1337 801 1368 τοὺς
817 1337 861 1373 ὑφ’
878 1337 960 1364 αὑτὸν
975 1336 1014 1369 ὡς

222 1384 346 1416 ἀσθενεῖς
367 1384 508 1419 ᾐτιάσατο.

259 1429 317 1456 Καὶ
332 1430 408 1457 οἴσω
424 1430 482 1463 τὴν
499 1430 611 1457 θυσίαν
625 1439 696 1464 μου.
708 1430 746 1456 Τὸ
768 1429 843 1464 θῦμα
864 1430 894 1457 τὸ
912 1432 953 1462 εἰς
969 1431 1015 1458 εὑ-

220 1475 311 1510 ωχίαν
327 1474 400 1501 οὕτω
417 1475 504 1501 καλεῖ.
515 1475 604 1501 Θυσία
618 1475 672 1510 γὰρ
696 1475 748 1510 οὐχ
762 1475 857 1510 ήψείτο
870 1475 942 1502 κατὰ
968 1475 1015 1501 τὸν

223 1521 316 1556 νόμον.

265 1565 332 1591 Ὑπὸ
343 1565 392 1600 τὴν
408 1565 474 1600 δρῦν
483 1565 585 1600 τίθησι,
601 1565 648 1592 τὸν
663 1564 792 1600 Ἀϐραὰμ
804 1565 993 1601 μιμησάμενος
1004 1573 1011 1581 ·

224 1611 272 1638 καὶ
289 1611 384 1638 τοῦτον
405 1611 509 1646 οἰηθεὶς
526 1611 679 1638 ἀναλώσειν
706 1611 740 1638 τὰ
756 1612 955 1647 παρακείμενα.
984 1610 1013 1638 ’0

223 1658 261 1690 δὲ,
289 1659 336 1684 τδν
359 1657 468 1693 ζωμὸν,
487 1657 525 1690 ὠς
553 1657 752 1694 ἀνεπιτήδειον,
775 1658 875 1693 ἐκχέας
894 1657 939 1684 διὰ
964 1656 1013 1692 τὴν

225 1704 378 1740 ὐδαρότητά
392 1713 421 1735 τε
448 1704 495 1730 καὶ
519 1703 639 1737 ἔκλυσιν,
658 1705 692 1731 τὰ
721 1704 790 1740 κρέα
812 1704 917 1730 τιθέναι
945 1703 1014 1738 πρὸς

223 1749 274 1785 τὴν
288 1750 393 1784 πέτραν
411 1749 550 1776 ἐκέλευσε.

263 1797 303 1832 Τῇ
323 1796 415 1831 ῥάϐδῳ
429 1795 486 1832 πῦρ
502 1788 620 1830 avde“,
637 1795 787 1823 ἀνάλωσεν.
810 1795 843 1822 Ἦ
863 1795 894 1822 δὲ
917 1794 1014 1831 ῥάϐδος

226 1842 353 1878 σημαίνει
375 1843 412 1877 πῆ
430 1843 480 1876 μὲν
500 1842 638 1874 παιδείαν,
653 1842 694 1873 ὼς
710 1841 757 1869 τό·
777 1841 905 1876 vneam.)
929 1841 1014 1868 τύπτε

225 1887 310 1922 ἄνδρα
325 1886 471 1922 ἀκάρδιον·
487 1896 497 1914 ι
513 1889 551 1922 πῆ
570 1886 598 1914 δὲ
615 1887 772 1923 στηριγμὸν
796 1887 844 1914 καὶ
860 1887 1012 1923 ἀντίληψιν,

223 1932 262 1963 ὡς
279 1932 325 1958 τό·
343 1941 353 1957 4
365 1932 397 1958 Ἦ
414 1931 512 1966 ῥάϐδος
530 1939 578 1958 σου
594 1931 671 1966 καὶὴ
698 1931 835 1967 βακτηρία
859 1940 919 1963 σου,
944 1931 1013 1966 αὕτη

226 1985 262 2012 με
275 1976 472 2011 παρεκάλεσεν.
488 1986 497 2003 ι
513 1977 545 2003 Ὃ
561 1976 607 2003 καὶ
620 1976 667 2003 νῦν
683 1976 823 2012 σημαίνει.
839 1975 872 2002 Ἦ
885 1976 912 2002 δὲ
927 1976 1015 2011 πέτρα

225 2023 256 2049 τὺ
271 2023 385 2058 στερρδν
399 2024 449 2057 τῆς
461 2023 590 2054 πίστεως,
604 2022 638 2049 δι’
651 2023 684 2058 ἥν
698 2023 712 2049 ὁ
728 2023 831 2058 Πέτρος
846 2022 1013 2057 ὠνόμασται.

226 2068 324 2100 "Huc,
350 2068 620 2104 ἀντιλαμϐανομένου
650 2068 728 2100 Θεοῦ,
756 2068 805 2095 καὶ
836 2068 906 2103 πρὸς
927 2068 1015 2103 βραχὺ

227 2114 435 2150 πλησιάζοντος,
452 2115 491 2146 ὡς
507 2115 560 2141 ὑπὸ
573 2115 658 2149 πυρὸς
671 2115 827 2150 δαπανήσει
847 2114 912 2146 τοὺς
935 2115 1015 2140 πολε-

229 2161 318 2196 μίους.
330 2161 386 2187 Καὶ
402 2161 483 2187 τοῦτο
513 2160 543 2187 τὺ
567 2161 691 2196 σημεῖον,
710 2161 779 2195 ὅπερ
795 2159 882 2195 ᾔτησε
901 2159 1014 2186 Γεδεών.

1056 236 1139 264 tionis
1155 242 1245 264 vocat.

1091 282 1172 319 505.
1183 284 1277 310 Annon
1285 283 1413 310 invenient
1421 283 1495 310 illum
1505 283 1621 311 dividere
1628 284 1723 318 spolia.
1734 283 1777 319 [V.
1785 283 1844 320 29.]

1059 329 1106 357 Vel
1121 330 1319 365 interrogative
1334 338 1397 357 cum
1410 331 1589 358 miseratione
1606 331 1664 359 haec
1681 331 1787 364 dicunt,
1803 332 1844 359 vel

1057 384 1157 403 causas
1183 376 1370 403 cunctationis
1394 377 1446 404 sibi
1467 377 1542 404 visas
1568 377 1766 412 respondentes
1782 378 1844 406 red-

1057 422 1137 449 dunt.
1155 421 1214 448 Non
1240 421 1314 448 enim
1332 429 1429 449 revera
1455 429 1505 449 ceu
1520 421 1609 449 victor
1623 422 1764 450 dividebat
1780 431 1846 459 spo-

1059 468 1094 494 lia
1109 467 1256 494 militibus:
1283 467 1339 494 lmo
1354 475 1406 494 nec
1423 474 1485 494 cum
1505 467 1606 495 amicis
1622 471 1754 503 tanquam
1773 469 1846 504 opti-

1058 521 1117 540 mas
1129 513 1231 548 aliquis
1246 512 1385 548 epulatur,
1406 512 1432 540 ei
1448 517 1592 546 amputato
1603 513 1704 548 capite.
1724 513 1846 549 Denique

1058 560 1140 586 etiam
1155 567 1206 587 nec
1219 559 1359 586 victoriali
1377 559 1448 586 stola
1463 558 1624 593 inSignitur.

1094 605 1128 632 Et
1156 605 1201 641 qui
1222 605 1345 640 diligunt
1370 605 1468 638 ipsum.
1481 604 1551 640 [51.]
1567 604 1689 632 Siseram
1708 605 1846 634 videlicet.

1060 650 1176 683 Deinde,
1193 650 1293 685 inquit,
1310 649 1544 684 quemadmodum
1566 654 1644 677 ortus
1665 649 1733 677 solis
1748 651 1774 677 in
1790 650 1848 677 for-

1060 696 1178 724 titudine
1202 703 1264 723 sua.
1293 695 1530 729 Quemadmodum
1556 695 1643 727 enim,
1672 696 1729 723 sole
1754 697 1849 724 aestivo

1060 743 1219 775 exoriente,
1234 741 1334 777 caligo,
1352 745 1378 769 et
1395 741 1506 773 nebula,
1521 748 1657 776 omneque
1672 741 1850 777 impedimen-

1060 794 1117 817 tum
1132 790 1284 820 evanescit,
1313 788 1350 814 ita
1374 795 1437 815 cum
1458 788 1588 814 exoritur
1611 788 1652 814 sol
1672 787 1789 822 iustitiae
1806 788 1850 815 di-
1873 815 1874 818 η

1061 835 1214 863 scutientur
1251 833 1356 861 inimici
1394 833 1451 866 Dei,
1476 833 1577 860 virtute
1606 833 1718 861 luminis
1744 833 1846 869 dispel~

1062 882 1134 909 lente
1150 881 1290 908 tenebras.

1097 926 1131 954 Et
1149 927 1201 961 ﬁlii
1220 925 1346 954 Orientis.
1364 925 1420 961 [VL
1440 925 1483 961 5.]
1506 925 1610 952 Arabes
1626 925 1778 954 orientales
1793 934 1849 953 ma-

1059 974 1115 1009 gis,
1131 973 1185 1000 hoc
1205 972 1278 1000 enim
1302 976 1329 999 et
1343 970 1485 1006 Josephus
1512 971 1626 998 indicat.
1658 970 1716 998 Una
1742 978 1807 999 vero
1821 972 1848 998 iu

1062 1019 1156 1054 fruges
1172 1021 1323 1051 irruerunt,
1350 1025 1453 1053 easque
1477 1022 1633 1048 vastarunt,
1656 1018 1683 1044 in
1701 1017 1790 1045 hieme
1806 1025 1850 1044 se-

1062 1063 1197 1097 minandi,
1211 1069 1371 1098 terramque
1390 1063 1500 1090 colendi
1517 1063 1578 1090 loco
1595 1062 1672 1090 dato.

1098 1111 1246 1138 Tribulavit
1274 1111 1392 1137 triticum
1418 1112 1447 1137 in
1467 1111 1606 1136 torculari.
1627 1108 1700 1145 [H.l
1722 1109 1763 1137 Eo
1775 1110 1849 1145 quod

1063 1159 1153 1194 palam
1171 1159 1302 1184 triturare
1318 1165 1372 1183 non
1385 1158 1511 1184 auderet.

1099 1204 1168 1230 Ecce
1180 1203 1332 1230 millenaria
1349 1210 1406 1228 mea
1422 1202 1508 1229 tenuis
1523 1207 1562 1228 est
1580 1202 1610 1228 in
1627 1201 1764 1229 Mauasse.
1781 1201 1851 1237 [l5]

1062 1248 1281 1277 Permanseruut
1306 1250 1380 1275 enim
1406 1248 1433 1274 in
1461 1247 1599 1280 tribunos,
1627 1252 1657 1275 et
1673 1248 1851 1275 centuriones

1064 1295 1146 1322 divisi
1164 1303 1197 1322 ex
1225 1302 1280 1329 quo
1311 1293 1407 1321 Jethro
1435 1293 1504 1321 Mosi
1530 1294 1684 1321 consuluit.
1710 1293 1852 1321 Tribunus

1064 1341 1148 1376 igitur
1175 1348 1238 1367 cum
1262 1345 1348 1371 esset,
1379 1339 1505 1367 subditos
1543 1346 1608 1367 suos
1644 1340 1769 1367 inﬁrmos
1793 1347 1852 1367 esse

1064 1388 1234 1420 conquestus
1244 1388 1297 1411 est.

1101 1431 1136 1458 Et
1150 1431 1260 1466 aﬂuant
1277 1429 1455 1464 sacriﬁcium.
1478 1427 1550 1465 [18.]
1574 1428 1749 1456 Sacriﬁcium
1769 1428 1796 1456 id
1810 1428 1852 1455 di-

1066 1479 1103 1505 cit
1116 1477 1187 1512 quod
1199 1477 1232 1504 ad
1245 1477 1357 1511 epulum
1371 1476 1540 1503 destinatum
1556 1479 1627 1502 erat.
1647 1474 1764 1501 Victima
1780 1475 1851 1501 cuitu

1028 1531 1050 1560 ο
1065 1531 1121 1551 non
1132 1523 1305 1558 coquebatur
1316 1521 1394 1557 juxta
1414 1522 1512 1555 legem.

1101 1569 1236 1596 Caeterum
1247 1568 1299 1595 sub
1307 1575 1410 1601 quercu
1426 1567 1503 1601 ponit
1514 1566 1701 1593 Abrahamum
1717 1566 1853 1598 imitatus,

1067 1623 1098 1642 ac
1114 1620 1190 1642 ratus
1219 1614 1294 1641 hunc
1324 1612 1428 1640 fercula
1467 1612 1689 1647 absumpturum.
1715 1611 1761 1638 Ille
1789 1619 1854 1638 vero

1065 1663 1127 1697 jure
1154 1665 1286 1696 tanquam
1307 1657 1484 1687 incommodo
1514 1662 1628 1693 propter
1657 1657 1853 1692 aquositatem,

1069 1707 1307 1742 liquiditatemqne
1323 1705 1424 1737 eﬂ'uso,
1445 1712 1545 1733 carnes
1559 1711 1632 1739 pone
1647 1708 1751 1739 petram
1767 1703 1854 1730 collo-

1067 1762 1130 1781 care
1146 1753 1240 1788 jussit.
1263 1752 1267 1756 ’

1102 1800 1254 1834 Baculoque
1280 1799 1339 1833 igne
1363 1797 1469 1824 incenso
1491 1795 1650 1829 absumpsit.
1677 1794 1746 1832 [2L]
1770 1794 1856 1823 Porto

1068 1845 1144 1880 virga
1170 1843 1272 1871 alicubi
1299 1842 1413 1877 quidem
1447 1841 1587 1876 signiticat
1611 1840 1798 1875 disciplinam,
1825 1845 1855 1867 ut

1070 1901 1080 1917 ι
1097 1890 1191 1918 Virum
1205 1889 1350 1917 vecordem
1363 1889 1439 1923 virga
1460 1891 1573 1922 percute
1589 1887 1622 1920 ",
1642 1896 1651 1912 I
1670 1887 1771 1914 alicubi
1791 1894 1856 1913 vero

1068 1938 1247 1969 soliditatem,
1267 1942 1300 1962 ac
1328 1933 1482 1962 subsidium
1499 1954 1507 1966 ,
1535 1933 1615 1968 juxta
1636 1932 1714 1964 illud,
1745 1941 1755 1957 ι
1777 1931 1856 1966 Virga

1069 1989 1114 2010 tua
1128 1987 1155 2010 et
1171 1982 1287 2010 baculus
1302 1985 1367 2008 tuus
1383 1987 1426 2007 me
1443 1983 1486 2007 est
1508 1981 1614 2007 solatus
1629 1979 1662 2004 ⁸⁸.
1685 1988 1694 2004 ι
1713 1978 1800 2010 Quam
1819 1978 1853 2003 si-

1068 2028 1273 2064 gniﬁcationem
1296 2027 1354 2055 hoc
1368 2033 1479 2061 quoque
1507 2025 1570 2052 loco
1587 2024 1678 2051 habet.
1693 2024 1774 2051 Petra
1791 2030 1856 2050 vero

1069 2075 1130 2102 ﬁdei
1147 2074 1316 2105 firmitatem,
1334 2080 1387 2108 qua
1401 2073 1435 2099 de
1449 2078 1536 2099 causa
1549 2070 1647 2098 Petrus
1662 2077 1761 2097 nomen
1775 2076 1855 2096 suum

1068 2122 1187 2158 accepit.
1214 2121 1281 2154 Quae
1309 2120 1365 2147 Deo
1382 2118 1526 2154 suppetias
1553 2117 1668 2148 ferente,
1688 2115 1857 2150 propiusque

1070 2169 1232 2196 admovonte
1259 2172 1390 2201 tanquam
1409 2165 1471 2199 igne
1492 2164 1619 2191 absumet
1639 2162 1743 2189 hostes.
1768 2161 1857 2196 Atque

226 2208 272 2234 Διὸ
283 2208 330 2234 καὶ
347 2207 417 2243 μετὰ
430 2208 484 2234 τῶν
497 2207 602 2234 πιστῶν
618 2207 700 2234 αὑτὸν
723 2208 737 2234 ό
752 2207 859 2239 Παῦλος
875 2207 1011 2240 κατέλεξε.

1070 2216 1121 2243 hoc
1142 2215 1202 2249 ejus
1222 2214 1333 2248 signum
1362 2216 1404 2239 est
1435 2210 1508 2246 quod
1544 2209 1696 2244 postulavit
1731 2207 1855 2235 Gedeon.

227 2253 287 2288 Θεῷ
302 2253 355 2288 γὰρ
369 2253 528 2286 πιστεύσας,
546 2253 616 2289 μετὰ
628 2257 652 2279 τ’
670 2253 777 2289 ἀνδρῶν
791 2254 851 2284 ταῖς
870 2253 1014 2284 τοσαύταις

228 2299 329 2335 χιλιάσι
343 2299 397 2325 τῶν
411 2299 548 2334 πολεμίων
561 2299 686 2326 ἐπέθετο.
705 2300 781 2334 Ἅμα
800 2298 828 2326 δὲ
847 2299 985 2326 δείκνυσιν
1002 2300 1015 2326 ὁ

227 2346 333 2380 φανεὶς,
350 2345 389 2377 ὡς
403 2345 515 2381 Χριστῷ
532 2345 645 2381 μᾶλλον,
663 2347 696 2381 τῇ
709 2345 807 2382 πέτρᾳ,
819 2346 1014 2380 προσενεκτέον

228 2390 277 2422 τὰς
286 2390 412 2425 χάριτας,
428 2390 458 2416 ἐν
473 2387 494 2424 ᾧ
505 2391 569 2422 τοὺς
585 2390 736 2425 πολεμίους
753 2390 942 2426 συντρίψουσι.

265 2534 399 2561 Ἔσϐεσεν
416 2534 500 2562 αὑτοῦ
516 2533 564 2561 καλ⁵
574 2533 622 2569 τὴν
637 2534 772 2569 ταραχὴν,
789 2533 883 2564 εἰπὼν,
900 2543 910 2558 ι
925 2533 962 2559 Οὑ
978 2534 1016 2568 μὴ

226 2581 377 2616 ἀποθάνῃς.
390 2589 400 2606 r

264 2627 383 2662 Εἰρήνης
401 2626 483 2660 τυχὸν
510 2625 541 2652 τὸ
560 2625 766 2660 θυσιαστήριον,
787 2625 900 2659 εἰρήνην
914 2625 1017 2660 Κυρίου

227 2673 316 2701 καλεῖ.
339 2681 349 2698 t
367 2672 459 2704 Τύπος
471 2672 500 2699 δὲ
521 2671 602 2698 τοῦτο
615 2670 663 2698 τοῦ
684 2670 787 2702 πάθους
799 2670 919 2705 Χριστοῦ
938 2680 948 2696 ι
969 2670 1016 2697 τοῦ

229 2719 453 2754 προσαγαγόντος
467 2717 563 2745 ἑαυτὸν
576 2716 646 2752 ὑπὲρ
657 2717 673 2752 ἡ
678 2716 736 2752 μῶν
752 2717 792 2748 εἰς
802 2716 889 2752 ὀσμὴν
905 2716 1018 2749 εὐωδίας

227 2764 266 2799 τῷ
282 2764 341 2800 Θεῷ
356 2765 405 2792 καὶ
420 2763 517 2799 Πατρί.
535 2763 622 2794 Αὐτὸς
635 2763 689 2797 γάρ
700 2763 775 2788 ἐστιν
791 2763 809 2797 ἠ
825 2763 919 2798 εἰρήνη
935 2762 1013 2798 ήμῶν

263 2842 286 2858 ⁸⁷
302 2841 382 2869 Prov.
401 2849 429 2873 ι,
445 2840 489 2867 15.
525 2840 549 2856 ⁸⁸
564 2839 626 2866 Psal
644 2847 712 2871 nu,
725 2839 753 2867 Δ.

390 2887 526 2917 Ριτιιοι..
550 2886 609 2916 Gn.
633 2883 824 2915 LXXXVII.

1069 2262 1160 2295 Quare
1185 2267 1253 2287 sane
1270 2259 1297 2286 in
1313 2257 1434 2286 ﬁdelium
1458 2263 1606 2284 numerum
1621 2254 1723 2282 Paulus
1738 2262 1799 2281 eum
1812 2261 1857 2280 re-

1068 2307 1142 2334 tulit.
1160 2305 1214 2333 Deo
1240 2305 1314 2332 enim
1337 2302 1461 2331 conlisus
1478 2310 1540 2330 cum
1568 2302 1702 2342 trecentis
1718 2304 1758 2327 tot
1771 2300 1856 2326 millia

1068 2353 1186 2380 hostium
1211 2350 1360 2385 superavit.
1393 2349 1500 2376 luterea
1525 2355 1591 2375 vero
1611 2347 1714 2374 indlcat
1734 2346 1779 2373 hic
1808 2345 1858 2379 qui

1067 2398 1206 2434 apparuit,
1220 2397 1312 2425 omnia
1329 2396 1404 2423 dona
1422 2395 1535 2423 Christo
1549 2401 1621 2421 vera:
1642 2397 1727 2428 petrae
1742 2392 1858 2428 potissi-

1070 2452 1143 2471 lllllm
1171 2442 1321 2471 deferenda
1342 2449 1415 2474 esse,
1437 2441 1518 2476 cujus
1543 2440 1646 2467 virtute
1668 2439 1761 2466 hostes
1781 2446 1858 2466 com-

1069 2490 1204 2518 minuent.

1106 2534 1242 2562 Exstimiit
1260 2540 1345 2569 porro
1373 2532 1463 2567 ipsius
1487 2531 1720 2566 perturbationem
1734 2537 1797 2556 eum
1816 2528 1858 2555 in-

1069 2581 1128 2616 quit
1146 2589 1152 2607 :
1168 2589 1176 2605 ι
1194 2580 1377 2614 Nequaquam
1388 2578 1531 2607 morieris.
1553 2586 1562 2602 ι

1106 2626 1184 2654 Unde
1200 2626 1286 2653 altare
1313 2624 1399 2660 pacis,
1424 2631 1519 2659 pacem
1536 2622 1643 2650 Domini
1675 2621 1745 2648 forte
1768 2626 1856 2648 vocat.

1068 2672 1197 2700 Continet
1228 2678 1292 2698 vero
1317 2670 1432 2706 ﬁgurant
1460 2668 1601 2705 passionis
1626 2667 1754 2695 Christi:
1781 2674 1791 2691 ι
1811 2665 1856 2700 qui

1068 2718 1245 2753 semetipsum
1262 2717 1364 2744 obtulit
1384 2724 1434 2751 pro
1456 2716 1539 2743 nobis
1557 2715 1585 2742 in
1613 2713 1727 2741 odorem
1749 2711 1858 2739 suavis-

1068 2764 1167 2791 simum
1183 2764 1237 2791 Deo
1253 2768 1280 2790 et
1296 2763 1380 2790 Patri.
1395 2763 1453 2797 Ipse
1468 2762 1541 2789 enim
1559 2769 1610 2796 pax
1632 2763 1726 2787 nostra
1741 2763 1792 2789 est,
1810 2757 1856 2792 qui

1657 2882 1697 2911 3’4
