2086 3160
215 118 280 150 1057

885 114 1063 146 PROCOPII
1077 115 1200 145 GAZ/EI

1784 112 1853 146 1068

213 173 296 200 ambo
319 172 348 199 in
368 178 453 198 unum
475 171 581 206 redegit
597 171 632 202 ⁸³,
653 179 662 195 ι
693 169 796 205 quique
813 169 939 196 culturas
953 169 1007 196 dm-

1069 173 1076 198 5
1094 173 1211 208 ποιήσας
1239 170 1385 206 ἀμφότερα
1404 170 1444 202 ἓν,
1462 174 1471 195 ι
1490 169 1537 196 καὶ
1556 169 1606 201 τὰς
1630 167 1780 204 θρησκείας
1803 169 1855 199 τὰς

211 218 340 246 monicas
364 224 378 244 a
394 216 521 252 patribus
550 216 667 244 traditas
698 215 830 251 gentibus
855 213 889 241 ad
914 221 1008 241 exeni-

214 264 289 300 plum
307 262 446 291 Gedeonis
468 262 600 290 abolevit.
622 261 675 295 Qui
702 260 820 288 vitulum
837 267 949 295 quoque
964 267 1009 286 sa-

214 309 338 344 ginatum
353 309 471 343 ejusque
496 308 542 343 qui
562 315 613 342 pro
639 307 721 335 nobis
733 300 853 342 'oblatus
877 309 921 333 est
940 305 1010 342 ﬁgu-

217 363 273 383 ram
291 355 495 391 praeferentem,
520 353 614 381 oﬁ‘ert'.

249 401 319 429 Illud
346 409 413 428 vero
431 401 520 433 Maoz,
538 401 639 436 Aquila
669 400 799 436 exposuit
827 399 1008 435 fortitudinis,

215 447 400 484 Symmachus
418 455 482 475 vero
500 447 593 482 form.

251 493 323 521 Petit
352 501 420 520 Vero
450 493 573 520 secundo
609 493 733 528 signum,
763 493 791 520 in
822 490 1010 527 prmcedentis

218 540 470 568 conﬁrmationem.
496 538 528 566 Et
545 539 635 566 vellus
650 539 740 566 solum
766 538 874 566 siccum
889 541 960 570 erat,
978 537 1010 564 ﬁ-

217 593 371 621 guramque
400 585 511 613 lsraclis
542 585 590 620 qui
622 584 700 613 solus
729 584 852 612 divinam
884 585 1011 619 percepit

218 632 346 665 gratiam,
371 631 494 667 gerebat.
524 630 611 658 Terra
640 635 733 657 autem
750 630 893 661 universa,
909 629 1011 656 vellere

219 677 341 712 seposito
373 675 497 712 gentium
519 675 734 703 similitttdincm
760 675 811 710 qui
834 674 908 702 dona
925 674 1009 709 spiri-

219 723 304 750 tualia
325 726 518 758 perceperunt,
531 729 596 748 cum
612 721 648 748 iis
666 727 769 748 vacuus
793 720 829 748 sit
844 719 941 752 Israel,
963 718 1012 745 ha-

219 768 274 796 bet.
294 767 372 801 Quod
388 772 415 795 et
426 766 510 794 David
526 773 611 802 parva
627 765 836 802 signiﬁcatione
862 763 1010 796 indicavit,

1059 218 1221 254 δαιμονικὰς
1235 216 1370 249 καθελὼν,
1381 216 1431 248 τὰς
1446 217 1479 243 ἐκ
1489 216 1617 251 πατέρων
1630 215 1855 251 παραδεδομένας

1060 266 1116 296 τοῖς
1131 263 1239 290 ἔθνεσι·
1260 263 1389 297 καθάπερ
1407 263 1422 288 ὸ
1441 261 1558 294 Ἐεδεὼν,
1573 261 1603 293 ὃς
1623 262 1671 288 καὶ
1691 261 1738 287 τὸν
1754 261 1855 296 μόσχον

1061 310 1197 345 προσάγει
1229 309 1275 335 τὸν
1305 307 1428 335 σιτευτὸν
1455 307 1495 343 τῷ
1513 306 1584 342 Θεῷ,
1613 307 1659 334 τὸν
1675 307 1746 342 ὑπὲρ
1777 306 1856 341 ήμῶν

1062 353 1283 391 προσενεχθέντα
1302 353 1487 388 τυπούμενον.

1097 401 1144 434 Τὸ,
1167 400 1273 433 Μαὼζ,
1299 400 1419 431 ’Δκύλας
1446 400 1563 434 ἐξέδωκε
1578 420 1585 432 ,
1613 398 1854 434 κραταιώμαινος⁸

1061 447 1211 484 Σύμμαχος
1225 447 1265 479 δὲ,
1282 446 1437 482 κραταιοῦ.

1095 494 1172 520 Ᾱῑτεί
1191 492 1241 519 καὶ
1259 492 1388 526 δεύτερον
1412 493 1526 526 σημεῖον
1553 492 1593 523 εἰς
1616 492 1666 526 τὴν
1681 492 1728 519 τοῦ
1754 492 1857 527 προλα-

1061 540 1154 571 ϐόντος
1168 539 1323 574 βεϐαίωσιν.
1336 539 1391 565 Καὶ
1408 539 1422 565 ὁ
1433 540 1518 570 πόκος
1533 539 1613 574 μόνος
1633 539 1742 566 ἐδεύετο
1757 541 1797 571 είς
1809 540 1857 567 τύ-

1062 594 1112 611 πον
1126 584 1173 611 τοῦ
1181 584 1302 620 Ἰσραὴλ,
1311 583 1341 616 ὃς
1357 584 1436 619 μόνος
1448 584 1498 618 τῆς
1514 583 1589 616 θείας
1598 584 1719 611 ἀπέλαυε
1735 585 1855 620 χάριτος·

1062 632 1108 657 καὶ
1125 632 1141 667 ἡ
1155 631 1191 666 γῆ
1211 631 1286 658 πᾶσα
1303 630 1385 657 πάλιν
1399 630 1447 658 τοῦ
1468 631 1554 658 πόκου
1565 630 1659 665 χωρὶς,
1679 631 1719 663 είς
1740 631 1791 666 τὴν
1803 631 1858 657 τῶν

1062 677 1148 704 ἐθνῶν
1158 677 1306 712 ὁμοιότητα
1316 677 1371 703 τῶν
1395 676 1551 712 δεξαμένων
1570 678 1621 709 τὰς
1635 677 1684 704 τοῦ
1699 677 1858 712 Πνεύματος

1062 724 1176 760 δωρεὰς,
1199 724 1304 759 ἐρήμου
1337 723 1413 756 ὄντος
1431 723 1479 750 τοῦ
1506 724 1628 760 Ἰσραήλ.
1647 725 1679 751 Ὀ
1701 724 1750 750 καὶ
1776 723 1858 750 Δασὶδ

1063 765 1247 805 αἰνιττόμενος
1261 770 1363 805 ἔφασκε
1371 778 1377 784 ·
1395 779 1404 795 ‹
1415 770 1471 796 Καὶ
1480 770 1666 806 καταϐήσεται
1680 770 1717 801 ὡς
1725 769 1802 801 ὑετὸς
1812 770 1858 796 ἐπὶ

219 816 339 844 dicens:
371 824 380 841 ε
411 813 444 841 Ει
473 812 625 842 descendet
657 811 893 847 quemadmodum
918 810 1010 846 pluvia

1069 817 1160 848 πόκον,
1178 817 1226 843 καὶ
1240 816 1307 843 ὡσεὶ
1324 817 1456 850 σταγόνες
1468 816 1617 849 στάζουσαι
1639 817 1685 843 ὲπὶ
1705 816 1754 851 τὴν
1767 817 1828 852 γῆν,
1846 825 1855 842 ι

220 869 303 897 super
321 861 420 891 vellus.
436 863 464 888 et
486 859 561 887 sicut
588 862 674 894 gutta).
701 857 840 885 stillantes
861 864 944 892 super
957 859 1013 883 ter-

1069 863 1153 898 δηλῶν
1169 864 1198 889 ὲν
1213 862 1253 890 οα’
1263 862 1363 898 ψαλμῷ
1381 862 1430 898 τὴν
1444 863 1516 890 κατὰ
1529 863 1619 898 σάρκα
1637 863 1776 898 γέννησιν,
1792 862 1859 898 ἡσύ-

219 916 278 936 ram
294 907 328 936 °°.
345 916 354 932 ι
372 905 502 934 Ostendit
524 911 592 933 vero
607 903 817 939 septuagesimo
825 902 920 937 primo
936 901 1014 936 psal-

220 961 266 981 mo
302 952 442 980 carnalem
476 950 683 987 generationem
726 947 875 983 tranquille
913 946 1014 973 factam

221 1007 253 1026 ac
274 998 402 1034 mystice.
430 995 490 1024 Non
516 995 592 1023 enim
621 995 710 1022 vellus
739 994 875 1021 detrectat
891 992 1015 1027 recipere

221 1045 356 1082 pluviam,
387 1051 441 1071 non
473 1047 546 1070 terra
576 1044 681 1077 guttas,
705 1040 742 1068 ita
768 1039 879 1067 Domini
905 1045 1016 1073 quoque

223 1093 296 1119 facta
314 1095 356 1119 est
369 1089 525 1124 conceptio.
543 1089 632 1116 Ambo
656 1095 723 1115 vero
744 1086 827 1114 simul
853 1085 1016 1121 complexus

223 1141 265 1164 est
288 1134 374 1162 David
396 1134 528 1169 inquiens
546 1142 551 1160 :
580 1141 589 1158 ι
618 1131 735 1167 Propter
751 1135 858 1167 gentes,
874 1134 902 1157 et
920 1136 1016 1157 serva-

223 1187 267 1210 tos
286 1189 318 1209 ex
336 1181 430 1208 Israel.
449 1189 458 1206 ι

260 1229 351 1256 Deduc
376 1236 420 1255 eos
449 1226 485 1253 ad
512 1234 620 1262 aquam.
649 1224 728 1261 [νη.
745 1223 784 1259 4.]
810 1222 925 1250 Factum
949 1220 1016 1248 illud

224 1283 324 1310 aquam
354 1273 532 1301 lambentium
560 1276 721 1306 temereque
746 1269 947 1300 haurientium,
968 1267 1015 1294 alii

224 1319 338 1354 quidem
369 1318 404 1345 de
436 1316 629 1344 imbecillitate
655 1322 753 1342 eorum
787 1314 1016 1348 interpretantur,

224 1365 305 1402 quasi
322 1365 394 1392 Deus
411 1371 512 1399 segnes
538 1362 698 1397 laborisque
712 1361 889 1397 impatientes
904 1360 1016 1395 delege-

225 1415 272 1440 rit.
290 1413 327 1439 Ac
342 1418 391 1438 eos
405 1409 516 1445 quidem
537 1416 606 1443 quos
623 1415 713 1444 genua
740 1405 889 1439 inﬂectere,
906 1412 939 1432 ac
956 1405 1019 1432 bre-

225 1467 285 1487 vem
301 1458 347 1486 siti
368 1458 449 1484 ﬁnem
474 1456 617 1491 imponere
645 1454 777 1490 piguerit,
802 1452 905 1488 quique
923 1451 1019 1478 timide

226 1513 258 1533 ac
277 1503 456 1533 tumultuarie
472 1501 553 1537 quasi
573 1500 730 1536 rapuerint.
747 1499 809 1532 Quo
824 1498 956 1526 videlicet
973 1501 1018 1524 to—

225 1557 282 1580 tmn
295 1559 364 1587 opus
381 1550 480 1578 divina:
493 1548 588 1583 gratiae
605 1555 669 1575 esse
688 1546 840 1574 videretur.
857 1544 923 1572 Nam
938 1543 1019 1572 Chri-

225 1603 287 1626 stus
304 1604 414 1632 quoque
437 1595 558 1623 inﬁrmis
583 1593 666 1628 hujus
690 1591 807 1625 mundi,
828 1590 1019 1627 piscatoribus

226 1644 347 1672 coriario
381 1642 501 1670 delectis
529 1641 677 1676 appulsum
714 1638 837 1674 gentium
865 1637 962 1665 diruit.
990 1636 1018 1664 ld

226 1690 300 1726 quod
323 1689 410 1718 Isaias
425 1695 538 1724 quoque
564 1687 684 1714 itmuens
700 1685 780 1721 505
800 1684 911 1719 inquit:
931 1693 940 1709 ε
959 1682 1020 1710 Vir-

226 1745 288 1773 gum
309 1737 383 1764 enim
406 1735 575 1770 perﬁdorum
601 1732 771 1761 comminuit
794 1732 828 1763 ⁹¹,
849 1741 858 1757 ›
883 1729 1019 1766 quemad-

228 1782 341 1811 modum
357 1781 402 1809 die
418 1788 451 1808 eo
467 1780 533 1807 iecit
556 1787 612 1814 quo
628 1782 726 1805 contra
743 1776 851 1804 Madian
869 1779 1020 1812 pugnatum

229 1833 284 1858 est.
309 1828 422 1855 Necnon
449 1833 516 1854 vero
531 1824 597 1852 nudi
621 1823 760 1851 Gedeonis
781 1822 892 1850 fuerunt
908 1822 1020 1854 milites,

231 1875 298 1903 nudi
327 1880 437 1909 quoque
462 1871 591 1906 discipuli
619 1878 633 1896 a
656 1869 768 1897 Christo
798 1867 950 1899 amandati,
973 1867 1021 1902 qui

231 1918 428 1947 miraculorum
450 1917 524 1944 faces
551 1923 606 1950 prae
641 1922 671 1942 se
696 1913 830 1946 tulerunt,
847 1912 1021 1949 prmdicatio-

230 1967 330 2001 nisque
351 1965 456 1992 tubam.
484 1963 571 1990 Porro
590 1961 636 1988 alii
653 1959 812 1988 fortitudini
831 1959 1021 1987 lambitionem

230 2013 328 2040 borum
355 2014 543 2038 trecentorum
569 2007 709 2039 tribuunt,
733 2005 797 2033 item
822 2003 1022 2040 temperantiae,

230 2058 375 2086 dicentes:
404 2055 524 2082 Pulchra
546 2053 636 2080 virtus
661 2051 846 2087 temperantia
872 2054 927 2083 est,
950 2050 1024 2078 sicut

229 2108 366 2133 testantur
392 2101 509 2130 trecenti
530 2098 670 2128 Gedeonis
698 2098 767 2126 socii
784 2097 833 2133 qui
855 2096 1023 2124 Madianitas

230 2151 410 2186 subegerunt.

1065 917 1119 944 χως
1133 908 1284 943 γενομένην
1300 907 1346 934 καὶ
1364 907 1559 943 μυστικῶς.οὑ
1575 908 1657 943 ψοφεῖ
1675 908 1741 942 γὰρ,
1757 908 1788 934 οὐ
1808 907 1858 934 πό-

1066 963 1113 986 κος
1126 955 1273 991 δεχόμενος
1290 955 1379 988 ὑετὸν,
1398 955 1429 981 οὺ
1453 954 1490 990 γῆ
1506 954 1651 989 σταγόνας.
1668 954 1790 989 Οὕτωςὴ
1807 955 1857 980 Δε-

1067 1002 1185 1037 σποτικὴ
1196 1001 1347 1036 γεγένηται
1364 1000 1506 1037 σύλληψις.
1530 1001 1688 1036 Ἀμφότερα
1702 1000 1731 1027 δὲ
1749 1000 1860 1027 συνέλα-

1067 1047 1114 1073 ϐεν
1127 1048 1142 1074 ό
1158 1047 1253 1080 Acme,
1274 1056 1283 1073 ι
1297 1047 1346 1074 Διὰ
1369 1047 1403 1074 τὰ
1418 1046 1494 1083 ἔθνη,
1517 1047 1564 1074 καὶ
1585 1048 1649 1079 τοὺς
1669 1047 1806 1080 σωθέντας
1829 1047 1859 1080 ὲξ

1073 1092 1190 1127 Ἰσραήλ.
1206 1101 1215 1117 ι

1104 1227 1159 1256 Καὶ
1171 1228 1337 1264 κατήνεγκε
1353 1228 1407 1256 τὸν
1422 1229 1500 1256 λαὸν
1512 1230 1556 1262 εἰς
1574 1228 1606 1256 τὸ
1624 1229 1714 1263 ὕδωρ.
1740 1229 1777 1256 To
1795 1230 1860 1265 περὶ

1068 1275 1123 1302 τῶν
1151 1275 1314 1310 λαψάντων,
1344 1276 1392 1303 καὶ
1419 1275 1475 1311 μὴ,
1502 1275 1639 1311 διαφόρως
1665 1274 1799 1308 ἐδέξαντο.
1828 1276 1861 1302 0t

1071 1322 1120 1357 μὲν
1136 1322 1192 1357 (65)
1211 1322 1348 1356 λέγοντες,
1359 1322 1398 1354 ὡς
1413 1322 1537 1354 ἀσθενεῖς
1550 1322 1649 1355 αὐτοὺς
1662 1323 1708 1350 τὸν
1719 1323 1785 1350 Θεὸν
1801 1323 1861 1350 ἑπι-

1069 1366 1209 1400 λέξασθαι,
1225 1367 1263 1399 ὡς
1276 1367 1372 1399 νωθεῖς
1394 1367 1442 1394 καὶ
1461 1368 1575 1403 ἀργοὺς.
1592 1368 1639 1394 καὶ
1663 1368 1700 1404 μὴ
1717 1367 1862 1403 βουληθέν-

1069 1421 1118 1444 τας
1135 1412 1164 1445 ὲξ
1177 1412 1257 1439 δκνου
1274 1413 1363 1440 κλῖναι
1382 1413 1415 1439 τὰ
1434 1413 1547 1447 γόνατα,
1561 1414 1609 1441 καὶ
1626 1413 1759 1448 σύντομον
1773 1414 1862 1450 πέρας

1070 1459 1206 1486 ἐπιθεῖναι
1225 1460 1257 1494 τῇ
1277 1459 1354 1495 δίψῃ,
1372 1459 1429 1486 ἀλλ’
1453 1459 1492 1491 ὼς
1508 1460 1538 1486 ἐν
1558 1459 1670 1495 θορύὸῳ
1693 1459 1739 1486 διὰ
1761 1459 1862 1487 δειλίαν

1071 1505 1263 1542 ἀρπάζονταςυ
1284 1505 1322 1536 ὡς
1348 1505 1382 1532 ἂν
1407 1505 1438 1532 τὸ
1465 1505 1547 1541 ἔργον
1563 1506 1613 1541 τῆς
1640 1505 1715 1537 θείας
1741 1505 1864 1540 φαίνοιτο

1070 1550 1193 1586 χάριτος.
1210 1550 1266 1576 Καὶ
1280 1549 1401 1585 Χριστὸς
1421 1550 1476 1585 γὰρ
1491 1549 1525 1576 τά
1548 1549 1651 1585 ἀσθενῆ
1676 1550 1724 1576 τοῦ
1747 1550 1861 1586 κόσμου,

1069 1596 1133 1628 τοὺς
1149 1595 1244 1627 ἁλιέας
1264 1594 1319 1622 καῖ-⁵
1332 1596 1378 1623 τὸν
1397 1596 1565 1631 σκυτοτόμον
1588 1596 1794 1631 ἐπιλεξάμενος,
1814 1596 1864 1632 τὴν

1070 1642 1124 1669 τῶν
1139 1642 1223 1669 ἐθνῶν
1233 1642 1365 1669 κατέλυσε
1377 1642 1541 1678 προσϐολήν.
1552 1643 1584 1669 "O
1593 1642 1640 1669 ml.
1656 1642 1743 1678 δηλῶν
1750 1642 1864 1674 Ἡσαΐας

1071 1689 1154 1723 φησί·
1172 1699 1181 1715 ε
1192 1689 1248 1724 Τὴν
1263 1688 1316 1725 γὰρ
1336 1688 1433 1722 ῥάϐδον
1451 1687 1506 1714 τῶν
1521 1687 1708 1715 ἀπειθούντων
1724 1688 1864 1715 διεσκέδα-

1071 1742 1128 1765 σεν,
1149 1743 1158 1759 ι
1176 1733 1214 1766 ὼς
1238 1735 1272 1769 τῇ
1289 1734 1382 1768 ἡμέρᾳ
1396 1735 1430 1768 τῇ
1446 1733 1493 1760 ἐπὶ
1511 1733 1634 1768 Μαδιάμ.
1648 1734 1750 1769 Γυμνοὶ
1764 1733 1818 1769 γὰρ
1837 1733 1864 1760 οἱ

1073 1780 1143 1816 μετὰ
1171 1780 1284 1807 Γεδεών.
1311 1780 1414 1814 Γυμνοὶ
1431 1779 1478 1806 καὶ
1494 1780 1519 1806 οἱ
1549 1779 1625 1815 παρὰ
1641 1780 1762 1816 Χριστοῦ
1791 1789 1864 1815 πεμ-

1072 1826 1185 1862 φθέντες
1208 1825 1368 1858 ἀπόστολοι,
1392 1825 1521 1859 φέροντες
1548 1825 1603 1851 τῶν
1637 1825 1786 1860 θαυμάτων
1814 1825 1865 1857 τὰς

1072 1872 1228 1907 λαμπάδας,
1244 1872 1293 1898 καὶ
1310 1871 1364 1897 τῶν
1383 1870 1572 1906 κηρυγμάτων
1587 1871 1637 1902 τὰς
1652 1871 1818 1906 σάλπιγγας.
1832 1871 1865 1898 οι

1072 1918 1101 1945 δέ
1119 1926 1187 1953 φασι
1205 1916 1273 1953 (64),
1290 1917 1323 1944 Τί
1338 1917 1367 1944 δὲ
1382 1918 1446 1948 τοὺς
1474 1916 1546 1953 μετὰ
1561 1916 1666 1944 Γεδεὼν
1690 1917 1865 1952 τριακοσίους

1072 1965 1135 1996 τοὺς
1152 1963 1293 1999 λάψαντας
1320 1963 1473 1999 ἀνδρικῶς;
1489 1963 1537 1990 καὶ
1560 1962 1642 1990 πάλιν
1657 1962 1726 1998 (65),
1744 1962 1835 1989 Καλὸν
1846 1964 1864 1998 ἠ

1073 2010 1223 2046 ἐγκράτεια
1236 2029 1244 2041 ,
1266 2009 1312 2036 καὶ
1344 2009 1530 2045 μαρτυροῦσιν
1555 2009 1580 2036 οἱ
1604 2008 1676 2044 μετά
1696 2008 1799 2036 Γεδεὼν
1815 2009 1866 2044 τὴν

1074 2055 1187 2091 Μαδιάμ
1199 2056 1410 2092 χειρωσάμενοι.

265 2194 428 2232 Cuiusmodi
442 2200 509 2221 sane
526 2192 560 2220 de
580 2192 633 2220 olla
653 2190 800 2219 hordeacei
820 2189 901 2225 panis
918 2196 980 2224 quae
994 2188 1018 2216 in

1112 2189 1191 2217 Οὓτω
1206 2189 1236 2216 δέ
1252 2197 1325 2221 τινες
1347 2188 1395 2216 καὶ
1410 2188 1444 2215 τὰ
1461 2188 1526 2224 περὶ
1543 2188 1593 2223 τῆς
1612 2187 1727 2222 μαγίδος
1743 2186 1791 2213 τοῦ
1806 2195 1867 2222 κρι-

231 2243 337 2272 somnis
360 2242 418 2269 visa
445 2245 497 2273 est,
528 2239 716 2267 tradiderunt.
742 2236 830 2270 Quam
843 2235 1023 2264 reddiderunt

231 2292 349 2327 reliqui,
375 2289 512 2325 siliginem
540 2291 587 2315 aut
618 2287 785 2322 placentam.
823 2283 860 2310 Ea
891 2283 965 2311 enim
986 2282 1023 2310 si-

231 2345 314 2373 gnum
331 2334 522 2371 temperantia:
538 2337 615 2367 sunt,
633 2332 764 2366 inquiunt
778 2338 841 2366 quae
854 2334 945 2357 castra
964 2329 1021 2356 Ma-

230 2382 397 2410 dianitarum
427 2379 538 2407 devicit.
567 2377 636 2405 Cum
664 2377 691 2404 id
720 2382 784 2403 vero
813 2374 1022 2405 scel-tationem,

230 2436 285 2465 qua
303 2426 458 2455 Madianita:
476 2424 609 2453 lsraelitis
634 2425 699 2451 sunt
715 2421 851 2453 insidiati,
863 2420 991 2448 denotet.

1077 2236 1151 2263 θίνου
1167 2236 1251 2271 ἄρτου
1270 2236 1320 2271 τῆς
1335 2236 1364 2262 ἐν
1377 2235 1474 2270 ὀνείρῳ
1488 2233 1651 2270 παρέδωκαν
1661 2242 1669 2249 ο
1685 2234 1719 2269 ἣν
1733 2233 1867 2266 ἐξέδωκαν

1077 2283 1102 2310 οι
1121 2283 1230 2315 λοιποὶ,
1244 2281 1343 2316 δλυραν
1367 2281 1384 2316 ἢ
1407 2280 1567 2316 κολλυρίδα.
1593 2279 1684 2307 Ταῦτα
1707 2279 1762 2315 γάρ
1786 2287 1868 2314 φασιν

1077 2327 1244 2364 ἐγκρατείας
1254 2328 1405 2363 τεκμήριον
1420 2326 1470 2362 τῆς
1487 2325 1606 2361 νικώσης
1622 2325 1672 2361 τὴν
1693 2323 1868 2361 παρεμϐολὴν

1076 2374 1208 2409 Μαδιάμ·
1226 2373 1241 2400 ό
1262 2373 1389 2409 σημαίνει
1419 2373 1559 2409 πορνείαν,
1576 2371 1610 2399 δι’
1640 2369 1674 2407 ἧς
1701 2371 1868 2407 ἐνήδρευσαν

1077 2417 1152 2447 οὗτοι
1176 2419 1222 2447 τὸν
1247 2419 1368 2456 Ἰσραήλ.

272 2472 421 2501 Lambendi
454 2478 547 2499 autem
564 2468 741 2501 exercitatio,
757 2467 981 2502 qualemcunque
1006 2466 1147 2494 sanctitati
1164 2465 1250 2494 facem
1278 2465 1411 2500 priebere.
1426 2464 1493 2492 Nam
1513 2469 1540 2492 et
1561 2463 1685 2499 virgines
1697 2455 1734 2490 ‘m
1747 2461 1872 2497 Evange-

268 2560 290 2576 ¹¹¹
308 2559 409 2595 Ephcs.
430 2566 460 2588 ll.
480 2558 523 2585 l4.
563 2556 585 2572 '°
602 2555 675 2583 Psal.
693 2562 778 2585 uxu,
795 2553 822 2581 6.
861 2554 882 2569 ⁵¹
901 2553 954 2581 lsa.
971 2560 1010 2584 tr,
1026 2553 1052 2579 4.

995 2610 1114 2638 nona.
1171 2595 1174 2598 ’

271 2665 328 2700 (65)
348 2661 589 2700 Τὸνῗρεοδώριτομν
617 2660 725 2700 πάντως
753 2658 913 2690 αἰνίττεται,
936 2655 967 2684 οὗ
979 2656 1026 2683 τὸν

234 2695 296 2729 νοῖλν
309 2695 449 2728 αὑτολεέεὶ
464 2695 559 2732 σχεδον
571 2695 722 2732 ἐκτίθησιν.

271 2727 326 2771 (οι)
343 2736 372 2776 ’ρ
384 2727 518 2776 μαζιαὺζ.
532 2733 560 2759 ὲν
574 2730 612 2766 τῷ
626 2727 735 2764 sem.
754 2728 811 2756 σελ.
837 2727 900 2756 515.
928 2727 977 2761 τῆς
997 2727 1025 2753 ἐν

234 2772 332 2807 Παρισ.
349 2770 439 2796 ὲκδόσ.

271 2807 326 2841 (63$)
349 2806 379 2832 ὐ
392 2803 477 2836 Αὐτὸς
491 2802 574 2841 ὲν-Ιίὶ,
588 2799 732 2841 167._oe_).‘._
749 2799 812 2841 ,
834 2797 904 2825 οὕτω
915 2805 921 2812 ·
945 2796 1027 2824 καλὺν

233 2834 393 2879 ἐκγρᾶτεια,
405 2840 452 2866 καὶ
469 2834 591 2866 ἠπειθέιω
607 2845 636 2863 σε
649 2834 741 2868 Δαῦὶδ,
754 2835 845 2868 ἡνίκα,
862 2842 905 2862 xv.
921 2840 1027 2869 μεμνη-

1079 2665 1124 2682 ται
1139 2656 1166 2682 δὲ
1186 2656 1200 2681 ὁ
1219 2653 1351 2687 Ναζιανζ.
1367 2653 1413 2680 τοῦ
1424 2651 1529 2681 Γεδεὼν
1543 2653 1590 2680 καὶ
1608 2653 1637 2679 ὲν
1650 2651 1689 2688 τῷ
1699 2652 1726 2685 '5,
1740 2651 1800 2686 λογ.
1814 2651 1871 2679 σελ.

1080 2691 1125 2721 57.
1135 2690 1222 2725 λέγων
1234 2698 1244 2705 ⁸
1258 2690 1371 2724 λογάδες
1379 2689 1473 2725 κόλίγοι
1485 2687 1709 2725 λάτττονιιεςμιιιτὶΣ
1726 2687 1817 2725 νικᾷνΔ
1829 2695 1875 2713 πι-

1080 2721 1253 2760 στευόμενοι,
1269 2721 1316 2751 καὶ
1327 2721 1459 2760 νικῶντες
1471 2724 1543 2750 κατὰ
1559 2724 1609 2760 τᾲς
1634 2722 1755 2760 ἐλπίδας,
1775 2721 1790 2748 ὀ
1805 2721 1874 2760 ἢρατ

1101 2761 1132 2793 ὺς
1142 2758 1274 2796 ἀριθμὸς,
1292 2761 1341 2796 τὰς
1362 2759 1492 2796 πλείονας
1504 2759 1637 2796 χιλιᾴδας.
1661 2758 1781 2796 Μήτι-γε
1797 2758 1874 2796 οὗνῤ

1082 2771 1132 2823 ﬁt);
1142 2771 1274 2822 αὲιυμος,
1292 2771 1341 2791 τας
1362 2771 1490 2791 πΛειονας
1504 2771 1637 2794 χιλιεωας.
1661 2771 1735 2793 ινιητι
1752 2771 1781 2791 τι
1797 2771 1843 2786 υυν
1858 2771 1874 2785 υ

1109 2805 1158 2831 ροκ
1177 2805 1206 2824 π.
1232 2796 1261 2823 ἐν
1287 2795 1360 2830 ἄλλῳ
1381 2795 1541 2830 ἀντιγράφῳ
1562 2794 1630 2829 ὅπερ
1659 2793 1802 2828 ἀναφέρει,
1829 2791 1875 2820 εὖ·

1083 2840 1149 2868 ρηκε
