2086 3160
207 224 275 256 1063
780 219 1046 250 COMMENTARII
1068 218 1108 248 1N
1127 200 1295 248 Junices.
1755 214 1824 248 1070

206 279 244 308 lio
256 280 331 307 faces
359 282 513 314 gestarant.
543 278 581 305 Ac
609 277 636 306 in
664 283 771 304 summa
789 284 853 302 vero
883 275 968 301 levem
988 274 1106 308 aliquam
1128 273 1238 300 turbam
1262 279 1333 307 saepe
1358 273 1539 306 potentiorem
1559 279 1689 306 superare
1719 270 1822 306 signiti-

206 325 290 351 cavit.

237 367 403 395 Clanxerunt
418 366 508 401 itaque
523 365 587 393 tuba
602 369 653 392 tres
665 364 711 391 isti
729 364 845 390 ordines.
866 361 935 398 [l9.]
956 361 985 388 In
999 365 1055 388 tres
1067 360 1180 388 ordines
1206 364 1346 387 trecentos
1363 358 1471 391 divisit,
1489 359 1572 393 inque
1588 359 1728 386 centurias
1744 359 1821 386 reda.

204 412 254 446 git.
284 410 388 438 Contra
413 400 479 436 vero
505 409 601 436 hostes
620 409 741 442 gentium
770 406 876 439 vulgari
904 412 980 431 more
993 404 1133 431 distributi
1157 404 1184 431 in
1202 411 1257 431 uno
1271 403 1353 438 globo
1365 402 1458 429 cuncti
1473 406 1563 428 erant.
1582 400 1633 433 Qui
1648 402 1730 428 etiam
1759 409 1826 428 voce

206 459 411 491 perstrepentes
427 460 543 487 seseque
562 456 657 478 mutuo
675 450 834 477 territantes
850 448 1027 475 interierunt.

237 488 333 524 Annon
363 504 481 523 racemus
497 494 624 529 Epitrat'm
647 494 734 528 potiar
752 498 790 519 est
806 500 857 518 una
874 491 997 518 Abiezer.

1061 489 1111 522 ‘lll,
1136 489 1178 526 2.]
1198 489 1372 524 ἐπιφυλλίδες
1382 489 1460 523 parui
1476 489 1547 516 botri
1561 493 1637 520 sunt,
1648 488 1696 523 qui
1712 488 1747 516 ob
1764 495 1825 522 par-

207 542 319 568 vitatem
337 540 540 567 vindemiantes
568 538 664 565 latent.
690 537 796 569 Quibus
822 535 943 570 seipsum
964 542 1026 561 cum
1042 542 1091 562 sua
1107 534 1181 561 tribu
1209 533 1335 561 modeste
1360 532 1545 568 comparavit.
1561 530 1627 559 Uvae
1644 539 1710 559 vero
1723 532 1824 558 tribmn

208 585 336 619 Ephraim
352 590 413 618 qua:
429 582 574 611 strinxerit
590 581 692 608 multos

240 629 409 664 Βορκομμὶν
441 629 511 655 κατὰ
535 629 583 663 μὲν
608 627 766 663 Σύμμαχον,
783 627 813 652 ai
841 625 1013 660 τριϐολοιολ

1077 623 1234 658 Βορκομμῖν
1260 622 1306 657 qui
1337 622 1488 649 secundum
1514 622 1708 658 Symmachum
1733 620 1828 648 tribuli

210 676 281 703 κατὰ
292 676 320 702 δὲ
341 674 464 706 Ἀκύλαν,
484 673 695 708 τραγάκιινθαι.

1063 672 1121 698 unt.
1137 667 1287 695 secundum
1307 667 1435 702 Aquilam
1452 675 1517 694 vero
1532 667 1720 702 τραγάκανθα.

251 720 371 755 Ἓφοὺδ,
386 721 512 756 μαντεῖον
529 719 545 754 ῆ
561 718 681 745 εἴδωλον.

1084 713 1186 746 Ephud.
1201 713 1253 748 [7.]
1267 712 1414 740 Oracnlum
1432 720 1480 740 seu
1497 713 1612 740 idolum.

245 767 370 800 Ἀνδρας
387 755 496 798 κενοὺς
511 765 559 792 καὶ
581 763 816 799 θαμὸουμένους.
834 762 992 798 Σύμμαχος.

1089 758 1164 784 Viros
1177 757 1293 792 perditos
1307 762 1332 784 et
1349 757 1480 791 stupidus.
1505 757 1564 793 ΗΧ,
1581 756 1621 793 4.]
1637 755 1828 791 Symmachus,

210 811 365 847 ἁπράγους
380 811 429 838 καὶ
453 809 726 844 ἀπονενοημένως.
739 809 882 835 Δεδοίκασι
901 808 955 842 γὰρ
970 806 994 833 οἱ

1061 803 1167 838 inpares
1187 808 1213 830 et
1237 803 1355 830 timidos.
1381 802 1489 830 Titnent
1508 803 1580 830 enim
1607 801 1722 829 maleﬁci
1741 802 1828 837 legum

212 857 360 892 κακοῦργοι
373 857 423 892 τὴν
435 857 467 882 ὲκ
483 855 574 891 νόμων
590 856 771 890 ἐπιστροφήν.

1061 848 1232 883 lisciplinam.

247 891 367 937 Ἄφεῖσα
380 891 437 936 τὴν
449 901 592 935 ποιότητά
603 908 680 935 ,κου’
693 899 843 932 τουτέστιν,
854 898 890 925 Οὐ
902 898 997 932 δέομαι

1076 893 1149 920 Num
1175 894 1269 919 relicta
1289 891 1446 927 pinguedine
1470 900 1537 919 mea.
1563 891 1614 927 [9.]
1638 891 1693 919 lloc
1709 897 1761 924 est,
1777 901 1829 919 non

212 948 376 975 ἐπεισάκτου
391 948 486 982 τιμῆς,
501 946 607 973 οἴκοθεν
618 946 718 981 ἔχουσα
735 945 782 972 καὶ
801 945 833 971 ὲκ
852 944 908 971 τῶν
925 943 997 971 ἰδίων

1061 947 1116 974 lpus
1132 939 1218 966 habeo
1231 939 1336 966 honore
1352 938 1486 970 ascititio,
1502 945 1583 973 quem
1598 939 1787 970 vernaculum,
1803 944 1830 966 et

213 993 339 1028 καρπῶν.

1061 993 1082 1011 ex
1101 985 1169 1012 meis
1182 984 1318 1012 fructibus
1334 984 1431 1012 habeo.

255 1036 388 1068 Ἐξέλθοι
405 1036 464 1070 πῦρ
488 1035 521 1062 ἐκ
543 1034 599 1069 τῆς
614 1034 745 1070 ῥάμνον.
762 1034 822 1069 Πῦρ
839 1034 892 1069 γὰρ
909 1033 998 1069 ἀγαθὴ

1080 1030 1241 1066 Egi-edimur
1265 1031 1334 1065 ignis
1364 1038 1397 1057 ea;
1424 1031 1544 1059 rhanmo.
1570 1030 1640 1067 [20.]
1670 1030 1741 1066 Ignis
1758 1030 1831 1056 enim

215 1084 367 1118 παρασχεῖν
379 1082 433 1109 τῶν
447 1081 533 1114 ξύλων
545 1081 615 1109 ἐστι.

1061 1077 1123 1112 igua
1144 1078 1215 1104 bona
1227 1081 1317 1112 potest
1332 1077 1456 1104 reddere.

246 1147 282 1174 Et
297 1147 463 1173 collocarunt
494 1147 518 1173 ei
540 1147 589 1173 uiri
613 1145 762 1173 Siehemitw
787 1144 912 1172 insidias.
940 1142 1017 1180 ['25.]
1035 1141 1070 1169 Ut
1092 1142 1166 1170 enim
1192 1141 1330 1177 Iosephus
1353 1141 1447 1173 tradit,
1476 1142 1543 1169 urbe
1566 1141 1655 1176 ipsum
1673 1146 1831 1176 exegerunt.

214 1192 250 1217 At.
263 1198 326 1217 cum
342 1190 400 1217 suis
416 1189 655 1216 commilitonibus
672 1189 768 1216 urbem
784 1187 930 1224 atlligebat,
944 1188 1012 1215 adeo
1029 1191 1057 1213 ut
1075 1194 1109 1214 ne
1124 1185 1200 1214 foras
1214 1185 1324 1221 quidem
1341 1185 1541 1212 vindemiatum
1560 1183 1670 1220 prodire
1687 1185 1831 1212 auderi-nt.

216 1234 294 1267 Quod
312 1237 367 1260 tam
385 1234 432 1261 diu
449 1234 484 1260 ab
503 1241 535 1261 co
552 1233 666 1265 factum,
692 1232 755 1260 dum
775 1233 930 1268 principum
950 1239 1022 1259 unus
1051 1230 1117 1257 Gaal
1134 1230 1246 1257 nomine
1261 1230 1346 1261 venit,
1373 1230 1606 1264 securitatemque
1621 1229 1744 1263 praebuit.
1764 1228 1831 1254 Nam

218 1278 374 1306 convivium
399 1277 536 1311 agitantes
562 1277 664 1311 apertis
685 1277 822 1303 conviciis
836 1284 898 1303 eum
914 1275 1093 1310 proscindere
1117 1282 1172 1301 non
1189 1277 1253 1300 sunt
1268 1273 1357 1301 veriti.
1373 1272 1427 1299 Alii
1444 1280 1554 1308 quoque
1566 1272 1705 1308 principes
1724 1273 1834 1299 clande—

219 1322 303 1349 stinis
318 1320 429 1351 insidiis
446 1320 505 1348 loca
518 1321 622 1348 circum
644 1320 739 1347 urbem
757 1324 995 1355 praeoccuparunt.
1021 1319 1155 1346 Caeterum
1175 1317 1386 1345 Sichemitarum
1417 1316 1528 1352 quidam
1546 1317 1675 1351 princeps
1693 1315 1777 1343 Zebul
1793 1316 1834 1342 di-

219 1369 282 1393 ctus
298 1372 360 1391 cum
378 1364 479 1391 faveret
497 1363 654 1390 Abimeleco
678 1364 769 1389 omnia
785 1363 902 1389 consilia
928 1367 1023 1389 contra
1039 1362 1128 1396 ipsum
1147 1362 1225 1391 inita.
1242 1361 1381 1396 verbaque
1402 1362 1503 1396 quibus
1520 1361 1586 1388 Gaal
1618 1360 1725 1393 plebem
1743 1360 1836 1387 irrita-

220 1413 307 1440 verat,
321 1408 465 1436 inrlicavit.
479 1407 652 1441 insidiasque
671 1406 724 1433 sub
742 1406 809 1433 urbe
821 1406 959 1433 collocare
983 1405 1136 1432 admonuit.
1153 1405 1190 1433 Se
1209 1406 1282 1432 enim
1301 1404 1382 1432 facile
1400 1413 1597 1439 persuasurum
1614 1403 1680 1432 Gnal
1695 1409 1723 1431 ut
1739 1409 1834 1431 contra

220 1453 310 1486 ipsum
339 1451 509 1485 egrediatur,
532 1450 633 1485 inquit,
651 1457 707 1484 quo
734 1450 842 1477 sublato
871 1456 967 1484 pacem
995 1449 1067 1475 inter
1090 1449 1181 1482 ipsum
1205 1448 1366 1484 plebemque
1382 1457 1412 1476 se
1435 1449 1574 1484 stipulari.
1598 1449 1746 1484 Postquam
1772 1455 1837 1474 vero

219 1495 287 1522 Gaal
313 1493 445 1529 fugitivus
458 1493 549 1521 factus
569 1499 620 1526 est,
638 1493 723 1520 Zchul
740 1500 801 1520 cum
827 1493 967 1528 republica
983 1492 1123 1526 transigit,
1146 1496 1175 1518 ut
1193 1492 1315 1518 mollitiei
1332 1496 1490 1525 accusatus,
1509 1493 1577 1519 urbe
1593 1493 1730 1527 ejiciatur.
1750 1489 1836 1519 Porro

222 1537 360 1564 Abimelec
372 1538 483 1571 cognito
496 1538 659 1564 Sichcmitas
679 1541 792 1572 postero
820 1537 864 1563 die
884 1536 1082 1563 vindemiatnm
1102 1536 1204 1562 exiisse
1220 1537 1299 1567 urbe,
1316 1536 1426 1564 insidiis
1447 1536 1506 1563 suis
1521 1536 1689 1570 interceptos
1717 1537 1838 1563 intente-

221 1581 293 1608 cioni
317 1581 400 1608 dedit.
425 1581 516 1608 Tertia
536 1581 636 1608 etenim
657 1581 797 1608 exercitus
814 1585 902 1608 turma
925 1585 1019 1616 portas
1034 1580 1178 1614 occupavit
1195 1580 1280 1610 urbis.
1295 1580 1390 1615 eisque
1420 1581 1560 1608 introitum
1589 1580 1753 1607 interclusit.
1769 1580 1839 1606 Alii-

221 1631 275 1659 quc
307 1624 410 1651 interea
422 1624 489 1651 caedi
512 1624 656 1651 vacabant.
682 1623 822 1658 Quotquot
839 1631 904 1651 vero
920 1625 1021 1658 passim
1047 1624 1173 1658 dissipati
1193 1630 1350 1658 evaserant,
1373 1633 1436 1652 cum
1451 1626 1476 1652 in
1495 1629 1569 1660 petra
1581 1624 1699 1659 quadam
1729 1624 1837 1651 excelsa

222 1667 430 1699 conﬂuxissent,
447 1666 540 1695 sedem
562 1675 643 1702 super
657 1675 688 1694 ea
708 1667 837 1698 ﬁxerunt,
855 1674 972 1702 eamque
993 1675 1072 1695 muro
1088 1669 1201 1703 cingere
1222 1669 1366 1704 parabant.
1382 1670 1443 1705 Ipse
1464 1677 1529 1696 vero
1541 1677 1603 1696 cum
1628 1669 1654 1696 in
1671 1676 1718 1696 eos
1732 1668 1837 1700 ivisset.

223 1712 361 1747 tignisque
374 1712 552 1747 nndiquaque
567 1711 808 1743 circumdedisset,
823 1711 939 1746 primam
955 1711 1014 1746 ipse
1028 1711 1176 1740 admolitus
1190 1720 1302 1740 martum
1316 1721 1411 1741 omnes
1426 1713 1533 1741 ﬂamma
1549 1714 1679 1741 coniecit.
1698 1713 1757 1747 Ipse
1774 1720 1839 1739 vero

224 1763 332 1789 pinnam
351 1763 428 1782 suam
455 1756 482 1782 in
497 1756 697 1790 expugnatione
711 1754 806 1783 Bethel
822 1755 882 1782 luit.
901 1754 940 1782 Ac
957 1755 1038 1783 ambo
1056 1755 1166 1791 quidem
1182 1755 1325 1792 parricidii
1341 1757 1369 1785 in
1385 1756 1520 1785 cheonis
1536 1757 1631 1785 liberis
1653 1756 1766 1784 admissi
1782 1763 1840 1783 me-

225 1800 307 1827 ritum
325 1799 460 1826 dcdcrunt
477 1799 656 1834 supplicium.

260 1865 315 1892 Kal
330 1864 444 1898 ηὔξατο
465 1863 582 1899 Ἰεφθάε
598 1864 694 1898 εὐχὴν
711 1864 751 1897 τῷ
773 1864 881 1898 Κυρίῳ.
904 1864 1006 1898 Ἐπαγ-

1087 1864 1122 1891 Et
1145 1867 1306 1901 nuncupavit
1329 1865 1426 1901 Jeplite
1459 1871 1547 1894 uotum
1572 1865 1683 1893 Domino
1698 1865 1756 1901 [Xl,
1781 1864 1840 1901 50.]

225 1910 320 1946 γελιας
344 1910 425 1937 τοῦτο
446 1910 593 1945 θερμότης,
612 1911 658 1937 καὶ
683 1910 762 1946 νίκης
782 1910 853 1946 ἔρως
883 1911 1008 1945 ἀπεγνω-

226 1956 340 1990 σμένης,
369 1955 534 1991 ὲμὸαλόντος
564 1955 639 1990 αὺτῷ
663 1955 711 1982 τοῦ
739 1956 846 1982 Σατανᾶ
872 1955 1008 1990 προφάσει

225 2002 389 2037 κηδεμονίας
405 2002 598 2037 προσενεγκεῖν
615 2001 710 2028 θυσίαν
722 2000 894 2036 παράνομον,
907 2000 945 2032 ὡς
962 2001 1009 2027 καὶ

225 2048 282 2079 τοῖς
292 2047 356 2082 περὶ
371 2047 417 2073 τὸν
435 2047 521 2082 ’Λδὰμ
536 2046 672 2081 προφάσει
688 2046 842 2078 διανοίξεως
859 2046 1010 2081 ὀφθαλμῶν

226 2092 276 2127 τῆς
293 2092 403 2127 ὲντολῆς
420 2092 470 2127 τὴν
486 2091 654 2126 παράόασιν.
668 2091 700 2118 Τί
714 2091 768 2126 γὰρ
788 2091 821 2118 ἂν
833 2091 938 2126 γένοιτο
960 2091 1010 2124 τῆς

226 2137 353 2173 τοιαύτης
370 2138 454 2173 εὐχῆς
472 2138 672 2172 ἁσεὸέστερον;
692 2138 771 2172 Ἐνῆν
787 2138 840 2172 γὰρ
856 2138 1010 2173 ἀπαντῆσαι

227 2184 275 2209 καὶ
290 2183 368 2215 κύνα,
382 2183 428 2208 καὶ
439 2182 532 2214 ἴπττον,
546 2181 593 2208 καὶ
606 2181 676 2213 ὄνον,
691 2182 738 2207 καὶ
753 2181 887 2216 κάμηλον,
902 2182 948 2208 καὶ
960 2182 1011 2208 ὅσα

227 2228 299 2258 εἰκὸς
315 2226 465 2261 κεκτῆσθαι
484 2226 530 2253 τὸν
555 2226 674 2262 πλήθους
695 2226 847 2262 κρατοῦντα
870 2226 1009 2255 τοσούτου.

234 2272 315 2299 Ἀλλὰ
330 2273 377 2299 καὶ
393 2272 486 2304 κακῶς
500 2272 660 2308 εὐξάμενος,
682 2271 785 2303 πιστῶς
801 2271 834 2298 τὸ
851 2273 1011 2309 συντυχικὺν

227 2319 278 2345 οὐκ
295 2318 416 2352 ἐδέξατο,
439 2318 499 2346 οὐδὲ
512 2319 559 2345 τοῦ
576 2318 702 2354 Ἀὃραὰμ
721 2317 843 2354 ἐζήλωσε
868 2319 917 2354 τὴν
935 2319 1012 2345 εὐσέ-

228 2365 316 2392 6ειαν.
327 2363 367 2392 Ἦ
383 2364 437 2400 γὰρ
458 2365 491 2391 ἂν
509 2365 555 2392 καὶ
569 2365 618 2399 τὴν
635 2364 719 2399 κόρην
741 2362 824 2399 εἶχεν,
847 2364 885 2395 ὡς
910 2365 1012 2396 ἐκεῖνος

227 2413 274 2438 τὸν
290 2413 357 2444 υἱὸν,
373 2412 419 2438 καὶ
440 2411 486 2438 τὸν
510 2412 559 2446 τῆς
573 2411 712 2442 εὐσεϐείας
729 2411 834 2445 μισθόν.
850 2410 906 2437 Νῦν
919 2410 948 2437 δὲ
964 2410 1012 2436 καὶ

228 2457 259 2483 τὸ
273 2458 322 2492 τῆς
341 2457 423 2492 εὐχῆς
448 2457 660 2492 ἀπερίσκεπτον,
678 2456 726 2483 καὶ
749 2456 781 2483 τδ
806 2456 857 2491 τῆς
873 2456 1013 2487 εὐσεϐείας

228 2503 335 2538 νεκρόν.
353 2503 383 2529 ’0
398 2503 447 2537 μὲν
462 2503 517 2537 γὰρ
528 2502 577 2537 τὴν
603 2502 650 2528 τοῦ
665 2501 760 2534 παιδὸς
778 2501 874 2528 Θυσίαν
901 2501 956 2527 οὐδ’
971 2502 1012 2532 εις

1058 1909 1210 1939 Promissio
1230 1911 1288 1939 haec
1312 1912 1397 1940 nimis
1427 1915 1469 1940 est
1495 1911 1612 1944 fervida,
1635 1919 1724 1946 exque
1746 1918 1842 1938 amore

1059 1955 1212 1991 desperata:
1239 1957 1362 1984 victoriae
1392 1956 1525 1986 proiecta.
1559 1956 1703 1992 Suggessit
1733 1963 1798 1983 vero
1815 1957 1841 1983 ei

1060 2002 1178 2031 Satanas
1196 2004 1289 2039 gloria:
1303 2008 1433 2038 praetextu
1448 2007 1476 2030 ut
1493 2003 1547 2031 Deo
1572 2003 1710 2030 victimam
1728 2002 1779 2037 legi
1797 2002 1843 2029 nd-

1060 2056 1166 2076 versam
1180 2049 1346 2082 immolaret,
1364 2049 1593 2083 quemadmodum
1608 2048 1742 2075 Adamum
1773 2055 1842 2083 quo-

1060 2101 1113 2129 que
1126 2094 1270 2122 oculorum
1293 2094 1502 2129 aperiendorum
1527 2097 1674 2129 praetextu,
1699 2094 1731 2121 ad
1755 2093 1840 2120 divini

1061 2138 1183 2166 mandati
1201 2139 1445 2173 transgressionem
1464 2138 1588 2166 adduxit.
1611 2138 1680 2172 Quid
1701 2138 1774 2166 enim
1790 2139 1841 2165 hoc

1062 2188 1126 2211 voto
1143 2184 1229 2219 magis
1258 2184 1370 2219 impium
1399 2192 1461 2212 esse
1478 2188 1572 2219 queat,
1588 2191 1649 2212 cum
1662 2191 1758 2211 canem
1772 2191 1840 2218 qun-

1062 2237 1126 2264 que,
1143 2235 1169 2257 et
1179 2238 1291 2265 equum,
1308 2235 1336 2256 et
1357 2230 1476 2263 asinum,
1492 2234 1520 2257 et
1536 2230 1682 2262 catnelnm,
1704 2234 1751 2256 aut
1766 2229 1840 2255 aliud

1062 2275 1201 2310 quidpiam
1217 2275 1288 2310 quod
1305 2279 1441 2302 tantarum
1459 2276 1602 2310 copiarum
1617 2274 1749 2302 victorem
1763 2273 1844 2309 506

1063 2321 1203 2356 possidere
1216 2321 1357 2356 probabile
1370 2325 1440 2353 erat,
1457 2321 1565 2348 obviam
1580 2321 1641 2348 dari
1661 2321 1769 2348 inisset.
1786 2320 1838 2347 Ve-

1063 2374 1122 2394 rum
1143 2367 1216 2394 sicut
1239 2367 1339 2393 malum
1366 2366 1431 2394 fecit
1459 2371 1563 2400 votum,
1591 2367 1628 2394 ita
1651 2374 1745 2394 casum
1761 2374 1841 2393 suum

1064 2419 1159 2446 parum
1174 2416 1334 2440 constanter
1348 2413 1421 2446 tulit,
1446 2420 1535 2448 neque
1551 2413 1699 2440 Abrahami
1712 2413 1842 2447 pietatem

1063 2458 1184 2484 imitatus
1214 2462 1266 2485 est.
1295 2458 1372 2485 Licet
1394 2459 1466 2486 enim
1488 2459 1606 2493 puellam
1631 2459 1756 2487 habuerit
1772 2458 1843 2485 sicut

1065 2503 1111 2530 ille
1125 2503 1222 2536 lilium,
1246 2503 1374 2538 idemque
1390 2504 1501 2539 pietatis
1523 2503 1676 2539 praemium,
1691 2508 1784 2531 votum
1800 2506 1844 2529 ta-

228 2549 291 2575 νοῧν
308 2548 460 2581 ἐνεϐάλετο,
483 2547 592 2579 ἀνάξιον
607 2547 684 2573 τοῦτο
700 2547 814 2582 νομίσας
830 2546 908 2578 Θεοῦ,
927 2555 1012 2582 προσ-

1066 2556 1127 2575 men
1150 2548 1211 2582 ejus
1237 2549 1410 2576 temerarium
1436 2554 1488 2582 est,
1521 2549 1685 2585 pietatisque
1717 2547 1844 2575 cadaver.

227 2593 338 2628 ταχθεὶς
356 2593 385 2619 δὲ
399 2593 449 2619 οὐκ
466 2592 614 2627 ἐμέλλησεν
625 2600 633 2606 ·
648 2592 663 2618 ὁ
686 2592 715 2618 δὲ
740 2592 889 2626 καθύϐρισε
906 2592 953 2618 καὶ
976 2592 1010 2626 τῇ

228 2640 294 2675 εὐχῇ
309 2639 355 2666 τὸν
366 2639 444 2672 Θεὸν,
459 2639 507 2665 καὶ
519 2639 552 2673 τῇ
566 2638 611 2665 τοῦ
627 2638 742 2670 πένθους
755 2638 879 2673 ἀπιστίᾳ.

227 2685 316 2712 duxit.
334 2685 450 2721 Imperio
461 2692 526 2712 vero
540 2685 601 2720 ejus
617 2684 742 2718 adactus,
766 2692 819 2712 non
833 2690 876 2713 est
891 2690 1045 2714 cunctatus.

228 2731 331 2758 doloris
347 2731 528 2765 impatientia.

261 2777 316 2804 Καὶ
332 2778 350 2812 ἡ
363 2776 487 2812 θυγάτηρ
501 2775 562 2808 ἀξία
578 2775 684 2810 γίνεται
698 2775 745 2802 τοῦ
762 2776 874 2811 πατρός.
894 2777 930 2804 Οὐ
955 2777 1010 2812 γὰρ

228 2822 338 2858 ἔστερξε
356 2822 406 2857 τὴν
427 2822 520 2857 εὐχὴν,
536 2822 567 2848 οὐ
595 2821 645 2857 τὴν
659 2821 758 2856 εὐσεΰῆ
777 2822 936 2857 προσφορὰν
962 2824 1012 2856 τῆς

227 2869 329 2903 θνητῆς
343 2869 415 2903 ζωῆς
430 2868 610 2903 προετίμησε,
625 2868 787 2903 πικρότερον
799 2868 899 2900 παντὸς
912 2868 1010 2904 θρήνου

227 2915 277 2948 τὴν
292 2915 439 2950 παρθενίαν
458 2913 627 2950 πενθήσασα,
654 2914 753 2950 μᾶλλον
768 2913 797 2940 δὲ
815 2914 864 2950 τὴν
885 2914 945 2949 Θεῷ
961 2914 1009 2940 θυ-

1064 2595 1203 2623 Abraham
1220 2596 1321 2623 etenim
1340 2597 1388 2623 lilii
1414 2597 1618 2629 mactationem,
1635 2603 1692 2623 rem
1708 2594 1764 2622 Deo
1776 2593 1846 2621 indi-

1064 2648 1145 2675 gnam
1174 2641 1233 2668 fore
1259 2642 1422 2674 arbitratus,
1450 2650 1588 2677 nunquam
1608 2642 1636 2668 in
1661 2640 1784 2668 animum
1802 2639 1847 2666 in-

1064 2688 1113 2715 llic
1128 2696 1191 2716 vero
1214 2689 1381 2716 contumelia
1405 2690 1488 2717 Deum
1521 2689 1621 2723 altecit,
1654 2695 1680 2717 et
1712 2694 1787 2720 voto,
1819 2689 1846 2713 et

1099 2775 1169 2802 Filia
1185 2783 1294 2810 quoque
1309 2776 1368 2811 ipsa
1381 2776 1465 2812 digna
1476 2781 1554 2812 patre
1568 2777 1614 2810 lit;
1628 2781 1692 2804 voto
1706 2778 1846 2805 enimnon

1064 2821 1216 2856 acquievit,
1236 2829 1287 2849 nec
1311 2822 1432 2850 victimae
1454 2823 1615 2858 religionem
1629 2842 1636 2855 ,
1656 2823 1711 2850 vita
1735 2824 1845 2850 mortali

1065 2874 1173 2895 summa
1186 2868 1340 2896 acerbitate
1355 2868 1545 2904 virginitatem
1561 2870 1709 2896 lamentata
1726 2869 1844 2904 priorem

1066 2913 1174 2948 habuit,
1190 2914 1245 2941 imo
1264 2922 1328 2942 vero
1346 2913 1402 2943 Deo
1414 2915 1553 2943 victimam
1576 2914 1676 2943 oil‘erre
1704 2919 1746 2942 est
1771 2921 1840 2941 cnn-
