2086 3160
246 221 312 255 1071

245 283 314 307 tata.
339 279 514 314 Quapropter
537 288 600 307 cum
632 288 683 308 nee
709 280 755 308 illa
785 281 860 313 ﬁlio.
882 289 934 309 nec
959 285 1076 319 patcrA

247 326 406 353 Abrahamo
417 326 613 360 respondet-et,
631 327 704 354 Deus
720 327 939 355 immolationem
963 328 1034 354 hanc

246 371 320 398 sicut
338 370 412 397 illam
431 377 485 398 non
502 369 659 405 prohibuit.
677 370 764 399 Porro
779 371 911 399 exhibent
927 372 965 399 illi
977 373 1039 407 qui-

247 418 309 446 dem
335 417 362 444 iu
381 417 467 445 Deum
490 418 608 450 ﬁduciae,
631 417 659 444 hi
679 425 755 450 vero,
773 422 838 445 vota
863 425 918 445 non
935 421 1040 445 temere

247 471 309 492 esse
337 464 482 496 facienda,
509 464 638 499 factaque
669 471 777 491 summa
805 463 949 492 alacritate
978 471 1040 491 esse

247 510 442 546 persolvendo.
457 509 595 544 Quocirca
614 517 666 537 nec
688 513 752 537 ante
767 510 858 545 ipsuut
871 529 879 541 ,
904 517 955 537 nec
978 514 1040 545 post

249 565 263 584 θ
280 557 333 593 piis
351 556 511 592 huiusmodi
536 555 610 583 facta
636 561 679 583 est
695 556 820 583 victima.
845 555 934 583 Probe
956 563 1039 583 nove-

248 607 315 630 runt
329 604 404 629 enim
424 601 499 636 quod
515 601 589 628 Deus
606 609 657 629 nec
674 601 840 637 postulavit,
856 608 907 628 nec
923 605 978 628 tam
991 601 1040 627 de-

249 646 407 674 testandam
423 647 566 674 victimam
586 647 723 682 suscepit.
741 646 808 673 Nam
825 654 881 674 non
895 646 931 674 ob
944 650 1038 673 votum

248 693 368 721 victoria
389 694 514 724 obvenit.
536 701 629 720 verum
652 697 682 719 ιιι
698 693 792 720 lsraeli
808 693 926 728 injurias
951 691 1039 720 factas

249 747 312 767 esse
334 739 514 767 manifestum
537 739 627 770 ﬁeret,
655 747 736 774 quem
761 739 884 773 judicem
909 739 1039 774 supplicii

248 785 367 813 vocavit.
386 784 498 813 Minime
537 785 638 813 etenim
663 790 776 820 propter
797 791 888 812 votum
904 783 1039 820 injustum

249 830 380 858 lsraelem
407 831 505 866 inique
526 831 634 866 perire,
665 831 887 866 injuriarumque
905 833 1036 857 auctores

249 879 363 905 vincere
384 878 583 905 conveniebat.
606 877 708 905 Verum
731 877 777 904 ille
794 877 906 911 quidem
926 876 963 904 ob
987 876 1038 903 iui-

248 924 380 959 quitatem
400 923 453 950 voti
469 931 566 957 poenas
582 923 640 956 dat,
651 923 754 958 Deique
770 922 888 958 populus
905 921 1038 950 servaba-

249 976 305 1003 tur,
321 978 353 997 ac
379 970 543 1004 iniuriarum
573 970 738 1004 supplicium
759 969 931 1004 pertulerunt
953 967 1041 1003 impii.

284 1017 371 1044 Porro
390 1017 415 1043 in
437 1016 484 1043 illo
503 1024 509 1042 :
534 1024 543 1041 ι
562 1014 594 1042 Et
615 1016 707 1042 factus
725 1020 768 1043 est
789 1015 901 1042 Domini
922 1014 1040 1049 spiritus

249 1071 332 1098 super
349 1061 446 1097 Jephte
454 1062 488 1095 ",
508 1071 518 1088 ι
541 1061 733 1090 censiderabis
749 1061 821 1096 quod
844 1061 900 1096 jam
916 1060 997 1088 modo
1015 1060 1042 1086 in

249 1109 446 1143 magistratum
471 1107 637 1138 transierat.
662 1115 694 1134 ac
717 1111 816 1135 contra
839 1106 934 1134 hostes
960 1104 1043 1140 paulo

249 1158 316 1181 ante
330 1154 451 1180 victores
469 1153 635 1184 iusurrexit,
655 1160 687 1178 ac
702 1151 821 1187 proinde
838 1151 955 1186 spiritus
974 1157 1042 1177 con-

250 1200 410 1227 ﬁrmatione
431 1199 584 1234 indigebat.
605 1199 661 1226 Nec
676 1205 744 1226 vero
762 1199 796 1225 ob
810 1198 869 1225 leve
884 1197 974 1232 ipsius
992 1204 1042 1224 vo-

249 1251 308 1273 tttm
330 1246 441 1279 indicit,
461 1253 512 1273 nec
532 1241 569 1273 oli
593 1245 706 1279 generis
723 1244 912 1274 nobilitatem,
933 1251 983 1271 nec
1007 1243 1043 1270 oh

249 1293 314 1321 vita:
336 1298 402 1320 ante
422 1296 492 1319 actae
503 1291 695 1328 splendorem.
712 1291 769 1318 imo
785 1298 836 1317 nec
858 1290 949 1325 ipsum
970 1290 1043 1318 Deus

249 1339 277 1366 in
297 1339 349 1365 hoc
363 1337 501 1365 excitasse
516 1336 632 1369 dicitur,
647 1336 733 1364 semel
750 1343 815 1363 vero
835 1335 986 1363 excitatum
1008 1335 1042 1362 ad

246 1386 351 1420 justam
366 1383 513 1411 victoriam
530 1387 573 1410 est
586 1383 747 1410 comitatus.

284 1430 356 1458 Sunt
374 1437 460 1464 porro
475 1428 524 1463 qui
544 1429 615 1456 bene
635 1428 699 1455 huic
719 1427 795 1457 facto
809 1429 970 1456 ominantes
987 1432 1043 1455 tra-

248 1477 330 1509 dunt,
344 1475 417 1511 quod
437 1475 492 1502 ﬁlia
506 1474 606 1511 Jephte
620 1474 787 1509 praeﬁnitum
800 1475 853 1503 sibi
864 1474 963 1502 mortis
973 1480 1043 1502 tem-

249 1531 300 1558 pus
323 1527 501 1558 exspectare,
526 1528 559 1548 ac
575 1529 605 1548 su
623 1521 678 1548 Deo
703 1521 847 1548 victimam
865 1520 966 1548 adduci
982 1528 1042 1548 nta-

249 1569 345 1601 Iuerit,
365 1576 449 1603 quam
467 1569 555 1603 patris
570 1571 664 1595 votum
689 1567 809 1595 mendax
824 1567 914 1595 reddi.
929 1566 963 1594 Et
978 1574 1042 1594 cum

247 1617 288 1644 rei
301 1623 416 1644 sensum
439 1615 594 1651 ignoraret,
611 1614 726 1650 ﬁgurant
746 1621 834 1642 sacrae
851 1614 983 1642 salutaris
997 1621 1043 1641 ex-
1056 1629 1079 1660 ο

247 1662 333 1698 plevit
359 1662 487 1689 victimae.
516 1662 555 1688 Ac
578 1661 616 1688 ita
646 1668 714 1688 sane
748 1660 965 1695 reprehensione
988 1660 1042 1688 hoc

248 1707 351 1735 factum
368 1712 453 1735 curet.
464 1706 567 1734 Verum
585 1706 706 1734 semelid
717 1705 820 1733 factum
839 1706 1042 1742 estzdeineeps

248 1753 272 1780 si
289 1752 376 1785 fieret,
389 1759 576 1787 nequaquam.
594 1751 622 1779 Id
636 1751 710 1779 enim
741 1759 806 1779 cum
835 1751 1042 1786 signiﬁcatione

248 1799 341 1833 aliqua
365 1796 468 1824 factum
487 1804 543 1824 non
561 1803 609 1831 per
625 1803 735 1823 onmem
757 1799 866 1823 aetatem
893 1795 961 1831 legis
986 1796 1041 1822 vim

247 1843 367 1870 obtinet.
384 1843 422 1869 Ac
446 1843 472 1868 in
496 1842 595 1877 primis
623 1841 734 1876 quidem
752 1848 815 1868 eum
835 1840 910 1868 Deus
935 1841 1040 1868 clarttm

249 1889 386 1916 feceritse
402 1894 576 1922 nequaquam
594 1887 716 1914 victimis
734 1886 867 1914 delectari
884 1886 1040 1914 hominum.

286 1933 493 1961 l’hnrathonita.
509 1931 578 1969 [XIL
597 1931 655 1968 13.]
669 1931 741 1960 Urbs
760 1933 788 1960 in
809 1937 943 1959 montano
960 1933 1041 1959 Attia-

249 1981 302 2008 lec.

285 2025 372 2053 Morte
394 2026 541 2053 moriemur
558 2025 685 2060 quoniam
701 2024 786 2052 Deum
809 2025 935 2052 vidimus.
957 2024 1040 2061 [ΧΠΙ.

247 2072 306 2109 22.]
332 2072 498 2107 Suspicatus
514 2076 558 2099 est
575 2070 671 2099 Mauoe
696 2078 752 2099 non
778 2071 918 2106 angelum,
943 2079 1039 2098 verum

248 2116 334 2144 Deum
351 2123 382 2143 se
401 2116 516 2143 vidisse.
538 2115 676 2148 Quocirca
702 2114 847 2142 victimam
867 2123 923 2142 non
942 2115 1039 2143 eodem

248 2160 302 2187 loci
325 2159 436 2192 obtulit,
459 2166 556 2186 verum
586 2166 670 2194 super
689 2163 771 2194 petra
793 2166 856 2194 qua:
873 2159 1041 2194 signiﬁcavit

248 2204 403 2231 Christum.
426 2203 461 2230 At
477 2203 525 2238 qui
541 2203 669 2238 angelum
684 2210 748 2231 esse
760 2205 883 2239 cognito,
901 2204 993 2231 denuo
1010 2211 1040 2231 se

249 2251 335 2278 Deum
357 2249 461 2277 vidisse
475 2249 568 2277 dixit?
585 2248 635 2277 Vel
660 2251 687 2276 in
712 2249 802 2284 legato
822 2244 970 2286 legantern,
998 2249 1039 2277 vel

249 2296 341 2332 magni
362 2295 474 2324 consilii
491 2295 620 2330 angelum
632 2295 656 2311 ”
677 2296 778 2323 innuit.
800 2295 848 2323 Dei
862 2303 928 2324 vero
944 2304 1039 2324 vocem
1057 2311 1081 2341 υ

248 2350 321 2375 esse,
345 2341 412 2370 illud
431 2341 506 2377 quod
529 2349 630 2369 nomen
647 2341 775 2370 indicare
793 2347 915 2375 recns-at,
936 2343 1038 2378 arguit.

250 2387 317 2414 Item
332 2386 408 2423 quod
423 2385 592 2413 miraculum
613 2385 685 2413 idem
699 2386 775 2421 quod
793 2391 858 2414 ante
875 2387 980 2415 Jacobo
1003 2388 1043 2416 di-

249 2440 324 2460 c.uin
346 2436 401 2464 est,
420 2431 537 2459 indicat.
558 2431 767 2467 Quapropterei
784 2435 920 2467 tanquam
934 2431 990 2460 Deo
1001 2433 1043 2460 vi-

247 2480 360 2507 ctimam
376 2479 456 2506 litare
474 2482 518 2507 est
530 2478 670 2514 dignatus.

281 2524 419 2551 Caeterum
445 2523 544 2551 mulier
569 2523 631 2551 viro
658 2523 769 2551 videtur
794 2524 985 2558 praestantior,
1010 2532 1042 2553 ac

249 2568 311 2596 ideo
324 2568 414 2604 primo
432 2568 457 2595 ei
474 2568 546 2596 visio
565 2568 696 2604 obtingit,
714 2575 746 2595 ac
770 2576 819 2604 per
841 2576 901 2596 eam
925 2571 1041 2598 maritus

248 2615 372 2646 demum,
383 2622 465 2650 quem
485 2614 559 2641 bono
571 2614 666 2642 animo
680 2622 742 2642 esse
761 2614 849 2648 jubet.

285 2658 374 2686 Porro
386 2659 516 2687 Samsoni
535 2659 630 2694 capilli
651 2666 747 2687 omnes
757 2659 829 2687 vires
843 2660 1039 2692 conciliarunt.

249 2712 297 2740 per
311 2713 384 2740 quos
396 2709 423 2731 et
439 2705 557 2740 spiritus
569 2713 630 2732 sese
646 2705 766 2733 vibravit
780 2714 864 2741 super
874 2706 978 2742 ipsum.
993 2707 1040 2735 Sic

246 2752 330 2779 etiam
351 2759 416 2779 ctttn
440 2752 519 2778 Anna
537 2757 630 2779 votum
651 2757 853 2788 nuncupasset,
875 2753 898 2780 si
917 2759 1037 2789 pareret,

277 2829 300 2844 "
315 2827 405 2857 Judic.
428 2836 457 2862 tt,
469 2828 515 2856 29.
554 2828 577 2845 °‘
591 2828 644 2857 lsa.
659 2837 744 2863 xxxii,
760 2830 806 2858 '29.

916 223 1075 255 PROCOPI
1081 223 1092 253 Ι
1107 223 1229 254 GAZEI

1818 220 1886 252 1072

1092 279 1153 306 σίαν
1169 279 1360 315 προσάγεσθαι
1383 278 1546 314 μέλλουσαν.
1564 277 1647 304 Ὅθεν
1675 277 1705 303 οὐ
1723 276 1823 304 κωλύει
1835 280 1886 312 τὴν

1093 326 1200 361 σφαγὴν
1215 326 1229 351 ὁ
1246 326 1322 356 Θεός.
1351 324 1421 352 Οὗτε
1443 325 1498 360 γὰρ
1529 324 1599 360 αὕτη
1616 323 1686 350 κατὰ
1711 323 1757 350 τὸν
1779 324 1884 354 Ἰσαὰκ,

1091 371 1153 398 οὕτε
1173 371 1241 398 κατὰ
1254 372 1299 398 τὸν
1315 371 1443 407 Ἀϐραὰμ
1454 371 1468 397 ὁ
1485 371 1590 406 Πατήρ.
1606 370 1738 404 Γεγόνασι
1748 369 1776 396 δὲ
1797 369 1887 404 παρά-

1090 419 1192 453 δειγμα
1217 419 1242 444 οι
1270 415 1329 452 μὲν,
1347 419 1387 449 εἰς
1412 417 1480 444 Θεὺν
1499 417 1630 448 πίστεως,
1658 417 1683 442 οἱ
1706 415 1746 447 δὲ,
1777 415 1815 451 μὴ
1831 415 1888 442 δεῖν

1091 464 1220 500 εὔχεσθαι
1240 463 1399 499 προπετῶς,
1412 464 1459 491 καὶ
1473 463 1521 490 τοῦ
1540 464 1594 490 δεῖν
1613 463 1740 497 ἀσμένως
1752 462 1888 489 ἐπιτελεῖν

1091 511 1164 546 ἇπερ
1183 519 1225 542 τις
1239 509 1353 545 ηὔξατο.
1376 509 1530 546 Τοιγαροῦν
1555 509 1618 536 οὔτε
1643 508 1697 544 πρὸ
1709 508 1803 541 αὑτοῦ,
1826 508 1887 534 οὔτε

1093 556 1152 592 μετ’
1168 556 1249 583 αὐτὸν
1279 556 1394 590 τοιαύτη
1417 552 1493 591 πάρά
1520 555 1575 582 τῶν
1598 554 1785 581 είισεὸούντων
1807 554 1888 580 θυσία

1091 602 1248 638 γεγένηται.
1265 603 1383 638 ᾝδεσαν
1405 602 1460 637 γὰρ
1480 601 1616 635 ἀκριϐῶς,
1641 601 1679 633 ὼς
1697 601 1760 627 οὔτε
1786 601 1888 637 ᾔτησεν

1090 650 1104 676 ὸ
1117 649 1195 681 Θεὸς,
1210 648 1272 675 οὔτε
1289 649 1338 684 τὴν
1364 649 1450 683 ἐναγῆ
1465 647 1562 674 θυσίαν
1583 648 1704 680 ἐδέξατο.
1727 647 1765 674 Οὐ
1779 647 1823 674 διὰ
1839 647 1888 681 τὴν

1091 695 1174 731 εὐχὴν
1189 693 1236 722 οὖν
1251 696 1268 730 ἠ
1288 695 1363 729 νίκη,
1378 694 1423 721 διὰ
1439 695 1468 721 δὲ
1486 695 1517 721 τὸ
1532 694 1619 728 δεῖξαι
1639 693 1684 720 τὸν
1700 693 1816 729 Ἰσραὴλ
1833 692 1889 719 ἀδι-

1091 741 1235 777 κούμενον.
1253 742 1302 768 Ὃν
1329 741 1378 767 καὶ
1403 740 1501 776 κριτὴν
1525 740 1576 774 τῆς
1591 739 1671 773 δίκης
1695 739 1835 766 ἐκάλεσεν.
1850 739 1888 765 Οὐ

1091 788 1144 824 γὰρ
1157 787 1192 814 δι’
1207 786 1290 823 εὐχὴν
1307 787 1400 814 ἄδικον
1429 786 1514 821 ἐχρῆν
1538 785 1641 817 ἀδίκως
1665 784 1818 812 ἀπολέσθαι
1844 784 1890 812 τὸν

1098 832 1217 868 Ἰσραὴλ,
1235 833 1282 858 καὶ
1305 832 1416 867 νικῆσαι
1438 832 1502 863 τοὺς
1521 831 1695 862 ἀδικοῦντας.
1711 830 1784 858 nux
1798 830 1812 857 ὁ
1828 830 1889 865 μὲν,

1092 878 1175 913 εὐχῆς
1190 878 1284 905 ἀδίκου
1303 877 1396 904 δίδωσι
1408 877 1505 913 δίκην·
1522 878 1536 903 ό
1559 877 1587 903 δὲ
1603 875 1650 903 τοῦ
1668 876 1737 903 Θεοῦ
1761 875 1824 908 λαὸς
1845 876 1887 901 δι-

1092 924 1221 956 εσώζετο.
1239 924 1294 950 Καὶ
1307 923 1443 959 τιμωρίαν
1461 923 1581 958 ὑπέσχον
1599 922 1656 950 τῶν
1671 923 1850 958 ἀδικημάτων
1865 922 1889 948 οἱ

1060 956 1080 983 Β
1094 969 1249 1005 δυσμενεῖς.

1129 1016 1176 1048 Τὸ,
1195 1025 1204 1040 ι
1232 1015 1358 1050 Ἐγένετο
1389 1015 1437 1042 ἐπὶ
1467 1014 1572 1050 Ἰεφθάε
1594 1014 1704 1050 πνεῦμα
1740 1013 1887 1049 Rupit»),-

1093 1061 1213 1096 νοήσεις,
1229 1060 1267 1092 ὼς
1287 1061 1350 1097 ἄρτι
1372 1059 1516 1097 παρελθὼν
1529 1061 1569 1092 εὶς
1590 1059 1640 1094 τὴν
1662 1058 1750 1096 ἀρχὴν
1779 1059 1825 1086 καὶ
1837 1058 1890 1094 προ

1093 1107 1189 1134 τούτου
1207 1106 1340 1143 κρατοῦσι
1355 1107 1412 1138 τοῖς
1429 1106 1570 1141 πολεμίοις
1579 1105 1793 1140 ἑπανιστάμενος
1803 1126 1811 1138 ,
1824 1105 1891 1131 ἑδεῖ-

1093 1162 1124 1180 το
1137 1153 1185 1180 τοῦ
1201 1152 1461 1190 παραθαρρύνοντος
1479 1153 1645 1187 πνεύματος,
1662 1151 1721 1178 ἀλλ’
1736 1151 1767 1178 οὐ
1783 1150 1828 1178 διὰ
1840 1151 1891 1185 τὴν

1093 1199 1205 1228 εὔκολον
1242 1199 1326 1235 εὐχὴν
1354 1199 1514 1233 ἐπεγένετο,
1537 1197 1600 1224 οὔτε
1626 1198 1680 1233 μὴν
1707 1197 1758 1234 τὴν
1781 1196 1891 1231 γένεσιν

1094 1246 1173 1282 ἔσχεν
1188 1245 1349 1281 ἐπαινετὴν,
1366 1245 1429 1272 οὗτε
1441 1245 1487 1272 τὸν
1501 1244 1555 1280 πρὸ
1568 1244 1618 1279 τῆς
1641 1244 1720 1279 νίκης
1747 1243 1814 1278 βίον,
1831 1241 1891 1269 ἀλλ’

1093 1291 1155 1318 οὔτε
1180 1292 1247 1323 Θεὸς
1269 1291 1351 1318 αὐτὴν
1379 1291 1488 1326 λέγεται
1520 1289 1588 1325 πρὸς
1613 1289 1694 1316 τοῦτο
1714 1289 1888 1324 κεκληκέναι.

1094 1337 1241 1373 Κινηθέντι
1273 1338 1302 1365 δὲ
1339 1337 1413 1370 ἅπαξ
1448 1337 1517 1373 πρὸς
1549 1336 1659 1364 δικαίαν
1683 1336 1763 1372 νίκην
1792 1336 1891 1372 συνήρ-

1094 1392 1168 1419 χετο.

1129 1430 1209 1462 Τινές
1225 1439 1319 1465 φασιν,
1334 1431 1371 1462 ὡς
1385 1431 1402 1466 ή
1419 1429 1467 1457 τοῦ
1486 1429 1592 1464 Ἰεφθάε
1613 1429 1739 1464 θυγάτηρ
1759 1428 1892 1464 ὑπομένει

1093 1476 1139 1503 τὴν
1154 1476 1265 1504 δοθέντα
1291 1475 1354 1503 καθ’
1367 1475 1452 1512 αὐτῆς
1475 1475 1590 1511 ὁρισμόν
1602 1482 1609 1490 ⁵
1626 1476 1674 1502 καὶ
1700 1474 1891 1511 προσαχθῆναι

1094 1522 1174 1558 θυσίᾳ
1197 1522 1257 1557 Θεῷ
1281 1521 1383 1558 μᾶλλον
1408 1523 1542 1557 αἱρεῖται,
1559 1522 1575 1557 ἢ
1592 1520 1748 1556 ψευσθῆναι
1769 1520 1815 1548 τοῦ
1832 1529 1888 1547 πα-

1093 1568 1157 1604 τρὺς
1181 1567 1232 1604 τὴν
1254 1568 1356 1604 εὐχήν
1368 1568 1415 1595 καὶ
1432 1568 1462 1594 τὸ
1485 1567 1653 1603 δηλούμενον
1672 1566 1809 1601 ἀγνοοῦσα
1820 1586 1828 1598 ,
1843 1566 1890 1593 τὸν

1095 1615 1180 1643 τύπον
1195 1615 1315 1652 ἐπλήρου
1329 1615 1380 1651 τῆς
1398 1616 1474 1651 ἱερᾶς
1495 1615 1543 1642 καὶ
1561 1614 1698 1650 σωτηρίου
1715 1614 1820 1645 θυσίας.
1838 1613 1892 1641 Οὓ-

1095 1671 1135 1689 τω
1158 1662 1213 1698 γὰρ
1236 1662 1297 1689 οὐδὲ
1324 1662 1485 1697 ἐπιτίμησιν
1512 1662 1576 1697 ἔσχε
1599 1661 1630 1688 τδ
1661 1661 1891 1697 πραχθένοπλὴν

1096 1709 1171 1742 ἅπαξ
1200 1708 1338 1744 ἐπράχθη,
1354 1708 1386 1734 ὲκ
1403 1708 1532 1743 δευτέρου
1557 1707 1586 1735 δὲ
1606 1707 1744 1743 οὺδαμως.
1770 1707 1808 1734 οὐ
1836 1707 1892 1741 γὰρ

1095 1754 1157 1781 καθ’
1169 1755 1232 1781 ὅλου
1255 1755 1302 1781 τοῦ
1322 1754 1420 1790 χρόνου
1447 1754 1529 1789 νόμος
1552 1754 1582 1781 τὺ
1598 1754 1666 1790 πρὸς
1681 1754 1796 1790 σημεῖον
1809 1761 1892 1788 γεγο-

1095 1800 1149 1833 νδς,
1167 1801 1214 1827 καὶ
1228 1800 1349 1835 μάλιστα
1364 1799 1433 1827 Θεοῦ
1450 1799 1635 1835 δεδηλωκότος
1647 1799 1781 1836 μηδαμῶς
1794 1799 1892 1835 βεσου-

1094 1846 1194 1882 λῆσθαι
1209 1846 1305 1878 θυσίας
1319 1846 1483 1882 ἀνθρώπων.

1135 1938 1167 1965 '0
1181 1939 1406 1973 φαραθωνίτης·
1425 1937 1502 1970 πόλις
1519 1938 1548 1965 ὲν
1571 1938 1658 1974 ὁρίοις
1682 1937 1819 1974 Ἀμαλήκ.

1131 2025 1254 2058 Θανάτῳ
1266 2025 1510 2060 ἀποθανούμεθα,
1525 2025 1569 2053 ὅτι
1582 2026 1658 2054 Θεὸν
1673 2026 1807 2062 εἴδομεν.
1825 2027 1892 2054 ’Υπ-

1095 2071 1230 2104 ετόπαζεν
1249 2072 1263 2098 ὸ
1286 2071 1386 2099 Μανωὲ
1412 2071 1450 2107 μὴ
1465 2071 1592 2106 ἄγγελον,
1602 2072 1671 2100 ἀλλὰ
1689 2073 1756 2100 Θεὸν
1771 2072 1890 2109 ἑωρακέ-

1094 2127 1149 2145 ναι.
1166 2117 1212 2144 Διὺ
1226 2118 1273 2145 καὶ
1283 2118 1333 2154 τὴν
1344 2118 1440 2146 θυσίαν
1454 2119 1643 2154 προσήνεγκεν
1653 2119 1703 2146 οὐκ
1723 2119 1806 2146 αὐτοῦ
1822 2119 1890 2154 (66),

1094 2163 1164 2198 πρὸς
1180 2163 1209 2190 δὲ
1227 2164 1331 2200 πέτραν
1345 2165 1395 2200 τὴν
1419 2165 1608 2201 σημαίνουσαν
1620 2165 1666 2192 τδν
1685 2167 1708 2192 Χ
1712 2166 1815 2202 ριστὸν.
1830 2166 1891 2197 Πῶς

1093 2208 1121 2235 δὲ
1133 2209 1225 2243 γνοὺς,
1253 2209 1294 2236 ὅτι
1323 2210 1439 2245 ἄγγελός
1457 2211 1532 2243 ἐστι,
1547 2211 1629 2239 πάλιν
1654 2211 1721 2238 Θεὸν
1739 2212 1893 2247 ἑωρακέναι

1094 2256 1197 2292 φησίν;
1215 2256 1250 2282 Ἢ
1272 2257 1302 2283 ἐν
1327 2256 1366 2290 τῷ
1395 2257 1548 2293 πεμφθέντι
1569 2257 1616 2284 τὸν
1633 2258 1792 2294 πέμψαντα,
1807 2258 1825 2293 ἢ
1845 2258 1892 2284 τὸν

1092 2302 1143 2338 τῆς
1159 2302 1281 2338 μεγάλης
1302 2302 1401 2338 βουλῆς
1422 2303 1549 2338 ἄγγελον.
1562 2304 1618 2331 Καὶ
1630 2304 1648 2339 ὴ
1661 2304 1737 2339 φωνὴ
1747 2303 1802 2339 γὰρ
1811 2303 1890 2334 Θεοῦ,

1095 2347 1134 2382 μὴ
1147 2347 1288 2380 ἀξιοῦντος
1315 2349 1403 2375 εἰπεῖν
1427 2348 1557 2384 τοῦνομα.
1585 2349 1640 2377 Καὶ
1667 2350 1734 2377 αὐτὸ
1756 2349 1810 2384 γάρ
1824 2357 1892 2383 φησι

1092 2393 1260 2429 θαυμαστὸν,
1273 2395 1341 2430 ὅπερ
1364 2395 1465 2432 ὲρῤέθη
1493 2396 1627 2432 πρότερον
1651 2395 1759 2423 Ἰακώϐ.
1777 2395 1892 2428 Ἦξίωσε

1094 2440 1123 2467 δὲ
1137 2440 1175 2475 τῷ
1192 2440 1253 2476 Θεῷ
1273 2441 1461 2476 προσάγεσθαι
1474 2441 1524 2478 τὴν
1540 2442 1648 2470 θυσίαν.

1138 2527 1169 2555 'H
1186 2530 1255 2565 γυνὴ
1269 2529 1423 2566 τελειοτέρα
1440 2531 1566 2565 φαίνεται
1579 2531 1628 2558 τοῦ
1652 2531 1759 2568 ἀνδρός.
1776 2531 1824 2558 Διὺ
1846 2532 1893 2558 καὶ

1096 2573 1193 2609 πρώτη
1210 2574 1258 2609 τῆς
1268 2570 1410 2608 ’ὀπτασίας
1428 2577 1569 2612 τυγχάνει,
1580 2577 1627 2603 καὶ
1639 2576 1674 2603 δι’
1686 2576 1773 2612 αὐτῆς
1783 2577 1798 2603 ὁ
1809 2576 1892 2613 ἀνὴρ.

1096 2620 1144 2645 καὶ
1163 2619 1285 2647 διδάσκει
1302 2621 1348 2648 τὸν
1366 2621 1454 2657 ἄνδρα
1469 2621 1595 2658 θαρρεῖν.

1131 2666 1176 2702 Τῷ
1192 2667 1314 2703 Σαμψὼν
1328 2669 1356 2694 αἱ
1372 2668 1466 2704 τρίχες
1481 2670 1532 2704 τὴν
1544 2670 1635 2697 πᾶσαν
1647 2669 1789 2697 ὲνεποίουν
1801 2669 1891 2704 ἰσχὺν,

1094 2711 1131 2738 δι’
1149 2709 1187 2739 ὧν
1200 2714 1247 2739 καὶ
1264 2713 1294 2740 τὸ
1309 2714 1421 2749 πνεῦμα
1443 2714 1615 2750 κατηύθυνεν
1638 2715 1682 2742 ἐπ’
1697 2714 1791 2744 αὐτόν.
1809 2715 1892 2742 Ἀλλὰ

1093 2758 1140 2784 καὶ
1153 2760 1202 2795 τῆς
1220 2760 1322 2796 Ἀννης
1339 2761 1504 2798 εὐξαμένης,
1521 2762 1545 2788 εί
1555 2762 1642 2797 τέκοι,
1658 2761 1771 2799 σίδηρον
1784 2762 1832 2790 ἐπὶ
1841 2762 1893 2799 τὴν

993 2878 1113 2908 ΝΟΤΑΞ.

281 2923 340 2968 (66)
354 2930 435 2968 Αὐτῷ
446 2932 557 2966 πάντως
568 2933 720 2968 ἁναγνωστ.
736 2933 776 2969 τῷ
803 2934 924 2970 ’Δγγέλῳ
946 2935 1038 2972 δῆθεν.
