2086 3160
188 236 257 269 1073

744 239 1013 270 ΟΟΜΜΕΝΤΑΒΙῘ
1032 240 1072 270 IN
1088 240 1255 270 JUDICES.

1750 239 1818 271 ιοτι

187 292 308 327 κεφαλὴν
325 291 374 318 οὐκ
388 291 574 326 ἀναϐήσεσθαι
589 290 636 318 τοῦ
648 291 758 324 παιδὸς,
773 293 902 326 γεννᾶται
922 293 975 319 Σα-

1036 294 1128 321 'erruui
1138 302 1192 320 nou
1208 301 1391 321 ascensurqu
1405 302 1488 329 super
1502 297 1585 329 caput
1599 294 1687 328 pueri,
1699 294 1817 322 Samue-

189 338 275 373 μουὴλ
293 339 307 365 ό
320 337 360 372 τῷ
381 337 493 372 μεγάλῳ
514 337 754 373 παρασαλλόμενος
772 339 886 365 Μωῦσεϊ
901 339 976 374 παρὰ

187 387 227 421 τῷ
242 386 307 421 θείῳ
317 385 409 412 Δαϐίδ.
430 386 499 421 Φησὶ
511 386 576 420 γὰρ,
595 395 605 412 ι
623 386 743 420 Μωῡσῆς
757 387 805 413 καὶ
827 387 932 422 Ἀαρὼν
948 388 978 413 ὲν

188 435 244 464 τοῖς
253 432 373 467 ἱερεῦσιν
385 431 479 463 αὑτοῦ,
494 432 542 458 καὶ
554 432 682 467 Σαμουὴλ
700 433 730 458 ἑν
753 433 810 464 τοῖς
830 433 978 459 ἐπικαλου-

191 480 281 514 μένοις
293 478 324 505 τδ
337 478 422 512 ὖνομα
434 477 527 505 αὑτοῦ.
547 487 556 503 ι
573 477 617 504 Ἑν
632 477 660 504 δὲ
675 478 714 513 τῷ
729 478 862 514 Ἱερεμίᾳ,
881 487 890 504 ι
915 479 979 505 Ἐὰν

155 542 161 546 -
190 525 251 559 στῇ,
278 523 356 557 φησι,
379 522 501 556 Μωῦσῆς
522 522 569 549 καὶ
595 522 722 557 Σαμουὴλ
749 523 803 558 πρὸ
830 522 979 558 προσώπου

192 577 253 603 μου.
269 578 278 594 ι
305 567 388 594 Ἀλλὰ
411 567 459 594 καὶ
485 567 540 594 τῶν
560 566 649 602 Ἰησοῦ
675 567 805 603 μαθητῶν
830 568 859 595 αἱ
884 569 979 603 τρίχες

190 613 354 649 ἠρίθμηντο.
381 613 438 640 Καὶ
459 612 585 648 περὶτοῦ
602 613 631 639 δὲ
655 612 828 648 τριχώματος
846 613 896 648 τῆς
910 614 979 648 νύμ·

191 669 245 695 φης
258 661 286 686 ὲν
295 660 416 695 ’ᾼσματι
431 659 520 693 λόγος.
532 659 624 685 Ἔοικε
632 659 722 685 τοίνυν
732 660 746 685 ό
757 659 831 694 βιοὺς
845 659 978 694 ἀκριόὦς,

192 705 239 732 καὶ
259 704 340 739 μέχρι
356 703 404 730 τοῦ
420 703 549 738 τυχόντος
562 702 634 730 κατά
646 703 692 730 τὸν
702 704 772 729 θείον
783 703 861 737 λόγον
873 703 980 730 ἅπαντα

192 750 322 784 πράττειν
341 748 504 784 βουλόμενος
515 768 523 780 ,
540 748 578 779 ὡς
595 748 673 782 ἅγιος
695 748 742 775 καὶ
764 748 824 783 Θεῷ
838 749 981 784 ἀνακείμε-

192 803 237 826 νος
252 794 382 822 ὲπαινετά
392 794 441 821 καὶ
458 794 556 829 ισχυρὰ
569 794 641 829 ἔχειν
655 795 702 820 καὶ
713 794 748 820 τά
758 791 816 821 οἷον
826 794 981 829 αἰσθήσεως

193 840 360 876 ἀμοιροῦντα
381 840 538 874 θειοτέρας,
559 840 632 874 ἅπερ
658 840 716 867 ἐστὶ
734 840 769 867 τὰ
791 839 980 875 βιοτικὼτερα,

194 887 241 914 καὶ
255 888 288 922 τῇ
300 887 461 922 ἀνθρωπίνῃ
481 886 562 920 φύσει
576 886 621 913 διὰ
634 887 683 921 τὴν
695 886 743 913 τοῦ
756 886 882 922 σώματος
897 887 981 921 ἀνάγ-

195 941 248 968 κην
261 931 538 967 παραλαμϐανόμενα.
552 930 603 958 Ὧν
617 932 631 958 ὁ
648 932 726 966 ἇγιος
744 932 774 959 οὺ
802 934 980 968 καταφρονεῖ,

193 979 232 1009 ὡς
265 978 302 1013 μὴ
331 978 429 1012 ἁγίων.
446 977 526 1010 ’Δξια
552 979 607 1013 γὰρ
633 978 679 1005 τοῦ
704 979 796 1014 μέλειν
815 978 876 1014 Θεῷ
889 987 919 1005 τε
935 979 982 1005 καὶ

193 1024 273 1058 λόγῳ.
290 1024 337 1055 Εἰς
354 1024 434 1055 δόξαν
446 1025 501 1059 γὰρ
513 1024 580 1051 Θεοῦ
595 1025 650 1055 τοῖς
663 1024 752 1058 ἁγίοις
771 1025 818 1051 καὶ
835 1024 864 1050 τὸ
882 1024 983 1051 ὲσθίειν

194 1072 242 1099 καὶ
256 1072 286 1097 τδ
298 1071 387 1098 πίνειν
400 1071 446 1099 καὶ
468 1072 522 1098 πᾶν
535 1072 549 1098 ὅ
565 1080 592 1098 τι
605 1071 735 1099 τοιοῦτον.
757 1072 811 1098 Καὶ
826 1071 983 1107 ἀριθμεῖται

193 1117 281 1144 ταῦτα
298 1117 374 1152 παρὰ
388 1117 458 1153 Θεῷ,
472 1117 509 1150 ὡς
523 1118 553 1143 ὲν
567 1118 625 1149 τοῖς
647 1117 788 1153 Ἀριθμοῖς
803 1118 838 1145 τὰ
855 1118 910 1144 ἀπὺ
932 1126 983 1152 μη-

194 1163 281 1190 νιαίου
310 1163 357 1189 καὶ
375 1163 468 1191 ὲπάνω
485 1163 590 1195 παιδία,
612 1164 641 1190 οὐ
667 1163 776 1191 πάντων
795 1163 982 1198 Ἰσραηλιτῶν,

193 1208 252 1236 ἀλλ’
265 1209 324 1244 ἦτοι
348 1209 482 1240 Λευῖτῶν,
498 1209 514 1244 ἢ
536 1209 605 1243 μόνα
626 1210 660 1236 τὰ
683 1209 844 1245 πρωτότοκα
856 1217 862 1224 ·
879 1207 940 1235 οὔτε
955 1208 984 1234 δὲ

193 1255 309 1286 οἰκέται,
330 1254 394 1281 οὔτε
412 1256 426 1282 ὁ
449 1255 611 1290 ὲπίμικτος,
633 1253 696 1281 οὔτε
715 1255 855 1288 γυναῖκες,
880 1254 941 1280 οὔτε
959 1253 983 1280 οῑ

196 1300 235 1336 μὴ
248 1300 394 1335 δυνάμενοι
407 1300 452 1327 διὰ
477 1301 541 1327 νέαν
561 1299 671 1335 ἠλικίαν
697 1299 797 1332 ἐξιέναι
821 1299 890 1335 πρὸς
906 1299 984 1326 πόλει

196 1355 258 1382 μον.
276 1346 404 1378 Τοιοῦτος
422 1347 537 1378 εἰκότως
551 1346 566 1373 ό
582 1346 720 1381 Σαμουὴλ.

232 1476 295 1507 Πῶς
317 1477 365 1503 ἐπὶ
391 1476 452 1507 ταῖς
473 1475 598 1510 γυναιξὶν
616 1476 665 1502 οὐκ
678 1476 813 1509 ἀφίπτατο
828 1475 860 1502 τὸ
876 1474 985 1510 πνεῦμα

197 1520 245 1548 τοῦ
262 1520 403 1557 Σαμψὼν;
421 1521 457 1548 Ἢ
474 1521 611 1556 θειότερόν
635 1529 660 1547 τι
680 1522 713 1546 τὰ
737 1519 808 1547 κατὰ
828 1520 923 1547 τοῦτον
936 1521 985 1555 δη-

196 1568 248 1594 λοῖ.
263 1567 301 1594 Τὸ
315 1566 364 1602 μὲν
379 1566 434 1602 γὰρ
452 1566 512 1593 ὅλον
527 1566 608 1600 σῶμα
623 1566 670 1592 τοῦ
689 1565 818 1601 Σαμψὼν.
835 1566 916 1601 σῶμά
927 1566 983 1602 (67)

198 1615 257 1641 ἐστι
267 1613 314 1640 τοῦ
327 1612 470 1649 Χριστηῦὴ
490 1613 639 1648 Ἐκκλησία
657 1612 700 1638 διὰ
713 1613 752 1644 τὸ,
766 1623 775 1638 ι
786 1612 880 1647 Ὑμεῖς
888 1613 916 1639 δέ
925 1613 986 1639 ἔστε

200 1660 279 1696 σῶμα
291 1659 410 1695 Χριστοῦ
427 1659 473 1686 καὶ
485 1659 553 1694 μέλη
569 1659 601 1685 ὲκ
614 1659 713 1693 μέρους
726 1667 748 1683 Ἰ
763 1659 855 1694 τρίχες
867 1658 895 1685 δὲ
904 1667 989 1693 κεφα-

200 1706 248 1740 λῆς
277 1705 301 1732 οῑ
324 1704 420 1732 τοιοίδε
453 1704 542 1738 ἅγιοι,
564 1705 610 1732 καὶ
632 1704 745 1740 δύναμιν
772 1704 936 1739 παρέχοντες
949 1704 989 1731 δι-

198 1750 347 1783 δασκαλίας
363 1750 410 1778 καὶ
425 1751 473 1785 τῆς
484 1750 568 1785 ἄλλης
586 1750 724 1782 πολιτείας
749 1750 788 1785 τῷ
802 1750 854 1784 ὅλῳ
869 1749 988 1785 σώματι.

200 1797 333 1833 Ζητοῦσιν
346 1794 393 1824 οὖν
408 1798 432 1823 οἱ
445 1797 589 1830 ἀλλόφυλοι
610 1796 661 1823 ποῦ
676 1797 725 1831 τῆς
740 1796 804 1830 ὅλης
825 1796 989 1829 Ἐκκλησίας

200 1844 217 1879 ἡ
235 1843 361 1877 δύναμις,
379 1842 477 1878 μέχρις
500 1841 533 1868 ἂν
549 1840 666 1875 εὕρωσιν
683 1843 713 1867 ὲν
726 1841 798 1867 τίσιν
814 1841 898 1868 ἐστίν.
918 1841 989 1868 Ἀλλ’

200 1888 261 1914 ὅσον
279 1886 328 1922 μὲν
344 1883 417 1913 οὗτοι
433 1887 465 1921 τῇ
486 1885 634 1920 Ἐκκλησία
646 1886 783 1920 πάρεισιν.
795 1885 868 1912 ἐστιν
886 1886 989 1921 ἀήττη-

201 1931 319 1964 τος,κᾶν
338 1930 506 1966 δεσμεύητατ
532 1930 585 1957 ὑπὸ
610 1930 665 1957 τῶν
692 1931 859 1964 ἀλλοφύλων,
876 1931 989 1967 διαρρη-

201 1976 329 2011 γνύουσιν
352 1976 390 2008 ὡς
410 1975 624 2006 ἀσθενεστάτους
655 1975 717 2007 τοὺς
740 1975 786 2001 ὑπ’
809 1975 922 2002 ἐκείνων
946 1975 989 2002 δε-

203 2023 299 2057 σμούς.
321 2021 404 2048 Ἐπάν
420 2021 448 2048 δὲ
460 2020 543 2053 ὕπνος
563 2021 706 2057 καταλάϐῃ
723 2020 753 2047 τὸ
780 2021 868 2056 σῶμα,
887 2021 934 2048 καὶ
948 2018 989 2053 οἷς

201 2070 231 2096 οὐ
248 2069 300 2104 χρὴ
316 2067 431 2103 ὲκθῆται
448 2066 481 2094 τὰ
498 2067 548 2102 τῆς
563 2067 716 2100 δυνάμεως,
732 2067 793 2093 τότε
810 2066 989 2101 ξυρεϊταικαὶ

201 2116 251 2151 τὴν
274 2114 389 2149 δύναμιν
411 2113 581 2141 ἀποτίθεται.
606 2113 796 2144 Ἀσθενοῦντος
819 2113 849 2139 δὲ
868 2113 916 2139 τοῦ
935 2113 989 2140 σώ-

204 2170 298 2196 ματος,
311 2162 335 2187 οὶ
348 2160 494 2194 ἀλλόφυλοι
507 2159 537 2186 οὐ
552 2159 634 2194 μέχρι
646 2158 694 2186 τοῦ
708 2159 856 2193 ἀφελέσθαι
865 2159 928 2190 τοὺς
938 2159 989 2195 τὴν

202 2207 317 2241 δύναμιν
331 2205 422 2232 αὐτῶν
441 2204 613 2240 παρέχοντας
637 2203 758 2230 ἵστανται
771 2212 778 2218 ·
799 2203 866 2230 ἀλλὰ
891 2204 945 2239 γὰρ
963 2205 989 2231 εῑ

202 2262 254 2280 που
267 2253 314 2279 καὶ
333 2251 487 2287 διορατικόν
500 2259 527 2278 τι
539 2251 582 2287 εἴη
599 2251 647 2278 καὶ
664 2250 711 2283 ὀξὺ
735 2250 842 2286 βλέπειν
868 2251 986 2286 δυνάμει

1029 338 1080 365 leui
1094 339 1192 374 gignit,
1209 339 1257 374 qui
1274 338 1340 366 Mosi
1359 347 1459 374 magno
1475 347 1489 366 a
1507 339 1608 367 Davidc
1625 346 1817 375 comparatur,

1029 384 1119 419 inquit
1140 385 1215 412 enim
1234 394 1241 413 :
1259 395 1268 412 ι
1286 384 1377 412 Muses
1395 389 1422 411 et
1446 386 1537 412 Aaron
1565 385 1637 413 inter
1661 386 1819 415 sacerdotes

1027 431 1100 464 ejus,
1117 430 1228 459 Samuel
1243 432 1314 459 inter
1323 439 1371 459 eos
1384 432 1429 466 qui
1446 432 1683 460 invncantnomen
1695 433 1755 466 ejus
1768 433 1816 459 ⁸⁸.»

1029 476 1116 504 Porro
1133 478 1162 504 in
1176 477 1293 505 Ieremia
1313 486 1320 504 :
1335 486 1344 503 ι
1366 477 1443 509 Quod
1457 477 1480 504 si
1497 476 1597 509 Moses.
1614 478 1717 512 inquit,
1734 483 1818 505 stete-

1029 522 1068 548 rit
1081 530 1143 549 cum
1162 522 1289 550 Samuclc
1303 530 1460 550 coramque
1477 522 1513 548 ".
1531 531 1539 547 ι
1563 522 1621 549 lmo
1639 523 1720 549 etiam
1734 523 1820 550 disci-

1029 567 1157 602 pulorum
1173 566 1239 595 Jesu
1253 568 1347 603 capilli
1363 568 1390 595 in
1408 572 1554 594 numerato
1570 572 1637 594 sunt
1650 568 1683 594 νδ.
1695 567 1731 595 De
1741 575 1820 594 conia

1030 613 1095 641 item
1124 622 1234 648 sponsae
1262 614 1290 641 in
1312 614 1429 641 Cantico
1454 621 1548 641 sermo
1568 617 1613 641 est
1625 614 1659 640 "'.
1688 613 1821 649 Quisquis

1029 660 1103 687 enim
1122 660 1208 687 vitam
1232 664 1364 688 accurate
1382 659 1516 692 instituit,
1541 665 1568 687 et
1582 659 1672 694 quoad
1694 659 1752 686 fieri
1770 667 1819 694 p0-

1031 709 1085 733 test
1097 705 1191 732 omnia
1211 705 1290 740 juxta
1306 705 1430 733 divinam
1453 705 1589 732 rationem
1608 712 1690 740 agere
1706 705 1819 740 expetit,

1031 759 1062 778 ea
1076 751 1160 779 etiam
1185 759 1247 786 qua:
1279 753 1371 779 minus
1401 751 1546 778 divinitate
1571 751 1738 786 participant
1760 755 1821 777 tan-

1031 805 1113 831 quam
1131 798 1172 824 vir
1190 803 1304 825 sanctus
1319 801 1346 825 et
1362 797 1417 824 Deo
1430 800 1506 824 totus
1516 797 1639 829 deditus,
1653 797 1768 824 meliora
1785 797 1823 824 ef-

1032 843 1217 878 ﬁcacioraque
1240 842 1268 870 in
1295 850 1356 870 sese
1372 842 1494 877 experiri
1513 842 1635 869 videtur.
1657 842 1822 877 Cuiusmodi

1032 896 1063 915 ea
1080 892 1145 915 sunt
1157 895 1218 923 qua:
1230 888 1262 915 ad
1279 888 1383 915 victum
1401 888 1551 922 pertinent,
1572 893 1598 915 et
1616 888 1741 923 corporis
1759 896 1823 916 sus-
1854 916 1855 919 η

1033 933 1154 960 tentandi
1172 940 1254 959 causa
1275 933 1436 960 necessario
1448 933 1482 960 ab
1499 932 1659 960 ltomiuibus
1675 940 1824 960 assumun-

1034 985 1088 1009 tur.
1112 978 1192 1014 507
1213 986 1275 1014 quae
1289 986 1323 1005 ne
1343 983 1457 1007 sanctus
1479 979 1592 1014 quidem
1615 982 1748 1013 tanquam
1767 986 1823 1005 mm

1034 1030 1128 1051 sancta
1143 1025 1352 1059 contempserit.
1369 1024 1466 1059 Neque
1477 1024 1551 1052 enim
1567 1024 1678 1058 indigna
1690 1027 1755 1051 sunt
1763 1031 1825 1057 qua:

1034 1075 1047 1094 a
1065 1067 1119 1096 Deo
1137 1072 1166 1095 et
1182 1068 1267 1096 verbo
1282 1071 1425 1095 curentur.
1447 1067 1476 1094 in
1489 1067 1606 1102 gloriam
1622 1068 1696 1094 enim
1712 1066 1761 1093 Dei
1781 1075 1824 1093 cc-

1034 1113 1074 1140 dit
1097 1117 1124 1141 et
1143 1118 1306 1141 sanctorum
1329 1120 1394 1141 esus
1415 1118 1440 1141 et
1460 1117 1553 1148 potus,
1575 1116 1603 1140 et
1624 1112 1760 1148 quidquid
1783 1117 1826 1139 (-st

1034 1159 1204 1194 hujusmodi.
1222 1159 1290 1187 Nam
1307 1168 1340 1187 ea
1358 1167 1470 1195 quoque
1487 1159 1558 1194 apud
1580 1159 1666 1186 Deum
1685 1159 1713 1186 in
1730 1165 1826 1185 nume-

1035 1208 1097 1232 rato
1118 1210 1193 1238 sunt,
1213 1213 1268 1233 non
1288 1206 1380 1233 minus
1396 1212 1478 1240 quam
1501 1206 1528 1231 in
1556 1204 1686 1232 Numeris
1701 1203 1724 1220 "
1747 1205 1824 1238 pueri

1035 1257 1156 1277 mensem
1173 1254 1219 1277 aut
1230 1258 1313 1286 supra
1330 1251 1403 1278 natis
1419 1257 1472 1277 non
1485 1249 1671 1278 Israelitarum
1687 1250 1824 1279 omnium.

1034 1301 1129 1321 verum
1144 1299 1192 1321 aut
1211 1294 1381 1327 Levitarum,
1409 1299 1457 1322 aut
1470 1294 1658 1330 primogeniti.
1675 1294 1764 1322 Porro
1775 1303 1827 1322 nec

1035 1338 1130 1366 l‘atnuli
1145 1347 1196 1367 nec
1215 1340 1355 1375 indigena,
1372 1348 1422 1368 nec
1437 1340 1579 1372 mulieres,
1601 1348 1691 1375 neque
1710 1341 1746 1368 ob
1759 1344 1827 1367 arta-

1035 1385 1070 1412 tis
1087 1386 1262 1413 teueritatem
1279 1386 1406 1413 militiam
1424 1386 1545 1414 obeundi
1562 1387 1657 1422 inepti.
1675 1386 1752 1414 Talis
1770 1393 1826 1413 non

1036 1432 1176 1459 immerito
1185 1431 1298 1460 Samuel
1315 1433 1404 1460 videri
1416 1433 1507 1461 debet.

1070 1477 1126 1505 Cur
1137 1485 1202 1505 vero
1221 1485 1275 1505 non
1298 1486 1383 1513 super
1401 1478 1531 1506 mulieres
1547 1478 1662 1512 spiritus
1682 1477 1827 1506 Samsonil

1036 1522 1165 1554 recessit,
1184 1522 1249 1555 quia
1265 1522 1412 1550 sublimius
1426 1522 1558 1557 quiddam
1580 1530 1625 1549 res
1639 1522 1730 1556 ipsius
1742 1523 1827 1557 signi-

1037 1568 1165 1596 ﬁcabant.
1185 1567 1285 1596 Totum
1306 1569 1407 1596 etenim
1432 1567 1576 1596 Samsonis
1599 1576 1700 1603 corpus
1725 1568 1826 1597 Christi

1001 1627 1022 1656 ο
1039 1619 1139 1646 corpus
1154 1612 1278 1639 Ecclesia
1301 1617 1353 1644 est,
1371 1612 1450 1647 juxta
1465 1613 1532 1639 illud
1557 1621 1564 1639 :
1582 1621 1590 1638 ι
1611 1612 1668 1639 Vos
1682 1621 1748 1640 vero
1763 1621 1827 1640 cor-

1040 1666 1092 1694 pus
1107 1658 1176 1686 estis
1188 1658 1304 1690 Cltristi,
1323 1664 1350 1686 ct
1373 1659 1499 1686 membra
1512 1667 1545 1687 ex
1561 1665 1637 1694 parte
1648 1660 1682 1687 ".
1701 1670 1712 1686 ι
1729 1659 1830 1695 Hujus-

1041 1704 1114 1731 modi
1130 1712 1195 1731 vero
1215 1704 1305 1740 capilli
1324 1705 1416 1732 sancti
1436 1709 1513 1737 sunt,
1534 1713 1566 1732 ac
1581 1712 1679 1733 omnes
1694 1710 1830 1740 quotquot

1040 1752 1114 1779 vires
1128 1751 1288 1785 disciplinte
1300 1758 1332 1778 ac
1352 1750 1439 1778 totius
1454 1751 1665 1786 gubernationis
1696 1752 1745 1778 toti
1766 1759 1829 1779 cor-

1041 1796 1098 1831 pori
1121 1796 1307 1831 suppeditant.
1331 1796 1478 1830 lnquiruut
1511 1796 1596 1831 igitur
1623 1795 1760 1824 Palaestini
1799 1805 1830 1823 ac

1041 1842 1134 1869 hostes
1155 1841 1285 1868 Ecclesia
1309 1841 1422 1868 ubinam
1437 1841 1522 1869 totius
1534 1841 1665 1869 Ecclesiae
1686 1842 1758 1870 vires
1775 1843 1831 1869 sint

1041 1888 1187 1919 abstrusam
1201 1888 1289 1914 donec
1310 1895 1358 1914 eos
1376 1887 1403 1914 in
1422 1887 1525 1921 quibus
1550 1891 1625 1920 sttnt,
1642 1888 1831 1923 deprchende-

1040 1933 1107 1959 riut.
1124 1931 1259 1959 Caeterum
1271 1932 1392 1966 quandiu
1408 1931 1454 1959 isti
1470 1932 1601 1960 Ecclesiae
1615 1937 1679 1960 sunt
1692 1933 1829 1966 adjunt‘ti,

1040 1978 1098 2013 ipsa
1111 1978 1220 2012 penitus
1235 1981 1278 2004 est
1290 1977 1401 2009 invicta,
1415 1978 1468 2005 etsi
1498 1972 1573 2005 enim
1586 1978 1612 2005 in
1628 1978 1738 2005 vincula
1753 1986 1767 2004 a
1780 1978 1831 2005 Pu-

1040 2022 1154 2050 laastinis
1168 2022 1343 2057 conjiciatur.
1362 2022 1396 2048 ab
1415 2022 1449 2050 iis
1464 2023 1575 2050 vincula
1595 2030 1646 2050 ceu
1668 2023 1830 2050 inﬁrmissi-

1039 2074 1084 2095 ma
1109 2072 1285 2102 rumpuntur.
1301 2066 1511 2101 Quamprimum
1541 2075 1606 2094 vero
1626 2076 1739 2095 Somnus
1766 2069 1831 2095 illud

1039 2122 1140 2150 corpus
1153 2115 1267 2150 ceperit,
1287 2121 1319 2141 ac
1337 2114 1370 2142 iis
1385 2114 1488 2149 quibus
1511 2115 1624 2142 minime
1649 2115 1832 2149 conveniebat

1039 2161 1111 2189 vires
1129 2168 1193 2189 suas
1205 2160 1390 2196 prostituerit,
1406 2161 1537 2188 tondetur
1547 2168 1580 2188 ac
1593 2161 1647 2187 vim
1657 2168 1735 2188 suam
1750 2162 1831 2187 amit-

1037 2208 1081 2236 tit.
1092 2207 1159 2234 Cum
1177 2215 1243 2234 vero
1257 2214 1359 2241 corpus
1375 2207 1489 2241 languet
1503 2206 1642 2234 Palaestini
1665 2214 1717 2233 non
1734 2210 1787 2233 tam
1801 2209 1830 2232 ut

1040 2252 1111 2279 vires
1127 2251 1150 2278 ei
1169 2251 1293 2277 adimant
1317 2250 1457 2283 laborant,
1472 2257 1554 2285 quam
1571 2255 1601 2277 ut
1633 2250 1661 2277 id
1676 2250 1748 2285 quod
1768 2258 1830 2285 pen-

203 2307 247 2325 νον
269 2299 298 2325 ὲν
319 2297 372 2333 ὅλῳ
390 2297 430 2332 τῷ
456 2296 563 2332 σώματι
588 2297 637 2332 τῆς
656 2295 832 2331 Ἐκκλησίας,
852 2297 931 2323 τοῦτο
944 2297 985 2330 ἐξ·

1041 2295 1160 2329 spicitct
1187 2299 1299 2320 acutum
1321 2294 1411 2321 cernit
1436 2294 1462 2320 iu
1493 2298 1549 2321 toto
1560 2301 1677 2328 corpore
1704 2293 1832 2320 Ecclesia)

203 2344 361 2380 ορύττουσιν
373 2352 383 2360 ι
402 2344 440 2375 ὡς
454 2343 488 2370 ἂν
506 2343 537 2370 τὸ
556 2343 635 2378 σῶμα
646 2342 700 2369 ὑπὸ
715 2343 769 2369 τῶν
789 2343 926 2378 πολεμίων
942 2344 991 2378 ἐμ-

203 2390 346 2424 πιίζηται,
363 2390 444 2425 μέχρι
461 2388 550 2415 καινοί
567 2397 637 2420 τινες
652 2388 713 2414 ἀντὶ
731 2387 786 2414 τῶν
803 2389 989 2423 ἀφῃρημένων

204 2434 366 2461 ἀνατείλωσι
381 2434 432 2469 τῆς
451 2433 624 2468 Ἑκκλησίας,
646 2433 675 2460 ὲν
688 2430 728 2465 οἷς
744 2434 761 2469 ή
784 2433 843 2460 θεία
864 2433 989 2469 δύναμις,

206 2481 348 2515 λεγόμενοι
371 2480 473 2515 τρίχες.
488 2477 540 2507 Ὧν
561 2479 778 2512 ἀνατειλάντων,
799 2480 823 2506 οἰ
844 2479 990 2514 ἀλλόφυλοι

207 2526 395 2553 συντελοῦνται
408 2526 603 2558 ὲπιπίπτοντες
619 2526 712 2557 αὐτοῖς
736 2526 805 2561 μετά
821 2525 876 2552 τῶν
893 2525 991 2552 κιόνων

206 2572 252 2599 τοῦ
275 2572 351 2598 οἴκου
378 2572 490 2603 παντός.
511 2572 543 2599 Et
560 2571 588 2598 δὲ
603 2572 651 2598 καὶ
666 2571 747 2603 αὐτὸς
764 2570 987 2606 παραπολαύσειε

207 2619 239 2652 τῇ
254 2617 301 2644 τοῦ
322 2618 405 2644 οῑκου.
417 2617 464 2643 καὶ
488 2618 520 2652 τῇ
535 2617 590 2643 τῶν
607 2616 765 2651 ἀλλοφύλων
788 2615 930 2651 συντελείᾳ
943 2617 993 2650 τῆς

208 2663 302 2689 ειυτοῦ
314 2662 481 2694 συντελείας,
495 2662 648 2697 πνεύματος
662 2662 766 2698 Κυρίου
778 2661 940 2693 εὖθύναντος
951 2660 993 2688 ἐπ’

209 2708 301 2741 αὑτὸν,
321 2709 369 2735 καὶ
384 2707 471 2735 ταῦτα
490 2707 693 2743 ἐργασαμένου,
706 2707 758 2742 χρὴ
769 2707 892 2740 σκοπεῖν,
909 2706 947 2738 ὡς
963 2707 995 2733 οὺ

1043 2344 1151 2371 eruant,
1168 2347 1200 2366 ac
1215 2346 1317 2373 corpus
1341 2339 1471 2366 hostibus
1491 2339 1663 2366 illudeudum
1680 2338 1830 2373 prtebeant,

1043 2386 1131 2413 donec
1152 2385 1214 2412 novi
1237 2384 1321 2419 aliqui
1337 2384 1435 2411 divina
1451 2384 1556 2411 virtute
1578 2384 1695 2419 praediti,
1720 2383 1766 2419 qui
1783 2391 1830 2411 ca-

1045 2431 1102 2466 pilli
1123 2434 1270 2461 vocantur,
1288 2430 1441 2456 ablatorum
1458 2429 1520 2456 loco
1540 2433 1728 2457 succrescant.
1753 2429 1832 2462 Quod

1046 2477 1068 2505 si
1084 2477 1125 2508 tit.
1141 2475 1278 2503 Palaestini
1308 2475 1508 2508 coniiciuntur,
1524 2479 1637 2510 totaque
1661 2475 1761 2502 domus
1778 2482 1833 2502 una

1045 2531 1107 2551 cum
1125 2522 1265 2549 columnis
1279 2522 1305 2548 in
1323 2526 1406 2556 caput
1423 2522 1548 2556 ipsorum
1565 2521 1657 2548 irruit.
1678 2520 1712 2548 Et
1729 2521 1753 2548 si
1768 2528 1838 2548 vero-

1046 2569 1143 2596 domus
1153 2567 1273 2600 ruinam,
1286 2558 1324 2594 lac
1339 2566 1547 2594 Palmstinorum
1562 2566 1702 2594 interitum
1714 2567 1833 2594 unade-

1046 2614 1178 2650 gustavit,
1190 2619 1259 2640 cum
1271 2612 1378 2639 Domini
1393 2611 1511 2647 spiritus
1527 2612 1554 2640 in
1568 2612 1660 2648 ipsum
1678 2612 1832 2645 incidisset,

1046 2667 1134 2694 eaque
1151 2658 1298 2690 eii‘ecisset,
1321 2658 1556 2686 considerandum
1573 2661 1665 2686 tamen
1685 2662 1738 2690 est.
1757 2657 1831 2693 quod

1047 2708 1108 2740 post
1125 2704 1265 2731 interitum
1278 2710 1332 2730 non
1344 2703 1438 2731 eadem
1456 2702 1616 2732 Palaestinos
1629 2709 1661 2731 ac
1670 2701 1832 2730 Samsonem

245 2798 271 2814 ”
287 2796 361 2825 Psal.
379 2805 472 2830 xcvtu,
491 2796 518 2824 6.
555 2797 579 2813 "
597 2794 700 2824 Jcrcm.
718 2802 761 2828 xv,
778 2795 802 2821 ι.
841 2795 864 2811 ⁶⁶
883 2794 980 2822 Matth.

1038 2794 1083 2822 50.
1121 2793 1146 2810 ³⁸
1165 2792 1245 2820 Cant.
1263 2799 1299 2825 Iv,
1316 2791 1402 2825 t;.vt.
1416 2791 1443 2819 ι.

970 2872 1085 2901 NOTAE.

249 2934 305 2970 (61)
324 2933 376 2962 Τὸν
391 2933 456 2962 ἴδιον
473 2934 610 2969 σύνευνον,
625 2935 654 2963 ὃν
667 2933 793 2967 Ιθαλπεν,
811 2932 840 2959 ὃν
855 2931 1000 2964 ὲθὼπευεν,
1018 2931 1048 2959 ὃν
1064 2930 1137 2959 ὲκολ.
1159 2930 1264 2959 ὀηαῡῂ
