2086 3160
287 230 356 262 1075

947 225 1123 256 PROCOPH
1143 225 1265 255 GAZA‘ZI

1843 224 1910 256 1076

285 290 456 318 manserunt,
474 285 594 320 Spiritus
604 286 677 313 cuitu
698 284 805 311 Domini
822 284 868 318 qui
883 291 966 318 super
978 283 1066 318 ipsum

1125 281 1159 307 τὰ
1179 281 1248 307 αὐτὰ.
1265 280 1333 316 μετὰ
1353 280 1400 316 τὴν
1416 281 1570 308 συντέλειαν
1589 281 1734 308 ἀπόκειται
1755 285 1812 313 τοῖς
1832 281 1909 308 ἀλλο-

283 337 327 361 cst
344 333 472 368 delapsus
492 339 555 359 eum
578 340 632 358 non
651 332 784 359 deseruit.
800 331 866 363 Quae
885 330 978 357 omnia
1001 337 1069 356 sane

284 382 306 409 si
322 381 354 408 ad
371 380 512 407 Christum
527 378 710 405 traducantur
731 385 785 404 non
802 377 871 403 male
890 375 1067 407 convenient,

286 432 383 460 nempe
409 424 496 451 leonis
514 423 678 453 interfectio.
696 422 785 449 mellis
810 421 931 448 inventio
965 421 992 447 in
1023 428 1071 448 ore

284 471 372 506 ipsius
391 469 543 497 cadaveris.
558 468 709 495 Palaastinze
729 468 821 495 uxoris
841 475 901 501 qmc
920 466 1069 494 Ecclesium

285 516 406 552 gentium
425 516 536 542 denotat
553 514 666 542 ambitio
680 534 687 546 ,
705 514 820 541 alterius
842 513 905 540 item
916 533 924 544 .
942 519 1003 547 quae
1020 511 1071 538 fuit

283 563 310 589 in
343 562 410 589 urbe
434 565 574 596 portarum
601 564 628 587 et
642 560 770 587 vectium.
793 559 914 592 Quarum
937 558 1071 593 posterior

283 608 387 635 indicat
402 608 478 643 quod
496 607 529 634 ad
543 607 656 641 spiritus
684 606 710 633 in
735 605 861 633 custodia
890 605 1016 632 detentos
1038 611 1071 630 eo

283 653 356 687 quod
371 653 434 679 olim
463 659 524 679 cum
551 649 656 678 Domini
679 650 871 685 longanimitas
902 648 1071 683 temporibus

283 695 341 723 Noe
352 695 463 730 quando
487 702 580 722 arcam
605 695 755 721 fabricabat
768 694 830 721 illos
845 698 972 721 vocasset
986 713 994 724 ,
1020 701 1070 719 au-

283 747 341 766 rem
357 746 410 766 non
427 739 622 774 praebuissent,
640 738 781 774 prolectus
795 739 855 765 lzeta
877 738 1016 765 nuntiavit
1033 738 1041 752 ¹
1062 757 1071 769 ,

283 792 315 810 ac
329 791 376 818 per
392 783 452 810 illas
468 783 573 810 animas
599 790 633 810 eo
657 783 708 810 loci
725 782 854 817 delapsus
870 781 957 808 dixit:
981 790 990 807 ι
1010 780 1069 808 Non

282 827 458 861 derelinqucs
481 826 600 853 animam
620 833 707 853 meam
732 826 759 852 in
784 825 926 853 inferno’.
947 834 957 850 ι
984 824 1070 852 Porro

283 872 380 899 mulier
399 872 483 899 llalila
512 871 629 906 qua:(si
655 871 844 906 interpreteris
871 870 995 898 ntendica
1010 870 1072 903 est)

282 924 329 944 eos
342 917 460 944 fortasse
476 917 522 951 qui
547 915 663 943 Domino
682 916 717 942 ob
733 920 921 951 paupertatem
945 914 1068 942 insidiati

1124 326 1218 361 φύλοις
1236 326 1282 353 καὶ
1295 326 1334 361 τῷ
1350 326 1480 362 Σαμψὼν.
1495 326 1532 353 Th
1549 326 1603 361 γὰρ
1618 326 1784 353 κατευθύνον
1796 327 1840 354 ἐπ’
1858 327 1909 353 αὖ·

1120 373 1166 399 τὸν
1185 372 1296 407 πνεῦμα
1311 372 1416 407 Κυρίου
1439 373 1468 399 οὐ
1486 372 1646 399 καταλείπι
1667 373 1758 399 αὐτόν.
1780 373 1826 404 Εἰς
1842 374 1911 407 Χρι·

1121 418 1183 445 στδν
1194 418 1222 445 δὲ
1239 417 1438 454 λαμϐανομένῳ
1456 419 1590 452 προσήκοι
1606 418 1639 444 ἂν
1660 418 1774 450 εἰκότως
1785 418 1803 454 ἥ
1820 426 1850 445 τι
1861 419 1908 445 to”)

1121 463 1228 496 λέοντος
1249 464 1399 498 ἀναίρεσις,
1413 464 1460 491 καὶ
1473 465 1489 500 ἡ
1504 463 1552 490 τοῦ
1580 464 1686 499 μέλιτος
1703 464 1812 500 εῦρεσις
1824 465 1854 490 tv
1871 463 1910 499 τῷ

1121 509 1216 536 τούτου
1231 508 1486 543 στόματικειμένου
1502 509 1611 544 νεκροῦ,
1627 508 1674 534 καὶ
1689 509 1706 543 ή
1721 509 1771 543 τῆς
1791 509 1911 543 ἀλλοφί-

1122 556 1169 582 λου
1202 555 1343 590 μνηστεία,
1359 555 1409 590 τὴν
1430 555 1484 581 τῶν
1507 555 1592 581 ἐθνῶν
1619 554 1781 589 Ἐκκλησίαν
1810 555 1912 589 σημαί-

1122 609 1216 632 νουσα,
1232 600 1279 626 καὶ
1295 601 1311 635 ἡ
1324 600 1373 634 τῆς
1384 600 1526 636 δευτέρας,
1556 600 1618 635 ἥτις
1637 597 1670 636 ἦν
1685 601 1715 626 ὲν
1727 600 1803 626 πόλει
1818 600 1910 626 πυλῶν

1123 646 1171 672 καὶ
1183 645 1301 680 μοχλῶν,
1321 645 1402 680 Δηλοί
1414 645 1469 680 γὰρ
1481 645 1522 671 ὅτι
1534 646 1589 676 τοῖς
1606 645 1635 671 ὲν
1651 644 1758 679 φυλακῇ
1770 644 1909 679 πνεύμασι

1123 690 1267 726 πορευθεὶς
1288 691 1438 725 ἐκήρυξεν,
1459 690 1624 724 ἀπειθήσασί
1655 698 1732 720 ποτε.
1751 690 1796 716 ὅτε
1826 690 1911 723 ἀπεξ-

1123 734 1232 768 εδέχετο
1249 735 1266 769 ή
1284 734 1330 760 τοῦ
1357 734 1425 761 Θεοῦ
1451 734 1626 769 μακροθυμία
1652 735 1680 761 ἐν
1703 735 1821 769 ἡμέραις
1836 735 1910 765 Νῶε,

1125 780 1399 816 κατασκευαζομένης
1421 780 1550 808 κιϐωτοῦ.
1568 782 1607 806 Δι’
1620 780 1652 812 ἃς
1665 780 1755 816 ψυχὰς
1770 782 1810 812 είς
1821 781 1910 807 ἐκεῖνο

1124 826 1247 858 καταϐὰς
1270 826 1301 851 τὸ
1328 825 1438 862 χωρίον,
1453 826 1546 859 ἔλεγεν
1559 835 1566 842 -
1586 836 1594 852 ι
1612 826 1674 853 ’Ότι
1691 827 1741 853 οὐκ
1753 826 1912 860 ἐγκαταλεί-

1126 871 1188 905 ψεις
1206 870 1255 906 τὴν
1268 870 1358 906 ψυχήν
1374 879 1425 906 μου
1444 871 1484 902 εἰς
1497 870 1571 906 ᾅδου,
1588 879 1597 896 ι
1617 870 1672 897 Καὶ
1691 869 1725 896 τὰ
1742 870 1806 905 περὶ
1819 870 1848 896 δὲ
1863 870 1912 903 τῆς

1123 916 1219 950 τρίτης
1232 916 1362 950 γυναικδς
1379 915 1487 948 Δαλιδὰ,
1507 916 1567 951 ἥτις
1597 915 1779 950 ἑρμηνεύεται
1794 917 1913 950 πτωχεύ-

282 966 356 993 sunt.
371 963 505 997 signilicat
523 969 604 996 quam
619 961 655 989 ob
668 968 779 988 causam
797 968 844 988 eos
855 960 950 987 dilexit
963 967 1060 987 eorum

1127 969 1204 992 ουσα,
1224 960 1288 992 τοὺς
1306 960 1351 987 διὰ
1370 960 1508 995 πτωχείαν
1525 960 1590 991 ἴσως
1611 959 1782 995 Ἰσραηλίτας
1801 960 1912 987 ἐπιϐου-

282 1015 335 1042 que
356 1006 563 1035 conversatione
577 1005 727 1033 delectatus
741 1010 794 1033 est.

316 1095 349 1121 At
378 1094 490 1130 quinam
528 1094 624 1128 vulpes
661 1101 778 1129 quorum
806 1092 902 1121 caudis
931 1099 994 1120 cum
1024 1091 1072 1119 ad-

282 1141 414 1168 movisset
438 1140 511 1167 faces
545 1139 753 1167 Palaestinorum
779 1144 884 1174 segetes
910 1139 1071 1171 combussit,

283 1186 373 1213 iratus
391 1186 463 1220 quod
477 1193 562 1212 uxore
591 1184 734 1212 Palaestina
770 1185 936 1218 privassent,
955 1183 1070 1211 fuerint.

283 1231 384 1259 Esdras
415 1231 443 1258 in
472 1231 595 1258 secttndo
614 1230 684 1258 libro
710 1230 817 1260 tradit.
847 1229 1014 1260 Sanballat.
1044 1233 1072 1256 et

281 1277 394 1305 Tobiam
421 1277 604 1304 Ammonitem
632 1284 694 1304 cum
715 1275 831 1303 reduces
853 1283 885 1302 ex
913 1275 1072 1310 captivilale

282 1331 391 1352 murum
419 1323 638 1355 exstruxissent,
665 1322 790 1349 dixisse:
811 1331 820 1347 ι
841 1321 900 1349 Νοιι
929 1321 1071 1348 sacriﬁca-

282 1371 363 1402 bunt.
392 1377 442 1397 nec
468 1369 613 1397 comedent
629 1368 656 1395 in
676 1369 736 1395 loco
749 1376 814 1399 suo;
837 1367 968 1395 ascendet
995 1367 1069 1394 enim

282 1417 379 1450 vulpes
395 1421 422 1444 et
450 1423 558 1443 murum
581 1415 704 1450 ipsorum
735 1415 872 1449 lapideum
904 1414 1031 1441 diruct‘.
1058 1423 1067 1439 ι

288 1462 343 1489 Nec
360 1469 412 1488 non
433 1461 560 1488 Servator
572 1460 606 1487 de
622 1460 730 1487 Herode
744 1460 854 1494 inquit:
871 1468 880 1485 ι
903 1459 989 1486 Dicite
1009 1459 1069 1486 vulv-

282 1506 308 1541 pi
335 1505 463 1533 1ιιιίο⁸.ι
480 1503 517 1532 De
547 1503 712 1539 quibusdam
748 1503 813 1530 item
845 1503 938 1538 impiis
965 1502 1071 1537 psalmo

283 1552 452 1587 sevagesimo
467 1550 590 1578 secundo
605 1549 690 1577 David
708 1549 806 1584 inquiit
831 1558 838 1576 :
854 1557 863 1574 ι
880 1547 975 1576 Partes
989 1551 1071 1575 erunt

282 1597 405 1632 vulpium
421 1597 442 1624 '.
466 1606 475 1623 ι
495 1597 525 1623 ιιι
550 1595 664 1624 Cautico
688 1603 772 1630 porro
789 1595 963 1622 canticorum
990 1593 1069 1621 Salo-

1124 1005 1274 1037 λεύσαντας
1301 1004 1340 1040 τῷ
1365 1006 1487 1040 Δεσπότῃ
1520 1005 1668 1040 σημαίνει’
1684 1005 1750 1032 διότι
1780 1006 1912 1041 συμϐιοῦν

1125 1050 1216 1082 αὐτοῖς
1233 1051 1382 1086 ἀγαπήσας
1401 1050 1542 1085 ἠϐούλετο.

1159 1096 1239 1128 Τίνες
1251 1096 1273 1122 δ’
1289 1096 1322 1123 ἂν
1340 1093 1395 1122 εἷεν
1413 1097 1441 1122 at
1454 1095 1606 1128 ἀλώπεκες,
1622 1093 1666 1128 αἶς
1679 1095 1824 1131 προσάψας
1840 1095 1913 1131 λαμ-

1124 1141 1225 1173 πάδας,
1250 1142 1300 1174 τὰς
1320 1142 1440 1177 ἀρούρας
1451 1142 1505 1168 τῶν
1524 1141 1681 1175 ἀλλοφύλων
1697 1141 1848 1176 ἐνέπρησεν
1863 1141 1911 1167 ἐπὶ

1123 1189 1156 1222 τῇ
1170 1188 1219 1222 τῆς
1233 1187 1397 1222 φιλιστιαίας
1418 1188 1546 1221 γυναικὸς
1563 1188 1756 1222 ἀγανακτήσας
1766 1188 1912 1222 στερήσει;

1131 1233 1212 1260 Ἀλλὰ
1227 1233 1274 1259 καὶ
1297 1233 1416 1267 Ἔσδρας
1432 1235 1460 1260 ὲν
1479 1233 1519 1268 τῷ
1536 1233 1654 1268 δευτέρῳ
1669 1233 1741 1268 λόγῳ
1761 1233 1854 1268 φησιν,
1874 1233 1913 1265 ὡς

1123 1279 1177 1306 τῶν
1196 1279 1251 1306 ἀπὸ
1275 1279 1326 1313 τῆς
1352 1279 1541 1314 αἰχμαλωσίας
1568 1280 1811 1315 τειχοποιούντων,
1836 1280 1910 1306 Ἀνα-

1123 1323 1227 1350 ϐαλλὰτ
1242 1324 1288 1350 καὶ
1304 1324 1412 1355 Τωϐίας
1424 1325 1437 1350 ὁ
1457 1325 1628 1361 Ἀμμανίτης
1645 1325 1757 1358 ἔλεγον·
1773 1334 1783 1349 ι
1801 1324 1846 1359 Μὴ
1863 1324 1911 1350 θύ-

1124 1378 1216 1396 σουσιν
1229 1369 1245 1403 ἢ
1260 1369 1393 1403 φάγονται
1411 1370 1457 1397 ἐπὶ
1473 1369 1522 1396 τοῦ
1546 1370 1629 1397 τόπου
1645 1370 1754 1403 minim;
1769 1370 1828 1404 οὐχὶ
1846 1371 1911 1396 ἀνα-

1121 1415 1234 1450 ϐήσεται
1259 1415 1381 1449 ἀλώπηξ,
1397 1415 1445 1441 καὶ
1473 1415 1584 1442 καθελεῖ
1603 1416 1634 1442 τὸ
1663 1417 1752 1450 τεῖχος
1768 1416 1842 1442 λίθον
1863 1416 1910 1442 αὐ-

1122 1461 1193 1492 τῶν;
1216 1461 1300 1487 ι-Καὶ
1314 1461 1328 1487 ό
1351 1461 1448 1496 Σωτὴρ
1481 1461 1545 1496 περὶ
1566 1461 1685 1496 Ἡρώδου
1698 1468 1705 1476 ”
1724 1470 1734 1486 ι
1750 1461 1852 1487 Εἴπατε
1877 1462 1911 1495 τῇ

1124 1505 1246 1532 ἀλώπεκι
1260 1505 1356 1542 ταύτῃ.
1373 1515 1383 1531 ι
1405 1506 1459 1532 Καὶ
1472 1507 1536 1542 περί
1552 1515 1633 1533 τινων
1649 1506 1757 1533 ἀσεϐῶν
1769 1507 1797 1532 ἐν
1819 1506 1858 1540 τῷ
1874 1506 1913 1540 ξβ¹

1123 1551 1224 1586 ψαλμῷ
1250 1559 1333 1586 φησιν
1345 1552 1359 1578 ό
1378 1551 1460 1578 Δαϐίδ
1473 1561 1480 1567 ·
1495 1561 1504 1577 ι
1520 1552 1637 1586 Μερίδες
1665 1552 1816 1578 ἀλωπέκων
1837 1551 1912 1577 ἔσον-

1122 1606 1178 1624 ται.
1202 1607 1210 1623 ι
1233 1598 1287 1624 Καὶ
1300 1599 1328 1624 tv
1346 1597 1466 1633 ’ᾼσματι
1483 1597 1536 1624 τῶν
1564 1598 1694 1632 ᾀσμάτων
1717 1597 1783 1632 φησί
1796 1605 1802 1612 ·
1822 1607 1831 1622 ι
1849 1597 1913 1623 11ιὰ-

284 1651 347 1669 mon
366 1643 421 1669 ait:
439 1651 448 1667 ι
469 1641 569 1676 Vulpes
593 1648 690 1676 parvas
705 1641 794 1675 capite
819 1640 898 1667 nobis
925 1647 986 1674 quae
1006 1647 1069 1666 vas—

1126 1651 1191 1669 σατε
1210 1644 1278 1678 ἡμῖν
1295 1643 1439 1673 ἀλώπεκας
1459 1644 1575 1678 μικροὺς
1591 1643 1771 1676 ἀφανίζοντας
1782 1643 1913 1677 ἀμπελῶ-

285 1692 344 1715 tant
372 1688 465 1715 vincas
480 1688 500 1715 ⁸.
524 1697 533 1713 ι
563 1687 646 1722 Atqui
678 1686 712 1713 de
737 1686 831 1721 impiis
857 1686 890 1713 de
912 1686 1014 1720 quibus
1045 1686 1072 1712 in

284 1734 378 1762 eodem
398 1734 504 1768 psalmo
532 1732 695 1760 vaticinatur
711 1740 717 1758 :
735 1741 743 1756 ι
760 1730 874 1758 Frustra
889 1731 1073 1765 quaesiverunt

285 1779 406 1806 animam
433 1785 538 1811 meam;
562 1777 751 1812 ingredientur
782 1776 809 1803 in
845 1776 938 1802 inﬁma
971 1780 1071 1808 terrae,

285 1825 428 1852 tradentur
443 1825 470 1851 in
486 1831 583 1851 manus
597 1823 679 1859 gladii
693 1823 716 1851 ".
739 1832 748 1849 ι
766 1823 868 1850 Omnes
882 1823 992 1857 quidem
1007 1822 1072 1849 mali

285 1877 389 1898 terram
427 1870 564 1903 subeunt,
593 1871 640 1903 qui
678 1877 744 1897 vero
773 1868 926 1896 mendaciis
951 1868 1071 1896 animant

283 1918 351 1952 justi
368 1916 570 1944 circumvenire
584 1916 709 1943 nitentur
721 1935 729 1949 ,
750 1922 864 1950 eamque
886 1914 995 1941 blandis
1011 1921 1072 1941 ser-

287 1964 416 1991 monibus
442 1963 560 1998 dejicere
571 1963 598 1989 in
621 1961 731 1989 inﬁmas
747 1961 808 1996 ejus
827 1958 920 1996 partes
940 1959 1072 1987 recedunt

286 2019 347 2038 cum
371 2009 516 2037 affectione
529 2030 537 2042 ,
554 2014 609 2036 tmn
628 2007 773 2044 suppliciis
787 2014 848 2041 qua:
862 2006 949 2041 ipsam
972 2013 1071 2033 conse-

285 2058 419 2091 quuntur,
434 2063 494 2090 quae
515 2054 648 2090 saneipsa
666 2061 763 2081 manus
778 2053 862 2088 gladii
882 2056 1070 2086 nuncupatur,

286 2101 363 2136 igniti
379 2101 516 2128 videlicet.
527 2099 613 2127 Porro
627 2099 719 2135 quivis
734 2099 876 2126 hominum
892 2105 955 2133 pars
971 2101 1013 2125 est
1027 2096 1071 2124 vel

286 2147 343 2178 Dei.
357 2147 397 2175 vel
409 2154 503 2174 eorum
516 2145 658 2180 cujusdam
683 2145 729 2179 qui
755 2143 880 2171 homines
895 2147 959 2171 sunt
982 2143 1071 2170 sortiti

284 2193 395 2228 quando
407 2192 565 2219 Altissimus
577 2194 673 2225 gentes
689 2190 783 2218 divisit
793 2189 814 2220 ⁸.
826 2197 857 2217 ac
872 2189 906 2216 ah
929 2196 982 2215 una
996 2195 1073 2223 parte

284 2239 317 2265 ad
347 2238 461 2264 alterum
492 2237 555 2264 licet
585 2235 713 2264 deﬁcere.
730 2235 864 2268 Quocirca
891 2238 983 2269 partes
1012 2234 1072 2260 vul-

284 2285 358 2319 pium
374 2283 455 2319 508
468 2286 532 2310 sunt
548 2282 566 2310 ii
582 2283 629 2317 qui
639 2285 756 2308 mentem
766 2289 798 2308 ac
813 2280 960 2308 consilium
972 2279 1018 2307 Dei
1032 2280 1071 2306 la-

1124 1697 1182 1720 νας.
1201 1698 1210 1715 ι
1233 1689 1300 1724 Περὶ
1318 1689 1367 1724 μὲν
1390 1687 1436 1715 οὖν
1456 1689 1510 1715 τῶν
1525 1688 1632 1715 ἀσεϐῶν
1647 1688 1701 1714 τῶν
1718 1688 1795 1722 ἐντῷ
1808 1688 1910 1723 ψαλμῷ

1124 1733 1252 1769 προλέγει
1265 1743 1271 1750 -
1290 1743 1299 1759 α
1322 1734 1404 1760 Αὐτοὶ
1418 1734 1445 1760 δὲ
1459 1735 1499 1766 είς
1515 1734 1602 1770 μάτην
1620 1734 1755 1769 ἐζήτησαν
1764 1734 1814 1766 τήν
1823 1734 1913 1769 ψυχήν

1126 1787 1189 1814 μου,
1210 1779 1408 1806 εἰσελεύσονται
1422 1780 1463 1811 είς
1474 1780 1508 1806 τὰ
1528 1779 1671 1806 κατώτατα
1680 1780 1729 1813 τῆς
1745 1779 1806 1814 γῆς,
1821 1788 1912 1814 παραυ

1124 1825 1285 1860 δοθήσονται
1301 1826 1341 1857 εἰς
1355 1827 1451 1861 χεῖρας
1471 1825 1619 1861 ῥομφαίας.
1640 1835 1650 1851 ι
1665 1826 1776 1852 Πάντων
1790 1825 1838 1859 μὲν
1857 1825 1913 1852 τῶν

1125 1870 1236 1904 φαύλων
1255 1870 1395 1897 εέσιόντων
1417 1871 1457 1901 είς
1473 1870 1506 1898 τὰ
1521 1871 1614 1905 γήϊνα,
1628 1870 1684 1897 τῶν
1702 1871 1731 1897 δὲ
1749 1871 1913 1905 ματαιότητι

1124 1914 1283 1949 περιϐαλεῖν
1302 1914 1448 1941 ἐθελόντων
1464 1916 1514 1949 τὴν
1535 1915 1582 1941 τοῦ
1602 1915 1707 1942 δικαίου
1730 1915 1829 1951 ψυχὴν.
1859 1916 1914 1942 ὑπ-

1125 1962 1240 1996 αγαγεῖν
1252 1970 1281 1988 τε
1299 1961 1385 1997 αὐτὴν
1401 1962 1536 1997 μυθώδεα-ι
1552 1962 1641 1996 λόγοις
1654 1963 1683 1989 tv
1693 1964 1748 1994 τοῖς
1762 1964 1913 1989 κατωτάτω

1123 2007 1258 2042 ἐσομένων
1272 2008 1366 2042 αὐτῆς,
1378 2008 1449 2035 κατὰ
1464 2007 1584 2035 διάθεσίν
1597 2017 1626 2034 τε
1644 2008 1692 2034 καὶ
1715 2008 1749 2034 τὰ
1765 2008 1911 2035 ἐπακολου-

1123 2052 1222 2079 θοῦντα
1232 2054 1264 2088 τῇ
1277 2053 1388 2089 τοιαύτῃ
1401 2053 1521 2081 διαθέσει
1544 2053 1722 2090 κολαστήρια,
1738 2053 1756 2080 ἃ
1773 2054 1805 2089 δὴ
1819 2055 1913 2090 χεῖρας

1126 2098 1263 2134 ῥομφαίας
1276 2099 1354 2132 φησὶ,
1368 2099 1468 2135 δηλαδὴ
1494 2099 1544 2134 τῆς
1565 2099 1704 2133 φλογίνης.
1718 2099 1851 2130 Ἕκαστος
1882 2100 1910 2125 δὲ

1123 2143 1176 2169 τῶν
1192 2143 1343 2179 ἀνθρώπων
1367 2145 1446 2179 μερίς
1472 2145 1546 2171 ἐστιν
1564 2144 1624 2178 ἦτοι
1647 2145 1694 2171 τοῦ
1710 2144 1789 2175 Θεοῦ,
1805 2144 1821 2177 ἥ
1838 2144 1911 2175 τινὸς

1122 2187 1177 2214 τῶν
1185 2188 1331 2223 εἰληχότων
1344 2189 1514 2224 ἀνθρώπους,
1529 2190 1573 2216 ὅτε
1586 2189 1739 2224 διεμέριζεν
1752 2189 1766 2215 ό
1778 2188 1912 2222 "Td/tuto;

1123 2233 1199 2269 ἔθνη.
1223 2235 1381 2270 Μετασταίη
1407 2235 1429 2262 δ’
1443 2236 1475 2262 ἄν
1494 2244 1536 2266 τις
1560 2235 1614 2262 ἀπὸ
1631 2235 1739 2270 μερίδος
1758 2235 1799 2266 εἰς
1813 2234 1910 2269 ἑτέρου

1124 2279 1230 2314 μερίδα.
1246 2280 1292 2306 Διὸ
1313 2281 1421 2315 μερίδες
1434 2281 1585 2307 ἀλωπέκιον
1601 2281 1627 2307 οῑ
1643 2280 1692 2315 τὴν
1706 2279 1753 2306 τοῦ
1767 2280 1834 2306 Θεοῦ
1855 2288 1911 2314 μα-

283 2329 424 2357 beluctaro
450 2332 515 2355 sunt
543 2327 648 2358 conati.
666 2332 770 2361 partes.
789 2326 918 2360 inquam|
935 2325 1068 2351 malorum

1123 2325 1215 2351 ταιοῦν
1228 2325 1425 2357 ἐσπουδακότες
1438 2325 1538 2361 ψυχὴν,
1558 2326 1665 2362 μερίδες
1679 2325 1773 2352 κακῶν
1783 2325 1830 2351 καὶ
1842 2333 1913 2352 ﬁdi-

284 2373 479 2408 valrorumquc
508 2372 657 2407 spirituum
687 2371 734 2406 qui
772 2370 950 2397 fundamenta
993 2369 1070 2396 falsa:

283 2419 452 2454 cognitionis
472 2418 611 2452 jecerunt,
636 2416 735 2451 quibus
763 2415 809 2450 qui
823 2419 965 2442 crsserunt
980 2419 1072 2449 partes

283 2465 347 2491 lacti
358 2468 423 2491 sunt
448 2470 508 2498 quae
534 2463 562 2490 in
575 2462 627 2489 ima
656 2466 736 2489 terra:
752 2461 934 2488 devenerunt.
949 2460 1001 2492 Qui
1027 2468 1071 2488 se-

283 2508 403 2535 cundum
419 2507 598 2543 Evangelium
627 2507 748 2542 vulpium
779 2512 889 2540 quoque
916 2505 1000 2532 iovem
1019 2513 1070 2532 no-

283 2553 430 2580 minantur.
448 2552 519 2580 Inter
536 2560 606 2587 quos
617 2552 734 2579 Verbum
743 2551 815 2585 quod
831 2557 896 2577 caro
913 2549 1025 2581 factum.
1039 2557 1070 2576 ac

284 2599 320 2626 ob
335 2599 360 2625 id
380 2598 467 2625 Filius
479 2598 600 2626 hominis
614 2597 793 2633 appellatum,
807 2603 860 2622 non
882 2595 972 2622 locum
988 2595 1070 2622 habet

285 2645 330 2672 ubi
345 2649 427 2680 caput
446 2649 562 2679 reponat
589 2651 621 2670 ac
635 2643 769 2678 quieSCat.
796 2641 873 2674 Quod
890 2640 1002 2676 quidem
1026 2641 1069 2668 di-

284 2695 359 2718 ctum
379 2695 421 2718 est
444 2698 498 2717 non
522 2689 555 2717 ad
573 2688 749 2722 discipulum.
775 2694 868 2714 verum
893 2686 1011 2713 scribam
1029 2685 1072 2712 di-

283 2739 406 2768 centem,
419 2745 428 2761 ‹
451 2735 557 2769 Sequar
567 2738 603 2761 te.
620 2743 628 2759 ι
658 2734 722 2760 Erat
737 2740 803 2759 vero
820 2731 864 2759 ille
876 2731 1029 2758 volucrium
1044 2734 1071 2757 et

285 2782 407 2816 vulpium
435 2788 509 2815 pars.
540 2781 579 2807 Ac
596 2779 760 2806 animalibus
786 2777 898 2814 quidem
917 2777 1018 2804 talibus
1029 2785 1072 2804 sc-

286 2831 361 2862 getvs
379 2827 586 2854 Palmstinoruut
603 2825 807 2852 comburendas
820 2823 937 2851 Samson
956 2823 1068 2850 tradidit

323 2895 330 2910 ‘
353 2894 361 2920 1
381 2893 451 2921 Pctr.
469 2901 510 2924 Ill.
528 2893 572 2922 i9.
588 2891 632 2919 20.
671 2892 680 2907 '
702 2891 773 2919 Psal.
787 2899 832 2922 xv,
855 2890 896 2917 10.
936 2891 946 2906 ³
966 2889 986 2916 ll
1002 2889 1078 2917 Esdr.
1096 2899 1133 2923 tv,
1149 2891 1175 2919 5.

287 2939 326 2962 tt;
353 2930 394 2957 i5.
433 2929 442 2944 '
460 2928 532 2956 Psal.
552 2935 617 2961 tht,
645 2927 686 2954 lO.
724 2928 734 2943 ⁸
759 2926 835 2954 Deut.
866 2933 949 2958 χχχιι,
969 2926 995 2951 8.

1123 2371 1230 2406 ούργων
1243 2371 1401 2406 Δυνάμεων,
1415 2372 1469 2398 τῶν
1489 2372 1576 2407 ἀρχὴν
1601 2371 1756 2406 σπειρασῶν
1774 2370 1913 2405 ψευδωνύ-

1126 2426 1177 2452 μου
1189 2417 1263 2448 τινὺς
1284 2417 1423 2451 γνώσεως.
1442 2414 1493 2444 ’Ὧν
1506 2419 1530 2444 ol
1554 2417 1711 2448 πεισθέντες
1732 2416 1840 2451 μερίδες
1853 2417 1913 2442 εἰσ-

1123 2461 1247 2493 ελθόντες
1261 2462 1301 2492 είς
1316 2461 1351 2487 τὰ
1370 2461 1514 2488 κατώτατα
1542 2463 1591 2497 τῆς
1608 2462 1669 2496 γῆς,
1685 2461 1710 2488 οἲ
1724 2461 1795 2487 κατὰ
1816 2460 1847 2486 τδ
1864 2461 1912 2486 Εὐ.

1124 2507 1253 2542 αγγέλιον
1267 2507 1313 2534 καὶ
1324 2507 1475 2534 ἀλωπέκων
1489 2508 1667 2542 ὀνομάζονται
1682 2506 1792 2542 φωλεοί.
1812 2506 1856 2532 ‘Ev
1870 2503 1913 2537 οἷς

1122 2554 1136 2580 ὁ
1148 2553 1294 2587 γενόμενος
1311 2553 1378 2589 σὰρξ
1393 2555 1488 2587 Λόγος,
1499 2554 1547 2580 καὶ
1562 2554 1606 2580 διὰ
1619 2553 1699 2580 τοῦτο
1711 2551 1914 2587 ὀνομαζόμενις

1122 2599 1188 2632 Υἱὸς
1199 2599 1355 2635 ἀνθρώπου.
1371 2600 1420 2626 οὐκ
1436 2599 1493 2634 ἔχει
1509 2599 1560 2626 ποῦ
1570 2600 1620 2634 τὴν
1635 2598 1756 2634 κεφαλὴν
1767 2597 1853 2624 κλίνει
1863 2598 1913 2623 καὶ

1122 2644 1318 2671 ἀναπαύσεται.
1330 2645 1419 2680 Ὅπερ
1434 2645 1541 2680 εἴρηται
1554 2644 1585 2671 οὐ
1598 2644 1666 2680 πρὸς
1684 2642 1819 2678 μαθητὴν,
1841 2641 1913 2668 ἀλλὰ

1122 2690 1290 2725 Γραμματέα
1322 2690 1447 2723 λέγοντα,
1467 2700 1476 2715 ι
1492 2690 1680 2724 Ἀκολουθήσω
1707 2697 1760 2715 σοι.
1778 2698 1787 2714 ι
1810 2685 1864 2714 Ἦν
1884 2687 1913 2713 δὲ

1122 2736 1177 2770 ἄρα
1195 2735 1326 2762 πετεινῶν
1340 2733 1418 2767 οὗτος
1432 2736 1477 2762 καὶ
1487 2735 1635 2762 ἀλωπέκων
1649 2734 1736 2769 μερίς.
1749 2734 1810 2764 Τοῖς
1821 2733 1911 2759 τοιοῦ-

1122 2787 1180 2809 τοις
1195 2778 1336 2813 παρέδωκε
1350 2779 1386 2806 τὰ
1399 2779 1556 2814 γεννήματα
1575 2779 1629 2805 τῶν
1638 2778 1796 2812 ἀλλοφύλων
1809 2778 1822 2803 ὀ
1833 2778 1911 2811 Σαμ-

1124 2823 1183 2858 ψὼν
1199 2825 1239 2856 εἰς
1268 2825 1443 2861 ἐμπρησμὸν,
1457 2825 1500 2852 διὰ
1523 2825 1573 2860 τῆς
1598 2823 1763 2860 ἀσυμφώνου
1777 2823 1832 2850 τῶν
1850 2831 1912 2850 συν.

1225 2891 1236 2908 ⁸
1254 2891 1322 2920 Luc.
1344 2900 1402 2926 xm,
1421 2892 1466 2921 32.
1522 2892 1533 2908 ⁸
1553 2891 1627 2920 Psal.
1643 2898 1706 2924 Lxu,
1725 2890 1766 2918 l0.
1807 2890 1818 2905 ‘
1831 2889 1912 2917 Cant.
