2086 3160
181 195 248 228 ῙὉΠ

721 191 991 222 COMMENTARII
1013 191 1055 221 IN
1075 189 1244 220 JUDICES.

1751 185 1821 217 1078

177 250 329 286 δεδεμένων
343 247 495 276 ἀλωπέκων
507 247 630 283 πορείας.
641 247 717 282 Τάχα
731 246 785 281 γὰρ
797 246 874 277 τέλος
886 243 970 271 τοιοῦ-

1031 243 1096 278 mod
1119 242 1223 270 factum
1245 249 1309 270 cum
1331 241 1469 278 colligatio
1496 242 1593 278 vulpes
1627 241 1655 269 in
1680 240 1820 268 diversum

179 297 225 323 τόν
241 297 299 321 ἐστι
321 295 379 326 τοῖς
408 293 557 328 μοχθηροῖς
578 294 713 328 γεωργοῖς
742 289 972 326 παραδιδομένοις

178 343 215 373 ὡς
231 341 295 368 ἄλλο
310 350 336 368 τι
351 340 390 376 τῷ
411 340 518 375 Σατανᾷ
535 340 577 370 εὶς
589 338 700 374 ὄλεθρον
709 339 759 373 τῆς
769 337 870 373 σαρκός
881 345 888 351 ·
900 335 972 362 οὕτω

178 391 238 420 ταῖς
254 387 391 419 ἁλώπεξιν
415 385 632 421 ἐπιφερομέναις
658 384 801 419 λαμπάδας
816 384 857 415 εἰς
876 383 972 417 ἀφανι-

180 435 249 470 σμὸν
264 433 366 461 αὐτῶν.

216 522 296 549 Ἔστι
319 530 362 554 τις
390 521 498 557 πρῶτος
513 521 583 548 λέων
598 521 612 547 6
632 519 822 554 ἀντικείμενος
839 518 972 551 διάϐολος,

180 569 228 595 καὶ
240 568 298 595 ἐστι
312 577 354 600 τις
367 567 482 604 ἔσχατος
493 567 602 594 πάντων
612 567 626 593 6
639 566 685 593 ἐπὶ
698 565 836 601 συντελείᾳ
850 573 974 600 φανερωο

181 615 344 650 Θησόμενος,
358 615 372 641 6
390 614 534 649 ἄνθρωπος
557 613 608 648 τῆς
635 612 791 648 ἁμαρτιας,
808 611 822 637 6
843 611 899 642 υίὸς
925 611 975 646 τῆς

181 661 332 693 ἀπωλείας,
343 662 357 687 6
374 660 561 695 ἀντικείμενος
572 659 620 686 καὶ
633 659 816 693 ἐπαιρόμενος
828 658 875 684 ἐπὶ
886 657 976 684 πάντα

181 707 331 743 λεγόμενον
343 707 421 739 Θεὸν,
437 706 454 742 ἢ
471 706 606 741 σέϐασμα.
627 704 738 737 Μεταξὺ
757 704 785 731 δὲ
805 703 852 731 τοῦ
864 703 912 730 ἀπ’
926 704 977 738 ἀρ-

183 754 235 789 χῆς
250 753 478 789 ἁνθρωποκτὸνου
500 753 548 779 καὶ
571 752 619 779 τοῦ
639 752 754 787 ὑστέρου
779 750 886 782 λέοντος
906 748 978 776 κατὰ

183 799 280 834 γενεὰν
291 800 399 830 λέοντες
417 798 660 835 προσπολεμοῦσιν
671 796 838 832 ἀνθρώποις.
852 796 906 823 Καὶ
928 795 978 821 οὐκ

182 844 220 883 ἦν
238 846 322 881 γενεὰ
340 846 385 873 ὅτε
408 845 477 872 λέων
504 845 554 872 οὐκ
572 843 617 880 ἦν.
635 843 691 871 Καὶ
706 842 780 870 κατὰ
794 843 843 878 τὴν
857 841 978 876 Σαμψὼν

183 892 281 926 γενεὰν
300 891 368 918 λέων
379 899 422 922 τις
440 888 475 926 ἦν
494 889 571 926 παρὰ
586 889 635 925 τὴν
657 889 727 920 ἁδὺν,
746 888 776 915 ὃν
800 887 958 914 ἀπέκτεινεν
970 893 977 900 ·

183 933 269 971 οὗπερ
292 935 374 970 ἐντῷ
396 934 512 970 στόματι
536 932 699 968 τεθνηκότος
724 931 881 967 εὑρίσκεται
902 929 975 964 μέλι.

184 981 378 1018 Νεκρῲσωμεν
391 979 438 1008 οὖν
454 981 500 1007 τὸν
512 977 724 1007 ἐπιϐουλεύοντα
740 977 846 1004 λέοντα.
870 975 977 1006 Ζῶντος

183 1028 239 1062 γὰρ
252 1028 282 1053 ὲν
294 1027 334 1062 τῷ
347 1027 467 1062 στόματι
486 1026 537 1053 οὐκ
552 1026 585 1053 ἂν
605 1025 758 1061 εὑρίσκοιτο
776 1023 848 1058 μέλι.
861 1021 977 1055 Λέγεται

183 1073 213 1100 δὲ
228 1074 281 1104 πᾶς
297 1073 366 1100 λέων
379 1072 434 1106 ζῶν
449 1073 497 1099 καὶ¹
511 1071 714 1098 δυσωδέστατον
735 1070 807 1105 ἔχειν
826 1068 857 1095 τὺ
877 1067 976 1102 στόμα.

185 1118 341 1154 Παράδοξον
354 1117 400 1145 οὖν
415 1118 445 1145 τὸ
460 1119 493 1144 ὲκ
512 1117 648 1149 δυσώδους
671 1116 807 1152 στόματος
832 1114 978 1150 εὑρεθῆναι

186 1164 249 1201 μέλι
263 1164 294 1191 τὸ
306 1164 415 1191 πάντων
433 1163 614 1198 γλυκύτατον.

221 1298 329 1333 Σιαγὼν
355 1298 438 1330 τόπος
465 1295 500 1333 ἦν
519 1296 663 1331 ἀνώνυμος
690 1295 842 1330 πρότερον,
867 1292 979 1328 κληθεὶς

185 1346 242 1373 ἀπὸ
259 1347 309 1382 τῆς
331 1345 457 1378 σιαγόνος
482 1343 528 1371 τοῦ
549 1343 622 1375 ὄνου,
643 1342 676 1377 ἣν
698 1341 795 1368 ἐλαϐεν
819 1341 833 1367 6
848 1338 978 1374 Σαμψὼν,

186 1391 234 1417 καὶ
247 1391 337 1417 ἀνεῖλε
361 1391 426 1421 τοὺς
441 1388 621 1423 ἀλλοφύλους,
634 1385 808 1422 ὀνησιφόρως
829 1383 921 1420 λόγοις
935 1391 978 1409 νε-

187 1435 298 1472 κρώσας
314 1435 417 1462 τούτων
431 1435 465 1462 τὰ
475 1435 609 1470 δόγματα.

1025 295 1146 318 ruerent.
1166 290 1296 318 Fortasse
1320 289 1393 317 enim
1409 289 1528 324 improbi
1546 288 1673 323 agrirolaa
1684 288 1756 316 hanc
1772 295 1819 315 ca-

1024 335 1175 362 latuitatem
1204 334 1392 366 merebantur,
1427 339 1456 362 ιιι
1479 334 1655 362 traderentur
1674 333 1817 364 Satanae'.

1025 380 1069 407 cui
1081 384 1109 407 et
1119 380 1173 407 alia
1185 388 1199 406 a
1214 379 1270 407 Deo
1285 379 1443 412 traduntur,
1458 385 1487 407 ut
1499 380 1630 416 perdatur
1641 388 1717 413 caro,
1725 387 1822 415 quem-

1026 427 1173 454 admodum
1188 431 1296 462 segetes
1318 435 1428 462 quoque
1451 427 1586 455 immissis
1609 428 1739 463 vulpibus
1756 435 1819 455 cum

1026 472 1132 501 facibus
1148 478 1214 501 sunt
1224 478 1338 501 vastata;
1359 477 1385 501 et
1399 473 1527 500 inductae.

1062 518 1198 546 Caeterum
1227 518 1261 546 de
1288 519 1368 547 leone
1398 519 1464 546 illml
1489 523 1531 546 est
1559 518 1719 550 tenentium,
1748 518 1822 553 quod

1027 564 1133 598 primus
1146 563 1260 598 quidam
1278 564 1320 591 leo
1342 567 1397 596 est,
1421 563 1599 592 adversarius
1615 564 1661 591 ille
1678 563 1820 590 diabolus.

1029 609 1131 637 Deinde
1147 614 1305 644 postremus
1319 609 1433 645 quidam
1456 609 1580 637 omnium
1596 609 1642 645 qui
1661 610 1687 636 in
1705 609 1757 636 [ine
1770 617 1822 636 sm-

1027 654 1083 682 culi
1107 654 1218 690 pateﬁet
1231 654 1354 688 demum,
1372 655 1455 682 homo
1470 655 1599 682 videlicet
1617 655 1734 691 peccati,
1751 654 1824 682 illius

1027 700 1203 735 perditionis,
1233 699 1430 735 adversariuS,
1461 700 1509 736 qui
1538 708 1601 728 sese
1629 700 1710 727 et'fert
1738 707 1823 735 super

1028 755 1110 774 omne
1126 747 1153 774 id
1168 747 1240 782 quod
1258 747 1330 776 Deus
1356 752 1405 775 aut
1430 755 1532 776 numen
1559 748 1662 775 dicitur
1685 749 1717 775 “’.
1737 747 1825 776 Carte-

1031 800 1089 819 ruln
1104 792 1176 820 inter
1189 792 1352 828 primaevum
1378 793 1456 820 illum
1484 793 1664 825 homicidam,
1682 797 1710 820 et
1734 798 1824 829 poste-

1029 838 1130 866 riorem
1157 838 1263 866 leonem
1288 839 1420 867 omnibus
1448 839 1559 867 saeculis
1576 839 1670 867 leones
1700 844 1825 874 pugnant

1029 891 1092 912 cum
1110 884 1282 917 hominibus,
1300 893 1391 920 neque
1409 885 1464 912 ulla
1489 889 1556 912 aetas
1575 884 1626 912 fuit
1649 885 1675 912 in
1698 893 1752 920 qua
1771 893 1825 912 null

1030 930 1111 956 etiam
1136 929 1178 957 leo
1196 929 1291 957 fuerit.
1308 930 1346 957 Ac
1365 934 1490 965 tempore
1517 930 1662 958 Sainsonis
1692 930 1734 957 leo
1763 931 1827 965 qui-

1030 975 1091 1002 dem
1109 982 1190 1004 secus
1204 976 1275 1004 viam
1289 981 1348 1004 erat
1361 984 1442 1012 quem
1459 976 1571 1008 occidit,
1588 977 1616 1004 in
1630 976 1710 1012 cujus
1723 977 1822 1004 defun-

1030 1021 1066 1048 eti
1085 1028 1134 1048 ore
1165 1023 1219 1049 mel
1246 1023 1394 1057 reperitur.
1421 1022 1625 1050 Iuterﬁciamus
1650 1023 1734 1058 igitur
1755 1023 1824 1049 insi-

1031 1067 1151 1096 diantem
1180 1069 1297 1096 leonem.
1322 1069 1391 1096 Cum
1416 1069 1490 1097 enim
1516 1070 1632 1102 viveret,
1657 1070 1683 1097 in
1700 1077 1746 1097 ore
1761 1069 1824 1104 ejus

1034 1114 1087 1141 mel
1120 1115 1227 1141 nullmn
1257 1115 1448 1151 reperiebatur
1473 1115 1579 1151 utique.
1612 1116 1710 1144 Fertur
1733 1120 1824 1143 autem

1030 1159 1156 1194 quemvis
1183 1160 1289 1187 leonem
1306 1161 1398 1187 vivum
1424 1168 1455 1189 os
1478 1160 1580 1189 habere
1609 1160 1824 1192 fetidissimum.

1031 1205 1100 1233 adeo
1114 1209 1143 1232 ut
1154 1205 1228 1233 dictu
1242 1206 1278 1233 sit
1289 1206 1450 1240 miriﬁcum,
1462 1207 1490 1234 in
1507 1214 1555 1235 ore
1569 1206 1652 1235 fetido
1667 1207 1719 1234 mel
1734 1214 1827 1242 reper-

1032 1254 1090 1277 tum
1107 1258 1168 1278 esse
1188 1251 1394 1279 dulcissimum.

1065 1296 1154 1324 Porro
1177 1296 1279 1333 Siagon
1304 1298 1384 1326 locus
1401 1298 1513 1326 nomine
1532 1298 1645 1326 carebat
1663 1302 1755 1330 antea,
1778 1305 1826 1325 ac-

1031 1344 1106 1378 cepit
1122 1346 1215 1371 autem
1232 1343 1298 1370 illud
1312 1351 1326 1370 a
1341 1343 1452 1371 maxilla
1467 1344 1551 1378 asini,
1573 1351 1654 1379 quam
1683 1343 1828 1379 prehendit

1032 1388 1150 1416 Samson
1176 1393 1202 1416 et
1228 1388 1390 1417 Palaestinos
1416 1390 1572 1423 interemit,
1589 1390 1683 1418 verbis
1713 1390 1828 1418 utilibus

1034 1433 1158 1468 ipsorum
1174 1433 1303 1469 dogmata
1323 1441 1386 1462 cum
1400 1434 1566 1470 jugulasset.

223 1492 330 1519 Dicitur
354 1496 446 1519 autem
467 1491 552 1519 Deum
576 1491 701 1519 foramen
726 1489 844 1518 maxilla:
866 1489 1020 1524 aperuisse.
1039 1493 1066 1517 et
1088 1497 1121 1517 ex
1139 1490 1184 1518 illa
1202 1497 1289 1526 aquas
1314 1491 1453 1526 erupisse,
1476 1499 1527 1527 pro
1548 1499 1592 1525 eo,
1615 1495 1718 1519 terram
1733 1495 1827 1520 autem

187 1536 307 1563 maxillae
324 1535 332 1563 i
352 1539 382 1563 tu
401 1535 532 1570 disrupit,
554 1542 642 1570 eaque
655 1542 744 1570 aquas
760 1533 890 1561 reddidit.
914 1532 1002 1560 Porro
1015 1540 1080 1560 vero
1095 1534 1143 1568 qui
1161 1534 1294 1562 historice
1310 1539 1376 1562 sunt
1394 1535 1569 1570 interpretati
1591 1534 1741 1562 admonent
1758 1543 1826 1563 nus-

187 1579 261 1615 piam
280 1579 397 1614 reperiri
423 1579 496 1614 quod
523 1578 640 1607 Samson
658 1578 700 1605 vel
726 1576 820 1611 justus
838 1577 881 1604 vel
909 1576 1043 1611 propheta
1067 1577 1231 1612 appelletur,
1249 1579 1482 1614 quemadmodum
1508 1586 1560 1607 nec
1579 1579 1679 1615 J'ephte
1704 1587 1756 1607 nec
1781 1579 1828 1607 alii

187 1623 359 1658 huiusmodi.
376 1622 415 1649 Ea
433 1630 500 1650 vero
515 1626 596 1650 aetate
621 1630 655 1650 cu
668 1633 681 1645 ·ι
702 1621 801 1656 aliquis
819 1624 916 1648 Sancto
934 1619 1038 1654 Spiritu
1055 1620 1155 1656 dignus
1173 1629 1228 1649 non
1245 1626 1375 1655 exstaret,
1392 1627 1477 1658 prout
1497 1630 1618 1657 praesens
1642 1631 1736 1651 rerum
1757 1630 1827 1650 cou-

188 1667 257 1694 ditio
274 1667 445 1702 postulabat,
462 1666 578 1702 reliquis
600 1665 761 1693 hominibus
783 1664 982 1692 excellentiore
1001 1664 1094 1700 aliquo
1113 1673 1180 1692 usus
1196 1669 1249 1693 est.
1266 1665 1331 1693 Vult
1347 1674 1412 1694 vero
1439 1666 1650 1694 Palestinorum
1667 1675 1745 1694 more
1761 1675 1828 1695 uxo-

188 1719 247 1738 rem
260 1711 295 1738 du
315 1719 362 1739 ere
374 1710 507 1744 Samson,
525 1709 598 1745 quod
615 1709 729 1745 quidem
745 1711 876 1743 pueriles
897 1708 983 1743 legem
1003 1708 1182 1736 observantes
1195 1709 1354 1744 prohibent,
1369 1710 1439 1739 Deus
1453 1718 1519 1738 vero
1531 1711 1678 1746 permittit,
1693 1711 1828 1747 quocirca

189 1755 333 1791 Scriptura
351 1756 436 1783 dicit:
457 1765 467 1782 ι
486 1755 570 1783 Pater
592 1759 684 1782 autem
712 1754 773 1789 ejus
787 1759 815 1781 et
842 1757 930 1780 mater
955 1759 1010 1780 non
1028 1752 1237 1784 intellexerunt,
1262 1753 1335 1788 quod
1352 1753 1496 1782 decretum
1526 1754 1577 1782 fuit
1602 1755 1662 1788 Dei,
1689 1763 1746 1790 quo
1771 1755 1829 1790 ipse

189 1800 345 1828 vindictam
364 1807 379 1827 a
391 1800 522 1828 Palaestin
536 1807 549 1827 s
566 1802 700 1827 sumeret.
723 1807 732 1824 ι
747 1797 816 1825 Nam
833 1801 860 1825 et
876 1796 963 1825 llonis
986 1795 1144 1824 interfectio
1164 1797 1263 1825 terrori
1278 1797 1436 1826 Palastinis
1454 1797 1506 1825 fuit
1518 1818 1525 1831 ,
1546 1798 1654 1834 ipsique
1673 1806 1828 1835 propugna-

190 1844 254 1872 culo
273 1847 302 1870 ut
319 1844 431 1879 triginta
450 1844 582 1879 primum,
604 1842 702 1870 deinde
721 1841 793 1869 mille
809 1841 971 1868 trucidaret.

227 1897 299 1932 Πρὸς
320 1897 385 1929 τοὺς
413 1895 636 1932 κατηγοριιῦνῑας
666 1895 779 1931 ρητέον,
801 1895 838 1926 ὡς
860 1893 979 1929 οὐδαμοῦ

1069 1893 1203 1922 Caeterum
1227 1894 1262 1923 iis
1289 1895 1336 1929 qui
1364 1899 1491 1922 sanctum
1518 1894 1651 1931 Spiritum
1680 1895 1831 1923 traducunt

191 1951 272 1977 φησιν
286 1943 303 1978 ὴ
319 1943 414 1979 Γραφὴ
436 1941 613 1969 κατευθύνειν
643 1941 687 1968 ἐπ’
704 1941 787 1968 αὐτὸν
805 1941 836 1967 τὸ
860 1940 982 1974 Πνεῦμα,

190 1986 235 2013 ὃτε
249 1987 408 2021 ὲπόρνευεν,
423 1987 439 2022 ἢ
456 1987 500 2014 ὅτε
516 1984 566 2022 τὴν
579 1986 729 2021 ἀλλόφυλον
755 1986 861 2018 ἓλαὸεν,
887 1985 916 2017 ἐξ
932 1983 982 2021 ἧς·

191 2040 244 2067 περ
257 2032 391 2060 ἀπώλετο.
406 2033 443 2059 Τὸ
457 2033 510 2068 γὰρ
527 2033 641 2067 Πνεῦμα
660 2033 690 2059 τὸ
702 2032 780 2066 ἅγιον
805 2032 835 2058 οὐ
855 2031 983 2066 καθάπερ

191 2079 208 2113 ἡ
221 2078 294 2114 ψυχὴ
305 2079 363 2110 τοῖς
382 2079 490 2114 σώμασι
509 2081 645 2106 συνοικεῖ’
663 2079 732 2106 ἀλλὰ
751 2079 868 2114 πάρεστι
883 2078 932 2114 μὲν
945 2078 984 2110 ὼς

191 2123 394 2159 ἀπερίγραφον,
412 2125 523 2160 ἐνεργεί
538 2124 565 2151 δὲ
580 2125 630 2151 ὅσα
647 2124 783 2160 βούλεται.
801 2124 833 2150 "0
851 2124 898 2150 καὶ
917 2131 984 2158 προ-

191 2170 326 2203 γινῶσκον
343 2171 392 2206 τὴν
404 2171 557 2206 ἀγριότητα
574 2171 621 2197 τοῦ
637 2170 768 2206 Σαμψὼν,
784 2170 856 2196 οἴνου
867 2169 915 2196 καὶ
927 2169 982 2196 τῶν

192 2215 223 2248 ἐξ
235 2216 359 2251 ἀμπέλου
374 2216 526 2252 προσέταξε
536 2216 630 2243 τοῦτον
646 2215 816 2251 ἀπέχεσθαι·
833 2215 872 2250 μὴ
889 2214 938 2250 τὴν
953 2214 983 2247 ἐξ

192 2261 265 2288 οἴνου
279 2261 378 2296 μανίαν
391 2262 425 2297 τῇ
447 2263 549 2297 φυσικῇ
573 2261 754 2297 προσλαᾱέυν,
771 2260 819 2287 καὶ
837 2260 909 2287 κατὰ
927 2259 983 2287 τῶν

193 2306 337 2342 ὁμοφύλων
351 2307 493 2343 ἀνήκεστα
512 2307 635 2343 δράσειε.

1035 1939 1180 1967 Samsonis
1206 1947 1303 1972 causa,
1334 1940 1556 1976 respondendum
1583 1941 1652 1968 illud
1675 1946 1729 1973 est,
1755 1941 1828 1977 quod

1033 1984 1178 2020 Scriptura
1195 1993 1334 2021 nusquam
1351 1986 1429 2019 dicit,
1449 1986 1582 2022 Spiritum
1599 1987 1731 2015 incidisse
1744 1994 1829 2022 super

1035 2030 1138 2066 ipsum,
1153 2031 1265 2066 quando
1287 2035 1331 2060 est
1351 2036 1500 2064 scortatus,
1516 2036 1564 2060 aut
1580 2033 1692 2068 quando
1706 2032 1833 2060 Palaesti-

1035 2084 1098 2104 nam
1121 2084 1183 2112 qum
1205 2077 1230 2106 ei
1255 2077 1339 2105 exitio
1363 2077 1438 2111 fuit,
1463 2077 1554 2105 duxit.
1581 2078 1701 2113 Spiritus
1725 2078 1832 2106 etenim

1035 2128 1146 2152 sanctus
1157 2133 1213 2153 non
1229 2126 1329 2153 animae
1351 2125 1439 2153 instar
1459 2133 1521 2153 cum
1542 2126 1655 2154 homine
1676 2126 1833 2156 cobabitat,

1035 2178 1130 2198 verum
1146 2171 1184 2198 illi
1204 2171 1345 2198 indeﬁnite
1373 2171 1461 2204 adest,
1479 2178 1512 2199 ac
1531 2172 1557 2199 in
1573 2179 1606 2199 eo
1624 2171 1758 2207 quidquid
1771 2172 1830 2198 vult

1036 2216 1128 2244 ellicit.
1158 2216 1210 2250 Qui
1234 2224 1301 2244 sane
1325 2224 1388 2244 cum
1417 2216 1558 2245 feritatem
1584 2217 1728 2246 Samsonis
1751 2217 1830 2251 prius

1036 2270 1146 2298 quoque
1164 2263 1278 2291 haberet
1292 2264 1442 2299 cognitam,
1458 2271 1474 2290 a
1494 2263 1559 2291 vino
1575 2271 1608 2292 ac
1621 2264 1722 2291 vinetis
1737 2264 1827 2299 ipsum

1033 2308 1118 2343 jussit
1133 2309 1284 2341 abstinere,
1301 2316 1335 2337 ne
1348 2308 1381 2336 ad
1401 2309 1555 2337 naturalem
1573 2309 1695 2337 furorem
1704 2310 1827 2338 vinolen-

1037 2359 1066 2381 to
1086 2354 1175 2382 ascito
1192 2359 1287 2382 contra
1311 2355 1483 2391 propinquos
1510 2363 1621 2392 quoque
1645 2359 1673 2383 et
1697 2359 1829 2391 cognatos

1037 2399 1148 2435 indigna
1164 2403 1300 2434 patraret.

230 2458 317 2487 Pmro
342 2458 392 2486 lilii
424 2458 618 2487 haereticorum
647 2457 740 2486 rident
763 2457 843 2492 quod‘
863 2457 890 2484 in
915 2456 1022 2491 capillis
1050 2457 1139 2492 gratia
1162 2462 1215 2484 est.
1243 2456 1361 2485 Rideant
1383 2457 1466 2493 igitur
1492 2458 1566 2493 quod
1585 2457 1612 2486 in
1639 2458 1831 2494 apostolorum

196 2503 262 2530 umb
281 2505 303 2530 is
319 2503 408 2538 gratia
425 2507 479 2534 ist,
504 2503 533 2530 in
546 2502 655 2530 ﬁmbria
671 2501 736 2529 item
754 2500 911 2529 vestimenti
927 2500 1030 2528 Christi
1043 2521 1050 2532 ,
1069 2501 1098 2527 in
1114 2501 1172 2528 luto
1186 2501 1308 2536 denique
1328 2501 1402 2537 quod
1419 2509 1524 2529 caecum
1539 2502 1700 2530 illustravit;

231 2559 337 2586 Οὐκοῦν
351 2558 397 2586 διὰ
407 2558 456 2593 τὴν
470 2558 554 2593 εὐχὴν
568 2557 646 2593 τιμία
661 2555 694 2593 ἦν
709 2558 726 2593 ή
743 2557 815 2592 κόμη
837 2557 906 2592 Θεῷ.
931 2557 979 2584 Κα¹

1075 2557 1250 2593 Quapropter
1273 2559 1332 2586 voti
1356 2558 1467 2587 nomine
1488 2559 1610 2594 pretiosa
1641 2559 1713 2594 apud
1742 2559 1828 2587 Deum

195 2604 275 2632 τοῦτο
287 2604 438 2640 δεδήλωκεν
450 2603 465 2630 6
479 2603 546 2635 Θεὸς
565 2603 629 2638 περὶ
652 2603 754 2634 παντὸς
772 2602 924 2638 Ναξιραίου
940 2611 985 2629 νο-

197 2650 331 2686 μοθετῶν,
348 2650 396 2676 καὶ
408 2649 488 2676 τοῦτο
503 2650 532 2676 ἐν
543 2649 619 2684 νόμῳ
633 2649 672 2684 τῷ
688 2648 866 2683 παιδαγωγῷ.

232 2740 285 2767 Kal
297 2739 416 2775 ἐγένετο
426 2739 505 2774 ἀνὴρ
518 2740 646 2774 Λευΐτης
665 2747 720 2774 παι
727 2740 815 2767 σικῶν
835 2739 870 2766 ἐν
883 2740 990 2775 μηροῖς

197 2785 287 2820 ὄρους
300 2786 437 2822 Ἐφραίμ.
451 2787 508 2823 Τὴν
532 2787 602 2814 κατὰ
614 2788 664 2822 τὴν
678 2788 797 2820 γυναῖκα
814 2787 861 2814 τοῦ
875 2782 989 2814 Λευΐτου

197 2833 322 2868 παριδεῖν
337 2833 445 2862 ἀδικίαν
461 2835 476 2862 6
499 2833 564 2866 λαὸς
583 2834 633 2861 οὑκ
648 2833 788 2870 ἠνέσχετο,
801 2834 848 2861 καῖ
870 2834 937 2870 πρὺς
951 2834 991 2862 δί-

231 2913 242 2930 ’
259 2914 268 2941 l
287 2913 351 2942 Cor.
366 2923 393 2949 v,
409 2914 436 2942 5.
476 2915 498 2931 "
516 2913 537 2943 ll
555 2914 652 2943 Thess.
671 2922 701 2947 ιι,
718 2914 744 2947 3,
761 2913 787 2941 4.

1037 2604 1087 2631 fuit
1100 2612 1189 2632 coma.
1205 2604 1282 2638 Quod
1304 2605 1364 2640 ipse
1380 2609 1501 2633 testatus
1516 2609 1559 2633 est
1573 2605 1646 2634 Deus
1659 2613 1720 2634 cum
1741 2606 1830 2642 legem

1036 2650 1071 2678 de
1085 2651 1184 2686 quovis
1200 2651 1330 2679 Nazaraeo
1350 2652 1452 2685 sanxit,
1473 2651 1555 2688 idque
1575 2652 1603 2680 in
1624 2652 1683 2688 lege
1704 2652 1829 2689 paedago-

1057 2706 1109 2726 1C3.

1057 2706 1109 2726 ica.

1037 2706 1053 2734 ὅ
1070 2743 1132 2770 Fuit
1149 2743 1189 2770 vir
1202 2742 1305 2771 Levites
1328 2743 1373 2779 qui
1393 2743 1533 2772 habitabat
1561 2745 1589 2772 in
1618 2745 1702 2773 latere
1729 2747 1827 2772 montes

1038 2787 1178 2823 Ephraim,
1195 2792 1250 2816 etc.
1269 2788 1342 2825 [XIX
1353 2809 1361 2823 ,
1377 2789 1416 2826 1.]
1436 2789 1568 2826 Iniuriam
1585 2790 1612 2818 in
1628 2790 1729 2819 Levitis
1742 2799 1828 2819 uxore

1040 2834 1200 2869 admissam,
1223 2835 1342 2871 populus
1361 2835 1479 2865 tolerare
1508 2843 1563 2865 non
1589 2837 1690 2873 potuit,
1705 2845 1831 2873 quapro-
