2086 3160
243 157 308 191 1081

750 157 1020 192 COMMENTARII
1045 159 1086 190 IN
1102 160 1174 191 LIB.
1192 161 1206 190 Ι
1224 161 1359 192 REGUM

1800 159 1870 192 1382

242 216 352 253 Ἐτεροί
368 225 442 249 τινες
455 216 662 252 ῑστοριογράφοι
684 217 849 253 παρέδοσαν,
874 216 905 244 τὸ
928 215 1031 252 βιϐλίον

1087 217 1128 248 lis,
1150 218 1199 252 qui
1223 217 1280 245 haec
1300 218 1481 253 collegerunt,
1509 218 1696 252 praetermissa
1713 223 1793 252 sunt,
1821 219 1868 247 alii

242 263 493 299 Πάραλειπομένων
510 263 689 295 καλέσαντες.

543 359 670 386 ΚΕΦΑΔ.
689 360 728 386 A’.

277 416 333 444 Kal
346 416 465 451 ἐγένετο
478 416 648 451 ἄνθρωπος.
666 414 714 448 Εἷς
726 417 780 451 τεῶν
792 417 859 446 υιῶν
872 417 946 449 Δευτ,
967 417 1032 452 ἐγέ-

242 471 313 494 νετο,
328 463 407 489 Κάαθ
427 462 519 498 πατὴρ
538 463 566 489 δὲ
583 463 630 489 τοῦ
646 463 748 498 Ἰσααρ.
767 461 797 490 οὗ
822 463 932 497 ἔκγονος
948 464 998 499 μὲν
1017 465 1031 491 ό

242 510 325 544 Κορὲ,
338 509 473 544 ἀπόγονος
492 509 521 535 δὲ
539 509 668 540 Ἐλκανὰ,
679 508 726 535 τοῦ
745 509 874 545 Σαμουὴλ
896 510 910 536 ὸ
927 510 1030 545 πατήρ.

249 556 281 582 Ἡ
292 556 321 582 δὲ
335 555 444 590 διαδοχὴ
453 555 538 586 οὕτως
550 563 557 570 ·
569 555 655 586 nam,
670 555 829 590 ‘Aptva5i6,
837 555 920 591 Κορὲ,
929 555 1031 591 ’Ᾱσεὶρ,

247 601 376 634 Ἐλκανὰ,
395 601 478 636 Σοὺφ,
501 601 578 634 Θόου,
613 600 713 633 Ἐλίου,
747 600 870 636 Ὶεραὲιμ,
903 601 1020 628 Ἐλκανὰ

242 647 381 682 Σαμουήλ-

285 695 316 722 'H
331 696 358 722 δὲ
369 694 480 730 διαδοχὴ
495 693 567 721 οὕτω
583 701 590 709 ·
604 694 692 731 Κορὲ,
713 694 818 730 Ἀσεὶρ,
841 693 958 721 Ἐλκανὰ
980 694 1031 730 (Ι),

244 740 382 776 Σαμουὴλ.
417 740 445 767 '0
471 740 501 767 δὲ
529 740 589 766 Ἠλὶ
612 740 645 767 ἐκ
661 740 711 776 τῆς
730 739 778 766 τοῦ
805 739 921 775 Ὶθάμαρ
932 737 966 775 ἧν
981 749 1034 766 πα-

243 786 321 821 τριᾶς
333 793 340 800 '
351 785 420 812 ἀλλὰ
428 785 471 811 διὰ
484 785 534 820 τὴν
542 785 596 812 τῶν
610 785 715 812 παίδων
730 785 874 820 παροινίαν
892 785 941 811 σὺν
951 784 1034 811 παντὶ

243 831 317 864 γένει
335 830 385 864 τῆς
402 830 544 865 ἱερατικῆς
559 829 704 865 ἐγυμνώθη
717 829 812 864 τιμῆς,
831 828 894 860 Πῶς
923 828 951 855 δὲ
971 828 1032 855 Ἐλ-

1081 263 1194 298 quidam
1210 263 1426 298 historiographi
1446 265 1542 298 libros,
1557 272 1627 300 quos
1641 264 1869 300 Paralipomenon

1082 310 1234 345 appellunt,
1254 310 1443 338 absolverunt.

1414 365 1493 395 CAP.
1513 366 1523 394 Ι

1117 423 1201 452 Vens.
1217 424 1243 451 f.
1270 423 1332 451 Fuit
1355 429 1443 452 autem
1460 423 1548 451 homo.
1562 424 1601 451 Ex
1618 432 1734 452 numero
1752 424 1868 452 ﬁliorum

1082 469 1159 502 Levi,
1175 469 1226 497 fuit
1240 469 1339 500 Caath.
1350 469 1398 505 qui
1425 470 1509 497 ﬁlium
1525 470 1621 497 habuit
1638 469 1724 503 isaar,
1743 474 1869 505 nepotem

1083 515 1163 547 Core,
1178 521 1356 551 pronepotem
1372 515 1503 548 Heleana,
1526 515 1612 543 ﬁlium
1626 515 1773 544 Samuelis.
1797 515 1868 543 Suc—

1083 562 1175 589 cessio
1206 569 1273 589 vero
1302 562 1344 589 sic
1367 562 1459 594 habet,
1486 562 1560 590 Caad
1582 562 1676 598 genuit
1697 562 1869 593 Aminadab.

1083 606 1165 639 Core.
1190 607 1272 639 Aser,
1292 606 1412 635 Hclcana
1431 607 1523 643 Zuph,
1539 607 1629 640 Tohu,
1646 607 1736 640 Heliu,
1752 607 1870 639 lernam,

1085 651 1186 679 Elcnna
1200 660 1208 685 ;
1225 652 1271 679 hic
1284 652 1438 680 Samuelem
1458 654 1561 688 genuit.

1121 697 1322 725 Successerunt
1346 702 1437 725 autem
1460 698 1500 726 sic
1516 708 1523 726 :
1539 699 1619 730 Core,
1643 698 1725 732 Asir,
1748 697 1870 730 Eleans.

1088 743 1209 771 Samuel.
1228 743 1269 770 Eli
1288 744 1377 779 patria
1399 743 1518 771 Ithamar
1537 743 1674 772 oriundus
1692 749 1751 771 erat
1763 764 1770 776 ,
1791 746 1872 778 atque

1085 792 1201 824 propter
1228 788 1345 816 ﬁliorum
1373 788 1580 823 improbitatem
1603 793 1658 816 tota
1679 789 1740 823 ejus
1765 787 1869 816 familia

1085 834 1252 862 sacerdotali
1273 834 1409 869 dignitate
1432 834 1545 862 excidit.
1560 834 1705 868 Quomodo
1721 839 1812 862 autem
1828 833 1871 860 El-

243 876 314 903 κανὰ
341 875 370 906 EE
392 875 532 910 ’Δμαθαὶμ
557 875 617 908 ὢν,
656 874 822 910 Ἐφραθαῖος
848 874 1033 909 ὸνομάζεται;

1087 888 1166 913 cana,
1192 881 1365 908 Armathaim
1386 880 1532 914 oriundus,
1551 880 1733 916 Ephrathmus
1749 881 1873 908 dicitur?

242 923 358 957 Μήποτε
372 921 530 949 συνέϐαινεν
546 921 628 948 αὐτὸν
642 921 737 948 ἐκτῶν
758 921 813 948 δύω
827 920 931 947 πόλεων
947 920 1034 956 ὁρμᾶ-

243 968 306 995 σθαι
320 976 328 996 ,·
341 967 403 994 καθ’
419 968 433 994 ὃ
445 968 475 994 ὲν
489 967 539 1002 μὲν
548 968 580 1003 τῇ
603 967 726 1002 Ἐφραθὰ
751 966 925 1002 ὲγεγέννητο,
946 966 975 992 ἐν
999 967 1033 1001 τῇ

248 1013 409 1049 Ἐρμαθαὶμ
427 1013 580 1048 ἐτέθραπτο
592 1020 599 1028 ³
614 1013 652 1044 ὡς
668 1013 716 1039 καὶ
728 1013 743 1039 ὁ
757 1011 854 1047 Σωτὴρ
868 1012 897 1038 ὲν
911 1011 1035 1047 Βηθλεὲμ

245 1060 396 1097 γεννηθεὶς,
409 1060 582 1095 ἐχρημάτισε
606 1059 655 1086 καὶ
673 1058 837 1094 Ναζωραῖος
853 1057 903 1092 τῆς
920 1057 1035 1084 ἁνατοο-

243 1108 296 1143 φῆς
310 1107 414 1134 ἕνεκεν.
430 1107 460 1134 C.
483 1106 514 1133 L.
527 1106 575 1141 (a).

277 1151 332 1179 Καὶ
344 1150 429 1186 φωνὴ
440 1150 535 1184 αὐτῆς
548 1151 604 1177 οὐκ
618 1150 754 1184 ἠκούετο.
771 1150 827 1185 Τῆς
837 1151 937 1185 ’Δννης
951 1157 1036 1186 προσ-

243 1198 394 1233 ευχομένης
423 1198 457 1223 τὰ
496 1197 573 1232 χείλη
596 1197 677 1232 μόνον
703 1197 830 1228 ἐκινεῖτο,
848 1195 924 1231 φωνὴ
942 1195 970 1222 δὲ
985 1195 1036 1221 οὐκ

242 1244 367 1279 ἠκούετο.
385 1243 471 1270 Πόθεν
481 1243 519 1278 τῷ
535 1244 692 1278 συγγραφεῖ
703 1243 737 1269 τὰ
753 1242 865 1278 ῥήματα
888 1243 939 1277 τῆς
952 1249 1036 1276 προσ-

242 1290 325 1325 ευχῆς
342 1289 499 1324 ίστόρηται;
514 1288 586 1324 Πλὴν
602 1289 626 1315 εἰ
646 1288 682 1323 μή
700 1296 754 1319 τις,
781 1287 820 1318 ὡς
842 1286 951 1322 εἴρηται
981 1285 1033 1320 (2),

244 1336 433 1371 συγχωρήσειε
447 1355 454 1367 ,
478 1336 543 1366 τοὺς
571 1333 814 1369 πνευματοφόρους
837 1340 1037 1367 συγγεγραφη-

243 1383 322 1409 κέναι
334 1382 367 1408 τὰ
384 1381 518 1416 γενόμενα
536 1381 607 1408 κατὰ
615 1381 710 1416 καιρὸν
725 1381 759 1415 τῇ
774 1379 887 1414 δυνάμει
901 1378 948 1404 τοῦ
957 1377 1035 1412 ἁγίου

243 1428 414 1463 Πνεύματος.
426 1427 459 1454 C.
474 1426 506 1454 L.
528 1426 567 1462 (2)

279 1473 312 1500 Τί
323 1475 393 1506 ἐστι,
413 1482 422 1499 ‹
441 1474 513 1508 Γυνὴ
531 1473 560 1499 ὲν
575 1472 684 1508 σκληρᾷ
699 1471 754 1506 ἐγώ
780 1471 854 1505 είμι;
875 1480 884 1497 ι
904 1470 1035 1497 Τουτέστι

243 1519 437 1554 κεκακωμένη,
455 1518 636 1554 νηστεύουσα.
652 1518 683 1545 C.
702 1517 735 1544 L.

1086 925 1216 953 Fortasse
1238 934 1273 954 ex
1295 932 1414 962 utraque
1434 927 1503 954 urbe
1517 926 1652 961 originem
1667 926 1757 958 duxit,
1785 926 1823 954 ita
1841 931 1872 953 ut

1087 972 1114 999 in
1135 971 1253 1007 Ephrata
1277 971 1390 1006 quidem
1416 976 1509 1004 natus,
1536 972 1564 999 in
1589 972 1760 999 Armathaim
1779 976 1870 999 autem

1085 1019 1220 1045 educatus
1246 1018 1293 1049 sit.
1317 1017 1555 1052 quemadmodum
1581 1017 1662 1046 etiam
1687 1017 1818 1045 Servator
1842 1017 1870 1045 in

1087 1064 1224 1091 Bethleem
1254 1068 1349 1097 natus,
1372 1063 1454 1091 simul
1471 1062 1618 1092 Nazarreus
1635 1063 1737 1091 dicitur
1758 1067 1872 1098 propter

1085 1111 1288 1138 educationem.

1121 1156 1206 1186 Vens.
1240 1157 1283 1183 i5.
1305 1155 1340 1183 Et
1367 1164 1418 1183 vos;
1436 1156 1493 1192 ejus
1513 1165 1567 1184 non
1588 1155 1759 1184 audieﬁatur.
1787 1157 1873 1183 Annae

1088 1210 1184 1237 preces
1212 1201 1352 1230 fundentis
1376 1201 1448 1229 labia
1473 1206 1581 1229 tantum
1602 1201 1793 1235 movebantur,
1819 1208 1872 1229 vox

1087 1252 1177 1276 autem
1196 1255 1251 1275 non
1264 1248 1438 1276 audiebatur.
1455 1247 1514 1276 Jam
1528 1248 1667 1284 quomodo
1683 1248 1803 1283 scriptor
1813 1255 1874 1276 ver—

1088 1294 1121 1322 ba
1137 1294 1200 1329 ejus
1214 1294 1286 1321 seire
1295 1294 1404 1329 potuit?
1417 1293 1552 1321 Nimirum
1569 1293 1644 1321 viros
1657 1293 1818 1329 inspiratos.
1832 1293 1873 1320 uti

1088 1341 1222 1373 diximus.
1244 1348 1276 1368 ea
1293 1348 1356 1376 qua:
1374 1340 1421 1367 illo
1437 1345 1562 1376 tempore
1584 1344 1747 1372 evenerunt,
1767 1339 1873 1376 Spiritu

1087 1390 1184 1413 sancto
1200 1385 1310 1421 adjutos
1325 1386 1465 1419 retulisse,
1479 1386 1648 1414 credendum
1663 1392 1716 1414 est.

1122 1472 1195 1506 Quid
1207 1477 1262 1505 cst,
1283 1482 1292 1499 ι
1308 1472 1406 1501 Mulier
1424 1473 1521 1501 inl'elix
1538 1481 1589 1507 ego
1619 1474 1702 1502 sum?
1719 1483 1728 1500 ι
1748 1473 1876 1506 Scilicet,

1087 1519 1203 1547 adversa
1220 1519 1331 1546 fortuna
1348 1523 1439 1550 utens.
1456 1519 1592 1554 jejunium
1605 1527 1690 1555 agens

275 1566 312 1593 Τὸ
341 1552 380 1599 δὲ,
482 1552 539 1602 ’δῷς
553 1566 604 1601 τὴν
613 1565 710 1599 δούλην
723 1573 770 1591 σου
784 1565 824 1596 εἰς
841 1565 879 1600 (5)
897 1563 1034 1598 θυγατέρα

1122 1565 1187 1598 Pro,
1208 1564 1247 1593 Ne
1264 1569 1378 1600 reputes
1395 1552 1525 1593 ancillam
1543 1552 1666 1593 tuam-ut
1683 1566 1767 1594 ﬁliam
1781 1565 1873 1602 perdi-

243 1612 341 1648 λοίμην
358 1612 406 1648 (4),
422 1611 581 1644 Θεοδοτίων,
601 1610 645 1642 Ὧς
656 1611 722 1646 μίαν
734 1611 787 1637 τῶν
801 1609 973 1638 ἀπαιδεύτων
986 1616 995 1624 ·
1019 1609 1036 1645 ἢ

243 1660 338 1695 ὥσπερ
353 1660 398 1686 τὸν
410 1660 530 1695 νοήμονα
543 1659 618 1693 λέγει
633 1658 680 1685 τὸν
693 1658 787 1693 σοφὸν,
796 1658 869 1685 οὕτω
881 1657 927 1684 τὸν
947 1658 1038 1693 παρά-

244 1714 327 1740 νομον
345 1705 401 1732 υἱὸν
409 1704 516 1740 λοιμοῦ.
530 1704 560 1732 C.
576 1704 607 1731 L.

543 1761 670 1788 ΚΕΦΑΛ.
699 1760 737 1788 B’.

285 1815 464 1850 Ἑστερεώθη
489 1816 508 1850 ἡ
541 1816 649 1850 καρδία
680 1824 752 1851 μου.
787 1816 964 1852 Ἀξιάγαστος
989 1819 1038 1853 τῆς

1088 1612 1184 1644 tionis,
1201 1611 1372 1639 Theodotion
1389 1611 1481 1644 habet,
1497 1611 1533 1639 Ut
1548 1611 1694 1639 stultarum
1712 1619 1813 1640 unam:
1827 1616 1876 1639 aut

1087 1657 1321 1693 quemadmodum
1339 1658 1407 1694 legis
1418 1658 1566 1691 Cultorem,
1582 1659 1746 1694 sapientem.
1760 1658 1796 1686 ita
1811 1666 1874 1687 eum

1087 1705 1135 1741 qui
1147 1705 1199 1740 legi
1210 1703 1378 1740 refragatur,
1397 1705 1484 1732 ﬁlium
1505 1704 1666 1740 perditionis
1680 1709 1768 1733 vocat.

1406 1759 1484 1788 CAP.
1504 1759 1538 1788 ll.

1124 1817 1209 1845 Vens.
1229 1818 1255 1845 Ι.
1279 1816 1535 1852 Conﬁrmatum'eu
1556 1825 1603 1844 cor
1616 1824 1714 1844 meum.
1728 1816 1874 1845 Canticum

245 1862 346 1894 Ἅννας
371 1863 387 1898 ἡ
415 1862 547 1898 ὑμνῳδία.
564 1863 601 1889 Οὺ
618 1862 672 1898 γὰρ
699 1863 781 1898 μόνον
801 1864 845 1899 ἐφ’
862 1862 903 1896 οἷς
926 1865 1034 1900 εἴληφεν

1089 1862 1140 1889 hoc
1157 1863 1243 1890 Annae
1264 1863 1378 1898 dignum
1399 1867 1441 1890 est
1455 1862 1650 1890 admiratione.
1663 1861 1722 1889 Non
1737 1861 1811 1889 enim
1826 1868 1878 1896 pro

243 1909 358 1943 ἀνυμνεῖ
373 1909 419 1935 τὸν
433 1909 540 1944 Δοτῆρα
553 1929 560 1940 ,
571 1909 639 1936 ἀλλὰ
651 1909 700 1936 κα)¹
719 1911 875 1947 προφητείᾳ
892 1911 939 1938 τὸν
954 1911 1038 1947 ὕμνον

244 1954 374 1990 ἐκέρασε,
395 1955 442 1981 καὶ
467 1956 517 1990 τῆς
543 1955 589 1981 τοῦ
622 1955 717 1987 παιδὸς
751 1957 885 1991 μετέλαὸε
915 1957 1038 1993 χάριτος.

245 2001 380 2035 κυήσασα
392 2000 447 2036 γὰρ
470 2001 624 2036 ὑποφήτην,
643 2002 812 2037 προφητεύει
833 2002 903 2037 μετὰ
928 2002 974 2029 τὸν
994 2002 1039 2029 τό-

245 2054 302 2073 κον.
320 2046 375 2072 Καὶ
400 2046 541 2073 Ἐλισάὸετ
558 2047 586 2073 δὲ
601 2046 652 2082 τῆς
672 2047 799 2074 Ἰωάννου
815 2048 946 2083 μτέλαὸε
962 2048 1040 2084 χάρι-

244 2100 301 2126 τος,
319 2093 367 2119 καὶ
382 2093 399 2128 ἠ
413 2092 507 2128 Μαρία
524 2092 575 2128 τῆς
600 2092 703 2127 Ἰησοῦ.

280 2225 455 2261 Κλονουμένη
472 2226 520 2253 καὶ
536 2226 576 2257 εἰς
607 2225 738 2261 ματαίους
762 2227 937 2261 ἐμπίπτουσα
960 2226 1035 2261 λογι-

245 2271 331 2306 σμοὺς
343 2271 445 2306 διὰτὴν
459 2271 597 2304 ἀπαιδίαν,
614 2272 781 2307 ὲπιτυχοῦσα
802 2272 851 2308 τῆς
875 2273 1030 2308 προσευχῆς

245 2318 417 2354 ἑστερέωμαι
433 2318 462 2343 ὲν
476 2316 515 2352 τῷ
527 2317 733 2353 παρασχομένῳ
744 2317 793 2353 τὴν
810 2318 951 2345 εὐτεκνίαν
966 2318 1037 2354 Θεῷ.

246 2365 286 2400 Τῇ
299 2364 390 2391 πίστει
404 2361 452 2390 οὖν
468 2363 547 2399 δῆλον
560 2363 602 2390 ὅτι
616 2363 781 2398 έστερέωται
792 2383 800 2396 ,
817 2363 899 2399 ἡνίκα
919 2363 1038 2399 ᾔτει-δο-

245 2410 325 2445 θῆναι
342 2410 411 2444 αὐτῇ
427 2409 521 2436 τέκνον
534 2408 649 2444 δωρεάν.
668 2408 701 2437 C.
714 2408 746 2436 Ι...

280 2455 470 2488 Ἐπλατύνθη
487 2454 520 2481 τὸ
533 2456 631 2490 στόμα
648 2463 721 2489 μου.
740 2454 858 2481 Ἔλαὸον
871 2455 948 2489 κὰγω
962 2456 1036 2492 παρ-

247 2502 344 2537 ρησίαν
369 2501 458 2528 είπεῖν
468 2509 475 2516 ·
490 2501 547 2527 Οὐκ
563 2501 620 2536 εἰμὶ
638 2501 743 2536 στεῖρα.
753 2501 798 2527 Ἐν
811 2496 833 2534 ᾧ
848 2500 985 2533 ὠνείδιζόν
1001 2509 1036 2536 με

243 2549 260 2583 ἡ
277 2547 397 2575 Φεννάνα
414 2548 461 2574 καὶ
476 2548 500 2574 of
514 2547 608 2582 αὐτῆς.
620 2547 693 2580 Πρὸς
706 2547 761 2582 γὰρ
775 2547 874 2579 αὐτοὺς
891 2547 1036 2575 ἀποτεινο-

246 2595 324 2630 μένη,
345 2595 379 2622 τὰ
400 2594 466 2629 ἑξῆς
486 2603 553 2630 φησι
567 2594 598 2621 τὸ
614 2603 623 2620 ι
639 2593 685 2630 Μὴ
700 2593 850 2628 καυχᾶσθε,
867 2593 914 2620 καὶ
931 2592 970 2629 μὴ
985 2593 1035 2620 λα-

244 2641 324 2668 λείτε.
344 2640 376 2669 C.
389 2640 419 2668 L.
435 2650 445 2666 ι

1089 1907 1231 1936 beneﬁciis
1254 1908 1374 1942 acceptis
1390 1911 1530 1935 auctorem
1548 1906 1631 1935 modo
1649 1907 1784 1941 bonorum
1802 1907 1876 1934 cele-

1089 1953 1161 1986 brat,
1176 1953 1224 1981 sed
1244 1953 1328 1981 etiam
1341 1946 1513 1988 prophetiam
1526 1952 1628 1988 hymno
1637 1952 1788 1985 admiscet;
1805 1959 1876 1986 prte-

1089 2003 1165 2028 terea
1187 1998 1285 2034 gratia:
1304 2006 1415 2034 quoque
1430 1998 1487 2026 ﬁlio
1509 1998 1617 2026 collata».
1638 1998 1777 2034 particeps
1803 1998 1876 2027 facta

1090 2049 1142 2073 est.
1161 2044 1229 2072 Nam
1256 2052 1319 2072 cum
1339 2045 1499 2080 prophetam
1516 2044 1544 2072 in
1567 2048 1645 2072 utero
1667 2047 1797 2078 gestaret,
1815 2048 1876 2079 post

1090 2096 1212 2128 partum,
1233 2095 1260 2118 et
1282 2092 1341 2126 ipsa
1357 2091 1542 2125 prophetavit.
1564 2090 1611 2117 Sic
1631 2090 1715 2117 etiam
1735 2089 1876 2117 Elisabcth

1090 2138 1206 2166 Joannis
1227 2137 1286 2169 ﬁlii.
1303 2142 1332 2165 et
1347 2137 1432 2164 Maria
1447 2137 1552 2164 Christi
1577 2137 1731 2164 Servatoris
1755 2136 1874 2172 gratiam

1090 2183 1278 2220 participavit.

1125 2229 1247 2257 Confusa
1270 2232 1354 2263 atque
1375 2228 1412 2256 ob
1434 2227 1583 2255 liberorum
1605 2225 1752 2254 orbitatem
1784 2225 1879 2252 stultis

1089 2275 1302 2311 cogitationibus
1326 2274 1462 2306 incidens.
1483 2277 1628 2308 postquam
1651 2271 1684 2299 ad
1708 2278 1803 2307 preces
1832 2278 1878 2298 ac-

1089 2321 1180 2353 cessi,
1201 2320 1227 2347 in
1247 2320 1305 2347 Deo
1325 2319 1524 2348 fecunditatem
1558 2318 1693 2354 largiente
1720 2318 1877 2345 confortata

1090 2374 1163 2395 sum.
1183 2365 1251 2394 Fide
1272 2365 1355 2402 igitur
1376 2365 1535 2393 confortata
1557 2368 1612 2398 est,
1633 2371 1695 2392 cum
1718 2367 1823 2395 oraret,
1846 2367 1877 2390 ut

1088 2413 1141 2442 sibi
1166 2412 1258 2440 infans
1278 2412 1439 2440 donaretur.

1127 2458 1279 2485 Dilatatum
1293 2462 1333 2486 est
1345 2467 1374 2485 οι
1389 2465 1487 2485 meum.
1499 2456 1558 2492 Ego
1570 2463 1683 2492 quoque
1697 2463 1761 2483 cum
1775 2454 1879 2483 ﬁducia

1089 2509 1203 2538 possunt
1222 2502 1316 2530 dicere
1333 2511 1340 2530 :
1359 2502 1419 2530 Non
1441 2509 1502 2529 sum
1522 2501 1636 2530 sterilis.
1663 2499 1704 2528 ου
1725 2500 1778 2528 hoc
1801 2499 1880 2527 enim

1088 2547 1237 2576 Phennana
1254 2548 1370 2583 ejusque
1386 2547 1496 2576 sodales
1510 2554 1574 2575 cum
1589 2546 1724 2574 conviciis
1742 2553 1785 2574 me
1802 2550 1877 2581 pete.

1088 2594 1166 2622 bant.
1175 2593 1216 2621 Ad
1231 2593 1294 2621 illos
1308 2600 1454 2626 conversa,
1469 2597 1564 2629 postea
1579 2592 1647 2622 dicit
1665 2600 1673 2620 :
1692 2601 1702 2620 ‹
1719 2591 1759 2621 Ne
1774 2591 1878 2628 gloria-

1090 2638 1168 2672 mini,
1187 2645 1238 2665 nec
1253 2637 1407 2673 loquimini.
1425 2647 1435 2664 ι

1007 2723 1112 2752 NOTAE
1117 2745 1124 2754 .

283 2773 415 2813 (H‘Zfzbcp,
428 2772 685 2813 Qésjtou,.'lsp_ac_kp,
704 2771 832 2813 ᾘλκανὴ,
847 2766 984 2813 ξαμουῄλ.
1002 2770 1032 2810 ’ρ

245 2804 311 2850 Eni
319 2804 398 2850 Αὺγ.’
409 2804 525 2850 Ξιιῦδ..”έν
537 2804 562 2850 εἶ)
572 2804 606 2850 egi
618 2804 682 2850 ἑξῆς
695 2804 834 2850 eiiciat.
852 2804 901 2833 Ἐπὶ
912 2804 966 2833 τῶν
981 2805 1030 2832 τοῦ

246 2842 335 2872 mea...
355 2845 389 2871 ιτ.
405 2843 434 2870 δέ
448 2844 501 2870 είσι
517 2844 570 2871 τῶν
589 2844 618 2870 ὲν
629 2843 685 2870 σελ.
702 2842 765 2870 282.

282 2879 323 2914 (9.)
338 2852 447 2906 Scholia
469 2885 530 2913 quae
549 2878 655 2906 duabus
669 2877 744 2906 hisce
767 2876 863 2904 litteris
882 2875 912 2904 C.
932 2874 963 2902 L.
988 2875 1026 2902 si-

1086 2776 1206 2814 gnantur
1219 2772 1469 2814 deprompsimus‘e
1478 2772 1580 2814 catena
1602 2772 1751 2814 Lipsiensi.

1121 2806 1160 2877 (3;
1176 2807 1222 2839 Τὸ,
1238 2806 1276 2839 ὥς
1287 2806 1407 2842 ετρηται,
1421 2808 1453 2834 οὐ
1468 2808 1558 2834 κεῖται
1572 2808 1601 2834 ὲν
1613 2806 1653 2842 τῷ
1663 2808 1713 2842 τῆς
1726 2807 1796 2843 Δὺγ.
1806 2807 1872 2836 ut“.

1121 2841 1148 2876 (4
1183 2842 1226 2874 Ὠς
1242 2842 1380 2877 θυγατέρα
1396 2841 1495 2877 λύμην,
1509 2842 1524 2868 ὀ
1539 2842 1590 2877 τῆς
1604 2842 1672 2877 Αὐγ.
1689 2842 1755 2870 κώδ.

1120 2841 1159 2877 (4)
1183 2842 1226 2874 Ὠς
1242 2841 1380 2879 θυγατέρα
1396 2841 1495 2878 λύμην,
1509 2842 1524 2868 ὀ
1539 2842 1590 2878 τῆς
1604 2842 1672 2877 Αὐγ.
1689 2841 1755 2870 ᾆιώδ.
