2086 3160
251 159 319 194 1085

753 166 1019 197 COMMENTARII
1039 167 1081 197 IN
1103 168 1176 197 LIB.
1191 168 1205 197 Ῑ
1218 167 1364 197 REGUM.

1808 163 1876 196 108‘}

249 220 305 246 κῶν
323 220 510 255 κηρυγμάτων
522 220 552 247 τὸ
568 220 761 256 μεγαλόφωνον
770 241 778 253 ,
789 222 836 247 καὶ
849 222 898 255 τὴν
909 221 1035 256 δευτέραν

1089 220 1249 255 apostolicae
1256 228 1397 254 successu,
1411 220 1501 255 deque
1514 220 1637 248 secundo
1646 219 1764 247 adventu
1777 219 1873 247 Chris-

248 265 403 302 παρουσίαν
426 266 556 300 Χριστοῦ.
571 266 656 298 Αὐτὸς
680 267 745 301 γὰρ.
761 267 839 301 φησὶ,
856 268 944 302 κρινεί
966 266 1038 301 ἄκρα

248 312 301 346 γῆς
318 311 421 343 δίκαιος
440 311 494 338 ὢν·
513 312 552 339 ἔτι
567 312 595 339 δὲ
613 313 661 339 καὶ
675 313 738 343 τοὺς
758 312 841 338 αὑτοῦ
864 313 933 339 κατὰ
949 313 1038 347 σάρκα

249 355 394 388 γεγονότας
407 356 556 391 προγόνους
566 376 573 387 ,
588 357 613 383 οἳ
627 356 682 383 ἀπὸ
706 356 789 382 Δαὸὶδ
814 356 896 391 μέχρι
909 356 959 389 τῆς
982 358 1037 391 αἰχ-

251 401 390 436 μαλωσίας
398 401 645 437 διήρκεσαν.Δὼσει
658 402 722 437 γὰρ,
732 402 825 437 φησὶν,
838 403 914 436 ίσχὺν
923 403 978 433 τοῖς
990 402 1038 436 βα-

251 447 370 472 σιλεῦσιν
392 447 601 482 ήμῶν.¹1κανῶς
617 447 645 473 δὲ
662 447 832 473 συνέστειλεν
854 447 900 473 καὶ
923 447 976 473 τῶν
991 448 1039 473 ὲπ-

250 490 376 526 ηρμένων
393 492 422 518 τὸ
437 492 572 527 φρόνημα,
585 493 675 519 πᾶσαν
687 492 799 526 γνῶσιν,
812 492 860 519 καὶ
874 493 927 519 πᾶν
940 493 1020 528 ὲπιτή
1029 508 1037 514 -

249 536 334 571 δευμα
352 537 433 570 θεῖον,
449 538 481 564 ὲκ
494 538 561 564 Θεοῦ
577 539 746 574 προειποῦσα
755 540 812 571 τοῖς
826 538 980 574 ἀνθρώποις
990 539 1037 573 ἐγ·

249 580 384 615 γίνεσθαι.

286 624 526 659 Περιεζωσμένον
534 626 628 660 ἐφοὺδ
638 627 699 661 Bap
709 627 758 653 καὶ
769 625 908 653 διπλοΐδα
915 626 1035 660 μικράν.

256 671 372 703 Ἀκύλας
395 672 486 706 φησὶν,
509 671 662 706 ἐπένδυμα
685 672 849 707 ἐξαίρετον.
878 671 1035 706 Σύμμαχος,

250 716 344 750 ἐφοὺὸ
365 718 481 750 λινοῦν,
504 717 552 744 καὶ
567 718 730 752 ἐφεστρίδα
740 717 863 752 μικράν.
879 718 1036 749 Θεοδοτίων,

257 762 344 796 Ἐφὼδ
368 763 435 798 Βὰρ,
449 764 496 790 καὶ
518 764 688 798 ἐπενδύτην
712 763 919 798 μικρόν.Ἀλλὰ
942 763 1001 795 πῶς
1023 764 1037 790 ὁ

250 806 387 841 Σαμουὴλ,
399 807 513 842 Λευῖτης
526 807 575 840 ὢν,
588 808 627 843 τῷ
642 808 723 842 mea
737 808 884 843 ὲκέχρητο;
900 807 972 843 μόνῳ
984 808 1036 844 γὰρ

250 851 389 887 ἀφώριστο
403 852 443 888 τῷ
458 853 592 889 ἀρχιερεῖ.
611 854 689 886 Εἰκὸς
707 851 753 881 οὖν
767 853 813 880 τὸν
830 853 890 880 Ἠλὶ
901 853 950 888 τὴν
963 853 1037 880 θείαν

1088 266 1119 293 ιὶ.
1138 266 1198 300 Ipse
1218 267 1291 293 enim
1309 273 1373 292 cum
1401 266 1493 300 justus
1513 265 1560 297 sil,
1579 266 1679 300 inquit,
1697 265 1828 299 judicabit
1845 264 1875 291 ii-

1088 319 1136 339 nes
1151 315 1242 339 terrm.
1260 311 1394 338 Praeterea
1407 311 1489 338 etiam
1503 310 1537 338 de
1555 312 1706 344 majoribus
1726 311 1813 345 ipsius
1829 318 1874 337 se-

1087 358 1208 385 cundum
1224 365 1347 389 carnem,
1364 357 1410 391 qui
1426 364 1441 383 a
1460 357 1561 384 Davide
1576 365 1663 392 usque
1681 357 1713 384 ad
1731 357 1873 391 captivita-

1087 407 1140 430 tcm
1155 403 1333 430 duraverunt.
1351 402 1429 429 Dabit
1445 403 1517 430 enim
1530 403 1626 435 robur,
1649 403 1750 437 inquit.
1764 403 1873 437 regibus

1087 449 1206 476 nostris.
1233 447 1382 475 Commode
1404 451 1495 475 autem
1516 447 1635 480 illorum,
1654 448 1701 483 qui
1722 447 1872 474 eﬁ'eruntur

1087 496 1201 529 spiritus
1227 495 1414 529 compescuit,
1434 502 1542 522 omnem
1567 496 1714 528 notitiam,
1737 503 1874 530 omneque

1086 541 1209 570 discendi
1221 540 1352 573 studium,
1361 541 1436 568 aDeo
1449 541 1605 568 hominibus
1613 541 1703 569 inesse
1710 541 1870 576 praedicens.

1124 630 1205 658 Vens.
1221 629 1265 656 18.
1282 629 1425 657 Accinctus
1441 628 1526 663 ephod
1543 628 1610 661 Bar,
1630 633 1655 656 et
1672 636 1754 663 parva
1770 629 1872 655 tunica.

1086 679 1184 713 Aquila
1203 678 1316 712 exponit
1333 677 1472 712 ὲπένδυμα
1497 677 1638 711 ἐξαίρετον
1651 696 1657 706 .
1682 676 1873 703 indumentum

1086 724 1205 758 insigne.
1221 722 1415 758 Symmachus,
1435 722 1518 757 ephod
1544 722 1653 754 lineam,
1669 726 1694 748 et
1715 727 1811 749 vestem
1826 729 1872 748 ex-

1087 769 1228 800 teriorem.
1241 769 1298 796 sive
1307 768 1419 803 pallium
1432 775 1556 802 parvum.
1570 767 1750 798 Theodotion.
1764 766 1871 802 Ephod,

1086 813 1150 844 Bar,
1168 811 1318 846 ἐπενδύτην
1332 812 1441 847 μικρόν.
1455 811 1508 838 Sed
1523 812 1662 846 quomodo
1678 810 1800 844 Samuel,
1820 811 1872 838 Lc-

1087 859 1143 885 vita
1158 865 1220 885 cum
1237 857 1331 887 fuerit.
1348 857 1408 892 ipso
1429 857 1523 892 Ephod
1537 865 1604 885 usus
1612 861 1665 888 est,
1677 848 1749 892 quod
1763 865 1873 884 summo

250 898 325 933 αὺτῷ
346 899 425 933 χάριν
446 899 617 926 ἐπανθοῦσιν
637 900 789 934 ἑωρακότα,
806 900 854 926 καὶ
877 899 1035 935 παραδόξως

1086 902 1218 930 duntaxat
1233 902 1353 937 pontiﬁci
1364 902 1533 937 assignatum
1548 902 1611 930 l'uit.
1626 901 1779 929 Verisimile
1789 902 1872 936 igitur

250 943 392 978 τεχθέντα,
407 945 453 971 καὶ
472 945 525 980 πρὸ
539 945 640 972 ὠδίνων
655 945 875 980 ὲπαγγελθέντα,
890 946 937 971 καὶ
960 945 1034 971 ἔνδον

251 988 280 1014 ἐν
296 990 328 1023 τῇ
344 988 405 1024 θείᾳ
421 990 507 1024 σκηνῇ
524 989 692 1024 τρεφόμενον
705 1010 712 1022 ,
728 990 765 1020 ὡς
781 989 861 1023 ἁγίῳ.
878 989 926 1015 καὶ
941 987 1035 1019 Ναζω-

251 1034 331 1068 ραίῳ,
349 1034 386 1066 ὡς
403 1034 451 1060 καὶ
463 1034 583 1070 τοῦνομα
599 1035 690 1070 δηλοῖ,
706 1035 753 1061 καὶ
767 1035 865 1069 κομιδῇ
885 1034 939 1069 νέῳ
953 1042 1035 1069 μετα-

250 1078 342 1106 δοῦναι
357 1079 472 1115 ταύτησι
488 1081 538 1115 τῆς
553 1081 646 1116 τιμῆς.
661 1081 710 1107 Διὰ
724 1080 752 1106 δὲ
767 1079 814 1106 τοῦ
827 1079 908 1114 ὲφοὺδ
923 1079 1036 1106 πλεῖστα

251 1125 400 1161 προεδήλου
415 1126 469 1154 τῶν
482 1126 673 1162 ἀγνοουμένων
686 1126 700 1152 ὸ
713 1126 790 1158 Θεός.

287 1266 374 1301 Ebro,
390 1268 423 1294 'O
435 1265 518 1300 οἶκός
536 1275 612 1299 σου.
633 1267 682 1295 καὶ
705 1269 723 1295 ὁ
743 1265 826 1300 οἶκος
852 1267 904 1294 τοῦ
925 1266 1036 1300 πατρός

248 1321 318 1341 σου.
338 1314 417 1339 Δοκεῖ
439 1313 488 1347 μὲν
509 1313 526 1348 ἡ
550 1312 703 1348 πρόρρησις
725 1311 756 1338 τὸ
778 1312 873 1338 τούτου
888 1312 964 1345 γένος
986 1310 1035 1345 τῆς

249 1358 453 1394 ἀρχιερωσύνης
482 1357 613 1392 γυμνοῦν.
639 1357 791 1384 Δίνίττεται
817 1356 847 1383 δὲ
870 1356 960 1391 πάσης
985 1356 1035 1390 τῆς

249 1401 397 1437 Ἰουδαϊκῆς
413 1402 461 1438 τὴν
476 1402 585 1429 παῦσιν;
615 1401 698 1429 Εἶπον
713 1403 778 1437 γὰρ,
800 1403 892 1438 φησὶν,
914 1403 944 1429 '0
962 1400 1036 1434 οἶκός

249 1456 307 1479 σου,
325 1449 370 1474 καὶ
383 1449 397 1474 ὁ
408 1446 481 1480 οἶκος
495 1448 541 1475 τοῦ
555 1448 657 1481 πατρός
669 1457 726 1480 σου,
741 1448 907 1476 διελεύσεται
921 1448 1035 1476 ἐνώπιόν

251 1501 303 1527 μου
317 1493 368 1524 ἕως
388 1492 496 1524 αἰῶνος.
512 1492 596 1519 Τοῦτο
610 1493 639 1519 δὲ
658 1493 689 1519 οὐ
705 1493 744 1528 τῷ
760 1493 874 1529 Ἰθάμαρ
890 1494 1034 1528 ὑπέσχετο,

248 1538 317 1566 ἀλλὰ
334 1538 373 1573 τῷ
391 1538 507 1573 Ἀαρών.
523 1538 628 1564 Οὐκοῦν
640 1538 710 1564 κατὰ
723 1538 812 1572 πάσης
824 1538 914 1565 αὐτῶν
927 1538 1033 1574 ἁπεφῄ-
1047 1558 1069 1588 c

248 1592 314 1611 νατο
326 1584 375 1618 τῆς
389 1583 485 1619 φυλῆς,
500 1583 547 1610 καὶ
561 1584 695 1618 μαρτυρεῖ
708 1583 742 1610 τὰ
757 1583 893 1619 ὁρώμενα.

283 1630 337 1657 Καὶ
351 1630 498 1663 ἐπιϐλέψῃ
511 1630 680 1664 κραταίωμα
698 1629 788 1656 ναῶν.
809 1629 845 1656 Τὸ
860 1629 942 1664 ῥητὸν
955 1630 1035 1665 ὴστὲ-

251 1685 350 1711 ριοται,
363 1677 432 1710 ὅπερ
448 1675 534 1706 οὕτως
549 1675 664 1707 ἐξέδωκε
677 1675 835 1710 Σύμμαχος.
843 1675 898 1702 Καὶ
909 1675 962 1711 ὄψῃ
976 1675 1033 1701 0λῖ-

248 1723 294 1757 ψιν
302 1722 484 1758 κατοικήσεως
496 1722 525 1748 ὲν
538 1721 616 1748 παντὶ
628 1717 650 1755 ᾦ
662 1721 1032 1757 εὐεργετηθήσεταιἿσραήλ.

249 1768 327 1799 Τινὲς
340 1767 379 1798 δὲ,
396 1767 564 1801 κραταίωμα
578 1766 629 1799 ὢν,
645 1766 786 1801 ὲκθέμενοι
801 1766 887 1798 οὕτως
904 1767 1035 1802 ἑρμήνευ-

249 1821 313 1839 σαν·
333 1812 387 1839 Τοῦ
402 1813 488 1845 ὄντος
510 1812 590 1846 λέγει
606 1812 689 1840 Θεοῦ,
699 1812 770 1846 Ἐγὼ
783 1812 838 1848 γὰρ
852 1812 922 1846 εἰμὶ,
940 1813 1032 1848 φησὶν,

249 1861 266 1886 ό
281 1860 333 1886 ὧν.
351 1859 451 1885 Τούτου
478 1858 643 1894 κραταῖωμα
662 1859 782 1894 κέκτηκε
804 1859 854 1894 τὴν
873 1859 1033 1894 ἱερωσύνην,

248 1905 297 1939 τὴν
321 1905 391 1932 κατὰ
414 1905 464 1940 τὴν
485 1905 562 1937 τάξιν
577 1904 754 1939 Μελχισεδέκ.
772 1905 856 1936 Δίκας
877 1904 906 1931 δὲ
928 1905 1034 1931 τέτικεν

249 1949 319 1985 ὑπὲρ
339 1949 392 1976 τῶν
407 1949 509 1976 παίδων
525 1949 594 1976 Ἥλί.
615 1949 670 1975 Καὶ
685 1948 772 1975 ταῦτα
792 1949 960 1984 παραινέσας
984 1949 1034 1974 αὺ-

247 1998 304 2026 τοῖς
318 1995 352 2022 τὰ
369 1996 551 2032 προσήκοντα.
566 1995 603 2022 Ού
619 1994 675 2030 γὰρ
689 1995 743 2021 ἔδει
758 1994 864 2026 τούτοις
875 1994 1033 2029 πραοτέρων

249 2041 413 2076 φαρμάκων.
422 2040 504 2067 Ἀλλὰ
517 2040 586 2075 μετὰ
604 2039 715 2075 πρώτην
730 2039 776 2066 καὶ
789 2039 917 2074 δευτέραν
931 2038 1033 2074 παραί-

249 2094 323 2112 νεσιν
347 2086 401 2113 τῶν
425 2086 505 2120 ιερῶν
530 2084 683 2120 περιϐόλων
706 2085 790 2120 ἐχρῆν
812 2084 1032 2112 ἀπελαύνεσθαι*

250 2133 418 2167 παρανοιιεϊν
432 2132 485 2167 γὰρ
498 2131 546 2158 καὶ
560 2131 623 2162 τοὺς
635 2131 731 2163 ἄλλους
745 2130 893 2158 ἐδίδασκον.

283 2312 337 2339 Kal
350 2312 513 2347 ἀναστήσω
525 2311 642 2347 ἐμαυτῷ
652 2311 730 2346 ἱερέα
744 2311 861 2339 πιστόν,
881 2310 973 2338 Ταῦτα
984 2311 1034 2347 ἀρ-

251 2359 343 2393 μόττει
366 2358 516 2394 ἀνθρώπων
535 2358 585 2393 μὲν
607 2358 704 2390 οὐδενὶ,
722 2358 797 2393 μόνῳ
819 2357 847 2384 δὲ
873 2357 913 2392 τῷ
939 2358 1034 2393 Κυρίῳ

249 2403 327 2439 ἡμῶν
347 2403 434 2438 Ἰησοῦ
451 2403 570 2439 Χριστῷ,
584 2403 614 2435 ὃς
630 2403 776 2438 ἀρχιερεὺς
786 2402 866 2437 ἡμῶν
874 2402 1032 2438 ὠνομάσθη,

248 2450 298 2484 τὴν
309 2449 379 2485 ὑπὲρ
393 2448 470 2484 ἡμῶν
481 2449 576 2475 ουσίαν
589 2449 732 2485 ἀναφέρων
745 2448 783 2484 τῷ
794 2448 889 2482 Πατρί.
900 2448 1034 2484 Χριστοὺς

248 2494 277 2520 δὲ
293 2494 356 2526 τοὺς
373 2494 463 2528 ἱεροὺς
477 2495 643 2526 ἀποστόλους
657 2495 746 2525 καλεῖ,
763 2495 885 2526 καὶτοὺς
898 2496 948 2529 τὴν
960 2495 1033 2521 ἐκεί·-

248 2547 301 2565 νων
331 2539 538 2574 διαδεξαμένους
566 2539 748 2567 διδασκαλίαν.
778 2539 888 2574 Χριστῷ
913 2539 962 2574 μὲν
986 2537 1033 2566 οὗν

249 2584 349 2619 κυρίως
362 2583 501 2619 προσῆκεν
514 2586 531 2619 ὴ
549 2585 710 2620 πρόρρησις,
724 2585 795 2612 κατὰ
809 2584 837 2611 δὲ
852 2585 901 2619 τὴν
915 2585 1033 2620 ἱστορίαν

247 2630 287 2665 τῷ
303 2630 406 2661 Σαδοὺκ
416 2650 423 2662 ,
441 2630 471 2662 ὃς
491 2631 523 2656 ὲκ
539 2630 587 2656 τοῦ
605 2631 738 2666 Ἐλεάζαρ
753 2632 881 2665 κατάγων
899 2630 929 2657 τὸ
944 2632 1032 2664 γένος,

247 2676 297 2711 τὴν
315 2676 521 2712 ἀρχιερωσύνην
539 2676 582 2703 διὰ
600 2677 648 2703 τοῦ
667 2677 838 2712 Σολομῶντος
857 2676 975 2709 ἐδέξατο.

542 2765 665 2791 ΚΕΦΑΛ.
687 2766 723 2793 Γ¹.

283 2809 339 2838 Kal
351 2811 367 2837 ό
381 2811 495 2845 λύχνος
507 2811 561 2838 τοῦ
573 2811 646 2838 Θεοῦ
661 2811 750 2846 πρινὴ
763 2812 1029 2848 ἐπισκευασθῆναι.

249 2855 390 2883 Δείκνυσιν
411 2856 449 2888 ὡς
473 2856 554 2889 εὐθὺς
578 2856 647 2892 μετὰ
669 2857 718 2893 τὴν
739 2857 857 2892 ἑσπέραν
871 2859 1031 2895 ἀρξαμένων

1086 952 1137 979 est,
1151 948 1210 974 Heli
1223 948 1343 975 divinam
1359 947 1473 982 gratiam
1486 967 1493 980 ,
1506 955 1559 982 qua
1570 955 1636 980 puer
1646 947 1771 979 ﬂorebat,
1792 947 1819 974 in
1838 954 1872 974 co

1085 993 1277 1021 considerasse
1290 1001 1298 1024 ;
1311 993 1387 1023 item.
1400 992 1474 1027 quod
1487 993 1652 1020 mirabiliter
1669 993 1696 1020 in
1709 993 1797 1020 lucem
1811 992 1872 1020 edi-

1085 1043 1247 1072 tus,etante
1261 1044 1369 1073 partum
1387 1038 1535 1073 praedictus
1548 1042 1632 1066 esset.
1643 1037 1774 1065 Praeterea
1790 1038 1816 1065 in
1830 1042 1872 1065 ta-

1085 1084 1233 1112 bernaculo
1241 1083 1346 1111 Domini
1361 1082 1495 1115 enutrito,
1511 1088 1602 1117 utpote
1610 1084 1717 1116 sancto,
1728 1083 1869 1116 Nazarao,

1084 1133 1111 1157 et
1120 1137 1134 1156 a
1145 1129 1198 1157 Deo
1209 1129 1359 1164 postulato,
1374 1129 1400 1155 id
1413 1128 1496 1164 (quod
1509 1136 1607 1156 nomen
1615 1128 1674 1163 ejus
1685 1129 1766 1156 etiam
1778 1129 1871 1156 decla-

1084 1177 1151 1211 rat.)
1170 1176 1243 1203 hunc
1268 1176 1351 1202 etiam
1367 1175 1500 1202 honorent
1520 1175 1662 1209 probabile
1674 1180 1716 1202 est
1729 1175 1869 1202 habuisse.

1083 1221 1217 1249 Caeterum
1227 1229 1275 1256 per
1287 1220 1380 1256 Ephod
1394 1220 1466 1248 Deus
1483 1220 1567 1248 multa
1579 1228 1679 1248 arcana
1694 1220 1869 1255 praedicebat.

1119 1265 1204 1294 Vens.
1219 1266 1264 1294 27.
1280 1265 1355 1295 Diri.
1372 1265 1473 1292 Domus
1490 1270 1547 1297 tua,
1565 1270 1590 1293 et
1602 1265 1697 1292 domus
1710 1266 1795 1299 patris
1815 1265 1866 1298 tui,

1085 1311 1147 1339 Haec
1163 1312 1305 1347 praedictio
1319 1311 1428 1338 videtur
1444 1309 1578 1338 familiam
1599 1310 1659 1338 Heli
1675 1318 1783 1338 summo
1799 1318 1870 1345 pon-

1084 1359 1188 1384 tiﬁcatu
1203 1357 1282 1392 511
1300 1356 1429 1391 dejicere.
1446 1355 1574 1384 Latenter
1586 1364 1652 1384 vero
1667 1357 1751 1384 totius
1763 1356 1869 1384 Judaici

1084 1403 1231 1431 sacerdotii
1248 1403 1328 1429 tinem
1347 1402 1448 1430 innuit.
1466 1401 1526 1429 Dixi
1546 1402 1631 1432 enim,
1645 1402 1753 1437 inquit:
1767 1401 1872 1430 Domus

1084 1453 1144 1480 tua.
1159 1453 1186 1476 et
1203 1449 1304 1475 domus
1321 1448 1409 1483 patris
1426 1449 1477 1480 tui,
1492 1447 1643 1475 ambulabit
1655 1455 1747 1475 coram
1767 1455 1810 1474 me
1824 1455 1871 1475 us-

1084 1502 1138 1529 que
1154 1494 1180 1520 in
1195 1496 1407 1528 sempiternum.
1423 1493 1451 1521 ld
1473 1497 1564 1520 autem
1582 1501 1635 1520 non
1652 1493 1789 1520 lthamaro
1806 1500 1869 1528 pro.

1086 1539 1170 1571 misit,
1188 1538 1234 1566 sed
1247 1539 1361 1566 Aaroni.
1379 1539 1407 1566 In
1420 1543 1477 1566 tota
1489 1539 1582 1574 itaque
1595 1539 1670 1566 tribu
1686 1539 1809 1573 ipsorum
1822 1546 1870 1566 ex-

1087 1585 1189 1620 posuit,
1203 1589 1228 1612 et
1245 1588 1366 1612 testatus
1382 1588 1435 1616 est,
1452 1592 1513 1619 quae
1523 1584 1635 1611 viderit.

1122 1630 1205 1659 Vsus.
1218 1631 1263 1659 52.
1277 1631 1396 1665 Aspides
1414 1630 1570 1665 templorum
1587 1630 1794 1664 ﬁrmamentmu.
1807 1628 1871 1656 Haec

1086 1676 1168 1703 verba
1187 1676 1321 1704 asterisco
1333 1676 1434 1710 lnotata
1453 1681 1529 1707 sunt,
1548 1683 1610 1709 qua:
1629 1674 1814 1709 Symmachus
1829 1675 1870 1702 sic

1086 1722 1207 1750 reddidit
1221 1721 1348 1750 :Videbis
1374 1721 1529 1756 angustiam
1544 1721 1734 1753 habitationis,
1754 1721 1780 1747 iu
1793 1720 1868 1747 omni

1087 1775 1130 1801 eo,
1147 1768 1175 1795 in
1193 1775 1248 1802 quo
1259 1767 1341 1795 Israel
1355 1767 1487 1795 beneﬁcio
1514 1766 1660 1793 amcietur.
1674 1765 1789 1799 Quidam
1805 1772 1870 1793 vero

1087 1813 1249 1849 κραταίωμα
1264 1812 1302 1839 ὢν
1318 1816 1498 1847 exponentes,
1513 1811 1548 1839 ad
1564 1812 1637 1839 hunc
1655 1811 1767 1839 modum
1782 1811 1869 1838 inter-

1088 1859 1188 1895 pretati
1209 1862 1289 1886 sunt:
1303 1857 1356 1884 Τοῦ
1374 1857 1450 1889 ὄντος
1467 1858 1542 1892 λέγει
1558 1857 1638 1889 Θεοῦ,
1653 1856 1681 1884 id
1698 1861 1752 1889 est,
1766 1856 1812 1883 Dci
1826 1856 1869 1883 di-

1089 1899 1140 1938 cit,
1161 1905 1208 1939 qui
1227 1904 1348 1932 exsistit.
1365 1903 1422 1939 Ego
1445 1904 1518 1930 enim
1533 1911 1604 1934 sum,
1628 1903 1727 1938 inquit,
1740 1902 1750 1938 [
1764 1903 1777 1929 ὁ
1796 1902 1870 1938 dm]

1086 1954 1132 1989 qui
1154 1961 1224 1980 sum.
1234 1952 1309 1980 lllius
1319 1953 1520 1979 ﬁrmamentum
1529 1951 1674 1986 appellavit
1685 1950 1868 1978 sacerdotium

1086 1997 1158 2033 quod
1186 2003 1228 2025 est
1256 1997 1406 2025 secundum
1428 1996 1553 2023 ordinem
1582 1995 1778 2022 Mclchisedec.
1809 1993 1868 2021 Heli

1086 2048 1190 2076 autem,
1209 2043 1273 2070 licet
1289 2043 1359 2069 ﬁlios
1375 2042 1410 2069 ad
1424 2042 1539 2069 honesta
1550 2040 1638 2068 oﬁicia
1649 2040 1814 2068 adhortatus
1822 2041 1868 2072 sit,

1086 2095 1179 2118 tamen
1195 2097 1244 2124 pro
1259 2089 1299 2116 cis
1312 2096 1406 2123 pmnas
1421 2087 1562 2122 dependit.
1575 2087 1635 2114 Non
1646 2086 1718 2114 enim
1734 2087 1820 2113 lenem
1835 2086 1868 2113 il-

1085 2137 1120 2164 lis
1138 2135 1272 2162 medelam
1290 2133 1424 2161 adhibere
1439 2133 1602 2168 oportebat;
1625 2131 1684 2163 sed,
1707 2134 1769 2166 post
1786 2138 1868 2158 unam

1085 2186 1114 2209 et
1128 2182 1242 2208 alteram
1263 2178 1492 2211 admonitionem,
1513 2186 1528 2205 a
1539 2177 1717 2205 sacerdotum
1734 2176 1869 2212 dignitate

1046 2231 1068 2259 Ι)
1083 2225 1225 2254 amovendi
1239 2228 1318 2253 erant
1335 2233 1341 2251 :
1357 2224 1508 2260 praesertim
1525 2230 1587 2250 cum
1604 2223 1666 2250 aliis
1688 2223 1769 2250 etiam
1795 2222 1869 2258 leges

1084 2270 1203 2300 violandi
1220 2270 1392 2297 occasionem
1409 2269 1572 2304 praeberent.

1119 2315 1205 2343 Vens.
1222 2315 1268 2342 55.
1284 2313 1425 2342 Suscitabo
1437 2313 1500 2340 mihi
1516 2314 1567 2348 ipsi
1575 2314 1740 2341 sacerdotem
1753 2313 1868 2345 ﬁdelem.

1085 2360 1148 2389 Haec
1166 2360 1270 2388 nemini
1287 2360 1411 2387 omnium
1429 2360 1599 2392 mortalium,
1616 2359 1663 2387 sed
1680 2359 1732 2386 soli
1755 2359 1869 2386 Damiuo

1084 2411 1180 2435 nostro
1198 2405 1261 2434 Jesu
1277 2405 1393 2433 Christo
1407 2408 1578 2440 competunt,
1593 2405 1639 2439 qui
1653 2412 1716 2431 cum
1731 2404 1806 2432 Patri
1821 2412 1869 2439 pro

1083 2452 1164 2480 nobis
1181 2452 1321 2478 victimam
1339 2450 1498 2481 obtulisset,
1522 2457 1648 2477 sunnnus
1663 2454 1758 2476 noster
1781 2450 1863 2484 ponti-

1085 2497 1128 2526 fex
1154 2497 1309 2532 appellatus
1325 2500 1379 2523 est.
1400 2495 1526 2523 Christos
1552 2499 1654 2527 autem,
1680 2496 1738 2522 sive
1759 2499 1866 2526 unctos,

1083 2548 1197 2571 sanctos
1209 2542 1351 2577 apostolos
1364 2544 1454 2573 vorat,
1470 2545 1497 2568 et
1513 2540 1576 2568 illos
1595 2540 1641 2575 qui
1660 2540 1815 2568 doctrinam
1829 2540 1869 2576 ip-

1083 2597 1177 2617 sorum
1201 2588 1416 2623 amplectuntur.
1443 2586 1554 2614 Christo
1579 2585 1662 2621 igitur
1687 2586 1813 2620 proprie,
1841 2590 1868 2612 et

1083 2633 1283 2669 principaliter,
1303 2633 1355 2659 hoc
1376 2632 1535 2659 vaticinium
1558 2631 1700 2660 convenit:
1717 2631 1867 2658 secundum

1083 2678 1225 2706 historiam
1240 2682 1342 2710 autem,
1354 2676 1524 2711 Sadoco,qui
1538 2675 1572 2702 ab
1580 2675 1709 2703 Eleazaro
1719 2683 1803 2711 genus
1818 2676 1868 2703 du-

1081 2731 1158 2758 cens,
1165 2731 1213 2760 per
1223 2723 1396 2751 Salomonem
1408 2730 1544 2750 summum
1552 2722 1741 2757 pontiﬁcatum
1751 2722 1866 2758 accepit.

1405 2768 1480 2796 CAP.
1499 2767 1542 2795 lll.

1119 2813 1202 2842 Vens.
1222 2814 1249 2841 5.
1268 2813 1302 2840 Et
1328 2814 1485 2849 priusquam
1511 2813 1620 2840 lucerna
1644 2813 1693 2840 Dei
1715 2816 1866 2847 purpurata

1081 2864 1157 2887 esset.
1183 2859 1328 2892 Quomodo
1355 2858 1427 2887 Deus
1459 2859 1616 2894 apparuerit
1641 2858 1783 2889 Samueli,
1803 2864 1864 2883 cum
