2086 3160
189 164 253 196 108¹1

852 164 1030 197 PROCOPII
1049 166 1170 196 GAZEI

1747 156 1816 189 1088'

188 219 306 252 primum
332 220 395 251 post
416 223 560 252 vesperam
587 216 709 245 dormire
730 217 870 253 empisset,
896 218 972 246 Scri-

1038 219 1164 247 εαθεύδειν
1189 218 1312 253 ἐπεφάνη
1335 217 1374 253 τῷ
1395 216 1523 251 Σαμουὴλ
1537 215 1551 241 ὁ
1565 215 1640 246 Θεός.
1650 214 1693 240 Ἐν
1708 215 1813 250 ἀσπέρᾳ

190 267 268 297 plura
293 261 426 288 ostendit.
453 261 564 297 Vesperi
585 262 660 289 enim
684 267 809 290 sanctam
832 263 973 291 lucernam

189 308 340 336 accendere
360 308 496 341 solebant,
514 313 542 336 et
561 309 650 336 media
667 314 747 337 nocte
774 311 864 338 oleum
886 311 974 346 impo—

190 359 265 380 nere.
278 351 399 386 Tempus
417 352 503 387 igitur
517 357 614 379 notare
623 354 718 380 volens
733 353 895 387 historicus,
906 362 975 382 nou-

189 398 254 425 dum
268 397 334 425 dicit
348 402 473 432 paratam
489 398 575 426 fuisse
587 399 740 426 lucernam.
757 398 899 428 Huicvero
907 405 974 428 aeta-

191 445 254 471 tula:
270 443 343 471 Dcus
360 444 504 478 majorem,
520 452 602 478 quam
617 445 753 473 senectuti
773 445 904 473 honorem
928 447 976 474 ha-

191 489 261 516 huit.
275 487 420 516 Praeterito
432 489 506 517 enim
526 489 586 523 illo,
608 490 655 525 qui
671 491 751 518 annis
766 491 800 518 98
817 491 934 524 vixerat,
949 495 977 519 et

191 533 227 560 40
249 533 388 568 duplicem
413 535 604 569 magistratum
629 541 753 570 gesserat
776 536 881 572 (iudex
901 537 975 564 enim

191 583 261 610 erat,
276 582 304 605 et
322 586 449 607 summus
465 580 609 615 pontifex)
625 600 632 612 ,
646 587 708 608 cum
730 581 844 616 puerulo
854 582 978 610 collocu-

194 629 240 651 tus
250 628 305 655 est,
317 624 420 652 docens
430 629 563 660 quantum
577 627 697 661 pueritia
706 627 855 655 virtutibus
865 633 975 660 ornata,

194 668 331 695 senectuti
346 668 524 696 anteferenda
539 669 586 697 sit.
604 669 706 697 Verum
723 670 797 699 Deus
811 671 901 705 ipsum
913 671 977 699 Heli

195 718 301 740 tantum
324 719 435 748 propter
455 713 526 742 ﬁlios
545 720 690 743 aversatus
704 720 756 744 est.
776 716 806 744 In
822 716 884 750 ipso
905 717 977 744 enim

195 758 313 793 propriae
329 759 448 787 virtutes
464 759 585 791 elucent.
597 761 698 796 quibus
709 767 823 789 ornatus
840 762 901 789 fuit.
916 762 978 790 Pri-

196 812 269 830 mum
284 805 356 831 enim
371 804 574 833 adolescentem
589 805 622 832 ad
638 814 668 834 se
687 814 786 834 vocare
801 814 856 834 non
870 811 913 835 est
931 815 977 835 ve-

197 851 279 883 ritus,
293 855 322 877 ut
337 850 362 878 ei
379 851 510 885 aperiret,
523 859 583 886 qua:
597 851 730 880 divinitus
744 853 871 882 nuntiata
884 857 976 881 erant.

1025 265 1079 301 γὰρ
1095 266 1140 293 τὸν
1152 265 1223 300 ἱερὸν
1240 263 1338 298 λύχνον
1362 263 1459 289 ἆπτειν
1477 260 1632 287 είὼθεισαν.
1647 260 1714 295 Περὶ
1729 260 1814 294 μέσας

1023 311 1053 338 δὲ
1077 311 1178 343 νύκτας
1202 309 1350 336 ἐπέϐαλλον
1376 308 1477 334 έλαιον.
1494 306 1546 332 Τὸν
1571 305 1668 340 καιρὸν
1691 305 1780 331 τοίνυν
1800 305 1815 331 ὁ

1026 356 1202 392 συγγραφεὺς
1225 355 1346 390 δηλῶσαι
1371 353 1499 389 θελήσας,
1517 352 1574 387 εφη
1596 351 1708 386 μηδέπω
1729 359 1815 378 κατα·

1025 401 1209 436 σκευασθῆναι
1223 401 1268 427 τὸν
1281 400 1388 434 λύχνον.
1399 398 1454 433 Τὴν
1468 397 1595 432 τοιαύτην
1605 396 1633 422 δὲ
1645 396 1757 431 ἡλικίαν
1767 397 1816 430 τῆς

1026 447 1122 479 πολιᾶς
1137 446 1340 483 προτετίμηκεν
1355 445 1369 471 ὁ
1383 444 1461 475 Θεός.
1479 443 1535 470 Καὶ
1559 442 1604 468 τὸν
1627 440 1700 468 ὀκτὼ
1726 441 1817 476 ἆνενή-

1026 502 1106 520 κοντα
1120 492 1167 526 ἐτη
1181 491 1332 527 βεϐιωκότα
1342 511 1349 523 ,
1365 490 1412 517 ttat
1431 488 1637 524 τεσσαράκοντα
1662 487 1710 521 ἐτη
1729 486 1817 521 ἀρχῆς

1026 537 1175 570 ἀξιωθέντα
1194 536 1300 571 διπλῆς.
1318 534 1424 571 Κριτὴς
1449 533 1503 568 γὰρ
1525 531 1571 568 ἦν,
1588 532 1637 559 καὶ
1660 529 1815 566 ἀρχιερεύς.

1026 582 1193 611 Καταλιπὼν
1214 581 1254 618 τῷ
1271 581 1446 617 σμικροτάτῳ
1460 578 1585 614 διελέχθη
1606 577 1721 611 παιδίῳ·
1746 575 1818 602 διδά·

1028 638 1101 656 σκων
1114 629 1169 663 ὅσῳ
1186 627 1280 658 πολιᾶς
1292 627 1413 662 ἀμείνων
1423 625 1520 660 νεότης
1531 624 1617 659 ἀρετῇ
1632 621 1817 657 κοσμουμένη.

1027 674 1077 701 Διά
1091 674 1119 701 δὲ
1132 674 1196 705 τοὺς
1213 673 1314 704 παῖδας
1332 672 1429 708 μόνους
1442 670 1607 706 ἀπεστράφη
1620 668 1686 700 Θεὸς
1696 667 1817 694 τδνἮλί.

1027 719 1110 754 Δῆλος
1124 719 1179 754 γάρ
1196 719 1270 745 ἐστιν
1284 717 1394 748 οἰκείοις
1408 715 1597 751 κοσμούμενος
1611 712 1817 749 κατορθώμασι.

1028 765 1141 800 Πρῶτον
1164 764 1219 799 γὰρ
1242 764 1293 790 οὐκ
1316 762 1438 799 ᾐσχύνθη
1466 761 1658 797 παρακαλέσαι
1681 759 1726 785 τὸν
1750 758 1819 790 νέον,

1030 810 1144 846 μηνύειν
1169 809 1243 845 αύτῷ
1269 809 1304 836 τὰ
1328 808 1420 835 θεόθεν
1444 806 1664 841 ἀπαγγελθέντα,
1681 805 1730 831 σὺν
1747 804 1821 839 ὅρκῳ

1028 856 1068 888 δὲ,
1084 856 1132 883 καὶ
1145 856 1236 891 ἀραῖς,
1251 854 1336 890 μηδὲν
1349 853 1511 890 ἀποκρύψαι
1525 852 1684 886 κατέδησεν.
1694 849 1761 877 Εἶτα
1772 848 1821 884 τὴν

198 895 299 923 Deinde
310 895 468 930 iuramento
489 904 551 925 eum
566 897 726 929 obstrinxit.
741 902 768 925 et
785 898 894 926 devovit
905 907 980 932 eum,

1038 902 1119 937 ζιῆφον
1138 900 1245 936 μαθὼν,
1259 900 1310 935 τὴν
1323 900 1480 932 ἀξιέπαινον
1499 899 1589 933 ἀφῆκε
1602 897 1704 932 φωνήν.
1719 894 1822 930 Κύριος

197 948 231 968 ne
244 941 310 976 quid
326 948 421 969 earum
438 949 542 974 rerum,
559 950 630 978 quas
645 944 799 976 audiverat,
815 944 978 972 occultaret.

197 986 330 1018 Tandem,
351 987 463 1022 cognita
483 986 590 1014 Domini
615 990 762 1021 sententia.
781 997 876 1017 vocem
902 989 981 1017 laude

196 1031 384 1066 dignissimam
402 1032 505 1059 emisit.
524 1033 667 1066 Dominus,
683 1035 756 1069 quod
773 1034 877 1062 bonum
890 1040 934 1063 est
952 1036 980 1062 in

197 1077 286 1104 oculis
309 1079 378 1108 suis.
402 1078 497 1106 t‘aciet.
523 1078 595 1111 Quin
618 1080 701 1107 etiam
725 1079 843 1107 ﬁliorum
865 1081 980 1114 caedem,

1032 948 1062 974 τὸ
1086 947 1201 982 ἀρεστὸν
1224 945 1352 973 ἐνώπιον·
1362 946 1446 973 αὐτοῦ
1471 945 1600 980 ποιήσει.
1615 942 1672 970 ἀλλ’
1686 941 1746 969 οὐδὲ
1768 941 1823 966 τῶν

1033 989 1138 1017 παίδων
1160 990 1209 1023 τὴν
1236 990 1345 1025 σφαγὴν
1365 990 1482 1025 ἤνεγκεν
1507 989 1612 1022 ἀγενῶς
1637 985 1748 1021 πατὴρ,
1775 985 1824 1011 καὶ

1033 1035 1202 1071 πρεσϐύτης.
1215 1036 1265 1062 Διά
1278 1036 1307 1062 δὲ
1320 1035 1370 1071 τὴν
1389 1034 1504 1061 ἁλοῦσαν
1526 1033 1606 1060 ἔπεσε
1626 1031 1757 1062 κιϐωτὸν,
1776 1029 1824 1056 καὶ

1035 1082 1182 1117 ἀθυμήσας
1196 1082 1226 1108 ού
1248 1082 1380 1117 μετρίως,
1396 1081 1542 1107 ἀπέθανεν.

196 1124 372 1157 quantumvis
387 1129 474 1159 pater,
490 1129 517 1153 et
531 1134 625 1157 senex,
649 1131 740 1154 tamen
757 1126 821 1154 forti
833 1135 989 1163 magnoque
1007 1129 1099 1156 animo
1128 1129 1201 1157 tulit.
1229 1128 1343 1164 Propter
1356 1134 1448 1155 arcam
1471 1133 1538 1155 vero
1562 1130 1681 1160 captam,
1697 1130 1751 1150 non
1768 1128 1825 1149 me-

197 1169 328 1196 diocriter
345 1174 549 1204 consternatus,
564 1172 672 1205 cecidit.
693 1176 720 1202 et
737 1177 866 1202 mortuus
879 1177 932 1202 est.

235 1213 317 1242 Vens.
335 1215 378 1242 M.
396 1214 427 1244 Si
441 1216 602 1252 czpiubttur.
618 1219 733 1247 Videtur
749 1220 794 1248 hic
805 1220 983 1255 quodammo-

199 1262 234 1290 do
247 1263 317 1291 viam
328 1265 495 1299 praecludere
508 1267 686 1302 paenitentiae.
703 1276 752 1304 spe
768 1269 853 1296 veniae
866 1268 900 1295 iis
916 1267 986 1295 haud

201 1315 346 1336 concessa.
366 1310 494 1338 Attamen
513 1312 642 1339 attendas
665 1312 699 1339 ad
721 1312 815 1340 verba.
835 1311 909 1339 Dicit
929 1321 936 1339 :
959 1312 987 1338 ln

202 1352 348 1380 sacriﬁciis
366 1362 421 1381 non
445 1354 516 1382 dabo
532 1357 574 1383 eis
592 1358 713 1389 veniam,
731 1357 783 1385 hoc
797 1361 850 1389 est,
877 1357 989 1384 nonnisi

205 1404 316 1433 propter
340 1407 424 1434 opera
443 1405 470 1428 et
495 1402 685 1436 paenitentiam
707 1402 869 1438 perfectam.
893 1401 990 1436 Neque

204 1443 277 1470 enim
294 1444 399 1472 nudum
420 1451 461 1473 est
478 1451 632 1481 peccatum,
651 1455 679 1476 ιιι
698 1457 746 1484 per
763 1449 868 1476 hostias
883 1449 989 1476 veniam

205 1495 220 1514 τι
239 1497 283 1517 me
298 1491 457 1527 impetrent,
471 1494 518 1521 sed
536 1494 703 1521 contumelia
720 1503 763 1524 me
777 1495 938 1523 aﬁ‘ecerunt.

513 1536 627 1564 CAPUT
647 1537 692 1565 ιν.

1073 1219 1108 1245 El
1121 1217 1365 1250 ἐξιλασθήσεται.
1386 1217 1466 1242 Δοκεῖ
1479 1223 1538 1246 πως
1557 1210 1607 1241 ὦδε
1622 1212 1779 1248 ἐμποδίζειν
1793 1213 1826 1247 τῇ

1040 1264 1185 1300 μετανοίᾳ,
1206 1263 1242 1299 μὴ
1269 1263 1355 1294 διδοὺς
1382 1262 1473 1292 αὐτοῖς
1498 1261 1592 1288 ἐλπίδα
1615 1258 1827 1294 συγχωρήσεως.

1045 1310 1125 1338 Ἀλλὰ
1147 1311 1266 1346 πρόσχες
1284 1310 1315 1337 τὸ
1330 1309 1412 1345 ῥητόν
1424 1317 1431 1324 ·
1447 1309 1540 1344 φησὶν,
1556 1308 1597 1334 ὁτι
1613 1307 1657 1333 Ἐν
1673 1305 1780 1336 θυσίαις
1797 1304 1829 1330 οὒ

1040 1356 1174 1392 συγχωρῶ
1197 1356 1301 1388 αὐτοῖς,
1323 1355 1462 1382 τουτέστιν
1488 1354 1536 1380 ἐὰν
1562 1353 1599 1388 μὴ
1622 1352 1657 1378 δι’
1668 1352 1767 1386 ἔργων,
1783 1350 1830 1376 καὶ

1041 1401 1187 1436 μετανοίας
1200 1400 1318 1430 τελείας.
1335 1400 1372 1427 ού
1385 1400 1438 1435 γὰρ
1452 1398 1530 1434 ψιλόν
1545 1399 1602 1424 ἐστι
1617 1397 1646 1423 τὺ
1666 1396 1830 1431 ἁμάρτημα,

1043 1447 1087 1474 ἵνα
1109 1447 1154 1474 διὰ
1173 1446 1338 1482 θρεμμάτων
1359 1443 1535 1478 ἐξιλάσωνται
1559 1451 1607 1480 με,
1634 1441 1702 1469 ἀλλά
1725 1440 1756 1467 τδ
1780 1439 1833 1473 τῆς

1044 1492 1150 1529 ὕϐρεως
1166 1493 1205 1524 είς
1219 1492 1271 1528 ἐμὲ
1287 1492 1383 1527 ἀνῆκε.
1405 1491 1437 1518 C.
1450 1490 1482 1518 L.

1354 1536 1468 1563 ΚΕΦΑΛ
1487 1536 1525 1562 Δ’.

243 1576 325 1605 Vens.
341 1579 384 1606 tl.
404 1570 474 1607 Area
490 1586 578 1608 autem
595 1581 700 1608 Domini
715 1588 793 1617 capta
805 1587 856 1611 est.
870 1584 934 1611 Haec
949 1590 988 1610 res

1081 1583 1135 1610 Kal
1150 1583 1168 1616 ἠ
1186 1583 1308 1615 κιϐωτὸς
1321 1582 1374 1609 τοῦ
1389 1581 1462 1609 Θεοῦ
1474 1581 1602 1615 ἐλήφθη.
1625 1578 1834 1625 Διπλῆνγτὺγγε-

208 1620 342 1657 duplicem
361 1624 506 1652 utilitatem
528 1627 631 1653 attulit.
656 1626 784 1655 Hebr-.eos
809 1628 881 1655 enim
898 1627 992 1656 docuit

209 1671 239 1692 ut
255 1673 339 1699 recte,
350 1673 376 1695 et
394 1669 514 1703 legitime
531 1671 669 1703 viventes.
700 1671 745 1698 Dei
762 1679 836 1699 curae
849 1676 877 1700 et
901 1672 993 1707 provi-

209 1711 309 1740 dentiae
321 1714 504 1748 conﬁderent;
519 1716 629 1750 quando
646 1724 711 1743 vero
730 1717 837 1751 inique,
852 1720 879 1743 et
896 1721 993 1743 contra

211 1757 283 1791 leges
297 1762 420 1792 agerent,
436 1767 524 1794 m-quc
537 1760 602 1795 ipsi,
619 1768 707 1795 neque
721 1769 792 1789 arca:
813 1762 993 1789 conﬁderent.

210 1802 266 1830 Cur
292 1804 364 1830 enim
393 1809 489 1832 contra
508 1806 697 1840 praescriptum
717 1806 763 1834 Dei
779 1805 923 1837 facientes.
952 1814 996 1833 ar-

211 1856 270 1875 cam
291 1849 329 1884 (in
345 1858 397 1884 qua
417 1851 459 1878 lex
481 1851 600 1886 reposita
619 1852 696 1887 erat)
718 1853 745 1879 in
772 1852 838 1880 belli
864 1853 995 1880 auxilium

211 1894 396 1922 adhibuerunt
406 1896 417 1922 ’ἔ
429 1896 565 1923 Ριιιιιιειὶιιί
581 1905 647 1924 vero
658 1898 684 1924 in
698 1905 798 1932 magno
812 1903 888 1925 motu
905 1903 996 1930 erant,

211 1947 274 1966 rum
292 1939 407 1974 Hebraei,
423 1942 482 1969 visa
498 1949 573 1974 area,
591 1943 729 1978 ingentem
748 1944 896 1971 clamorem
914 1944 998 1972 eden-

212 1989 265 2015 tes.
278 1986 420 2014 utilitatem
436 1990 463 2014 ct
479 1987 612 2014 auxilium
637 1993 792 2023 sperarent.
819 1987 887 2016 Cum
905 1993 996 2016 autem

213 2035 289 2065 parta
306 2031 419 2059 victm-ia
444 2039 504 2060 cam
523 2037 742 2065 contemnerent,
766 2041 798 2061 ac
825 2033 910 2061 veluti
937 2033 997 2060 {ru-

212 2084 275 2111 gum
298 2077 447 2112 primitias,
472 2081 519 2105 aut
549 2079 636 2113 spolia
667 2078 791 2106 hostibus
818 2078 954 2112 detracta,
971 2078 998 2105 in

214 2124 312 2159 templa
336 2131 447 2152 suorum
473 2124 586 2152 deorum
611 2129 788 2159 reponerent,
812 2124 859 2152 Dei
883 2125 938 2152 vim
972 2129 1000 2152 et

214 2169 374 2204 potentiam,
388 2170 478 2205 reipsa
491 2170 596 2205 experti
611 2173 685 2198 sunt.

250 2215 331 2244 Vnus.
348 2216 374 2243 4.
389 2216 459 2251 (Ipse
471 2224 531 2244 vero
547 2216 679 2251 judicavit
695 2215 782 2243 Israel
794 2215 886 2250 viginti
897 2215 998 2250 antiis.)

1043 1629 1121 1664 γονὸς
1135 1629 1268 1664 ὠφέλειαν
1284 1628 1446 1662 ἐϐλάστησε.
1464 1628 1534 1659 Τοὺς
1551 1627 1600 1661 μὲν
1616 1626 1671 1660 γὰρ
1691 1624 1832 1659 Ἑϐραίους

1044 1675 1173 1708 ἐδίδαξεν.
1194 1675 1316 1709 ἐννόμως
1331 1675 1380 1710 μὲν
1398 1674 1522 1710 βιοῦντας
1538 1674 1570 1708 τῇ
1582 1671 1630 1698 τοῦ
1642 1671 1710 1697 Θεοῦ
1729 1678 1834 1705 προμη-

1045 1719 1106 1754 θείᾳ
1121 1720 1233 1755 θαρρεῖν
1244 1727 1250 1734 ·
1269 1719 1495 1754 παρανομοῦντας
1509 1718 1549 1750 δὲ,
1568 1719 1636 1752 μήτε
1653 1716 1744 1750 αὐτῷ,
1765 1715 1832 1749 μήτε

1044 1768 1078 1801 τῇ
1090 1765 1199 1800 κιϐωτῷ
1212 1764 1382 1792 πεποιθέναι,
1396 1765 1427 1790 Τί
1440 1765 1540 1799 δήποτε
1554 1763 1608 1798 γὰρ
1619 1763 1660 1793 εἰς
1671 1760 1832 1795 ἐπικουρίαν

1045 1812 1141 1838 ἔλαϐον
1164 1811 1295 1846 πολέμου,
1319 1809 1541 1846 παρανομοῦντες
1565 1810 1616 1844 τὴν
1637 1807 1766 1838 κιϐωτδν,
1783 1806 1833 1840 τὴν

1045 1857 1091 1884 τὸν
1114 1857 1328 1892 νόμον’ένδοθεν
1350 1856 1465 1891 ἔχουσαν
1488 1855 1687 1889 ἁποκείμενονς
1712 1853 1743 1879 οι
1759 1852 1786 1878 δέ
1801 1859 1834 1885 γε

1047 1901 1205 1936 ἀλλόφυλοι,
1219 1901 1358 1932 δείσαντες
1379 1901 1428 1935 μὲν
1443 1901 1524 1935 ἡνίκα
1541 1899 1670 1935 φανείσης
1685 1897 1735 1932 τῆς
1749 1897 1835 1924 κιϐωο

1047 1947 1094 1974 τοῦ
1114 1947 1251 1982 ἠλάλαξαν
1269 1948 1295 1974 οἱ
1313 1947 1444 1982 Ἑϐραῖοι,
1461 1945 1627 1981 ὠφελοῦντο.
1653 1943 1834 1979 Καταφρονη-

1049 2000 1144 2022 σαντες
1159 1991 1187 2018 δὲ
1205 1991 1274 2026 μετὰ
1289 1991 1338 2027 τὴν
1352 1991 1431 2026 νίκην
1442 2011 1449 2022 ,
1467 1992 1514 2018 καὶ
1528 1987 1584 2017 οἷον
1597 1989 1750 2025 ἀκροθίνιον
1770 1988 1836 2014 ταύ-

1048 2045 1098 2070 την
1113 2037 1168 2068 τοῖς
1180 2036 1291 2068 οίκείοις
1307 2036 1513 2067 ἀνατεθεικότες
1526 2034 1657 2067 εἰδώλοις,
1672 2033 1774 2069 ἔμαθον
1801 2035 1838 2068 τῇ

1050 2082 1133 2118 πείρᾳ
1152 2083 1199 2109 τοῦ
1218 2082 1286 2110 Θεοῦ
1309 2082 1396 2118 ἰσχύν.
1736 2089 1739 2091 ’

1090 2215 1141 2242 Καὶ
1164 2215 1255 2248 αὐτὸς
1276 2214 1375 2248 ἔκρινε
1392 2215 1446 2241 τὸν
1464 2213 1587 2249 Ἰσραὴλ
1606 2213 1704 2240 εἴκοσι
1724 2211 1787 2245 ἔτη.
1802 2211 1840 2237 Τδ

215 2261 356 2289 llehrteum
388 2262 541 2297 exemplum
568 2262 669 2295 habet,
703 2261 903 2297 quadraginta;
932 2261 985 2288 dici

1054 2260 1201 2296 Ἐϐραῐκδν
1215 2261 1282 2295 ἔχει,
1296 2260 1594 2295 τεσσαράκοντα.Ἔχει
1608 2257 1803 2294 γὰρἎρϐαείμ
1813 2262 1839 2284 ι.

214 2308 285 2334 cnim
302 2307 423 2334 Arboim.
447 2307 554 2342 Reliqui
571 2307 653 2335 etiam
679 2314 775 2334 omnes
794 2306 826 2333 ad
850 2307 924 2334 hunc
940 2314 1001 2333 mo-

215 2354 279 2382 dum
294 2358 488 2389 exposuerunt.

525 2397 641 2426 CAPUT
663 2397 694 2425 V'.

253 2444 333 2472 Vens.
349 2444 375 2471 6-
392 2443 427 2472 Et
441 2444 570 2478 percussit
581 2452 624 2471 eos
638 2443 665 2471 in
677 2443 782 2471 natibus
793 2443 1000 2478 eorum.Aquila

217 2489 285 2517 dicit
298 2489 406 2524 pulchre
427 2496 563 2521 cancroso,
575 2488 647 2523 quod
664 2488 812 2523 φαγέδαινα
831 2487 943 2518 diciturl
961 2487 1003 2514 af-

218 2535 307 2563 ﬂictos
321 2542 390 2562 esse.
406 2533 543 2569 Josephus
568 2534 755 2570 dysenteriam
783 2534 861 2564 dicit,
884 2533 955 2567 quod
986 2541 1002 2560 a

219 2580 361 2616 Scriptura
382 2586 436 2606 non
453 2579 600 2615 discrepat,
616 2584 643 2607 et
658 2579 773 2607 abludit.
789 2578 926 2606 Proﬁuvio
950 2586 1001 2606 au—

220 2632 272 2654 tem
284 2625 387 2653 ventris
396 2625 567 2659 laborarunt,
576 2633 609 2653 eo
616 2625 689 2660 quod
699 2632 791 2652 arcam
804 2624 911 2652 Domini
921 2624 1002 2660 512

220 2672 313 2707 impie,
344 2676 372 2699 et
398 2670 503 2699 nefarie
523 2670 601 2706 juxta
628 2670 787 2698 mendacem
811 2677 891 2698 suum
918 2669 1002 2698 Deum

221 2717 439 2746 Collocavissent.

1053 2307 1108 2334 Καὶ
1122 2308 1148 2334 ol
1165 2307 1253 2334 λοιποὶ
1270 2307 1298 2334 δὲ
1314 2307 1415 2338 πάντες
1426 2306 1513 2338 οὕτως
1525 2305 1672 2340 ἐξέδωκαν.

1357 2394 1483 2421 ΚΕΦΑΛ.
1505 2394 1542 2420 Ε’.

1090 2440 1143 2466 Καί
1168 2439 1318 2472 ἐπάταξεν
1340 2439 1450 2472 αὐτοὺς
1474 2439 1518 2470 εις
1541 2437 1594 2470 τὰς
1621 2436 1711 2470 ἔδρας
1733 2434 1842 2462 αὐτῶν.

1061 2484 1199 2516 Ἀκύλαςὶθ
1215 2485 1264 2520 μέν
1282 2494 1376 2520 φησιν,
1390 2485 1428 2516 ὼς
1446 2484 1476 2511 τὸ
1492 2483 1546 2517 τῆς
1559 2482 1743 2518 φαγεδαινηι·
1763 2481 1846 2514 ἐσκή-

1055 2539 1119 2556 κασι
1144 2531 1239 2562 πάθος.
1254 2531 1385 2566 Ἰώσηπος
1407 2530 1436 2556 δὲ
1458 2529 1635 2563 δυσεντερίαν
1659 2527 1753 2562 φησιν,
1777 2526 1846 2559 ὅπερ

1055 2575 1124 2609 πρὸς
1137 2575 1186 2610 τὴν
1204 2575 1314 2611 Γραφὴν
1336 2576 1366 2602 οὗ
1388 2573 1678 2609 διαφωνεί.’Δκρατῶς
1695 2572 1750 2607 γὰρ
1763 2579 1845 2606 φερο-

1057 2620 1124 2655 μένη
1139 2621 1256 2656 γαστὴρ,
1270 2621 1397 2656 πλήττειν
1412 2618 1467 2647 οἶδε
1481 2620 1528 2646 καὶ
1545 2619 1592 2646 τὸν
1604 2616 1758 2654 δακτύλιον.
1770 2616 1807 2642 Τὸ
1818 2615 1846 2642 δὲ

1056 2665 1106 2700 τῆς
1120 2666 1199 2701 ἔδρας
1213 2667 1362 2702 ὑπέμειναν
1378 2665 1463 2697 πάθος
1475 2685 1482 2697 ,
1501 2665 1538 2696 ὡς
1554 2663 1690 2695 δυσσεϐῶς
1703 2661 1751 2698 τὴν
1764 2661 1847 2688 κιϐω-

1061 2714 1106 2741 τὸν
1117 2714 1165 2748 τὴν
1178 2713 1253 2740 θείαν
1270 2713 1345 2748 πο.ρά
1359 2711 1424 2739 Θεὸν
1439 2710 1591 2747 ἡδρακότες
1607 2707 1796 2744 ψευδώνυμον.

859 2791 976 2820 VABUE
997 2789 1200 2819 LECTIUNES.

263 2862 275 2876 α
292 2855 321 2883 (Σ.
338 2852 524 2888 ιι.¹Λρμαείμ.
562 2854 577 2873 τι
594 2853 632 2881 Ad
651 2859 726 2881 oram
739 2852 801 2879 lihri
818 2852 977 2879 adnotatum
990 2853 1049 2879 erat
1064 2848 1206 2880 ’Δκάκιος.
