2086 3160
205 192 284 224 .1089

733 194 997 226 COMMENTARII
1019 193 1058 224 IN
1076 193 1148 223 LIB.
1168 193 1181 223 I
1196 194 1344 224 REGUM.

1782 196 1849 233 109:)

249 248 400 283 Λέγουσιν
415 250 444 275 οι
454 249 600 276 Γετθαῖοι.
619 249 859 285 ’Υποτοπήσαντες
873 250 922 284 τὴν
937 249 1005 284 πλη-

1094 246 1177 275 Vens.
1194 248 1222 275 8.
1243 247 1342 274 Dicunt
1367 253 1455 275 autem
1480 248 1592 285 Uethei.]
1610 249 1792 285 Suspicantur
1813 251 1850 278 il-

212 293 266 329 γὴν
284 293 322 329 μὴ
336 291 406 321 εἶναι
423 294 554 329 θεήλατον
564 315 572 327 ,
588 295 659 321 ἀλλὰ
675 295 754 322 νόσον
768 296 800 321 ἔκ
815 295 943 330 λοιμικῆς
965 303 1007 321 τι-

214 348 259 371 νος
274 340 480 373 καταστάσεως,
495 341 564 377 πρὸς
587 341 703 373 ἑαυτοὺς
721 341 935 377 μετενεγκόντες
955 341 1006 367 πά-

216 394 311 421 σχουσι
328 386 521 422 παραπλήσια.

516 445 644 471 ΚΕΦΛΛ.
663 444 709 478 (τ’.

253 489 437 526 Καιένένετο
457 490 477 524 ᾐ
498 489 622 522 κιϐωτὸς
637 490 691 517 τοῦ
710 489 784 517 Θεοῦ
803 489 838 516 ἐν
857 487 936 523 ἀγρῷ
951 487 1009 515 τῶν

216 535 401 568 ἀλλοφύλων
418 534 519 570 μῆνας
537 533 570 565 ζ’.
592 535 739 570 Μηδεμιᾶς
762 535 866 566 πόλεως
882 533 1009 567 δέξασθαι

216 578 359 615 τολμώσης
373 579 423 615 τὴν
438 579 565 611 κιϐωτὸν,
578 578 632 611 ἔξω
643 580 746 614 ταύτην
761 579 790 605 ὲν
805 578 931 614 ὑπαίθρῳ
942 587 1009 604 κατ-

216 625 324 652 έλειπον
335 633 342 639 ·
358 625 430 652 οὕτω
442 625 493 659 τῆς
507 625 616 660 πληγῆς
632 624 824 660 ἀπαλλαγῆναι
837 623 1007 659 νομίσαντες.

215 671 262 698 Διὺ
278 671 324 698 καὶ
341 670 394 697 τῶν
408 671 440 697 ἐκ
454 672 506 706 γῆς
521 669 707 706 ἐτιμωροῦντο
722 669 850 705 καρπῶν,
866 669 1010 700 πείσαντος

217 715 316 746 αὐτοὺς
335 714 382 741 τοῦ
402 714 483 743 Θεοῦ.

257 757 304 790 Ὧς
317 758 408 789 αὐτὸς
425 757 475 784 καὶ
501 757 564 791 τοῖς
587 758 760 792 Αῑγ-υπτίοις
780 757 833 790 τὰς
850 757 1010 791 διαφόρους

216 803 394 838 ἐπενηνόχει
410 803 541 836 πληγάς.
558 803 619 830 Ἔτι
643 803 697 838 7&9
713 802 824 830 ἔναυλον
839 801 912 837 εἶχον
936 802 1009 829 ὲκεί-

217 858 270 877 νων
295 849 344 885 τὴν
370 850 498 886 μνήμην,
513 850 550 881 ὡς
576 850 712 886 μαρτυρεί
733 848 798 884 παρ’
815 848 905 875 αὐτῶν
933 849 1010 884 εἰρη-

219 896 299 931 μένα.
337 924 339 926 _

1060 293 1111 319 lam
1126 293 1232 328 plagam
1250 301 1304 319 non
1320 293 1429 320 immitti
1444 293 1589 326 divinitus,
1607 294 1653 321 sed
1676 295 1800 322 morbum
1815 303 1849 322 ex

1059 337 1204 372 pestilente
1219 338 1337 372 quadam
1355 337 1500 365 affectione
1525 343 1615 366 ortqu
1645 347 1725 372 esse;
1755 347 1848 367 arcam

1059 383 1143 418 igitur
1160 382 1195 410 ad
1211 390 1241 411 se
1264 382 1473 416 transferentes,
1485 383 1579 412 eadem
1595 386 1748 420 patiuntur.

1364 439 1478 467 CAPUT
1499 439 1544 467 Vl.

1095 483 1178 511 Vens.
1193 484 1219 512 l.
1240 484 1276 512 Et
1298 484 1350 519 fuit
1365 492 1429 511 arca
1447 486 1474 512 in
1497 493 1563 520 agro
1584 485 1791 514 Palieslinorum
1807 495 1850 515 se-

1059 534 1129 564 ptem
1147 530 1292 557 mensibus.
1317 530 1384 557 Cum
1403 531 1507 557 nullum
1524 539 1558 558 ex
1576 531 1683 566 oppidis
1700 539 1790 560 arcam
1805 540 1850 560 re-

1059 574 1152 610 cipere
1166 575 1290 608 auderet,
1307 582 1367 603 eam
1393 581 1470 603 extra
1487 576 1589 612 oppida
1618 577 1670 605 sub
1695 577 1759 605 divo
1784 578 1850 605 reli-

1060 626 1190 658 querunt,
1207 623 1247 650 sic
1263 623 1314 650 rati
1330 629 1360 650 se
1382 630 1464 658 posse
1478 623 1558 651 malis
1574 623 1695 652 liberari.
1712 623 1850 657 Quamob-

1060 675 1118 696 rem
1142 668 1257 696 Domino
1275 669 1350 704 ipsos
1369 669 1538 705 castigante,
1554 669 1637 698 etiam
1649 670 1756 706 frugum
1771 675 1850 698 terra:

1061 714 1175 749 penuria
1195 714 1301 741 multati
1318 719 1393 742 sunt.

1099 759 1185 786 Vsus.
1212 759 1239 786 6.
1255 759 1486 792 Quemadmodum
1502 760 1558 794 ipse
1581 761 1660 788 etiam
1675 760 1745 788 Deus
1762 761 1850 789 varias

1061 803 1154 838 plagas
1176 803 1312 839 Εῃνριὶἱι
1336 804 1438 832 intulit.
1469 804 1614 833 Recentem
1642 806 1715 833 enim
1742 805 1849 834 illarum

1061 856 1152 876 rerum
1184 849 1346 876 memoriam
1378 849 1482 882 fuisse,
1514 858 1657 878 sermones
1683 858 1777 878 eorum
1811 856 1850 878 te—

1062 898 1183 921 stautur.

252 942 305 969 Ἐν
327 942 429 977 θέματι
449 940 589 976 βαεργάζῖ
611 941 760 976 Σύμμαχος
774 939 875 971 οὕτως·
892 939 959 966 Θέτε
972 939 1007 966 ἐν

1094 938 1127 966 In
1142 939 1273 973 positione
1286 940 1421 976 baergatz.
1440 940 1623 976 Symmachus
1645 941 1678 968 ad
1695 941 1768 968 hunc
1788 949 1847 968 mo-

216 988 256 1022 τῷ
271 989 425 1023 λαρνακίῳ
445 987 505 1015 ἀπὸ
526 988 656 1022 πλαγίου
680 986 788 1014 αὑτοῦ·
805 987 820 1012 ό
835 987 863 1013 δὲ
881 985 1007 1016 Ἀκύλας,

215 1034 435 1069 ἐνυφήκουρας.
454 1033 484 1059 ’0
513 1033 540 1059 δὲ
568 1032 698 1067 Ἰώσηπος
730 1031 849 1067 ἀργοζέκ
880 1039 945 1067 φησι
978 1030 1009 1057 τδ

215 1079 437 1114 γλωσσόκομον
449 1078 511 1105 °.'U
525 1077 552 1104 δὲ
569 1077 636 1109 Θεὸς
649 1079 682 1113 τῇ
698 1077 752 1103 τῶν
769 1076 892 1112 μάντεων
908 1076 1010 1109 ἐπηκο-

216 1125 333 1160 λούθησε
352 1124 451 1160 γνώμῃ
475 1123 712 1158 συγκαταϐαίνων.
729 1122 786 1150 Καὶ
801 1122 856 1157 γὰρ
873 1120 966 1156 μεῖζον
978 1119 1009 1146 τὸ

216 1169 435 1205 κατορθούμενον
448 1168 479 1195 τὸ
491 1168 539 1195 καὶ
556 1168 655 1199 αὐτοὺς
671 1167 848 1203 μαρτυρῆσαι
858 1166 921 1196 τοὺς
932 1166 1007 1191 ὲναν-

215 1217 290 1248 τίους
305 1217 340 1252 τῇ
354 1216 402 1242 τοῦ
416 1214 484 1241 Θεοῦ
498 1214 621 1249 δυνάμει,
638 1213 686 1240 καὶ
699 1212 749 1248 τὴν
766 1212 831 1248 περὶ
842 1211 938 1238 τούτου
952 1210 1006 1245 ψῆ-

216 1271 266 1297 φον
278 1262 341 1294 τοὺς
352 1261 442 1289 αὐτῶν
456 1259 633 1291 διδασκάλους
646 1259 810 1292 ἐξενεγκεῖν.

1056 984 1132 1018 dum,
1149 985 1245 1012 Ponite
1264 986 1294 1012 ὲν
1315 986 1354 1021 τῷ
1376 986 1516 1022 λαρνακίῳ
1530 987 1584 1012 ἀπὸ
1603 986 1718 1020 πλαγίου
1754 986 1848 1019 αὑτοῦ,

1057 1025 1084 1056 id
1101 1029 1186 1056 estin
1206 1038 1286 1062 urna,
1303 1031 1346 1058 vel
1369 1031 1487 1066 capsella
1507 1039 1539 1059 ex
1556 1031 1642 1059 latere
1659 1031 1730 1066 ejus.
1749 1032 1849 1067 Aquila

1057 1082 1123 1102 vero
1151 1076 1354 1111 ὲνυφήκουρας.
1382 1076 1519 1113 Iosephus
1549 1077 1665 1113 argozek
1699 1077 1793 1105 dicit:
1818 1077 1849 1104 τὸ

1057 1120 1258 1157 γλωσσόκομον,
1294 1130 1415 1157 capsam.
1451 1123 1587 1151 Caeterum
1603 1123 1675 1150 Deus
1703 1123 1848 1158 (quando-

1059 1166 1170 1200 quidem
1191 1168 1252 1201 plus
1271 1168 1440 1195 dil'licultatis
1464 1169 1516 1195 hoc
1530 1175 1600 1203 opus
1620 1168 1735 1195 habebat
1752 1169 1791 1195 rei
1814 1168 1849 1194 ab

1058 1211 1101 1238 eis
1121 1211 1232 1246 conﬁci)
1250 1213 1475 1241 condesceudcus
1493 1213 1577 1248 ipsis,
1597 1213 1765 1241 hariolorum
1787 1221 1849 1241 sen-

1059 1257 1153 1284 tentia:
1168 1257 1378 1285 obsecundavit.
1399 1257 1435 1286 Ut
1453 1258 1505 1293 ipsi
1524 1259 1607 1286 etiam
1631 1259 1726 1286 hostes
1753 1259 1848 1286 virtuti

216 1310 315 1336 divinae
331 1309 518 1336 testimoniqu
536 1307 823 1345 perhiberent,_utque
839 1303 961 1339 magistri
978 1302 1101 1339 ipsorum
1117 1304 1152 1332 de
1170 1305 1221 1333 hac
1237 1313 1267 1333 re
1283 1313 1361 1333 suam
1379 1306 1543 1334 sententiam
1559 1305 1724 1341 proferrent.

250 1356 299 1383 Ἕκ
314 1356 429 1388 πόλεως
441 1353 671 1388 ἐστεραυμένης,
687 1353 735 1380 καὶ
750 1353 784 1380 τὰ
797 1351 870 1388 ἑξῆς.
890 1350 1003 1382 ’Λκύλας

216 1400 344 1435 ισχυρᾶς
371 1400 510 1435 φησιν.”0
531 1399 560 1426 δὲ
583 1399 742 1434 Σύμμαχος,
770 1395 1004 1432 τετειχισμένης.

218 1446 290 1478 Ἕως
304 1446 401 1481 κώμης
412 1445 578 1481 ἀτειχίστου,
586 1445 641 1471 »καὶ
652 1444 705 1476 ἕως
717 1442 801 1470 ’Ἅϐελ
811 1441 1005 1478 τῆςλμεγάλης.

215 1490 295 1529 δι’ἦς
314 1494 425 1529 ἀφῆκαν
444 1493 494 1529 τὴν
514 1492 631 1519 κισωτδν
649 1491 766 1527 Κυρίου.

255 1583 303 1615 Τίς
325 1581 490 1614 δυνήσεται
511 1579 720 1615 παραστῆναι;
746 1579 818 1606 Ἀντὶ
838 1576 887 1604 τοῦ
902 1576 1006 1612 στῆναι,

218 1629 266 1655 καὶ
287 1627 438 1662 ὑποστῆναι
448 1646 455 1658 ,
474 1625 631 1661 ἔμπροσθεν
644 1625 760 1661 Κυρίου,
774 1624 812 1656 ὡς
826 1624 850 1650 oi.
865 1622 963 1649 λοιποί.
977 1622 1008 1648 οι

1093 1351 1176 1380 Vens.
1200 1353 1243 1380 18.
1267 1352 1309 1380 Ea:
1327 1353 1391 1380 urbe
1414 1354 1533 1387 munita,
1555 1357 1583 1382 et
1598 1361 1660 1389 quae
1683 1358 1848 1389 sequuntur.

1055 1395 1154 1430 Aquila
1164 1397 1232 1424 dicit
1249 1398 1357 1434 ἰσχυρά.
1372 1398 1552 1434 Symmachus
1563 1399 1768 1435 τετειχισμένης
1782 1407 1850 1427 mm-

1056 1441 1138 1470 uibus
1152 1442 1253 1475 cincta.
1270 1450 1357 1479 usque
1371 1444 1405 1471 ad
1421 1444 1513 1472 vicum
1534 1451 1590 1472 non
1625 1444 1748 1472 cinctum
1770 1453 1849 1473 muro

1058 1493 1087 1515 et
1109 1496 1197 1524 usque
1222 1489 1257 1517 ad
1283 1489 1351 1518 Abel
1378 1489 1519 1518 civitatem
1537 1497 1675 1526 magnam,
1699 1498 1750 1527 per
1765 1500 1847 1528 quam

1059 1541 1153 1562 arcam
1170 1534 1280 1562 Domini
1296 1535 1459 1564 emiserunt.
1475 1568 1479 1573 .

1095 1579 1179 1608 Vens.
1200 1580 1334 1618 20.9w
1355 1581 1451 1616 poterit
1473 1583 1584 1611 auare!
1613 1587 1666 1611 etc.
1701 1582 1756 1611 l‘ro
1781 1584 1848 1611 sub-

1060 1624 1168 1657 sistere,
1188 1625 1230 1652 vel
1248 1625 1412 1658 consistere,
1423 1633 1517 1653 coram
1532 1625 1658 1659 Domino,
1673 1631 1704 1654 ut
1719 1627 1764 1654 alii
1785 1628 1848 1655 rcd<

220 1674 269 1708 μὲν
283 1670 331 1699 οὖν
347 1660 474 1707 ἰεᾷίονίου
490 1660 596 1702 παίδες,
611 1669 650 1701 ὠς
666 1668 808 1700 δυσσεσεῖς
818 1687 826 1700 ,
840 1668 887 1695 καὶ
899 1668 954 1698 τοῖς
967 1667 1006 1693 εί-

1057 1668 1135 1696 dunt.
1147 1667 1287 1696 Jechonite
1299 1663 1359 1701 lilii,
1378 1669 1601 1705 quandoquidem
1617 1670 1705 1706 impii,
1719 1675 1746 1699 et
1762 1671 1848 1698 idolo-

219 1718 314 1750 δώλοις
330 1717 520 1753 λατρεύοντες,
536 1715 726 1751 ἐδυσφόρησαν
742 1713 842 1745 ἰδόντες
856 1713 906 1748 τὴν
922 1712 1007 1739 κιϐω-

218 1765 276 1797 τὸν,
291 1765 340 1791 καὶ
351 1764 430 1800 δίκην
445 1763 588 1791 ἐτισαν.¹υ
601 1762 630 1789 δὲ
643 1762 708 1793 λαὸς
723 1760 883 1795 ἐπαιδεύθη,
898 1761 947 1796 τῆς
965 1768 1008 1786 κι-

218 1810 306 1837 Sarro-3
318 1808 545 1845 προκινδυνεῦσαι
561 1809 599 1844 μὴ
612 1807 764 1843 βουληθεὶς,
773 1806 822 1834 καὶ
834 1806 921 1842 μῆνας
937 1805 1008 1832 ἑπτὰ

218 1855 295 1891 παρὰ
308 1857 363 1887 τοῖς
377 1855 537 1889 ἀλλοφύλοις
551 1854 654 1889 ταύτην
665 1853 756 1888 ἀφεὶς,
768 1853 817 1880 καὶ
830 1852 868 1887 μὴ
881 1851 926 1878 τὸν
937 1851 1008 1886 ὑπὲρ

219 1902 304 1937 αὐτῆς
322 1901 524 1936 ἀναδεξάμενος
544 1899 674 1935 πόλεμον.

521 1956 648 1984 ΚΕΦΑΛ.
669 1956 708 1982 Ζ’.

254 2004 311 2032 Καὶ
331 2004 367 2031 τὰ
390 2003 472 2037 ἄλση
494 2001 650 2036 Ἁστσρώθ.
669 2000 784 2032 ’Δκύλας
799 1998 885 2031 οὕτω,
902 1998 939 2025 τὰ
953 1997 1008 2032 τῆς

225 2050 386 2085 Ἀστάρτης
398 2049 566 2084 ἀγάλματα.
582 2047 660 2075 Οὕτω
675 2046 704 2073 δὲ
718 2046 832 2073 καλοῦσι
844 2043 894 2080 τὴν
911 2044 1009 2079 Ἀφρο-

219 2097 308 2132 δίτην,
322 2097 355 2123 ὲκ
376 2095 422 2122 τοῦ
448 2095 563 2130 ἀστέρος
587 2092 839 2128 παρονομάσαντες.
850 2089 941 2125 Αὐτῆς
953 2089 1008 2124 γὰρ

219 2141 292 2170 εἶναι
309 2142 356 2168 τὸν
375 2141 514 2175 ἑωσφόρον
535 2138 726 2175 μυθολογοῦσι.

256 2187 310 2215 Καὶ
322 2187 411 2214 ἔλαϐε
426 2184 569 2221 Σαμουὴλ
583 2184 659 2218 ἄρνα
673 2182 854 2218 γαλαθηνόν.
874 2181 943 2218 Πρὶν
955 2181 1008 2217 γὰρ

220 2235 266 2261 τδν
287 2233 359 2261 θεῖον
372 2232 585 2267 οἰκοδομηθῆναι
601 2229 686 2262 νεὼν,
702 2229 732 2256 ἐν
755 2228 894 2264 διαφόροις
915 2227 1009 2259 τόποις

221 2280 367 2315 ἑλάτρευον
390 2278 430 2314 τῷ
444 2277 514 2313 Θεῷ.
530 2276 583 2303 Τοῦ
606 2276 659 2310 7&9
682 2274 747 2302 λαοῦ
765 2273 796 2301 τὸ
808 2275 954 2310 πρόχειρον
967 2274 1007 2304 είς

1058 1714 1134 1742 latras
1151 1719 1247 1748 erant,
1272 1714 1452 1750 inspicientes
1478 1723 1584 1748 arcam.
1604 1716 1726 1752 graviter
1745 1716 1846 1750 sinicti.

1057 1767 1154 1796 pcenas
1168 1761 1313 1789 dederunt.
1329 1761 1452 1796 Populus
1467 1766 1558 1789 utem
1575 1761 1637 1791 ideo
1655 1770 1670 1790 a
1688 1761 1744 1791 Deo
1761 1763 1847 1791 casti-

1047 1810 1137 1841 gatus
1152 1810 1213 1839 est,
1233 1807 1297 1842 quia
1317 1807 1423 1835 nullum
1442 1815 1491 1843 pro
1506 1815 1569 1836 arca
1585 1808 1738 1844 periculum
1755 1809 1847 1837 subire

1057 1851 1154 1884 voluit,
1167 1852 1300 1887 nulloque
1315 1852 1386 1880 bello
1406 1857 1546 1888 suscepto,
1564 1860 1624 1882 eam
1644 1854 1788 1882 mensibus
1803 1862 1849 1882 sc-

1057 1901 1129 1933 ptem
1140 1897 1307 1932 _Pula:stinis
1322 1898 1520 1935 permiserunt.

1354 1953 1470 1981 CAPUT
1489 1953 1547 1981 VII.

1093 1995 1219 2024 Vens.5.
1257 1997 1291 2024 Et
1319 1998 1391 2025 lucos
1419 1998 1560 2027 Astorolh.
1590 2000 1699 2034 Aquila,
1729 2001 1846 2028 Asturae

1057 2045 1160 2066 statuas
1177 2041 1273 2067 reddit.
1293 2041 1338 2068 Sic
1353 2047 1444 2069 autem
1460 2042 1592 2070 Venerem
1619 2051 1634 2070 a
1651 2044 1741 2071 sidere
1758 2045 1845 2072 deuo~

1058 2087 1175 2114 tninaut.
1191 2086 1350 2114 Luciferum
1365 2088 1439 2116 enim
1456 2088 1543 2123 ipsius
1565 2096 1626 2116 esse
1643 2089 1810 2117 fabulantur.

1093 2175 1177 2215 Vens.
1196 2188 1222 2215 9.
1254 2187 1289 2215 Et
1312 2190 1411 2224 accepit
1439 2189 1548 2217 Samuel
1575 2199 1671 2225 agnum
1695 2192 1842 2227 laclenlem,

1057 2236 1113 2260 etc.
1127 2233 1281 2268 Antequam
1297 2235 1370 2261 enim
1392 2236 1521 2271 templum
1540 2235 1586 2263 Dei
1612 2236 1773 2264 aediﬁcatum
1798 2246 1843 2266 es-

1057 2283 1111 2310 set,
1122 2278 1178 2306 Deo
1192 2279 1278 2307 variis
1295 2279 1322 2307 in
1345 2281 1412 2308 locis
1428 2281 1630 2310 sacriﬁcabant.
1648 2283 1699 2316 Qui
1717 2291 1778 2311 cum
1796 2292 1845 2319 pu-

222 2325 348 2352 ἀσέϐειαν
362 2325 543 2359 ἐπιστάμενος
554 2343 561 2356 ,
576 2323 616 2349 ἑνὶ
630 2323 680 2358 τὴν
696 2321 772 2348 θείαν
786 2320 914 2356 λατρείαν
927 2327 1007 2355 περι-

1059 2324 1151 2359 pulum
1165 2325 1198 2351 ad
1215 2325 1382 2359 impietatem
1401 2334 1566 2362 propensum
1581 2335 1642 2355 esse
1670 2327 1763 2360 sciret.
1784 2329 1845 2355 cul-

221 2372 306 2406 ώρισε
320 2371 406 2406 τόπῳ.
424 2370 486 2402 Τοῖς
507 2369 560 2405 γὰρ
583 2368 726 2399 εὐσεϐέσι,
739 2368 786 2394 καὶ¹
799 2367 844 2393 τὸν
860 2366 907 2392 τοῦ
922 2366 1005 2401 νόμου

223 2419 324 2445 σκοπὸν
337 2417 540 2452 ὲπιστάμενοις,
551 2416 624 2446 ἅπας
636 2415 675 2446 εἰς
685 2414 735 2447 τὴν
743 2413 790 2439 τοῦ
801 2411 870 2439 Θεοῦ
878 2411 1006 2447 λατρείαν

223 2464 360 2499 ἁφιέραηο
377 2463 469 2494 τόπος.
486 2462 541 2488 Καὶ
562 2461 616 2496 γὰρ
635 2459 727 2490 Ἠλίας
740 2460 754 2485 ὸ
769 2458 857 2492 πάνυ,
872 2457 920 2484 τοῦ
938 2456 1005 2484 Θεοῦ

223 2509 276 2536 νεὼ
291 2509 359 2544 πρὸς
373 2508 469 2535 ἑαυτὸν
479 2507 603 2538 ἅπαντας
614 2505 685 2533 κατὰ
699 2506 744 2532 τὸν
754 2504 836 2539 νόμον
848 2502 1003 2534 καλοῦντος,

224 2556 253 2583 ὲν
268 2555 307 2591 τῷ
324 2553 467 2590 Καρμήλῳ
490 2552 682 2587 θυσιαστήριον
695 2549 852 2586 ᾠκοδόμησε
863 2569 870 2581 ,
888 2548 935 2575 καὶ
958 2548 1006 2573 θυ-

225 2603 286 2629 σίαν
304 2601 485 2637 προσήνεγκε.

526 2654 650 2682 ΚΕΦΑΔ.
671 2654 711 2680 Η¹.

262 2704 316 2731 Kal
337 2704 392 2730 οὐκ
409 2702 620 2735 ἐπορεύθησαν
634 2700 662 2726 οι
677 2698 734 2725 υιοὶ
747 2697 840 2725 αὐτοῦ
851 2697 886 2724 ἐν
899 2697 937 2731 τῇ
949 2697 1008 2730 ὀδῷ

226 2749 329 2777 αὐτοῦ.
350 2749 404 2776 Καὶ
419 2748 477 2779 πῶς
492 2747 542 2774 οὐκ
558 2745 645 2772 ἔτισεν
661 2744 731 2780 ὑπὲρ
742 2744 795 2771 τῶν
810 2744 912 2770 παίδων
930 2743 1008 2775 δίκας

1059 2375 1116 2397 tum
1133 2372 1213 2398 suum
1232 2371 1315 2399 unico
1339 2372 1399 2400 loco
1417 2372 1649 2408 circumscripsit.
1670 2373 1726 2401 Piis
1741 2378 1843 2405 autem.

1057 2415 1104 2451 qui
1129 2423 1255 2451 scopum,
1280 2421 1307 2444 et
1331 2417 1410 2444 linem
1437 2417 1505 2453 legis
1530 2418 1734 2452 iutelligebant,
1755 2421 1845 2446 omnis

1059 2462 1136 2489 locus
1151 2464 1183 2488 ad
1213 2462 1317 2489 cultum
1344 2463 1466 2490 divinum
1486 2467 1663 2490 consecratus
1680 2468 1748 2490 erat.
1776 2459 1852 2492 Nam

1058 2505 1150 2534 Helias
1164 2514 1286 2542 quoque,
1300 2507 1350 2535 etsi
1372 2508 1503 2542 templum
1529 2507 1635 2534 Domini
1649 2515 1743 2535 omnes
1760 2508 1793 2534 ad
1816 2515 1846 2535 se

1058 2553 1181 2580 studiose
1194 2553 1274 2587 juxta
1295 2553 1361 2588 legis
1383 2559 1548 2588 praeceptum
1564 2554 1688 2586 vocabat,
1705 2561 1796 2583 tamen
1818 2556 1845 2583 in

1059 2598 1184 2625 Cat-melo
1199 2602 1340 2625 exstructo
1357 2599 1435 2626 altari
1451 2599 1588 2626 victimam
1611 2599 1722 2627 obtulit.

1347 2652 1461 2680 CAPUT
1486 2653 1553 2681 VIII.

1095 2696 1177 2725 Vsus.
1193 2698 1220 2725 5.
1243 2697 1276 2723 Et
1302 2706 1354 2724 non
1375 2699 1576 2726 ambulaverunt
1593 2700 1645 2734 ﬁlii
1674 2701 1733 2736 ejus
1755 2703 1781 2729 in
1798 2702 1847 2729 viis

1059 2743 1126 2777 ejus,
1140 2747 1194 2770 etc.
1211 2742 1267 2769 Cur
1286 2751 1339 2770 non
1364 2744 1446 2772 etiam
1464 2745 1575 2773 Samuel
1590 2746 1626 2773 ob
1645 2746 1846 2781 improbitatem

867 2832 984 2860 VAIHE
999 2831 1199 2863 LECTIONES.

266 2899 279 2915 ο
291 2893 322 2922 C.
333 2894 365 2922 L.
378 2894 423 2923 hic
439 2893 514 2922 addit
531 2902 538 2921 :
561 2892 610 2921 καὶ
626 2892 651 2920 οῑ
668 2891 718 2928 μὲν
732 2889 848 2918 πλεκτὸν
862 2889 963 2917 ὡσανεὶ
977 2890 1088 2926 κόφινον
1099 2899 1106 2907 υ
1122 2892 1145 2919 ol
1159 2891 1187 2918 δὲ
1202 2891 1234 2919 ὲκ
1246 2891 1357 2928 τριχῶν,
1373 2888 1416 2919 οἷα
1428 2891 1462 2918 τὸ.
1483 2892 1592 2919 σακκία.
