2086 3160
241 168 308 203 1091

907 164 1084 195 PROCOPII
1101 164 1223 195 GAZEI

1814 163 1886 193 1092

239 228 360 255 ﬁliorum
377 224 432 252 Deo
443 230 540 260 pinnas
555 222 699 258 persolvit,
713 221 943 258 quemadmodum
960 219 1038 247 Heli?

1096 220 1254 255 ὶΣαμουὴλ,
1272 218 1367 252 ὥσπερ
1385 218 1464 251 Ἠλίς
1489 218 1523 245 τὰ
1547 218 1652 244 τούτων
1675 217 1767 244 τοίνυν
1790 219 1888 254 ἀδική-

241 272 290 299 tilii
321 270 459 298 Samuelis
488 269 515 296 in
545 269 672 296 homines
699 267 841 302 iniuriosi,
865 267 914 294 ﬁlii
943 271 1035 293 autem

241 317 299 344 Ileli
316 317 343 343 in
363 315 446 342 Deum
463 314 540 349 impii
556 314 679 340 lueruut.
701 311 733 339 Hi
761 312 885 344 libidine,
907 315 934 338 et
955 311 1036 338 luxu-
1054 307 1056 311 ’

241 364 292 393 ria,
313 360 520 388 tabernaculum
541 358 647 385 Domini
663 357 857 392 profanabant,
885 360 913 383 et
936 357 1037 392 primas

240 406 441 435 sacriﬁciorum
461 409 554 439 partes
570 403 723 438 rapiebant.
742 403 777 430 At
799 401 839 430 illi
855 405 1036 432 accusantur,

241 452 313 487 quod
337 450 500 478 muneribus
516 448 642 484 corrupti
658 448 772 475 fuerint.
790 447 818 474 Id
833 446 945 474 Samuel
959 447 1038 481 igno-

243 500 323 532 ravit,
338 498 434 534 procul
448 498 523 525 enim
547 504 561 524 a
578 496 641 523 ﬁliis
658 495 774 530 degebat
799 495 826 522 in
852 493 1039 523 Ramathaim,

242 545 297 572 illis
321 545 348 571 in
364 543 512 570 Bersahete
529 540 735 569 habitantibus.

280 591 362 618 Vens.
381 590 425 617 l0.
438 589 472 616 Et
487 588 594 616 verbum
608 593 666 615 erat
681 595 791 623 pravum
806 595 897 614 coram
907 585 1040 613 Samucle.

242 641 296 665 etc.
315 636 397 671 Regis
413 635 487 662 enim
503 634 600 670 petitio
617 633 669 669 legi
690 633 791 660 divinae
807 635 952 667 repugnat.
971 631 1042 658 Deus

245 683 345 718 populo
377 681 451 716 regis
476 680 538 708 loco
564 685 634 712 erat,
660 679 793 714 propheta
821 685 886 705 vero
916 677 1043 704 minister

243 732 315 758 erat,
341 726 432 762 qualis
458 729 500 753 est
529 725 692 760 imperator,
710 723 818 755 consul,
850 722 892 750 vel
912 722 1042 750 tribunus

244 772 345 808 plebis.
676 790 679 794 .

545 814 661 842 CAPUT
691 813 739 842 IX.

281 863 368 891 Vens.
389 863 416 890 1.
442 860 487 888 Vir
502 869 626 896 magnus,
650 867 674 888 et
691 859 786 887 bonus.
805 859 864 887 Non
881 858 967 885 animi
985 859 1042 885 vir-

246 914 344 941 tutem,
362 908 409 936 sed
439 907 566 937 formam,
594 910 621 933 et
650 905 879 941 magnitudinem,
896 904 920 931 ei
939 904 1045 931 tribuit.

245 956 345 984 Narrat
369 954 442 981 enim
461 952 588 987 pulchro.
603 956 629 979 et
648 951 789 986 prastanti
812 957 927 983 corpore
945 949 1041 977 fuisse.

288 999 371 1027 Vsus.
384 999 411 1026 8.
432 997 500 1024 Ecce
526 998 632 1024 inuenta
653 1002 693 1023 est
718 996 745 1023 in
765 1003 846 1023 malm
873 1003 930 1022 mea
945 995 1044 1030 quar’la

245 1054 308 1081 pars
323 1045 405 1080 sicli.)
424 1043 487 1072 Haec
506 1051 538 1072 ex
560 1043 652 1071 Saulis
676 1042 836 1078 suspicione
865 1041 1042 1077 intelligenda

247 1094 322 1123 sunt,
350 1097 400 1117 nec
427 1094 482 1122 est,
507 1088 580 1124 quod
603 1087 760 1115 Samuelem
787 1087 949 1114 muneribus
979 1093 1044 1113 cor-

247 1134 432 1170 rumpendum
461 1133 549 1160 fuisse
581 1132 783 1160 existimemus.
814 1132 976 1166 Suspicatus
1002 1135 1044 1158 est

249 1181 326 1212 Saul,
340 1184 472 1215 tanquam
490 1178 638 1213 prophetae,
666 1181 693 1204 et
714 1176 844 1212 principi,
859 1176 963 1211 aliquid
978 1176 1045 1204 olle.

248 1227 363 1253 rendum
381 1231 460 1257 esse;
475 1228 605 1250 caeterum
629 1222 697 1249 nihil
719 1221 834 1248 attulit:
854 1225 952 1248 contra
968 1228 1043 1253 vero,

249 1269 429 1298 humanitatis
447 1268 587 1303 propheta:
616 1267 736 1293 fructum
764 1266 896 1302 percepit.
913 1266 992 1299 Quod
1020 1267 1044 1294 si

249 1316 335 1344 moris
351 1314 459 1345 fuisset,
473 1313 624 1349 prophetas
641 1312 745 1347 aliquid
773 1312 909 1347 accipere,
935 1319 989 1340 non
1003 1312 1046 1339 di-

249 1366 323 1388 ctum
336 1364 409 1387 esset
425 1367 472 1394 per
483 1358 622 1385 Ilichaeam
636 1358 798 1393 prophetam
816 1366 824 1384 :
846 1367 855 1384 ι
877 1357 912 1384 Et
932 1358 1044 1392 prop/te-

250 1413 284 1434 m
312 1405 371 1440 eius
397 1408 504 1439 propter
529 1403 672 1430 mercedem
698 1403 890 1438 propltelabant
906 1403 926 1430 ‘.
955 1412 965 1429 ι
1000 1403 1046 1430 Sic

249 1452 332 1479 etiam
341 1450 487 1484 intelliges,
499 1456 559 1484 quae
571 1449 640 1476 lihro
652 1448 731 1484 513
743 1449 821 1477 tertio
836 1448 950 1485 Regum,
965 1448 1045 1477 Jero-

251 1499 331 1526 boatu
349 1497 383 1524 ad
398 1503 513 1523 uxorem
533 1501 612 1524 suam
627 1494 705 1528 dicit,
723 1501 786 1522 cum
802 1502 871 1530 puer
891 1495 952 1530 ejus
976 1496 1047 1523 male

251 1544 375 1575 haberet,
396 1547 423 1570 et
440 1542 593 1569 dimitteret
607 1548 668 1569 eam
691 1540 726 1568 ad
750 1540 865 1568 Achiam
888 1540 1045 1574 Silonitam,

1090 274 1164 301 ματα
1177 264 1220 301 ἦν,
1238 266 1288 292 οὐκ
1303 265 1475 300 ἀαεόἠματα,
1494 263 1621 298 καθάπερ
1637 263 1764 295 ἐκείνων,
1780 264 1805 290 οἶ
1824 265 1889 296 ταῖς

1088 312 1230 346 λαγνείαις
1255 312 1305 347 τὴν
1327 311 1404 338 θείαν
1427 310 1532 345 σκηνὴν
1553 309 1758 344 κατεμόλυνον,
1784 311 1831 336 καὶ
1851 310 1891 336 τὰ

1090 361 1211 396 πρωτεῖα
1227 360 1282 386 τῶν
1301 359 1409 395 ίερείων
1423 357 1597 395 ὑφήρπαζον.
1615 355 1696 384 Οὗτοι
1710 357 1756 388 δὲ,
1773 357 1891 393 δωροδο-

1090 405 1152 432 κίαν
1169 405 1405 440 κατηγοροῦνται·
1426 405 1476 430 καὶ
1495 403 1598 438 ταύτην
1613 403 1732 437 ἠγνόησε
1749 403 1890 437 Σαμουήλ.

1093 451 1170 486 ᾬχει
1186 450 1241 485 γὰρ
1260 450 1357 485 πόρρω
1373 449 1428 475 τῶν
1444 449 1547 476 παίδων
1562 449 1591 474 ὲν
1606 447 1760 482 Ἀρμαθὲμ,
1775 448 1891 474 ἐκείνων

1090 495 1239 523 οἰκούντων
1256 494 1422 530 Βερσαὸέτε.

1127 585 1183 612 Kal.
1203 581 1243 619 ἣν
1261 583 1398 617 πονηρὸν
1420 582 1452 609 τὸ
1474 582 1559 617 ῥῆμα
1583 582 1712 610 ἐνώπιον
1734 583 1890 617 Σημουήλ.

1099 631 1208 666 Ἐπειδὴ
1225 630 1302 666 παρὰ
1323 630 1370 656 τὸν
1388 629 1461 656 Θεῐον
1479 629 1562 664 νόμον
1581 630 1597 664 ἡ
1615 629 1723 665 αἴτησις
1737 627 1820 664 ἦν.”0
1834 630 1893 664 γὰρ

1093 676 1159 708 Θεὸς
1176 676 1224 703 καὶ
1241 675 1373 711 βασιλέως
1387 675 1508 710 ἐπλήρου
1520 675 1617 711 χρείαν
1627 676 1732 707 αὐτοῖς.
1741 675 1770 702 '0
1784 675 1812 701 δὲ
1824 684 1895 710 προ-

1094 724 1183 757 φήτης
1199 722 1337 757 ὑπουργὸς
1355 719 1389 757 ἦν
1400 741 1408 754 ,
1421 719 1479 748 οἷόν
1492 729 1535 753 τις
1549 721 1713 757 στρατηγὸς,
1727 721 1744 756 ἢ
1761 721 1896 757 δημαγω-

1093 769 1151 804 γός.
1418 784 1422 788 -

1399 816 1526 843 ΚΕΦΔΛ.
1547 814 1587 842 8'.

1133 861 1306 897 Εὺμεγέθης
1321 862 1399 896 ἀνὴρ
1414 861 1464 888 καί
1483 862 1605 896 ἀγαθός.
1625 861 1663 887 Οὐ
1678 860 1768 896 ψυχῆς
1790 860 1896 896 ἀρετὴν

1065 901 1084 928 Β
1098 907 1174 943 αὐτῷ
1189 909 1335 943 μαρτυρεῖ,
1352 907 1409 934 ἀλλ’
1423 905 1493 939 εἶδος
1507 908 1554 934 καὶ
1566 907 1691 942 μέγεθος.
1701 905 1897 942 Ἐπεξηγεῖται

1097 953 1163 989 γὰρ,
1180 954 1222 980 ὅτι
1235 953 1266 980 τὸ
1282 953 1363 990 σῶμά
1375 962 1458 989 φησιν
1471 953 1574 987 ἁγαθός
1583 952 1609 979 δ.

1139 999 1217 1027 Ἰδοὺ
1234 1000 1356 1034 εὕρηται
1384 1000 1420 1026 ἐν
1443 999 1482 1033 τῇ
1509 1000 1586 1034 χειρί
1609 1008 1669 1034 μου
1684 998 1827 1033 τέταρτον
1843 999 1898 1025 σι’-

1097 1047 1184 1073 κλου.
1204 1045 1291 1072 Τοῦτο
1314 1046 1363 1080 τῆς
1381 1045 1469 1072 Σαοὺλ
1485 1045 1619 1080 ὑποψίας,
1635 1045 1665 1071 οὐ
1683 1045 1732 1080 τῆς
1757 1043 1804 1070 τοῦ
1828 1053 1898 1079 προ-

1098 1091 1185 1126 φήτου
1208 1091 1386 1126 δωροδοκίας.
1407 1091 1543 1118 Ἐτόπασε
1565 1091 1620 1126 γὰρ
1648 1091 1746 1126 χρῆναί
1769 1099 1795 1117 τι
1819 1089 1898 1125 αὐτῷ

1098 1137 1332 1173 προσενεχθῆναι,
1355 1137 1392 1169 ὡς
1425 1137 1556 1173 ἄρχοντι,
1582 1137 1628 1163 καὶ
1659 1137 1797 1171 προφήτῃ.
1817 1136 1898 1163 Ἀλλ’

1097 1183 1173 1210 οὐδὲν
1205 1185 1416 1219 προσενήνοχεν.
1445 1183 1610 1210 Τοὺναντίον
1636 1183 1665 1209 δὲ
1692 1182 1898 1217 φιλοφροσύνης

1098 1229 1263 1256 ἀπέλαυσεν.
1282 1229 1313 1256 Εἰ
1325 1229 1353 1255 δὲ
1372 1228 1488 1264 σύνηθες
1502 1226 1536 1264 ἦν
1550 1229 1613 1260 τοὺς
1630 1228 1774 1263 προφήτας
1790 1227 1899 1262 74966.-

1098 1284 1172 1308 νειν,
1189 1276 1240 1302 οὐκ
1264 1276 1300 1302 ἂν
1323 1275 1417 1311 εῐρητο
1439 1275 1492 1302 ὑπὸ
1516 1275 1634 1309 Μιχαίου
1658 1273 1707 1300 τοῦ
1732 1275 1896 1309 προφήτουο

1101 1331 1110 1348 ι
1129 1322 1185 1349 Καὶ
1206 1322 1232 1348 oi
1256 1321 1396 1357 προφῆται
1421 1322 1508 1357 αὐτῆς
1534 1322 1593 1356 μετ’
1614 1320 1748 1356 ἀργυρίου
1774 1320 1898 1354 προεφή-

1098 1376 1186 1395 τευον.
1203 1377 1212 1393 ι
1228 1367 1307 1394 Οὕτω
1321 1367 1350 1394 δὲ
1365 1368 1474 1403 νοήσεις
1496 1367 1544 1393 καὶ
1566 1367 1601 1393 τὰ
1622 1367 1675 1393 ὑπὸ
1690 1366 1736 1392 τοῦ
1753 1366 1899 1400 Ἱεροὸοὰ;ι

1099 1414 1127 1441 ὲν
1148 1415 1181 1450 τῇ
1196 1414 1277 1450 τρίτῃ
1292 1414 1346 1440 τῶν
1362 1412 1512 1440 Βασιλειῶν
1534 1412 1669 1449 είρημένα
1691 1413 1760 1448 πρὸς
1781 1412 1831 1447 τὴν
1846 1420 1898 1446 γυ-

1099 1461 1180 1487 ναῖκα
1206 1460 1301 1492 αὑτοῦ,
1315 1461 1359 1487 ὅτε
1383 1459 1563 1496 ἠρρώστησεν
1586 1459 1662 1495 αὐτῷ
1683 1459 1712 1485 τὸ
1739 1457 1897 1492 παιδάριον,

1099 1507 1146 1533 καὶ
1171 1506 1337 1534 ἀπέστελλεν
1362 1507 1449 1542 αὐτὴν
1471 1507 1541 1542 πρὸς
1557 1506 1652 1541 ’Δχίαν
1681 1505 1726 1532 τὸν
1748 1505 1899 1540 Σιλωνὶτην

1098 1552 1274 1588 ἐπερωτῆσαι
1291 1552 1373 1579 αὑτὸν
1390 1552 1454 1588 περὶ
1466 1548 1517 1579 τοῦ
1534 1552 1689 1587 παιδαρίου.
1708 1551 1764 1578 Καὶ
1779 1549 1898 1577 ἐνταῦθα

252 1594 282 1617 ut
295 1591 328 1617 de
341 1589 419 1624 pueri
436 1587 594 1615 valetudine
611 1587 813 1614 sciscitaretur.
830 1585 882 1620 lbi,
899 1585 1044 1615 Jeroboam

1100 1583 1158 1634 γὰρ
1173 1583 1317 1634 Ἱεροϐοὰμ
1334 1599 1383 1634 μὲν
1397 1583 1522 1632 φαίνεται
1539 1583 1626 1633 λέγων
1638 1599 1671 1633 τῇ
1687 1598 1810 1632 γυναικὶ,
1821 1596 1899 1632 δῶρα

252 1636 361 1664 videtur
373 1635 467 1662 dicere
488 1634 522 1661 ad
540 1641 653 1661 uxorem
678 1637 707 1661 ut
722 1641 838 1662 munera
858 1634 910 1669 ipsi
929 1634 1049 1670 prophe-

252 1687 286 1710 tae
311 1680 418 1709 atterat.
434 1680 536 1708 Verum
559 1680 724 1715 praphetam
750 1681 893 1715 accepisse
908 1688 942 1708 ex
969 1679 1047 1708 Seri-

254 1732 334 1762 ptura
362 1735 417 1754 non
435 1727 543 1754 videtur
561 1734 645 1762 posse
661 1726 767 1762 colligi.
798 1725 846 1754 Hae
874 1727 959 1762 igitur
978 1727 1048 1754 l‘also

254 1779 349 1809 utpote
367 1773 492 1800 homines
511 1773 585 1807 pravi
611 1772 645 1800 de
661 1772 804 1807 prophetis
817 1777 934 1808 possunt
952 1773 1046 1809 suspi-

253 1822 322 1848 cari.
341 1820 393 1853 Qui
419 1819 462 1847 vel
482 1826 537 1847 non
559 1823 737 1853 acceperunt,
763 1819 806 1847 vel
833 1827 847 1846 a
862 1820 948 1855 justis
964 1828 1044 1848 acce-

253 1869 363 1901 perunt.
381 1865 421 1892 Ita
434 1866 506 1892 enim
521 1871 623 1901 munus
638 1865 775 1899 accipere,
803 1873 858 1892 non
883 1865 1046 1901 simpliciter

253 1911 404 1946 vituperari
419 1914 518 1946 potest.
532 1909 600 1937 Nam
620 1910 737 1945 apostoli
759 1911 842 1938 etiam
857 1912 1047 1940 ministrantes

1099 1643 1139 1679 τῷ
1154 1645 1283 1681 προφήτῃ
1295 1645 1452 1672 ).α6εϊν.Ὲν
1466 1646 1494 1672 δὲ
1508 1647 1541 1682 τῇ
1556 1646 1663 1681 Γραφῇ,
1679 1644 1770 1672 λαῦὼν
1793 1646 1807 1671 ὁ
1829 1653 1898 1680 προ-

1100 1691 1190 1725 φήτης
1203 1691 1234 1717 οὐ
1252 1691 1389 1725 φαίνεται.
1403 1692 1536 1719 Δύνανται
1550 1692 1597 1719 οὖν
1609 1692 1734 1718 ὑπονοεῖν
1748 1691 1785 1723 ὡς
1797 1690 1897 1725 φαῦλοι

1098 1736 1185 1763 ταῦτα
1205 1736 1313 1771 ψευδῶς
1328 1738 1393 1773 περὶ
1411 1738 1577 1773 προφητῶν,
1593 1739 1618 1765 οἳ
1634 1738 1650 1772 ἤ
1667 1739 1718 1764 οὐκ
1730 1737 1896 1772 ὲλάμὸανον,

1098 1781 1115 1816 ἢ
1131 1782 1208 1817 παρὰ
1219 1782 1333 1810 δικαίων
1349 1784 1514 1818 ὲλάμόανον.
1530 1785 1568 1811 Οὐ
1584 1784 1638 1819 γὰρ
1652 1784 1682 1810 τὸ
1698 1783 1791 1810 λαϐεῖν
1803 1784 1897 1809 ὁπωσ-

1097 1826 1156 1860 οῦν,
1183 1827 1302 1863 ψεκτὸν·
1326 1829 1388 1856 ἐπεὶ
1411 1830 1459 1856 καὶ
1482 1830 1508 1857 oi.
1529 1829 1675 1856 ἀπόστολοι
1700 1829 1776 1864 παρὰ
1790 1829 1820 1855 τδ
1835 1828 1895 1854 δέον

1098 1871 1208 1899 ἐποίουν
1230 1873 1502 1910 διακονούμενοι.ὀς
1526 1875 1572 1901 καὶ
1593 1874 1700 1906 Παῡλός
1722 1883 1800 1909 φησι,
1817 1883 1826 1899 ι
1844 1874 1896 1900 Καὶ

1098 1915 1140 1948 δὶς
1153 1918 1194 1950 εἰς
1208 1918 1257 1954 τὴν
1270 1920 1366 1955 χρείαν
1382 1929 1427 1956 μοι
1444 1921 1586 1956 ἐπέμψατε
1597 1926 1620 1948 ε.

252 1963 350 1986 contra
373 1958 494 1986 ollicium
523 1957 666 1986 fecissent.
683 1958 918 1991 Quemadmodum
936 1959 1039 1988 Paulus
1059 1962 1142 1990 etiam
1165 1965 1257 1994 dicit:
1287 1976 1296 1992 ι
1323 1966 1420 2001 Semel,
1438 1972 1462 1995 et
1486 1968 1595 2000 iterum,
1618 1968 1688 2003 quod
1724 1975 1790 2002 opus
1825 1970 1893 1999 erat,

254 2006 319 2033 mihi
336 2004 444 2032 misistis
461 2005 482 2032 ‘.
503 2013 512 2030 I

287 2050 371 2078 Vsus.
392 2051 437 2077 24.
456 2050 521 2077 Ecce
541 2050 733 2082 testimonium,
749 2058 815 2084 pone
834 2055 895 2077 ante
911 2055 945 2078 te.
971 2051 1048 2079 llanc

252 2102 356 2133 partem
366 2097 441 2125 Sauli
458 2097 595 2132 apposuit,
609 2097 831 2132 quandoquidem
845 2102 1010 2131 regnaturus
1024 2102 1052 2125 et

253 2143 358 2177 majora
369 2143 501 2178 pericula,
515 2150 598 2178 quatit
615 2144 674 2177 ipse
691 2142 810 2177 populus
820 2143 965 2170 subiturus
976 2147 1046 2176 erat,

252 2193 280 2216 et
313 2193 456 2224 propterea
481 2189 672 2216 testiinonium
697 2189 768 2216 hanc
791 2194 896 2224 partem
915 2190 1044 2225 appellat.

254 2234 436 2269 Symmachus
450 2242 513 2262 vero
531 2242 580 2269 pro
594 2234 765 2267 testimonio,
786 2234 922 2262 residuum
958 2244 1045 2271 expo-

254 2281 320 2307 suit.
343 2280 374 2307 Et
392 2287 441 2315 pro
459 2280 516 2314 illo,
531 2281 604 2316 quod
635 2281 662 2307 in
681 2280 865 2308 testimonittm
893 2283 1047 2317 appositum

1131 2053 1216 2081 ,Ἰδοὺ
1227 2055 1402 2090 μαρτύριον,
1411 2055 1543 2090 παράθες
1559 2054 1633 2082 αὐτὸ
1648 2054 1779 2082 ἐνώπιόν
1793 2062 1852 2081 σου
1870 2055 1890 2081 ι.

1102 2101 1211 2137 Ταύτην
1223 2101 1298 2136 αὐτῷ
1316 2102 1529 2138 παρατέθεικεν,
1540 2103 1578 2135 ὠς
1589 2102 1713 2138 μέλλοντι
1727 2102 1891 2137 βασιλεύειν,

1102 2147 1208 2174 καὶτοῦ
1220 2147 1286 2174 λαοῦ
1308 2148 1539 2183 προκινδυνεύειν.
1555 2148 1602 2175 Διὸ
1621 2148 1772 2184 μαρτύριον
1790 2148 1892 2183 ταύτην

1100 2192 1187 2219 καλεῖ.
1202 2192 1232 2218 'U
1247 2192 1276 2219 δὲ
1290 2192 1439 2228 Σύμμαχος
1450 2193 1510 2220 ἀντὶ
1523 2192 1583 2225 τοῦ,
1597 2193 1760 2228 μαρτύριον,
1775 2192 1806 2219 τὸ
1820 2193 1890 2220 15.10-

1099 2238 1226 2273 λειφθὲν
1237 2238 1379 2271 ἐξέδωκεν.
1394 2239 1449 2266 Καὶ
1465 2239 1525 2266 ἀντὶ
1538 2239 1596 2271 τοῦ,
1608 2240 1622 2266 ὅ
1640 2248 1665 2266 τι
1679 2240 1719 2272 είς
1743 2239 1892 2275 μαρτύριον

1101 2284 1222 2311 τέθειταί
1236 2294 1277 2312 σοι
1291 2294 1299 2301 ι
1319 2286 1354 2312 '0
1369 2295 1394 2313 τι
1420 2286 1548 2323 ἐπίτηδες
1563 2286 1713 2322 τετήρηται
1745 2295 1796 2313 σοι.
1809 2286 1846 2312 Τὸ
1853 2286 1891 2317 δὲ,

254 2332 295 2353 est
308 2326 368 2357 tibi.
389 2325 462 2361 quod
475 2326 509 2354 de
523 2326 660 2354 industria
682 2326 732 2354 tibi
751 2331 924 2355 reservatum
944 2334 996 2356 est.
1013 2329 1044 2356 ll-

1103 2330 1179 2364 παρὰ
1193 2330 1241 2357 τοῦ
1255 2331 1332 2363 λαοῦ,
1360 2331 1507 2359 Θεοδοτίων
1537 2332 1681 2365 ἐξέδωκεν,
1705 2332 1747 2359 ὅτι
1766 2331 1891 2366 ἐλέχθη.

196 2379 197 2382 ‘
254 2371 300 2399 lud
317 2379 424 2404 vero,a
441 2372 554 2407 populo,
582 2372 755 2400 Tlteodotion
780 2375 922 2409 exposuit,
944 2375 1048 2403 dictum

253 2423 295 2446 est
309 2418 439 2453 populum
461 2418 606 2446 nominaui.
631 2418 729 2454 Aquila
754 2427 837 2453 vero,
863 2421 937 2456 quod
963 2422 1048 2456 dicat,

255 2464 386 2500 populum
403 2464 502 2491 vocavi.

589 2511 667 2539 CAP.
679 2510 714 2539 X.

291 2556 374 2583 Vsus.
391 2555 417 2584 l.
431 2555 465 2583 Et
478 2557 615 2584 osculatus
627 2562 667 2585 est
679 2565 748 2585 eum.
760 2557 795 2586 Ut
807 2559 936 2593 gratiam,
947 2568 1008 2596 qua:
1023 2561 1049 2588 in

255 2604 316 2638 ipso
332 2602 446 2635 habitat,
460 2603 485 2630 ei
509 2603 745 2631 communicaret.
771 2603 856 2631 Multa
876 2613 943 2633 vero
972 2606 1048 2634 Sauli

255 2649 302 2675 dat
315 2649 405 2684 signa,
421 2653 565 2685 postquam
581 2657 643 2677 eum
657 2649 729 2677 videt
744 2649 885 2685 dubitare,
909 2657 936 2680 et
950 2653 1044 2680 dome-

295 2727 302 2742 '
319 2727 404 2755 Mieh.
422 2734 463 2760 nt,
479 2726 525 2754 Η.
565 2727 707 2766 'Philipp.
728 2739 766 2764 iv,
782 2732 828 2759 16.

1101 2378 1147 2405 τδν
1173 2378 1236 2405 λαδν
1251 2379 1380 2406 ἐκάλεσα.
1404 2379 1521 2412 Ἀκύλας
1544 2380 1586 2412 δὲ,
1602 2379 1633 2406 τὸ
1652 2379 1753 2413 λέγειν,
1769 2378 1814 2405 τδν
1827 2378 1890 2406 λαὸν

1101 2423 1245 2458 κέκληκα.

1415 2511 1540 2539 ΚΕΦΑΛ.
1553 2512 1582 2539 l'.

1139 2558 1194 2586 Kal
1216 2558 1366 2593 ἐφίλησεν
1380 2559 1484 2586 αὐτόν.
1504 2559 1563 2585 ’Ίνα
1575 2559 1624 2593 τῆς
1637 2557 1797 2593 ὲνοικούσης
1819 2555 1891 2591 αὐτῷ

1102 2604 1212 2640 χάριτος
1244 2604 1365 2639 μεταδῷ.
1391 2604 1483 2631 Πολλὰ
1496 2603 1524 2630 δὲ
1540 2604 1649 2630 δίδωσιν
1675 2603 1751 2639 αὺτῷ
1779 2603 1888 2638 σημεῖα.

1105 2651 1216 2687 Ἐπειδὴ
1228 2649 1296 2678 εἶδεν
1311 2651 1392 2678 αὑτὸν
1421 2650 1640 2686 ἀμφιϐάλλοντα,
1656 2652 1704 2678 καὶ
1716 2654 1766 2686 τὴν
1788 2649 1890 2677 οἰκείαν

897 2763 1017 2792 VARUS
1036 2763 1241 2792 LECTIONES.

291 2820 406 2866 {(5.};
415 2820 558 2866 add.’t}'.vti.
576 2822 775 2866 τρὺξ-εὐειδὴς,
792 2825 840 2866 κα).
857 2824 960 2866 ὑψηλρς
984 2825 1013 2866 ἐν
1039 2823 1148 2866 ρεγέρει
1166 2822 1306 2866 σώματος,
1336 2828 1358 2866 ιε
1416 2821 1450 2849 L.
1463 2822 1617 2866 hic_addit
1642 2824 1716 2866 ς.τοῦ
1727 2825 1890 2866 9.930124}-

259 2857 344 2895 μουὴλ
355 2856 385 2883 τὸ
395 2855 597 2895 ἀδωροδόκητον
609 2858 730 2886 διδάσκει
742 2855 786 2889 ϊδ,
802 2855 983 2895 μόσχόν”τινος
996 2855 1184 2895 ὑμῶνέῐληφα
1193 2867 1201 2893 ;
1211 2855 1260 2885 Stal.
1273 2855 1323 2885 ὃάα
1335 2858 1381 2886 ἐπὶ
1392 2857 1493 2890 παντὸς
1503 2858 1600 2894 εἴρηκε
1615 2859 1664 2887 τοῦ
1675 2855 1753 2888 λαοῧ.
1795 2861 1804 2881 ί
1819 2861 1849 2890 C.
1858 2860 1888 2889 L.

261 2891 305 2921 his
321 2900 337 2927 p
354 2899 416 2919 ann.
432 2891 480 2923 Εἰς
494 2891 644 2930 μαρτύριον
667 2895 717 2930 τὴν
732 2891 848 2923 κωλέάν.
