2086 3160
189 143 258 176 1093

687 138 986 170 COMMMENTARII
1006 139 1047 169 IN
1072 139 1146 170 LIB.
1164 139 1178 169 Ι
1198 140 1344 172 REGUM.

1759 143 1830 176 1094

185 199 369 236 ὁμολογοῦντα
378 199 486 228 πενίαν.
501 199 604 227 Τούτου
622 198 705 234 χάριν
721 197 826 233 βεϐαιοῖ
852 197 902 232 τὴν
927 197 975 233 τῆς

1029 197 1126 224 sticam
1134 197 1324 226 diliicultatem
1334 199 1426 228 fateri.
1438 200 1569 237 ﬂauoque
1581 201 1617 229 ob
1631 209 1743 231 causam
1760 211 1830 239 pra:-

186 247 327 284 βασιλείας
338 245 507 280 ἐπαγγελίαν
520 246 583 277 ταῖς
595 244 775 280 προρρήσεσι.

221 293 275 320 Καὶ
287 291 451 326 στραφήσῃ
465 292 509 324 είς
521 290 617 325 ἄνδρα
628 289 737 316 ἄλλον.
759 287 870 323 Ἐπειδὴ
884 287 978 323 ἄγροι-

184 347 233 370 κος
260 336 306 373 ἦν,
332 338 468 372 γεωργεῖν
496 336 678 370 ἐπιστάμενος
695 334 793 369 μόνον,
822 333 978 369 χειροτονή-

185 393 236 417 σας
251 384 333 412 αὐτὸν
349 383 473 419 βασιλέα,
491 382 632 418 βασιλικὸν
647 381 722 416 αὐτῷ
747 380 876 416 φρόνημα
895 380 979 407 δέδω-

184 440 232 459 κεν
237 453 242 459 .

217 478 250 504 ΕΖ
264 476 313 504 καὶ
329 475 431 504 Σαοὺλ
445 475 480 502 ὲν
492 473 660 509 προφήταις
674 481 683 505 ;
700 472 859 508 Σύμμαχος,
875 471 921 508 Μὴ
938 471 979 499 ἐτι

184 525 232 552 καὶ
251 523 356 556 Σαούλ;
373 522 431 549 Οὐκ
443 522 506 557 ἔσχε
520 521 548 548 δὲ
565 519 687 555 διηνεκὲς
702 521 752 555 τῆς
762 519 932 555 προφητείας
947 519 978 546 1‘o

182 571 318 606 χάρισμα,
332 570 372 600 είς
401 568 519 604 δήλωσιν
531 567 559 594 δὲ
575 567 626 601 τῆς
650 565 841 601 πνευματικῆς
873 565 978 600 δωρεᾶς

183 616 243 643 κατ’
259 616 363 642 ἐκεῖνον
386 613 576 649 προεφήτευσε
598 612 643 638 τὸν
661 611 769 647 καιρόν.
784 610 878 642 Οὕτως
891 610 937 637 καὶ
953 610 978 637 ot

183 662 370 696 ἐϐδομήκοντα
383 658 577 695 πρεσῦύτεροι,
593 657 674 689 εὐθὺς
691 657 740 691 μὲν
756 655 913 690 ἐκλεγέντες
924 654 978 681 ὑπὸ

183 707 325 738 Μωῦσέως
348 704 533 742 προφητεύειν
566 703 709 738 ἠξίωνται,
733 703 763 729 οὐ
787 702 842 737 μὴν
868 701 909 728 ἐτι
931 701 978 728 καὶ

185 753 254 789 μετὰ
269 753 364 780 ταῦτα.
377 751 557 786 Σοφιζόμενοι
566 749 595 776 δὲ
614 749 691 784 παρὰ
703 748 782 783 Θεοῦ,
793 748 841 775 τοῦ
851 747 917 774 λαοῦ
928 747 978 780 τὰς

182 799 406 834 ἀμφισϐητήσεις
417 797 534 824 διέλυον.

1029 242 1199 271 dictionibus
1217 245 1293 280 regni
1310 246 1524 280 promiSsionem
1540 247 1706 276 confirmat.

1065 288 1149 317 Vens.
1162 290 1229 317 6.Et
1243 291 1270 318 in
1283 292 1368 319 alium
1380 293 1466 320 virum
1479 295 1634 322 mutaberis.
1648 294 1717 328 Quia
1733 303 1829 329 agri-s-

1031 336 1065 363 lis
1085 341 1155 369 erat,
1174 341 1201 364 et
1218 341 1323 364 tantum
1340 334 1444 366 terram
1459 340 1550 367 colere
1568 345 1695 373 noverat,
1718 342 1828 370 delecto

1030 382 1057 409 in
1074 390 1177 418 regem,
1194 383 1300 419 regium
1323 385 1445 412 animum
1467 385 1583 413 indidit.

1066 469 1147 496 Vens.
1163 469 1207 496 ll.
1225 469 1298 497 Num
1314 475 1338 498 et
1354 471 1423 498 Saul
1435 473 1504 499 inter
1521 473 1685 507 prophetas?
1700 474 1827 511 Symma-

1030 513 1109 545 cluts,
1124 513 1194 541 Num
1212 515 1293 542 etiam
1320 515 1428 548 adhuc,
1445 517 1586 552 deinceps,
1607 523 1634 545 et
1657 517 1744 545 Sauli
1767 518 1825 546 Non

1030 563 1121 587 autem
1139 565 1274 596 perpetuo
1298 565 1326 588 et
1340 562 1517 590 continenter
1548 564 1700 599 prophetia:
1719 564 1823 592 donum

1030 605 1137 639 habuit,
1155 607 1214 640 sed,
1234 611 1264 633 ut
1293 607 1437 642 spirituale
1453 608 1556 636 donum
1582 617 1645 637 eum
1676 611 1827 646 aeccpisse

1030 651 1208 679 manifestum
1227 657 1312 685 esset,
1330 653 1377 681 illo
1390 654 1474 682 etiam
1493 660 1615 691 tempore
1636 657 1825 691 prophetavit.

1031 696 1077 724 Sic
1103 697 1185 724 etiam
1207 699 1381 734 septuaginta
1408 700 1533 728 seniores
1549 708 1564 728 a
1593 701 1686 738 Moyse
1715 702 1826 737 delecti,

1029 751 1092 770 mox
1109 743 1261 778 prophetiae
1284 744 1358 772 dono
1373 745 1479 781 dignati
1498 751 1573 778 sunt,
1593 756 1647 775 nou
1671 753 1771 776 tatnen'
1787 749 1825 777 ita

1029 789 1174 825 deinceps.
1191 789 1337 818 Prudentia
1355 799 1420 819 vero
1437 800 1452 819 a
1473 793 1526 820 Deo
1560 794 1700 827 instructi,
1730 796 1824 831 populi

1029 842 1138 867 causas,
1155 840 1182 863 et
1194 838 1399 866 controversias
1413 839 1591 866 dirimebant.

222 886 254 913 '0
267 886 378 919 οικεῖος
397 884 502 913 αὑτοῦ.
529 883 648 916 ’Δκύλας
671 883 766 919 φησιν,
781 882 796 908 ὸ
808 881 973 917 πατράδελ-

1063 880 1146 908 Vens.
1161 882 1204 909 15.
1223 882 1400 917 Domestieus,
1415 886 1469 912 sive
1480 886 1644 921 propinquus
1654 886 1723 921 ejus.
1740 887 1825 923 Aqui-

205 941 250 966 ος.

181 941 528 1011 paliututztetttlrmoﬁtat
542 975 628 1011 φυλὴ
639 974 791 1009 Βενιαμίν,
820 973 889 1000 υὺδέ
919 974 975 1005 τοὶς

181 1023 264 1054 θείοις
287 1023 443 1058 προφήταις
475 1022 620 1048 ἐπίστευον
636 1021 662 1047 oi
682 1019 802 1056 πονηρίᾳ
826 1018 971 1051 συξῶντες.

186 1069 229 1101 Ὠς
238 1069 271 1095 ἂν
283 1066 330 1096 οὖν
344 1069 381 1104 μὴ
395 1067 536 1100 τοπάζωσι
560 1067 673 1102 χάριτος
699 1065 876 1101 ἀνθρωπίνης
902 1063 974 1091 εἶναι

179 1114 230 1149 τὴν
245 1114 345 1150 ψῆφον,
360 1113 454 1149 κλήρῳ
475 1113 525 1149 τὴν
543 1113 636 1148 κρίσιν
657 1111 820 1147 ἐπέτρεψεν,
833 1112 865 1138 τὺ
878 1110 974 1138 δοκοῦν

180 1161 341 1196 ἐμφαίνοντι
353 1160 392 1196 τῷ
407 1160 481 1196 Θεῷ.
508 1160 568 1195 Κλη
575 1159 672 1195 ρωθεὶς
685 1159 713 1186 δὲ
727 1159 814 1186 Σαοὺλ
840 1158 973 1193 ἐπειράθη

179 1207 282 1239 λαθεῖν,
298 1207 368 1242 ὑπὲρ
385 1207 436 1242 τὴν
452 1205 532 1239 ἀξίαν
561 1204 646 1233 αὐτοῦ
664 1204 714 1240 τὴν
742 1204 867 1237 ἐξουσίαν
890 1203 973 1239 ὀρῶν.

186 1253 253 1279 Ὑπὸ
280 1252 348 1280 Θεοῦ
361 1253 390 1279 δέ
403 1252 442 1288 τῷ
458 1252 588 1288 προφήτῃ
609 1251 727 1287 δεχθεὶς,
749 1250 797 1286 τὴν
811 1250 860 1276 ἐπὶ
872 1249 974 1282 παντὸς

180 1298 227 1325 τού
238 1298 303 1326 λαοῦ
314 1298 484 1335 χειροτονίαν
496 1296 624 1330 tatam.

472 1427 597 1455 ΚΕΦΑΛ.
618 1427 670 1454 ιΑ’.

221 1476 273 1504 Ἑν
284 1475 324 1509 τῷ
333 1474 475 1510 ἐξορύξαι
487 1473 572 1509 ὑμῶν
588 1473 710 1500 πάντων
736 1472 839 1505 δεξιὸν
859 1472 973 1506 ὀφθαλ-

178 1523 248 1558 μόν.
280 1522 449 1558 Ἀχρήστους
475 1521 575 1552 αὐτοὺς
610 1521 650 1552 είς
685 1519 805 1554 πόλεμον
831 1519 972 1553 ἀποφῆναι

181 1557 355 1604 βουλόμενος.
381 1568 410 1595 'U
428 1568 483 1604 γὰρ
504 1566 648 1602 εὐώνυμος
665 1566 816 1602 ὀφθαλμὸς,
832 1567 866 1601 τῇ
879 1565 972 1592 ἀσπίδι
986 1557 1008 1586 C

180 1615 361 1646 καλύπτεται,
375 1615 389 1641 ὁ
399 1614 429 1641 δέ
436 1614 534 1646 δεξιδς,
550 1613 615 1645 τοὺς
639 1612 789 1647 πολεμίους
804 1612 870 1648 ὁρᾷ·
883 1608 914 1638 οὗ
930 1619 972 1642 τις

180 1661 374 1696 ἐστερημένος,
389 1660 536 1691 εὐάλωτος.
552 1658 632 1686 Οὕτω
643 1659 691 1685 καὶ
702 1658 834 1693 δυνάμεις
849 1657 876 1684 αἱ
889 1665 972 1691 πονη-

182 1706 268 1741 ραὶτὰ
280 1705 354 1739 δεξιὰ
379 1705 433 1731 τῶν
461 1704 609 1738 νοημάτων
641 1703 822 1738 περικόπτειν
842 1702 969 1735 ἐπείγον-

179 1760 234 1779 ται.

480 1795 608 1823 ΚΕΦΑΛ.
621 1795 673 1821 ΙΒ’.

220 1855 417 1889 ’Λποκρίθητε
438 1853 504 1881 κατ’
524 1852 599 1887 ἐμοῦ
611 1852 741 1878 ἐνώπιον
768 1850 888 1884 Κυρίου.
904 1849 973 1885 Κρι-

178 1901 228 1937 τὴς
237 1901 274 1927 ὢν
289 1901 415 1934 ἐξίστατο
429 1899 479 1935 τῆς
496 1898 631 1931 ἐξουσίας,
647 1898 694 1924 καὶ
710 1897 812 1932 ταύτην
823 1896 972 1931 παρεδίδου

178 1946 219 1982 τῷ
234 1946 348 1981 βασιλεῖ.
365 1946 418 1972 Καὶ
430 1945 464 1972 τὰ
478 1945 540 1971 καθ’
554 1944 651 1971 ἐαυτὸν
673 1943 771 1974 εἰπὼν,
790 1941 838 1968 καὶ
860 1941 972 1976 σύμψη-

179 1999 228 2025 φον
241 1991 414 2026 κτησάμενος
435 1991 480 2016 τὸν
499 1989 563 2016 λαὸν
581 1989 631 2023 τὴν
651 1987 764 2022 ἔννομον
777 1986 883 2014 ἐκείνου
895 1985 971 2019 ἐξου-

180 2035 241 2062 σίαν
266 2034 398 2068 ἐδίδαξεν.

215 2120 270 2148 Καὶ
288 2120 348 2148 νῦν
360 2119 539 2154 κατάστητε,
552 2117 603 2145 καί
619 2116 733 2145 δικάσω
744 2116 833 2151 ὑμᾶς.
843 2116 972 2143 ἐνώπιον

178 2168 289 2202 Κυρίου
302 2187 310 2199 ,
330 2167 378 2194 καὶ
398 2167 434 2193 τὰ
458 2165 532 2201 ἐξῆς.
550 2165 700 2200 Σύμμαχος
726 2163 823 2195 οὕτως,
843 2162 898 2188 Καὶ
923 2161 971 2189 νῦν

179 2214 351 2249 παράστητε,
372 2212 426 2246 ἵνα,
453 2211 589 2248 διακριθῶ
614 2211 684 2247 πρὸς
712 2211 785 2258 ὑμᾶς
813 2210 969 2258 ἔμπροσθεν
987 2231 1008 2258 D

179 2260 294 2296 Κυρίου,
312 2259 377 2295 περὶ¹
390 2258 484 2285 πασῶν
505 2257 560 2285 τῶν
574 2255 765 2292 ἐλεημοσυνῶν
789 2256 838 2284 τοῦ
854 2256 969 2291 Κυρίου,

179 2303 216 2333 ὧν
231 2304 369 2341 ἐποίησεν.

479 2349 607 2377 ΚΕΦΔΛ.
623 2348 673 2376 II".

219 2409 285 2442 Υἱὸς
301 2408 442 2435 ἐνιαυτοῦ
458 2407 559 2434 Σαοὺυῑ
573 2407 609 2433 ἐν
622 2405 662 2438 τῷ
669 2405 853 2438 βασιλεύειν
862 2404 966 2432 αὐτόν.

185 2455 215 2482 '0
233 2454 381 2490 Σύμμαχος
397 2454 539 2487 ἐξέδωκεν,
551 2451 617 2485 υίὸς
633 2452 674 2484 ὡς
688 2451 842 2483 ἐνιαύσιος
862 2451 970 2476 Σαούλ.

181 2500 260 2535 Δηλοῖ
272 2499 300 2526 δὲ
313 2499 392 2526 τοῦτο
410 2500 459 2533 τὴν
473 2499 614 2533 ἁπλότητα
635 2498 683 2533 τῆς
708 2497 798 2532 ψυχῆς
811 2495 859 2522 τοῦ
875 2495 972 2527 Σαοὺλ,

179 2547 213 2582 ἢν
230 2544 286 2581 εἶχε
302 2545 463 2581 βασιλεύων,
481 2543 554 2581 ᾗπερ
566 2545 614 2570 οὐκ
630 2545 676 2570 ἐπὶ
687 2544 813 2570 πλεῖστον
825 2542 971 2578 ἐχρήσατο.

181 2592 264 2619 Ὅθεν
292 2592 465 2628 πρόσκειται.
495 2591 550 2618 Καὶ
568 2590 616 2617 δύο
647 2590 694 2625 ἐτη
721 2589 896 2616 ἐϐασίλευσεν
926 2589 974 2614 ἐπὶ

188 2638 298 2674 Ἰσραὴλ
310 2658 318 2670 ,
338 2638 408 2673 μετὰ
429 2637 479 2672 τῆς
498 2636 651 2672 ἁπλότητος
667 2635 778 2672 δηλαδή.
793 2636 860 2662 Μεθ’
873 2634 891 2662 ἃ
904 2635 973 2662 ὑπο-

184 2683 275 2716 κλίνας
289 2683 358 2718 πρὸς
371 2683 516 2719 πονηρίαν,
532 2683 581 2718 τῆς
607 2682 682 2715 θείας
704 2681 881 2717 γεγύμνωται
894 2683 974 2717 χάρι-

182 2737 239 2759 τος.
259 2729 340 2756 Ὀοεν
352 2730 367 2756 ὁ
381 2729 486 2762 λοιπὸς,
506 2728 535 2756 ὃν
550 2727 722 2761 ἐὸασίλευσε,
746 2727 842 2764 χρόνος
866 2729 900 2763 τῇ
927 2726 975 2754 τοῦ

183 2773 270 2800 Σαοὺλ
278 2774 443 2810 δημαγωγία
451 2773 622 2808 λελόγισται.

216 2861 270 2889 Kal
281 2861 432 2894 ἐπάταξεν
456 2861 600 2890 Ἰωνάθαν
625 2860 678 2888 τὸν
703 2859 830 2896 Nucem.
854 2859 970 2891 ’Λκύλας

1027 926 1052 954 la
1066 927 1149 959 dicit,
1170 929 1359 964 πατράδελφος
1376 934 1502 965 patruus.

1062 971 1143 1000 Vens.
1160 972 1204 1001 20.
1222 974 1257 1001 Et
1271 977 1339 1009 [orte
1354 976 1476 1003 educitur
1491 976 1577 1004 tribus
1591 976 1744 1012 Beniamin.
1755 972 1826 1005 Pra-

1025 1018 1068 1045 vis
1081 1018 1182 1047 studiis
1200 1024 1255 1047 tam
1280 1021 1384 1049 addicti
1403 1026 1495 1053 erant,
1515 1026 1544 1049 ut
1565 1023 1650 1050 etiam
1677 1023 1821 1058 prophetis

1025 1063 1072 1091 Dei
1090 1064 1170 1092 [idem
1194 1073 1250 1093 non
1274 1066 1456 1095 adhiberent.
1479 1068 1519 1096 Ne
1542 1069 1627 1104 igitur
1661 1069 1824 1104 suffragium

1025 1109 1139 1138 humani
1171 1112 1256 1139 studii
1298 1117 1325 1140 et
1356 1112 1460 1142 favoris
1489 1122 1552 1142 esse
1593 1115 1823 1150 suspicarentur.

1031 1156 1099 1183 sorti
1124 1156 1262 1192 judicium
1283 1159 1409 1193 permisit
1433 1160 1578 1195 propheta,
1599 1166 1638 1193 ut,
1665 1161 1740 1196 quod
1770 1160 1825 1188 Deo

1025 1201 1112 1228 visutn
1133 1206 1218 1234 esset,
1235 1202 1407 1232 declararet.
1426 1204 1492 1232 Saul
1509 1213 1586 1239 vero,
1599 1205 1655 1241 jam
1684 1211 1760 1234 sorte
1774 1206 1824 1234 de-

1026 1245 1125 1278 lectas,
1144 1246 1325 1275 considerans
1343 1248 1414 1276 hanc
1430 1253 1608 1284 potestatem,
1628 1258 1678 1277 sua
1700 1250 1822 1285 dignita-

1025 1295 1062 1323 te,
1081 1294 1109 1317 et
1125 1291 1233 1320 meritis
1256 1292 1340 1328 longe
1354 1294 1579 1322 excellentioretn
1609 1300 1636 1323 et
1654 1296 1824 1331 superiorem

1024 1343 1086 1364 esse
1101 1356 1109 1368 ,
1134 1337 1241 1364 occulte
1256 1337 1343 1365 latere
1364 1339 1498 1366 tentabat.
1514 1339 1567 1367 Sed
1592 1347 1607 1367 a
1625 1340 1681 1368 Deo
1702 1340 1825 1370 Samueli

1024 1385 1165 1414 ostensus,
1183 1381 1233 1410 toti
1249 1383 1351 1418 populo
1364 1385 1509 1419 praefectus
1523 1390 1575 1413 est.
1662 1383 1665 1385 ’

1351 1428 1429 1457 CAP.
1448 1429 1494 1457 XI.

1059 1471 1143 1499 Vens.
1160 1471 1188 1499 2.
1206 1472 1240 1499 Ut
1255 1473 1329 1500 vobis
1345 1473 1467 1501 omnibus
1484 1475 1572 1502 dexter
1593 1478 1686 1503 oculus
1702 1480 1823 1504 eruatur.

1025 1515 1166 1545 lsraelitas
1192 1517 1264 1545 bello
1295 1519 1407 1547 inutiles
1436 1520 1551 1548 reddere
1582 1521 1678 1548 voluit.
1706 1520 1825 1549 Sinister

1024 1563 1097 1589 enim
1123 1563 1221 1591 oculus
1235 1563 1333 1599 clypeo
1349 1564 1469 1599 tegitur;
1488 1564 1586 1592 dextro
1606 1570 1712 1598 autem,
1729 1566 1823 1594 hostes

1024 1608 1192 1643 aspicimus;
1204 1616 1259 1643 quo
1271 1609 1294 1636 si
1312 1609 1375 1644 quis
1390 1609 1523 1644 privetur,
1537 1610 1618 1638 facile
1629 1611 1760 1638 vincitur.
1777 1611 1823 1639 Sic

1025 1653 1192 1681 adversariae
1208 1655 1290 1681 etiam
1306 1659 1459 1690 potestates
1485 1655 1566 1683 nobis
1589 1655 1704 1684 dextros
1726 1657 1822 1685 oculos

1023 1698 1131 1733 eripere
1147 1703 1284 1726 conantur
1293 1718 1301 1726 .

1346 1786 1424 1815 CAP.
1448 1786 1506 1815 XII.

1059 1841 1143 1870 Vens.
1159 1843 1186 1870 5.
1200 1842 1365 1877 Respondent
1391 1849 1486 1871 contra
1508 1852 1549 1871 me
1577 1853 1667 1872 eorum
1696 1844 1821 1874 Domina.

1024 1889 1148 1922 Samuel,
1165 1894 1277 1917 amotus
1291 1890 1326 1917 ab
1342 1890 1432 1917 oﬂicio
1454 1890 1570 1925 judicia.
1591 1898 1670 1918 suam
1696 1897 1821 1927 potesta-

1023 1938 1078 1961 tem
1099 1934 1126 1961 iu
1146 1942 1238 1970 regem
1255 1935 1408 1967 transtulit,
1427 1941 1454 1963 et
1482 1943 1544 1963 cum
1574 1936 1608 1964 de
1638 1938 1721 1965 rebus
1736 1957 1744 1971 ,
1763 1945 1823 1973 quae

1022 1987 1099 2007 suam
1113 1986 1260 2015 personam
1275 1981 1459 2016 attingebant,
1475 1981 1556 2008 verba
1570 1981 1691 2015 fecisset,
1703 1991 1824 2010 consen-

1022 2024 1190 2059 tientemque
1207 2026 1337 2060 populum
1352 2026 1475 2059 haberet,
1493 2027 1614 2061 legitime
1644 2028 1721 2055 illum
1743 2033 1821 2063 pote-

1023 2075 1121 2099 statem
1137 2078 1233 2106 gerere
1246 2072 1359 2099 docuit.

1062 2116 1147 2144 Vens.
1166 2117 1192 2144 7.
1215 2116 1295 2145 Num:
1308 2118 1390 2154 igitur
1405 2119 1553 2151 consistite,
1572 2124 1596 2146 et
1622 2119 1751 2154 iudicabo
1778 2128 1822 2147 vos

1021 2170 1113 2190 coram
1145 2162 1270 2196 Domino,
1285 2168 1314 2196 et
1335 2172 1396 2199 quae
1425 2169 1592 2200 sequuntur.
1623 2164 1670 2193 Sic
1699 2165 1824 2201 Symma-

1023 2210 1104 2242 chus,
1121 2216 1194 2236 nunc
1206 2213 1288 2243 state,
1306 2215 1336 2238 ut
1354 2210 1492 2246 dijudicer
1506 2219 1520 2238 a
1531 2211 1609 2239 vobis
1622 2219 1716 2240 curam
1729 2212 1822 2239 Domi-

1024 2262 1070 2286 uo.
1086 2254 1121 2282 de
1143 2255 1219 2282 omni
1249 2255 1441 2284 misericordia
1455 2277 1463 2291 ,
1481 2265 1565 2293 quam
1592 2257 1725 2285 Dominus
1747 2259 1824 2285 exhi-

1023 2301 1095 2329 buit.

1347 2350 1425 2378 CAP.
1458 2350 1528 2379 XIII.

1061 2405 1143 2433 Vens.
1163 2406 1188 2433 I.
1202 2405 1270 2434 Cum
1280 2405 1347 2434 Saul
1360 2413 1493 2443 regnaret,
1507 2408 1579 2442 ﬁlius
1590 2408 1669 2435 unius
1682 2407 1822 2436 munierat.

1025 2451 1209 2487 Symmachus
1239 2453 1364 2487 exponit,
1394 2453 1463 2480 sicut
1491 2460 1556 2488 puer
1584 2453 1738 2480 anniculus.
1763 2455 1825 2486 Quo

1025 2497 1109 2524 verbo
1126 2497 1291 2533 simplicitas
1308 2499 1393 2526 animi
1408 2499 1496 2534 ipsius
1513 2499 1684 2532 ostenditur,
1698 2507 1781 2534 quam
1796 2501 1823 2528 iu

1027 2550 1111 2577 regno
1126 2542 1233 2576 habuit,
1249 2551 1303 2578 qua
1320 2549 1411 2570 tamen
1428 2552 1483 2571 non
1501 2545 1584 2579 longo
1609 2548 1734 2579 tempore
1759 2553 1826 2573 usus

1024 2592 1079 2615 est.
1097 2588 1235 2620 Quocirca
1251 2588 1372 2622 additur,
1385 2593 1411 2616 et
1426 2589 1534 2616 duobus
1549 2590 1630 2617 anuis
1642 2591 1767 2625 regnavit
1777 2598 1824 2618 su-

1026 2640 1075 2667 per
1091 2632 1187 2666 lsrael,
1213 2640 1311 2668 nempe
1337 2641 1400 2661 cum
1423 2634 1469 2661 illa
1494 2641 1602 2662 morum
1630 2635 1825 2670 simplicitate,

1028 2677 1126 2709 Postea
1141 2677 1176 2704 ad
1192 2678 1352 2713 pravitatem
1367 2679 1528 2713 declinans,
1546 2681 1638 2707 divina
1667 2681 1756 2716 gratia
1778 2681 1826 2708 de-

1030 2724 1147 2751 stitutus
1166 2727 1208 2751 cst
1256 2723 1319 2751 Inde
1346 2725 1484 2760 reliquum
1520 2726 1604 2753 etiam
1634 2731 1753 2761 tempus,
1770 2735 1826 2762 quo

1031 2769 1097 2796 Saul
1129 2777 1243 2804 regnum
1275 2770 1487 2805 administravit,
1514 2773 1710 2808 gubernatiom
1736 2773 1826 2807 ipsius

1030 2815 1200 2849 assignatum
1217 2819 1269 2842 est.

1061 2861 1144 2889 Vens.
1165 2861 1192 2889 5.
1215 2861 1249 2888 Et
1276 2863 1404 2897 percussit
1428 2862 1565 2891 lauat/ian
1587 2863 1695 2891 Nasim.
1727 2862 1827 2898 Aquila
