2086 3160
217 180 282 210 10111

721 176 986 207 COMMENTARII
1012 176 1051 205 IN
1070 175 1142 204 LIB.
1160 174 1174 204 Ι
1194 174 1340 204 REGUM.

1769 173 1838 204 1098

216 238 334 270 Κύριος.
352 235 384 260 Et
413 235 533 270 ἀνοήτως
548 233 744 269 ἀνεθεμάτισεν
761 235 775 260 6
798 235 894 267 Σαοὺλ,
912 235 936 259 τί
952 234 1000 268 δή·

1059 232 1082 260 Si
1113 231 1179 259 Saul
1204 231 1368 266 insipienter
1393 235 1418 258 ει
1451 235 1554 259 temere
1582 230 1838 262 anathematizavit.

215 291 279 310 ποτε
296 282 341 308 τὸν
364 279 587 315 ἀναθεματισμδν
608 280 774 307 ἐϐεϐαίωσεν
790 281 804 307 ὁ
821 280 887 311 Θεός
900 289 908 313 ;
923 280 1001 315 Πρῶ-

215 337 260 354 τον
271 327 352 354 αὺτδν
366 325 472 360 ἐλέγχει
487 325 609 360 ἀνοήτως
621 324 841 360 ἐπαρασάμενον,
857 325 951 352 ἔπειτα
961 325 1001 351 δι-

215 375 309 401 δάσκει
326 372 393 408 μηδὲ
406 373 460 399 τῶν
467 372 596 399 τοιούτων
615 372 794 406 ἀναθεμάτων
808 372 1001 406 καταφρονεῖν.

221 414 409 446 Ἐνταῦθιίδὲ
432 419 446 444 ὁ
464 417 514 453 μὲν
539 418 640 449 σκοπὸς
667 418 794 452 εὐσεὸὴς,
810 418 850 448 είς
868 416 936 443 Θεοῦ
947 417 1002 451 γὰρ

215 465 319 500 ὡρίσθη
333 463 425 499 τιμήν.
447 463 546 498 Ἐχρῆν
563 463 592 489 δὲ
611 463 722 489 σκοπεῖν
737 482 744 494 ,
757 462 795 494 ὡς
808 463 822 488 ὁ
835 462 891 487 τῶν
918 469 1003 495 μαχο-

217 511 306 545 μένων
322 509 413 540 πόνος,
430 508 476 534 καὶ
487 509 565 543 δίψαν
590 508 696 542 ἀνάγκη
723 508 805 534 ποιεῖ.
828 506 956 533 Ἰωνάθαν
974 505 1003 532 δὲ

216 558 263 583 καὶ
275 558 307 592 τῇ
320 556 418 592 ἀγνοίᾳ
429 555 600 587 συνέζευκτο,
611 554 659 581 καὶ
668 553 770 589 ταύτην
781 553 848 588 ἔχων
857 552 925 587 πρὸς
937 551 1004 578 ἁπο-

216 602 321 636 λογίαν,
335 603 409 637 ὅμως
433 602 513 637 ἄχρις
539 601 625 636 αὐτῆς
651 600 824 626 ἐκινδύνευσε
844 599 893 634 τῆς
920 597 991 630 ζωῆς

224 648 294 674 Ἀλλ’
306 647 450 683 ἀπηλλάγη
471 647 515 673 διὰ
541 647 590 681 τὴν
614 645 662 672 τοῦ
675 645 740 672 λαοῦ
764 643 871 671 δικαίαν
886 650 1003 677 συνηγο-

221 688 291 728 iam.
311 735 315 741 ,

517 821 643 848 ΚΕΦΑΛ.
655 820 706 849 IE'.

255 867 514 903 Μεταμεμέλημαι,
530 867 575 893 ὅτι
592 867 700 900 ἐχρισα
715 866 769 893 τὸν
781 865 882 893 Σαοὺλ
895 866 940 898 είς
949 866 1005 898 βα-

1051 285 1101 305 cur
1127 278 1199 304 Deus
1215 277 1475 305 anathematismum
1502 277 1581 304 illum
1604 281 1695 304 ratum
1718 276 1841 304 habuit?

1053 323 1172 350 Primum
1193 330 1256 349 eum
1272 322 1425 357 redarguit,
1441 327 1469 349 et,
1494 321 1647 354 convincit,
1669 321 1743 356 quod
1755 322 1840 350 devo-

1052 368 1155 394 tionem
1173 367 1364 402 imprudenter
1375 366 1481 394 fecerit.
1501 366 1606 394 Deinde
1629 366 1736 400 docuit,
1752 374 1842 401 neque

1052 412 1188 447 ejusmodi
1219 412 1396 440 anathemata
1423 411 1626 439 contemnenda
1654 419 1728 440 esse.
1761 412 1841 439 Pium

1054 465 1119 485 vero
1137 458 1180 485 hic
1195 464 1309 492 scopum
1323 457 1465 492 praefixum
1481 457 1581 490 habet;
1597 458 1630 484 ad
1645 457 1691 484 Dei
1699 458 1772 485 enim
1783 458 1842 493 glo-

1052 502 1122 530 riam
1138 501 1277 536 dirigitur.
1297 501 1362 528 Erat
1386 505 1477 529 autem
1505 502 1748 534 considerandum,
1767 502 1841 537 quod

1053 548 1236 583 pugnantium
1256 547 1345 580 labor,
1360 551 1388 575 et
1402 548 1556 575 necessitas
1576 548 1651 575 sitim
1667 547 1776 575 efficiat.
1793 548 1842 576 Jo-

1054 593 1169 623 uathau.
1184 593 1237 620 etsi
1253 593 1413 628 ignorantia
1437 593 1597 627 implicatus
1614 594 1661 626 sit,
1675 602 1793 629 eamque
1806 594 1842 622 ad

1054 638 1096 666 sui
1106 637 1294 665 defensionem
1302 642 1455 673 praetexere
1463 641 1590 673 poterat;
1605 643 1698 666 tamen
1709 639 1737 667 in
1752 639 1840 666 niaxi-

1053 690 1128 710 mum
1151 683 1318 718 periculum,
1335 686 1362 710 et
1385 687 1539 710 extremum
1564 690 1634 718 pene
1654 685 1717 711 vitae
1742 684 1843 712 discri-

1054 735 1117 755 men
1140 728 1225 755 venit.
1244 726 1324 755 Iusta
1347 735 1413 755 vero
1445 727 1538 762 populi
1559 727 1720 756 defensioue
1743 729 1845 756 libera-

1055 776 1100 801 tus
1115 777 1168 801 est.

1377 817 1452 845 CAP.
1470 818 1529 845 XV.

1098 861 1180 891 Vsus.
1195 863 1239 891 Η.
1254 862 1369 890 Paenitet
1395 871 1446 896 me,
1467 863 1537 898 quod
1561 863 1669 891 Saulem
1694 872 1723 891 ιη
1748 871 1842 898 regem.

221 914 321 942 σιλέα.
336 912 510 947 Μεταμέλεια
519 911 587 938 Θεοῦ
597 912 614 946 ἡ
628 912 678 946 τῆς
688 911 844 946 οἰκονομίας
856 911 1003 946 μεταϐολή.

1059 907 1221 935 Pmnitentia
1247 907 1295 935 Dei
1326 912 1369 935 est
1392 908 1610 942 dispensationis
1639 909 1727 943 ipsius
1755 914 1844 936 muta-

221 957 284 985 Οἶον
314 957 481 993 προύὄάλετο
512 956 557 982 τὸν
588 955 685 988 Σαοὺλ,
700 955 744 982 διὰ
764 955 855 982 τὸτοῦ
879 955 1005 991 σώματος

221 1004 387 1037 ἀξιοθέατον,
402 1003 452 1029 οὐκ
468 1001 548 1033 αὐτὸς
557 1000 637 1028 τοῦτο
650 1000 749 1036 τιμῶν,
766 1001 876 1028 πάντων
892 1000 946 1036 γὰρ
959 1001 1006 1036 δη-

224 1048 370 1087 μιουργὸς,
384 1047 429 1074 διὰ
447 1047 477 1074 δὲ
496 1047 542 1073 τὸν
563 1045 641 1077 λαὸν,
655 1045 690 1072 τὰ
715 1045 776 1072 κατ’
788 1045 915 1081 αἴσθησιν
937 1045 1007 1081 μόνα

223 1095 291 1120 καλὰ
305 1092 489 1127 θαυμάζοντα.
509 1091 586 1118 Ἐπεὶ
601 1091 649 1117 καὶ
669 1091 814 1125 Ζακχαῖος,
840 1091 938 1126 μικρὸς
955 1091 1005 1123 ὢν,

222 1139 268 1166 τὸν
286 1138 425 1171 Δεσπότην
445 1136 564 1170 ἐδέξατο.
583 1136 639 1163 Καὶ
657 1135 801 1171 Σαμουὴλ,
814 1135 874 1167 νέος
893 1136 942 1169 ὢν,
957 1136 1008 1171 τῆς

223 1184 297 1214 θείας
320 1181 480 1216 ἐπιφανείας
499 1181 624 1216 ἠξίωται.
652 1180 829 1216 Προὺτιμήθη
849 1181 879 1207 δὲ
891 1181 1008 1208 καὶτῶν

225 1228 357 1264 μειζόνων
375 1227 425 1254 καὶ
442 1226 637 1263 πρεσὸυτέρων
665 1226 788 1261 ἀδελφῶν
801 1226 816 1253 ὀ
829 1226 921 1254 Δαϐίδ.
939 1227 1008 1253 Οὐδὲ

223 1273 277 1306 γὰρ
293 1271 418 1307 μέγεθος,
430 1271 448 1306 ἢ
465 1270 572 1303 πολιὰν,
592 1270 692 1305 ἀρετῆς
705 1271 838 1306 προτιμᾷ.
850 1271 951 1306 Διόπερ
961 1272 1009 1298 ἀν-

224 1317 366 1353 θρωπίνως
377 1316 454 1352 φησὶ,
464 1315 721 1351 Μεταμεμωημαι·
732 1315 885 1351 ἀνθρώποις
893 1317 941 1343 καὶ
949 1316 1009 1343 τού-

222 1372 280 1395 τοις
309 1363 450 1398 ἀγροίκοις
472 1362 678 1397 διαλεγόμενοςη
693 1361 744 1397 τὴν
759 1361 807 1389 ἐπὶ
822 1362 906 1389 Δαϐὶδ
928 1362 1010 1396 μετά-

224 1408 303 1434 ὄασιν
313 1407 364 1442 τῆς
379 1406 518 1442 βασιλείας
535 1405 635 1442 δηλῶν.

269 1550 355 1580 Art-2c,
371 1555 419 1574 και
433 1546 588 1583 ἐπαγγελῶ
598 1554 658 1575 σοι.
676 1547 709 1575 Et
721 1548 769 1574 καὶ
783 1550 936 1585 προψήτης,
952 1550 1010 1576 ἀλλ’
1024 1565 1045 1593 c

225 1594 296 1620 αίτεῖ
320 1593 493 1629 παρρησίαν,
511 1592 549 1624 ὡς
573 1593 640 1628 πρὸς
669 1593 782 1628 βασιλέα
805 1594 1009 1630 διαλεγόμενος.

232 1638 446 1674 ’Λναμιμνήσκει
459 1638 487 1664 δὲ
506 1638 587 1665 αὑτὸν
607 1637 662 1664 τῶν
676 1637 729 1673 πρὸ
743 1639 793 1674 τῆς
807 1639 946 1674 βασιλείας
961 1641 1011 1667 αὑ-

226 1683 273 1710 τοῦ
287 1683 384 1718 λόγων.

262 1772 312 1798 Διὰ
335 1770 370 1798 τὸ
391 1770 522 1798 ἀκοῦσαί
537 1779 575 1805 με
588 1770 645 1806 τῆς
654 1770 758 1806 φωνῆς
770 1771 824 1799 τοῦ
843 1771 931 1799 λαοῦ.
948 1772 1010 1803 Τοῖς

227 1816 274 1843 τοῦ
293 1816 379 1850 Ἀδὰμ
392 1816 440 1842 καὶ
450 1817 465 1842 ὁ
480 1815 566 1843 Σαοὺλ
580 1816 649 1851 πρὸς
661 1816 706 1843 τὸν
719 1817 863 1852 προφήτην
878 1817 1010 1852 κέχρηται

227 1862 316 1896 λόγοις
327 1868 334 1877 ·
349 1861 441 1896 ὅμοιον
461 1861 517 1897 γὰρ
533 1861 582 1897 τῷ,
597 1871 607 1888 ι
623 1862 656 1888 Ἦ
674 1862 743 1898 γυνὴ
753 1881 760 1895 ,
772 1862 806 1898 ἣν
827 1862 929 1894 ἔδωκας
952 1863 1011 1897 μετ’

229 1907 307 1942 ἐμοῦ,
324 1907 392 1941 αὐτή
408 1915 453 1941 μοι
465 1906 576 1934 ἔδωκεν.
597 1916 606 1932 ι

270 1950 355 1982 Ἰδοὺ,
368 1952 403 1977 οὺ
421 1951 501 1978 θέλει
515 1952 531 1977 ό
545 1951 657 1984 Κύριος
673 1950 903 1983 ὁλοκαυτώσεις.
920 1950 969 1977 Διὰ
981 1950 1012 1976 τὺ

227 1996 274 2022 τὸν
288 1996 373 2022 Σαοὺλ
385 1997 483 2029 εἰπεῖν,
497 1997 536 2028 είς
551 1996 646 2023 θυσίαν
660 1996 850 2032 ἀνενηνοχεναι
865 1995 900 2023 τὰ
913 1995 1012 2031 βουκό-

229 2042 284 2072 λια,
305 2042 352 2067 καὶ
366 2041 400 2067 τὰ
416 2042 531 2076 ποίμνια

280 2088 330 2113 Οτι
346 2086 473 2121 ἁμαρτία
491 2085 637 2121 οἰώνισμά
650 2087 735 2114 ἐστιν
749 2089 1010 2124 παραπικρασμός.

236 2131 345 2158 Ἀδικία
368 2132 418 2158 καὶ
440 2132 581 2166 θεραφεὶν
603 2133 728 2168 ὀδύνην,
745 2135 795 2160 καί
817 2135 928 2168 πόνους
960 2135 1013 2161 ἑπ-

229 2177 367 2211 άγουσιν.
377 2178 534 2212 Σύμμαχος,
547 2178 608 2204 Ὅτι
621 2179 748 2212 ἁμαρτία
756 2179 811 2213 τῆς
822 2180 965 2214 μαντείας
978 2180 1012 2207 τὸ

1056 954 1106 981 tio.
1130 952 1255 988 Exempli
1271 954 1379 988 gratia:
1395 952 1506 981 Saulem
1528 954 1630 989 delegit
1641 959 1753 989 propter
1766 962 1845 989 egre-

1056 998 1126 1033 giam
1144 1003 1278 1026 staturam
1293 998 1430 1033 corporis.
1446 997 1506 1025 Non
1523 999 1597 1033 quod
1617 999 1677 1034 ipse
1694 1000 1764 1026 tanti
1783 1007 1844 1027 eam

1057 1044 1172 1076 faceret,
1195 1044 1243 1078 qui
1270 1043 1395 1071 omnium
1413 1048 1456 1071 est
1477 1043 1568 1078 opifex
1581 1063 1589 1076 ,
1603 1044 1652 1071 sed
1667 1048 1780 1079 propter
1796 1051 1846 1078 po-

1057 1089 1164 1122 pulum,
1186 1088 1232 1123 qui
1257 1096 1299 1121 ea,
1325 1095 1385 1122 qua:
1409 1088 1539 1116 sensibus
1567 1088 1681 1123 pulchra
1700 1092 1844 1124 apparent.

1057 1139 1164 1161 tantum
1183 1133 1311 1168 suspicit,
1329 1138 1356 1160 et
1373 1133 1538 1161 admiratur.
1553 1133 1619 1160 Nam
1631 1134 1765 1161 Zachaeus
1776 1141 1846 1168 quo-

1057 1186 1121 1214 que,
1150 1178 1196 1213 qui
1221 1179 1349 1214 pusillam
1368 1179 1495 1214 corporis
1520 1183 1655 1206 staturam
1671 1179 1777 1209 habuit.
1795 1179 1846 1206 Du-

1058 1226 1163 1252 minum
1181 1226 1309 1260 excepit;
1324 1224 1447 1257 Samuel,
1461 1225 1528 1252 licet
1550 1225 1646 1260 junior
1654 1230 1738 1259 esset,
1753 1227 1846 1254 divina

1059 1270 1232 1306 apparitione
1258 1271 1388 1306 dignatus
1411 1274 1472 1304 est;
1499 1271 1583 1298 David
1611 1271 1745 1299 fratribus
1778 1276 1846 1300 natu

1060 1317 1210 1351 majoribus
1223 1317 1379 1352 praefertur.
1393 1317 1465 1346 Deus
1480 1318 1553 1345 enim
1573 1326 1662 1354 neque
1679 1319 1847 1353 magnitudi-

1059 1369 1135 1395 nem,
1155 1369 1244 1397 neque
1259 1366 1428 1390 senectutem
1439 1363 1537 1390 virtuti
1551 1364 1704 1398 anteponit.
1719 1364 1847 1392 Humano

1060 1407 1145 1441 igitur
1159 1414 1238 1435 more
1249 1407 1317 1435 dicit
1334 1416 1341 1434 :
1358 1407 1468 1436 Paenitet
1482 1417 1537 1436 me:
1546 1409 1682 1444 Loquitur
1697 1410 1770 1437 enim
1784 1418 1847 1438 cunt

1059 1452 1232 1486 hominibus,
1246 1452 1337 1488 iisque
1357 1453 1505 1489 imperitis,
1520 1459 1547 1481 et
1571 1455 1707 1488 rudibus;
1724 1456 1802 1491 regni
1819 1457 1847 1484 in

1061 1497 1191 1526 Davidem
1205 1499 1413 1527 translationem
1429 1500 1603 1535 significans.

1092 1541 1176 1570 Vens.
1186 1541 1231 1569 i6.
1243 1541 1317 1574 Sine,
1326 1547 1350 1569 et
1359 1544 1523 1571 annuntiabo
1540 1544 1598 1574 tibi.
1608 1545 1772 1581 Quanquam
1781 1555 1849 1581 Apro-

1062 1587 1143 1622 pheta
1175 1587 1223 1619 sit,
1248 1592 1351 1620 tamen,
1371 1595 1464 1623 regem
1489 1589 1670 1623 allocuturus,
1696 1591 1781 1619 libere
1808 1593 1848 1618 Io-

1061 1632 1163 1668 quendi
1178 1633 1285 1668 copiam
1300 1633 1380 1668 petit.
1396 1633 1518 1661 Revocat
1531 1634 1557 1662 ei
1574 1635 1600 1662 in
1615 1637 1776 1664 memoriam
1789 1645 1850 1665 ser-

1061 1686 1169 1710 mones.
1192 1686 1264 1714 quos
1283 1685 1346 1706 cum
1363 1687 1396 1708 eo
1415 1680 1524 1713 habuit,
1545 1681 1708 1716 priusquam
1729 1691 1845 1718 regnum

1062 1724 1226 1758 accepisset.

1099 1767 1183 1796 Vens.
1196 1768 1243 1796 20.
1259 1769 1331 1802 Quia
1347 1769 1438 1796 audivi
1449 1776 1534 1797 vocem
1545 1771 1645 1805 populi.
1654 1771 1751 1799 Atiami
1763 1781 1849 1801 exru~

1063 1815 1170 1842 satione
1197 1815 1230 1842 ad
1255 1815 1418 1850 prophetam
1440 1815 1506 1843 Saul
1526 1824 1636 1851 quoque
1651 1825 1719 1845 usus
1731 1823 1784 1846 est.
1801 1819 1848 1847 Si-

1062 1861 1127 1888 mile
1142 1860 1215 1888 enim
1229 1865 1272 1888 est
1287 1861 1351 1888 huic
1365 1870 1373 1889 :
1393 1870 1403 1887 ε
1417 1860 1525 1895 Mulier,
1541 1869 1624 1897 quam
1647 1862 1749 1892 dedisti
1767 1865 1847 1898 mihi,

1063 1905 1121 1942 ipsa
1136 1906 1210 1934 dedit
1223 1907 1302 1934 mihi.
1323 1917 1332 1933 ι

1095 1951 1233 1979 Vsus.22.
1250 1952 1317 1980 Ecce
1339 1960 1391 1980 non
1414 1953 1468 1980 vult
1483 1952 1612 1980 Dominus
1627 1954 1792 1983 holocausta.
1810 1957 1848 1985 Eo

1063 1998 1134 2031 quod
1149 1997 1214 2024 Saul
1243 1998 1359 2025 dixisset
1383 1998 1416 2025 ad
1437 1998 1606 2025 sacrificium
1624 2006 1702 2032 oves,
1721 2007 1748 2028 et
1762 2001 1848 2030 b0ves

1063 2042 1196 2069 adductos
1212 2050 1285 2070 esse.

1098 2087 1178 2123 515
1194 2087 1276 2115 Vsus.
1298 2088 1344 2116 25.
1364 2087 1496 2121 Quoniam
1518 2097 1654 2123 peccatum
1666 2091 1792 2118 ariolatio
1809 2098 1848 2120 est

1063 2133 1192 2167 irritatio,
1206 2133 1343 2166 iniquitas,
1359 2138 1384 2161 et
1401 2134 1547 2169 theraphim
1559 2135 1688 2168 dolerent,
1700 2142 1724 2164 et
1741 2138 1846 2165 labores

1063 2178 1201 2211 inducunt,
1217 2184 1271 2207 etc.
1287 2179 1481 2215 Symmachus,
1498 2180 1568 2213 Quia
1582 2187 1718 2215 peccatum
1741 2184 1847 2217 augurii

230 2221 423 2256 προσερίζειν·
434 2223 452 2257 ἡ
459 2223 493 2249 δὲ
499 2223 608 2257 ἀνομία
621 2223 680 2250 τῶν
690 2224 820 2252 εὶδὼλων
839 2225 873 2253 τὸ
883 2226 1008 2254 ἀπιθεῒν.

1064 2229 1101 2252 est
1111 2225 1253 2258 contentio,
1262 2229 1398 2259 peccatum
1407 2231 1495 2252 autent
1513 2225 1685 2258 idololatria,
1695 2226 1847 2254 inobedien-

230 2266 318 2294 Ἶσον
331 2266 389 2295 οὖν
414 2268 505 2303 ἤγαγε
523 2268 561 2302 τῇ
571 2269 692 2303 ἀσεϐείᾳ
702 2270 735 2296 τὸ
752 2270 899 2304 ἁπιθῆσαι
915 2272 922 2291 ί
940 2272 1012 2304 Θεῷ.

229 2314 298 2349 Φησὶ
311 2314 339 2340 δέ
351 2323 393 2345 τις
406 2314 455 2349 τὴν
478 2315 571 2341 ἄνοιαν
588 2316 653 2347 ἴσως
677 2316 728 2351 τὴν
742 2317 820 2343 ὲνίων
833 2317 1011 2350 αἰνίττεσθαι,

229 2361 322 2386 οἰωνὸν
342 2360 553 2387 ὑποπτευόντων
567 2361 660 2393 κακὸν,
675 2360 704 2387 τὸ
717 2362 893 2396 νενικηκότας
906 2362 942 2397 μὴ
951 2372 1014 2399 κερ-

229 2406 304 2432 δᾶναι
318 2405 367 2440 τὴν
379 2406 464 2432 λείαν.
474 2406 580 2441 Ὥσπερ
591 2406 620 2432 δὲ
629 2407 659 2432 τὸ
667 2406 748 2440 ἐφοὺδ
758 2407 882 2434 ἀνέκειτο
893 2409 931 2444 τῷ
942 2410 1012 2444 Θεῷ,

229 2450 277 2475 καὶ
285 2450 320 2475 δι’
330 2449 412 2476 αὑτοῦ
420 2450 477 2480 τοῖς
486 2450 626 2484 ἐρωτῶσιν
634 2451 798 2486 ἐσημαίνετο
811 2452 841 2478 τὸ
852 2454 991 2488 πρακτέον
1006 2463 1011 2469 ·

228 2495 300 2521 οὕτω
319 2494 363 2521 διὰ
384 2495 431 2521 τοῦ
456 2495 586 2530 θεραφεὶν
611 2496 640 2522 αἱ
660 2496 715 2522 τῶν
732 2497 849 2524 είδώλων
871 2498 1014 2532 ἐδηλοῦντο

229 2540 406 2574 προρρήσεις.
433 2539 548 2574 [Ιροῄδει
571 2540 620 2574 μὲν
635 2538 680 2566 οὖν
693 2541 706 2566 ὁ
721 2540 787 2572 Θεὸς
800 2541 847 2567 τοῦ
865 2541 949 2568 Σαοὺλ
967 2543 1013 2568 καὶ

229 2585 276 2613 τὰς
292 2582 423 2617 ἐσομένας
446 2583 627 2617 παρανομίας,
639 2583 694 2610 ἀλλ’
712 2584 828 2619 ἧρκεσεν
852 2584 868 2618 ή
891 2584 1014 2619 παροῦσα

230 2630 276 2655 καὶ
291 2629 360 2663 μόνη
380 2629 429 2662 τὴν
452 2629 568 2663 ἐσχάτην
595 2629 678 2664 αὐτῇ
692 2630 828 2664 τιμωρίαν
845 2631 1012 2663 ἐπενεγκεῖν.

230 2675 293 2700 Δέον
301 2674 355 2709 γὰρ
366 2672 398 2708 ἦν
409 2674 533 2706 συνιδεῖν,
545 2673 581 2705 ὡς
590 2674 658 2700 Θεοῦ
669 2675 873 2710 φιλανθρωπίας
887 2675 935 2709 μία
948 2684 1014 2702 στα-

229 2718 287 2752 ¹γὼν
307 2720 397 2744 πᾶσαν
411 2718 568 2753 ἀγαθότητα
588 2719 642 2745 τῶν
666 2719 816 2755 ἀνθρώπων
840 2722 903 2756 νικᾷ
914 2729 921 2737 ο
936 2722 951 2748 ό
966 2722 1014 2749 καὶ

229 2762 482 2798 φιλανθρωπότερος
492 2762 561 2797 ᾤετο
575 2763 718 2797 φανεῖσθαι
734 2764 802 2791 Θεοῦ
817 2766 900 2801 μηδὲν
920 2775 950 2793 τε
967 2776 1012 2794 κε-

1065 2271 1118 2304 tia;
1136 2275 1221 2306 azquat
1236 2271 1318 2306 igitur
1333 2271 1474 2305 impietati.
1488 2271 1512 2298 si
1527 2271 1585 2306 quis
1601 2271 1656 2298 Deo
1665 2279 1716 2298 non
1730 2272 1847 2300 οὐραῖαι.

1064 2315 1181 2349 Quidam
1209 2320 1300 2343 autem
1315 2315 1383 2343 dicit
1409 2317 1592 2350 quorumdam
1611 2318 1758 2345 amentiam
1777 2317 1849 2347 forte

1063 2361 1182 2388 obscure
1209 2360 1371 2396 signiﬁcari,
1392 2361 1439 2395 qui
1460 2361 1563 2388 malum
1584 2361 1651 2388 illud
1670 2363 1848 2398 suspicantur

1064 2407 1209 2442 augurium
1235 2414 1310 2439 esse,
1326 2407 1350 2434 si
1380 2407 1501 2435 victores
1516 2407 1606 2442 praeda
1620 2415 1675 2435 non
1694 2409 1846 2444 potiantur.

1063 2455 1151 2480 Porro
1173 2453 1407 2488 quemadmodum
1430 2461 1480 2488 per
1502 2453 1601 2488 ephod,
1618 2453 1672 2481 Deo
1698 2462 1845 2483 consecra-

1063 2503 1132 2530 tum,
1147 2498 1278 2532 quidnam
1291 2497 1424 2533 agendum
1439 2503 1523 2531 esset,
1539 2499 1749 2528 consulentibus
1767 2501 1850 2536 signi-

1064 2543 1199 2570 ficabatur
1211 2552 1219 2575 ς
1232 2543 1269 2570 ita
1282 2551 1330 2578 per
1341 2543 1494 2578 theraphim
1507 2543 1643 2571 idolorum
1655 2545 1848 2579 praedictiones

1063 2589 1286 2616 declarabantur.
1317 2587 1389 2615 Deus
1416 2588 1500 2624 igitur
1527 2588 1618 2616 Saulis
1645 2591 1726 2616 etiam
1754 2590 1849 2618 futura

1064 2638 1174 2668 peccata
1210 2633 1335 2668 pra-vidit
1357 2632 1481 2667 quidem,
1505 2633 1552 2660 sed
1575 2633 1674 2661 sufficit
1703 2640 1848 2669 peccatum

1063 2687 1194 2714 praesens,
1209 2684 1238 2706 ut
1252 2679 1293 2706 vel
1310 2678 1347 2706 ob
1358 2679 1410 2705 hoc
1422 2679 1511 2705 solum
1525 2683 1679 2706 extremum
1695 2680 1729 2707 de
1739 2687 1772 2707 eo
1785 2688 1848 2716 sup-

1064 2725 1177 2758 plicium
1191 2728 1327 2752 sumatur.
1343 2723 1453 2752 Etenim
1478 2724 1550 2752 scire
1571 2731 1633 2752 eutn
1656 2726 1847 2759 conveniebat,

1065 2770 1174 2797 unicam
1196 2774 1300 2804 guttam
1322 2770 1425 2797 amoris
1442 2769 1500 2804 Dei,
1517 2777 1572 2805 quo
1586 2770 1714 2799 homines
1729 2773 1849 2808 comple-

860 2813 977 2843 VARIIE
995 2816 1198 2844 LECTIONES.

270 2857 306 2876 k'i
325 2855 356 2883 C.
372 2855 406 2882 N.
428 2855 588 2891 ἀπειθῆσαι.

392 2902 529 2933 ΡΑτιιοι.
553 2903 576 2933 G
583 2912 612 2932 ιι.
626 2903 676 2934 LX
683 2904 708 2934 X
715 2905 811 2935 XVII.

1630 2908 1668 2939 35
