2086 3160
287 168 356 199 1099

931 165 1105 196 PROCOPII
1125 167 1246 197 GAZAZI

1842 163 1908 197 1103

285 223 381 254 etitur,
398 228 506 248 omnem
525 220 668 248 hominum
682 221 844 253 bonitatem,
859 226 887 248 et
895 222 1069 249 clementiam

1123 223 1246 254 λευσοεὶς
1270 223 1453 258 ἀποκερδᾶναι
1478 223 1529 257 τῆς
1541 222 1627 254 λείας,
1643 220 1779 256 ἐπανῆλθε
1792 222 1827 248 τὰ
1841 222 1909 249 κάλ-

245 289 251 302 ,
286 268 366 301 longe
383 272 535 300 superare;
554 265 616 300 ipso
632 269 722 292 tamen
738 265 792 293 Deo
807 266 969 294 clementior
986 267 1071 294 videri

245 339 247 342 ,
285 312 383 339 voluit.
405 311 530 345 Cumque
552 310 620 337 nihil
642 310 676 337 de
693 311 784 345 praeda
809 311 960 346 decerpere
975 311 1072 345 jussus

246 350 247 354 ¹
284 361 367 389 esset,
381 355 581 391 pretiosissima
594 355 719 383 abduxit.
734 354 795 390 Ipse
811 356 921 383 interim
929 356 1070 391 jejunium

284 402 418 433 indicens,
435 408 516 428 suum
537 400 589 428 hoc
600 400 740 427 decretum
764 401 923 432 defendere.
941 407 968 429 et
983 402 1073 428 vindi-

283 454 349 474 care
365 447 612 481 satagebat,neque
628 447 740 481 proprio
752 446 824 473 Filio
841 447 1001 474 misericors
1017 447 1072 474 sci-

285 493 348 519 licet
367 492 507 527 parcebat.
523 492 652 519 Amelech
664 499 739 522 vero.
749 499 829 526 quem
845 491 916 519 Deus
929 499 993 527 (non
1005 499 1071 526 pro-

283 543 342 572 pter
360 537 528 572 impietatem
545 544 608 572 erga
627 545 668 569 se,
684 537 731 564 scd
748 542 861 572 propter
878 538 1070 565 crudelitatem

282 585 309 611 in
339 583 469 617 populum
494 582 586 617 suum)
612 583 868 614 anathematizavit.
884 583 1020 618 neglecto,
1045 587 1072 610 et

283 628 431 663 praeterito.
457 635 546 662 neque
572 627 663 654 Achar
689 627 816 662 exemplo
837 628 948 654 cautior
968 627 1069 659 factus.

283 681 328 701 res
349 673 565 708 pretiosissimas
580 673 698 707 accepit.
715 672 794 705 Quod
811 677 901 700 antem
920 673 992 701 Deus
1009 680 1071 707 pm-

282 726 345 745 nam
358 718 573 745 Amelecitarum
593 718 738 752 hucusque
749 719 866 749 distulit,
886 718 976 753 ipsius
987 719 1070 746 etiam

281 771 346 797 erga
360 763 487 790 homines
505 763 609 790 amoris
627 769 680 795 est,
697 769 726 790 et
740 763 930 798 benignitatis,
944 764 991 798 qui
1007 767 1071 791 tan-

282 815 339 836 tum
369 808 503 843 temporis
528 809 700 843 poenitentiae
722 809 852 844 ipsorum
877 809 963 841 dedit,
976 813 1003 836 et
1022 817 1071 836 ex-

283 857 428 890 spectavit,
446 856 537 884 donec
550 863 682 883 mensura
709 861 886 890 peccatorum
905 856 1067 891 adimplere-

1124 267 1204 294 λιστα
1225 268 1421 302 κομισάμενος.
1448 268 1502 294 Καὶ
1529 267 1610 298 αὐτὸς
1624 267 1719 301 ὁρίσας
1737 267 1840 302 τροφῆς
1858 275 1911 302 μη-

1122 313 1184 340 δένα
1201 313 1374 348 μεταλαϐεῖν,
1396 313 1442 339 τὸν
1465 312 1530 338 ἴδιον
1546 312 1609 346 ὅρον
1630 311 1750 339 ἐκδικεῖν
1778 313 1912 346 κατηπεί-

1122 366 1196 392 γετο,
1211 357 1278 393 μηδὲ
1296 358 1390 389 παιδὸς
1404 358 1419 383 ὀ
1437 357 1517 391 δῆθεν
1535 357 1658 392 ἐλεήμων
1677 357 1843 391 φειδόμενος.
1858 358 1912 384 Τοῦ

1122 404 1151 430 δὲ
1162 404 1229 430 Θεοῦ
1240 405 1286 430 τὸν
1303 404 1426 438 ’Λμαλὴκ
1437 402 1697 438 ἀναθεματίσαν-τος,
1714 402 1745 429 οὐ
1755 402 1800 429 διὰ
1811 402 1860 438 τὴν
1872 403 1913 434 εἰς

1122 449 1205 475 αὑτὸν
1221 448 1357 481 ἀσέὸειαν,
1373 449 1417 475 διὰ
1433 448 1461 475 δὲ
1476 448 1506 474 τὸ
1523 448 1587 482 περὶ
1600 447 1646 474 τὸν
1656 447 1719 473 λαὸν
1731 446 1844 482 ἀπηνὲς,
1858 456 1912 473 πα-

1123 493 1211 528 ραϐὰς
1235 493 1371 528 λαμόάνει
1388 494 1421 520 τά
1449 493 1592 526 κάλλιστα,
1610 493 1679 528 μηδὲ
1703 492 1742 527 τῷ
1756 492 1805 518 τοῦ
1827 492 1913 527 Ἀχάρ

1123 538 1320 573 σωφρονισθεὶς
1333 538 1523 573 ὑποδείγματι.
1538 538 1570 564 El
1589 538 1617 564 δὲ
1633 537 1728 573 παρίδε
1741 537 1822 573 μέχρι
1834 537 1882 563 νῦν
1899 538 1914 564 ὁ

1121 584 1188 616 Θεὸς
1214 584 1264 619 τὴν
1282 584 1361 619 δίκην
1379 583 1426 610 τοῦ
1447 583 1571 618 ’Λμαλὴκ
1582 603 1589 615 ,
1602 584 1652 617 τῆς
1668 583 1750 609 αὐτοῦ
1771 583 1818 610 καὶ
1832 582 1913 609 τοῦτο

1122 630 1339 666 φιλανθρωπίας,
1356 628 1483 656 τοσοῦτον
1504 629 1544 660 είς
1569 629 1714 664 μετάνοιαν
1736 628 1912 659 ἐνδεδωκότος

1121 675 1222 706 αὐτοῖς,
1239 674 1286 700 καὶ
1307 673 1485 708 πληρωθῆναι
1511 673 1560 704 τὰς
1578 672 1715 707 ἁμαρτίας
1729 672 1818 699 αὐτῶν
1834 680 1914 706 περι-

1124 719 1276 754 μείναντος,
1305 719 1365 745 ἀντὶ
1399 718 1543 753 μετανοίας
1579 718 1911 754 προστιθέπωνςαῦταῖς.

1121 764 1219 790 Καίτοι
1244 762 1362 790 τοσαῦτα
1383 763 1448 797 περὶ
1462 763 1508 789 τὸν
1520 763 1630 798 Ἰσραὴλ
1651 763 1772 796 ἐγεγόνει
1794 762 1829 789 τά
1845 763 1914 789 θαύ-

1123 817 1208 843 ματα,
1221 809 1255 835 δι’
1272 805 1310 836 ὦν
1328 807 1415 844 ιχρῆν
1432 808 1654 844 ἐπιστρέφεσθαι.
1672 807 1702 834 Εἰ
1718 807 1757 839 δὲ,
1770 808 1824 834 τῶν
1836 807 1914 842 πρώ-

1122 862 1176 880 των
1200 855 1410 889 ήμαρτηκότων,
1435 851 1508 880 οὗτοι
1527 853 1702 884 κολάζονται,
1726 853 1835 889 πρῶτον
1859 854 1913 888 μὲν

282 905 337 927 tur.
352 900 420 928 Cum
436 900 546 928 interim
564 901 614 936 ipsi
626 901 686 928 loco
698 901 876 936 paenitentiae.
889 909 973 936 quam
989 908 1069 936 agere

1121 899 1169 926 ἐπὶ
1182 899 1285 926 τούτων
1304 899 1334 926 τὺ
1366 900 1467 934 μέτρον
1487 899 1676 934 πεπλήρωται,
1693 899 1811 925 τοσαῦτα
1825 907 1913 934 προσ-

281 946 425 979 deberent,
448 951 563 982 peccata
592 947 714 982 peccatis
737 946 930 980 cumularent;
949 953 1071 982 cumque

282 996 322 1020 tot
345 996 478 1028 tantaque
508 992 644 1020 miracula
686 992 713 1020 in
740 996 891 1027 conspectu
917 991 1070 1024 haberent.

281 1046 343 1074 quae
366 1038 393 1065 in
414 1038 518 1073 populo
540 1037 695 1065 Israelitico
712 1037 796 1070 edita,
811 1045 861 1065 eos
878 1037 912 1064 ad
930 1037 1070 1072 peniten-

281 1085 346 1111 tiam
374 1091 528 1119 provocare
546 1083 722 1116 debueruut;
738 1083 811 1118 quod
835 1090 901 1111 vero
913 1103 921 1115 ,
937 1090 999 1110 cum
1016 1090 1071 1110 ma-

279 1131 354 1165 jores
372 1129 524 1164 peccarint,
540 1129 643 1163 posteri
672 1130 845 1164 puniuntur;
865 1128 984 1163 primum
1006 1128 1070 1163 qui-

281 1175 343 1201 dent
371 1175 404 1201 ab
425 1174 480 1201 illis
512 1181 641 1202 mensura
662 1179 704 1202 est
731 1174 855 1209 impleta,
877 1181 940 1202 cum
962 1177 1070 1201 tantum

281 1219 428 1255 pneteritis
449 1218 571 1253 peccatis
599 1217 774 1253 adiecerint;
798 1218 913 1251 deinde,
939 1226 1001 1246 cum
1024 1217 1071 1253 ju-

280 1270 354 1291 stum
381 1265 418 1292 sit
440 1263 550 1291 Domini
568 1263 716 1298 judicium,
738 1263 858 1298 majores
886 1263 970 1292 etiam
995 1263 1072 1299 ipso-

281 1317 341 1336 rum
365 1315 462 1343 pcenas
489 1315 544 1336 non
576 1307 813 1343 sumet-fugerunt.
835 1309 918 1344 Atqui
944 1309 984 1342 hi,
1006 1317 1069 1338 cum

281 1356 395 1383 meritas
411 1362 508 1391 poenas
525 1354 664 1386 dederint,
683 1354 745 1382 aliis
757 1355 784 1382 in
799 1356 956 1390 exemplum
969 1363 1070 1391 propo-

281 1401 326 1427 siti
348 1405 427 1433 sunt;
443 1399 604 1434 temperatis
629 1406 679 1433 pro
701 1399 800 1426 merito
814 1399 843 1426 in
861 1399 924 1432 hoc,
942 1405 969 1427 et
986 1401 1069 1428 etiam

1122 944 1232 972 θέντων.
1251 944 1377 976 Ἔπειτα,
1400 944 1519 979 κρίσεως
1541 944 1642 978 οὔσης,
1660 945 1781 971 κάκεῖνοι
1805 944 1853 979 τὴν
1869 944 1913 971 δί-

1122 998 1174 1025 κην
1192 989 1241 1017 οὑγ
1269 989 1368 1024 ἔφυγον
1381 997 1387 1005 ·
1405 990 1452 1016 καὶ
1466 986 1539 1016 οὗτοι
1558 990 1746 1022 κολασθέντες,
1767 991 1806 1021 είς
1821 990 1914 1025 mpi-

1121 1035 1222 1070 δειγμα
1247 1037 1304 1067 τοῖς
1324 1035 1417 1067 ἄλλοις
1444 1035 1584 1069 ἐγένοντο,
1616 1035 1808 1070 μετρουμένων
1841 1036 1913 1070 πρὸς

1121 1082 1200 1114 ἀξίαν
1228 1082 1276 1108 καὶ
1301 1081 1356 1108 τῶν
1383 1080 1500 1108 ἐνταῦθα
1525 1080 1678 1111 κολάσεων.
1692 1080 1740 1107 καὶ
1758 1081 1812 1107 τῶν
1828 1082 1855 1106 ὲν
1869 1081 1914 1116 τῷ

1123 1126 1248 1161 μέλλοντι
1261 1134 1268 1142 ·
1286 1127 1310 1153 εί
1327 1127 1374 1154 καὶ
1389 1127 1403 1153 ό
1418 1128 1514 1162 χρόνος
1526 1126 1571 1153 διά
1582 1126 1632 1161 τὴν
1650 1125 1805 1160 οἰκονομίαν
1821 1126 1914 1160 διάφο-

1122 1181 1180 1208 ρος,
1198 1173 1266 1207 μηδὲ
1283 1172 1387 1199 τούτων
1407 1172 1524 1199 ἐνταῦθα
1549 1171 1581 1198 τδ
1604 1172 1744 1207 προσῆκον
1761 1172 1913 1200 ἁποτισᾶιν-

1120 1225 1184 1244 των.
1200 1218 1257 1244 Μία
1267 1217 1322 1253 γὰρ
1333 1218 1394 1253 δίκη
1407 1217 1476 1253 πρὸς
1488 1217 1519 1244 τὸ
1530 1217 1628 1253 παρὸν,
1643 1217 1701 1249 πῶς
1717 1217 1751 1244 ἂν
1765 1217 1834 1252 πρὸς
1842 1217 1910 1244 πολ-

1121 1263 1181 1296 λὰς,
1197 1264 1244 1291 καὶ
1263 1263 1385 1299 μεγάλας
1416 1263 1544 1294 ἀσεϐείας
1565 1263 1724 1298 ἀρκέσειενς
1746 1264 1780 1289 Ἦ
1805 1263 1857 1298 γὰρ
1874 1263 1910 1289 ἂν

1121 1309 1197 1336 οὐδὲν
1220 1309 1253 1336 ἂν
1272 1310 1379 1345 ὑπῆρχε
1403 1308 1636 1345 μακαριώτερονὶ
1657 1309 1831 1347 ἁμαρτωλοῖς
1853 1309 1910 1335 τιῖιν

1120 1354 1237 1382 ἐνταῦθα
1265 1354 1465 1389 κολαζομένων.
1488 1354 1618 1389 Κρίνεται
1645 1353 1673 1380 δὲ
1692 1354 1740 1380 καὶ⁹
1764 1353 1855 1388 ἔθνος,
1869 1353 1910 1385 ὡς

1122 1399 1197 1431 ἔθνος
1209 1407 1216 1414 ·
1232 1399 1280 1427 καὶ
1292 1399 1317 1426 οἱ
1333 1399 1404 1426 κατά
1417 1399 1510 1434 μέρος,
1528 1399 1597 1434 πρὸς
1615 1398 1664 1434 τὴν
1676 1398 1766 1431 ἀξίαν.

279 1446 311 1474 in
325 1445 416 1474 futuro
431 1445 541 1478 seculo,
557 1444 741 1480 pmnis;cum
769 1449 876 1480 tempus
896 1450 1010 1480 propter
1023 1446 1256 1481 dispensationem
1284 1445 1425 1473 diversum
1453 1445 1500 1479 sit,
1517 1453 1606 1481 neque
1639 1446 1678 1473 illi
1712 1446 1740 1473 in
1774 1445 1826 1473 hoc
1856 1453 1908 1474 se-

280 1493 457 1527 culojustam
472 1499 581 1527 pinnam
590 1491 884 1524 dederint.Quomodo
898 1492 972 1520 enim
984 1493 1065 1520 unica
1088 1499 1171 1528 poena
1201 1492 1228 1519 in
1255 1499 1380 1527 praesens
1404 1499 1455 1526 pro
1471 1498 1581 1527 magna,
1598 1496 1626 1518 et
1649 1491 1794 1526 multiplici
1813 1492 1908 1526 impie-

280 1541 335 1564 tate
358 1536 483 1565 suﬂlcere
501 1536 661 1572 potuisset?
685 1535 754 1564 Nam
764 1541 840 1564 certe
855 1537 1062 1572 peccatoribus,
1100 1537 1147 1572 qui
1182 1537 1209 1564 in
1226 1538 1279 1564 hoc
1296 1537 1399 1564 saeculo
1415 1536 1579 1572 puniuntur,
1597 1537 1666 1564 nihil
1679 1537 1796 1570 beatius,
1814 1540 1841 1564 et
1853 1545 1906 1572 op-

281 1582 392 1610 tabilius
412 1582 548 1617 potuisset
568 1581 704 1609 accidere.
735 1580 883 1609 Judicatur
903 1582 975 1609 enim
988 1590 1067 1618 gens,
1086 1587 1116 1610 ut
1130 1590 1209 1618 gens,
1228 1583 1330 1617 aliique
1355 1582 1554 1617 particulatim,
1572 1587 1654 1617 prout
1666 1587 1816 1611 merentur.

321 1625 457 1653 γεοειδῆ.
477 1625 512 1652 El
535 1626 632 1652 occidit
647 1626 757 1653 Samuel
780 1626 864 1661 Agag.
889 1625 924 1653 Ut
951 1626 1067 1655 Phinees

1153 1628 1208 1654 Kal
1219 1627 1333 1661 ἔσφαξε
1358 1627 1502 1661 Σαμουὴλ
1522 1627 1576 1654 τὸν
1596 1627 1695 1662 Ἀγάτκ
1719 1627 1764 1660 Ὠς
1783 1629 1798 1654 ὁ
1813 1628 1905 1659 Φινεὲς

282 1670 410 1704 Sambri;
426 1678 488 1699 nam
505 1671 580 1707 quod
606 1671 678 1700 Deus
702 1672 858 1707 imperavit,
868 1671 947 1706 pium
962 1676 1016 1700 est.

603 1761 680 1789 CAP.
691 1761 762 1789 XVI.

322 1806 406 1834 Vsus.
420 1807 448 1834 2.
468 1807 606 1840 Quomodo
629 1808 725 1836 audam
737 1810 749 1836 7
763 1808 786 1835 si
802 1808 916 1835 audierit
933 1808 1010 1841 Suul,
1026 1816 1069 1835 oc—

282 1853 350 1879 cidel
366 1860 415 1880 me.
429 1853 540 1881 Samuel
556 1861 633 1881 more
644 1854 787 1881 hominum
797 1858 898 1881 metum
911 1854 1068 1888 praetendit.

282 1896 472 1924 Constitutum
488 1903 579 1925 autem
595 1903 665 1931 erat,
677 1903 706 1925 ut
725 1898 777 1926 sub
793 1898 924 1926 sacriﬁcii
937 1902 1069 1933 praetextu

282 1943 382 1974 abiret,
405 1951 461 1970 nun
488 1943 672 1971 mendaciter.
689 1943 799 1971 Mentiri
820 1943 893 1971 enim
917 1952 971 1972 non
989 1945 1070 1972 docet

283 1988 428 2021 Dominus,
448 1996 513 2017 vere
534 1989 608 2016 enim
633 1990 735 2017 obtulit
761 1990 940 2018 sacriﬁcium.
959 1990 1068 2017 Dictum

281 2032 362 2067 igitur
380 2036 422 2060 est
446 2033 484 2065 ei.
504 2037 535 2060 ut
558 2033 660 2061 factum
683 2034 796 2066 celaret.
826 2039 854 2062 et
882 2035 967 2067 aliud.
987 2042 1069 2070 quam

281 2085 326 2106 res
341 2083 411 2110 erat,
427 2079 543 2107 diceret.

322 2123 377 2150 Cur
392 2131 445 2150 non
464 2124 626 2152 nominatim
642 2125 762 2160 appellat
774 2125 914 2158 Davidem,
926 2125 974 2153 sed
985 2133 1068 2152 unum

280 2177 295 2196 e
312 2170 375 2196 liliis
390 2169 483 2197 Jcsse?
500 2169 536 2197 Ut
548 2178 603 2198 non
619 2171 713 2198 eadem
729 2172 886 2199 acciderent
901 2171 1066 2206 Davidiquaa

279 2213 398 2249 Josepho
418 2221 433 2240 ιι
451 2213 597 2243 fratribus.
613 2215 847 2250 Ignoratioigitur
863 2222 905 2244 est
923 2221 1012 2243 mater
1024 2224 1069 2244 se-

279 2261 417 2288 uiritatis.
427 2260 481 2287 Aut
493 2260 631 2295 ignoravit
640 2261 674 2289 de
687 2269 743 2296 quo
754 2266 892 2296 ageretur,
905 2263 978 2297 quod
990 2261 1063 2290 Deus

1118 1671 1179 1698 τὸν·
1192 1671 1308 1707 Σαμὸρί.
1323 1671 1360 1698 Τὸ
1385 1672 1440 1708 γὰρ
1461 1671 1539 1707 παρά
1565 1671 1634 1699 Θεοῦ
1649 1671 1837 1708 κελευόμενον,
1856 1674 1904 1700 εὑ-

1120 1715 1210 1747 σεΰές.

1406 1761 1534 1789 ΚΕΦΔΛ.
1550 1762 1609 1796 ις’.

1156 1806 1221 1840 Πῶς
1235 1805 1390 1841 πορευθῶ;
1404 1807 1454 1834 καὶ
1469 1807 1630 1834 ἀκούσεται
1647 1807 1759 1839 Σαούλ,
1775 1806 1838 1835 κτλ.
1859 1806 1903 1838 Ὧς

1119 1853 1261 1888 ἄνθρωπος
1275 1853 1375 1888 δειλιᾷν
1391 1853 1562 1888 προΐσχεται.
1572 1852 1748 1888 Πμσετάχθη
1758 1852 1788 1879 δὲ
1799 1854 1905 1889 προφά-

1119 1907 1161 1925 σει
1178 1898 1273 1930 θυσίας
1288 1899 1399 1933 χωρεῖν,
1417 1899 1449 1925 οὺ
1463 1898 1577 1933 ψευδῶς.
1593 1898 1746 1926 Ψεύδεσθαι
1758 1899 1812 1935 γὰρ
1825 1899 1855 1925 οὐ
1866 1899 1905 1925 δι-

1118 1944 1214 1972 δάσκει
1223 1943 1302 1976 Θεὸς,
1311 1943 1420 1978 ἀληθῶς
1431 1943 1485 1979 γὰρ
1496 1943 1640 1970 ἐπετέλεσε
1652 1944 1703 1979 τὴν
1717 1944 1824 1972 θυσίαν.
1842 1945 1905 1979 Ἐῥ-
1938 1960 1946 1966 ο

1120 1989 1186 2024 ρέθη
1213 1989 1302 2016 τοίνυν
1324 1989 1400 2024 αὐτῷ
1418 1989 1522 2025 κρύψαι
1548 1989 1578 2016 τὸ
1599 1989 1792 2026 ἑργον,είπείν
1818 1990 1847 2017 δὲ
1873 1991 1904 2018 τὸ

1119 2034 1270 2069 πάρεργον.

1157 2123 1232 2150 Διατί
1245 2123 1275 2150 οὒ
1291 2124 1366 2158 λέγει
1387 2124 1518 2160 ὀνομαστὶ
1537 2124 1583 2151 τὸν
1599 2124 1692 2158 dum,
1709 2124 1768 2152 ἀλλ’
1783 2125 1830 2152 ενα
1848 2125 1903 2152 τῶν

1120 2169 1185 2196 υίῶν
1203 2168 1324 2203 ’1εσσαί;
1342 2169 1401 2196 Ἵνα
1418 2169 1456 2206 μὴ
1483 2169 1558 2205 πάθῃ
1580 2169 1663 2197 Δαὸὶδ
1682 2170 1769 2197 ταὺτά
1787 2170 1826 2206 τῷ
1847 2170 1903 2196 Ἰω-

1121 2216 1175 2251 σὴφ
1202 2215 1255 2241 ὑπὸ
1283 2214 1339 2241 τῶν
1373 2215 1508 2249 ἀδελφῶν.
1525 2215 1607 2242 Ὥστε
1634 2216 1652 2251 ή
1680 2215 1776 2250 ἄγνοια
1810 2217 1903 2251 μήτηρ

1119 2258 1279 2292 ἀσφαλείας.
1298 2259 1335 2285 Ἦ
1349 2259 1467 2295 ἠγνόησε
1480 2259 1511 2286 τδ
1525 2258 1703 2295 ζητούμενον,
1716 2260 1763 2287 τοῦ
1776 2260 1843 2287 Θεοῦ
1854 2268 1902 2287 συ-

277 2304 352 2339 justa
372 2305 479 2332 ratione
494 2305 681 2333 occultaverat
693 2295 846 2341 Prophetas.
859 2306 902 2334 llh’
914 2295 990 2334 enim
1011 2307 1062 2334 soli

1120 2304 1272 2336 στέλλοντος
1296 2304 1364 2340 πρὸς
1385 2304 1416 2331 τὸ
1440 2305 1550 2340 μέτριον
1577 2305 1623 2332 τὸν
1643 2306 1798 2342 προφήτην.
1814 2306 1903 2334 Μόνον

279 2350 369 2377 omnis
385 2349 503 2377 scientia
515 2351 662 2384 competit.

313 2392 397 2422 Vsus.
416 2393 443 2422 6.
463 2393 498 2422 Et
516 2395 580 2422 vidit
599 2395 690 2430 Eliab,
711 2400 767 2424 etc.
788 2396 817 2424 Si
840 2397 934 2424 statim
959 2396 993 2424 ad
1011 2396 1065 2423 Da-

278 2437 369 2466 videm
394 2440 580 2474 perrexisset,
609 2448 643 2468 ex
673 2441 824 2476 anticipata
856 2441 974 2477 quadam
1007 2441 1068 2477 opi-

278 2484 376 2517 nione,
402 2485 445 2511 vel
473 2486 688 2520 praesumptione
716 2487 768 2514 hoc
798 2486 889 2514 facere
915 2486 1066 2515 videretur.

278 2528 347 2555 Cum
365 2537 430 2556 vero
447 2530 481 2558 ad
494 2538 591 2558 omnes
607 2532 740 2563 veniSSet.
758 2532 880 2559 ostendit
904 2531 1062 2566 Dominum,

279 2574 392 2608 reliquis
416 2575 542 2609 rejectis,
567 2575 697 2603 Davidem
720 2576 847 2611 elegisse.
867 2576 895 2603 Si
917 2583 983 2604 vero
1007 2577 1064 2603 haec

278 2626 340 2644 eum
358 2618 430 2646 facta
451 2620 518 2652 sint,
540 2620 640 2648 fratres
665 2621 857 2654 nihilominusI
876 2621 1004 2648 Davidem
1024 2621 1064 2649 vi-

279 2663 375 2691 dentes
396 2664 424 2692 in
443 2666 555 2698 castris,
573 2665 706 2694 invidiam
730 2667 928 2699 ostenderunt;
946 2667 1025 2701 quid,
1040 2667 1065 2695 si

279 2707 337 2736 haec
354 2709 426 2737 facta
443 2718 499 2738 non
515 2715 620 2745 essent,
636 2719 689 2739 non
705 2716 786 2740 crant
802 2712 920 2740 facturi?

1118 2349 1173 2384 γὰρ
1187 2350 1291 2376 ἐκείνου
1303 2350 1321 2385 ὴ
1337 2349 1448 2377 πάντων
1464 2351 1575 2384 γνῶσις.
1585 2350 1617 2378 C.
1634 2350 1663 2378 L.

1151 2395 1209 2422 Καὶ
1220 2393 1280 2422 εἶδε
1288 2395 1341 2422 τὸν
1352 2395 1460 2429 Ἐλιάϐ,
1474 2404 1502 2423 κ.
1513 2404 1538 2422 τ.
1549 2395 1575 2423 λ.
1585 2396 1616 2423 Et
1624 2396 1704 2429 εὐθὺς
1716 2397 1845 2433 ὥρμησεν
1857 2398 1904 2425 ἐπὶ

1117 2441 1164 2467 τὸν
1182 2441 1273 2474 Δασὶδ,
1285 2442 1318 2468 ὲκ
1339 2441 1503 2476 προλήψεώς
1517 2450 1589 2473 τινος
1604 2442 1692 2469 ὲδόκει
1704 2443 1784 2470 τοῦτο
1802 2444 1901 2470 ποιεῖν.

1124 2486 1225 2514 Ἐλθὼν
1255 2487 1284 2514 δὲ
1306 2487 1350 2514 διὰ
1375 2488 1496 2521 πάντων,
1516 2487 1616 2521 ἔδειξεν
1638 2489 1676 2520 ὡς
1698 2490 1713 2515 ὁ
1737 2490 1814 2522 Θεὸς,
1839 2492 1904 2522 τοὺς

1116 2530 1211 2563 ἄλλους
1225 2531 1387 2567 ἀποκρίνας,
1406 2531 1454 2557 τὸν
1473 2531 1557 2558 Δασὶδ
1573 2530 1723 2564 ἐξελέξατο.
1739 2532 1770 2558 El
1789 2532 1842 2568 γὰρ
1855 2533 1904 2559 καὶ

1117 2577 1213 2603 τούτου
1228 2577 1368 2611 γεγονότος
1385 2576 1410 2603 οί
1427 2576 1536 2611 ἀδελφοὶ
1555 2577 1600 2603 τὸν
1615 2577 1712 2611 φθόνον
1730 2577 1902 2613 ιγύμνωσαν,

1119 2621 1148 2648 ὲν
1166 2624 1200 2657 τῇ
1215 2622 1367 2658 παρατάξει
1386 2623 1432 2649 τὸν
1449 2621 1533 2650 Δαόὶδ
1557 2622 1737 2658 θεασάμενοι,
1756 2623 1782 2650 τί
1799 2623 1842 2658 ἂν,
1863 2624 1903 2660 μὴ

1119 2666 1214 2693 τούτου
1229 2667 1382 2701 γεγονότος,
1395 2667 1446 2694 οὐκ
1462 2666 1603 2703 ἐπραξανς

906 2779 1024 2807 VARUE
1049 2779 1172 2808 LECTIO
1179 2779 1252 2806 NES.

315 2824 323 2851 l
341 2824 371 2853 C.
387 2825 419 2852 N.
446 2826 489 2852 ad.
505 2826 544 2852 ἐν.
