2086 3160
235 149 300 181 1101

733 149 999 180 COMMENTARII
1027 149 1066 178 IN
1087 149 1159 178 LIB.
1179 149 1192 178 Ι
1210 148 1355 179 REGUM.

1796 145 1864 179 1102

273 207 303 233 '0
319 207 369 240 μὲν
390 205 477 233 Ἣσαῦ
489 206 634 243 πυῤῥάκης
647 205 691 242 ἦν,
707 207 773 233 ὡσεὶ
787 207 862 242 δορὰ,
879 206 960 238 δασὺς
979 206 1018 237 δὲ,

1106 204 1179 232 Esau
1191 205 1302 240 quidem
1314 203 1394 231 rufus
1408 207 1479 235 eral,
1500 208 1528 231 ut
1543 203 1633 239 pellis,
1646 203 1752 238 pilosus
1771 209 1864 232 autem

231 252 282 288 τὴν
296 253 326 285 ἐξ
348 252 487 287 ἁμαρτίας
510 253 580 288 ἔχων
597 253 758 289 νεκρότητα,
776 253 822 279 καὶ
846 253 933 287 φονῶν
950 251 1020 278 κατὰ

240 297 336 325 ἰακώὸ
346 306 353 314 ο
371 298 385 324 ὁ
397 298 425 324 δὲ
441 298 524 324 Δασιδ
536 298 683 333 πυρῤάκης
700 299 768 333 μετά
787 298 902 329 κάλλους
917 298 1020 332 ὀφθαλ-

234 343 303 378 μῶν,
323 343 366 369 ἵνα
384 343 414 368 τὺ
441 342 597 378 διορατιχδν
614 342 722 378 δηλώσῃ
733 343 779 369 τοῦ
795 343 877 369 Δαϐὶδ
890 343 915 374 Κ,
933 343 979 370 καὶ
990 343 1021 369 τὸ

233 388 332 423 γοργὸν
346 387 396 422 τῆς
409 388 509 423 ψυχῆς,
527 388 564 414 Οὐ
583 388 638 422 γὰρ
662 388 787 422 σώματος
799 388 880 414 τοῦτο
901 388 1019 420 ἔπαινος.

239 433 396 466 Ἐξελέξατο
415 433 443 459 δὲ
467 433 780 468 προπαιδαγωγούμενον
796 434 825 459 ὲν
845 435 878 468 τῇ
904 441 1020 468 ποιμαν-

231 479 304 512 τικῇ.
322 478 370 504 καὶ
388 477 432 503 διὰ
446 477 496 511 τῆς
518 477 573 503 τῶν
590 477 777 512 λοχευομένων
797 477 959 513 κηδεμονίας
970 478 1020 504 ἀν-

233 523 350 558 θρώπων
367 522 462 557 ἄρχειν
477 522 712 557 ὲκδιδασκὸμενον.
731 522 761 550 C.
778 522 809 549 L.

267 568 323 594 Kal
347 569 469 602 Πνεῦμα
492 568 604 602 Κυρίου
618 568 735 603 ἀπέστη
763 569 822 595 ἀπὸ
841 568 951 601 Σαοὺλ,
970 568 1021 596 καὶ

231 613 375 648 συνεῖχεν
404 613 500 650 αὐτὸν
532 614 652 648 πνεῦμα
680 615 826 647 πονηρόν.
863 614 916 640 Τοῦ
947 614 1020 640 θείου

232 658 303 686 Πνεύ
307 666 391 693 ματος
402 657 582 689 ἀποστάντος,
590 658 681 692 χώραν
690 658 752 692 ἔσχε
764 657 795 684 τὸ
806 659 933 693 πονηρόν.
943 658 1021 685 οὕτω

230 703 281 736 τῆς
297 702 482 737 ἀποπολικῆς
497 702 609 737 χάριτος
628 701 674 728 τὸν
693 702 793 728 Ἰούδαν
806 701 1019 738 καταλιπούσης,

231 747 404 782 εἰσελήλυθεν
419 748 459 778 είς
470 747 552 774 αὑτὸν
566 747 580 773 ὸ
595 746 730 780 διάϐολος.

267 792 409 824 Εἰωθότως
431 792 459 818 δὲ
484 792 532 818 ἐπὶ
545 791 611 818 Θεὸν
634 792 765 827 ἀναφέρει
788 791 838 827 τὴν
863 791 952 818 αίτίαν
971 791 1021 827 τῆς

230 837 279 865 τοῦ
297 837 418 872 πονηροῦ
435 838 591 872 πνεύματος
606 837 788 871 ὲνοικήσεως·
811 837 860 872 οὐχ
881 837 923 863 ὅτι
938 836 1020 863 αὑτοῦ

1070 256 1102 276 ex
1113 253 1226 284 peccato
1241 249 1346 276 habens
1360 249 1572 282 mortalitatem,
1589 252 1672 284 atque
1686 249 1788 276 caedem
1805 249 1864 284 spi-

1069 301 1136 322 rans
1156 300 1252 322 contra
1270 294 1355 322 Iacob
1372 303 1378 321 :
1399 294 1485 322 David
1505 299 1597 322 autem
1618 294 1699 322 rufus
1718 302 1782 322 cum
1801 296 1863 330 pul-

1069 339 1226 368 chritudine
1249 340 1405 371 oculorum.
1429 339 1533 375 quibus
1552 340 1642 368 verbis
1664 340 1864 376 perspicacitas

1069 388 1097 412 et
1113 386 1196 413 ardor
1212 386 1297 414 animi
1318 385 1430 414 Davidis
1446 386 1582 414 innuitur.
1598 385 1658 414 Non
1671 387 1744 414 enim
1760 386 1787 414 in
1804 383 1882 413 θοι-α’

1070 431 1147 465 poris
1170 432 1300 459 honorem
1325 431 1411 459 hocce
1436 431 1552 459 dictum.
1576 431 1664 467 Elegit
1686 435 1776 459 autem
1800 439 1863 459 eum

1071 477 1119 511 qui
1135 484 1247 511 gregem
1264 484 1378 512 pascere
1404 481 1431 505 et
1447 485 1496 511 per
1517 485 1612 505 curam
1636 477 1734 506 ovibus
1755 477 1864 505 adhibi-

1070 526 1126 549 tam
1145 522 1306 550 hominibus
1328 529 1447 557 praeesse
1462 522 1614 550 didicerat.

1107 567 1188 595 Vatis.
1207 568 1251 595 Η.
1274 568 1393 602 Spiritus
1416 568 1525 596 Domini
1550 567 1658 595 recessit
1683 575 1701 594 α
1726 567 1818 600 Saule,
1836 573 1862 595 et

1070 613 1208 646 occupavit
1232 621 1292 640 eum
1318 614 1430 648 spiritus
1455 613 1553 640 malua.
1580 612 1685 648 Spiritu
1709 611 1756 640 Dei
1785 620 1863 640 rece-

1070 654 1163 687 dente,
1183 656 1300 692 spiritus
1324 657 1461 691 malignus
1478 657 1567 684 locum
1586 656 1691 684 habuit.
1713 655 1759 684 Sic
1778 656 1861 683 etiam

1070 700 1097 726 in
1123 699 1241 734 Judam,
1265 701 1411 729 deﬁciente
1434 702 1586 737 apostolica
1608 701 1711 737 gratia,
1734 701 1862 729 diabolus

1071 745 1194 773 intravit.

1110 789 1153 818 llti
1181 791 1260 824 solet,
1287 791 1319 818 ad
1343 791 1428 818 Deum
1453 791 1539 819 refert
1560 799 1671 820 causam
1697 799 1748 820 cur
1771 792 1862 821 malus

1072 835 1178 863 daemon
1195 836 1223 863 in
1240 844 1273 863 eo
1290 836 1404 868 habitet.
1418 844 1472 863 non
1489 837 1563 871 quod
1575 844 1608 864 eo
1623 837 1798 870 immittente,
1813 839 1861 866 sed

230 883 390 915 δεδωκότος,
411 882 468 910 ἀλλ’
495 884 537 910 ὅτι
559 882 727 918 ἀφελομένου
743 882 773 909 τὺ
799 882 888 917 ἅγιον,
904 882 1018 918 πάροδος

1074 882 1165 916 potius
1180 881 1321 909 auferente
1336 887 1472 913 sanctum,
1487 882 1580 910 aditus
1594 883 1771 918 aperiebatur
1788 883 1862 910 malo

231 930 342 964 ἐγένετο
361 929 400 964 τῷ
417 929 530 964 πονηρῷ
544 928 590 955 τοῦ
604 929 639 956 τὰ
653 929 783 955 δοκοῦντα
796 930 892 955 ποιεῖν.
909 928 946 954 Τὸ
966 928 1020 963 γὰρ

231 973 304 1001 θεῖον
315 972 427 1008 Πνεῦμα
442 974 471 1000 ὲν
492 974 526 1008 τῇ
542 973 592 1008 τῆς
615 972 753 1008 βασιλείας
774 972 864 1007 χρίσει
879 972 1020 1007 δεδομένον

230 1017 271 1052 τῷ
284 1016 381 1049 Σαοὺλ,
398 1017 512 1048 εἰκότως
523 1019 552 1043 ἐν
562 1018 596 1052 τῇ
611 1017 713 1052 ταύτης
724 1015 883 1044 ἀποπτώσει
894 1017 962 1052 πρὸς
974 1017 1020 1043 τὸν

232 1063 289 1089 ἀντ’
299 1061 403 1088 ἐκείνου
418 1062 655 1097 χειροτονούμενον
677 1062 849 1098 συναπέπτη,
865 1063 911 1089 καὶ
929 1063 1020 1098 χώραν

231 1107 294 1142 ἔσχε
310 1107 341 1133 τὸ
359 1107 489 1134 ἐναντίον.
507 1107 613 1138 ’Ἄλλως
632 1108 696 1144 γὰρ,
715 1107 823 1140 ἐξουσία
839 1108 898 1134 κατ’
914 1107 1020 1139 οὐδενὸς

231 1152 323 1183 αὐτοῖς
341 1151 448 1178 δέδοται
465 1150 527 1186 δίχα
543 1151 592 1186 τῆς
604 1151 679 1183 θείας
692 1152 904 1188 συγχωρήσεως.
920 1151 951 1178 (Σ.
968 1149 999 1178 L.

269 1241 378 1275 Ἄνδρα
400 1241 500 1269 εἰδότα
518 1240 659 1276 ψάλλειν.
680 1241 713 1267 Ἦ
738 1241 781 1268 διὰ
806 1241 860 1268 τῶν
883 1241 1020 1276 μουσικῶν

230 1286 355 1322 ὀργάνων
365 1285 476 1322 λατρεία
488 1285 564 1320 παρὰ
573 1285 642 1312 Θεοῦ
655 1285 705 1320 μὲν
715 1286 744 1311 οὺ
757 1285 873 1318 δέδοται,
886 1285 1019 1322 ἐπενοήθη

230 1329 261 1355 δὲ
276 1327 315 1363 τῷ
328 1327 411 1354 Δασὶδ
428 1328 621 1355 εὒσεσέστατα.
637 1328 716 1363 Πόθῳ
731 1329 786 1364 γὰρ
803 1329 867 1364 θείῳ
879 1329 1021 1365 πυρούμε-

232 1382 287 1406 νος,
305 1375 340 1401 τὰ
355 1374 424 1409 πρὸς
450 1373 596 1408 ἀσέλγειαν
617 1374 681 1405 τοὺς
701 1374 860 1409 ἀνθρώπους
876 1375 1020 1402 ὲκκαίοντα

233 1419 381 1453 μετέϐαλεν
401 1417 411 1439 ι
432 1419 473 1451 είς
495 1419 654 1452 εὐσέὸειαν,
675 1420 755 1454 μέλος
779 1420 912 1456 ἐνάρθρου
929 1422 1020 1456 φωνῆς

232 1465 329 1500 ὕμνοις
351 1465 435 1497 θείοις
454 1465 625 1500 ἐγκεράσας·
649 1465 686 1497 ὡς
705 1465 739 1492 ἂν
759 1465 809 1500 τὴν
825 1465 874 1500 μὲν
894 1465 1020 1501 αἴσθησιν

230 1511 360 1545 διεγείρω
371 1511 402 1537 τὸ
418 1510 511 1545 μέλος.
527 1510 559 1537 τδ
568 1510 596 1536 δὲ
609 1510 699 1546 νόημα
717 1510 775 1545 μετ’
788 1511 870 1538 αὑτοῦ
885 1511 930 1538 τὸν
946 1511 1018 1538 θεῖον

1069 933 1120 960 pro
1148 926 1237 954 lubitu
1268 927 1377 961 agendi.
1405 926 1525 962 Spiritus
1549 927 1622 954 enim
1648 927 1759 954 divinus
1784 926 1861 955 Sauli

1070 978 1232 1004 concessus,
1247 978 1309 998 cum
1338 979 1386 999 I'CX
1415 976 1594 1006 cooptaretur
1616 979 1694 1000 sacra
1719 973 1859 1005 unctione.

1070 1016 1236 1051 simulatque
1259 1017 1376 1051 imperio
1399 1018 1510 1049 excidit,
1527 1017 1592 1052 jure
1615 1019 1713 1045 merito
1737 1018 1771 1045 ad
1796 1026 1861 1046 eum

1071 1061 1117 1095 qui
1149 1061 1236 1095 ipsius
1259 1061 1320 1088 loco
1345 1066 1455 1089 creatus
1476 1066 1528 1094 est.
1553 1063 1675 1096 transiit,
1698 1068 1726 1090 et
1749 1067 1861 1090 contra-

1070 1107 1142 1133 rium
1164 1106 1254 1132 locum
1276 1106 1382 1133 habuit.
1398 1106 1475 1133 Alias
1494 1107 1578 1139 enim,
1595 1107 1649 1134 nisi
1669 1107 1725 1134 Deo
1746 1107 1860 1142 perurit-

1071 1153 1155 1180 tente,
1176 1149 1252 1176 nulla
1277 1149 1317 1177 eis
1343 1150 1537 1185 (daemonibus)
1562 1157 1657 1178 contra
1684 1152 1768 1179 ullum
1794 1159 1861 1179 con-

1070 1194 1178 1221 ceditur
1193 1198 1326 1229 potestas.

1105 1239 1188 1267 Vens.
1208 1239 1253 1266 16.
1276 1239 1371 1266 Virum
1388 1239 1511 1267 scientem
1535 1240 1660 1275 psallere.
1684 1240 1782 1269 Cultus
1801 1241 1859 1276 Dei,

1070 1285 1116 1319 qni
1141 1292 1190 1320 per
1213 1285 1398 1313 instrumenta
1423 1286 1527 1313 musica
1549 1291 1704 1321 exercetur,
1723 1296 1777 1315 non
1799 1289 1862 1323 qui-

1070 1330 1131 1357 dem
1149 1337 1165 1356 a
1181 1329 1237 1357 Deo
1255 1330 1384 1362 traditus,
1405 1331 1453 1358 sed
1471 1338 1485 1357 a
1504 1330 1606 1359 Davido
1626 1332 1774 1360 admodum
1793 1334 1860 1361 reli-

1071 1375 1148 1409 giose
1163 1375 1337 1409 excogitatus
1355 1380 1407 1403 est.
1432 1375 1529 1403 Divino
1545 1377 1618 1404 enim
1638 1378 1736 1406 ardore
1753 1378 1861 1406 inﬂam-

1071 1424 1170 1451 matus,
1185 1426 1216 1447 ea
1231 1427 1292 1454 qua:
1311 1420 1438 1448 homines
1455 1421 1488 1448 ad
1507 1421 1660 1456 libidinem,
1675 1427 1702 1451 et
1717 1423 1859 1452 lasciviam

1070 1463 1235 1498 accendunt,
1254 1465 1287 1492 ad
1311 1466 1441 1501 pietatem
1463 1467 1604 1502 traduxit;
1623 1474 1732 1497 cantum
1754 1471 1860 1498 articu-

1070 1508 1132 1536 latae
1156 1511 1232 1538 vocis
1258 1510 1367 1546 hymnis
1391 1511 1494 1540 divinis
1520 1517 1692 1548 temperans;
1715 1518 1745 1542 ut
1773 1515 1859 1542 melos

231 1542 450 1583 πόθον-ἀνάπτοι.
467 1555 520 1582 Τοῦ
536 1556 608 1583 θείου
629 1542 723 1583 τοίνυν.
735 1556 892 1592 Πνεύματος
909 1557 924 1583 ὁ
935 1557 1018 1585 Δασὶδ

1073 1561 1202 1587 sensum,
1231 1555 1387 1584 intellectus
1414 1564 1480 1584 vero
1506 1565 1576 1590 una,
1602 1558 1752 1594 eademque
1774 1567 1858 1594 opera

230 1601 280 1636 τὴν
292 1601 434 1637 ἐνέργειαν
446 1601 618 1634 ὑποδέδεκτα,
634 1601 680 1629 καὶ
693 1601 868 1637 ἐνεργοῦντος
879 1603 975 1636 αὐτοῦ.
989 1603 1020 1631 τὺ

232 1647 351 1682 πονηρὸν
368 1647 490 1683 ἡσύχαζε
506 1646 627 1683 πνεῦμα.

266 1739 321 1766 Καὶ
350 1739 367 1765 δ
391 1738 469 1773 ἀνὴρ
495 1739 637 1773 συνετὸς,
661 1739 712 1766 καί
733 1741 930 1776 πολεμιστής.
958 1741 1020 1773 Πῶς

232 1784 314 1820 ἀνὴρ,
332 1785 380 1811 καὶ
402 1785 461 1816 πῶς
476 1785 586 1817 συνετὸς
603 1785 633 1812 ὲν
647 1785 730 1821 λόγῳ,
749 1787 807 1818 πῶς
818 1787 847 1814 δὲ
862 1788 909 1813 καὶ
936 1788 1019 1814 πολε-

233 1829 328 1865 μιστὴς
341 1830 356 1856 ό
371 1830 494 1864 πρόϐατα
512 1830 682 1865 ποιμαίνωνς
700 1832 758 1859 Οὐκ
784 1832 839 1867 ἄρα
857 1832 904 1866 ἀφ’
920 1832 1018 1859 ἑαυτοῦ

232 1873 364 1909 ἐλάλησεν
377 1873 472 1906 εἰπὼν,
487 1872 555 1900 ἀλλά
569 1875 602 1901 τὰ
619 1874 748 1909 ἐσόμενα,
763 1875 801 1907 ὡς
814 1876 934 1910 παρόντα
951 1884 1019 1911 προ·

230 1921 310 1946 εἰπε·
325 1923 344 1934 ³·
367 1920 415 1946 καὶ
443 1920 580 1956 μαρτυρεῖ
593 1919 632 1955 τῷ
657 1919 739 1947 Δαὸὶδ
763 1920 835 1956 ἅπερ
856 1920 967 1956 ἔμελλεν
980 1919 1019 1948 εί-

230 1972 286 1992 ναι.
300 1964 331 1992 C.
349 1964 382 1992 L.

530 2009 656 2037 ΚΕΦΔΛ.
678 2010 728 2037 ῘΖ’.

270 2055 375 2082 Ἔδωκε
389 2055 418 2082 δὲ
431 2055 466 2083 τὰ
493 2056 564 2084 ὅπλα
588 2055 686 2090 Σαοὺλ,
699 2056 749 2083 καὶ
768 2056 819 2084 οὐκ
834 2057 950 2093 ἠδύνατο
965 2057 1018 2093 βα-

231 2101 331 2128 στάσαι
355 2100 447 2129 Δαϐίδ.
469 2101 508 2128 Οὐ
525 2102 662 2137 συγχωρεῖ
685 2101 741 2137 γὰρ
764 2102 844 2129 τοῦτο
869 2103 946 2136 Θεὸς,
973 2104 1017 2131 ἵνα

229 2147 335 2182 γυμνὸς
345 2148 458 2182 νικήσῃ·
471 2147 516 2174 ἶνα
531 2147 570 2182 μὴ
585 2148 619 2175 τὰ
633 2147 704 2176 ὅπλα
719 2149 884 2184 μερίσωνται
899 2149 948 2186 τὴν
961 2150 1016 2178 τῶν

230 2192 452 2228 κατορθωμάτων
465 2193 542 2228 νίκην
558 2198 582 2220 ιι.
595 2192 626 2220 C.
640 2193 672 2221 L.

265 2238 319 2265 Kal
339 2238 486 2273 γνώσεται
505 2238 592 2266 πᾶσα
612 2239 632 2273 ἠ
658 2238 707 2273 γῆ,
727 2239 772 2266 ὅτι
795 2239 862 2267 ἔστι
887 2241 959 2274 Θεὸς
981 2241 1016 2268 ἐν

235 2284 370 2319 Ἰσραήλ.
385 2285 558 2321 Προφητεύει
572 2286 825 2321 παραταττόμενος,
837 2287 884 2314 καὶ
898 2295 1016 2322 προαγο-

230 2331 304 2366 ρεύει
315 2331 365 2366 τὴν
381 2330 432 2365 τῆς
447 2331 609 2366 οίκουμένης
628 2331 803 2365 θεογνωσίαν.

262 2419 318 2446 Καὶ
332 2419 463 2452 ἐπάταξε
472 2420 526 2447 τὸν
539 2421 728 2456 ἀλλόφυλον.
745 2422 817 2458 Λίθῳ
831 2422 859 2449 δὲ
878 2422 923 2449 τὸν
938 2423 1014 2450 ἀλλό-

227 2464 311 2498 φυλον
324 2465 441 2500 ἀναιρεῖ,
455 2466 620 2501 προμηνύων
634 2466 679 2493 τὸν
695 2467 724 2499 ἑξ
737 2467 818 2494 αὐτοῦ
835 2468 906 2496 κατά
923 2469 1012 2504 σάρκα

227 2507 300 2535 λίθον
315 2509 452 2544 τμηθέντα
465 2510 563 2545 χειρῶν
573 2510 649 2538 ἀνευ,
662 2510 694 2538 C.
713 2510 745 2538 ιι.

264 2599 318 2625 Καὶ
333 2600 366 2634 τῇ
385 2599 506 2635 ῥομφαίᾳ
530 2599 559 2626 δὲ
584 2600 631 2626 τοῦ
655 2601 805 2636 ἀλλοφύλου
825 2603 1008 2638 χρησάμενος,

225 2643 307 2670 αὑτὸν
324 2643 444 2670 ἀνεῖλεν·
459 2645 502 2671 ἴνα
520 2645 569 2680 τὴν
585 2645 632 2672 τοῦ
646 2647 772 2683 Σωτῆρος
788 2648 949 2686 προδηλώσῃ
968 2650 1007 2677 νί-

1070 1598 1192 1626 divinum
1218 1599 1345 1628 ardorem
1369 1602 1565 1631 exsuscilaret.
1587 1602 1672 1631 David
1697 1604 1789 1639 itaque
1814 1604 1858 1631 di-

1069 1644 1125 1671 vini
1139 1645 1260 1679 Spiritus
1276 1645 1329 1673 vim
1343 1650 1426 1681 atque
1437 1646 1585 1675 edicaciam
1597 1653 1759 1684 acceperat;
1776 1649 1859 1686 513

1069 1697 1125 1724 quo
1139 1695 1282 1725 operante,
1299 1691 1415 1726 spiritus
1429 1693 1565 1727 malignus
1580 1693 1750 1727 quiescebat.

1106 1735 1189 1763 Vens.
1207 1735 1252 1763 18.
1273 1735 1307 1762 Et
1330 1737 1369 1763 vir
1390 1737 1587 1772 intelligens,et
1613 1739 1761 1767 bellicosus.
1780 1739 1857 1773 Quo-

1069 1781 1150 1808 modo
1166 1780 1217 1812 vir,
1235 1785 1263 1809 et
1281 1781 1438 1817 intelligens
1459 1783 1486 1810 in
1508 1784 1643 1815 oratione.
1661 1788 1688 1812 et
1709 1785 1857 1813 bellicosus

1069 1825 1171 1853 dicitur
1188 1826 1236 1860 qui
1258 1833 1324 1855 oves
1345 1828 1453 1862 pascit?
1470 1828 1603 1856 Nimirum
1622 1837 1677 1856 non
1697 1837 1730 1856 ex
1754 1835 1856 1858 semet-

1069 1870 1130 1905 ipso
1152 1870 1261 1899 locutus
1286 1876 1339 1906 est,
1358 1873 1405 1900 sed
1428 1873 1521 1901 futura
1546 1874 1626 1909 quasi
1646 1873 1703 1908 jam
1728 1875 1856 1902 adessent

1068 1915 1202 1950 praedixit.
1212 1920 1240 1944 et
1259 1917 1419 1946 testimonio
1442 1919 1589 1947 conﬁrmat
1603 1920 1665 1955 quis
1682 1919 1765 1948 David
1782 1925 1855 1949 esset

1069 1960 1190 1989 futurus.

1373 2007 1450 2036 CAP.
1470 2008 1554 2036 XVII.

1101 2053 1167 2081 Saul
1186 2061 1263 2081 arma
1285 2062 1335 2082 sua
1352 2055 1437 2087 dedit,
1454 2059 1482 2082 at
1501 2055 1586 2083 David
1607 2060 1716 2091 gestare
1733 2064 1787 2085 non
1805 2066 1845 2093 po-

1067 2097 1128 2125 tuit.
1152 2097 1258 2125 Etenim
1277 2099 1350 2127 Deus
1364 2099 1416 2126 hoc
1433 2107 1488 2127 non
1513 2101 1650 2134 concedit,
1664 2101 1712 2129 sed
1735 2102 1847 2132 necdum

1075 2145 1134 2170 vult
1159 2147 1300 2178 reportare
1324 2144 1480 2176 victoriam,
1498 2152 1532 2172 ne
1549 2145 1634 2173 armis
1656 2146 1779 2174 victoria:
1796 2147 1839 2174 vir
1871 2150 1877 2155 ‘

1030 2203 1052 2231 υ
1066 2194 1124 2218 tute
1139 2195 1222 2226 parta:
1238 2199 1302 2226 pars
1320 2192 1496 2220 attribuatur.

1103 2235 1183 2262 Vens.
1202 2235 1247 2262 46.
1267 2235 1301 2263 Et
1327 2241 1449 2271 agnoscet
1472 2237 1556 2264 omnis
1583 2242 1664 2269 terra,
1684 2237 1754 2272 quod
1779 2237 1849 2265 Deus

1065 2281 1101 2308 ait
1124 2282 1151 2308 in
1171 2281 1282 2310 Israele.
1299 2282 1383 2310 David
1406 2290 1521 2318 pergens
1541 2287 1638 2310 contra
1654 2283 1761 2311 hostem
1781 2290 1848 2318 pro-

1065 2327 1169 2362 phetat,
1183 2333 1210 2355 et
1224 2328 1257 2356 de
1273 2329 1430 2364 cognitione
1446 2329 1494 2358 Dei
1516 2330 1544 2357 in
1563 2330 1693 2359 universo
1709 2334 1845 2358 terrarum

1063 2373 1130 2399 orbe
1145 2373 1333 2401 concinnatur.

1100 2417 1182 2446 Vens.
1198 2419 1242 2446 49.
1261 2419 1297 2446 Et
1310 2420 1440 2453 percussit
1458 2420 1644 2456 alienigenum.
1661 2421 1762 2456 Lepide
1782 2421 1848 2448 alie-

1062 2462 1188 2497 nigenam
1204 2464 1341 2497 interﬁcit,
1358 2464 1475 2500 lapidem
1490 2472 1523 2492 ex
1539 2465 1601 2500 ipso
1615 2466 1767 2493 secundum
1784 2473 1847 2493 car-

1062 2515 1124 2534 nem
1139 2507 1285 2536 oriundum
1301 2512 1329 2536 et
1344 2509 1406 2537 sine
1421 2510 1549 2538 manibus
1564 2511 1688 2539 excisum
1705 2513 1848 2548 praesigni-

1062 2551 1157 2579 licens.

1100 2607 1134 2635 Et
1153 2608 1245 2644 gladio
1268 2609 1428 2646 alienigenae
1449 2619 1527 2643 usus,
1558 2618 1620 2639 eum
1640 2611 1788 2646 interemit,
1817 2618 1847 2640 ut

1063 2651 1214 2681 Salvatoris
1222 2654 1366 2682 victoriam
1376 2660 1611 2690 praemonstraret.
1621 2656 1752 2690 Quienim
1769 2659 1844 2686 cruci

871 2715 986 2745 VARL‘E
998 2718 1199 2748 LECTIONES.

343 2757 411 2801 an):
421 2757 600 2801 ’ταρτὰ
611 2760 673 2799 τοῖς
685 2760 736 2801 τοῦ.
750 2761 837 2801 Ὡρις(ἐ
854 2763 910 2801 τοῖς
924 2764 953 2801 ὲν
968 2764 1025 2791 σελ.
1040 2763 1097 2801 489
1105 2764 1188 2801 τοῦνῖ.
1205 2765 1274 2801 Τόμ.
1288 2766 1337 2800 τῆς
1348 2767 1395 2794 τοῦ
1418 2768 1489 2795 Ῥου.
1502 2769 1592 2796 έκδόσ.

229 2792 353 2831 ἔϐαλλεν.
363 2792 415 2831 mn:
425 2793 465 2831 Τά
474 2793 538 2826 ἑξῆς
548 2794 576 2831 ὲν
590 2793 688 2831 τῇς
703 2795 770 2823 Ain.
780 2792 847 2823 ’κῶδ.
863 2792 1010 2826 οὺγκεῖται.
1047 2804 1063 2818 ιι
1077 2799 1116 2826 Τὰ
1130 2800 1198 2826 αὐτὰ
1216 2792 1262 2828 κάι
1282 2792 1450 2831 ὲνᾞελίὸίῖ

224 2827 295 2854 κατὰ
307 2828 355 2863 τὴν
370 2827 417 2854 τοῦ
430 2827 605 2862 Μοντφαοῦκ.
621 2828 678 2855 ἔκδ.

1644 2768 1652 2788 ι
1666 2768 1697 2806 c.
1713 2770 1746 2798 N.
1777 2781 1843 2806 μετ.

1473 2803 1519 2830 τοῦ
1534 2804 1550 2831 5
1560 2805 1628 2839 Τόμ.
1645 2804 1691 2830 τοῦ
1706 2803 1843 2843 Χρυὰοστ.
