2086 3160
204 196 272 228 1105

710 186 976 229 (ῙΟΜΜΕΝΤᾸΙΠΙ
997 198 1036 228 ΙΝ
1052 198 1151 228 LIB.I
1170 199 1305 228 REGUM

1759 197 1826 229 1106

243 252 314 278 Ἀλλ’
332 253 406 287 ὅμως
420 252 510 288 φθόνῳ
531 252 665 280 δουλεύων
678 255 691 281 ὁ
711 255 798 281 Σαοὺλ
810 255 856 282 τὸν
871 255 919 282 τοῦ
934 257 986 282 Δα-

1074 255 1201 282 Altamen
1217 254 1327 281 invidiae
1342 254 1488 289 indulgens
1504 254 1570 282 Saul
1586 260 1702 282 mortem
1718 254 1827 280 Davidis

202 299 244 325 ϐὶδ
266 299 385 334 ἐτήρησε
416 298 543 327 θάνατον.
564 299 630 326 Ὀτε
657 300 685 327 δὲ
709 301 847 328 σέσωσται
871 301 916 328 διὰ
940 301 991 336 τῆς

201 345 320 380 Μελχὸλ,
341 343 391 381 ᾖσε
411 345 457 371 τὸν
476 348 516 380 νη¹
531 344 640 380 ψαλμόν
652 354 658 361 ·
680 356 689 372 ι
710 346 819 380 Ἑξελοῦ
841 356 875 382 με
890 347 922 374 ὲκ
937 346 991 373 τῶν

202 390 307 426 ἐχθρῶν
321 399 383 425 μου,
401 390 501 422 όΘεός.
519 400 529 417 ι
546 391 577 419 C.
590 390 623 419 L.

240 477 355 511 Ὅμοιον
374 477 427 514 τῷ·
447 487 457 504 ‹
474 479 538 506 Ἐάν
555 481 596 511 τίς
613 489 643 507 σε
660 481 823 517 ἀγγαρεὺσῃ
844 483 935 517 μίλιον
949 483 990 517 ἓν,

205 521 295 555 ὕπαγε
313 522 372 557 μετ’
387 523 470 550 αὑτοῦ
489 524 555 551 δύω.
569 534 578 550 ι
600 525 791 554 Ἐπιτάττεται
808 527 862 562 γὰρ
877 530 891 556 ὁ
909 529 992 555 Δαὸὶδ

206 564 336 598 φονεῦσαι
350 566 446 593 ἑκατὸν
461 567 640 602 ἀλλοφύλους,
653 570 701 596 καὶ
720 570 876 604 διακοσίους
888 573 991 606 ἀνεῖλε,

206 611 374 637 καταπατῶν
389 612 439 646 τὴν
451 612 499 638 τοῦ
523 614 611 640 Σαοὺλ
624 615 769 651 ἐπήρειαν,
786 617 858 644 κατὰ
876 618 926 653 τὴν
945 618 992 645 τοῦ

207 655 286 689 λόγου
300 655 416 684 ἔκδοσιν.
435 656 468 684 C.
484 657 516 684 L.

501 703 628 732 ΚΕΦΑΛ.
648 704 700 732 ΙΘ’.

240 745 294 772 Kal
305 745 414 773 ἐλαϐεν
424 748 545 782 Μελχὸλ
554 749 589 775 τὰ
595 750 769 785 κενοτάφια,
782 760 839 779 κ.τ.
847 752 992 785 λ.Ἀκύλας

207 790 388 824 μορφώματα
400 792 491 825 φησὶν,
507 794 554 819 καὶ
573 793 603 819 τὸ
613 792 691 830 ἧπαρ
706 796 761 822 τῶν
777 797 874 830 αἰγῶν,
892 798 923 824 τὺ
939 799 993 824 πᾶν

207 834 309 870 πλῆθος
322 837 370 862 καὶ
384 838 602 873 στρογγύλωμα
621 840 735 875 τριχῶν,
753 842 948 876 φυγαδεύσασα
965 844 994 870 δὲ

205 879 251 906 τὸν
268 880 362 914 Δασὶδ,
375 882 425 916 τὴν
439 882 533 918 κλίνην
548 884 589 914 είς
604 884 809 919 amomum;
826 887 992 923 ἐσχημάτισε

205 927 301 958 τύπον,
325 926 442 961 ἱματίων
465 928 514 962 μὲν
542 928 644 963 πλῆθος
660 931 839 965 ἐπιϐαλοῦσα,
855 934 991 968 στρογγύ-
1008 923 1028 950 Β

206 971 284 1004 λωμα
301 971 329 997 δὲ
353 972 455 1007 τριχῶν
473 973 605 1000 ὑποθεῖσα
623 976 680 1006 τοῖς
703 976 833 1011 ἱματίοις,
857 977 929 1004 ὥστε
947 987 992 1010 μι-

206 1016 316 1051 μεῖσθαι
331 1017 381 1052 τὴν
395 1018 528 1054 κεφαλήν.
547 1020 625 1051 Τινὲς
641 1021 670 1048 δὲ
693 1022 871 1057 μορφώματα
884 1024 934 1059 τὴν
950 1025 992 1050 εί-

205 1061 271 1088 κόνα
287 1061 353 1096 φασὶ
366 1061 414 1089 τοῦ
427 1063 521 1096 Δαὸὶδ,
532 1064 566 1099 ἢν
576 1066 632 1097 τοῖς
644 1066 762 1100 ἱματίοις
777 1067 906 1103 ἐκάλυψε,
922 1068 991 1104 πλὴν

205 1107 286 1134 ἐνίων
295 1108 342 1134 τοῦ
357 1108 506 1144 προσώπου
520 1110 633 1145 μορίων.
643 1111 680 1138 Τὺ
691 1112 720 1139 δὲ
735 1113 789 1139 τῶν
804 1114 890 1148 αίγῶν
903 1111 989 1150 ἧπαρ,

205 1152 298 1187 ἐπειδή
314 1161 397 1187 φασιν
407 1153 474 1180 αὑτό
484 1162 557 1187 τινες
568 1156 701 1184 κινεῖσθαι
715 1158 797 1194 μέχρι
809 1159 906 1186 πολλοῦ
923 1160 992 1195 μετὰ

205 1198 255 1232 τὴν
270 1197 318 1224 τοῦ
336 1197 407 1230 ζώου
424 1199 543 1236 σφαγήν.

241 1244 295 1270 Kal
306 1243 425 1278 ἐγένετο
444 1245 493 1272 ἐπὶ
516 1246 588 1279 τοὺς
600 1246 748 1282 ἀγγέλους
761 1249 862 1277 Σαοὺλ
875 1251 993 1285 πνεῦμα

207 1289 293 1321 Θεοῦ,
301 1289 349 1316 καὶ
358 1291 598 1325 προεφήτευσαν.
609 1293 672 1325 Πῶς
682 1291 756 1322 οὗτοι
772 1297 991 1331 προφητεύουσις

207 1334 267 1366 πῶς
284 1335 312 1361 δὲ
326 1336 372 1362 καὶ
388 1336 474 1363 Σαοὺλ
488 1337 622 1373 ὕστερον;
638 1339 766 1375 Διάφορα
780 1341 870 1369 τοίνυν
883 1342 929 1369 τοῦ
946 1344 995 1369 Δε-

209 1380 308 1406 σπότου
325 1380 360 1408 τὰ
386 1381 522 1418 θήρατρα.
539 1383 609 1416 Τοὺς
634 1385 683 1419 μὲν
700 1385 755 1420 γὰρ
785 1386 819 1412 δι’
841 1386 994 1423 ἀνθρώπων

208 1425 338 1460 θηρεύει·
363 1427 427 1458 τοὺς
460 1427 489 1454 δὲ
523 1428 641 1464 ἅορασίᾳ
677 1429 798 1465 θηρεύει.
827 1431 917 1467 Ὅπερ
947 1433 995 1459 ἐπὶ

214 1472 368 1499 Ἐλισσαίου
391 1474 548 1509 γεγένηται.
563 1475 680 1508 Τούτους
704 1477 733 1503 δὲ
753 1477 799 1504 διὰ
822 1479 996 1513 προφητικῆς

209 1518 321 1551 χάριτος
334 1517 380 1545 τὸν
394 1517 477 1545 Δαὸὶδ
499 1519 659 1547 ἀποκτεῖναι
674 1521 825 1550 κεκώλυκε.
842 1524 897 1550 Καὶ
909 1524 995 1551 Σαοὺλ

209 1563 249 1593 δὲ,
275 1562 346 1615 μετὰ
362 1563 474 1615 ⁵ποίντηας
502 1563 605 1615 ῗθὼν,
635 1566 690 1594 τῶν
712 1567 763 1602 τῆς
790 1568 1033 1615 φιλανθρωπίαςο

210 1609 339 1643 τυγχάνει
359 1609 477 1644 δεσμῶν.
502 1611 674 1647 Προφητεύει
702 1614 753 1648 μὲν
778 1614 845 1650 γὰρ,
873 1615 931 1642 ἀλλ’
946 1616 996 1651 οὐχ

210 1655 312 1688 δμοίως
336 1655 394 1687 τοῖς
422 1656 522 1687 ἄλλοις.
543 1657 664 1691 Ἀνάξιος
678 1659 732 1695 γὰρ
753 1658 792 1686 ὣν
808 1660 858 1696 τῆς
874 1661 995 1696 χάριτος,

211 1698 365 1734 γυμνωθεὶς
379 1699 429 1734 τῆς
446 1699 562 1735 ἐσθῆτος
580 1702 751 1737 πανημέριος
771 1703 870 1731 ἔκειτο,
887 1704 996 1740 Ἐδήλου

211 1744 238 1770 δὲ
255 1744 287 1770 τδ
298 1744 394 1779 σχῆμα
405 1745 456 1780 τὴν
467 1745 518 1780 τῆς
533 1745 672 1780 βασιλείας
684 1748 839 1784 ἀφαίρεσιν.
851 1749 907 1776 Καὶ
920 1749 997 1782 δίκας

211 1789 240 1815 δὲ
255 1789 324 1816 τίνει
341 1789 388 1816 τοῦ
406 1790 579 1826 προφητικοῢ
599 1793 812 1828 καταφρονήσας
827 1794 994 1829 πνεύματος.

212 1837 251 1871 Τῇ
268 1837 323 1872 γὰρ
337 1837 410 1863 κατὰ
425 1837 508 1864 Δαϐὶδ
527 1839 595 1874 ὀργῇ
621 1839 652 1865 τὸ
669 1840 741 1867 Θεϊον
758 1840 854 1876 ὕῦρισε
874 1842 996 1878 Πνεῦμα.

217 1881 359 1908 Ἐντεῦθεν
372 1882 401 1908 δὲ
414 1882 505 1917 δῆλον,
519 1883 556 1915 ὡς
572 1884 586 1910 ὁ
606 1884 779 1919 κολλώμενος
799 1886 898 1919 ἁγίοις,
920 1886 998 1920 ἅγιος

212 1927 304 1959 ἔσται,
321 1927 373 1954 κᾶν
388 1928 522 1964 πρότερον
575 1929 703 1965 πονηρός.
718 1930 774 1957 Καὶ
795 1931 912 1966 μάλιστα
923 1951 931 1965 ,
959 1932 997 1967 μὴ

212 1972 404 2009 παλινδρομῶν
416 1972 495 2006 αὖθις
508 1975 556 2001 ἐπὶ
570 1974 605 2002 τὰ
616 1975 750 2010 πρότερα.

509 2063 635 2091 ΚΕΦΛΛ.
655 2064 701 2091 κ’.

509 2064 635 2091 ΚΕΦΛΔ.
682 2066 701 2091 ’.

249 2108 454 2143 Ἀποκαλύψει
465 2108 498 2136 τὸ
514 2108 604 2136 ὠτίον
616 2064 685 2143 ac:
699 2108 860 2146 Σύμμαχος,
873 2109 944 2138 Ἐὰν
954 2109 998 2146 μὴ

213 2153 337 2187 δηλώσῃ
352 2155 395 2186 εις
405 2153 503 2187 ἀκοήν
515 2163 585 2189 μου.
602 2154 634 2181 C.
649 2154 681 2182 L.

248 2199 295 2231 Τὸ,
315 2199 541 2234 Ἐμπέπλησται
550 2199 664 2234 μεταξὺ
675 2199 759 2234 ἐμοῦ,
775 2201 822 2227 καὶ
830 2200 904 2237 ἑξῆς,
916 2201 997 2228 ’Δκύ-

1042 306 1150 333 semper
1175 299 1268 325 animo
1291 298 1428 326 volvebat.
1452 299 1503 332 Qui
1528 304 1706 334 posteaquam
1724 299 1827 325 auxilio

1042 345 1158 373 Melchol
1185 346 1280 374 salvus
1304 349 1447 378 evaserat,
1470 345 1729 380 quinquagesimum
1751 348 1827 370 octa-

1041 398 1104 418 vum
1133 391 1232 419 cecinit
1256 392 1392 426 psalmum
1411 400 1418 418 :
1440 399 1450 416 «
1471 389 1553 426 Eripe
1579 398 1623 418 me
1648 391 1683 418 de
1705 389 1828 417 inimicis

1042 435 1121 467 meis,
1139 436 1210 464 Deus
1227 444 1304 464 meus
1318 436 1341 462 ".
1359 445 1368 462 ι

1078 481 1174 509 Simile
1198 486 1241 509 est
1264 481 1303 508 illi
1328 481 1424 508 dicto:
1443 489 1452 506 ι
1471 479 1500 507 Si
1514 479 1578 514 quis
1597 485 1623 507 te
1643 479 1829 514 angariaverit

1043 535 1128 554 unum
1154 527 1283 560 milliare,
1297 526 1366 554 vade
1388 533 1450 553 cum
1475 533 1508 552 eo
1521 525 1565 552 vel
1577 524 1632 551 dno
1643 524 1665 552 ⁸.
1682 534 1691 549 ί
1706 524 1828 557 Namque

1044 573 1127 600 David
1142 577 1252 600 centum
1266 571 1432 606 alienigenas
1449 570 1602 597 interﬁcere
1616 570 1719 604 iussus,
1732 569 1830 596 ducen-

1042 622 1085 645 tos
1102 617 1214 649 occidit,
1231 624 1285 643 non
1309 616 1401 643 habita
1423 615 1516 643 Saulis
1540 615 1694 643 insolentia:
1712 615 1828 646 ratione.

1043 667 1072 690 ut
1088 662 1202 691 historia
1218 662 1312 689 refert.

1352 706 1430 733 CAP.
1448 705 1521 733 XIX.

1075 752 1157 780 Vsus.
1175 753 1218 780 15.
1237 751 1338 779 Miehol
1358 752 1455 785 accepit
1476 751 1644 785 cenotapliia,
1660 755 1714 778 etc.
1731 750 1828 785 Aquila

1046 798 1228 834 μορφώματα,
1245 797 1269 824 id
1292 801 1334 824 est
1359 797 1461 831 figuras
1485 796 1564 828 dicit,
1580 800 1608 823 et
1630 796 1713 830 liepar
1733 803 1829 830 capra-

1043 853 1117 876 rum,
1133 850 1299 878 omnemque
1315 842 1531 873 multitudinem.
1545 846 1574 869 et
1594 841 1829 870 convolutioncul.

1045 888 1255 924 στρογγύλωμα,
1272 887 1400 922 pilorum.
1419 886 1540 914 Dimisso
1563 893 1629 913 vero
1650 885 1762 916 Davide,
1792 886 1830 912 le-

1043 937 1118 961 ctum
1141 933 1308 968 composuit,
1323 935 1454 966 tanquam
1476 930 1649 966 aegrotantis,
1669 930 1754 957 multa
1779 931 1830 956 im-

1041 985 1147 1014 ponens
1175 977 1349 1009 vestimenta,
1367 977 1575 1004 conversionem
1602 976 1685 1003 etiam
1712 975 1830 1009 pilorum

1041 1024 1169 1059 ponendo
1193 1023 1246 1051 sub
1268 1027 1369 1054 vestes,
1385 1021 1500 1053 idolum,
1518 1026 1616 1056 praeter
1637 1020 1770 1055 quasdam
1794 1019 1831 1047 fa-

1041 1070 1093 1097 eiei
1115 1074 1217 1104 palles,
1237 1067 1369 1095 contexit.
1385 1067 1536 1102 Caprarum
1550 1070 1641 1093 autem
1657 1065 1741 1100 hepar
1757 1064 1831 1091 adhi-

1042 1115 1115 1147 buit,
1139 1121 1172 1141 eo
1199 1113 1271 1148 quod
1297 1112 1409 1147 quidam
1435 1111 1544 1143 dicant,
1572 1113 1693 1138 mactato
1719 1109 1829 1137 animali

1043 1162 1116 1198 longi
1134 1161 1264 1196 temporis
1281 1160 1369 1195 spatio
1385 1160 1528 1195 palpitare.

1080 1251 1159 1278 Vsus.
1180 1251 1224 1278 ΞΟ.
1248 1249 1281 1278 Et
1300 1250 1368 1277 venit
1389 1257 1467 1282 super
1483 1249 1590 1275 nuntio:
1614 1246 1706 1275 Saulis
1721 1246 1831 1280 spiritu:

1045 1296 1109 1328 Dei.
1131 1301 1157 1323 et
1184 1295 1385 1330 prophetarum.
1414 1294 1559 1327 Quomodo
1587 1293 1626 1320 illi
1654 1292 1830 1327 prophetarit,

1043 1340 1181 1376 quomodo
1204 1345 1298 1376 postea
1321 1339 1407 1367 Saul?
1423 1338 1503 1366 Varia
1521 1338 1616 1373 utique
1640 1337 1749 1364 Domini
1768 1340 1832 1364 sunt

1045 1390 1126 1418 retia.
1141 1388 1281 1422 Quosdam
1298 1388 1370 1415 enim
1389 1386 1531 1414 hominum
1548 1392 1644 1420 opera,
1663 1391 1689 1412 et
1706 1384 1832 1411 ministr-

1045 1435 1088 1461 rlo
1103 1433 1193 1468 capit;
1207 1433 1342 1467 quosdam
1358 1431 1481 1459 caecitate
1495 1435 1619 1458 venatur.
1634 1429 1661 1456 Id
1673 1429 1746 1464 quod
1759 1430 1831 1456 acci-

1045 1479 1086 1506 dit
1102 1479 1272 1514 temporibns
1294 1478 1397 1505 Elisazi.
1417 1476 1481 1504 Illos
1504 1480 1594 1502 autem
1621 1482 1669 1510 per
1693 1474 1831 1509 propheti-

1046 1532 1106 1552 cam
1129 1524 1246 1560 gratiam
1267 1523 1396 1551 Davidcm
1419 1522 1574 1550 interticere
1596 1520 1746 1556 prohibuit.
1768 1519 1832 1545 Sani

1047 1570 1142 1602 etiam,
1157 1570 1204 1603 qui
1223 1573 1284 1604 post
1306 1575 1402 1595 omnes
1417 1567 1501 1600 venit,
1518 1565 1698 1594 humanitatis
1713 1563 1833 1591 vinculis

1050 1615 1173 1642 irretitus
1194 1618 1248 1642 est.
1268 1613 1419 1648 Prophetat
1442 1614 1527 1645 enim,
1549 1612 1597 1640 sed
1618 1619 1672 1638 non
1694 1610 1833 1640 similiter.

1049 1664 1078 1688 ut
1096 1660 1205 1694 reliqui.
1221 1659 1350 1693 Indignus
1367 1658 1439 1685 enim
1458 1657 1554 1693 gratia,
1570 1659 1647 1684 veste
1661 1658 1760 1683 exutus
1777 1657 1834 1681 tuta

1049 1706 1094 1733 die
1106 1706 1226 1741 jacebat.
1246 1704 1362 1732 Habitus
1386 1708 1475 1730 autem
1501 1703 1546 1730 illc
1570 1701 1645 1737 regni
1669 1700 1834 1728 ablationem

1050 1751 1235 1786 signiﬁcabat.
1248 1750 1348 1777 Poenas
1360 1749 1426 1776 item
1438 1748 1513 1776 dedit
1525 1752 1636 1782 propter
1649 1749 1834 1780 contemptum

1050 1795 1203 1830 prophetici
1223 1795 1350 1830 spiritus.
1374 1793 1416 1820 Ira
1434 1793 1506 1821 enim
1524 1797 1619 1820 contra
1640 1791 1779 1822 Davidcm.
1794 1790 1836 1817 di-

1050 1841 1143 1867 vinum
1165 1839 1298 1875 Spiritum
1323 1839 1492 1866 contumelia
1520 1838 1619 1866 allec-it.
1647 1838 1718 1864 Ilinc
1743 1840 1835 1862 autem

1050 1884 1227 1912 manifestum
1241 1887 1283 1911 est
1311 1882 1395 1916 quod,
1409 1882 1454 1916 qui
1469 1882 1572 1909 sanctis
1587 1882 1716 1913 adhaeret,
1730 1885 1756 1907 ct
1771 1888 1837 1906 cou-

1051 1935 1186 1962 vcrsatur,
1207 1933 1321 1955 sanctus
1337 1927 1464 1959 cllicitur,
1479 1927 1531 1954 etsi
1553 1931 1615 1953 ante
1633 1926 1723 1953 malus
1744 1925 1835 1952 litcrit.

1051 1974 1136 2009 quue
1160 1977 1216 2001 tum
1238 1972 1366 2006 maxime,
1383 1972 1405 2001 si
1431 1972 1466 2000 ad
1491 1972 1585 2007 priora
1606 1972 1696 2000 denuo
1717 1979 1772 2000 non
1794 1978 1838 1998 rc—

1051 2025 1156 2048 currat.

1374 2062 1452 2092 CAP.
1478 2062 1537 2090 XX.

1087 2112 1170 2140 Vens.
1188 2111 1231 2139 15.
1249 2109 1341 2146 Neque
1353 2109 1480 2137 revelabit
1496 2109 1606 2138 auribus
1623 2109 1698 2137 meis.
1713 2108 1837 2144 Symma-

1053 2159 1133 2191 chus.
1151 2156 1213 2184 Nisi
1228 2156 1385 2184 indicaverit
1400 2155 1505 2182 αλιάὶιαὶ
1518 2163 1584 2183 meo.

1088 2203 1153 2235 Pro,
1179 2202 1309 2236 lmpletur
1337 2202 1407 2228 inter
1430 2209 1481 2234 me,
1504 2206 1558 2230 etc.
1582 2201 1681 2235 Aquila
1707 2205 1734 2227 et
1759 2199 1837 2234 Sym-

214 2245 263 2275 λας
278 2245 325 2271 καὶ
336 2244 486 2279 Σύμμαχος
497 2247 522 2277 ⁸,
534 2245 626 2272 Ὅσον
640 2245 727 2280 ,βῆμα
743 2246 914 2281 drapetan
926 2246 997 2281 ἐμοῦ

1053 2249 1167 2277 machus
1181 2248 1284 2276 habent
1300 2257 1307 2275 :
1324 2247 1460 2281 Quantum
1473 2247 1572 2283 gradus
1589 2248 1658 2274 inter
1674 2255 1713 2274 me
1729 2250 1754 2272 et
1767 2253 1838 2272 mor-

215 2289 263 2315 καὶ
278 2289 332 2316 τοῦ
347 2288 490 2316 θανάτου.
508 2288 540 2316 C.
553 2289 584 2316 L.

257 2335 407 2369 Ἡγάπησε
430 2334 538 2369 ψυχὴν
555 2334 732 2369 ἀγαπῶντος
752 2335 855 2363 αὐτόν.
878 2336 1004 2370 Ἀκύλας,

216 2379 297 2406 Κατὰ
310 2379 370 2413 τὴν
381 2379 487 2414 ψυχὴν
503 2380 607 2406 αὐτοῦ.
621 2379 654 2408 C.
669 2379 702 2407 L.

253 2424 301 2456 Τδ,
324 2424 582 2457 Ἐπισχεπήσεται
591 2424 611 2458 ὴ
622 2423 752 2459 καθέδρα
763 2432 833 2458 σου,
843 2425 1006 2462 Σύμμαχος,

217 2469 433 2504 Ζητηθήσεται.
456 2470 488 2497 C.
505 2469 535 2496 L.

253 2515 460 2549 Τρισσεύσεις.
474 2515 603 2548 Ἀκύλας,
615 2516 694 2550 τρεῖς
704 2516 817 2552 ἠμέρας
827 2518 987 2552 ἀναμενεῖς
996 2526 1003 2533 ·

215 2562 259 2589 διὰ
273 2562 301 2589 τί
313 2562 342 2589 δὲ
355 2562 394 2596 τῷ
405 2562 487 2588 Δασὶδ
501 2561 546 2588 διὰ
562 2562 647 2597 βελῶν
658 2563 742 2598 ἧγουν
753 2564 886 2590 ἀκοντίων
895 2563 945 2599 τὴν
957 2563 1005 2590 τοῦ

216 2608 337 2642 πατέρος
354 2608 490 2643 ἐμήνυσεν
515 2608 645 2635 Ἰωνάθαν
672 2609 838 2645 ὲπιϐουλήνς
857 2609 940 2641 Τινὲς
961 2609 1005 2636 διὰ

215 2654 262 2680 τὸν
278 2654 385 2690 »ἱκέτην
394 2654 488 2689 φασιν,
504 2653 547 2681 ἵνα
564 2654 602 2690 μὴ
611 2654 684 2690 μάθῃ
703 2655 737 2681 τὰ
751 2655 920 2691 μηνυόμενα.
933 2655 1004 2682 Ἀλλ’

217 2699 280 2735 ἒξῆν
293 2700 340 2727 καὶ
355 2699 427 2735 μόνῳ
442 2699 667 2735 παραγενέσθαι·
684 2699 742 2727 ἀλλ’
755 2702 805 2728 οὐκ
820 2701 853 2728 ἂν
867 2700 918 2736 τὴν
949 2701 1001 2727 ὐπ-

255 2787 265 2800 ’
283 2786 355 2815 Psal.
372 2787 481 2820 unm.
518 2788 530 2803 ⁸
546 2787 642 2816 Matth.
656 2795 683 2820 v,
702 2787 747 2816 Li.

1054 2300 1116 2322 tem.

1063 2328 1067 2332 ’
1089 2339 1173 2366 Vens.
1192 2338 1236 2365 17.
1253 2337 1386 2373 Diiigebat
1405 2337 1524 2364 animam
1543 2337 1601 2372 ejus
1617 2336 1661 2371 qui
1676 2336 1761 2369 ipsum
1777 2334 1839 2361 diii-

1052 2384 1138 2418 θείνει.
1155 2383 1263 2417 Aquila,
1278 2383 1318 2409 uti
1337 2390 1413 2409 suam
1430 2383 1558 2409 animant.

1089 2429 1151 2460 Pro,
1176 2427 1335 2462 Contegetur
1349 2427 1433 2454 sessio
1457 2431 1503 2454 tua
1520 2446 1528 2460 ,
1551 2425 1733 2462 Symmachus
1748 2425 1840 2456 habet,

1053 2473 1222 2508 Requiretur.

1090 2517 1276 2552 Τρισσεύσεις.
1304 2517 1415 2552 Aquila,
1440 2517 1523 2544 tribus
1550 2516 1644 2544 diebus
1666 2515 1840 2551 exspectabis.

1054 2565 1144 2598 Quare
1169 2568 1260 2591 autem
1286 2562 1423 2590 Jouatbau
1450 2571 1498 2597 per
1518 2563 1622 2598 jactqu
1650 2562 1777 2594 telorum,
1795 2565 1843 2587 aut

1054 2609 1302 2644 certcjaculorum,
1319 2608 1414 2636 Davidi
1434 2609 1522 2644 patris
1537 2608 1651 2635 insidias
1675 2606 1842 2634 declaravit?

1054 2655 1170 2689 Quidam
1186 2660 1295 2689 propter
1311 2661 1420 2681 servum
1437 2654 1533 2680 dicunt
1547 2653 1603 2680 haec
1620 2652 1691 2679 facta
1707 2659 1779 2684 esse.
1798 2659 1841 2682 nc,

1058 2700 1124 2735 quid
1135 2698 1348 2735 signiﬁcaretur,
1360 2702 1550 2732 cognosceret.
1565 2699 1599 2724 At
1615 2697 1751 2732 potuisset
1768 2697 1843 2723 solus

876 2830 993 2858 VARI/li
1011 2830 1215 2859 LECTIONI'LS.

257 2883 267 2897 ι
281 2878 327 2910 Τὸ,
343 2878 501 2914 ὶιύμμαχος,
517 2879 545 2906 ὲν
557 2878 598 2913 τῷ
614 2878 662 2913 τῆς
675 2878 742 2912 Ᾱὺγ.
758 2877 822 2906 κώδ.
838 2878 867 2904 οὐ
881 2878 977 2904 κεῖται.
