  <div class='ocr_page' id='page_1' title='image "/cluster/home/n/w/nwhite01/storage/ocr_20150623/87, pt.1/njp.32101013202641/562.png"; bbox 0 0 2086 3160; ppageno 0'>
   <div class='ocr_carea' id='block_1_1' title="bbox 208 200 276 231">
    <p class='ocr_par' dir='ltr' id='par_1_1' title="bbox 208 200 276 231">
     <span class='ocr_line' id='line_1_1' title="bbox 208 200 276 231; baseline -0.015 0"><span class='ocrx_word' id='word_1_1' title='bbox 208 200 217 231; x_wconf 84' lang='grc'>1</span> <span class='ocrx_word' id='word_1_2' title='bbox 227 200 276 230; x_wconf 82' lang='lat'><strong>109</strong></span> 
     </span>
    </p>
   </div>
   <div class='ocr_carea' id='block_1_2' title="bbox 712 177 1325 230">
    <p class='ocr_par' dir='ltr' id='par_1_2' title="bbox 712 177 1325 230">
     <span class='ocr_line' id='line_1_2' title="bbox 712 177 1325 230; baseline -0.002 0"><span class='ocrx_word' id='word_1_3' title='bbox 712 177 982 230; x_wconf 70' lang='lat' dir='ltr'><strong>COMMENTARIi</strong></span> <span class='ocrx_word' id='word_1_4' title='bbox 1002 199 1042 229; x_wconf 84' lang='lat' dir='ltr'><strong>IN</strong></span> <span class='ocrx_word' id='word_1_5' title='bbox 1064 200 1135 230; x_wconf 85' lang='lat' dir='ltr'><strong>LIB.</strong></span> <span class='ocrx_word' id='word_1_6' title='bbox 1148 200 1162 229; x_wconf 89' lang='lat'><strong>1</strong></span> <span class='ocrx_word' id='word_1_7' title='bbox 1178 200 1325 230; x_wconf 81' lang='lat' dir='ltr'><strong>REGUM-</strong></span> 
     </span>
    </p>
   </div>
   <div class='ocr_carea' id='block_1_3' title="bbox 1767 176 1855 222">
    <p class='ocr_par' dir='ltr' id='par_1_3' title="bbox 1767 176 1855 222">
     <span class='ocr_line' id='line_1_3' title="bbox 1767 176 1855 222; baseline 0 0"><span class='ocrx_word' id='word_1_8' title='bbox 1767 176 1855 222; x_wconf 60' lang='lat'><strong>1110”</strong></span> 
     </span>
    </p>
   </div>
   <div class='ocr_carea' id='block_1_4' title="bbox 206 249 1003 292">
    <p class='ocr_par' dir='ltr' id='par_1_4' title="bbox 206 256 996 292">
     <span class='ocr_line' id='line_1_4' title="bbox 206 256 996 292; baseline -0.004 -7"><span class='ocrx_word' id='word_1_9' title='bbox 206 259 262 289; x_wconf 76' lang='grc' dir='ltr'>τοῖς</span> <span class='ocrx_word' id='word_1_10' title='bbox 279 258 328 284; x_wconf 82' lang='grc' dir='ltr'>σὺν</span> <span class='ocrx_word' id='word_1_11' title='bbox 341 256 427 291; x_wconf 75' lang='grc' dir='ltr'>αὐτῷ,</span> <span class='ocrx_word' id='word_1_12' title='bbox 442 257 492 292; x_wconf 79' lang='grc' dir='ltr'>τῆς</span> <span class='ocrx_word' id='word_1_13' title='bbox 502 256 582 290; x_wconf 81' lang='grc' dir='ltr'>ἁγίας</span> <span class='ocrx_word' id='word_1_14' title='bbox 596 256 644 282; x_wconf 72' lang='grc' dir='ltr'><strong>καὶ</strong></span> <span class='ocrx_word' id='word_1_15' title='bbox 659 256 799 292; x_wconf 76' lang='grc' dir='ltr'><strong>ἱερατικῆς</strong></span> <span class='ocrx_word' id='word_1_16' title='bbox 810 256 923 292; x_wconf 77' lang='grc' dir='ltr'><strong>τροφῆς,</strong></span> <span class='ocrx_word' id='word_1_17' title='bbox 937 256 996 291; x_wconf 82' lang='grc' dir='ltr'>μεῖ-</span> 
     </span>
    </p>
   </div>
   <div class='ocr_carea' id='block_1_5' title="bbox 1055 249 1833 292">
    <p class='ocr_par' dir='ltr' id='par_1_5' title="bbox 1055 249 1833 290">
     <span class='ocr_line' id='line_1_5' title="bbox 1055 249 1833 290; baseline -0.006 -9"><span class='ocrx_word' id='word_1_18' title='bbox 1055 256 1186 290; x_wconf 76' lang='lat' dir='ltr'><strong>pontifex,</strong></span> <span class='ocrx_word' id='word_1_19' title='bbox 1215 255 1307 283; x_wconf 87' lang='lat' dir='ltr'><strong>Davidi</strong></span> <span class='ocrx_word' id='word_1_20' title='bbox 1323 273 1330 285; x_wconf 85' lang='lat'><strong>,</strong></span> <span class='ocrx_word' id='word_1_21' title='bbox 1352 258 1379 281; x_wconf 88' lang='lat' dir='ltr'><strong>et</strong></span> <span class='ocrx_word' id='word_1_22' title='bbox 1402 253 1462 288; x_wconf 82' lang='lat' dir='ltr'><strong>eius</strong></span> <span class='ocrx_word' id='word_1_23' title='bbox 1485 250 1653 283; x_wconf 81' lang='lat' dir='ltr'><strong>comitibus,</strong></span> <span class='ocrx_word' id='word_1_24' title='bbox 1678 249 1833 284; x_wconf 75' lang='lat' dir='ltr'><strong>concedens</strong></span> 
     </span>
    </p>
   </div>
   <div class='ocr_carea' id='block_1_6' title="bbox 207 301 776 339">
    <p class='ocr_par' dir='ltr' id='par_1_6' title="bbox 207 301 776 339">
     <span class='ocr_line' id='line_1_6' title="bbox 207 301 776 339; baseline -0.002 -10"><span class='ocrx_word' id='word_1_25' title='bbox 207 302 254 334; x_wconf 81' lang='grc' dir='ltr'><strong>ζον</strong></span> <span class='ocrx_word' id='word_1_26' title='bbox 267 302 375 339; x_wconf 71' lang='grc' dir='ltr'>ιφρόνει</span> <span class='ocrx_word' id='word_1_27' title='bbox 390 302 441 337; x_wconf 86' lang='grc' dir='ltr'>τῆς</span> <span class='ocrx_word' id='word_1_28' title='bbox 451 301 506 329; x_wconf 84' lang='grc' dir='ltr'><strong>τῶν</strong></span> <span class='ocrx_word' id='word_1_29' title='bbox 522 301 627 329; x_wconf 80' lang='grc' dir='ltr'><strong>πολλῶν</strong></span> <span class='ocrx_word' id='word_1_30' title='bbox 643 301 776 334; x_wconf 86' lang='grc' dir='ltr'>διανοίας.</span> 
     </span>
    </p>
   </div>
   <div class='ocr_carea' id='block_1_7' title="bbox 243 391 997 427">
    <p class='ocr_par' dir='ltr' id='par_1_7' title="bbox 243 391 997 427">
     <span class='ocr_line' id='line_1_7' title="bbox 243 391 997 427; baseline -0.001 -7"><span class='ocrx_word' id='word_1_31' title='bbox 243 392 475 427; x_wconf 72' lang='grc' dir='ltr'>Πυνθανόμενος</span> <span class='ocrx_word' id='word_1_32' title='bbox 498 391 542 422; x_wconf 81' lang='grc' dir='ltr'><strong>δὲ.</strong></span> <span class='ocrx_word' id='word_1_33' title='bbox 566 393 592 419; x_wconf 78' lang='grc' dir='ltr'>εἰ</span> <span class='ocrx_word' id='word_1_34' title='bbox 607 392 721 426; x_wconf 81' lang='grc' dir='ltr'>καθαρὰ</span> <span class='ocrx_word' id='word_1_35' title='bbox 735 392 772 419; x_wconf 83' lang='grc' dir='ltr'>τὰ</span> <span class='ocrx_word' id='word_1_36' title='bbox 787 391 928 427; x_wconf 79' lang='grc' dir='ltr'><strong>παιδάρια</strong></span> <span class='ocrx_word' id='word_1_37' title='bbox 938 392 997 419; x_wconf 79' lang='grc' dir='ltr'><strong>ἀπὸ</strong></span> 
     </span>
    </p>
   </div>
   <div class='ocr_carea' id='block_1_8' title="bbox 207 437 997 474">
    <p class='ocr_par' dir='ltr' id='par_1_8' title="bbox 207 437 997 474">
     <span class='ocr_line' id='line_1_8' title="bbox 207 437 997 474; baseline -0.004 -8"><span class='ocrx_word' id='word_1_38' title='bbox 207 439 360 474; x_wconf 74' lang='grc' dir='ltr'>γυναικός.</span> <span class='ocrx_word' id='word_1_39' title='bbox 388 438 518 473; x_wconf 85' lang='grc' dir='ltr'>Παρέστη</span> <span class='ocrx_word' id='word_1_40' title='bbox 545 442 577 468; x_wconf 82' lang='grc' dir='ltr'>ι,</span> <span class='ocrx_word' id='word_1_41' title='bbox 605 437 646 464; x_wconf 80' lang='grc' dir='ltr'><strong>ὅτι</strong></span> <span class='ocrx_word' id='word_1_42' title='bbox 672 438 689 472; x_wconf 85' lang='grc' dir='ltr'><strong>ἡ</strong></span> <span class='ocrx_word' id='word_1_43' title='bbox 717 437 872 473; x_wconf 82' lang='grc' dir='ltr'><strong>καθαρότης</strong></span> <span class='ocrx_word' id='word_1_44' title='bbox 909 437 956 464; x_wconf 70' lang='grc' dir='ltr'>καὶ</span> <span class='ocrx_word' id='word_1_45' title='bbox 980 438 997 473; x_wconf 84' lang='grc' dir='ltr'>ἡ</span> 
     </span>
    </p>
   </div>
   <div class='ocr_carea' id='block_1_9' title="bbox 208 482 756 518">
    <p class='ocr_par' dir='ltr' id='par_1_9' title="bbox 208 482 756 518">
     <span class='ocr_line' id='line_1_9' title="bbox 208 482 756 518; baseline -0.002 -8"><span class='ocrx_word' id='word_1_46' title='bbox 208 484 307 517; x_wconf 80' lang='grc' dir='ltr'>ἁγνεία</span> <span class='ocrx_word' id='word_1_47' title='bbox 326 483 464 518; x_wconf 75' lang='grc' dir='ltr'><strong>ἰσοτίμους</strong></span> <span class='ocrx_word' id='word_1_48' title='bbox 479 483 536 514; x_wconf 78' lang='grc' dir='ltr'>τοῖς</span> <span class='ocrx_word' id='word_1_49' title='bbox 554 482 657 517; x_wconf 85' lang='grc' dir='ltr'>ίερεῦσι</span> <span class='ocrx_word' id='word_1_50' title='bbox 673 483 756 509; x_wconf 86' lang='grc' dir='ltr'>ποιεῖ.</span> 
     </span>
    </p>
   </div>
   <div class='ocr_carea' id='block_1_10' title="bbox 244 527 997 564">
    <p class='ocr_par' dir='ltr' id='par_1_10' title="bbox 244 527 997 564">
     <span class='ocr_line' id='line_1_10' title="bbox 244 527 997 564; baseline -0.003 -8"><span class='ocrx_word' id='word_1_51' title='bbox 244 529 323 556; x_wconf 78' lang='grc' dir='ltr'>Κατὰ</span> <span class='ocrx_word' id='word_1_52' title='bbox 342 529 479 564; x_wconf 85' lang='grc' dir='ltr'>ὲρώτησιν</span> <span class='ocrx_word' id='word_1_53' title='bbox 497 528 644 562; x_wconf 81' lang='grc' dir='ltr'>ἀνάγνωθι,</span> <span class='ocrx_word' id='word_1_54' title='bbox 666 528 807 554; x_wconf 70' lang='grc' dir='ltr'>τουτέστι*</span> <span class='ocrx_word' id='word_1_55' title='bbox 823 528 879 554; x_wconf 76' lang='grc' dir='ltr'><strong>Καὶ</strong></span> <span class='ocrx_word' id='word_1_56' title='bbox 894 527 997 562; x_wconf 83' lang='grc' dir='ltr'>ταύτην</span> 
     </span>
    </p>
   </div>
   <div class='ocr_carea' id='block_1_11' title="bbox 209 572 998 610">
    <p class='ocr_par' dir='ltr' id='par_1_11' title="bbox 209 572 998 610">
     <span class='ocr_line' id='line_1_11' title="bbox 209 572 998 610; baseline -0.005 -8"><span class='ocrx_word' id='word_1_57' title='bbox 209 576 259 610; x_wconf 77' lang='grc' dir='ltr'>τὴν</span> <span class='ocrx_word' id='word_1_58' title='bbox 273 574 332 602; x_wconf 77' lang='grc' dir='ltr'>ὁδὸν</span> <span class='ocrx_word' id='word_1_59' title='bbox 345 574 455 601; x_wconf 73' lang='grc' dir='ltr'>καλέσαι</span> <span class='ocrx_word' id='word_1_60' title='bbox 467 573 500 600; x_wconf 83' lang='grc' dir='ltr'><strong>ἄν</strong></span> <span class='ocrx_word' id='word_1_61' title='bbox 516 582 558 604; x_wconf 84' lang='grc' dir='ltr'><strong>τις</strong></span> <span class='ocrx_word' id='word_1_62' title='bbox 576 572 690 608; x_wconf 79' lang='grc' dir='ltr'>βέῦηλον</span> <span class='ocrx_word' id='word_1_63' title='bbox 700 593 707 605; x_wconf 87' lang='grc'><strong>,</strong></span> <span class='ocrx_word' id='word_1_64' title='bbox 723 573 783 608; x_wconf 77' lang='grc' dir='ltr'>ἥτις</span> <span class='ocrx_word' id='word_1_65' title='bbox 809 572 939 607; x_wconf 76' lang='grc' dir='ltr'><strong>ἡγίασται</strong></span> <span class='ocrx_word' id='word_1_66' title='bbox 954 572 998 599; x_wconf 77' lang='grc' dir='ltr'><strong>διὰ</strong></span> 
     </span>
    </p>
   </div>
   <div class='ocr_carea' id='block_1_12' title="bbox 209 617 998 655">
    <p class='ocr_par' dir='ltr' id='par_1_12' title="bbox 209 617 998 655">
     <span class='ocr_line' id='line_1_12' title="bbox 209 617 998 655; baseline -0.004 -8"><span class='ocrx_word' id='word_1_67' title='bbox 209 622 244 647; x_wconf 75' lang='grc' dir='ltr'>τὰ</span> <span class='ocrx_word' id='word_1_68' title='bbox 262 619 347 655; x_wconf 81' lang='grc' dir='ltr'>σκεύη</span> <span class='ocrx_word' id='word_1_69' title='bbox 365 628 428 655; x_wconf 89' lang='grc' dir='ltr'>μου,</span> <span class='ocrx_word' id='word_1_70' title='bbox 443 619 567 646; x_wconf 80' lang='grc' dir='ltr'><strong>τουτέστι</strong></span> <span class='ocrx_word' id='word_1_71' title='bbox 589 620 638 653; x_wconf 82' lang='grc' dir='ltr'>τὴν</span> <span class='ocrx_word' id='word_1_72' title='bbox 659 617 798 650; x_wconf 75' lang='grc' dir='ltr'>ἐξόπλισιν</span> <span class='ocrx_word' id='word_1_73' title='bbox 821 626 883 653; x_wconf 85' lang='grc' dir='ltr'>μου.</span> <span class='ocrx_word' id='word_1_74' title='bbox 906 618 998 644; x_wconf 81' lang='grc' dir='ltr'>καὶτὸ</span> 
     </span>
    </p>
   </div>
   <div class='ocr_carea' id='block_1_13' title="bbox 210 663 998 701">
    <p class='ocr_par' dir='ltr' id='par_1_13' title="bbox 210 663 998 701">
     <span class='ocr_line' id='line_1_13' title="bbox 210 663 998 701; baseline -0.004 -9"><span class='ocrx_word' id='word_1_75' title='bbox 210 665 257 692; x_wconf 72' lang='grc' dir='ltr'><strong>ἐπὶ</strong></span> <span class='ocrx_word' id='word_1_76' title='bbox 271 665 390 701; x_wconf 83' lang='grc' dir='ltr'>πόλεμόν</span> <span class='ocrx_word' id='word_1_77' title='bbox 402 664 573 701; x_wconf 76' lang='grc' dir='ltr'>μεᾰπιέναι;</span> <span class='ocrx_word' id='word_1_78' title='bbox 587 664 672 698; x_wconf 86' lang='grc' dir='ltr'>Δῆλον</span> <span class='ocrx_word' id='word_1_79' title='bbox 681 664 714 690; x_wconf 80' lang='grc' dir='ltr'>ἐκ</span> <span class='ocrx_word' id='word_1_80' title='bbox 730 663 838 694; x_wconf 85' lang='grc' dir='ltr'>τούτου,</span> <span class='ocrx_word' id='word_1_81' title='bbox 851 663 887 695; x_wconf 84' lang='grc' dir='ltr'>ὡς</span> <span class='ocrx_word' id='word_1_82' title='bbox 904 671 998 689; x_wconf 80' lang='grc' dir='ltr'>σκευο-</span> 
     </span>
    </p>
   </div>
   <div class='ocr_carea' id='block_1_14' title="bbox 211 709 999 746">
    <p class='ocr_par' dir='ltr' id='par_1_14' title="bbox 211 709 999 746">
     <span class='ocr_line' id='line_1_14' title="bbox 211 709 999 746; baseline -0.003 -9"><span class='ocrx_word' id='word_1_83' title='bbox 211 711 290 746; x_wconf 87' lang='grc' dir='ltr'>φόροι</span> <span class='ocrx_word' id='word_1_84' title='bbox 307 711 383 743; x_wconf 75' lang='grc' dir='ltr'>ὖντες</span> <span class='ocrx_word' id='word_1_85' title='bbox 399 711 424 737; x_wconf 78' lang='lat' dir='ltr'><strong>oi</strong></span> <span class='ocrx_word' id='word_1_86' title='bbox 442 710 546 742; x_wconf 84' lang='grc' dir='ltr'>παῖδες,</span> <span class='ocrx_word' id='word_1_87' title='bbox 564 710 612 736; x_wconf 72' lang='grc' dir='ltr'>καὶ</span> <span class='ocrx_word' id='word_1_88' title='bbox 623 709 657 736; x_wconf 83' lang='grc' dir='ltr'>τὰ</span> <span class='ocrx_word' id='word_1_89' title='bbox 669 709 739 736; x_wconf 83' lang='grc' dir='ltr'>ὅπλα</span> <span class='ocrx_word' id='word_1_90' title='bbox 760 709 843 736; x_wconf 82' lang='grc' dir='ltr'>αὑτοῦ</span> <span class='ocrx_word' id='word_1_91' title='bbox 856 709 999 743; x_wconf 80' lang='grc' dir='ltr'>βαστάζον-</span> 
     </span>
    </p>
   </div>
   <div class='ocr_carea' id='block_1_15' title="bbox 209 754 999 791">
    <p class='ocr_par' dir='ltr' id='par_1_15' title="bbox 209 754 999 791">
     <span class='ocr_line' id='line_1_15' title="bbox 209 754 999 791; baseline -0.003 -8"><span class='ocrx_word' id='word_1_92' title='bbox 209 765 264 790; x_wconf 85' lang='grc' dir='ltr'>τες,</span> <span class='ocrx_word' id='word_1_93' title='bbox 276 756 428 791; x_wconf 76' lang='grc' dir='ltr'>ήγνίξοντο,</span> <span class='ocrx_word' id='word_1_94' title='bbox 443 755 561 788; x_wconf 78' lang='grc' dir='ltr'>ἐξιόντος</span> <span class='ocrx_word' id='word_1_95' title='bbox 574 755 656 782; x_wconf 80' lang='grc' dir='ltr'>αὑτοῦ</span> <span class='ocrx_word' id='word_1_96' title='bbox 670 755 715 781; x_wconf 74' lang='grc' dir='ltr'><strong>ἐπὶ</strong></span> <span class='ocrx_word' id='word_1_97' title='bbox 728 754 846 789; x_wconf 83' lang='grc' dir='ltr'>πόλεμον</span> <span class='ocrx_word' id='word_1_98' title='bbox 857 755 882 781; x_wconf 71' lang='grc' dir='ltr'><strong>δ.</strong></span> <span class='ocrx_word' id='word_1_99' title='bbox 898 755 960 781; x_wconf 82' lang='grc' dir='ltr'>’Ότι</span> <span class='ocrx_word' id='word_1_100' title='bbox 971 755 999 781; x_wconf 80' lang='grc' dir='ltr'>δὲ</span> 
     </span>
    </p>
   </div>
   <div class='ocr_carea' id='block_1_16' title="bbox 209 801 998 838">
    <p class='ocr_par' dir='ltr' id='par_1_16' title="bbox 209 801 998 838">
     <span class='ocr_line' id='line_1_16' title="bbox 209 801 998 838; baseline -0.001 -8"><span class='ocrx_word' id='word_1_101' title='bbox 209 803 244 834; x_wconf 67' lang='lat' dir='ltr'><strong>ta,</strong></span> <span class='ocrx_word' id='word_1_102' title='bbox 257 803 390 838; x_wconf 76' lang='grc' dir='ltr'>παιδάρια</span> <span class='ocrx_word' id='word_1_103' title='bbox 400 802 565 838; x_wconf 78' lang='grc' dir='ltr'>ἠκολούθουν</span> <span class='ocrx_word' id='word_1_104' title='bbox 581 801 655 836; x_wconf 83' lang='grc' dir='ltr'>αὑτῴ</span> <span class='ocrx_word' id='word_1_105' title='bbox 671 801 708 832; x_wconf 82' lang='grc' dir='ltr'>ὼς</span> <span class='ocrx_word' id='word_1_106' title='bbox 724 801 900 836; x_wconf 80' lang='grc' dir='ltr'><strong>σκευοφόροι,</strong></span> <span class='ocrx_word' id='word_1_107' title='bbox 919 801 998 837; x_wconf 77' lang='grc' dir='ltr'>δῆλον</span> 
     </span>
    </p>
   </div>
   <div class='ocr_carea' id='block_1_17' title="bbox 210 848 999 885">
    <p class='ocr_par' dir='ltr' id='par_1_17' title="bbox 210 848 999 885">
     <span class='ocr_line' id='line_1_17' title="bbox 210 848 999 885; baseline 0.003 -11"><span class='ocrx_word' id='word_1_108' title='bbox 210 849 243 875; x_wconf 78' lang='grc' dir='ltr'>ἐκ</span> <span class='ocrx_word' id='word_1_109' title='bbox 253 848 369 881; x_wconf 77' lang='grc' dir='ltr'><strong>πολλῶν,</strong></span> <span class='ocrx_word' id='word_1_110' title='bbox 388 849 434 876; x_wconf 71' lang='grc' dir='ltr'>καὶ</span> <span class='ocrx_word' id='word_1_111' title='bbox 447 848 516 880; x_wconf 81' lang='grc' dir='ltr'>τέως</span> <span class='ocrx_word' id='word_1_112' title='bbox 527 849 560 876; x_wconf 78' lang='grc' dir='ltr'>ἐκ</span> <span class='ocrx_word' id='word_1_113' title='bbox 577 848 626 875; x_wconf 81' lang='grc' dir='ltr'><strong>τοῦ</strong></span> <span class='ocrx_word' id='word_1_114' title='bbox 641 849 734 882; x_wconf 83' lang='grc' dir='ltr'>τέλους</span> <span class='ocrx_word' id='word_1_115' title='bbox 750 850 799 884; x_wconf 90' lang='grc' dir='ltr'>τῆς</span> <span class='ocrx_word' id='word_1_116' title='bbox 817 848 929 885; x_wconf 83' lang='grc' dir='ltr'>πρώτης</span> <span class='ocrx_word' id='word_1_117' title='bbox 945 850 999 876; x_wconf 80' lang='grc' dir='ltr'>τῶν</span> 
     </span>
    </p>
   </div>
   <div class='ocr_carea' id='block_1_18' title="bbox 213 894 999 930">
    <p class='ocr_par' dir='ltr' id='par_1_18' title="bbox 213 894 999 930">
     <span class='ocr_line' id='line_1_18' title="bbox 213 894 999 930; baseline 0.003 -10"><span class='ocrx_word' id='word_1_118' title='bbox 213 894 371 926; x_wconf 82' lang='grc' dir='ltr'>Βασιλειῶν,</span> <span class='ocrx_word' id='word_1_119' title='bbox 399 894 463 921; x_wconf 73' lang='grc' dir='ltr'>ἔνθα</span> <span class='ocrx_word' id='word_1_120' title='bbox 484 894 567 930; x_wconf 81' lang='grc' dir='ltr'>φησί·</span> <span class='ocrx_word' id='word_1_121' title='bbox 587 903 596 921; x_wconf 80' lang='grc' dir='ltr'><strong>ι</strong></span> <span class='ocrx_word' id='word_1_122' title='bbox 614 895 669 922; x_wconf 71' lang='grc' dir='ltr'><strong>Καὶ</strong></span> <span class='ocrx_word' id='word_1_123' title='bbox 693 894 754 922; x_wconf 78' lang='grc' dir='ltr'>εἷπε</span> <span class='ocrx_word' id='word_1_124' title='bbox 771 895 858 922; x_wconf 79' lang='grc' dir='ltr'>Σαοὺλ</span> <span class='ocrx_word' id='word_1_125' title='bbox 872 895 941 930; x_wconf 72' lang='grc' dir='ltr'>πρὸς</span> <span class='ocrx_word' id='word_1_126' title='bbox 954 895 999 923; x_wconf 79' lang='grc' dir='ltr'><strong>τὸν</strong></span> 
     </span>
    </p>
   </div>
   <div class='ocr_carea' id='block_1_19' title="bbox 1049 295 1834 333">
    <p class='ocr_par' dir='ltr' id='par_1_19' title="bbox 1049 295 1834 333">
     <span class='ocr_line' id='line_1_19' title="bbox 1049 295 1834 333; baseline -0.008 -5"><span class='ocrx_word' id='word_1_127' title='bbox 1049 301 1141 328; x_wconf 87' lang='lat' dir='ltr'><strong>cibum</strong></span> <span class='ocrx_word' id='word_1_128' title='bbox 1157 305 1296 332; x_wconf 88' lang='lat' dir='ltr'><strong>sanctum,</strong></span> <span class='ocrx_word' id='word_1_129' title='bbox 1313 302 1340 326; x_wconf 86' lang='lat' dir='ltr'><strong>et</strong></span> <span class='ocrx_word' id='word_1_130' title='bbox 1354 297 1550 333; x_wconf 84' lang='lat' dir='ltr'><strong>pontiﬁcalem,</strong></span> <span class='ocrx_word' id='word_1_131' title='bbox 1567 296 1628 331; x_wconf 86' lang='lat' dir='ltr'><strong>plus</strong></span> <span class='ocrx_word' id='word_1_132' title='bbox 1640 302 1721 330; x_wconf 87' lang='lat' dir='ltr'><strong>quam</strong></span> <span class='ocrx_word' id='word_1_133' title='bbox 1737 295 1834 330; x_wconf 77' lang='lat' dir='ltr'><strong>vulgus</strong></span> 
     </span>
    </p>
   </div>
   <div class='ocr_carea' id='block_1_20' title="bbox 1049 345 1183 380">
    <p class='ocr_par' dir='ltr' id='par_1_20' title="bbox 1049 345 1183 380">
     <span class='ocr_line' id='line_1_20' title="bbox 1049 345 1183 380; baseline -0.007 -7"><span class='ocrx_word' id='word_1_134' title='bbox 1049 345 1183 380; x_wconf 74' lang='lat' dir='ltr'><strong>sapiebat.</strong></span> 
     </span>
    </p>
   </div>
   <div class='ocr_carea' id='block_1_21' title="bbox 1084 384 1836 422">
    <p class='ocr_par' dir='ltr' id='par_1_21' title="bbox 1084 384 1836 422">
     <span class='ocr_line' id='line_1_21' title="bbox 1084 384 1836 422; baseline -0.011 -5"><span class='ocrx_word' id='word_1_135' title='bbox 1084 390 1169 418; x_wconf 74' lang='lat' dir='ltr'><strong>Vens.</strong></span> <span class='ocrx_word' id='word_1_136' title='bbox 1186 389 1213 416; x_wconf 72' lang='grc'><strong>4.</strong></span> <span class='ocrx_word' id='word_1_137' title='bbox 1240 389 1425 422; x_wconf 74' lang='lat' dir='ltr'><strong>Interrogans,</strong></span> <span class='ocrx_word' id='word_1_138' title='bbox 1451 395 1486 414; x_wconf 86' lang='lat' dir='ltr'><strong>an</strong></span> <span class='ocrx_word' id='word_1_139' title='bbox 1508 386 1569 421; x_wconf 82' lang='lat' dir='ltr'><strong>puri</strong></span> <span class='ocrx_word' id='word_1_140' title='bbox 1593 394 1608 412; x_wconf 79' lang='grc' dir='ltr'><strong>ιι</strong></span> <span class='ocrx_word' id='word_1_141' title='bbox 1623 385 1734 412; x_wconf 86' lang='lat' dir='ltr'><strong>muliere</strong></span> <span class='ocrx_word' id='word_1_142' title='bbox 1760 384 1836 418; x_wconf 83' lang='lat' dir='ltr'><strong>pueri</strong></span> 
     </span>
    </p>
   </div>
   <div class='ocr_carea' id='block_1_22' title="bbox 1048 427 1834 464">
    <p class='ocr_par' dir='ltr' id='par_1_22' title="bbox 1048 427 1834 464">
     <span class='ocr_line' id='line_1_22' title="bbox 1048 427 1834 464; baseline -0.013 0"><span class='ocrx_word' id='word_1_143' title='bbox 1048 435 1280 464; x_wconf 77' lang='lat' dir='ltr'><strong>essenl.05tendit</strong></span> <span class='ocrx_word' id='word_1_144' title='bbox 1293 432 1469 461; x_wconf 88' lang='lat' dir='ltr'><strong>sanctitatem</strong></span> <span class='ocrx_word' id='word_1_145' title='bbox 1492 436 1521 459; x_wconf 87' lang='lat' dir='ltr'><strong>et</strong></span> <span class='ocrx_word' id='word_1_146' title='bbox 1533 430 1726 458; x_wconf 70' lang='lat' dir='ltr'><strong>castimoniam</strong></span> <span class='ocrx_word' id='word_1_147' title='bbox 1739 427 1834 456; x_wconf 88' lang='lat' dir='ltr'><strong>eodem</strong></span> 
     </span>
    </p>
   </div>
   <div class='ocr_carea' id='block_1_23' title="bbox 1050 474 1746 515">
    <p class='ocr_par' dir='ltr' id='par_1_23' title="bbox 1050 474 1746 515">
     <span class='ocr_line' id='line_1_23' title="bbox 1050 474 1746 515; baseline -0.013 -6"><span class='ocrx_word' id='word_1_148' title='bbox 1050 490 1100 509; x_wconf 89' lang='lat' dir='ltr'><strong>nos</strong></span> <span class='ocrx_word' id='word_1_149' title='bbox 1116 489 1178 509; x_wconf 90' lang='lat' dir='ltr'><strong>cum</strong></span> <span class='ocrx_word' id='word_1_150' title='bbox 1197 479 1374 515; x_wconf 83' lang='lat' dir='ltr'><strong>pontiﬁcibus</strong></span> <span class='ocrx_word' id='word_1_151' title='bbox 1392 478 1495 505; x_wconf 84' lang='lat' dir='ltr'><strong>honore</strong></span> <span class='ocrx_word' id='word_1_152' title='bbox 1515 475 1616 510; x_wconf 72' lang='lat' dir='ltr'><strong>dignos</strong></span> <span class='ocrx_word' id='word_1_153' title='bbox 1628 474 1746 502; x_wconf 81' lang='lat' dir='ltr'><strong>eﬂicere.</strong></span> 
     </span>
    </p>
   </div>
   <div class='ocr_carea' id='block_1_24' title="bbox 1086 516 1834 560">
    <p class='ocr_par' dir='ltr' id='par_1_24' title="bbox 1086 516 1834 560">
     <span class='ocr_line' id='line_1_24' title="bbox 1086 516 1834 560; baseline -0.015 -7"><span class='ocrx_word' id='word_1_154' title='bbox 1086 524 1284 560; x_wconf 80' lang='lat' dir='ltr'><strong>Inlet&#39;t&#39;ogando</strong></span> <span class='ocrx_word' id='word_1_155' title='bbox 1305 524 1361 551; x_wconf 58' lang='lat' dir='ltr'><strong>haec</strong></span> <span class='ocrx_word' id='word_1_156' title='bbox 1380 522 1456 553; x_wconf 80' lang='lat' dir='ltr'><strong>eﬂ&#39;er,</strong></span> <span class='ocrx_word' id='word_1_157' title='bbox 1482 520 1557 548; x_wconf 85' lang='lat' dir='ltr'><strong>hunc</strong></span> <span class='ocrx_word' id='word_1_158' title='bbox 1574 520 1601 547; x_wconf 91' lang='lat' dir='ltr'><strong>in</strong></span> <span class='ocrx_word' id='word_1_159' title='bbox 1618 519 1748 546; x_wconf 88' lang='lat' dir='ltr'><strong>modum:</strong></span> <span class='ocrx_word' id='word_1_160' title='bbox 1764 516 1834 544; x_wconf 88' lang='lat' dir='ltr'><strong>Num</strong></span> 
     </span>
    </p>
   </div>
   <div class='ocr_carea' id='block_1_25' title="bbox 1049 565 1836 607">
    <p class='ocr_par' dir='ltr' id='par_1_25' title="bbox 1049 565 1836 607">
     <span class='ocr_line' id='line_1_25' title="bbox 1049 565 1836 607; baseline -0.014 -8"><span class='ocrx_word' id='word_1_161' title='bbox 1049 572 1111 607; x_wconf 84' lang='lat' dir='ltr'><strong>quis</strong></span> <span class='ocrx_word' id='word_1_162' title='bbox 1127 570 1268 606; x_wconf 82' lang='lat' dir='ltr'><strong>profanam</strong></span> <span class='ocrx_word' id='word_1_163' title='bbox 1286 567 1464 604; x_wconf 87' lang='lat' dir='ltr'><strong>appellaverit</strong></span> <span class='ocrx_word' id='word_1_164' title='bbox 1491 566 1562 593; x_wconf 85' lang='lat' dir='ltr'><strong>hanc</strong></span> <span class='ocrx_word' id='word_1_165' title='bbox 1591 565 1674 597; x_wconf 83' lang='lat' dir='ltr'><strong>viam,</strong></span> <span class='ocrx_word' id='word_1_166' title='bbox 1690 571 1750 599; x_wconf 64' lang='lat' dir='ltr'><strong>quae</strong></span> <span class='ocrx_word' id='word_1_167' title='bbox 1773 570 1836 590; x_wconf 85' lang='lat' dir='ltr'><strong>san-</strong></span> 
     </span>
    </p>
   </div>
   <div class='ocr_carea' id='block_1_26' title="bbox 1049 611 1835 649">
    <p class='ocr_par' dir='ltr' id='par_1_26' title="bbox 1049 611 1835 649">
     <span class='ocr_line' id='line_1_26' title="bbox 1049 611 1835 649; baseline -0.014 -5"><span class='ocrx_word' id='word_1_168' title='bbox 1049 615 1167 645; x_wconf 76' lang='lat' dir='ltr'><strong>ctiﬁcata</strong></span> <span class='ocrx_word' id='word_1_169' title='bbox 1183 620 1279 649; x_wconf 87' lang='lat' dir='ltr'><strong>estpcr</strong></span> <span class='ocrx_word' id='word_1_170' title='bbox 1294 621 1357 640; x_wconf 79' lang='lat' dir='ltr'><strong>vasa</strong></span> <span class='ocrx_word' id='word_1_171' title='bbox 1374 620 1444 643; x_wconf 86' lang='lat' dir='ltr'><strong>mea,</strong></span> <span class='ocrx_word' id='word_1_172' title='bbox 1462 611 1488 639; x_wconf 89' lang='lat' dir='ltr'><strong>id</strong></span> <span class='ocrx_word' id='word_1_173' title='bbox 1501 615 1541 638; x_wconf 90' lang='lat' dir='ltr'><strong>cst</strong></span> <span class='ocrx_word' id='word_1_174' title='bbox 1556 613 1724 637; x_wconf 89' lang='lat' dir='ltr'><strong>armaturam</strong></span> <span class='ocrx_word' id='word_1_175' title='bbox 1737 616 1835 638; x_wconf 86' lang='lat' dir='ltr'><strong>meam,</strong></span> 
     </span>
    </p>
   </div>
   <div class='ocr_carea' id='block_1_27' title="bbox 1049 654 1836 694">
    <p class='ocr_par' dir='ltr' id='par_1_27' title="bbox 1049 654 1836 694">
     <span class='ocr_line' id='line_1_27' title="bbox 1049 654 1836 694; baseline -0.013 -5"><span class='ocrx_word' id='word_1_176' title='bbox 1049 669 1101 689; x_wconf 88' lang='lat' dir='ltr'><strong>nec</strong></span> <span class='ocrx_word' id='word_1_177' title='bbox 1118 668 1173 688; x_wconf 90' lang='lat' dir='ltr'><strong>non</strong></span> <span class='ocrx_word' id='word_1_178' title='bbox 1188 667 1220 687; x_wconf 87' lang='lat' dir='ltr'><strong>eo</strong></span> <span class='ocrx_word' id='word_1_179' title='bbox 1238 659 1309 694; x_wconf 90' lang='lat' dir='ltr'><strong>quod</strong></span> <span class='ocrx_word' id='word_1_180' title='bbox 1326 658 1359 684; x_wconf 84' lang='lat' dir='ltr'><strong>ad</strong></span> <span class='ocrx_word' id='word_1_181' title='bbox 1375 658 1477 684; x_wconf 86' lang='lat' dir='ltr'><strong>bellum</strong></span> <span class='ocrx_word' id='word_1_182' title='bbox 1495 655 1657 691; x_wconf 79' lang='lat' dir='ltr'><strong>proﬁciscor</strong></span> <span class='ocrx_word' id='word_1_183' title='bbox 1670 663 1677 682; x_wconf 94' lang='lat'><strong>-.</strong></span> <span class='ocrx_word' id='word_1_184' title='bbox 1691 654 1763 680; x_wconf 89' lang='lat' dir='ltr'><strong>unde</strong></span> <span class='ocrx_word' id='word_1_185' title='bbox 1786 661 1836 686; x_wconf 86' lang='lat' dir='ltr'><strong>ap-</strong></span> 
     </span>
    </p>
   </div>
   <div class='ocr_carea' id='block_1_28' title="bbox 1048 699 1835 742">
    <p class='ocr_par' dir='ltr' id='par_1_28' title="bbox 1048 699 1835 742">
     <span class='ocr_line' id='line_1_28' title="bbox 1048 699 1835 742; baseline -0.014 -7"><span class='ocrx_word' id='word_1_186' title='bbox 1048 711 1127 742; x_wconf 88' lang='lat' dir='ltr'><strong>paret</strong></span> <span class='ocrx_word' id='word_1_187' title='bbox 1149 713 1245 734; x_wconf 87' lang='lat' dir='ltr'><strong>servos</strong></span> <span class='ocrx_word' id='word_1_188' title='bbox 1269 705 1330 739; x_wconf 80' lang='lat' dir='ltr'><strong>ejus</strong></span> <span class='ocrx_word' id='word_1_189' title='bbox 1351 703 1411 739; x_wconf 90' lang='lat' dir='ltr'><strong>qui,</strong></span> <span class='ocrx_word' id='word_1_190' title='bbox 1434 703 1494 738; x_wconf 86' lang='lat' dir='ltr'><strong>ipso</strong></span> <span class='ocrx_word' id='word_1_191' title='bbox 1511 702 1542 728; x_wconf 88' lang='lat' dir='ltr'><strong>ad</strong></span> <span class='ocrx_word' id='word_1_192' title='bbox 1563 700 1717 728; x_wconf 80' lang='lat' dir='ltr'><strong>faciendum</strong></span> <span class='ocrx_word' id='word_1_193' title='bbox 1735 699 1835 726; x_wconf 85' lang='lat' dir='ltr'><strong>bellum</strong></span> 
     </span>
    </p>
   </div>
   <div class='ocr_carea' id='block_1_29' title="bbox 1050 745 1835 788">
    <p class='ocr_par' dir='ltr' id='par_1_29' title="bbox 1050 745 1835 788">
     <span class='ocr_line' id='line_1_29' title="bbox 1050 745 1835 788; baseline -0.011 -9"><span class='ocrx_word' id='word_1_194' title='bbox 1050 752 1259 788; x_wconf 78' lang='lat' dir='ltr'><strong>progrediente,</strong></span> <span class='ocrx_word' id='word_1_195' title='bbox 1281 757 1346 777; x_wconf 88' lang='lat' dir='ltr'><strong>vasa</strong></span> <span class='ocrx_word' id='word_1_196' title='bbox 1375 754 1458 784; x_wconf 87' lang='lat' dir='ltr'><strong>atque</strong></span> <span class='ocrx_word' id='word_1_197' title='bbox 1479 754 1555 774; x_wconf 87' lang='lat' dir='ltr'><strong>arma</strong></span> <span class='ocrx_word' id='word_1_198' title='bbox 1579 747 1640 781; x_wconf 86' lang='lat' dir='ltr'><strong>ejus</strong></span> <span class='ocrx_word' id='word_1_199' title='bbox 1670 745 1835 780; x_wconf 81' lang='lat' dir='ltr'><strong>portabant.</strong></span> 
     </span>
    </p>
   </div>
   <div class='ocr_carea' id='block_1_30' title="bbox 1050 789 1837 827">
    <p class='ocr_par' dir='ltr' id='par_1_30' title="bbox 1050 789 1837 827">
     <span class='ocr_line' id='line_1_30' title="bbox 1050 789 1837 827; baseline -0.011 -2"><span class='ocrx_word' id='word_1_200' title='bbox 1050 797 1238 826; x_wconf 78' lang='lat' dir='ltr'><strong>sanctiﬁcatos</strong></span> <span class='ocrx_word' id='word_1_201' title='bbox 1275 803 1346 823; x_wconf 89' lang='lat' dir='ltr'><strong>esse.</strong></span> <span class='ocrx_word' id='word_1_202' title='bbox 1380 793 1458 827; x_wconf 87' lang='lat' dir='ltr'><strong>Quod</strong></span> <span class='ocrx_word' id='word_1_203' title='bbox 1487 797 1578 820; x_wconf 88' lang='lat' dir='ltr'><strong>autem</strong></span> <span class='ocrx_word' id='word_1_204' title='bbox 1611 790 1735 819; x_wconf 85' lang='lat' dir='ltr'><strong>nonnulli</strong></span> <span class='ocrx_word' id='word_1_205' title='bbox 1764 789 1837 818; x_wconf 85' lang='lat' dir='ltr'><strong>servi</strong></span> 
     </span>
    </p>
   </div>
   <div class='ocr_carea' id='block_1_31' title="bbox 1049 836 1837 879">
    <p class='ocr_par' dir='ltr' id='par_1_31' title="bbox 1049 836 1837 879">
     <span class='ocr_line' id='line_1_31' title="bbox 1049 836 1837 879; baseline -0.014 -7"><span class='ocrx_word' id='word_1_206' title='bbox 1049 844 1140 879; x_wconf 89' lang='lat' dir='ltr'><strong>ipsum</strong></span> <span class='ocrx_word' id='word_1_207' title='bbox 1153 842 1242 870; x_wconf 90' lang='lat' dir='ltr'><strong>secuti</strong></span> <span class='ocrx_word' id='word_1_208' title='bbox 1258 841 1314 868; x_wconf 91' lang='lat' dir='ltr'><strong>sint</strong></span> <span class='ocrx_word' id='word_1_209' title='bbox 1328 847 1392 867; x_wconf 87' lang='lat' dir='ltr'><strong>vasa</strong></span> <span class='ocrx_word' id='word_1_210' title='bbox 1405 842 1555 875; x_wconf 75' lang='lat' dir='ltr'><strong>gestantes,</strong></span> <span class='ocrx_word' id='word_1_211' title='bbox 1571 843 1669 872; x_wconf 68' lang='lat' dir='ltr'><strong>praeter</strong></span> <span class='ocrx_word' id='word_1_212' title='bbox 1684 836 1768 863; x_wconf 89' lang='lat' dir='ltr'><strong>multa</strong></span> <span class='ocrx_word' id='word_1_213' title='bbox 1785 836 1837 862; x_wconf 84' lang='lat' dir='ltr'><strong>alia</strong></span> 
     </span>
    </p>
   </div>
   <div class='ocr_carea' id='block_1_32' title="bbox 1049 880 1838 920">
    <p class='ocr_par' dir='ltr' id='par_1_32' title="bbox 1049 880 1838 920">
     <span class='ocr_line' id='line_1_32' title="bbox 1049 880 1838 920; baseline -0.013 -3"><span class='ocrx_word' id='word_1_214' title='bbox 1049 889 1254 917; x_wconf 84' lang='lat' dir='ltr'><strong>demonstratur</strong></span> <span class='ocrx_word' id='word_1_215' title='bbox 1264 894 1295 914; x_wconf 76' lang='lat' dir='ltr'><strong>ex</strong></span> <span class='ocrx_word' id='word_1_216' title='bbox 1306 886 1358 913; x_wconf 77' lang='lat' dir='ltr'><strong>[inc</strong></span> <span class='ocrx_word' id='word_1_217' title='bbox 1367 884 1449 920; x_wconf 80' lang='lat' dir='ltr'><strong>primi</strong></span> <span class='ocrx_word' id='word_1_218' title='bbox 1460 883 1616 918; x_wconf 75' lang='lat' dir='ltr'><strong>Regnmum</strong></span> <span class='ocrx_word' id='word_1_219' title='bbox 1627 882 1702 912; x_wconf 85' lang='lat' dir='ltr'><strong>libri,</strong></span> <span class='ocrx_word' id='word_1_220' title='bbox 1715 881 1761 908; x_wconf 91' lang='lat' dir='ltr'><strong>ubi</strong></span> <span class='ocrx_word' id='word_1_221' title='bbox 1773 880 1838 915; x_wconf 78' lang='lat' dir='ltr'><strong>legi-</strong></span> 
     </span>
    </p>
   </div>
   <div class='ocr_carea' id='block_1_33' title="bbox 212 926 1003 977">
    <p class='ocr_par' dir='ltr' id='par_1_33' title="bbox 212 926 998 977">
     <span class='ocr_line' id='line_1_33' title="bbox 212 926 998 977; baseline 0.003 -11"><span class='ocrx_word' id='word_1_222' title='bbox 212 939 325 975; x_wconf 76' lang='grc' dir='ltr'>αἴροντα</span> <span class='ocrx_word' id='word_1_223' title='bbox 338 939 373 966; x_wconf 89' lang='grc' dir='ltr'>τὰ</span> <span class='ocrx_word' id='word_1_224' title='bbox 392 940 477 976; x_wconf 83' lang='grc' dir='ltr'>σκεύη</span> <span class='ocrx_word' id='word_1_225' title='bbox 490 926 574 967; x_wconf 74' lang='grc' dir='ltr'>αῦτοῦ</span> <span class='ocrx_word' id='word_1_226' title='bbox 585 940 707 968; x_wconf 82' lang='grc' dir='ltr'>’Σπάσαι</span> <span class='ocrx_word' id='word_1_227' title='bbox 730 941 781 977; x_wconf 86' lang='grc' dir='ltr'>τὴν</span> <span class='ocrx_word' id='word_1_228' title='bbox 800 926 937 977; x_wconf 73' lang='grc' dir='ltr'>ῥομφαίαν</span> <span class='ocrx_word' id='word_1_229' title='bbox 952 950 998 968; x_wconf 89' lang='grc' dir='ltr'><strong>σου</strong></span> 
     </span>
    </p>
   </div>
   <div class='ocr_carea' id='block_1_34' title="bbox 1055 926 1838 977">
    <p class='ocr_par' dir='ltr' id='par_1_34' title="bbox 1055 928 1838 962">
     <span class='ocr_line' id='line_1_34' title="bbox 1055 928 1838 962; baseline -0.014 0"><span class='ocrx_word' id='word_1_230' title='bbox 1055 939 1114 962; x_wconf 83' lang='lat' dir='ltr'><strong>tur:</strong></span> <span class='ocrx_word' id='word_1_231' title='bbox 1132 943 1141 959; x_wconf 78' lang='grc' dir='ltr'><strong>ι</strong></span> <span class='ocrx_word' id='word_1_232' title='bbox 1162 933 1195 960; x_wconf 85' lang='lat' dir='ltr'><strong>Et</strong></span> <span class='ocrx_word' id='word_1_233' title='bbox 1206 932 1274 960; x_wconf 87' lang='lat' dir='ltr'><strong>dixit</strong></span> <span class='ocrx_word' id='word_1_234' title='bbox 1293 931 1359 958; x_wconf 88' lang='lat' dir='ltr'><strong>Saul</strong></span> <span class='ocrx_word' id='word_1_235' title='bbox 1372 930 1404 957; x_wconf 86' lang='lat' dir='ltr'><strong>ad</strong></span> <span class='ocrx_word' id='word_1_236' title='bbox 1420 937 1481 957; x_wconf 87' lang='lat' dir='ltr'><strong>eum</strong></span> <span class='ocrx_word' id='word_1_237' title='bbox 1503 929 1549 962; x_wconf 91' lang='lat' dir='ltr'><strong>qui</strong></span> <span class='ocrx_word' id='word_1_238' title='bbox 1564 928 1651 962; x_wconf 86' lang='lat' dir='ltr'><strong>ipsius</strong></span> <span class='ocrx_word' id='word_1_239' title='bbox 1665 933 1730 954; x_wconf 84' lang='lat' dir='ltr'><strong>vasa</strong></span> <span class='ocrx_word' id='word_1_240' title='bbox 1743 930 1838 961; x_wconf 87' lang='lat' dir='ltr'><strong>porta-</strong></span> 
     </span>
    </p>
   </div>
   <div class='ocr_carea' id='block_1_35' title="bbox 213 986 1000 1022">
    <p class='ocr_par' dir='ltr' id='par_1_35' title="bbox 213 986 1000 1022">
     <span class='ocr_line' id='line_1_35' title="bbox 213 986 1000 1022; baseline 0.003 -10"><span class='ocrx_word' id='word_1_241' title='bbox 213 986 260 1012; x_wconf 81' lang='grc' dir='ltr'>καὶ</span> <span class='ocrx_word' id='word_1_242' title='bbox 276 986 462 1021; x_wconf 81' lang='grc' dir='ltr'>ἀποκέντησόν</span> <span class='ocrx_word' id='word_1_243' title='bbox 480 994 513 1021; x_wconf 87' lang='grc' dir='ltr'><strong>με</strong></span> <span class='ocrx_word' id='word_1_244' title='bbox 532 987 561 1013; x_wconf 85' lang='grc' dir='ltr'>ὲν</span> <span class='ocrx_word' id='word_1_245' title='bbox 580 986 661 1022; x_wconf 80' lang='grc' dir='ltr'>αὐτῇ.</span> <span class='ocrx_word' id='word_1_246' title='bbox 683 996 692 1014; x_wconf 86' lang='grc' dir='ltr'><strong>ι</strong></span> <span class='ocrx_word' id='word_1_247' title='bbox 711 987 766 1016; x_wconf 77' lang='grc' dir='ltr'><strong>Καὶ</strong></span> <span class='ocrx_word' id='word_1_248' title='bbox 784 987 861 1021; x_wconf 83' lang='grc' dir='ltr'>παρὰ</span> <span class='ocrx_word' id='word_1_249' title='bbox 878 987 908 1013; x_wconf 88' lang='grc' dir='ltr'><strong>τὺ</strong></span> <span class='ocrx_word' id='word_1_250' title='bbox 925 987 1000 1020; x_wconf 83' lang='grc' dir='ltr'>τέλος</span> 
     </span>
    </p>
   </div>
   <div class='ocr_carea' id='block_1_36' title="bbox 212 1031 1001 1069">
    <p class='ocr_par' dir='ltr' id='par_1_36' title="bbox 212 1031 1001 1069">
     <span class='ocr_line' id='line_1_36' title="bbox 212 1031 1001 1069; baseline 0.003 -11"><span class='ocrx_word' id='word_1_251' title='bbox 212 1033 263 1067; x_wconf 78' lang='grc' dir='ltr'>τῆς</span> <span class='ocrx_word' id='word_1_252' title='bbox 276 1031 406 1067; x_wconf 78' lang='grc' dir='ltr'>δευτέρας</span> <span class='ocrx_word' id='word_1_253' title='bbox 420 1032 503 1068; x_wconf 73' lang='grc' dir='ltr'>φησὶν</span> <span class='ocrx_word' id='word_1_254' title='bbox 516 1033 545 1060; x_wconf 80' lang='grc' dir='ltr'>ὲν</span> <span class='ocrx_word' id='word_1_255' title='bbox 564 1035 595 1069; x_wconf 88' lang='grc' dir='ltr'>τῇ</span> <span class='ocrx_word' id='word_1_256' title='bbox 609 1033 798 1069; x_wconf 68' lang='grc' dir='ltr'><strong>ἀπαριθμήσει</strong></span> <span class='ocrx_word' id='word_1_257' title='bbox 811 1033 865 1060; x_wconf 88' lang='grc' dir='ltr'><strong>τῶν</strong></span> <span class='ocrx_word' id='word_1_258' title='bbox 879 1033 1001 1060; x_wconf 81' lang='grc' dir='ltr'>δυνατῶν</span> 
     </span>
    </p>
   </div>
   <div class='ocr_carea' id='block_1_37' title="bbox 164 1078 1000 1115">
    <p class='ocr_par' dir='ltr' id='par_1_37' title="bbox 164 1078 1000 1115">
     <span class='ocr_line' id='line_1_37' title="bbox 164 1078 1000 1115; baseline 0.001 -11"><span class='ocrx_word' id='word_1_259' title='bbox 164 1097 167 1099; x_wconf 88' lang='grc'><strong><em>-</em></strong></span> <span class='ocrx_word' id='word_1_260' title='bbox 212 1078 260 1104; x_wconf 80' lang='grc' dir='ltr'><strong>τοῦ</strong></span> <span class='ocrx_word' id='word_1_261' title='bbox 275 1078 376 1105; x_wconf 76' lang='grc' dir='ltr'>Δαῦίδο</span> <span class='ocrx_word' id='word_1_262' title='bbox 395 1088 405 1105; x_wconf 87' lang='grc'><strong><em>‹</em></strong></span> <span class='ocrx_word' id='word_1_263' title='bbox 423 1079 529 1114; x_wconf 80' lang='grc' dir='ltr'>Γελωρὲ</span> <span class='ocrx_word' id='word_1_264' title='bbox 541 1079 556 1106; x_wconf 82' lang='grc' dir='ltr'><strong>ὁ</strong></span> <span class='ocrx_word' id='word_1_265' title='bbox 578 1079 736 1114; x_wconf 82' lang='grc' dir='ltr'>Βηρωθαῖος</span> <span class='ocrx_word' id='word_1_266' title='bbox 755 1079 842 1115; x_wconf 68' lang='grc' dir='ltr'>αἴρων</span> <span class='ocrx_word' id='word_1_267' title='bbox 865 1080 899 1106; x_wconf 77' lang='grc' dir='ltr'>τὰ</span> <span class='ocrx_word' id='word_1_268' title='bbox 915 1080 1000 1114; x_wconf 84' lang='grc' dir='ltr'>σκεύη</span> 
     </span>
    </p>
   </div>
   <div class='ocr_carea' id='block_1_38' title="bbox 220 1123 1001 1160">
    <p class='ocr_par' dir='ltr' id='par_1_38' title="bbox 220 1123 1001 1160">
     <span class='ocr_line' id='line_1_38' title="bbox 220 1123 1001 1160; baseline 0 -10"><span class='ocrx_word' id='word_1_269' title='bbox 220 1123 299 1150; x_wconf 79' lang='grc' dir='ltr'><strong>Ἰωὰὸ</strong></span> <span class='ocrx_word' id='word_1_270' title='bbox 316 1123 374 1150; x_wconf 78' lang='grc' dir='ltr'>υἱοῦ</span> <span class='ocrx_word' id='word_1_271' title='bbox 399 1124 528 1160; x_wconf 82' lang='grc' dir='ltr'>Σαρουῖα.</span> <span class='ocrx_word' id='word_1_272' title='bbox 547 1134 557 1151; x_wconf 85' lang='grc' dir='ltr'><strong>ι</strong></span> <span class='ocrx_word' id='word_1_273' title='bbox 584 1124 670 1151; x_wconf 90' lang='grc' dir='ltr'>Τοῦτο</span> <span class='ocrx_word' id='word_1_274' title='bbox 692 1123 740 1151; x_wconf 84' lang='grc' dir='ltr'>οὖν</span> <span class='ocrx_word' id='word_1_275' title='bbox 765 1125 839 1158; x_wconf 85' lang='grc' dir='ltr'>λέγει</span> <span class='ocrx_word' id='word_1_276' title='bbox 855 1124 972 1152; x_wconf 76' lang='grc' dir='ltr'>ἐνταῦθα</span> <span class='ocrx_word' id='word_1_277' title='bbox 987 1124 1001 1150; x_wconf 76' lang='grc' dir='ltr'>ὁ</span> 
     </span>
    </p>
   </div>
   <div class='ocr_carea' id='block_1_39' title="bbox 215 1169 1002 1204">
    <p class='ocr_par' dir='ltr' id='par_1_39' title="bbox 215 1169 1002 1204">
     <span class='ocr_line' id='line_1_39' title="bbox 215 1169 1002 1204; baseline 0.001 -9"><span class='ocrx_word' id='word_1_278' title='bbox 215 1169 314 1196; x_wconf 80' lang='grc' dir='ltr'>Δαὸίδ·</span> <span class='ocrx_word' id='word_1_279' title='bbox 331 1169 505 1204; x_wconf 81' lang='grc' dir='ltr'>Ἦγνισμένοι</span> <span class='ocrx_word' id='word_1_280' title='bbox 521 1169 589 1196; x_wconf 78' lang='grc' dir='ltr'>εἰσὶν</span> <span class='ocrx_word' id='word_1_281' title='bbox 604 1170 629 1196; x_wconf 91' lang='grc' dir='ltr'><strong>οί</strong></span> <span class='ocrx_word' id='word_1_282' title='bbox 647 1169 754 1201; x_wconf 82' lang='grc' dir='ltr'>παῖδες,</span> <span class='ocrx_word' id='word_1_283' title='bbox 771 1170 815 1196; x_wconf 74' lang='grc' dir='ltr'><strong>διὰ</strong></span> <span class='ocrx_word' id='word_1_284' title='bbox 825 1169 855 1196; x_wconf 81' lang='grc' dir='ltr'><strong>τὸ</strong></span> <span class='ocrx_word' id='word_1_285' title='bbox 873 1170 1002 1203; x_wconf 68' lang='grc' dir='ltr'>σκευοφό-</span> 
     </span>
    </p>
   </div>
   <div class='ocr_carea' id='block_1_40' title="bbox 217 1213 1001 1251">
    <p class='ocr_par' dir='ltr' id='par_1_40' title="bbox 217 1213 1001 1251">
     <span class='ocr_line' id='line_1_40' title="bbox 217 1213 1001 1251; baseline 0.001 -9"><span class='ocrx_word' id='word_1_286' title='bbox 217 1224 281 1251; x_wconf 91' lang='grc' dir='ltr'>ρους</span> <span class='ocrx_word' id='word_1_287' title='bbox 299 1215 398 1248; x_wconf 85' lang='grc' dir='ltr'>αὐτοὺς</span> <span class='ocrx_word' id='word_1_288' title='bbox 408 1213 488 1249; x_wconf 78' lang='grc' dir='ltr'>εἴναι,</span> <span class='ocrx_word' id='word_1_289' title='bbox 506 1217 530 1242; x_wconf 88' lang='grc' dir='ltr'><strong>εί</strong></span> <span class='ocrx_word' id='word_1_290' title='bbox 545 1215 637 1243; x_wconf 75' lang='grc' dir='ltr'>καὶτὰ</span> <span class='ocrx_word' id='word_1_291' title='bbox 649 1216 766 1250; x_wconf 88' lang='grc' dir='ltr'>μάλιστα</span> <span class='ocrx_word' id='word_1_292' title='bbox 777 1216 824 1243; x_wconf 91' lang='grc' dir='ltr'><strong>νῦν</strong></span> <span class='ocrx_word' id='word_1_293' title='bbox 836 1216 880 1243; x_wconf 83' lang='grc' dir='ltr'><strong>διὰ</strong></span> <span class='ocrx_word' id='word_1_294' title='bbox 893 1217 923 1243; x_wconf 78' lang='grc' dir='ltr'>τὸ</span> <span class='ocrx_word' id='word_1_295' title='bbox 935 1216 1001 1250; x_wconf 85' lang='grc' dir='ltr'>φεύ-</span> 
     </span>
    </p>
   </div>
   <div class='ocr_carea' id='block_1_41' title="bbox 217 1259 710 1295">
    <p class='ocr_par' dir='ltr' id='par_1_41' title="bbox 217 1259 710 1295">
     <span class='ocr_line' id='line_1_41' title="bbox 217 1259 710 1295; baseline 0.002 -9"><span class='ocrx_word' id='word_1_296' title='bbox 217 1268 286 1293; x_wconf 87' lang='grc' dir='ltr'>γειν,</span> <span class='ocrx_word' id='word_1_297' title='bbox 303 1259 373 1286; x_wconf 78' lang='grc' dir='ltr'>ὅπλα</span> <span class='ocrx_word' id='word_1_298' title='bbox 383 1259 434 1286; x_wconf 84' lang='grc' dir='ltr'>οὐκ</span> <span class='ocrx_word' id='word_1_299' title='bbox 448 1259 608 1295; x_wconf 74' lang='grc' dir='ltr'>ἐπεφέρετο.</span> <span class='ocrx_word' id='word_1_300' title='bbox 626 1259 657 1287; x_wconf 88' lang='lat' dir='ltr'><strong>C.</strong></span> <span class='ocrx_word' id='word_1_301' title='bbox 678 1259 710 1286; x_wconf 91' lang='lat' dir='ltr'><strong>L.</strong></span> 
     </span>
    </p>
   </div>
   <div class='ocr_carea' id='block_1_42' title="bbox 251 1304 1004 1341">
    <p class='ocr_par' dir='ltr' id='par_1_42' title="bbox 251 1304 1004 1341">
     <span class='ocr_line' id='line_1_42' title="bbox 251 1304 1004 1341; baseline 0 -10"><span class='ocrx_word' id='word_1_302' title='bbox 251 1304 312 1332; x_wconf 86' lang='grc' dir='ltr'><strong>Τῶν</strong></span> <span class='ocrx_word' id='word_1_303' title='bbox 324 1305 415 1339; x_wconf 81' lang='grc' dir='ltr'>μέντοι</span> <span class='ocrx_word' id='word_1_304' title='bbox 431 1306 487 1337; x_wconf 84' lang='grc' dir='ltr'>τοῖς</span> <span class='ocrx_word' id='word_1_305' title='bbox 499 1305 616 1340; x_wconf 78' lang='grc' dir='ltr'>ἱερεῦσιν</span> <span class='ocrx_word' id='word_1_306' title='bbox 626 1305 872 1341; x_wconf 81' lang='grc' dir='ltr'>ἁπονενεμημένων</span> <span class='ocrx_word' id='word_1_307' title='bbox 886 1305 1004 1340; x_wconf 83' lang='grc' dir='ltr'>μεταλα-</span> 
     </span>
    </p>
   </div>
   <div class='ocr_carea' id='block_1_43' title="bbox 217 1349 1004 1395">
    <p class='ocr_par' dir='ltr' id='par_1_43' title="bbox 217 1349 1004 1395">
     <span class='ocr_line' id='line_1_43' title="bbox 217 1349 1004 1395; baseline 0.001 -19"><span class='ocrx_word' id='word_1_308' title='bbox 217 1349 297 1395; x_wconf 55' lang='grc' dir='ltr'>ϐὼνέ</span> <span class='ocrx_word' id='word_1_309' title='bbox 313 1350 404 1382; x_wconf 78' lang='grc' dir='ltr'>Δαὸὶδ,</span> <span class='ocrx_word' id='word_1_310' title='bbox 421 1350 574 1386; x_wconf 83' lang='grc' dir='ltr'>προὺδήλου</span> <span class='ocrx_word' id='word_1_311' title='bbox 596 1350 647 1385; x_wconf 83' lang='grc' dir='ltr'>τὴν</span> <span class='ocrx_word' id='word_1_312' title='bbox 666 1351 734 1377; x_wconf 77' lang='grc' dir='ltr'>πᾶσι</span> <span class='ocrx_word' id='word_1_313' title='bbox 757 1350 1004 1386; x_wconf 80' lang='grc' dir='ltr'>προτεθεισομένην</span> 
     </span>
    </p>
   </div>
   <div class='ocr_carea' id='block_1_44' title="bbox 217 1396 1005 1432">
    <p class='ocr_par' dir='ltr' id='par_1_44' title="bbox 217 1396 1005 1432">
     <span class='ocr_line' id='line_1_44' title="bbox 217 1396 1005 1432; baseline 0.001 -10"><span class='ocrx_word' id='word_1_314' title='bbox 217 1397 274 1428; x_wconf 73' lang='grc' dir='ltr'>τοῖς</span> <span class='ocrx_word' id='word_1_315' title='bbox 285 1396 408 1423; x_wconf 79' lang='grc' dir='ltr'>εὐσεϐέσι</span> <span class='ocrx_word' id='word_1_316' title='bbox 419 1397 558 1432; x_wconf 82' lang='grc' dir='ltr'>τράπεζαν</span> <span class='ocrx_word' id='word_1_317' title='bbox 575 1397 719 1432; x_wconf 80' lang='grc' dir='ltr'>μυστικήν.</span> <span class='ocrx_word' id='word_1_318' title='bbox 738 1396 791 1423; x_wconf 86' lang='grc' dir='ltr'><strong>Τοῦ</strong></span> <span class='ocrx_word' id='word_1_319' title='bbox 803 1397 857 1432; x_wconf 81' lang='grc' dir='ltr'>γὰρ</span> <span class='ocrx_word' id='word_1_320' title='bbox 874 1398 1005 1423; x_wconf 82' lang='grc' dir='ltr'>Δεσποτι-</span> 
     </span>
    </p>
   </div>
   <div class='ocr_carea' id='block_1_45' title="bbox 218 1441 1006 1478">
    <p class='ocr_par' dir='ltr' id='par_1_45' title="bbox 218 1441 1006 1478">
     <span class='ocr_line' id='line_1_45' title="bbox 218 1441 1006 1478; baseline 0.005 -10"><span class='ocrx_word' id='word_1_321' title='bbox 218 1441 267 1468; x_wconf 73' lang='grc' dir='ltr'><strong>κοῦ</strong></span> <span class='ocrx_word' id='word_1_322' title='bbox 291 1441 417 1477; x_wconf 81' lang='grc' dir='ltr'>σώματος</span> <span class='ocrx_word' id='word_1_323' title='bbox 439 1442 540 1477; x_wconf 84' lang='grc' dir='ltr'>ὁμοίως</span> <span class='ocrx_word' id='word_1_324' title='bbox 568 1442 821 1478; x_wconf 76' lang='grc' dir='ltr'>μεταλαμϐάνουσιν</span> <span class='ocrx_word' id='word_1_325' title='bbox 848 1444 931 1478; x_wconf 80' lang='grc' dir='ltr'>ἱερεῖς</span> <span class='ocrx_word' id='word_1_326' title='bbox 958 1445 1006 1472; x_wconf 69' lang='grc' dir='ltr'>καὶ</span> 
     </span>
    </p>
   </div>
   <div class='ocr_carea' id='block_1_46' title="bbox 218 1487 909 1525">
    <p class='ocr_par' dir='ltr' id='par_1_46' title="bbox 218 1487 909 1525">
     <span class='ocr_line' id='line_1_46' title="bbox 218 1487 909 1525; baseline 0.003 -11"><span class='ocrx_word' id='word_1_327' title='bbox 218 1487 278 1514; x_wconf 73' lang='grc' dir='ltr'>λαοὶ</span> <span class='ocrx_word' id='word_1_328' title='bbox 294 1493 318 1521; x_wconf 70' lang='grc' dir='ltr'>ι,</span> <span class='ocrx_word' id='word_1_329' title='bbox 335 1487 392 1515; x_wconf 80' lang='grc' dir='ltr'>ὅσοι</span> <span class='ocrx_word' id='word_1_330' title='bbox 409 1488 540 1523; x_wconf 79' lang='grc' dir='ltr'>μετέσχον</span> <span class='ocrx_word' id='word_1_331' title='bbox 556 1487 602 1515; x_wconf 85' lang='grc' dir='ltr'><strong>τοῦ</strong></span> <span class='ocrx_word' id='word_1_332' title='bbox 623 1487 695 1515; x_wconf 82' lang='grc' dir='ltr'>θείου</span> <span class='ocrx_word' id='word_1_333' title='bbox 710 1488 909 1525; x_wconf 85' lang='grc' dir='ltr'>βαπτίσματος.</span> 
     </span>
    </p>
   </div>
   <div class='ocr_carea' id='block_1_47' title="bbox 1050 971 1834 1014">
    <p class='ocr_par' dir='ltr' id='par_1_47' title="bbox 1050 971 1834 1014">
     <span class='ocr_line' id='line_1_47' title="bbox 1050 971 1834 1014; baseline -0.015 -6"><span class='ocrx_word' id='word_1_334' title='bbox 1050 980 1114 1008; x_wconf 87' lang='lat' dir='ltr'><strong>bat:</strong></span> <span class='ocrx_word' id='word_1_335' title='bbox 1129 979 1238 1014; x_wconf 75' lang='lat' dir='ltr'><strong>Stringe</strong></span> <span class='ocrx_word' id='word_1_336' title='bbox 1250 977 1372 1013; x_wconf 72' lang='lat' dir='ltr'><strong>gladium</strong></span> <span class='ocrx_word' id='word_1_337' title='bbox 1391 980 1467 1002; x_wconf 92' lang='lat' dir='ltr'><strong>tuum</strong></span> <span class='ocrx_word' id='word_1_338' title='bbox 1481 981 1569 1013; x_wconf 86' lang='lat' dir='ltr'><strong>eoque</strong></span> <span class='ocrx_word' id='word_1_339' title='bbox 1585 980 1629 1000; x_wconf 90' lang='lat' dir='ltr'><strong>me</strong></span> <span class='ocrx_word' id='word_1_340' title='bbox 1646 971 1773 1006; x_wconf 70' lang='lat' dir='ltr'><strong>transﬁge</strong></span> <span class='ocrx_word' id='word_1_341' title='bbox 1787 971 1807 997; x_wconf 83' lang='grc'><strong>⁹.</strong></span> <span class='ocrx_word' id='word_1_342' title='bbox 1825 979 1834 995; x_wconf 83' lang='grc' dir='ltr'><strong>ι</strong></span> 
     </span>
    </p>
   </div>
   <div class='ocr_carea' id='block_1_48' title="bbox 1051 1016 1839 1053">
    <p class='ocr_par' dir='ltr' id='par_1_48' title="bbox 1051 1016 1839 1053">
     <span class='ocr_line' id='line_1_48' title="bbox 1051 1016 1839 1053; baseline -0.014 0"><span class='ocrx_word' id='word_1_343' title='bbox 1051 1026 1084 1053; x_wconf 88' lang='grc' dir='ltr'>Ει</span> <span class='ocrx_word' id='word_1_344' title='bbox 1097 1033 1194 1053; x_wconf 86' lang='lat' dir='ltr'><strong>versus</strong></span> <span class='ocrx_word' id='word_1_345' title='bbox 1209 1024 1289 1051; x_wconf 84' lang='lat' dir='ltr'><strong>linem</strong></span> <span class='ocrx_word' id='word_1_346' title='bbox 1312 1022 1426 1050; x_wconf 86' lang='lat' dir='ltr'><strong>secundi</strong></span> <span class='ocrx_word' id='word_1_347' title='bbox 1444 1021 1526 1053; x_wconf 82' lang='lat' dir='ltr'><strong>libri,</strong></span> <span class='ocrx_word' id='word_1_348' title='bbox 1550 1019 1596 1046; x_wconf 87' lang='lat' dir='ltr'><strong>ubi</strong></span> <span class='ocrx_word' id='word_1_349' title='bbox 1611 1020 1746 1053; x_wconf 87' lang='lat' dir='ltr'><strong>primores</strong></span> <span class='ocrx_word' id='word_1_350' title='bbox 1759 1016 1839 1043; x_wconf 85' lang='lat' dir='ltr'><strong>Davi-</strong></span> 
     </span>
    </p>
   </div>
   <div class='ocr_carea' id='block_1_49' title="bbox 1052 1062 1838 1101">
    <p class='ocr_par' dir='ltr' id='par_1_49' title="bbox 1052 1062 1838 1101">
     <span class='ocr_line' id='line_1_49' title="bbox 1052 1062 1838 1101; baseline -0.014 -2"><span class='ocrx_word' id='word_1_351' title='bbox 1052 1071 1093 1099; x_wconf 87' lang='lat' dir='ltr'><strong>dis</strong></span> <span class='ocrx_word' id='word_1_352' title='bbox 1109 1073 1300 1101; x_wconf 83' lang='lat' dir='ltr'><strong>recensentur,</strong></span> <span class='ocrx_word' id='word_1_353' title='bbox 1318 1069 1375 1095; x_wconf 61' lang='lat' dir='ltr'><strong>hac</strong></span> <span class='ocrx_word' id='word_1_354' title='bbox 1397 1067 1503 1094; x_wconf 79' lang='lat' dir='ltr'><strong>habes:</strong></span> <span class='ocrx_word' id='word_1_355' title='bbox 1529 1073 1539 1090; x_wconf 73' lang='grc' dir='ltr'><strong>ι</strong></span> <span class='ocrx_word' id='word_1_356' title='bbox 1559 1064 1658 1092; x_wconf 85' lang='lat' dir='ltr'><strong>Gelore</strong></span> <span class='ocrx_word' id='word_1_357' title='bbox 1680 1062 1838 1090; x_wconf 67' lang='lat' dir='ltr'><strong>Berotliaaus</strong></span> 
     </span>
    </p>
   </div>
   <div class='ocr_carea' id='block_1_50' title="bbox 1051 1108 1839 1152">
    <p class='ocr_par' dir='ltr' id='par_1_50' title="bbox 1051 1108 1839 1152">
     <span class='ocr_line' id='line_1_50' title="bbox 1051 1108 1839 1152; baseline -0.013 -8"><span class='ocrx_word' id='word_1_358' title='bbox 1051 1118 1098 1152; x_wconf 89' lang='lat' dir='ltr'><strong>qni</strong></span> <span class='ocrx_word' id='word_1_359' title='bbox 1117 1116 1244 1152; x_wconf 84' lang='lat' dir='ltr'><strong>portabat</strong></span> <span class='ocrx_word' id='word_1_360' title='bbox 1258 1122 1321 1142; x_wconf 84' lang='lat' dir='ltr'><strong>vasa</strong></span> <span class='ocrx_word' id='word_1_361' title='bbox 1335 1113 1414 1144; x_wconf 67' lang='grc' dir='ltr'>Σοου.</span> <span class='ocrx_word' id='word_1_362' title='bbox 1440 1112 1487 1140; x_wconf 89' lang='lat' dir='ltr'><strong>lilii</strong></span> <span class='ocrx_word' id='word_1_363' title='bbox 1510 1111 1613 1139; x_wconf 84' lang='lat' dir='ltr'><strong>Sarviae</strong></span> <span class='ocrx_word' id='word_1_364' title='bbox 1629 1110 1662 1137; x_wconf 84' lang='lat'><strong>‘°.</strong></span> <span class='ocrx_word' id='word_1_365' title='bbox 1683 1119 1692 1136; x_wconf 87' lang='grc' dir='ltr'><strong>ι</strong></span> <span class='ocrx_word' id='word_1_366' title='bbox 1711 1108 1768 1136; x_wconf 87' lang='lat' dir='ltr'><strong>Hoc</strong></span> <span class='ocrx_word' id='word_1_367' title='bbox 1787 1108 1839 1143; x_wconf 76' lang='lat' dir='ltr'><strong>igi-</strong></span> 
     </span>
    </p>
   </div>
   <div class='ocr_carea' id='block_1_51' title="bbox 1053 1154 1838 1190">
    <p class='ocr_par' dir='ltr' id='par_1_51' title="bbox 1053 1154 1838 1190">
     <span class='ocr_line' id='line_1_51' title="bbox 1053 1154 1838 1190; baseline -0.013 0"><span class='ocrx_word' id='word_1_368' title='bbox 1053 1169 1096 1190; x_wconf 89' lang='lat' dir='ltr'><strong>tur</strong></span> <span class='ocrx_word' id='word_1_369' title='bbox 1113 1162 1197 1189; x_wconf 80' lang='lat' dir='ltr'><strong>David</strong></span> <span class='ocrx_word' id='word_1_370' title='bbox 1223 1162 1309 1189; x_wconf 85' lang='lat' dir='ltr'><strong>dicit:</strong></span> <span class='ocrx_word' id='word_1_371' title='bbox 1328 1159 1502 1187; x_wconf 81' lang='lat' dir='ltr'><strong>Sanctiﬁcati</strong></span> <span class='ocrx_word' id='word_1_372' title='bbox 1523 1160 1589 1185; x_wconf 87' lang='lat' dir='ltr'><strong>sunt</strong></span> <span class='ocrx_word' id='word_1_373' title='bbox 1614 1156 1686 1184; x_wconf 87' lang='lat' dir='ltr'><strong>servi</strong></span> <span class='ocrx_word' id='word_1_374' title='bbox 1711 1163 1744 1182; x_wconf 85' lang='lat' dir='ltr'><strong>eo</strong></span> <span class='ocrx_word' id='word_1_375' title='bbox 1766 1154 1838 1189; x_wconf 88' lang='lat' dir='ltr'><strong>quod</strong></span> 
     </span>
    </p>
   </div>
   <div class='ocr_carea' id='block_1_52' title="bbox 1053 1199 1838 1240">
    <p class='ocr_par' dir='ltr' id='par_1_52' title="bbox 1053 1199 1838 1240">
     <span class='ocr_line' id='line_1_52' title="bbox 1053 1199 1838 1240; baseline -0.014 -5"><span class='ocrx_word' id='word_1_376' title='bbox 1053 1215 1118 1235; x_wconf 85' lang='lat' dir='ltr'><strong>vasa</strong></span> <span class='ocrx_word' id='word_1_377' title='bbox 1134 1206 1242 1234; x_wconf 80' lang='lat' dir='ltr'><strong>ferunt:</strong></span> <span class='ocrx_word' id='word_1_378' title='bbox 1262 1205 1387 1240; x_wconf 85' lang='lat' dir='ltr'><strong>quamvis</strong></span> <span class='ocrx_word' id='word_1_379' title='bbox 1403 1210 1478 1231; x_wconf 90' lang='lat' dir='ltr'><strong>nunc</strong></span> <span class='ocrx_word' id='word_1_380' title='bbox 1494 1202 1604 1237; x_wconf 83' lang='lat' dir='ltr'><strong>quidem</strong></span> <span class='ocrx_word' id='word_1_381' title='bbox 1615 1220 1623 1233; x_wconf 94' lang='lat'><strong>,</strong></span> <span class='ocrx_word' id='word_1_382' title='bbox 1641 1199 1707 1236; x_wconf 88' lang='lat' dir='ltr'><strong>quia</strong></span> <span class='ocrx_word' id='word_1_383' title='bbox 1731 1199 1759 1226; x_wconf 90' lang='lat' dir='ltr'><strong>in</strong></span> <span class='ocrx_word' id='word_1_384' title='bbox 1777 1199 1838 1232; x_wconf 81' lang='lat' dir='ltr'><strong>fuga</strong></span> 
     </span>
    </p>
   </div>
   <div class='ocr_carea' id='block_1_53' title="bbox 1052 1249 1498 1285">
    <p class='ocr_par' dir='ltr' id='par_1_53' title="bbox 1052 1249 1498 1285">
     <span class='ocr_line' id='line_1_53' title="bbox 1052 1249 1498 1285; baseline -0.011 -4"><span class='ocrx_word' id='word_1_385' title='bbox 1052 1258 1141 1285; x_wconf 89' lang='lat' dir='ltr'><strong>erant,</strong></span> <span class='ocrx_word' id='word_1_386' title='bbox 1157 1259 1233 1280; x_wconf 88' lang='lat' dir='ltr'><strong>arma</strong></span> <span class='ocrx_word' id='word_1_387' title='bbox 1249 1259 1302 1278; x_wconf 90' lang='lat' dir='ltr'><strong>non</strong></span> <span class='ocrx_word' id='word_1_388' title='bbox 1320 1249 1498 1277; x_wconf 81' lang='lat' dir='ltr'><strong>inferrentur.</strong></span> 
     </span>
    </p>
   </div>
   <div class='ocr_carea' id='block_1_54' title="bbox 1089 1289 1841 1332">
    <p class='ocr_par' dir='ltr' id='par_1_54' title="bbox 1089 1289 1841 1332">
     <span class='ocr_line' id='line_1_54' title="bbox 1089 1289 1841 1332; baseline -0.013 -6"><span class='ocrx_word' id='word_1_389' title='bbox 1089 1298 1167 1332; x_wconf 88' lang='lat' dir='ltr'><strong>Quod</strong></span> <span class='ocrx_word' id='word_1_390' title='bbox 1195 1301 1286 1325; x_wconf 87' lang='lat' dir='ltr'><strong>autem</strong></span> <span class='ocrx_word' id='word_1_391' title='bbox 1317 1295 1402 1322; x_wconf 86' lang='lat' dir='ltr'><strong>David</strong></span> <span class='ocrx_word' id='word_1_392' title='bbox 1431 1301 1539 1325; x_wconf 89' lang='lat' dir='ltr'><strong>eorum,</strong></span> <span class='ocrx_word' id='word_1_393' title='bbox 1568 1299 1629 1327; x_wconf 57' lang='lat' dir='ltr'><strong>qua;</strong></span> <span class='ocrx_word' id='word_1_394' title='bbox 1651 1289 1841 1319; x_wconf 83' lang='lat' dir='ltr'><strong>sacerdotibus</strong></span> 
     </span>
    </p>
   </div>
   <div class='ocr_carea' id='block_1_55' title="bbox 1054 1336 1842 1380">
    <p class='ocr_par' dir='ltr' id='par_1_55' title="bbox 1054 1336 1842 1380">
     <span class='ocr_line' id='line_1_55' title="bbox 1054 1336 1842 1380; baseline -0.014 -7"><span class='ocrx_word' id='word_1_395' title='bbox 1054 1345 1192 1380; x_wconf 75' lang='lat' dir='ltr'><strong>assignata</strong></span> <span class='ocrx_word' id='word_1_396' title='bbox 1222 1346 1319 1374; x_wconf 84' lang='lat' dir='ltr'><strong>erant,</strong></span> <span class='ocrx_word' id='word_1_397' title='bbox 1344 1341 1480 1376; x_wconf 73' lang='lat' dir='ltr'><strong>particeps</strong></span> <span class='ocrx_word' id='word_1_398' title='bbox 1511 1339 1600 1366; x_wconf 82' lang='lat' dir='ltr'><strong>factus</strong></span> <span class='ocrx_word' id='word_1_399' title='bbox 1626 1342 1686 1369; x_wconf 87' lang='lat' dir='ltr'><strong>est,</strong></span> <span class='ocrx_word' id='word_1_400' title='bbox 1714 1336 1842 1363; x_wconf 86' lang='lat' dir='ltr'><strong>omnibus</strong></span> 
     </span>
    </p>
   </div>
   <div class='ocr_carea' id='block_1_56' title="bbox 1054 1381 1843 1426">
    <p class='ocr_par' dir='ltr' id='par_1_56' title="bbox 1054 1381 1843 1426">
     <span class='ocr_line' id='line_1_56' title="bbox 1054 1381 1843 1426; baseline -0.013 -8"><span class='ocrx_word' id='word_1_401' title='bbox 1054 1391 1108 1426; x_wconf 90' lang='lat' dir='ltr'><strong>piis</strong></span> <span class='ocrx_word' id='word_1_402' title='bbox 1131 1396 1253 1416; x_wconf 83' lang='lat' dir='ltr'><strong>mensam</strong></span> <span class='ocrx_word' id='word_1_403' title='bbox 1281 1388 1423 1422; x_wconf 83' lang='lat' dir='ltr'><strong>mysticam</strong></span> <span class='ocrx_word' id='word_1_404' title='bbox 1451 1383 1656 1420; x_wconf 78' lang='lat' dir='ltr'><strong>proponendatu</strong></span> <span class='ocrx_word' id='word_1_405' title='bbox 1686 1389 1749 1410; x_wconf 78' lang='lat' dir='ltr'><strong>esse</strong></span> <span class='ocrx_word' id='word_1_406' title='bbox 1779 1381 1843 1408; x_wconf 86' lang='lat' dir='ltr'><strong>inde</strong></span> 
     </span>
    </p>
   </div>
   <div class='ocr_carea' id='block_1_57' title="bbox 1057 1427 1844 1463">
    <p class='ocr_par' dir='ltr' id='par_1_57' title="bbox 1057 1427 1844 1463">
     <span class='ocr_line' id='line_1_57' title="bbox 1057 1427 1844 1463; baseline -0.013 -1"><span class='ocrx_word' id='word_1_407' title='bbox 1057 1433 1232 1462; x_wconf 79' lang='lat' dir='ltr'><strong>manifestum</strong></span> <span class='ocrx_word' id='word_1_408' title='bbox 1245 1437 1297 1460; x_wconf 87' lang='lat' dir='ltr'><strong>est.</strong></span> <span class='ocrx_word' id='word_1_409' title='bbox 1311 1431 1454 1458; x_wconf 87' lang='lat' dir='ltr'><strong>Dominico</strong></span> <span class='ocrx_word' id='word_1_410' title='bbox 1468 1430 1540 1457; x_wconf 91' lang='lat' dir='ltr'><strong>enim</strong></span> <span class='ocrx_word' id='word_1_411' title='bbox 1558 1436 1674 1463; x_wconf 87' lang='lat' dir='ltr'><strong>corpore</strong></span> <span class='ocrx_word' id='word_1_412' title='bbox 1686 1427 1844 1455; x_wconf 76' lang='lat' dir='ltr'><strong>sacerdotes</strong></span> 
     </span>
    </p>
   </div>
   <div class='ocr_carea' id='block_1_58' title="bbox 1056 1472 1843 1517">
    <p class='ocr_par' dir='ltr' id='par_1_58' title="bbox 1056 1472 1843 1517">
     <span class='ocr_line' id='line_1_58' title="bbox 1056 1472 1843 1517; baseline -0.015 -8"><span class='ocrx_word' id='word_1_413' title='bbox 1056 1482 1169 1517; x_wconf 85' lang='lat' dir='ltr'><strong>pariter,</strong></span> <span class='ocrx_word' id='word_1_414' title='bbox 1184 1485 1211 1507; x_wconf 90' lang='lat' dir='ltr'><strong>et</strong></span> <span class='ocrx_word' id='word_1_415' title='bbox 1224 1479 1286 1506; x_wconf 86' lang='lat' dir='ltr'><strong>laici</strong></span> <span class='ocrx_word' id='word_1_416' title='bbox 1301 1478 1477 1513; x_wconf 81' lang='lat' dir='ltr'><strong>participant,</strong></span> <span class='ocrx_word' id='word_1_417' title='bbox 1500 1478 1635 1511; x_wconf 89' lang='lat' dir='ltr'><strong>quotquot</strong></span> <span class='ocrx_word' id='word_1_418' title='bbox 1668 1472 1739 1501; x_wconf 87' lang='lat' dir='ltr'><strong>sacri</strong></span> <span class='ocrx_word' id='word_1_419' title='bbox 1756 1472 1843 1506; x_wconf 82' lang='lat' dir='ltr'><strong>bapti-</strong></span> 
     </span>
    </p>
   </div>
   <div class='ocr_carea' id='block_1_59' title="bbox 1058 1524 1490 1562">
    <p class='ocr_par' dir='ltr' id='par_1_59' title="bbox 1058 1524 1490 1562">
     <span class='ocr_line' id='line_1_59' title="bbox 1058 1524 1490 1562; baseline -0.016 -6"><span class='ocrx_word' id='word_1_420' title='bbox 1058 1528 1155 1556; x_wconf 85' lang='lat' dir='ltr'><strong>smatis</strong></span> <span class='ocrx_word' id='word_1_421' title='bbox 1168 1526 1317 1562; x_wconf 87' lang='lat' dir='ltr'><strong>participes</strong></span> <span class='ocrx_word' id='word_1_422' title='bbox 1335 1524 1398 1551; x_wconf 79' lang='lat' dir='ltr'><strong>facti</strong></span> <span class='ocrx_word' id='word_1_423' title='bbox 1415 1527 1490 1551; x_wconf 90' lang='lat' dir='ltr'><strong>sunt.</strong></span> 
     </span>
    </p>
   </div>
   <div class='ocr_carea' id='block_1_60' title="bbox 254 1563 1003 1618">
    <p class='ocr_par' dir='ltr' id='par_1_60' title="bbox 254 1575 1003 1611">
     <span class='ocr_line' id='line_1_60' title="bbox 254 1575 1003 1611; baseline 0.003 -9"><span class='ocrx_word' id='word_1_424' title='bbox 254 1575 412 1610; x_wconf 80' lang='grc' dir='ltr'>Ἐλεύθερον</span> <span class='ocrx_word' id='word_1_425' title='bbox 427 1575 456 1602; x_wconf 81' lang='grc' dir='ltr'>δὲ</span> <span class='ocrx_word' id='word_1_426' title='bbox 478 1575 524 1602; x_wconf 84' lang='grc' dir='ltr'><strong>τὸν</strong></span> <span class='ocrx_word' id='word_1_427' title='bbox 546 1575 628 1602; x_wconf 74' lang='grc' dir='ltr'>Δαὸὶδ</span> <span class='ocrx_word' id='word_1_428' title='bbox 641 1575 692 1611; x_wconf 87' lang='grc' dir='ltr'>τῆς</span> <span class='ocrx_word' id='word_1_429' title='bbox 706 1576 739 1603; x_wconf 78' lang='grc' dir='ltr'>ἐκ</span> <span class='ocrx_word' id='word_1_430' title='bbox 757 1576 804 1603; x_wconf 83' lang='grc' dir='ltr'><strong>τοῦ</strong></span> <span class='ocrx_word' id='word_1_431' title='bbox 826 1578 923 1611; x_wconf 83' lang='grc' dir='ltr'>φαγεῖν</span> <span class='ocrx_word' id='word_1_432' title='bbox 939 1585 1003 1604; x_wconf 85' lang='grc' dir='ltr'>κατ-</span> 
     </span>
    </p>
   </div>
   <div class='ocr_carea' id='block_1_61' title="bbox 1055 1563 1844 1618">
    <p class='ocr_par' dir='ltr' id='par_1_61' title="bbox 1095 1563 1844 1605">
     <span class='ocr_line' id='line_1_61' title="bbox 1095 1563 1844 1605; baseline -0.015 -5"><span class='ocrx_word' id='word_1_433' title='bbox 1095 1572 1223 1600; x_wconf 88' lang='lat' dir='ltr'><strong>Davidem</strong></span> <span class='ocrx_word' id='word_1_434' title='bbox 1241 1578 1274 1598; x_wconf 91' lang='lat' dir='ltr'><strong>eo</strong></span> <span class='ocrx_word' id='word_1_435' title='bbox 1288 1569 1362 1605; x_wconf 89' lang='lat' dir='ltr'><strong>quod</strong></span> <span class='ocrx_word' id='word_1_436' title='bbox 1380 1567 1542 1600; x_wconf 87' lang='lat' dir='ltr'><strong>comederit,</strong></span> <span class='ocrx_word' id='word_1_437' title='bbox 1564 1566 1669 1594; x_wconf 91' lang='lat' dir='ltr'><strong>nullam</strong></span> <span class='ocrx_word' id='word_1_438' title='bbox 1681 1563 1844 1592; x_wconf 83' lang='lat' dir='ltr'><strong>accusatio-</strong></span> 
     </span>
    </p>
   </div>
   <div class='ocr_carea' id='block_1_62' title="bbox 219 1620 1008 1657">
    <p class='ocr_par' dir='ltr' id='par_1_62' title="bbox 219 1620 1008 1657">
     <span class='ocr_line' id='line_1_62' title="bbox 219 1620 1008 1657; baseline 0.005 -11"><span class='ocrx_word' id='word_1_439' title='bbox 219 1620 333 1656; x_wconf 87' lang='grc' dir='ltr'>ηγορίας</span> <span class='ocrx_word' id='word_1_440' title='bbox 345 1621 393 1648; x_wconf 75' lang='grc' dir='ltr'>καὶ</span> <span class='ocrx_word' id='word_1_441' title='bbox 406 1621 420 1647; x_wconf 85' lang='grc' dir='ltr'><strong>ό</strong></span> <span class='ocrx_word' id='word_1_442' title='bbox 431 1621 527 1656; x_wconf 84' lang='grc' dir='ltr'>Σωτὴρ</span> <span class='ocrx_word' id='word_1_443' title='bbox 542 1620 652 1654; x_wconf 73' lang='grc' dir='ltr'>ἔδειξεν,</span> <span class='ocrx_word' id='word_1_444' title='bbox 672 1622 712 1653; x_wconf 85' lang='grc' dir='ltr'><strong>είς</strong></span> <span class='ocrx_word' id='word_1_445' title='bbox 726 1621 776 1656; x_wconf 83' lang='grc' dir='ltr'>τὴν</span> <span class='ocrx_word' id='word_1_446' title='bbox 799 1621 869 1657; x_wconf 75' lang='grc' dir='ltr'>ὑπὲρ</span> <span class='ocrx_word' id='word_1_447' title='bbox 884 1621 938 1649; x_wconf 86' lang='grc' dir='ltr'>τῶν</span> <span class='ocrx_word' id='word_1_448' title='bbox 955 1631 1008 1657; x_wconf 84' lang='grc' dir='ltr'>μα-</span> 
     </span>
    </p>
   </div>
   <div class='ocr_carea' id='block_1_63' title="bbox 220 1665 987 1703">
    <p class='ocr_par' dir='ltr' id='par_1_63' title="bbox 220 1665 987 1703">
     <span class='ocr_line' id='line_1_63' title="bbox 220 1665 987 1703; baseline 0.008 -12"><span class='ocrx_word' id='word_1_449' title='bbox 220 1665 310 1701; x_wconf 84' lang='grc' dir='ltr'>θητῶν</span> <span class='ocrx_word' id='word_1_450' title='bbox 324 1665 473 1700; x_wconf 84' lang='grc' dir='ltr'>ἅπο).ογίαν</span> <span class='ocrx_word' id='word_1_451' title='bbox 483 1665 564 1692; x_wconf 79' lang='grc' dir='ltr'>τοῦτο</span> <span class='ocrx_word' id='word_1_452' title='bbox 578 1666 697 1702; x_wconf 85' lang='grc' dir='ltr'>εἰρηκὼς</span> <span class='ocrx_word' id='word_1_453' title='bbox 710 1667 741 1693; x_wconf 82' lang='grc' dir='ltr'>τὸ</span> <span class='ocrx_word' id='word_1_454' title='bbox 757 1666 890 1703; x_wconf 81' lang='grc' dir='ltr'>διήγημα.</span> <span class='ocrx_word' id='word_1_455' title='bbox 909 1668 939 1696; x_wconf 79' lang='lat' dir='ltr'><strong>C.</strong></span> <span class='ocrx_word' id='word_1_456' title='bbox 955 1668 987 1697; x_wconf 92' lang='lat' dir='ltr'><strong>L.</strong></span> 
     </span>
    </p>
   </div>
   <div class='ocr_carea' id='block_1_64' title="bbox 255 1755 1008 1793">
    <p class='ocr_par' dir='ltr' id='par_1_64' title="bbox 255 1755 1008 1793">
     <span class='ocr_line' id='line_1_64' title="bbox 255 1755 1008 1793; baseline 0 -9"><span class='ocrx_word' id='word_1_457' title='bbox 255 1755 309 1784; x_wconf 77' lang='grc' dir='ltr'><strong>Καὶ</strong></span> <span class='ocrx_word' id='word_1_458' title='bbox 321 1756 341 1789; x_wconf 82' lang='grc' dir='ltr'><strong><em>ἡ</em></strong></span> <span class='ocrx_word' id='word_1_459' title='bbox 352 1755 422 1790; x_wconf 78' lang='grc' dir='ltr'>ὁδὸς</span> <span class='ocrx_word' id='word_1_460' title='bbox 436 1756 512 1790; x_wconf 83' lang='grc' dir='ltr'>αὕτη</span> <span class='ocrx_word' id='word_1_461' title='bbox 520 1756 665 1791; x_wconf 77' lang='grc' dir='ltr'>βέϐηλος.</span> <span class='ocrx_word' id='word_1_462' title='bbox 680 1757 783 1790; x_wconf 79' lang='grc' dir='ltr'>Εἰπὼν,</span> <span class='ocrx_word' id='word_1_463' title='bbox 792 1757 834 1784; x_wconf 81' lang='grc' dir='ltr'><strong>ὅτι</strong></span> <span class='ocrx_word' id='word_1_464' title='bbox 850 1759 924 1793; x_wconf 75' lang='grc' dir='ltr'>τρεῖς</span> <span class='ocrx_word' id='word_1_465' title='bbox 939 1758 1008 1793; x_wconf 83' lang='grc' dir='ltr'>ἡμέ-</span> 
     </span>
    </p>
   </div>
   <div class='ocr_carea' id='block_1_65' title="bbox 221 1802 1008 1839">
    <p class='ocr_par' dir='ltr' id='par_1_65' title="bbox 221 1802 1008 1839">
     <span class='ocr_line' id='line_1_65' title="bbox 221 1802 1008 1839; baseline 0.004 -11"><span class='ocrx_word' id='word_1_466' title='bbox 221 1810 271 1838; x_wconf 78' lang='grc' dir='ltr'><strong>ρας</strong></span> <span class='ocrx_word' id='word_1_467' title='bbox 283 1802 443 1838; x_wconf 80' lang='grc' dir='ltr'>ἠγνεύκασι,</span> <span class='ocrx_word' id='word_1_468' title='bbox 460 1802 652 1838; x_wconf 78' lang='grc' dir='ltr'>προστέθεικεν</span> <span class='ocrx_word' id='word_1_469' title='bbox 682 1803 724 1830; x_wconf 78' lang='grc' dir='ltr'>ὅτι</span> <span class='ocrx_word' id='word_1_470' title='bbox 741 1803 786 1829; x_wconf 80' lang='grc' dir='ltr'><strong>διὰ</strong></span> <span class='ocrx_word' id='word_1_471' title='bbox 796 1802 844 1838; x_wconf 86' lang='grc' dir='ltr'>τὴν</span> <span class='ocrx_word' id='word_1_472' title='bbox 861 1805 1008 1839; x_wconf 87' lang='grc' dir='ltr'>προκειμέ-</span> 
     </span>
    </p>
   </div>
   <div class='ocr_carea' id='block_1_66' title="bbox 220 1847 1008 1885">
    <p class='ocr_par' dir='ltr' id='par_1_66' title="bbox 220 1847 1008 1885">
     <span class='ocr_line' id='line_1_66' title="bbox 220 1847 1008 1885; baseline 0.004 -11"><span class='ocrx_word' id='word_1_473' title='bbox 220 1857 269 1883; x_wconf 84' lang='grc' dir='ltr'><strong>νην</strong></span> <span class='ocrx_word' id='word_1_474' title='bbox 283 1847 443 1883; x_wconf 73' lang='grc' dir='ltr'>ἀναγκαίως</span> <span class='ocrx_word' id='word_1_475' title='bbox 461 1849 511 1884; x_wconf 88' lang='grc' dir='ltr'>τῆς</span> <span class='ocrx_word' id='word_1_476' title='bbox 530 1850 606 1884; x_wconf 83' lang='grc' dir='ltr'>ἱερᾶς</span> <span class='ocrx_word' id='word_1_477' title='bbox 620 1849 726 1884; x_wconf 85' lang='grc' dir='ltr'>τροφῆς</span> <span class='ocrx_word' id='word_1_478' title='bbox 741 1849 939 1885; x_wconf 77' lang='grc' dir='ltr'>μεταλήψεται.</span> <span class='ocrx_word' id='word_1_479' title='bbox 964 1851 1008 1883; x_wconf 83' lang='grc' dir='ltr'>Ὠς</span> 
     </span>
    </p>
   </div>
   <div class='ocr_carea' id='block_1_67' title="bbox 219 1894 1005 1934">
    <p class='ocr_par' dir='ltr' id='par_1_67' title="bbox 219 1894 1005 1934">
     <span class='ocr_line' id='line_1_67' title="bbox 219 1894 1005 1934; baseline 0.005 -14"><span class='ocrx_word' id='word_1_480' title='bbox 219 1895 252 1920; x_wconf 82' lang='grc' dir='ltr'>ἄν</span> <span class='ocrx_word' id='word_1_481' title='bbox 268 1894 313 1921; x_wconf 82' lang='grc' dir='ltr'><strong>ὑπ’</strong></span> <span class='ocrx_word' id='word_1_482' title='bbox 327 1894 413 1928; x_wconf 79' lang='grc' dir='ltr'>αὐτῆς</span> <span class='ocrx_word' id='word_1_483' title='bbox 422 1894 594 1930; x_wconf 76' lang='grc' dir='ltr'>κρατυνθεὶς,</span> <span class='ocrx_word' id='word_1_484' title='bbox 606 1896 641 1922; x_wconf 79' lang='grc' dir='ltr'><strong>τὰ</strong></span> <span class='ocrx_word' id='word_1_485' title='bbox 654 1896 821 1931; x_wconf 82' lang='grc' dir='ltr'>προκείμενα</span> <span class='ocrx_word' id='word_1_486' title='bbox 834 1896 1005 1934; x_wconf 76' lang='grc' dir='ltr'>κατορθώσῃ.</span> 
     </span>
    </p>
   </div>
   <div class='ocr_carea' id='block_1_68' title="bbox 221 1940 1007 1976">
    <p class='ocr_par' dir='ltr' id='par_1_68' title="bbox 221 1940 1007 1976">
     <span class='ocr_line' id='line_1_68' title="bbox 221 1940 1007 1976; baseline 0.004 -10"><span class='ocrx_word' id='word_1_487' title='bbox 221 1941 257 1966; x_wconf 74' lang='grc' dir='ltr'><strong>Τὸ</strong></span> <span class='ocrx_word' id='word_1_488' title='bbox 277 1940 305 1967; x_wconf 71' lang='grc' dir='ltr'>δὲ</span> <span class='ocrx_word' id='word_1_489' title='bbox 317 1940 467 1973; x_wconf 75' lang='grc' dir='ltr'>βέϐηλον,</span> <span class='ocrx_word' id='word_1_490' title='bbox 487 1941 538 1966; x_wconf 83' lang='grc' dir='ltr'>οὐκ</span> <span class='ocrx_word' id='word_1_491' title='bbox 558 1941 605 1967; x_wconf 73' lang='grc' dir='ltr'><strong>ἐπὶ</strong></span> <span class='ocrx_word' id='word_1_492' title='bbox 619 1941 666 1967; x_wconf 89' lang='grc' dir='ltr'><strong>τοῦ</strong></span> <span class='ocrx_word' id='word_1_493' title='bbox 681 1941 852 1976; x_wconf 78' lang='grc' dir='ltr'>ἀκαθάρτου</span> <span class='ocrx_word' id='word_1_494' title='bbox 872 1942 1007 1975; x_wconf 78' lang='grc' dir='ltr'>τέθεικεν,</span> 
     </span>
    </p>
   </div>
   <div class='ocr_carea' id='block_1_69' title="bbox 220 1986 1008 2022">
    <p class='ocr_par' dir='ltr' id='par_1_69' title="bbox 220 1986 1008 2022">
     <span class='ocr_line' id='line_1_69' title="bbox 220 1986 1008 2022; baseline 0.005 -10"><span class='ocrx_word' id='word_1_495' title='bbox 220 1986 278 2013; x_wconf 80' lang='grc' dir='ltr'>ἀλλ’</span> <span class='ocrx_word' id='word_1_496' title='bbox 293 1986 339 2013; x_wconf 76' lang='grc' dir='ltr'><strong>ἐπὶ</strong></span> <span class='ocrx_word' id='word_1_497' title='bbox 360 1986 408 2013; x_wconf 86' lang='grc' dir='ltr'><strong>τοῦ</strong></span> <span class='ocrx_word' id='word_1_498' title='bbox 431 1986 474 2021; x_wconf 76' lang='grc' dir='ltr'>μὴ</span> <span class='ocrx_word' id='word_1_499' title='bbox 503 1986 594 2020; x_wconf 76' lang='grc' dir='ltr'>ἱεροῦ,</span> <span class='ocrx_word' id='word_1_500' title='bbox 612 1986 673 2014; x_wconf 85' lang='grc' dir='ltr'>ὅθεν</span> <span class='ocrx_word' id='word_1_501' title='bbox 689 1987 737 2013; x_wconf 81' lang='grc' dir='ltr'>καὶ</span> <span class='ocrx_word' id='word_1_502' title='bbox 757 1986 874 2019; x_wconf 82' lang='grc' dir='ltr'>Ἀκύλας</span> <span class='ocrx_word' id='word_1_503' title='bbox 893 1989 1008 2022; x_wconf 73' lang='grc' dir='ltr'>λατιιὴν</span> 
     </span>
    </p>
   </div>
   <div class='ocr_carea' id='block_1_70' title="bbox 219 2031 1008 2068">
    <p class='ocr_par' dir='ltr' id='par_1_70' title="bbox 219 2031 1008 2068">
     <span class='ocr_line' id='line_1_70' title="bbox 219 2031 1008 2068; baseline 0.003 -10"><span class='ocrx_word' id='word_1_504' title='bbox 219 2031 361 2063; x_wconf 73' lang='grc' dir='ltr'>ἐξέδωκεν.</span> <span class='ocrx_word' id='word_1_505' title='bbox 386 2031 543 2064; x_wconf 78' lang='grc' dir='ltr'>Τουτέστιν,</span> <span class='ocrx_word' id='word_1_506' title='bbox 563 2032 588 2058; x_wconf 90' lang='grc' dir='ltr'><strong>εί</strong></span> <span class='ocrx_word' id='word_1_507' title='bbox 611 2032 659 2058; x_wconf 78' lang='grc' dir='ltr'>καὶ</span> <span class='ocrx_word' id='word_1_508' title='bbox 675 2033 764 2067; x_wconf 77' lang='grc' dir='ltr'>ἱερεὺς</span> <span class='ocrx_word' id='word_1_509' title='bbox 787 2033 838 2059; x_wconf 84' lang='grc' dir='ltr'><strong>οὐκ</strong></span> <span class='ocrx_word' id='word_1_510' title='bbox 849 2033 917 2068; x_wconf 77' lang='grc' dir='ltr'>εἰμὶ,</span> <span class='ocrx_word' id='word_1_511' title='bbox 939 2033 1008 2061; x_wconf 79' lang='grc' dir='ltr'>ἀλλὰ</span> 
     </span>
    </p>
   </div>
   <div class='ocr_carea' id='block_1_71' title="bbox 221 2077 1008 2114">
    <p class='ocr_par' dir='ltr' id='par_1_71' title="bbox 221 2077 1008 2114">
     <span class='ocr_line' id='line_1_71' title="bbox 221 2077 1008 2114; baseline 0.005 -11"><span class='ocrx_word' id='word_1_512' title='bbox 221 2077 394 2112; x_wconf 65' lang='grc' dir='ltr'>πῳφητικῆς</span> <span class='ocrx_word' id='word_1_513' title='bbox 405 2077 542 2112; x_wconf 86' lang='grc' dir='ltr'>τετύχηκα</span> <span class='ocrx_word' id='word_1_514' title='bbox 551 2078 673 2113; x_wconf 85' lang='grc' dir='ltr'>χάριτος.</span> <span class='ocrx_word' id='word_1_515' title='bbox 687 2077 775 2113; x_wconf 87' lang='grc' dir='ltr'>Σκεύη</span> <span class='ocrx_word' id='word_1_516' title='bbox 787 2078 842 2114; x_wconf 84' lang='grc' dir='ltr'><strong>γὰρ</strong></span> <span class='ocrx_word' id='word_1_517' title='bbox 851 2078 940 2106; x_wconf 84' lang='grc' dir='ltr'>αὐτῶν</span> <span class='ocrx_word' id='word_1_518' title='bbox 959 2080 1008 2107; x_wconf 79' lang='grc' dir='ltr'>καὶ</span> 
     </span>
    </p>
   </div>
   <div class='ocr_carea' id='block_1_72' title="bbox 221 2121 706 2157">
    <p class='ocr_par' dir='ltr' id='par_1_72' title="bbox 221 2121 706 2157">
     <span class='ocr_line' id='line_1_72' title="bbox 221 2121 706 2157; baseline 0 -9"><span class='ocrx_word' id='word_1_519' title='bbox 221 2121 368 2156; x_wconf 86' lang='grc' dir='ltr'>πανοπλία,</span> <span class='ocrx_word' id='word_1_520' title='bbox 381 2123 398 2157; x_wconf 83' lang='grc' dir='ltr'>ἡ</span> <span class='ocrx_word' id='word_1_521' title='bbox 416 2121 591 2157; x_wconf 76' lang='grc' dir='ltr'>πνευματικὴ</span> <span class='ocrx_word' id='word_1_522' title='bbox 606 2121 706 2156; x_wconf 86' lang='grc' dir='ltr'>δωρεά.</span> 
     </span>
    </p>
   </div>
   <div class='ocr_carea' id='block_1_73' title="bbox 255 2207 1008 2244">
    <p class='ocr_par' dir='ltr' id='par_1_73' title="bbox 255 2207 1008 2244">
     <span class='ocr_line' id='line_1_73' title="bbox 255 2207 1008 2244; baseline 0.004 -9"><span class='ocrx_word' id='word_1_523' title='bbox 255 2209 316 2236; x_wconf 78' lang='grc' dir='ltr'>Ὅτι</span> <span class='ocrx_word' id='word_1_524' title='bbox 332 2209 389 2236; x_wconf 84' lang='grc' dir='ltr'>οὐκ</span> <span class='ocrx_word' id='word_1_525' title='bbox 404 2209 490 2236; x_wconf 70' lang='grc' dir='ltr'>ἔστιν</span> <span class='ocrx_word' id='word_1_526' title='bbox 509 2209 595 2244; x_wconf 75' lang='grc' dir='ltr'>ἑτέρα</span> <span class='ocrx_word' id='word_1_527' title='bbox 607 2210 712 2244; x_wconf 79' lang='grc' dir='ltr'>’παρὲξ</span> <span class='ocrx_word' id='word_1_528' title='bbox 729 2209 825 2244; x_wconf 78' lang='grc' dir='ltr'>αὐτῆς</span> <span class='ocrx_word' id='word_1_529' title='bbox 849 2207 918 2238; x_wconf 79' lang='grc' dir='ltr'>ὧδε.</span> <span class='ocrx_word' id='word_1_530' title='bbox 939 2212 1008 2238; x_wconf 72' lang='grc' dir='ltr'><strong>Οὐδὲ</strong></span> 
     </span>
    </p>
   </div>
   <div class='ocr_carea' id='block_1_74' title="bbox 1060 1609 1845 1647">
    <p class='ocr_par' dir='ltr' id='par_1_74' title="bbox 1060 1609 1845 1647">
     <span class='ocr_line' id='line_1_74' title="bbox 1060 1609 1845 1647; baseline -0.013 -1"><span class='ocrx_word' id='word_1_531' title='bbox 1060 1626 1122 1646; x_wconf 91' lang='lat' dir='ltr'><strong>nem</strong></span> <span class='ocrx_word' id='word_1_532' title='bbox 1139 1616 1290 1645; x_wconf 88' lang='lat' dir='ltr'><strong>incurrisse</strong></span> <span class='ocrx_word' id='word_1_533' title='bbox 1300 1635 1308 1647; x_wconf 90' lang='lat'><strong>,</strong></span> <span class='ocrx_word' id='word_1_534' title='bbox 1332 1614 1415 1642; x_wconf 86' lang='lat' dir='ltr'><strong>etiam</strong></span> <span class='ocrx_word' id='word_1_535' title='bbox 1432 1612 1559 1640; x_wconf 82' lang='lat' dir='ltr'><strong>Salvator</strong></span> <span class='ocrx_word' id='word_1_536' title='bbox 1574 1609 1785 1642; x_wconf 84' lang='lat' dir='ltr'><strong>demonstravit,</strong></span> <span class='ocrx_word' id='word_1_537' title='bbox 1797 1609 1845 1636; x_wconf 90' lang='lat' dir='ltr'><strong>ubi</strong></span> 
     </span>
    </p>
   </div>
   <div class='ocr_carea' id='block_1_75' title="bbox 1061 1655 1845 1699">
    <p class='ocr_par' dir='ltr' id='par_1_75' title="bbox 1061 1655 1845 1699">
     <span class='ocr_line' id='line_1_75' title="bbox 1061 1655 1845 1699; baseline -0.014 -7"><span class='ocrx_word' id='word_1_538' title='bbox 1061 1669 1091 1692; x_wconf 91' lang='lat' dir='ltr'><strong>ut</strong></span> <span class='ocrx_word' id='word_1_539' title='bbox 1101 1663 1253 1699; x_wconf 86' lang='lat' dir='ltr'><strong>discipulos</strong></span> <span class='ocrx_word' id='word_1_540' title='bbox 1266 1668 1332 1690; x_wconf 87' lang='lat' dir='ltr'><strong>suos</strong></span> <span class='ocrx_word' id='word_1_541' title='bbox 1346 1658 1516 1691; x_wconf 81' lang='lat' dir='ltr'><strong>defenderet,</strong></span> <span class='ocrx_word' id='word_1_542' title='bbox 1526 1657 1609 1693; x_wconf 83' lang='lat' dir='ltr'><strong>hujus</strong></span> <span class='ocrx_word' id='word_1_543' title='bbox 1623 1656 1663 1684; x_wconf 87' lang='lat' dir='ltr'><strong>rei</strong></span> <span class='ocrx_word' id='word_1_544' title='bbox 1676 1655 1845 1684; x_wconf 86' lang='lat' dir='ltr'><strong>mentionem</strong></span> 
     </span>
    </p>
   </div>
   <div class='ocr_carea' id='block_1_76' title="bbox 1061 1710 1136 1738">
    <p class='ocr_par' dir='ltr' id='par_1_76' title="bbox 1061 1710 1136 1738">
     <span class='ocr_line' id='line_1_76' title="bbox 1061 1710 1136 1738; baseline -0.027 -1"><span class='ocrx_word' id='word_1_545' title='bbox 1061 1710 1136 1738; x_wconf 81' lang='lat' dir='ltr'><strong>fecit.</strong></span> 
     </span>
    </p>
   </div>
   <div class='ocr_carea' id='block_1_77' title="bbox 1096 1744 1846 1785">
    <p class='ocr_par' dir='ltr' id='par_1_77' title="bbox 1096 1744 1846 1785">
     <span class='ocr_line' id='line_1_77' title="bbox 1096 1744 1846 1785; baseline -0.019 -2"><span class='ocrx_word' id='word_1_546' title='bbox 1096 1755 1183 1783; x_wconf 78' lang='lat' dir='ltr'><strong>Vsns.</strong></span> <span class='ocrx_word' id='word_1_547' title='bbox 1196 1754 1224 1782; x_wconf 87' lang='lat'><strong>5.</strong></span> <span class='ocrx_word' id='word_1_548' title='bbox 1248 1753 1282 1782; x_wconf 82' lang='lat' dir='ltr'><strong>Et</strong></span> <span class='ocrx_word' id='word_1_549' title='bbox 1303 1754 1346 1781; x_wconf 78' lang='lat' dir='ltr'><strong>via</strong></span> <span class='ocrx_word' id='word_1_550' title='bbox 1358 1753 1414 1780; x_wconf 66' lang='lat' dir='ltr'><strong>hac</strong></span> <span class='ocrx_word' id='word_1_551' title='bbox 1435 1751 1560 1785; x_wconf 83' lang='lat' dir='ltr'><strong>impura.</strong></span> <span class='ocrx_word' id='word_1_552' title='bbox 1582 1753 1607 1776; x_wconf 82' lang='lat' dir='ltr'><strong>et</strong></span> <span class='ocrx_word' id='word_1_553' title='bbox 1629 1746 1757 1782; x_wconf 75' lang='lat' dir='ltr'><strong>profana.</strong></span> <span class='ocrx_word' id='word_1_554' title='bbox 1776 1744 1846 1772; x_wconf 89' lang='lat' dir='ltr'><strong>Cum</strong></span> 
     </span>
    </p>
   </div>
   <div class='ocr_carea' id='block_1_78' title="bbox 1061 1789 1847 1829">
    <p class='ocr_par' dir='ltr' id='par_1_78' title="bbox 1061 1789 1847 1829">
     <span class='ocr_line' id='line_1_78' title="bbox 1061 1789 1847 1829; baseline -0.019 1"><span class='ocrx_word' id='word_1_555' title='bbox 1061 1801 1095 1829; x_wconf 89' lang='lat' dir='ltr'><strong>ad</strong></span> <span class='ocrx_word' id='word_1_556' title='bbox 1121 1806 1180 1828; x_wconf 84' lang='lat' dir='ltr'><strong>tres</strong></span> <span class='ocrx_word' id='word_1_557' title='bbox 1205 1800 1266 1828; x_wconf 88' lang='lat' dir='ltr'><strong>dies</strong></span> <span class='ocrx_word' id='word_1_558' title='bbox 1294 1797 1486 1827; x_wconf 83' lang='lat' dir='ltr'><strong>sanctiﬁcatos</strong></span> <span class='ocrx_word' id='word_1_559' title='bbox 1508 1801 1570 1823; x_wconf 85' lang='lat' dir='ltr'><strong>esse</strong></span> <span class='ocrx_word' id='word_1_560' title='bbox 1593 1793 1726 1825; x_wconf 78' lang='lat' dir='ltr'><strong>dixisset,</strong></span> <span class='ocrx_word' id='word_1_561' title='bbox 1746 1789 1847 1824; x_wconf 83' lang='lat' dir='ltr'><strong>adjecit</strong></span> 
     </span>
    </p>
   </div>
   <div class='ocr_carea' id='block_1_79' title="bbox 1061 1836 1847 1882">
    <p class='ocr_par' dir='ltr' id='par_1_79' title="bbox 1061 1836 1847 1882">
     <span class='ocr_line' id='line_1_79' title="bbox 1061 1836 1847 1882; baseline -0.018 -7"><span class='ocrx_word' id='word_1_562' title='bbox 1061 1854 1091 1875; x_wconf 90' lang='lat' dir='ltr'><strong>se</strong></span> <span class='ocrx_word' id='word_1_563' title='bbox 1112 1846 1146 1874; x_wconf 88' lang='lat' dir='ltr'><strong>ad</strong></span> <span class='ocrx_word' id='word_1_564' title='bbox 1172 1846 1225 1874; x_wconf 88' lang='lat' dir='ltr'><strong>iter</strong></span> <span class='ocrx_word' id='word_1_565' title='bbox 1250 1844 1423 1882; x_wconf 87' lang='lat' dir='ltr'><strong>propositum</strong></span> <span class='ocrx_word' id='word_1_566' title='bbox 1447 1839 1667 1870; x_wconf 77' lang='lat' dir='ltr'><strong>conﬁciendum,</strong></span> <span class='ocrx_word' id='word_1_567' title='bbox 1689 1836 1847 1872; x_wconf 84' lang='lat' dir='ltr'><strong>impellente</strong></span> 
     </span>
    </p>
   </div>
   <div class='ocr_carea' id='block_1_80' title="bbox 1060 1885 1849 1924">
    <p class='ocr_par' dir='ltr' id='par_1_80' title="bbox 1060 1885 1849 1924">
     <span class='ocr_line' id='line_1_80' title="bbox 1060 1885 1849 1924; baseline -0.016 -3"><span class='ocrx_word' id='word_1_568' title='bbox 1060 1893 1238 1924; x_wconf 85' lang='lat' dir='ltr'><strong>necessitate,</strong></span> <span class='ocrx_word' id='word_1_569' title='bbox 1256 1890 1328 1919; x_wconf 85' lang='lat' dir='ltr'><strong>sacri</strong></span> <span class='ocrx_word' id='word_1_570' title='bbox 1345 1889 1399 1917; x_wconf 89' lang='lat' dir='ltr'><strong>cibi</strong></span> <span class='ocrx_word' id='word_1_571' title='bbox 1417 1892 1522 1924; x_wconf 85' lang='lat' dir='ltr'><strong>partem</strong></span> <span class='ocrx_word' id='word_1_572' title='bbox 1540 1889 1720 1920; x_wconf 86' lang='lat' dir='ltr'><strong>accepturum</strong></span> <span class='ocrx_word' id='word_1_573' title='bbox 1734 1885 1849 1914; x_wconf 85' lang='lat' dir='ltr'><strong>esse,ut</strong></span> 
     </span>
    </p>
   </div>
   <div class='ocr_carea' id='block_1_81' title="bbox 1060 1929 1848 1972">
    <p class='ocr_par' dir='ltr' id='par_1_81' title="bbox 1060 1929 1848 1972">
     <span class='ocr_line' id='line_1_81' title="bbox 1060 1929 1848 1972; baseline -0.016 -5"><span class='ocrx_word' id='word_1_574' title='bbox 1060 1938 1227 1972; x_wconf 75' lang='lat' dir='ltr'><strong>necessitate</strong></span> <span class='ocrx_word' id='word_1_575' title='bbox 1244 1936 1335 1963; x_wconf 80' lang='lat' dir='ltr'><strong>victus</strong></span> <span class='ocrx_word' id='word_1_576' title='bbox 1357 1942 1414 1962; x_wconf 89' lang='lat' dir='ltr'><strong>rem</strong></span> <span class='ocrx_word' id='word_1_577' title='bbox 1437 1937 1599 1969; x_wconf 73' lang='lat' dir='ltr'><strong>praesentem</strong></span> <span class='ocrx_word' id='word_1_578' title='bbox 1622 1929 1801 1960; x_wconf 81' lang='lat' dir='ltr'><strong>defenderet,</strong></span> <span class='ocrx_word' id='word_1_579' title='bbox 1820 1932 1848 1954; x_wconf 87' lang='lat' dir='ltr'><strong>et</strong></span> 
     </span>
    </p>
   </div>
   <div class='ocr_carea' id='block_1_82' title="bbox 1060 1972 1844 2018">
    <p class='ocr_par' dir='ltr' id='par_1_82' title="bbox 1060 1972 1844 2018">
     <span class='ocr_line' id='line_1_82' title="bbox 1060 1972 1844 2018; baseline -0.015 -7"><span class='ocrx_word' id='word_1_580' title='bbox 1060 1983 1220 2018; x_wconf 74' lang='lat' dir='ltr'><strong>corrigeret.</strong></span> <span class='ocrx_word' id='word_1_581' title='bbox 1234 1981 1364 2016; x_wconf 78' lang='grc' dir='ltr'>Βέὸηλον,</span> <span class='ocrx_word' id='word_1_582' title='bbox 1372 1984 1465 2007; x_wconf 77' lang='lat' dir='ltr'><strong>autem</strong></span> <span class='ocrx_word' id='word_1_583' title='bbox 1477 1986 1532 2006; x_wconf 89' lang='lat' dir='ltr'><strong>non</strong></span> <span class='ocrx_word' id='word_1_584' title='bbox 1545 1984 1595 2013; x_wconf 88' lang='lat' dir='ltr'><strong>pro</strong></span> <span class='ocrx_word' id='word_1_585' title='bbox 1611 1976 1779 2010; x_wconf 76' lang='grc' dir='ltr'>ἀκαθάρτου,</span> <span class='ocrx_word' id='word_1_586' title='bbox 1795 1972 1844 2001; x_wconf 72' lang='grc' dir='ltr'>ενα</span> 
     </span>
    </p>
   </div>
   <div class='ocr_carea' id='block_1_83' title="bbox 1061 2018 1847 2065">
    <p class='ocr_par' dir='ltr' id='par_1_83' title="bbox 1061 2018 1847 2065">
     <span class='ocr_line' id='line_1_83' title="bbox 1061 2018 1847 2065; baseline -0.017 -8"><span class='ocrx_word' id='word_1_587' title='bbox 1061 2037 1110 2065; x_wconf 90' lang='lat' dir='ltr'><strong>pro</strong></span> <span class='ocrx_word' id='word_1_588' title='bbox 1129 2028 1167 2064; x_wconf 86' lang='grc' dir='ltr'>μὴ</span> <span class='ocrx_word' id='word_1_589' title='bbox 1189 2026 1275 2063; x_wconf 84' lang='grc' dir='ltr'>ίεροῦ,</span> <span class='ocrx_word' id='word_1_590' title='bbox 1293 2026 1321 2053; x_wconf 89' lang='lat' dir='ltr'><strong>id</strong></span> <span class='ocrx_word' id='word_1_591' title='bbox 1338 2029 1395 2058; x_wconf 86' lang='lat' dir='ltr'><strong>est,</strong></span> <span class='ocrx_word' id='word_1_592' title='bbox 1414 2032 1469 2052; x_wconf 92' lang='lat' dir='ltr'><strong>non</strong></span> <span class='ocrx_word' id='word_1_593' title='bbox 1496 2026 1610 2053; x_wconf 84' lang='lat' dir='ltr'><strong>sancto,</strong></span> <span class='ocrx_word' id='word_1_594' title='bbox 1637 2021 1739 2056; x_wconf 86' lang='lat' dir='ltr'><strong>posuit.</strong></span> <span class='ocrx_word' id='word_1_595' title='bbox 1766 2018 1847 2046; x_wconf 84' lang='lat' dir='ltr'><strong>Unde</strong></span> 
     </span>
    </p>
   </div>
   <div class='ocr_carea' id='block_1_84' title="bbox 1059 2065 1848 2109">
    <p class='ocr_par' dir='ltr' id='par_1_84' title="bbox 1059 2065 1848 2109">
     <span class='ocr_line' id='line_1_84' title="bbox 1059 2065 1848 2109; baseline -0.015 -8"><span class='ocrx_word' id='word_1_596' title='bbox 1059 2074 1158 2109; x_wconf 84' lang='lat' dir='ltr'><strong>Aquila</strong></span> <span class='ocrx_word' id='word_1_597' title='bbox 1173 2073 1255 2101; x_wconf 89' lang='lat' dir='ltr'><strong>ctiam</strong></span> <span class='ocrx_word' id='word_1_598' title='bbox 1275 2071 1371 2099; x_wconf 83' lang='lat' dir='ltr'><strong>laicam</strong></span> <span class='ocrx_word' id='word_1_599' title='bbox 1383 2069 1519 2105; x_wconf 81' lang='lat' dir='ltr'><strong>exposuit,</strong></span> <span class='ocrx_word' id='word_1_600' title='bbox 1537 2068 1589 2095; x_wconf 85' lang='lat' dir='ltr'><strong>hoc</strong></span> <span class='ocrx_word' id='word_1_601' title='bbox 1608 2065 1738 2094; x_wconf 86' lang='lat' dir='ltr'><strong>est:Etsi</strong></span> <span class='ocrx_word' id='word_1_602' title='bbox 1757 2070 1848 2091; x_wconf 82' lang='lat' dir='ltr'><strong>sacer-</strong></span> 
     </span>
    </p>
   </div>
   <div class='ocr_carea' id='block_1_85' title="bbox 1060 2110 1847 2149">
    <p class='ocr_par' dir='ltr' id='par_1_85' title="bbox 1060 2110 1847 2149">
     <span class='ocr_line' id='line_1_85' title="bbox 1060 2110 1847 2149; baseline -0.017 -3"><span class='ocrx_word' id='word_1_603' title='bbox 1060 2119 1110 2146; x_wconf 88' lang='lat' dir='ltr'><strong>dos</strong></span> <span class='ocrx_word' id='word_1_604' title='bbox 1127 2126 1180 2145; x_wconf 91' lang='lat' dir='ltr'><strong>non</strong></span> <span class='ocrx_word' id='word_1_605' title='bbox 1195 2117 1247 2145; x_wconf 92' lang='lat' dir='ltr'><strong>sim</strong></span> <span class='ocrx_word' id='word_1_606' title='bbox 1263 2135 1271 2148; x_wconf 89' lang='lat'><strong>,</strong></span> <span class='ocrx_word' id='word_1_607' title='bbox 1297 2116 1399 2144; x_wconf 92' lang='lat' dir='ltr'><strong>donum</strong></span> <span class='ocrx_word' id='word_1_608' title='bbox 1419 2113 1609 2149; x_wconf 86' lang='lat' dir='ltr'><strong>propheticum</strong></span> <span class='ocrx_word' id='word_1_609' title='bbox 1639 2110 1755 2144; x_wconf 85' lang='lat' dir='ltr'><strong>adeptus</strong></span> <span class='ocrx_word' id='word_1_610' title='bbox 1774 2114 1847 2135; x_wconf 90' lang='lat' dir='ltr'><strong>sum.</strong></span> 
     </span>
    </p>
   </div>
   <div class='ocr_carea' id='block_1_86' title="bbox 1062 2153 1816 2197">
    <p class='ocr_par' dir='ltr' id='par_1_86' title="bbox 1062 2153 1816 2197">
     <span class='ocr_line' id='line_1_86' title="bbox 1062 2153 1816 2197; baseline -0.019 -4"><span class='ocrx_word' id='word_1_611' title='bbox 1062 2165 1133 2192; x_wconf 87' lang='lat' dir='ltr'><strong>Vasa</strong></span> <span class='ocrx_word' id='word_1_612' title='bbox 1149 2164 1222 2191; x_wconf 89' lang='lat' dir='ltr'><strong>enim</strong></span> <span class='ocrx_word' id='word_1_613' title='bbox 1235 2162 1307 2197; x_wconf 89' lang='lat' dir='ltr'><strong>ejus,</strong></span> <span class='ocrx_word' id='word_1_614' title='bbox 1325 2165 1352 2189; x_wconf 89' lang='lat' dir='ltr'><strong>et</strong></span> <span class='ocrx_word' id='word_1_615' title='bbox 1368 2164 1518 2190; x_wconf 81' lang='lat' dir='ltr'><strong>armatura,</strong></span> <span class='ocrx_word' id='word_1_616' title='bbox 1541 2157 1643 2185; x_wconf 79' lang='lat' dir='ltr'><strong>denunt</strong></span> <span class='ocrx_word' id='word_1_617' title='bbox 1662 2153 1816 2190; x_wconf 83' lang='lat' dir='ltr'><strong>spirituale.</strong></span> 
     </span>
    </p>
   </div>
   <div class='ocr_carea' id='block_1_87' title="bbox 1096 2198 1849 2238">
    <p class='ocr_par' dir='ltr' id='par_1_87' title="bbox 1096 2198 1849 2238">
     <span class='ocr_line' id='line_1_87' title="bbox 1096 2198 1849 2238; baseline -0.016 -2"><span class='ocrx_word' id='word_1_618' title='bbox 1096 2210 1182 2238; x_wconf 72' lang='lat' dir='ltr'><strong>Vens.</strong></span> <span class='ocrx_word' id='word_1_619' title='bbox 1202 2208 1229 2236; x_wconf 86' lang='lat'><strong>9.</strong></span> <span class='ocrx_word' id='word_1_620' title='bbox 1258 2207 1320 2234; x_wconf 85' lang='lat' dir='ltr'><strong>Non</strong></span> <span class='ocrx_word' id='word_1_621' title='bbox 1347 2207 1419 2234; x_wconf 73' lang='lat' dir='ltr'><strong>alius</strong></span> <span class='ocrx_word' id='word_1_622' title='bbox 1434 2210 1472 2232; x_wconf 76' lang='lat' dir='ltr'><strong>est</strong></span> <span class='ocrx_word' id='word_1_623' title='bbox 1496 2205 1537 2231; x_wconf 82' lang='lat' dir='ltr'><strong>hic</strong></span> <span class='ocrx_word' id='word_1_624' title='bbox 1558 2207 1653 2237; x_wconf 74' lang='lat' dir='ltr'><strong>pra-ter</strong></span> <span class='ocrx_word' id='word_1_625' title='bbox 1679 2201 1758 2227; x_wconf 81' lang='lat' dir='ltr'><strong>hunc.</strong></span> <span class='ocrx_word' id='word_1_626' title='bbox 1789 2198 1849 2225; x_wconf 87' lang='lat' dir='ltr'><strong>Non</strong></span> 
     </span>
    </p>
   </div>
   <div class='ocr_carea' id='block_1_88' title="bbox 218 2244 1003 2293">
    <p class='ocr_par' dir='ltr' id='par_1_88' title="bbox 218 2255 1003 2291">
     <span class='ocr_line' id='line_1_88' title="bbox 218 2255 1003 2291; baseline 0.004 -9"><span class='ocrx_word' id='word_1_627' title='bbox 218 2257 274 2290; x_wconf 72' lang='grc' dir='ltr'>γὰρ</span> <span class='ocrx_word' id='word_1_628' title='bbox 291 2255 355 2291; x_wconf 82' lang='grc' dir='ltr'><strong>ὲξῆν</strong></span> <span class='ocrx_word' id='word_1_629' title='bbox 373 2256 402 2282; x_wconf 81' lang='grc' dir='ltr'>ὲν</span> <span class='ocrx_word' id='word_1_630' title='bbox 416 2256 449 2291; x_wconf 88' lang='grc' dir='ltr'><strong>τῇ</strong></span> <span class='ocrx_word' id='word_1_631' title='bbox 467 2257 553 2291; x_wconf 76' lang='grc' dir='ltr'>σκηνῇ</span> <span class='ocrx_word' id='word_1_632' title='bbox 582 2255 629 2282; x_wconf 88' lang='grc' dir='ltr'><strong>τοῦ</strong></span> <span class='ocrx_word' id='word_1_633' title='bbox 655 2255 722 2282; x_wconf 83' lang='grc' dir='ltr'>Θεοῦ</span> <span class='ocrx_word' id='word_1_634' title='bbox 746 2255 923 2284; x_wconf 84' lang='grc' dir='ltr'>ἀποτίθεσθαι</span> <span class='ocrx_word' id='word_1_635' title='bbox 938 2258 1003 2285; x_wconf 81' lang='grc' dir='ltr'>ὅπλα</span> 
     </span>
    </p>
   </div>
   <div class='ocr_carea' id='block_1_89' title="bbox 1055 2244 1849 2293">
    <p class='ocr_par' dir='ltr' id='par_1_89' title="bbox 1061 2244 1849 2285">
     <span class='ocr_line' id='line_1_89' title="bbox 1061 2244 1849 2285; baseline -0.018 -1"><span class='ocrx_word' id='word_1_636' title='bbox 1061 2256 1136 2284; x_wconf 88' lang='lat' dir='ltr'><strong>enim</strong></span> <span class='ocrx_word' id='word_1_637' title='bbox 1151 2255 1192 2282; x_wconf 81' lang='lat' dir='ltr'><strong>l&#39;as</strong></span> <span class='ocrx_word' id='word_1_638' title='bbox 1207 2258 1279 2285; x_wconf 86' lang='lat' dir='ltr'><strong>erat,</strong></span> <span class='ocrx_word' id='word_1_639' title='bbox 1298 2253 1324 2280; x_wconf 93' lang='lat' dir='ltr'><strong>in</strong></span> <span class='ocrx_word' id='word_1_640' title='bbox 1342 2251 1522 2279; x_wconf 85' lang='lat' dir='ltr'><strong>tabernaculo</strong></span> <span class='ocrx_word' id='word_1_641' title='bbox 1536 2247 1641 2276; x_wconf 85' lang='lat' dir='ltr'><strong>Domini</strong></span> <span class='ocrx_word' id='word_1_642' title='bbox 1659 2254 1736 2274; x_wconf 87' lang='lat' dir='ltr'><strong>arma</strong></span> <span class='ocrx_word' id='word_1_643' title='bbox 1748 2244 1849 2272; x_wconf 87' lang='lat' dir='ltr'><strong>bellica</strong></span> 
     </span>
    </p>
   </div>
   <div class='ocr_carea' id='block_1_90' title="bbox 221 2300 1010 2338">
    <p class='ocr_par' dir='ltr' id='par_1_90' title="bbox 221 2300 1010 2338">
     <span class='ocr_line' id='line_1_90' title="bbox 221 2300 1010 2338; baseline 0.004 -11"><span class='ocrx_word' id='word_1_644' title='bbox 221 2301 367 2335; x_wconf 76' lang='grc' dir='ltr'>πολεμικά.</span> <span class='ocrx_word' id='word_1_645' title='bbox 386 2300 459 2336; x_wconf 81' lang='grc' dir='ltr'>Αῦτη</span> <span class='ocrx_word' id='word_1_646' title='bbox 475 2301 530 2335; x_wconf 86' lang='grc' dir='ltr'>γὰρ</span> <span class='ocrx_word' id='word_1_647' title='bbox 539 2300 664 2327; x_wconf 81' lang='grc' dir='ltr'>ἀνέκειτο</span> <span class='ocrx_word' id='word_1_648' title='bbox 677 2301 873 2336; x_wconf 77' lang='grc' dir='ltr'>χαριστήριον</span> <span class='ocrx_word' id='word_1_649' title='bbox 888 2303 928 2335; x_wconf 85' lang='grc' dir='ltr'>εὶς</span> <span class='ocrx_word' id='word_1_650' title='bbox 941 2303 1010 2338; x_wconf 87' lang='grc' dir='ltr'>μνή-</span> 
     </span>
    </p>
   </div>
   <div class='ocr_carea' id='block_1_91' title="bbox 222 2345 857 2382">
    <p class='ocr_par' dir='ltr' id='par_1_91' title="bbox 222 2345 857 2382">
     <span class='ocr_line' id='line_1_91' title="bbox 222 2345 857 2382; baseline 0.003 -10"><span class='ocrx_word' id='word_1_651' title='bbox 222 2354 276 2381; x_wconf 88' lang='grc' dir='ltr'><strong>μην</strong></span> <span class='ocrx_word' id='word_1_652' title='bbox 289 2345 338 2381; x_wconf 86' lang='grc' dir='ltr'>τῆς</span> <span class='ocrx_word' id='word_1_653' title='bbox 353 2345 432 2382; x_wconf 86' lang='grc' dir='ltr'>νίκης</span> <span class='ocrx_word' id='word_1_654' title='bbox 448 2345 486 2381; x_wconf 83' lang='grc' dir='ltr'><strong>τῷ</strong></span> <span class='ocrx_word' id='word_1_655' title='bbox 499 2346 548 2380; x_wconf 85' lang='grc' dir='ltr'><strong>τὴν</strong></span> <span class='ocrx_word' id='word_1_656' title='bbox 565 2345 644 2380; x_wconf 87' lang='grc' dir='ltr'>νίκην</span> <span class='ocrx_word' id='word_1_657' title='bbox 661 2345 857 2382; x_wconf 84' lang='grc' dir='ltr'>δωρησαμένῳ.</span> 
     </span>
    </p>
   </div>
   <div class='ocr_carea' id='block_1_92' title="bbox 255 2436 1008 2476">
    <p class='ocr_par' dir='ltr' id='par_1_92' title="bbox 255 2436 1008 2476">
     <span class='ocr_line' id='line_1_92' title="bbox 255 2436 1008 2476; baseline 0.007 -13"><span class='ocrx_word' id='word_1_658' title='bbox 255 2436 309 2463; x_wconf 77' lang='grc' dir='ltr'><strong>Καὶ</strong></span> <span class='ocrx_word' id='word_1_659' title='bbox 321 2437 528 2472; x_wconf 74' lang='grc' dir='ltr'>προσεποιεῖτο</span> <span class='ocrx_word' id='word_1_660' title='bbox 540 2437 575 2464; x_wconf 75' lang='grc' dir='ltr'><strong>ἐν</strong></span> <span class='ocrx_word' id='word_1_661' title='bbox 585 2437 624 2472; x_wconf 82' lang='grc' dir='ltr'><strong>τῇ</strong></span> <span class='ocrx_word' id='word_1_662' title='bbox 634 2437 729 2473; x_wconf 76' lang='grc' dir='ltr'>ἡμέρᾳ</span> <span class='ocrx_word' id='word_1_663' title='bbox 742 2438 854 2473; x_wconf 75' lang='grc' dir='ltr'>ἐκείνῃ,</span> <span class='ocrx_word' id='word_1_664' title='bbox 863 2440 914 2467; x_wconf 75' lang='grc' dir='ltr'><strong>καί</strong></span> <span class='ocrx_word' id='word_1_665' title='bbox 921 2441 1008 2476; x_wconf 76' lang='grc' dir='ltr'>ἐτυμ-</span> 
     </span>
    </p>
   </div>
   <div class='ocr_carea' id='block_1_93' title="bbox 220 2482 935 2520">
    <p class='ocr_par' dir='ltr' id='par_1_93' title="bbox 220 2482 935 2520">
     <span class='ocr_line' id='line_1_93' title="bbox 220 2482 935 2520; baseline 0.004 -10"><span class='ocrx_word' id='word_1_666' title='bbox 220 2482 352 2513; x_wconf 75' lang='grc' dir='ltr'>πάνιζεν.</span> <span class='ocrx_word' id='word_1_667' title='bbox 360 2482 487 2516; x_wconf 83' lang='grc' dir='ltr'>Ἀκύλας,</span> <span class='ocrx_word' id='word_1_668' title='bbox 499 2484 638 2518; x_wconf 80' lang='grc' dir='ltr'>παρείετο</span> <span class='ocrx_word' id='word_1_669' title='bbox 652 2484 702 2512; x_wconf 78' lang='grc' dir='ltr'><strong>καί</strong></span> <span class='ocrx_word' id='word_1_670' title='bbox 719 2484 935 2520; x_wconf 76' lang='grc' dir='ltr'>προσέκρουεν.</span> 
     </span>
    </p>
   </div>
   <div class='ocr_carea' id='block_1_94' title="bbox 502 2571 706 2599">
    <p class='ocr_par' dir='ltr' id='par_1_94' title="bbox 502 2571 706 2599">
     <span class='ocr_line' id='line_1_94' title="bbox 502 2571 706 2599; baseline 0.005 -1"><span class='ocrx_word' id='word_1_671' title='bbox 502 2571 628 2599; x_wconf 79' lang='grc' dir='ltr'>ΚΕΦΔΛ.</span> <span class='ocrx_word' id='word_1_672' title='bbox 652 2571 706 2599; x_wconf 83' lang='lat' dir='ltr'><strong>KB&#39;</strong></span> 
     </span>
    </p>
   </div>
   <div class='ocr_carea' id='block_1_95' title="bbox 256 2615 1007 2653">
    <p class='ocr_par' dir='ltr' id='par_1_95' title="bbox 256 2615 1007 2653">
     <span class='ocr_line' id='line_1_95' title="bbox 256 2615 1007 2653; baseline 0.008 -12"><span class='ocrx_word' id='word_1_673' title='bbox 256 2615 462 2650; x_wconf 80' lang='grc' dir='ltr'>Δυσσεσεστέρα</span> <span class='ocrx_word' id='word_1_674' title='bbox 470 2615 499 2642; x_wconf 72' lang='grc' dir='ltr'>δὲ</span> <span class='ocrx_word' id='word_1_675' title='bbox 508 2615 562 2642; x_wconf 88' lang='grc' dir='ltr'><strong>τῶν</strong></span> <span class='ocrx_word' id='word_1_676' title='bbox 576 2616 663 2644; x_wconf 66' lang='grc' dir='ltr'>ἄλλων</span> <span class='ocrx_word' id='word_1_677' title='bbox 674 2617 691 2652; x_wconf 82' lang='grc' dir='ltr'><strong>ἡ</strong></span> <span class='ocrx_word' id='word_1_678' title='bbox 703 2617 773 2645; x_wconf 86' lang='grc' dir='ltr'>κατὰ</span> <span class='ocrx_word' id='word_1_679' title='bbox 784 2618 838 2645; x_wconf 87' lang='grc' dir='ltr'><strong>τῶν</strong></span> <span class='ocrx_word' id='word_1_680' title='bbox 854 2619 949 2653; x_wconf 84' lang='grc' dir='ltr'>ίερέων</span> <span class='ocrx_word' id='word_1_681' title='bbox 961 2620 1007 2647; x_wconf 85' lang='grc' dir='ltr'><strong>τοῦ</strong></span> 
     </span>
    </p>
   </div>
   <div class='ocr_carea' id='block_1_96' title="bbox 222 2657 1009 2703">
    <p class='ocr_par' dir='ltr' id='par_1_96' title="bbox 222 2657 1009 2703">
     <span class='ocr_line' id='line_1_96' title="bbox 222 2657 1009 2703; baseline 0.01 -20"><span class='ocrx_word' id='word_1_682' title='bbox 222 2658 309 2703; x_wconf 65' lang='grc' dir='ltr'>Σαοὺλ</span> <span class='ocrx_word' id='word_1_683' title='bbox 324 2657 395 2693; x_wconf 80' lang='grc' dir='ltr'>αὕτη</span> <span class='ocrx_word' id='word_1_684' title='bbox 409 2659 562 2693; x_wconf 86' lang='grc' dir='ltr'>μιαιφονία.</span> <span class='ocrx_word' id='word_1_685' title='bbox 577 2659 631 2686; x_wconf 87' lang='grc' dir='ltr'><strong>Τοῦ</strong></span> <span class='ocrx_word' id='word_1_686' title='bbox 647 2660 695 2695; x_wconf 79' lang='grc' dir='ltr'>μὲν</span> <span class='ocrx_word' id='word_1_687' title='bbox 711 2661 766 2697; x_wconf 82' lang='grc' dir='ltr'>γὰρ</span> <span class='ocrx_word' id='word_1_688' title='bbox 781 2661 849 2688; x_wconf 84' lang='grc' dir='ltr'>Θεοῦ</span> <span class='ocrx_word' id='word_1_689' title='bbox 862 2662 947 2699; x_wconf 78' lang='grc' dir='ltr'>ἄρδην</span> <span class='ocrx_word' id='word_1_690' title='bbox 963 2664 1009 2691; x_wconf 80' lang='grc' dir='ltr'>τὸν</span> 
     </span>
    </p>
   </div>
   <div class='ocr_carea' id='block_1_97' title="bbox 226 2703 1010 2743">
    <p class='ocr_par' dir='ltr' id='par_1_97' title="bbox 226 2703 1010 2743">
     <span class='ocr_line' id='line_1_97' title="bbox 226 2703 1010 2743; baseline 0.01 -13"><span class='ocrx_word' id='word_1_691' title='bbox 226 2703 351 2740; x_wconf 78' lang='grc' dir='ltr'>Ἀμαλὴκ</span> <span class='ocrx_word' id='word_1_692' title='bbox 367 2705 500 2739; x_wconf 83' lang='grc' dir='ltr'>ἀφανίσαι</span> <span class='ocrx_word' id='word_1_693' title='bbox 520 2705 734 2742; x_wconf 83' lang='grc' dir='ltr'>προστεταχότος</span> <span class='ocrx_word' id='word_1_694' title='bbox 747 2727 755 2740; x_wconf 91' lang='grc'><strong>,</strong></span> <span class='ocrx_word' id='word_1_695' title='bbox 778 2708 948 2743; x_wconf 78' lang='grc' dir='ltr'>παρήκουσε,</span> <span class='ocrx_word' id='word_1_696' title='bbox 962 2711 1010 2738; x_wconf 78' lang='grc' dir='ltr'><strong>καὶ</strong></span> 
     </span>
    </p>
   </div>
   <div class='ocr_carea' id='block_1_98' title="bbox 257 2780 844 2818">
    <p class='ocr_par' dir='ltr' id='par_1_98' title="bbox 257 2780 844 2818">
     <span class='ocr_line' id='line_1_98' title="bbox 257 2780 844 2818; baseline 0.005 -10"><span class='ocrx_word' id='word_1_697' title='bbox 257 2781 268 2797; x_wconf 79' lang='grc'><strong><em>⁸</em></strong></span> <span class='ocrx_word' id='word_1_698' title='bbox 283 2780 351 2817; x_wconf 79' lang='lat' dir='ltr'><strong>Reg.</strong></span> <span class='ocrx_word' id='word_1_699' title='bbox 370 2789 450 2815; x_wconf 84' lang='grc' dir='ltr'>χχχι,</span> <span class='ocrx_word' id='word_1_700' title='bbox 464 2782 492 2810; x_wconf 77' lang='grc'><strong>5.</strong></span> <span class='ocrx_word' id='word_1_701' title='bbox 549 2782 570 2798; x_wconf 88' lang='grc'><strong>¹⁰</strong></span> <span class='ocrx_word' id='word_1_702' title='bbox 585 2781 607 2809; x_wconf 90' lang='lat' dir='ltr'><strong>ll</strong></span> <span class='ocrx_word' id='word_1_703' title='bbox 626 2783 692 2818; x_wconf 71' lang='lat' dir='ltr'><strong>Heg.</strong></span> <span class='ocrx_word' id='word_1_704' title='bbox 704 2791 783 2817; x_wconf 86' lang='grc' dir='ltr'>χχιιι,</span> <span class='ocrx_word' id='word_1_705' title='bbox 798 2784 844 2812; x_wconf 77' lang='grc'><strong>57.</strong></span> 
     </span>
    </p>
   </div>
   <div class='ocr_carea' id='block_1_99' title="bbox 1062 2289 1849 2336">
    <p class='ocr_par' dir='ltr' id='par_1_99' title="bbox 1062 2289 1849 2336">
     <span class='ocr_line' id='line_1_99' title="bbox 1062 2289 1849 2336; baseline -0.019 -6"><span class='ocrx_word' id='word_1_706' title='bbox 1062 2308 1205 2336; x_wconf 85' lang='lat' dir='ltr'><strong>reponere.</strong></span> <span class='ocrx_word' id='word_1_707' title='bbox 1230 2299 1281 2327; x_wconf 86' lang='lat' dir='ltr'><strong>llic</strong></span> <span class='ocrx_word' id='word_1_708' title='bbox 1298 2302 1388 2326; x_wconf 88' lang='lat' dir='ltr'><strong>autem</strong></span> <span class='ocrx_word' id='word_1_709' title='bbox 1412 2296 1521 2333; x_wconf 77' lang='lat' dir='ltr'><strong>gladius</strong></span> <span class='ocrx_word' id='word_1_710' title='bbox 1537 2298 1598 2322; x_wconf 89' lang='lat' dir='ltr'><strong>erat</strong></span> <span class='ocrx_word' id='word_1_711' title='bbox 1615 2291 1794 2329; x_wconf 83' lang='grc' dir='ltr'>χαριστήριον</span> <span class='ocrx_word' id='word_1_712' title='bbox 1809 2289 1849 2324; x_wconf 90' lang='lat' dir='ltr'><strong>(id</strong></span> 
     </span>
    </p>
   </div>
   <div class='ocr_carea' id='block_1_100' title="bbox 1061 2335 1848 2380">
    <p class='ocr_par' dir='ltr' id='par_1_100' title="bbox 1061 2335 1848 2380">
     <span class='ocr_line' id='line_1_100' title="bbox 1061 2335 1848 2380; baseline -0.017 -5"><span class='ocrx_word' id='word_1_713' title='bbox 1061 2351 1124 2380; x_wconf 90' lang='lat' dir='ltr'><strong>est,</strong></span> <span class='ocrx_word' id='word_1_714' title='bbox 1158 2353 1261 2374; x_wconf 89' lang='lat' dir='ltr'><strong>munus</strong></span> <span class='ocrx_word' id='word_1_715' title='bbox 1288 2344 1439 2380; x_wconf 84' lang='lat' dir='ltr'><strong>repositum</strong></span> <span class='ocrx_word' id='word_1_716' title='bbox 1466 2342 1492 2369; x_wconf 91' lang='lat' dir='ltr'><strong>in</strong></span> <span class='ocrx_word' id='word_1_717' title='bbox 1519 2339 1683 2368; x_wconf 79' lang='lat' dir='ltr'><strong>memoriam</strong></span> <span class='ocrx_word' id='word_1_718' title='bbox 1714 2335 1848 2370; x_wconf 75' lang='lat' dir='ltr'><strong>victoriae)</strong></span> 
     </span>
    </p>
   </div>
   <div class='ocr_carea' id='block_1_101' title="bbox 1061 2386 1639 2428">
    <p class='ocr_par' dir='ltr' id='par_1_101' title="bbox 1061 2386 1639 2428">
     <span class='ocr_line' id='line_1_101' title="bbox 1061 2386 1639 2428; baseline -0.016 -7"><span class='ocrx_word' id='word_1_719' title='bbox 1061 2393 1128 2425; x_wconf 93' lang='lat' dir='ltr'><strong>Deo,</strong></span> <span class='ocrx_word' id='word_1_720' title='bbox 1143 2392 1192 2428; x_wconf 88' lang='lat' dir='ltr'><strong>qui</strong></span> <span class='ocrx_word' id='word_1_721' title='bbox 1208 2391 1354 2419; x_wconf 81' lang='lat' dir='ltr'><strong>victoriato</strong></span> <span class='ocrx_word' id='word_1_722' title='bbox 1372 2389 1459 2424; x_wconf 82' lang='lat' dir='ltr'><strong>gratis</strong></span> <span class='ocrx_word' id='word_1_723' title='bbox 1471 2386 1639 2415; x_wconf 88' lang='lat' dir='ltr'><strong>contulerat.</strong></span> 
     </span>
    </p>
   </div>
   <div class='ocr_carea' id='block_1_102' title="bbox 1099 2427 1848 2466">
    <p class='ocr_par' dir='ltr' id='par_1_102' title="bbox 1099 2427 1848 2466">
     <span class='ocr_line' id='line_1_102' title="bbox 1099 2427 1848 2466; baseline -0.017 -1"><span class='ocrx_word' id='word_1_724' title='bbox 1099 2438 1181 2466; x_wconf 69' lang='lat' dir='ltr'><strong>Vens.</strong></span> <span class='ocrx_word' id='word_1_725' title='bbox 1198 2437 1242 2464; x_wconf 75' lang='grc'><strong>10.</strong></span> <span class='ocrx_word' id='word_1_726' title='bbox 1266 2436 1299 2463; x_wconf 82' lang='lat' dir='ltr'><strong>Et</strong></span> <span class='ocrx_word' id='word_1_727' title='bbox 1313 2433 1458 2463; x_wconf 71' lang='lat' dir='ltr'><strong>simulabat</strong></span> <span class='ocrx_word' id='word_1_728' title='bbox 1472 2433 1500 2460; x_wconf 83' lang='lat' dir='ltr'><strong>in</strong></span> <span class='ocrx_word' id='word_1_729' title='bbox 1513 2433 1554 2458; x_wconf 75' lang='lat' dir='ltr'><strong>die</strong></span> <span class='ocrx_word' id='word_1_730' title='bbox 1568 2430 1628 2462; x_wconf 88' lang='lat' dir='ltr'><strong>illa,</strong></span> <span class='ocrx_word' id='word_1_731' title='bbox 1647 2433 1672 2456; x_wconf 80' lang='lat' dir='ltr'><strong>et</strong></span> <span class='ocrx_word' id='word_1_732' title='bbox 1684 2427 1848 2455; x_wconf 76' lang='lat' dir='ltr'><strong>verberabat.</strong></span> 
     </span>
    </p>
   </div>
   <div class='ocr_carea' id='block_1_103' title="bbox 1060 2473 1850 2518">
    <p class='ocr_par' dir='ltr' id='par_1_103' title="bbox 1060 2473 1850 2518">
     <span class='ocr_line' id='line_1_103' title="bbox 1060 2473 1850 2518; baseline -0.018 -6"><span class='ocrx_word' id='word_1_733' title='bbox 1060 2484 1170 2518; x_wconf 82' lang='lat' dir='ltr'><strong>Aquila,</strong></span> <span class='ocrx_word' id='word_1_734' title='bbox 1185 2483 1315 2518; x_wconf 81' lang='grc' dir='ltr'>παρείετο</span> <span class='ocrx_word' id='word_1_735' title='bbox 1328 2481 1374 2508; x_wconf 76' lang='grc' dir='ltr'>καὶ</span> <span class='ocrx_word' id='word_1_736' title='bbox 1385 2479 1580 2514; x_wconf 85' lang='grc' dir='ltr'>προσέκρουεν,</span> <span class='ocrx_word' id='word_1_737' title='bbox 1594 2477 1620 2503; x_wconf 89' lang='lat' dir='ltr'><strong>id</strong></span> <span class='ocrx_word' id='word_1_738' title='bbox 1646 2478 1690 2503; x_wconf 90' lang='lat' dir='ltr'><strong>est</strong></span> <span class='ocrx_word' id='word_1_739' title='bbox 1705 2473 1798 2501; x_wconf 83' lang='lat' dir='ltr'><strong>aderat</strong></span> <span class='ocrx_word' id='word_1_740' title='bbox 1825 2475 1850 2498; x_wconf 83' lang='lat' dir='ltr'><strong>et</strong></span> 
     </span>
    </p>
   </div>
   <div class='ocr_carea' id='block_1_104' title="bbox 1061 2526 1501 2564">
    <p class='ocr_par' dir='ltr' id='par_1_104' title="bbox 1061 2526 1501 2564">
     <span class='ocr_line' id='line_1_104' title="bbox 1061 2526 1501 2564; baseline -0.014 -8"><span class='ocrx_word' id='word_1_741' title='bbox 1061 2529 1241 2564; x_wconf 79' lang='lat' dir='ltr'><strong>reprimebat;</strong></span> <span class='ocrx_word' id='word_1_742' title='bbox 1259 2528 1313 2560; x_wconf 89' lang='lat' dir='ltr'><strong>vel,</strong></span> <span class='ocrx_word' id='word_1_743' title='bbox 1326 2526 1501 2562; x_wconf 78' lang='lat' dir='ltr'><strong>percutiebat.</strong></span> 
     </span>
    </p>
   </div>
   <div class='ocr_carea' id='block_1_105' title="bbox 1370 2567 1548 2598">
    <p class='ocr_par' dir='ltr' id='par_1_105' title="bbox 1370 2567 1548 2598">
     <span class='ocr_line' id='line_1_105' title="bbox 1370 2567 1548 2598; baseline -0.022 0"><span class='ocrx_word' id='word_1_744' title='bbox 1370 2569 1446 2598; x_wconf 83' lang='lat' dir='ltr'><strong>CAP.</strong></span> <span class='ocrx_word' id='word_1_745' title='bbox 1463 2567 1548 2596; x_wconf 79' lang='lat' dir='ltr'><strong>XXII.</strong></span> 
     </span>
    </p>
   </div>
   <div class='ocr_carea' id='block_1_106' title="bbox 1098 2609 1848 2647">
    <p class='ocr_par' dir='ltr' id='par_1_106' title="bbox 1098 2609 1848 2647">
     <span class='ocr_line' id='line_1_106' title="bbox 1098 2609 1848 2647; baseline -0.016 0"><span class='ocrx_word' id='word_1_746' title='bbox 1098 2619 1161 2647; x_wconf 63' lang='lat' dir='ltr'><strong>Haec</strong></span> <span class='ocrx_word' id='word_1_747' title='bbox 1179 2620 1206 2647; x_wconf 88' lang='lat' dir='ltr'><strong>in</strong></span> <span class='ocrx_word' id='word_1_748' title='bbox 1222 2617 1382 2647; x_wconf 86' lang='lat' dir='ltr'><strong>sacerdotes</strong></span> <span class='ocrx_word' id='word_1_749' title='bbox 1394 2614 1545 2644; x_wconf 80' lang='lat' dir='ltr'><strong>contmissa</strong></span> <span class='ocrx_word' id='word_1_750' title='bbox 1560 2620 1575 2639; x_wconf 89' lang='lat' dir='ltr'><strong>a</strong></span> <span class='ocrx_word' id='word_1_751' title='bbox 1587 2610 1670 2639; x_wconf 88' lang='lat' dir='ltr'><strong>Saule</strong></span> <span class='ocrx_word' id='word_1_752' title='bbox 1684 2609 1773 2638; x_wconf 69' lang='lat' dir='ltr'><strong>credes</strong></span> <span class='ocrx_word' id='word_1_753' title='bbox 1787 2615 1848 2635; x_wconf 91' lang='lat' dir='ltr'><strong>om-</strong></span> 
     </span>
    </p>
   </div>
   <div class='ocr_carea' id='block_1_107' title="bbox 1063 2653 1850 2692">
    <p class='ocr_par' dir='ltr' id='par_1_107' title="bbox 1063 2653 1850 2692">
     <span class='ocr_line' id='line_1_107' title="bbox 1063 2653 1850 2692; baseline -0.017 1"><span class='ocrx_word' id='word_1_754' title='bbox 1063 2666 1138 2692; x_wconf 87' lang='lat' dir='ltr'><strong>nium</strong></span> <span class='ocrx_word' id='word_1_755' title='bbox 1154 2666 1272 2692; x_wconf 80' lang='lat' dir='ltr'><strong>maxime</strong></span> <span class='ocrx_word' id='word_1_756' title='bbox 1299 2660 1480 2690; x_wconf 73' lang='lat' dir='ltr'><strong>exsecrabilis</strong></span> <span class='ocrx_word' id='word_1_757' title='bbox 1498 2662 1551 2687; x_wconf 87' lang='lat' dir='ltr'><strong>est.</strong></span> <span class='ocrx_word' id='word_1_758' title='bbox 1572 2657 1641 2685; x_wconf 88' lang='lat' dir='ltr'><strong>Cum</strong></span> <span class='ocrx_word' id='word_1_759' title='bbox 1664 2655 1738 2684; x_wconf 85' lang='lat' dir='ltr'><strong>enim</strong></span> <span class='ocrx_word' id='word_1_760' title='bbox 1754 2661 1769 2681; x_wconf 88' lang='lat' dir='ltr'><strong>a</strong></span> <span class='ocrx_word' id='word_1_761' title='bbox 1794 2653 1850 2684; x_wconf 90' lang='lat' dir='ltr'><strong>Deo</strong></span> 
     </span>
    </p>
   </div>
   <div class='ocr_carea' id='block_1_108' title="bbox 1064 2699 1850 2740">
    <p class='ocr_par' dir='ltr' id='par_1_108' title="bbox 1064 2699 1850 2740">
     <span class='ocr_line' id='line_1_108' title="bbox 1064 2699 1850 2740; baseline -0.015 -2"><span class='ocrx_word' id='word_1_762' title='bbox 1064 2710 1229 2738; x_wconf 74' lang='lat' dir='ltr'><strong>Amalecitas</strong></span> <span class='ocrx_word' id='word_1_763' title='bbox 1243 2709 1375 2737; x_wconf 85' lang='lat' dir='ltr'><strong>radicitus</strong></span> <span class='ocrx_word' id='word_1_764' title='bbox 1386 2710 1511 2735; x_wconf 81' lang='lat' dir='ltr'><strong>evertere</strong></span> <span class='ocrx_word' id='word_1_765' title='bbox 1523 2705 1620 2740; x_wconf 86' lang='lat' dir='ltr'><strong>jussus</strong></span> <span class='ocrx_word' id='word_1_766' title='bbox 1634 2706 1719 2734; x_wconf 86' lang='lat' dir='ltr'><strong>esset,</strong></span> <span class='ocrx_word' id='word_1_767' title='bbox 1737 2700 1767 2727; x_wconf 83' lang='lat' dir='ltr'><strong>in</strong></span> <span class='ocrx_word' id='word_1_768' title='bbox 1782 2699 1850 2727; x_wconf 81' lang='lat' dir='ltr'><strong>obe&#39;</strong></span> 
     </span>
    </p>
   </div>
   <div class='ocr_carea' id='block_1_109' title="bbox 883 2828 1214 2858">
    <p class='ocr_par' dir='ltr' id='par_1_109' title="bbox 883 2828 1214 2858">
     <span class='ocr_line' id='line_1_109' title="bbox 883 2828 1214 2858; baseline 0.006 -2"><span class='ocrx_word' id='word_1_769' title='bbox 883 2829 999 2856; x_wconf 64' lang='lat' dir='ltr'><strong>VARI/15</strong></span> <span class='ocrx_word' id='word_1_770' title='bbox 1011 2828 1214 2858; x_wconf 79' lang='lat' dir='ltr'><strong>LECTIONES.</strong></span> 
     </span>
    </p>
   </div>
   <div class='ocr_carea' id='block_1_110' title="bbox 244 2867 1847 2911">
    <p class='ocr_par' dir='ltr' id='par_1_110' title="bbox 244 2867 1847 2911">
     <span class='ocr_line' id='line_1_110' title="bbox 244 2867 1847 2911; baseline 0.002 -13"><span class='ocrx_word' id='word_1_771' title='bbox 244 2878 257 2911; x_wconf 44' lang='lat' dir='ltr'><strong>I-</strong></span> <span class='ocrx_word' id='word_1_772' title='bbox 271 2870 301 2898; x_wconf 86' lang='lat' dir='ltr'><strong>C.</strong></span> <span class='ocrx_word' id='word_1_773' title='bbox 315 2871 346 2899; x_wconf 86' lang='lat' dir='ltr'><strong>L.</strong></span> <span class='ocrx_word' id='word_1_774' title='bbox 362 2881 493 2911; x_wconf 70' lang='grc' dir='ltr'>παρίστη.</span> <span class='ocrx_word' id='word_1_775' title='bbox 523 2873 536 2911; x_wconf 54' lang='grc' dir='ltr'>ξι</span> <span class='ocrx_word' id='word_1_776' title='bbox 550 2873 590 2900; x_wconf 86' lang='grc' dir='ltr'><strong>Τὰ</strong></span> <span class='ocrx_word' id='word_1_777' title='bbox 605 2873 659 2911; x_wconf 72' lang='grc' dir='ltr'><strong>ἀπὸ</strong></span> <span class='ocrx_word' id='word_1_778' title='bbox 673 2873 731 2907; x_wconf 81' lang='grc' dir='ltr'>τοῦ,</span> <span class='ocrx_word' id='word_1_779' title='bbox 746 2873 786 2901; x_wconf 81' lang='grc' dir='ltr'><strong>ὅτι</strong></span> <span class='ocrx_word' id='word_1_780' title='bbox 798 2874 836 2908; x_wconf 77' lang='grc' dir='ltr'>δὲ,</span> <span class='ocrx_word' id='word_1_781' title='bbox 849 2873 911 2910; x_wconf 70' lang='grc' dir='ltr'>ἄχρι</span> <span class='ocrx_word' id='word_1_782' title='bbox 926 2872 983 2906; x_wconf 82' lang='grc' dir='ltr'>τοῦ,</span> <span class='ocrx_word' id='word_1_783' title='bbox 995 2874 1009 2900; x_wconf 81' lang='grc' dir='ltr'><strong><em>ὁ</em></strong></span> <span class='ocrx_word' id='word_1_784' title='bbox 1023 2874 1113 2909; x_wconf 75' lang='grc' dir='ltr'>Δαὸὶδ,</span> <span class='ocrx_word' id='word_1_785' title='bbox 1135 2875 1165 2902; x_wconf 84' lang='grc' dir='ltr'>οὑ</span> <span class='ocrx_word' id='word_1_786' title='bbox 1180 2874 1302 2911; x_wconf 45' lang='lat' dir='ltr'><strong>nepti/ev.</strong></span> <span class='ocrx_word' id='word_1_787' title='bbox 1331 2875 1344 2900; x_wconf 87' lang='grc' dir='ltr'><strong>ό</strong></span> <span class='ocrx_word' id='word_1_788' title='bbox 1361 2874 1408 2909; x_wconf 80' lang='grc' dir='ltr'>τῆς</span> <span class='ocrx_word' id='word_1_789' title='bbox 1421 2873 1487 2908; x_wconf 71' lang='grc' dir='ltr'><strong>Λῦγ.</strong></span> <span class='ocrx_word' id='word_1_790' title='bbox 1506 2873 1570 2900; x_wconf 74' lang='grc' dir='ltr'>κωδ.</span> <span class='ocrx_word' id='word_1_791' title='bbox 1607 2878 1615 2891; x_wconf 69' lang='grc' dir='ltr'>τ</span> <span class='ocrx_word' id='word_1_792' title='bbox 1631 2872 1664 2901; x_wconf 85' lang='lat' dir='ltr'><strong>C.</strong></span> <span class='ocrx_word' id='word_1_793' title='bbox 1676 2870 1709 2900; x_wconf 83' lang='lat' dir='ltr'><strong>L.</strong></span> <span class='ocrx_word' id='word_1_794' title='bbox 1723 2867 1756 2906; x_wconf 77' lang='grc' dir='ltr'>ἧς</span> <span class='ocrx_word' id='word_1_795' title='bbox 1773 2869 1847 2902; x_wconf 74' lang='grc' dir='ltr'><strong>κοινῇ</strong></span> 
     </span>
    </p>
   </div>
   <div class='ocr_carea' id='block_1_111' title="bbox 223 2906 646 2943">
    <p class='ocr_par' dir='ltr' id='par_1_111' title="bbox 223 2906 646 2943">
     <span class='ocr_line' id='line_1_111' title="bbox 223 2906 646 2943; baseline 0.007 -10"><span class='ocrx_word' id='word_1_796' title='bbox 223 2906 322 2939; x_wconf 68' lang='grc' dir='ltr'>πάντες</span> <span class='ocrx_word' id='word_1_797' title='bbox 341 2906 493 2943; x_wconf 72' lang='grc' dir='ltr'>μετέχομεν</span> <span class='ocrx_word' id='word_1_798' title='bbox 508 2909 531 2935; x_wconf 82' lang='grc' dir='ltr'>οἱ</span> <span class='ocrx_word' id='word_1_799' title='bbox 547 2908 646 2936; x_wconf 83' lang='grc' dir='ltr'>πιστοί.</span> 
     </span>
    </p>
   </div>
  </div>
