2086 3160
243 159 311 192 1111

913 159 1093 190 enocopu
1117 151 1238 192 οΑΖιει

1793 167 1861 199 1112

234 219 314 246 diens
339 217 390 244 fuit
413 221 440 245 et
460 217 601 245 nonnullis
630 219 761 253 pepercit.
782 219 862 246 Nunc
879 227 943 246 vero
965 219 1021 245 ani-

1077 221 1299 255 περιεποιήσατο.
1315 221 1371 249 Νῦν
1390 221 1418 248 δὲ
1444 222 1490 248 τοῦ
1512 222 1598 258 θυμοῦ
1612 224 1782 259 κινήσαντος,
1811 228 1860 254 σὺν

234 271 278 291 mo
308 263 473 296 concitatus,
509 271 569 290 cum
601 263 792 291 sacerdotibus
819 264 900 291 etiam
925 264 1021 290 urbem

234 308 360 336 Innditus
382 307 493 339 delevit.
518 315 551 336 ne
577 308 727 336 satellitum
750 309 860 343 quidem
886 309 1021 336 reveritus

235 354 375 389 pietatem,
408 353 454 386 qui
476 352 651 380 sacerdotum
677 355 814 388 sanguine
835 361 933 381 manus
955 361 1020 381 suas

235 400 357 435 polluere
371 399 572 426 detrectarunt.
589 399 624 427 Ut
638 404 729 426 autem
744 399 872 427 criminis
887 400 1020 427 atrocitas

236 447 322 481 magis
343 446 523 478 ostendetur,
549 445 675 473 additum
692 449 735 473 est
749 454 755 472 :
770 445 866 473 Omnes
882 445 927 480 qui
939 444 1021 479 ephod

235 494 385 528 gestabant.

273 538 359 567 Vens.
373 539 417 567 l9.
440 538 572 573 Oppidum
593 538 771 565 sacerdotum.
792 537 850 565 Hoc
873 537 906 565 ad
928 538 1022 565 crimi-

237 584 281 612 nis
301 584 543 619 ampliﬁcationem
571 585 699 618 pertinet.
720 583 827 610 Etenim
847 590 901 610 non
922 583 1022 610 Levita:

236 633 334 661 erant;
364 629 413 656 sed
429 637 462 655 ex
480 630 567 663 stirpe
583 632 687 655 tantum
701 649 708 661 ,
727 633 755 655 et
772 628 901 663 prosapia
926 635 1020 656 sacer-

236 673 321 700 dotali
336 673 550 700 descendebant.

272 717 355 745 Vsus.
372 718 418 745 ΞΟ.
440 717 532 745 Evasit
557 722 645 744 autent
664 725 732 745 unus
753 718 826 752 ﬁlius
851 717 1020 750 Abimeleclt,

237 763 287 797 ﬁlii
313 763 436 790 Achitob.
469 762 681 797 Dispensatione
722 763 818 790 divina
845 763 961 798 contigit
994 767 1022 790 ut

237 807 368 834 Abiatbar
394 807 545 843 effugeret,
590 812 685 842 utpote
707 816 754 843 per
777 815 857 843 quem
884 808 966 835 David
988 808 1022 835 de

237 852 285 881 Dei
302 853 441 882 voluntate
455 853 557 882 certior
577 853 663 882 ﬁeret.

518 921 620 949 CIIAP.
646 921 743 949 XXIII.

272 965 356 994 Vens.
384 966 426 994 I5.
448 966 693 1001 Proﬁciscebantur
706 976 810 1002 quoquo
821 972 952 1002 poterant.
971 969 1023 996 Er-

238 1019 315 1040 rores
332 1013 488 1047 signiﬁcat;
504 1021 580 1041 nunc
594 1014 668 1041 enim
691 1013 718 1041 in
740 1013 846 1047 Judtea,
872 1021 936 1042 mox
959 1021 1024 1042 vero

238 1057 266 1083 in
283 1057 394 1084 deserto
408 1057 557 1092 degebant.

274 1101 358 1129 Vens.
372 1102 415 1129 I4.
438 1101 473 1129 In
485 1102 649 1131 Massareth.
665 1102 774 1139 Reliqui
790 1103 979 1136 reddiderunt,
997 1105 1024 1130 tn

237 1147 367 1181 speluncis
384 1148 502 1176 munitis.

273 1192 357 1221 Vsus.
376 1193 421 1221 18.
441 1193 475 1221 1η
489 1202 556 1222 nova
570 1194 611 1231 [ὲν
621 1195 654 1230 τῇ
671 1194 777 1231 καινῇ]
792 1195 901 1231 Aquila,
915 1195 1022 1232 δρυμῷ,

237 1239 265 1265 in
276 1238 343 1266 silva
357 1239 450 1266 densa.

532 1297 608 1326 CAP.
630 1297 728 1326 XXIV.

272 1340 356 1369 Vatis.
373 1342 400 1369 4.
421 1341 457 1368 Et
473 1342 608 1378 ingressus
623 1348 662 1370 est
679 1343 755 1375 Saul,
771 1348 800 1370 ut
813 1347 1023 1379 pmpararetur.

239 1386 361 1414 llonesle
376 1387 534 1414 admodum.
552 1388 651 1422 Aquila
669 1388 761 1420 habet,
777 1389 907 1423 κενῶσαι,
925 1389 951 1416 id
969 1392 1021 1417 est.

238 1436 267 1458 ut
291 1439 318 1459 se
337 1436 485 1459 avacuaret.
504 1431 642 1467 Josephus
660 1432 745 1466 dicit,
768 1433 819 1465 τὰς
837 1433 955 1467 φυσικὰς
977 1433 1024 1459 ὲκ-

238 1476 343 1510 κρίσεις
354 1476 528 1512 ποιήσασθαι,
544 1477 579 1504 ad
589 1477 740 1512 faciendam
763 1479 913 1506 naturalem
930 1486 1023 1505 excre-

239 1522 334 1549 tionem
339 1541 346 1548 .

273 1566 357 1595 Vsus.
375 1567 418 1594 III.
448 1567 488 1594 Ab
515 1568 604 1603 impiis
628 1569 774 1604 egredietur
803 1570 933 1602 impietas.
966 1569 1023 1598 Hoc

238 1612 306 1640 dicit
322 1620 329 1639 :
346 1612 508 1648 lniquorum
525 1618 578 1646 est,
598 1621 712 1648 peccare
725 1624 732 1642 :
745 1615 922 1650 prudentium
944 1623 1022 1649 vero,

238 1665 300 1693 qua:
315 1658 342 1685 in
356 1666 404 1686 eos
417 1658 517 1693 injuste
535 1659 603 1686 liunt
616 1660 841 1688 tolerare.\’alde
857 1665 949 1688 autem
962 1669 1023 1690 mo-

239 1703 318 1731 deste
334 1703 401 1743 agit,
417 1703 513 1731 volens
530 1711 579 1731 cor
595 1705 678 1732 nimis
693 1705 793 1732 durum
811 1706 949 1734 emollire.

274 1747 357 1782 518
374 1747 457 1775 Vens.
483 1748 528 1775 22.
551 1747 592 1775 Ne
605 1749 746 1777 exseindas
757 1757 843 1777 semen
860 1759 946 1777 meum
963 1756 1023 1785 post

240 1800 291 1820 me.
304 1791 372 1825 Rex,
382 1793 429 1827 qui
444 1793 567 1820 exsulem
579 1797 620 1820 tot
633 1794 718 1822 rebus
728 1795 848 1828 excellit,
861 1799 888 1823 et
899 1801 1022 1831 superat,

239 1839 344 1866 exsulis
358 1839 556 1866 humanitatem
570 1840 685 1875 supplex
700 1839 781 1875 petit.
791 1839 886 1868 Tantae
898 1841 1022 1870 imbecil-

241 1885 326 1912 litatis
342 1889 384 1913 est
402 1885 518 1914 malitia.

542 1939 618 1968 CAP.
642 1940 726 1969 XXV.

273 1983 357 2012 Vens.
374 1985 403 2012 2.
438 1984 472 2012 Ει
497 1993 564 2020 opus
593 1987 650 2022 ejus
678 1988 706 2014 in
727 1986 860 2016 Carmeln.
894 1989 944 2017 Hic
967 1998 1023 2019 non

239 2034 360 2056 montem
389 2029 569 2063 nominasse,
597 2036 696 2059 auctor
723 2038 766 2060 est
790 2033 945 2068 Eusebius;
974 2035 1022 2063 sed

238 2074 330 2101 vicum
354 2074 521 2108 quemdam,
544 2083 631 2110 usque
649 2076 676 2103 in
705 2076 778 2105 hunc
802 2078 873 2105 diem
897 2079 950 2107 hoc
975 2087 1023 2107 no-

238 2117 313 2145 mine
328 2119 503 2153 appellatum,
521 2119 549 2146 in
566 2127 622 2154 quo
638 2120 770 2149 habitarit
787 2121 883 2151 Nabal.

274 2162 357 2190 Vsus.
373 2163 416 2191 I8.
434 2164 554 2199 Quinque
568 2164 642 2200 Epha
655 2166 761 2200 farina.
791 2168 891 2203 Aquila
906 2169 964 2203 fata
980 2169 1021 2196 in-

1073 266 1132 296 τοῖς
1146 265 1247 301 ἱερεῦσι
1262 267 1309 293 καὶ
1320 267 1369 302 τὴν
1381 267 1458 294 πόλιν
1473 267 1599 295 διώλεσεν
1614 268 1763 306 αὕτανδρον
1773 280 1780 287 ·
1793 272 1862 307 μηδὲ

1072 312 1106 345 τῇ
1123 310 1178 337 τῶν
1190 311 1346 347 δορυφόρων
1358 312 1529 347 δυσωπηθεὶς
1541 314 1691 350 θεοσεὸείᾳ,
1710 316 1748 351 μὴ
1764 316 1860 353 βουλη-

1074 356 1175 383 θέντων
1191 356 1205 376 d
1219 359 1251 392 τῇ
1269 358 1340 384 κατὰ
1354 358 1450 393 ίερέων
1465 359 1607 394 μιαιφονίᾳ
1630 361 1725 395 μιάναι
1738 363 1787 393 τὰς
1803 365 1861 397 χεῖ-

1076 411 1134 437 ρας.
1150 403 1314 438 Πρόσκειται
1328 404 1357 431 δὲ
1368 404 1415 431 καὶ
1425 404 1466 438 τὸ,
1480 405 1596 439 πάντας
1604 407 1746 441 αιροντας
1757 408 1860 443 ὲφυὺδ,

1074 449 1114 480 είς
1131 449 1243 484 μείζονα
1254 449 1301 476 τοῦ
1316 450 1493 486 τολμήματος
1507 453 1686 488 κατηγορίαν.
1702 453 1734 481 C.
1752 453 1783 481 L.

1113 537 1172 570 Τὴν
1186 537 1277 564 πόλιν
1290 537 1349 565 τῶν
1361 538 1473 573 ίερέων.
1492 538 1539 571 Et;
1563 539 1674 566 πλείονα
1697 538 1776 566 τοῦτο
1794 547 1860 566 κατ-

1073 583 1199 617 ηγορίαν.
1214 583 1252 609 υύ
1265 583 1319 619 γὰρ
1335 582 1405 619 ἦσαν
1418 583 1551 619 Λευῖται,
1574 584 1605 618 ἐξ
1619 585 1816 621 ἀρχιερατικῆς
1832 585 1860 612 δὲ

1075 628 1153 664 ῥίζης
1165 629 1317 664 κατήγοντο
1336 635 1360 656 ο.

1108 719 1165 746 Kal
1175 719 1348 749 διασώζεται
1363 719 1428 752 υίὸς
1439 716 1483 752 εἷς
1495 719 1537 752 τῷ
1551 719 1702 754 Ἀϐιμέλεχ
1718 718 1772 751 υιῷ
1788 719 1861 752 Ἀχι-

1075 765 1141 792 τὼὸ.
1152 763 1299 799 Οίκονομία
1306 764 1335 790 δὲ
1349 763 1416 790 Θεοῦ
1429 764 1525 798 γέγονε
1534 764 1698 799 διαφυγῆναι
1713 763 1760 791 τὸν
1769 765 1861 791 ’Δὸιά-

1075 810 1137 846 θαρ,
1154 809 1247 845 ἵν’ἕχῃ
1265 809 1347 836 Δαὸὶδ
1361 809 1407 836 τὸν
1426 809 1606 845 ἐπερωτῶντα
1629 810 1676 837 τὸν
1698 810 1766 837 Θεὸν
1796 811 1862 846 περὶ

1074 852 1111 883 ὧν
1127 855 1258 890 βούλεται.
1270 854 1301 882 C.
1314 854 1345 882 L.

1363 921 1490 947 ΚΕΦΑΔ.
1509 920 1572 947 KI".

1109 963 1151 994 οὔ
1162 966 1217 993 ἐὰν
1230 966 1422 1000 ἐπορεύοντο.
1437 965 1492 999 Τὴν
1505 965 1609 1001 πλάνην
1620 965 1697 1000 δηλοῖ
1707 974 1713 980 ·
1729 965 1794 991 ποτὲ
1811 966 1861 1000 μὲν

1074 1013 1127 1048 γὰρ
1140 1013 1170 1039 ὲν
1182 1013 1216 1047 τῇ
1228 1011 1355 1047 Ἰουδαίᾳ,
1367 1011 1433 1038 ποτὲ
1447 1011 1476 1037 ὲν
1494 1012 1528 1046 τῇ
1544 1011 1640 1046 ἐρήμῳ
1653 1010 1757 1046 διῆγον.

1110 1103 1162 1130 Ἐν
1178 1101 1354 1136 Μασσαρέθ.
1368 1102 1399 1128 υἱ
1410 1101 1498 1128 λοιποὶ
1509 1100 1654 1133 ἐξέδωκαν,
1666 1100 1770 1134 ἐντοῖς
1780 1107 1860 1134 σπη-

1074 1149 1182 1181 λαίοις.

1110 1195 1163 1222 Ἑν
1177 1193 1217 1228 τῇ
1231 1192 1334 1227 καινῇ.
1348 1192 1476 1226 Ἀκύλας,
1489 1191 1600 1227 δρυμῷ,

1363 1292 1491 1320 ΚΕΦΔΛ.
1507 1292 1569 1319 KA'.

1108 1341 1163 1368 Καὶ
1180 1340 1306 1374 είσῆλθε
1323 1338 1423 1366 Σαοὺλ
1436 1337 1735 1372 παρασκευάσασθαι.
1749 1333 1860 1369 Zama);

1072 1387 1153 1421 ἄγαν.
1177 1386 1206 1412 '0
1225 1386 1254 1413 δὲ
1270 1384 1397 1416 ’Δκύλας,
1427 1382 1566 1410 κενῶσαι.
1597 1383 1627 1408 '0
1643 1381 1673 1408 δὲ
1694 1379 1858 1414 Ἰώσηππος,

1073 1432 1128 1466 τὰς
1141 1429 1274 1467 φυσικὰς
1290 1429 1442 1464 ἐκκρίσεις
1451 1427 1648 1462 ποιήσασθαι.

1108 1565 1157 1598 Ἐξ
1164 1564 1284 1600 ἀνόμων
1293 1562 1486 1594 ἐξελεύσεται
1495 1558 1694 1594 πλημμέλεια.
1703 1555 1861 1587 τουτέστιν,

1072 1609 1127 1637 τῶν
1140 1608 1316 1644 παρανόμων,
1331 1606 1362 1633 τὸ
1375 1605 1544 1641 ἁμαρτάνειν
1555 1612 1562 1620 ⁸
1578 1603 1633 1630 τῶν
1643 1602 1672 1629 δὲ
1685 1599 1859 1636 φιλοσοφούν-

1072 1664 1139 1687 των,
1156 1655 1187 1681 τὸ
1214 1654 1308 1689 φέρειν
1325 1653 1361 1679 τὰ
1385 1649 1632 1686 πλημμελούμενα.
1658 1645 1811 1682 Μετριάζει
1829 1645 1859 1672 δὲ

1073 1701 1143 1733 λίαν,
1155 1699 1281 1736 ’μαλάξαι
1291 1697 1414 1733 σκληρὰν
1429 1696 1490 1723 λίαν
1507 1695 1624 1730 καρδίαν
1635 1693 1807 1729 βουλόμενος.

1107 1746 1155 1781 Μὴ
1165 1743 1388 1779 ἐξολοθρεύσῃς
1410 1742 1445 1769 τὸ
1466 1741 1586 1775 σπέρμα
1606 1748 1666 1774 μου
1682 1738 1779 1765 ὀπίσω
1788 1744 1858 1771 μου.

1079 1792 1108 1819 '0
1129 1791 1266 1827 βασιλεὺς,
1298 1789 1313 1816 ὁ
1341 1788 1478 1816 τοσούτων
1503 1785 1656 1822 ἡγούμενος
1671 1784 1718 1811 τὸν
1741 1781 1859 1818 φυγάδα,

1073 1836 1280 1874 φιλανθρωπίαν
1293 1835 1374 1862 αίτεί.
1395 1832 1523 1867 Τοσαύτη
1535 1831 1586 1866 τῆς
1603 1829 1704 1862 κακίας
1719 1828 1859 1856 ἀσθένεια..

1358 1934 1485 1962 ΚΕΦΔΛ.
1506 1933 1572 1960 KE'.

1108 1984 1164 2012 Καὶ
1178 1985 1197 2019 ἠ
1207 1983 1333 2018 ἐργασία
1346 1980 1440 2010 αὐτοῦ
1453 1979 1489 2006 ἐν
1501 1978 1541 2011 τῷ
1556 1976 1711 2011 Καρμήλῳ.
1726 1975 1862 2019 Ἐνταυοα

1072 2031 1103 2058 οὐ
1119 2030 1149 2057 τδ
1164 2017 1226 2065 sps;
1242 2017 1383 2064 εἰρηκέναι
1400 2025 1483 2060 φησιν
1509 2024 1524 2050 δ
1546 2022 1694 2054 Εὐσέϐιος,
1714 2019 1812 2065 κώμην
1832 2017 1861 2044 δέ

1072 2085 1144 2109 τινα,
1159 2062 1241 2112 μέχρι
1255 2062 1303 2101 καὶ
1313 2073 1361 2100 νῦν
1373 2071 1459 2103 οὕτως
1477 2068 1676 2105 ὠνομασμένην
1687 2086 1695 2099 ,
1710 2066 1740 2093 ὲν
1755 2062 1773 2102 ᾗ
1785 2065 1861 2100 ᾠκη-

1074 2123 1153 2150 κέναι
1165 2122 1212 2148 τὺν
1225 2120 1331 2147 Ναϐάλ.

1110 2168 1166 2195 Kal
1190 2167 1280 2194 πέντε
1303 2164 1366 2200 alga
1383 2164 1527 2198 ἀλφίτων.
1560 2159 1676 2190 Ἀκύλας
1699 2157 1860 2193 ἑρμήνευσε,

238 2211 404 2241 tcrpretatus
419 2213 473 2235 est.
488 2207 592 2236 Gomor
608 2215 699 2238 autem
715 2211 811 2239 eadem
823 2201 960 2241 fruens'ura
977 2218 1021 2242 est

1073 2214 1162 2241 σιίτα.
1176 2212 1213 2239 Τὸ
1223 2212 1251 2239 δὲ
1267 2211 1357 2246 Γομδρ
1367 2208 1426 2237 ἴσον
1440 2208 1480 2244 τῷ
1495 2205 1561 2242 οῐφι,
1578 2206 1616 2237 ὡς
1629 2206 1658 2232 ὲν
1673 2201 1805 2238 ἰεζεκιὴλ
1818 2209 1863 2236 με-

237 2260 299 2280 cum
316 2253 402 2289 Epha,
419 2253 447 2282 id
463 2255 535 2290 quod
552 2263 584 2283 ex
597 2256 739 2285 Ezechiele
753 2257 896 2286 habemus.

273 2299 374 2332 Forte,
408 2304 438 2326 ut
469 2308 510 2328 me
537 2301 639 2336 injuria
654 2303 783 2337 aﬂiceret,
820 2305 952 2332 custodiut'
980 2314 1020 2333 res

237 2351 326 2370 omnes
346 2343 472 2372 Nabalis.
495 2346 609 2380 Aquila,
630 2347 701 2382 πλὴν
717 2348 825 2384 μάτην,
841 2355 1021 2378 verumtamen

237 2390 348 2422 frustra.
364 2389 506 2423 Quomodo
522 2391 577 2424 ille,
593 2393 639 2427 qui
654 2397 733 2420 tanta
749 2394 937 2423 moderatione
957 2404 1021 2431 erga

237 2433 345 2461 Snulem
373 2443 440 2463 usus
453 2439 513 2468 est,
537 2434 668 2464 Nabalem
689 2437 802 2472 perdere
822 2444 938 2467 conatus
961 2441 1023 2468 est?

237 2478 362 2507 Maximis
374 2487 436 2507 cum
446 2480 586 2509 beneficiis
600 2481 727 2510 aﬂ'ecerat
741 2483 836 2516 David,
846 2491 899 2512 non
913 2489 1019 2513 tantum

237 2533 301 2553 suos
319 2526 439 2558 milites,
464 2527 511 2554 sed
535 2528 604 2555 alios
621 2529 705 2555 etiam
729 2529 904 2559 insidiatores
925 2532 1020 2566 prohi-

237 2570 335 2602 bendo,
350 2570 377 2598 id
393 2571 465 2605 quod
476 2576 601 2606 pastores
620 2574 711 2601 testati
723 2575 946 2608 sunt,dicentes:
962 2586 971 2602 ι
986 2576 1018 2603 lli

235 2615 286 2642 viri
310 2616 388 2644 vobis
414 2617 493 2645 valde
511 2619 684 2661 profuerunt.
703 2629 711 2645 ι
724 2621 853 2648 Attamen
868 2629 923 2649 non
939 2622 1020 2650 modo

236 2663 373 2691 modicum
389 2664 424 2692 ob
453 2665 591 2700 ingentem
620 2669 811 2696 necessitatem
836 2671 936 2705 petenti
963 2679 1017 2699 non

236 2708 359 2741 praebuit,
374 2709 422 2737 sed
440 2710 553 2746 insuper
570 2713 703 2740 conviciis
719 2715 852 2741 oneravit.
874 2714 938 2742 Saul
953 2723 1019 2743 vero

1076 2259 1249 2294 μαθήκαμεν.

1111 2293 1202 2336 ’Ῑὰως
1219 2303 1263 2336 είς
1281 2302 1388 2329 ἄδικον
1402 2298 1540 2335 ἐφύλαξα
1556 2297 1654 2324 πάντα
1673 2295 1710 2322 τὰ
1729 2293 1783 2321 τοῦ
1802 2293 1862 2319 Να-

1075 2350 1142 2378 σάλ.
1157 2349 1283 2382 Ἀκύλας,
1293 2347 1378 2382 πλὴν
1390 2347 1500 2381 μάτην.
1512 2344 1574 2376 Πῶς
1583 2344 1611 2370 δὲ
1623 2344 1637 2370 ὸ
1650 2341 1778 2375 τοιαύτην
1791 2338 1862 2366 κατὰ

1074 2396 1121 2423 τοῦ
1137 2394 1224 2422 Σαοὺλ
1238 2393 1442 2427 ἐπιδειξάμενος
1456 2391 1598 2426 πραΰτητα
1609 2409 1617 2421 ,
1633 2387 1679 2414 τὸν
1698 2385 1794 2413 Ναὸὰλ
1814 2384 1861 2411 άν-

1076 2441 1148 2468 ελεῖν
1159 2439 1293 2476 ἐπειράθη
1304 2439 1404 2473 ;¹Ἀγαν
1414 2437 1495 2464 αὑτὸν
1504 2434 1684 2470 εὐεργέτησεν
1699 2433 1713 2458 6
1721 2431 1814 2462 Δαδὶδ,
1829 2430 1859 2456 οὐ

1077 2489 1156 2524 μόνον
1172 2487 1235 2519 τοὺς
1253 2486 1344 2517 ἰδίους,
1359 2485 1427 2512 ἀλλὰ
1446 2484 1494 2510 καὶ
1506 2483 1601 2513 ἄλλους
1616 2479 1730 2507 κωλύων
1753 2477 1863 2505 ἐπιϐουο

1074 2534 1211 2565 λεύοντας,
1225 2533 1263 2564 ὠς
1277 2533 1301 2559 οί
1316 2531 1445 2565 ποιμένες
1464 2527 1706 2565 μεμαρτυρήκασι,
1719 2525 1844 2559 λέγοντες
1854 2531 1861 2537 ·

1077 2590 1086 2605 ι
1108 2579 1217 2614 Ἀγαθοὶ
1232 2579 1298 2613 ἡμῖν
1317 2578 1342 2603 oi.
1356 2577 1453 2612 ἄνδρες
1475 2574 1597 2610 σφόδρα·
1615 2583 1624 2599 ι
1636 2572 1684 2599 καὶ¹
1705 2571 1780 2606 ὅμως
1800 2569 1862 2596 οὐδὲ

1075 2625 1172 2661 μέτρια
1192 2624 1225 2651 δι’
1241 2623 1366 2658 ἀνάγκην
1390 2620 1528 2665 αίτοῦντι>
1540 2618 1705 2665 παρέσχετο,
1729 2615 1798 2665 ἀλλὰ
1811 2615 1863 2665 ,κιαι

1073 2659 1293 2706 λιτροοωνείδισεν.
1318 2668 1348 2694 '0
1360 2667 1388 2694 δὲ
1402 2666 1489 2693 Σαοὺλ
1504 2663 1578 2700 εῖχεν
1592 2662 1721 2698 ἀφορμὴν
1736 2659 1797 2706 τῆς.
1805 2659 1865 2686 ἀδι-

1074 2703 1146 2748 κίας,
1159 2716 1203 2742 τὸν
1215 2715 1258 2742 διὰ
1269 2715 1317 2749 τὴν
1335 2713 1473 2749 βασιλείαν
1486 2711 1592 2747 φθόνον.
1608 2708 1679 2736 Ἀλλ’
1695 2707 1773 2735 οὐδὲν
1781 2703 1863 2741 ἦττον

875 2792 989 2821 νΑιιιιΕ
1001 2793 1202 2822 LECTIONES.

274 2842 287 2862 ἀ
302 2844 475 2879 Φεισαμένων
489 2845 541 2872 τῶν
557 2845 661 2882 ἱερέων.
684 2847 711 2874 '0
723 2847 772 2883 τῆς
787 2848 854 2883 Δὺγ.
867 2849 931 2877 κὼδ.

973 2856 984 2870 ⁶
999 2850 1029 2878 C.
1043 2850 1074 2878 L.
1095 2849 1162 2878 ὰλλά
1173 2850 1220 2877 καὶ
1233 2850 1263 2883 ἐξ
1279 2849 1420 2887 ἱερατικῆς
1437 2848 1533 2884 φυλῆς.
