2086 3160
177 171 247 205 1113

177 227 298 254 ἐναντίον
310 227 360 263 τῷ,
376 237 385 253 ι
400 227 432 256 El
442 228 621 256 ἀνταπέδωκα
639 232 695 263 τοῖς
704 232 910 260 ἀνταποδιδοῦσί
922 243 967 268 μοι

1030 244 1115 262 uisam
1132 244 1189 264 sua:
1205 237 1353 271 impietatis
1369 236 1505 264 invidiam
1529 238 1654 269 habebat.
1668 246 1748 273 quam
1769 248 1802 267 ex

176 273 260 300 κακά.
276 283 286 300 ι
299 274 337 300 Τὸ
350 274 388 309 μὴ
405 275 486 309 μόνον
498 275 590 308 αὐτὸν,
599 275 667 303 ἀλλὰ
676 277 793 310 καὶτοὺς
806 279 887 306 αὑτοῦ
898 280 966 306 πάν-

175 327 225 349 τας
242 317 348 346 ἀνελεῖν
369 320 592 354 κατεπείγεσθαι.
618 322 687 357 Πρὸς
707 322 722 349 ὃ
736 323 842 358 ῥητέον,
855 324 893 356 ὡς
907 325 967 352 οὐδὲ

177 365 369 392 ἁνταπέδωκεν
380 367 414 392 ἐκ
428 366 477 401 τῆς
488 366 535 393 τοῦ
549 367 617 394 Θεοῦ
629 369 819 404 κεκωλυμένος
828 371 965 405 προνοίας,

177 411 226 446 τῆς
240 411 274 437 τὰ
298 411 353 437 τῶν
369 412 456 445 ἁγίων
471 413 684 449 ἀναπληρούσης
707 415 887 450 ἐλλείμματα.
918 417 968 444 Διὰ

177 456 263 482 ταῦτα
272 458 343 492 τάχα
351 457 433 492 φησίν
442 466 449 473 ·
463 457 548 491 (Ἐγὼ
557 459 584 485 δὲ
597 457 673 486 εἷπον
684 460 713 486 ὲν
728 461 760 496 τῇ
776 461 889 496 εὐθηνίᾳ
899 471 962 495 μου,

180 503 217 529 Οὐ
231 503 269 538 μὴ
281 503 405 530 σαλευθῶ
415 505 455 536 είς
466 504 512 531 τὸν
523 505 618 533 αἰῶνα.
635 505 732 542 Κύριε,
743 507 772 533 ὲν
783 507 821 542 τῷ
834 508 897 542 θελή
903 509 968 542 ματί

181 557 228 574 σου
244 549 386 584 παράσχου
405 549 444 585 τῷ
457 550 550 577 κάλλει
570 560 621 586 μου
637 551 764 587 δύναμιν.
780 553 969 588 ’Δπέστρεψας

179 595 208 622 δὲ
222 595 252 622 τὸ
269 596 416 631 πρόσωπόν
431 605 489 630 σου,
509 598 556 624 καὶ
572 598 705 634 ἐγενήθην
719 600 934 634 τεταραγμένος.
957 610 966 626 ι

181 640 302 668 Γίνονται
316 641 370 677 γὰρ
384 642 603 677 ἐγκαταλείψεις,
618 644 686 679 πρὸς
700 644 731 670 τὸ
747 644 784 680 μὴ
796 645 858 677 τοὺς
873 646 969 679 ἁγίους

181 686 353 721 ἐπαίρεσθαι,
367 687 405 718 ὡς
416 687 511 723 Πέτρῳ
523 689 598 723 παρὰ
609 690 657 724 τὴν
671 689 796 725 ἄρνησιν,
813 691 859 718 καὶ
869 691 968 726 Παύλῳ

181 731 296 765 ἄγγελος
314 732 412 760 Σατάν,
431 733 477 759 Διὸ
496 733 542 759 καὶ
558 733 588 760 τὺ
602 735 634 769 τῇ
653 735 765 770 προνοίᾳ
780 735 970 769 διλκονισάμε-

184 785 227 803 νον
243 777 356 809 γύναιον
374 777 601 812 ὑπερηγάπησεν,
625 779 663 810 ὡς
685 780 768 813 εἰκὸς,
785 780 823 812 ὡς
843 780 969 816 ἐμποδὼν

183 821 257 856 αύτῷ
275 823 425 858 γενομένην
450 823 496 849 τοῦ
523 823 636 855 πάθους.
662 825 698 851 Τὸ
714 825 743 851 δὲ
761 825 867 856 Νσϐὰλ,
884 826 970 862 ἑρμη-

183 867 290 893 νεύεται
305 867 463 902 ἀφροσύνη
474 876 481 884 ·
498 868 535 900 ὡς
559 869 606 895 καὶ
623 870 690 904 γυνή
707 878 786 905 φησι,
816 871 864 897 καὶ
883 873 898 906 ἠ
916 871 971 898 τῶν

190 911 344 947 Ἑὸραῖκῶν
363 913 503 949 ὀνομάτων
515 914 648 949 ἑρμηνεία
663 916 834 951 παρέδωκεν.
851 914 888 953 ⁷ῌ
901 926 971 953 συμο
986 913 1006 940 Β

121 988 141 1002 Α
185 957 282 991 φωνῶν
294 957 424 990 Ἀκύλας,
439 958 571 990 ἐξέδωκεν
581 968 587 975 ·
604 960 778 994 Ἀπόρευσις
790 963 854 996 μετ’
866 963 969 991 αὑτοῦ.

184 1001 239 1029 Τοῦ
259 1002 313 1038 γὰρ
327 1003 458 1039 λογισμοῦ
476 1005 656 1041 ὑπορρέοντός
669 1016 698 1033 τε
716 1007 764 1034 καὶ
780 1008 972 1044 σὸεννυμένου,

184 1047 215 1073 τὸ
230 1047 282 1082 τῆς
307 1049 463 1084 ἀφροσύνης
488 1050 593 1084 γίνεται
618 1052 714 1084 πάθος.
741 1053 867 1089 Ληςρθείη
891 1055 915 1081 δ’
941 1056 974 1082 ἂν

184 1091 272 1119 ταῦτα
286 1094 330 1120 καὶ
347 1094 387 1125 είς
401 1094 448 1121 τὸν
464 1095 572 1130 πρῶτον
595 1096 670 1129 λαὸν,
690 1098 737 1124 τὸν
752 1099 908 1134 ἀγνώμονα.
928 1101 972 1127 κα)

187 1138 261 1164 κακὰ
274 1139 332 1165 ἀντ’
344 1139 456 1173 ἀγαθῶν
478 1140 671 1168 ἀποδεδωκότα
691 1143 814 1179 Χριστῷ.
826 1145 872 1177 Ἐξ
888 1142 976 1180 οὗπερ

187 1184 204 1217 ὴ
218 1183 265 1210 τοῦ
284 1184 352 1211 Θεοῦ
368 1184 481 1220 λατρεία
498 1187 649 1221 μετέπεσεν
667 1188 708 1219 είς
730 1189 776 1216 τὴν
797 1189 856 1216 νέον
882 1190 975 1224 Δαϐὶδ,

187 1228 220 1254 δι’
244 1229 277 1263 ἢν
302 1230 442 1261 παντελῶς
467 1231 518 1257 οὐκ
552 1231 688 1263 ἀπώλετο.
714 1233 762 1260 ἐπὶ
785 1236 819 1270 τῇ
835 1235 977 1270 ἀφροσύνῃ

190 1275 356 1312 συγγνώμην
369 1277 470 1311 λαὸὼν,
483 1278 606 1310 εἰπόντος
624 1279 671 1306 τοῦ
699 1279 818 1314 Χριστοῦ
828 1287 835 1296 ⁸
852 1289 861 1305 ι
876 1279 976 1315 Πάτερ,

189 1321 259 1356 ἄφες
275 1322 382 1354 αὐτοῖς·
395 1324 425 1350 οὐ
437 1323 492 1358 γὰρ
507 1323 609 1350 οἴδασιν
619 1323 632 1350 ὃ
643 1323 778 1351 ποιοῦσιν.
799 1333 808 1350 ι
823 1325 868 1351 Ἐν
876 1322 917 1356 οἷς
930 1325 978 1361 ζη-

188 1367 244 1394 τῶν
258 1367 355 1403 βρῶμα
366 1369 413 1404 οὐχ
427 1367 517 1405 εὗρεν,
530 1370 568 1402 ὡς
579 1370 639 1397 οὐδὲ
649 1371 679 1397 ὲν
691 1372 725 1407 τῇ
740 1372 820 1406 συκῇ,
830 1373 864 1407 τῇ
879 1372 979 1398 τυπού-

189 1422 225 1449 an
237 1414 287 1449 τὴν
298 1413 432 1442 Ἰουδαίων
442 1416 617 1452 Συναγωγήν.
629 1416 663 1444 Τί
671 1416 771 1452 δήποτε
786 1417 814 1445 δὲ
826 1417 979 1454 ὀμωμοκὼς

190 1463 205 1489 ὁ
223 1462 306 1490 Δασὶδ
321 1463 368 1490 καὶ
385 1464 477 1495 αὐτὸν,
494 1464 614 1496 καὶτοὺς
630 1466 679 1493 σὺν
691 1465 766 1502 αὐτῷ
775 1466 903 1498 κτείνειν,
915 1475 981 1502 παρα

194 1507 243 1544 έὸη
272 1509 319 1535 τδν
335 1509 432 1545 ὅρκον;
448 1510 559 1546 Ῥητέον
577 1508 666 1543 οὖνὼς
684 1512 698 1538 ὁ
719 1511 769 1546 μὲν
787 1512 868 1547 ὅρκος
885 1509 919 1548 ἦν
933 1512 980 1539 τοῦ

192 1553 296 1581 δικαίου
314 1554 401 1590 θυμοῦ
412 1563 419 1570 ·
434 1555 450 1590 ῄ
466 1555 495 1582 δὲ
506 1555 597 1590 φειδὼ,
618 1556 666 1582 τοῦ
678 1555 818 1592 σώφρονος
836 1557 978 1593 λογισμοῦ.

192 1585 356 1635 Δεξάμενος.
367 1601 423 1636 γὰρ
437 1585 496 1636 itii;
509 1585 651 1636 ζΑὸιγαίας
665 1602 715 1638 τὴν
724 1585 979 1634 ῖκετέίανίέσδεσε
994 1585 1014 1613 c

193 1644 238 1670 τὸν
251 1644 337 1680 θυμόν
346 1653 353 1661 ·
370 1646 481 1680 ἄμεινον
495 1646 550 1681 γὰρ
563 1647 720 1682 παραϐῆναι
740 1648 791 1683 τῆς
808 1649 924 1683 ἀπειλῆς
936 1649 980 1676 τὸν

193 1691 265 1725 ὅρον,
286 1691 303 1726 ἢ
318 1691 444 1719 τοσοῦτον
455 1693 622 1728 ἐργάσασθαι
640 1692 731 1727 φόνον.

696 178 963 210 COMMENTARII
983 181 1023 210 IN
1046 181 1118 211 LIB.
1138 182 1299 212 IREGUM

1736 184 1802 216 1114

1019 287 1093 308 tneltt
1124 282 1268 309 amittendi
1298 283 1376 317 regni
1409 288 1581 318 conceperat.
1620 283 1804 313 Nihilominus

1021 331 1111 353 tamen
1127 331 1228 361 pugnat
1241 333 1302 354 cum
1322 327 1388 354 illo:
1406 336 1414 352 ι
1428 327 1456 355 Si
1477 329 1578 355 malum
1603 330 1714 364 rependi
1738 331 1804 357 mihi

1021 371 1093 397 mala
1107 371 1308 404 inferentibus;
1328 380 1338 397 ι
1349 371 1423 406 quod
1439 379 1493 399 non
1511 373 1591 399 modo
1609 373 1642 400 ad
1658 374 1802 401 delendum

1021 414 1150 442 Nabalem
1166 435 1174 447 ,
1205 415 1252 443 sed
1275 416 1309 442 ad
1333 420 1418 443 totam
1444 417 1527 443 etiam
1555 417 1645 451 ipsius
1671 418 1803 445 familiam

1021 460 1238 488 exscindendum
1260 465 1400 495 properat.
1428 461 1468 488 Ad
1494 469 1554 495 qure
1573 462 1716 490 dicendum
1740 468 1802 495 est,

1022 504 1162 537 Davidem,
1179 505 1342 540 prohibente
1357 505 1449 532 divina
1467 505 1642 533 Providentia
1660 507 1731 542 (qna.-
1747 508 1802 539 illa,

1021 557 1082 584 qua:
1100 550 1203 577 sanctis
1221 550 1336 582 desunt,
1360 551 1500 585 resarcit),
1518 552 1619 578 malum
1637 560 1691 579 non
1707 560 1803 587 repen-

1021 596 1105 622 disse.
1122 594 1191 622 Hinc
1206 594 1277 622 forte
1291 595 1358 622 dicit
1372 603 1378 623 :
1394 604 1403 621 ι
1421 594 1480 622 Dixi
1498 595 1525 622 in
1540 596 1706 623 abundantia
1724 605 1782 624 mea
1796 607 1801 623 :

1021 640 1080 667 Non
1107 641 1300 668 commovebor
1332 641 1360 668 in
1391 646 1533 668 aeternum.
1564 641 1696 675 Domine,
1727 642 1805 677 juxta

1021 688 1190 714 voluntatem
1217 691 1291 713 tuam
1317 687 1469 721 prmstilisti
1498 689 1583 715 robur
1606 689 1698 716 decori
1728 697 1805 720 meo;

1022 736 1148 759 avertens
1160 732 1254 759 faciem
1269 737 1353 763 luam,
1367 734 1549 760 conturbatus
1562 734 1664 761 sum“.
1678 743 1686 759 ι
1699 734 1808 761 Manent

1023 782 1094 808 cnim
1121 782 1148 808 in
1173 781 1279 808 sanctis
1304 782 1445 816 reliquiae,
1467 789 1502 809 ne
1525 781 1704 809 insolescant.
1720 781 1755 809 Ut
1780 783 1807 809 in

1024 827 1114 860 Petro,
1144 831 1258 862 propter
1285 827 1471 862 negationem;
1508 827 1536 854 in
1566 826 1662 858 Paulo,
1694 828 1808 861 angelus

1025 874 1120 901 Satan.
1137 873 1309 908 Quapropter
1334 873 1403 901 hanc
1419 874 1500 901 etiam
1524 874 1727 906 mulierculam,
1743 882 1809 909 pro-

1022 921 1149 949 videntiaa
1173 920 1221 948 Dei
1245 920 1457 952 inservientem,
1476 924 1506 946 ut
1524 928 1573 955 par
1589 924 1666 952 erat,
1686 921 1809 955 impense

1023 967 1143 999 amavit,
1165 966 1265 1001 quippe
1285 973 1344 1000 qua:
1362 965 1501 999 impedivit
1517 973 1597 998 eum,
1618 973 1651 992 ne
1667 973 1748 993 casus
1766 965 1810 992 ille

1024 1012 1114 1040 tristis
1130 1012 1356 1046 subsequeretur.
1371 1010 1470 1042 Nabal,
1486 1011 1507 1038 si
1529 1011 1706 1046 interpretari
1721 1011 1788 1038 vulis
1801 1031 1808 1042 ,

1024 1062 1064 1086 est
1077 1057 1266 1092 imprudentia.
1279 1057 1410 1084 Similiter
1419 1057 1541 1091 loquitur
1555 1057 1638 1084 etiam
1652 1057 1769 1091 Abigail,
1784 1061 1811 1084 ct

1026 1103 1221 1131 llebraicorum
1237 1110 1348 1137 quoque
1370 1103 1512 1129 nominum
1541 1103 1732 1137 interpretatio
1764 1110 1810 1130 re-

1026 1147 1153 1181 spondet.
1173 1147 1223 1175 Cui
1250 1148 1414 1182 astipnlatur
1441 1147 1561 1182 Aquila,
1591 1148 1637 1181 qui
1663 1147 1810 1182 exposuit.

1033 1193 1194 1228 Ἀπὸρευσις
1207 1193 1267 1227 μετ’
1277 1192 1369 1219 αὐτοῦ.
1379 1191 1447 1219 Nam
1462 1191 1618 1224 recedente,
1634 1196 1661 1219 et
1674 1193 1810 1219 exstincta

1028 1237 1143 1269 ratione,
1168 1237 1362 1272 imprudentiae
1384 1237 1616 1264 alfectiotoritur.
1645 1237 1730 1264 Porro
1757 1238 1814 1264 haec

1027 1282 1113 1310 veteri
1139 1283 1248 1317 ingrato
1271 1282 1373 1317 populo
1401 1283 1605 1318 relinquantur,
1632 1283 1679 1317 qui
1702 1283 1815 1310 Christo

1029 1335 1078 1362 pro
1090 1328 1230 1355 beneﬁciis
1250 1328 1384 1355 maleﬁcia
1400 1328 1535 1363 rependit,
1556 1335 1589 1355 ex
1607 1335 1661 1362 quo
1677 1328 1710 1355 ad
1722 1327 1815 1362 junio-

1029 1381 1087 1401 rem
1107 1373 1238 1401 Davidem
1262 1374 1354 1402 cultus
1381 1374 1429 1401 Dei
1456 1373 1601 1401 devolutus
1624 1378 1680 1406 est,
1705 1378 1817 1408 propter

1029 1427 1110 1455 quem
1134 1420 1238 1448 cultum
1264 1419 1384 1454 p0pulus
1406 1419 1463 1451 ille,
1487 1427 1541 1446 non
1571 1419 1695 1446 funditus
1717 1419 1815 1454 periit.

1030 1469 1143 1501 propter
1173 1464 1359 1501 ignorantiam
1395 1464 1502 1497 veniam
1535 1465 1675 1500 adeptus,
1708 1464 1818 1491 dicente

1030 1513 1142 1541 Christo
1157 1521 1163 1538 :
1181 1521 1191 1537 ‹
1208 1510 1298 1542 Pater.
1318 1511 1430 1546 ignosce
1446 1511 1497 1543 eis,
1519 1511 1647 1538 nesciunt
1658 1510 1730 1538 enim
1753 1509 1817 1544 quid

1031 1557 1134 1585 faciant
1145 1556 1178 1583 '°.
1192 1566 1201 1583 ι
1219 1556 1249 1584 In
1264 1556 1365 1591 quibus
1376 1563 1438 1583 cum
1454 1563 1514 1590 qua
1527 1555 1636 1583 sivisset
1649 1555 1752 1585 cibum,
1762 1561 1816 1581 non

1033 1603 1147 1634 invenit.
1161 1602 1390 1637 quemadmodum
1409 1609 1460 1629 nec
1472 1602 1499 1628 in
1514 1602 1560 1628 illa
1576 1601 1640 1633 ﬁcu,
1652 1608 1713 1636 quze
1729 1599 1814 1636 Syna-

1032 1655 1107 1684 εοεαε
1115 1646 1271 1674 Judaaorum
1281 1650 1375 1681 typum
1389 1645 1620 1681 praeferebatﬁur
1632 1646 1713 1680 igitur
1723 1644 1818 1676 David,

1033 1694 1080 1728 qui
1096 1697 1191 1721 sancte
1204 1692 1308 1727 juravit
1331 1699 1361 1719 se
1382 1699 1436 1718 non
1455 1691 1536 1719 modo
1555 1690 1684 1718 Nabalem
1696 1710 1703 1722 ,
1730 1689 1776 1718 sed
1793 1693 1821 1716 et

196 1743 278 1764 totam
293 1737 383 1772 ipsius
402 1738 535 1765 familiam
551 1739 724 1771 deleturum,
747 1738 861 1766 violavit
903 1738 1111 1774 juramentum?
1132 1738 1282 1771 Dicendum
1312 1741 1354 1764 est
1379 1737 1566 1772 juramentum
1594 1736 1676 1771 justze
1709 1735 1821 1763 iracun-

195 1783 247 1810 dia:
261 1782 363 1816 fuisse;
378 1783 592 1811 misericordiam
606 1791 669 1811 vero
683 1783 824 1818 prudentis
846 1784 970 1818 rationis)
990 1787 1017 1812 et
1047 1783 1164 1811 consilii.
1187 1783 1305 1816 Accepta
1324 1782 1397 1809 enim
1429 1781 1629 1816 supplicatione
1659 1779 1799 1816 Abigaelis
1812 1797 1820 1811 ,

196 1828 323 1856 restinxit
339 1829 469 1856 furorem.
494 1828 588 1856 Satius
603 1829 675 1856 enim
688 1832 739 1861 est.
753 1835 814 1863 qua!
827 1829 946 1856 minatus
956 1836 985 1856 es
1004 1829 1150 1864 negligere,
1166 1835 1246 1862 quam
1262 1831 1366 1854 tantam
1380 1825 1481 1853 caadem
1493 1825 1592 1853 facere.

228 1874 384 1908 οὺρυῦντιι
391 1874 466 1908 πρὸς
477 1874 591 1908 τοῖχον.
601 1875 658 1900 Οὐκ
666 1875 744 1908 οὺρεῖ
756 1883 798 1905 τις
811 1873 908 1907 ἑστὼς,
924 1875 978 1901 οὐδὲ

1073 1873 1157 1902 Vens.
1172 1874 1217 1901 2‘2.
1230 1872 1392 1908 Mingentem
1409 1871 1444 1898 ad
1460 1870 1662 1906 parietem.Nec
1674 1870 1820 1905 quisquam

198 1919 265 1955 πρὸς
278 1920 379 1954 ¹τοῖχον,
398 1920 422 1946 εί
436 1919 475 1954 μὴ
500 1919 637 1954 σχολάζοι.
660 1919 745 1946 Τοῦτο
759 1917 806 1946 οὖν
830 1928 927 1955 φησιν,
944 1921 978 1946 ὅτι

1038 1924 1116 1948 stans
1135 1919 1244 1954 mingit,
1266 1926 1356 1954 neque
1375 1918 1408 1945 ad
1423 1918 1567 1953 parietem,
1591 1917 1645 1944 nisi
1666 1917 1752 1943 otium
1773 1916 1825 1942 ha-

198 1965 246 1991 καὶ
264 1964 311 1992 τὸν
326 1964 480 2000 ἀμέριμνον
493 1965 540 1991 καὶ
557 1965 641 2000 μηδὲν
660 1965 855 2000 προσδοκῶντα
870 1964 967 1991 παθεῖν
977 1972 984 1980 ·

200 2010 214 2045 ἢ
232 2010 365 2045 ούροῦντα
386 2010 456 2044 πρὸς
479 2011 580 2045 τοῖχον,
603 2010 649 2036 τὸν
665 2009 787 2041 ἀσθενῶς
803 2009 986 2045 διακείμενον,

200 2055 247 2081 καὶ
263 2055 362 2090 στῆναι
376 2055 439 2090 δίχα
451 2055 499 2082 τοῦ
515 2055 666 2091 ἐρείδεσθαι
680 2055 719 2090 τῷ
733 2055 814 2090 τοίχῳ
824 2055 988 2082 ἀδυνατοῦν-

199 2107 245 2127 τα.
260 2100 352 2127 Ἀλλοι
368 2101 398 2128 δὲ
413 2100 467 2128 τὸν
486 2101 565 2128 κύνα
575 2101 717 2137 εἰρήκασι.
737 2100 823 2127 Τοῦτο
843 2100 899 2136 γὰρ
913 2101 988 2136 αὐτῷ

200 2144 273 2176 ἔθος.
296 2146 339 2177 Ὠς
354 2145 388 2173 ἂν
400 2146 425 2172 εί
442 2145 625 2180 ἐλεγεν,Ἕως
638 2146 718 2178 κυνὸς
732 2146 781 2181 οὐχ
795 2145 986 2182 ὑπολείψομαι.

1040 1965 1112 1991 beat.
1143 1964 1202 1990 Hoc
1221 1963 1306 1998 igitur
1332 1962 1400 1990 dicit
1426 1961 1501 1996 quod
1525 1968 1654 1989 securum
1668 1967 1779 1995 quoque
1795 1963 1824 1988 et

1041 2017 1102 2038 sese
1115 2009 1184 2036 nihil
1207 2015 1354 2043 passurum
1378 2010 1586 2042 exspectantem
1608 2013 1663 2032 non
1678 2005 1824 2039 relinquet.

1040 2056 1086 2084 Vel
1096 2056 1262 2090 mingcntem
1274 2055 1307 2081 ad
1318 2053 1461 2089 parietem,
1472 2053 1610 2080 inlirmum
1625 2052 1703 2082 dicit,
1717 2055 1830 2078 etstare

1039 2109 1093 2128 non
1108 2101 1257 2131 valentem,
1269 2099 1323 2126 nisi
1342 2098 1447 2134 pariete
1461 2097 1602 2124 fulciatur.
1616 2096 1668 2123 Alii
1683 2103 1773 2122 canem
1785 2095 1826 2122 in-

1039 2150 1238 2182 terpretantur,
1252 2145 1317 2180 quia
1335 2143 1495 2179 huiusmodi
1511 2143 1592 2170 istius
1614 2149 1714 2169 mores.
1742 2139 1828 2173 Quasi

1039 2192 1143 2220 diceret
1168 2191 1257 2218 Deus:
1275 2189 1367 2224 Usque
1393 2189 1426 2216 ad
1454 2195 1550 2216 canem
1579 2195 1634 2214 non
1662 2187 1825 2220 relinquam.

236 2235 286 2261 Ἑν
301 2233 377 2268 ἐμοὶ,
385 2234 473 2268 Κύριέ
481 2242 552 2268 μου,
562 2234 582 2267 ἠ
591 2234 701 2266 ἁδικίὰ,
711 2234 771 2261 ἀντὶ
780 2234 840 2266 τοῦ,
853 2235 926 2269 ἐμοὶ,
938 2243 975 2270 φη

1075 2236 1109 2263 In
1137 2244 1178 2263 me
1202 2236 1253 2267 ait,
1277 2234 1388 2262 Domine
1416 2234 1464 2264 mi,
1490 2234 1544 2260 hac
1576 2232 1722 2266 iniquitas,
1758 2238 1827 2265 pro,

203 2280 241 2312 σὶ,
259 2280 377 2314 λόγισαι,
394 2279 433 2310 ὡς
448 2279 517 2315 αὐτῇ
537 2279 705 2315 ἀδικησὰσῃ.
730 2280 763 2307 Ἡ
779 2280 817 2315 μὴ
836 2280 978 2315 ἀδικήσασι

1042 2281 1110 2309 mihi
1131 2280 1270 2308 innocenti
1287 2280 1358 2307 hanc
1381 2278 1546 2313 iniustitiam
1579 2277 1694 2311 imputa.
1710 2275 1771 2302 ιιωε
1787 2275 1830 2301 dis

203 2325 291 2353 ταῦτά
300 2334 394 2360 φησιν,
411 2325 453 2352 ἵνα
467 2326 482 2351 ό
495 2326 599 2358 δίκαιος
617 2325 701 2353 Δαὸὶδ
717 2325 804 2361 ταύτῃ
822 2325 857 2353 τὰ
871 2325 917 2352 τοῦ
931 2325 990 2351 ἠδι-

205 2373 322 2406 κηκότος
337 2371 496 2407 χαρίσηται.
513 2371 545 2399 C.
564 2371 597 2399 L.

241 2428 278 2454 Τὸ
292 2427 394 2455 Νάϐαλ
409 2428 437 2454 δὲ
451 2428 537 2463 ὄνομα
553 2426 702 2463 μετέϐαλεν
716 2428 734 2462 ἡ
757 2426 895 2461 Ἀϐιγαία,
910 2427 924 2452 ὃ
936 2428 994 2452 ὲστι

208 2474 344 2509 θρηνῶδες
369 2474 523 2510 ἐπίρρημα.
545 2473 671 2506 Τοιοῦτος
694 2473 749 2509 γὰρ
769 2473 897 2504 κάκεῖνος
919 2472 996 2504 ἄξιος

208 2518 320 2554 θρήνου.
332 2517 364 2545 C.
379 2517 412 2544 L.

244 2574 300 2600 Καὶ
316 2573 375 2606 τὴν
390 2572 508 2607 ψυχὴν,
525 2573 618 2608 φησὶν,
643 2571 758 2606 ἐχθρῶν
785 2579 842 2599 σου
863 2572 994 2606 σφενδο-

211 2618 327 2652 νήσεις.
353 2618 481 2645 Τοιοῦτόν
502 2626 587 2654 φησι·
602 2619 657 2645 Καὶ
672 2619 720 2645 ἐὰν
745 2619 783 2650 ὼς
810 2619 839 2645 ὲν
864 2618 994 2654 σφενδόνῃ

214 2665 277 2691 ποτὲ
292 2664 409 2700 εὑρεθῇς
430 2665 459 2690 ἐν
477 2663 551 2698 μέσῳ
565 2663 620 2690 τῶν
639 2663 744 2699 ἐχθρῶν
759 2671 817 2695 σου,
832 2663 883 2689 οὐκ
905 2663 999 2689 ἀποτι-

214 2711 347 2747 ναχθήσῃ,
363 2711 424 2738 οὐδὲ
436 2710 656 2746 σφενδονηθήσῃ·
680 2711 705 2737 οἱ
722 2710 814 2745 μέντοι
835 2710 928 2745 ἐχθροί
951 2718 997 2736 σου

214 2757 488 2792 ἀποτιναχθήσονται.

250 2803 305 2831 Καὶ
318 2803 373 2830 οὐκ
387 2804 472 2831 ἔσται
485 2811 535 2831 σοι
543 2800 855 2836 βδελυγμός.Ἀκύλας,
870 2801 994 2836 .ivntt‘c,

253 2865 285 2881 ¹⁰⁵
300 2863 374 2892 Psal.
390 2871 465 2899 xm,
481 2865 506 2897 7,
524 2864 549 2891 8.
591 2862 630 2878 '°"
647 2861 716 2889 Luc.
744 2868 812 2891 un.
826 2861 868 2888 δι.

1044 2328 1082 2355 cit
1096 2328 1230 2354 innocens
1246 2330 1275 2353 ut
1296 2325 1390 2360 justus
1420 2323 1508 2350 David
1540 2322 1650 2350 veniam
1675 2320 1761 2356 iniqui
1778 2318 1829 2355 ipsi

1046 2373 1196 2401 concedat.

1075 2431 1182 2466 Abigail
1202 2437 1268 2458 vero
1287 2427 1498 2456 transformavit
1524 2432 1626 2453 nomen
1651 2423 1741 2451 Nabal
1758 2423 1831 2458 quod

1049 2480 1091 2504 est
1119 2475 1246 2510 planctus
1270 2479 1434 2508 cognomen.
1465 2471 1512 2498 llle
1530 2470 1632 2498 etenim
1658 2469 1759 2505 dignus
1774 2473 1833 2496 erat

1044 2521 1165 2556 planctu.

1084 2575 1118 2602 Et
1135 2574 1302 2602 inimicorum
1315 2579 1444 2604 morum“
1455 2572 1556 2607 inquit,
1579 2571 1670 2598 anima
1691 2569 1832 2596 rotabitur.

1048 2619 1261 2654 Quasidiceret:
1273 2618 1387 2645 Etiamsi
1403 2618 1483 2650 quasi
1499 2616 1527 2643 in
1544 2615 1628 2643 funda
1645 2614 1794 2649 aliquando
1807 2614 1834 2639 in

1051 2665 1142 2692 medio
1166 2664 1343 2691 inimicorum
1370 2667 1481 2689 tuorum
1509 2662 1638 2688 iuventus
1667 2659 1762 2690 fueris,
1781 2665 1835 2685 non

1052 2708 1213 2740 cxcutieris,
1230 2715 1320 2742 neque
1355 2706 1493 2734 rotabilur
1523 2705 1615 2733 anima
1644 2709 1702 2732 tua.
1728 2703 1835 2730 Inimici

1054 2761 1117 2780 vero
1132 2752 1170 2779 tui
1189 2752 1372 2779 excutientur.

1085 2798 1166 2826 Vsus.
1193 2798 1236 2825 5|.
1267 2796 1302 2824 Et
1327 2805 1377 2824 non
1406 2797 1455 2824 erit
1485 2796 1531 2823 tibi
1563 2795 1639 2823 homo
1664 2793 1834 2822 abominatio.
