2086 3160
208 221 275 252 111⁵1

752 221 1016 254 COMMENTARII
1044 224 1083 255 IN
1104 223 1201 255 LlB.l
1220 223 1365 254 REGUM.

1765 217 1835 251 1118

207 279 278 308 θεῖος
294 277 421 312 ἄγγελος,
447 277 486 309 ὡς
506 277 650 312 ἐϐουλήθη,
670 277 701 303 τὸ
717 276 786 309 ε’ίδος
809 279 857 304 τοῦ
873 279 999 314 Σαμουὴλ

1053 282 1100 312 lat.
1135 286 1162 308 et.
1184 281 1229 308 illa
1254 279 1333 312 dicit,
1350 286 1411 314 qua!
1436 283 1628 313 saepenumero
1646 281 1678 303 ex
1706 274 1834 302 Santucle

206 324 402 359 ἐσχημάτισεν,
424 323 470 350 τοῦ
497 322 565 350 Θεοῦ
586 324 633 350 καὶ
655 322 699 349 διὰ
719 323 775 349 τῶν
797 324 927 351 ἐναντίων
949 324 999 360 τὴν

205 370 295 405 ψῆφον
309 369 472 405 ἐκφέροντος
486 376 495 386 ·
513 368 552 400 ὥς
571 377 650 404 φησι,
667 369 728 395 Κᾶν
746 369 852 406 ἀπέλθῃ
868 370 938 405 πρὸς
952 370 999 397 τὸν

206 415 445 450 ψευδοπροφήτην,
459 414 514 448 ἐγὼ
535 413 638 448 Κύριος
661 414 883 449 ἀποκριθήσομαι
903 415 997 450 αὐτῷ.

208 459 285 486 Οὕτω
308 459 352 486 διὰ
372 459 419 486 τοῦ
438 458 555 494 Βαλαὰμ
574 457 707 492 εὖλόγησε
731 458 778 485 τὸν
792 458 868 490 λαὸν,
883 459 931 486 καὶ
948 459 998 494 τὴν

207 505 257 541 τῆς
274 504 438 540 οἰκουμένης
458 504 596 540 σωτηρίαν
615 504 832 539 προανεκήρυξε,
854 503 900 531 τοῦ
925 505 997 532 θείου

209 550 368 585 Πνεύματος
384 550 590 585 ἐνεργήσαντος,
614 550 660 576 καὶ
679 549 726 577 νῦν
745 550 899 585 ἐνήργησεν
913 550 998 586 ὀφθῆ-

208 605 252 625 ναι
263 597 356 632 σχῆμα
369 596 417 623 τοῦ
434 596 573 632 Σαμουήλ.
593 595 671 623 οὕτω
686 596 750 628 τοὺς
772 597 904 631 ὀφθέντας
917 597 999 631 ἀγγέ-

208 643 270 674 λους
284 642 324 678 τῷ
336 641 474 677 Ἀϐραὰμ,
490 643 536 668 καὶ
550 642 596 668 τὸν
611 642 723 669 ἐκείνων
737 642 882 677 δεσπότην,
899 642 998 678 ἄνδρας

207 688 358 724 ὠνόμασεν.
385 687 463 714 Οὕτω
493 688 548 723 γὰρ
563 688 630 723 όρᾷν
656 689 670 714 ὁ
698 688 869 724 πατριάρχης
895 688 994 721 ἐδόκει,

207 734 248 761 διὸ
263 735 309 761 καὶ
321 734 462 770 τράπεζαν
477 734 569 765 αὐτοῖς
591 733 764 769 παρετίθετο.
781 733 859 760 Οὕτω
873 734 935 765 τοὺς
949 733 999 760 οὑκ

208 779 288 812 ὄντας
315 780 394 811 θεοὺς
421 779 550 814 ὀνομάζει
573 779 682 814 θεοὺςὴ
703 779 812 814 Γραφή.
828 779 874 811 Ὦς
890 780 938 806 καὶ
950 778 998 806 νῦν

209 825 347 860 Σαμουὴλ,
364 825 407 852 ῐνα
420 825 502 851 τοῦτο
516 824 601 851 δοκῶν
617 825 631 851 ό
642 824 738 855 Σαοὺλ,
759 824 805 850 καὶ
826 825 875 860 τὴν
890 824 998 858 ἀπόφα-

208 879 250 898 σιν
275 871 307 897 ἐκ
321 870 417 897 τούτου
435 870 593 904 δεξάμενος,
617 869 718 896 στένων
736 868 841 901 ἐξέλθοι
862 868 908 894 τὸν
930 868 998 902 βίον.

209 915 239 942 El
251 915 317 950 γὰρ,
332 916 364 942 ἐκ
389 915 436 941 τοῦ
453 914 578 949 εἰρῆσθαι
594 913 725 948 τοῦνομα,
753 911 911 947 νομίσωμεν
927 909 997 938 εῖναι

1051 326 1156 354 audivit
1177 326 1297 360 (tempus
1312 324 1424 359 quidem
1438 323 1560 351 Saulina:
1571 321 1668 349 mortis
1680 321 1832 356 ignaram).

1049 373 1092 400 vel
1113 371 1227 406 angelus
1248 369 1296 397 Dei
1321 369 1403 397 sicuti
1430 369 1527 399 voluit,
1554 367 1670 394 formam
1698 363 1833 391 Samuelis

1052 417 1197 452 aseripsit,
1233 414 1351 442 Domino
1384 413 1549 441 sententiam
1578 419 1626 447 per
1660 410 1832 438 contrarittm

1048 462 1179 489 eﬂ‘erente
1189 481 1197 493 ,
1211 460 1258 495 qui
1272 459 1362 494 inquit
1376 467 1383 486 :
1396 458 1425 486 Si
1437 457 1589 485 accesseris
1606 454 1832 491 pseudoprophe-

1049 513 1117 540 tam,
1133 514 1183 541 ego
1198 505 1329 533 Dominus
1341 503 1516 539 respondebo
1529 503 1565 530 ei.
1583 502 1630 528 Sic
1647 508 1696 536 per
1711 499 1830 529 Balaam,

1049 552 1154 587 Spiritu
1172 550 1220 578 Dei
1239 550 1266 577 in
1280 550 1340 584 ipso
1363 552 1508 582 operante,
1523 546 1663 574 benedixit
1677 545 1786 580 populo.
1804 547 1832 570 et

1047 597 1124 625 orbis
1141 596 1258 623 salutem
1282 593 1420 629 praedixit.
1443 592 1526 627 Atqui
1544 599 1617 618 nttnc
1631 591 1715 617 etiam
1729 589 1831 621 eil‘ccit,

1048 645 1078 669 ut
1092 643 1237 676 appareret
1256 638 1344 666 forma
1370 637 1518 669 Samuelis,
1530 643 1613 671 quam
1628 635 1770 669 Scriptura
1787 633 1833 659 Sa-

1048 686 1164 713 muelem
1195 683 1353 719 appellavit.
1378 681 1423 709 Sic
1439 681 1550 716 angelos
1565 680 1660 710 etiam,
1680 678 1726 712 qui
1746 678 1833 703 Abra-

1048 731 1130 757 hamo
1149 731 1349 764 apparuerunt,
1362 732 1390 754 et
1404 727 1545 753 dominum
1567 731 1673 755 eorum,
1697 723 1771 749 viros
1784 728 1833 756 ap-

1047 776 1168 812 pellavit.
1184 773 1267 802 Viros
1295 774 1367 801 enim
1384 780 1415 800 se
1440 771 1533 799 ridere
1559 769 1716 805 patriarcha
1736 766 1833 794 existi-

1050 810 1153 852 mabat,
1176 827 1264 855 quare
1282 825 1406 846 mensam
1428 818 1468 845 eis
1489 815 1660 851 apponebat;
1681 813 1722 840 sic
1736 810 1833 847 quidii

1047 874 1103 895 non
1124 870 1200 897 sunt,
1221 864 1289 892 deos
1311 863 1431 898 appellat
1461 861 1630 895 Scriptura;
1653 858 1833 893 quemadmo-

1047 912 1112 939 dum
1130 917 1202 938 nune
1217 910 1301 937 etiam
1318 907 1493 939 Samuelem;
1514 909 1543 932 ut
1566 904 1643 936 Sanl,
1662 903 1706 929 cui
1724 902 1775 928 hoc
1792 901 1832 927 vi-

207 947 406 994 τὸν-Σαμουὴλ,
423 947 517 994 καιρὸς
530 959 577 985 καὶ
593 958 640 990 οὓς
653 947 806 992 ἐώρακὲναι
819 957 895 990 λέγει
909 956 998 988 θεοὺς,

1050 958 1175 989 debatur,
1192 955 1358 984 sententiam
1375 961 1409 980 ex
1429 960 1463 980 eo
1479 951 1598 982 audiret,
1613 954 1640 977 et
1651 955 1712 976 cutn
1731 947 1833 982 gemitu

206 1005 320 1037 τούτους
349 1005 456 1040 ἀληθῶς
480 1004 606 1040 ἡγεῖσθαι
632 1004 721 1035 θεοὺς,
744 1003 805 1034 ἐνὸς
827 1002 898 1029 κατὰ
916 1001 997 1036 φύσιν

208 1050 385 1085 ὑπάρχοντος.
402 1049 480 1081 Τινὲς
492 1048 520 1076 δέ
541 1056 634 1083 φασιν,
652 1047 771 1082 ὀφθῆναι
787 1047 836 1082 μέν
849 1046 933 1076 δντως
952 1046 997 1072 τδν

208 1095 343 1130 Σαμουὴλ,
359 1094 427 1122 ἀλλὰ
445 1093 513 1121 Θεοῦ
534 1094 583 1129 τὴν
595 1093 684 1128 ψυχήν
701 1093 941 1128 παραστήσαντος,
966 1091 997 1118 οὐ

207 1143 257 1178 τῆς
276 1141 496 1178 ἐγγαστριμύθου
509 1141 611 1176 ταύτην
625 1139 830 1174 ἀναγαγούσης.
844 1138 933 1165 Μόνον
944 1137 998 1172 γὰρ

209 1189 310 1223 ταύτην
328 1188 392 1215 ἰδεῖν
407 1188 452 1215 τὸν
478 1187 615 1222 Σαμουὴλ,
637 1186 696 1213 ἀλλ’
711 1186 761 1212 οὐκ
790 1184 876 1219 αὐτὴν
897 1184 999 1217 ἀναγα-

208 1235 277 1268 γεῖν,
293 1233 310 1268 ἡ
324 1233 384 1260 θεία
404 1232 479 1266 λέγει
502 1232 609 1268 Γραφή.
627 1229 765 1257 Εἰώθεσαν
787 1228 817 1255 δέ
833 1228 863 1254 ἐν
885 1229 945 1259 ταῖς
960 1235 997 1253 νει

208 1278 409 1314 κυομαντείαις,
433 1277 568 1312 δαιμόνων
592 1276 722 1308 ἀπάταις,
744 1273 865 1308 σκιοειδῆ
890 1271 998 1308 βλέπειν

210 1323 404 1358 φαντάσματα.
425 1323 564 1357 Ἐμφασις
583 1321 611 1348 δὲ
637 1321 684 1348 τοῦ
708 1319 847 1354 δαιμόνιον
873 1315 944 1345 εἶναι
968 1317 1000 1343 τὸ

209 1371 395 1405 φθεγγόμενον
411 1370 484 1397 εἴποι
495 1378 536 1400 τις
552 1369 585 1396 ἂν
595 1369 644 1404 τὴν
661 1368 774 1400 ἄγνοιαν
787 1366 837 1400 τῆς
851 1364 899 1391 τοῦ
913 1363 1000 1390 Σαοὺλ

207 1416 347 1450 τελευτῆς.
363 1416 400 1442 Οὐ
419 1415 474 1449 γὰρ
492 1413 599 1450 αὔριον,
619 1413 688 1440 ἀλλὰ
704 1412 764 1447 μεθ’
778 1411 886 1447 ἡμέρας
907 1409 1000 1445 φαίνε-

208 1470 253 1488 ται
269 1461 418 1496 τεθνηκώς.
432 1461 464 1487 Et
482 1460 520 1495 μὴ
541 1460 595 1493 ἄρα
611 1459 641 1486 τὸ
653 1458 748 1493 αὔριον
764 1457 795 1483 τὺ
806 1456 855 1490 τὴν
871 1453 1000 1489 τελευτὴν

208 1505 278 1534 εἶναι
297 1507 410 1542 πλησίον
427 1506 511 1541 δηλοῖ.
534 1505 571 1532 Ἤ
594 1504 621 1538 γ’
637 1502 685 1531 οὖν
701 1500 962 1539 προληπτικώτερον
976 1500 998 1534 ίή

209 1551 303 1588 Γραφὴ
318 1552 352 1579 τὰ
369 1551 441 1578 κατὰ
454 1551 500 1577 τὸν
514 1550 605 1581 Δαὸὶδ,
620 1549 669 1576 καὶ
684 1549 729 1576 τὺν
744 1547 880 1583 ’Δμαλὴκ,
896 1545 1001 1579 φθάσα-

210 1606 244 1624 σα
259 1597 408 1632 διηγήσατο
428 1596 481 1631 πρὸ
499 1596 549 1630 τῆς
572 1595 618 1622 τοῦ
639 1593 725 1621 Σαοὺλ
741 1592 870 1626 τελευτῆς
884 1599 891 1607 ·
916 1590 954 1621 ὼς
966 1589 1000 1616 ἂν

1048 1011 1064 1032 e
1076 1003 1131 1030 vita
1143 1001 1298 1030 excederet.
1316 1000 1426 1028 Etenim
1447 998 1468 1026 si
1492 998 1562 1024 ltane
1576 997 1611 1023 ob
1623 1002 1747 1026 causam,
1759 993 1832 1028 quod

1048 1057 1147 1077 nomen
1164 1048 1254 1083 ipsius
1275 1045 1452 1080 exprimitur,
1477 1042 1631 1071 Samuelem
1652 1040 1738 1067 fuisse
1752 1043 1833 1074 puta-

1047 1095 1148 1127 bimus,
1167 1092 1305 1129 oportebit
1325 1091 1387 1119 illos
1403 1090 1498 1121 etiam,
1517 1095 1587 1123 quos
1600 1086 1666 1113 deos
1682 1093 1711 1112 se
1726 1084 1832 1111 vidisse

1047 1141 1126 1173 dicit,
1141 1147 1222 1167 veros
1250 1139 1321 1166 Deos
1347 1141 1456 1172 putare,
1473 1142 1535 1162 cum
1553 1138 1646 1160 tamen
1660 1131 1760 1158 unicus
1773 1134 1834 1155 tau-

1048 1192 1106 1213 tum
1129 1190 1227 1212 natura
1241 1183 1313 1211 Detts
1334 1182 1459 1209 exsistat.
1480 1178 1608 1206 Nonnulli
1627 1181 1718 1204 tamen
1738 1175 1834 1202 dicunt

1047 1237 1143 1258 revera
1169 1228 1280 1262 quidem
1317 1225 1472 1254 Samuelem
1508 1222 1683 1258 apparuisse;
1706 1220 1753 1248 sed
1778 1218 1834 1246 Deo

1048 1273 1119 1301 hanc
1147 1274 1267 1300 animam
1303 1273 1463 1300 revocante,
1496 1275 1550 1295 non
1584 1274 1659 1301 saga.
1690 1265 1833 1300 Scriptura

1048 1319 1122 1347 enim
1143 1322 1251 1345 tantum
1278 1316 1344 1344 dicit
1369 1317 1441 1343 hanc
1465 1314 1569 1342 vidisse
1592 1312 1757 1343 Samuelem,
1776 1318 1833 1338 non

1048 1368 1140 1392 autem
1163 1369 1322 1390 revocasse.
1350 1360 1446 1388 Solent
1467 1364 1557 1386 atttem
1575 1359 1602 1385 in
1620 1356 1829 1388 necromantiis,

1048 1410 1204 1437 dazmonum
1232 1408 1390 1438 fraudibus.
1415 1406 1562 1434 umbrosas
1593 1404 1702 1439 species
1725 1402 1833 1434 videre;

1049 1453 1102 1481 hoc
1125 1457 1229 1485 autem,
1255 1452 1328 1487 quod
1355 1459 1448 1479 vocem
1474 1451 1541 1481 edit,
1567 1449 1674 1481 species
1702 1447 1834 1474 oaemouis

1049 1503 1101 1526 est.
1131 1497 1258 1533 Objicere
1282 1497 1384 1532 aliquis
1409 1499 1502 1531 posset
1529 1494 1714 1530 ignorantiam
1739 1492 1834 1519 mortis

1050 1542 1163 1576 Saulis;
1190 1549 1245 1569 non
1272 1542 1346 1569 enim
1362 1545 1473 1576 postero
1488 1540 1543 1571 die,
1559 1539 1606 1566 sed
1619 1539 1716 1566 diebus
1732 1537 1835 1571 aliquot

1050 1587 1213 1623 interiectis,
1247 1586 1359 1614 videtur
1385 1585 1501 1618 obiisse;
1534 1585 1588 1612 nisi
1620 1584 1754 1614 dicamus,
1787 1589 1836 1616 per

208 1626 316 1668 sirm.va
334 1626 361 1668 οι
390 1626 475 1672 om};
505 1626 622 1674 ὀῷθῆναι
650 1638 776 1673 λέγοντες
803 1635 941 1671 Σαμουήλ.
958 1634 997 1660 Ἦ

1049 1632 1121 1660 diem
1139 1631 1290 1659 crastinum
1307 1630 1450 1657 interitum
1469 1629 1656 1656 imminentem
1674 1626 1833 1662 signiﬁcari.

210 1688 238 1722 γ’
254 1687 302 1714 οὖν
328 1686 381 1714 ὑπὸ
411 1685 486 1718 θείας
512 1685 653 1720 ἐνεργείας
678 1684 771 1720 σχῆμά
795 1691 821 1710 τι
849 1680 995 1716 παραπλή-

210 1742 277 1760 ϐων.

1048 1677 1104 1705 Aut
1127 1681 1201 1705 certe
1222 1675 1366 1711 Scriptura
1389 1682 1439 1711 per
1452 1673 1674 1708 anticipationem
1693 1679 1737 1699 res
1755 1670 1835 1698 Davi-

1049 1722 1105 1756 dis,
1125 1726 1152 1750 et
1176 1722 1307 1750 Amalech
1334 1720 1474 1748 recensuit.
1504 1724 1568 1746 ante
1602 1717 1694 1745 Saulis
1718 1716 1834 1746 obitum,

209 1779 440 1813 quemadmodum
456 1778 549 1806 dicere
563 1781 688 1812 possent,
704 1776 751 1812 qui
767 1781 863 1803 revera
880 1759 1041 1801 Samuelcm
1064 1770 1161 1798 dicunt
1178 1768 1361 1805 apparuisse;
1392 1767 1443 1794 aut
1462 1774 1511 1802 per
1538 1759 1663 1793 divinam
1692 1763 1833 1795 virtutum,

210 1826 329 1861 speciem
344 1833 398 1853 non
410 1824 587 1854 dissimilem.

502 1869 628 1896 ΚΕΦΑΛ.
647 1867 711 1894 KG'.

245 1916 299 1944 Καὶ
311 1917 337 1942 οι
350 1915 502 1949 σατράπαι
514 1913 574 1941 τῶν
585 1913 770 1948 ἀλλοφύλων
782 1909 999 1945 παρεπορεύον-

210 1971 254 1991 το.
267 1961 464 1997 Ἐπαναληψις.

251 2009 392 2036 Ἐνέπεσε
405 2007 481 2042 πρός
498 2014 536 2042 με
548 2015 556 2023 ·
572 2005 731 2041 Σύμμαχος,
751 2000 924 2037 προσέφυγέ
933 2008 997 2035 μοι.

211 2056 242 2083 C.
260 2054 292 2082 ι.

247 2099 461 2133 Ἕλυπήθησαν
472 2106 479 2114 ο
502 2097 621 2128 ’Δκύλας
631 2115 639 2128 ,
655 2095 913 2129 παρωξύνθησαν
925 2090 999 2126 Σύμ-

214 2155 299 2183 μαχος
311 2166 319 2178 ,
352 2145 547 2180 ὠργίσθησαν
559 2150 566 2158 ·
595 2142 741 2170 Θεοδοτίων
753 2162 761 2175 ,
789 2138 999 2175 ἐθυμώθησαν.

212 2192 244 2220 C.
264 2191 296 2220 [ι.

247 2238 302 2265 Καὶ
315 2235 380 2264 εἶπε
391 2236 478 2264 Δαόὶδ
492 2234 706 2270 πρός-Ἀγχοῦς,
723 2234 752 2261 Τί
769 2230 918 2265 πεποίηκὰ
932 2237 997 2260 σοι.
1015 2252 1037 2280 D

212 2284 262 2311 καὶ
276 2284 304 2310 tl
319 2281 407 2318 εὗρες
425 2283 460 2309 ὲν
483 2281 523 2314 τῷ
544 2281 644 2313 δούλῳ
666 2287 745 2312 σου;
763 2277 894 2312 Ἐίρύλαξε
918 2276 947 2302 δέ
968 2275 999 2302 τὺ

214 2329 307 2364 σχῆμα
320 2330 370 2363 τῆς
383 2329 453 2364 προς
467 2327 634 2362 ἀλλοφύλους
652 2325 759 2356 εὐνοίας
784 2324 832 2351 καὶ
855 2323 936 2358 μέχρι
951 2321 998 2348 τοῦ

213 2374 427 2409 ἐπιστρατεῦσαι
442 2374 488 2400 ἐπὶ
499 2373 545 2400 τδν
558 2371 678 2407 Ἰσραὴλ,
694 2370 744 2405 οὐχ
761 2370 798 2401 ὡς
824 2368 998 2402 πολεμήσων,

212 2420 269 2447 ἀλλ’
284 2421 349 2452 ἴσως
366 2419 471 2451 τούτοις
485 2417 737 2453 συνεπιθησόμενος
751 2424 758 2431 ·
781 2416 849 2449 ὅπερ
880 2413 925 2440 καὶ
954 2412 1001 2438 ὺπ-

212 2466 356 2493 ώπτευσαν
367 2473 376 2479 ⁸
386 2465 403 2500 ἢ
416 2464 573 2498 προσδοκῶν
584 2464 634 2500 τὴν
644 2463 689 2490 διὰ
701 2461 768 2489 Θευῦ
782 2459 1001 2493 κώλυσιν.”οπερ

213 2511 262 2538 καὶ
273 2511 380 2545 γέγονε.
393 2510 425 2538 C.
441 2509 472 2536 L.

246 2556 307 2589 οὺχ
322 2554 390 2588 ἣξει
398 2554 463 2590 μεθ’
472 2553 558 2589 ἡμῶν
572 2553 616 2585 εὶς
629 2552 772 2586 πόλεμον.
788 2549 869 2580 Θείας
883 2550 928 2576 καὶ
940 2549 1001 2576 τοῦ-

212 2609 244 2628 το
256 2600 396 2635 προνοίας.
413 2600 448 2627 Ἦ
460 2599 514 2635 γὰρ
533 2599 638 2634 ἐγίνετο
660 2598 730 2625 κατὰ
746 2596 794 2623 τοῦ
811 2596 876 2622 λαοῦ
892 2595 1001 2630 Ἰσραὴλ

213 2646 347 2681 ἐμφυλίου
367 2646 485 2681 αἵματος
504 2644 722 2681 ἐμπιπλάμενος,
738 2643 755 2678 ἢ
768 2643 817 2669 οὐκ
838 2642 870 2669 ἂν
882 2641 1000 2676 περιεῖδε

213 2689 260 2716 τδν
273 2688 337 2716 λαὸν
357 2689 554 2724 ἀπολλύμενον.
576 2688 658 2714 Ἀλλὰ
680 2688 772 2714 πᾶσαν
790 2687 837 2713 καὶ
857 2685 903 2712 τοῦ
923 2685 1000 2716 λαοῦ,

213 2735 262 2761 καὶ
285 2733 333 2761 τοῦ
357 2734 444 2762 Σαοὺλ
475 2734 625 2769 ἐποιήσατο
648 2732 789 2767 πρόνοιαν,
813 2731 843 2758 ὃν
866 2730 920 2757 εδει
948 2738 1002 2757 πα-

215 2779 282 2807 θεῖν.

523 2865 649 2892 ΚΕΦΔΛ.
663 2865 703 2892 Λ’.

250 2911 305 2938 Καὶ
320 2910 451 2947 Ἀμασιὴκ
471 2910 592 2940 ἐπέθετο
613 2911 663 2938 ἐπὶ
677 2911 732 2939 τὸν
752 2911 857 2940 Νότον.
887 2911 1010 2946 Συνεχώ-

1276 1855 1353 1883 CAP.
1371 1853 1490 1882 xxvut.
1507 1852 1627 1889 [χχιχ]

1096 1903 1178 1931 Vens.
1192 1903 1220 1930 2.
1235 1902 1269 1929 Et
1286 1907 1405 1936 aatrapte
1435 1900 1645 1928 Palwstinorum
1682 1896 1835 1925 incedebant

1053 1949 1245 1985 Epanalepsis,
1262 1947 1403 1982 repetitio.
1758 1942 1775 1949 "

1089 1996 1170 2023 Vens.
1190 1994 1217 2023 5.
1235 1993 1354 2021 Incurrit
1381 1992 1458 2024 mihi,
1475 1990 1668 2027 Symmachus,
1692 1988 1834 2022 tratufugit

1050 2041 1168 2114 “Viris.
1185 2085 1212 2113 4.
1228 2084 1325 2112 Dolore
1339 2083 1427 2118 a/fecti
1439 2090 1448 2114 ;
1465 2081 1575 2115 Aquila,
1594 2078 1746 2108 exacerbati
1761 2082 1835 2108 sunt,

1051 2131 1234 2168 Symmachus
1271 2128 1491 2160 excanduerunt;
1537 2125 1720 2158 Theodotion,
1772 2124 1835 2150 irati

1050 2183 1124 2207 sunt.

1088 2223 1172 2252 Vens.
1196 2223 1223 2250 8.
1249 2222 1374 2257 Dixitque
1398 2219 1483 2248 David
1508 2219 1542 2246 ad
1557 2218 1636 2245 Acilia
1657 2225 1666 2244 :
1686 2215 1756 2250 Quid
1768 2215 1834 2242 enim

1052 2271 1114 2306 feci,
1130 2275 1154 2298 et
1171 2269 1234 2306 quid
1257 2269 1380 2296 invenisti
1397 2269 1425 2295 in
1439 2274 1512 2295 seruo
1533 2265 1598 2292 tuo?
1615 2261 1837 2290 Benevolcntiam

1051 2323 1115 2351 erga
1128 2315 1294 2350 alienigenas
1310 2322 1365 2350 prae
1380 2321 1410 2341 se
1430 2313 1504 2345 tttlit,
1521 2312 1558 2338 ita
1581 2314 1611 2337 ut
1628 2309 1710 2336 etiam
1724 2306 1836 2341 expedi-

1051 2364 1154 2389 tionem
1167 2365 1263 2388 cotttra
1278 2360 1406 2388 israelem
1431 2358 1594 2392 susciperet,
1611 2361 1666 2382 non
1685 2358 1715 2380 ut
1729 2359 1836 2387 pugna-

1051 2411 1103 2440 ret,
1125 2407 1172 2435 sed
1189 2406 1260 2434 forte
1276 2411 1305 2433 ut
1320 2406 1374 2440 ipsi
1393 2405 1479 2432 {erret
1501 2409 1591 2436 opem,
1615 2399 1686 2435 quod
1703 2397 1836 2432 suspicati

1051 2457 1128 2486 sunt,
1154 2453 1196 2480 vel
1215 2455 1381 2487 exspectans
1403 2458 1418 2478 a
1443 2449 1498 2476 Deo
1525 2446 1730 2478 inltibitionem,
1763 2443 1836 2479 quod

1051 2500 1134 2527 etiam
1152 2498 1255 2526 evenit.

1088 2545 1170 2571 Vens.
1189 2544 1216 2571 9.
1246 2543 1307 2571 Non
1329 2542 1411 2569 veniet
1444 2538 1579 2566 nobiscum
1601 2537 1630 2564 in
1659 2535 1768 2564 bellum.
1792 2535 1835 2563 Di-

1052 2591 1113 2618 vina
1139 2589 1310 2624 providentia
1332 2588 1413 2615 etiam
1442 2585 1500 2612 haec
1532 2587 1674 2618 geruntur.
1689 2581 1739 2609 νει
1765 2581 1837 2609 enim

1052 2642 1202 2672 pugnasset
1225 2639 1321 2663 contra
1353 2633 1483 2669 populum
1518 2630 1710 2660 Israeliticum.
1740 2633 1768 2656 et
1797 2627 1837 2655 sic

1052 2691 1164 2712 suorum
1187 2681 1322 2718 sanguine
1347 2688 1377 2708 se
1397 2678 1633 2709 contaminasset;
1657 2675 1700 2702 vel
1717 2681 1773 2702 non
1791 2673 1832 2700 de-

1053 2730 1187 2758 seruissct
1223 2728 1393 2755 laborantem
1425 2724 1567 2760 populum,
1608 2721 1659 2750 sed
1687 2720 1835 2748 maxin'atn

1052 2783 1115 2802 cum
1147 2774 1250 2806 Saulis,
1279 2777 1336 2799 tum
1352 2772 1434 2799 etiam
1457 2769 1550 2805 populi
1564 2775 1660 2795 curam
1673 2766 1835 2799 habuisset;

1052 2820 1100 2849 sed
1115 2820 1188 2848 hunc
1203 2826 1298 2855 pcenas
1308 2818 1375 2845 dare
1389 2825 1446 2845 suae
1463 2814 1612 2850 impietatis
1627 2812 1782 2849 oportebat.

1279 2862 1355 2890 CAP.
1379 2860 1476 2888 XXIX.
1492 2857 1605 2896 {XXX}

1100 2910 1183 2938 Vsus.
1206 2910 1232 2937 Ι.
1267 2908 1305 2936 Et
1336 2907 1445 2936 Amalec
1479 2905 1618 2934 invadebat
1649 2905 1683 2932 ad
1723 2903 1823 2931 Notum
