2086 3160
251 197 321 230 1119

916 206 1095 238 PROCOPII
1111 208 1233 239 GAZEI

1810 208 1879 240 1120

250 254 324 281 Deus
340 253 463 288 permisit
486 254 601 288 liberos,
618 259 646 283 et
663 262 764 284 uxores
780 255 891 285 Davidis
907 263 935 286 et
949 259 1040 287 socio-

1093 269 1176 297 ρησεν
1190 262 1204 287 ό
1221 261 1288 292 Θεὸς
1299 261 1349 292 τὰς
1362 262 1497 295 γυναῖκας
1510 260 1565 288 τῶν
1587 262 1653 296 περὶ
1669 262 1716 288 τὸν
1733 262 1816 289 Δαὸὶδ
1833 264 1879 290 ἀν-

251 307 311 326 rum
333 299 394 334 ejus
421 300 547 335 captivas
578 301 694 333 abduci;
726 305 767 334 ut,
794 302 890 331 dolore
914 304 1037 338 impulsi,

250 345 407 372 Amelecitis
430 345 530 373 bellum
561 346 713 379 inferrent,
744 351 772 373 et
796 347 872 383 ipsos
887 348 968 384 juxta
984 348 1038 377 Do-

250 391 319 417 mini
348 391 514 418 vaticinium
541 391 669 420 funditus
695 392 893 428 exstirparent.
911 394 953 422 Ad
967 394 1037 428 haec,

252 440 282 462 ut
298 435 394 469 David,
414 436 518 471 ingenti
534 437 623 471 prteda
643 442 733 472 parta,
755 438 816 466 suis
831 439 1037 468 contribulibus

252 481 386 514 mitteret,
406 485 433 509 et
446 482 601 510 voluntates
615 490 729 514 suorum
742 483 796 512 sibi
818 484 906 519 magis
936 485 1038 512 astrin-

250 531 339 562 geret,
356 532 383 554 et
400 528 574 556 conciliaret.

283 573 366 600 Vens.
382 573 410 600 7.
426 573 526 607 A/ferte
538 573 644 608 Eplwd.
655 574 754 609 Aqulla
782 575 893 609 ἕγγισόν
917 584 963 611 μοι
990 575 1039 611 τὴν

251 618 387 652 ἐπωμίδα.
416 618 544 646 Consulit
571 623 661 647 autem
688 619 772 647 Deum
787 621 820 648 de
835 621 950 656 geddur,
964 622 1039 656 quod

251 662 324 697 apud
340 662 468 691 Hebratos
481 663 490 699 (
503 664 534 690 τὸ
546 664 720 700 σύστρεμμα,
735 665 783 692 καὶ
796 665 827 692 τὸ
842 666 1038 702 πειρατήριον)

251 712 357 736 certum
379 717 523 737 numerum
554 710 682 743 militum,
703 710 745 737 vel
770 711 974 746 receptaculum
997 712 1037 739 la-

251 758 374 788 tronum,
401 759 484 790 atque
508 756 667 790 prtcdonum
699 756 847 791 signilicat.
870 756 915 784 Sic
942 761 1034 785 autem

1089 306 1312 342 δραποδισοῆναι,
1325 307 1375 333 καὶ
1395 306 1430 333 τὰ
1446 306 1552 339 παιδία,
1568 307 1605 337 ὼς
1616 307 1650 334 ἂν
1661 307 1810 341 ἀλγοῦντες
1824 311 1882 340 τοῖς

1094 352 1291 387 Ἀμαληκίταις
1306 351 1556 387 ὲπιστρατεύσωσι,
1569 353 1617 379 καὶ
1629 352 1679 388 τὴν
1690 353 1882 389 πανωλεθρίαν

1089 399 1161 426 κατὰ
1174 399 1224 433 τὴν
1238 399 1313 426 οείαν
1332 399 1425 430 αὐτοῖς
1451 399 1621 433 ἐπενέγκωσι
1643 400 1809 435 πρόρρησιν.
1826 401 1882 427 Kal.

1089 443 1134 470 ἵνα
1154 443 1229 469 λείαν
1248 443 1378 478 πλείστην
1398 443 1488 470 λαϐὼν
1515 444 1613 480 πέμψῃ
1638 445 1695 475 τοῖς
1714 444 1861 479 ὁμοφύλοις
1873 463 1882 475 ,

1091 488 1138 515 καὶ
1151 488 1191 520 εἰς
1206 487 1313 515 εὔνοιαν
1327 488 1427 520 αὐτοὺς
1440 488 1624 523 ὲφελκύσηται
1640 489 1762 517 πλείονα.

1127 575 1302 611 Προσάγαγε
1325 576 1360 602 τὸ
1381 576 1502 610 Ἐφούὰ
1527 575 1664 608 Ἀκύλαςο
1684 576 1809 610 ἐγγισόν
1829 583 1881 609 μοι

1092 621 1150 656 τὴν
1160 622 1304 656 ἐπωμίδα,
1326 622 1431 657 Ἑρωτᾷ
1445 622 1474 648 δὲ
1491 622 1558 657 περὶ
1577 621 1624 648 τοῦ
1639 622 1763 657 γεδδοὺρ,
1777 621 1792 647 ὃ
1805 621 1881 656 δηλοῖ

1093 667 1159 703 παρ’
1177 667 1313 703 Ἑϐραίοις
1330 667 1363 694 τὸ
1375 668 1562 702 σύστρεμμα,
1575 667 1667 694 καὶτὸ
1677 666 1878 701 πειρατήριον.

1089 714 1221 741 Καλεῖται
1243 714 1271 739 δὲ
1294 712 1365 739 οὕτω
1392 713 1424 740 τὸ
1452 713 1619 747 λῃστρικὸν
1644 714 1798 747 σύστημα.
1823 713 1878 739 Καὶ

1088 756 1206 787 Ἀκύλας
1217 756 1343 790 ἐξέδωκε,
1357 756 1528 791 μονοζώνου
1542 758 1782 793 συστρέμματος.

251 800 416 834 appellatur,
451 801 481 828 τὸ
512 801 659 837 ληστρικδν
682 802 819 838 σύστημα,
853 803 1006 838 pra’donum
1032 813 1041 831 t

1090 804 1208 840 negatio.
1229 804 1329 839 Aquila
1355 805 1493 840 exposuit,
1514 805 1667 841 μονοζώνου
1700 804 1876 840 συστρέμμα-

250 854 307 876 τος.

279 890 362 918 Vsus.
387 891 431 919 10.
456 891 640 919 Substiterunt
660 893 830 928 septuaginta
844 893 906 921 viri.
928 893 1038 929 Aquila,
1055 898 1075 926 Β

250 936 391 972 defatigati
407 942 478 969 sunt,
496 939 536 964 ita
551 942 579 964 ut
596 946 649 965 non
664 944 770 972 possent
790 939 915 965 transire.

280 981 362 1009 Vens.
392 982 436 1009 15.
466 982 537 1015 Quia
563 982 697 1014 turbatus,
722 987 748 1010 et
774 983 935 1018 defatigatus
965 991 1037 1010 sum.

251 1028 359 1061 Aquila,
374 1033 472 1062 wgrato
492 1028 616 1060 inﬁrmus
632 1036 701 1055 sum.

281 1073 365 1101 Vsus.
382 1074 426 1101 17.
444 1075 466 1099 Α
488 1074 616 1108 lucifero;
639 1075 750 1109 Aquila,
767 1082 784 1102 α
804 1075 939 1108 tenebris;
957 1074 1036 1110 Sym-

252 1120 376 1149 machus.
394 1128 410 1146 a
421 1127 533 1154 vespere.

1131 891 1326 925 Ὑπέστησαν
1343 891 1378 918 δὲ
1398 892 1426 919 οι
1447 891 1652 926 ἐϐδομήκοντα
1665 892 1774 927 ἄνδρες
1795 893 1877 920 Ἀκύ-

1089 936 1138 968 λας
1151 945 1157 952 ν
1175 937 1333 970 ἠτόνησαν
1347 935 1400 963 τοῦ
1412 935 1561 970 διαϐῆναι.

1125 981 1205 1008 Διὸτι
1220 980 1399 1015 ἠνοχλήθην
1425 980 1494 1016 ἐγὼ.
1510 981 1637 1014 Ἀκύλας,
1655 981 1837 1017 ἡρῤώστησα
1851 981 1876 1010 ¹².

1131 1072 1204 1099 Ἀπὸ
1228 1070 1404 1106 ἑωσφόρον·
1426 1070 1553 1104 Ἀκύλας,
1574 1071 1786 1107 σκοτομήνης·
1807 1071 1876 1106 Σύμ·

1090 1125 1187 1153 μαχος,
1203 1115 1253 1152 ἀφ’
1265 1113 1301 1144 οὗ
1316 1116 1538 1144 συνεσκότασε.
1548 1115 1579 1149 C,
1592 1116 1622 1143 L.

904 1195 1020 1225 VARIE
1036 1194 1235 1223 LECTIONES.

280 1243 294 1264 h
303 1241 335 1270 C.
357 1242 386 1270 L.
399 1242 461 1270 ἀντὶ
473 1242 532 1275 τοῦ,
546 1242 714 1280 ἠῤῥώστησα
726 1244 857 1278 τριταῖος,
869 1243 898 1275 ὃς
912 1242 971 1270 ἐστι
982 1243 1061 1278 τρεῖς
1074 1242 1191 1277 ἡμέρας.

259 1341 1872 1357 W

350 1425 471 1481 ΕΙΣ
524 1424 683 1481 ΤΗΝ
721 1420 1102 1482 ΔΕΥΤΕΡΑΝ
1166 1421 1316 1478 ΤΩΝ
1361 1417 1785 1478 ΒΑΣΙΛΕΙΩΝ.

458 1621 539 1682 ΙΝ
569 1621 871 1685 LIBRUM
911 1617 1336 1684 SECUNDUM
1377 1615 1678 1680 REGUM.

526 1815 607 1850 520
637 1814 752 1843 CAPUT
767 1815 788 1842 ι.

288 1859 370 1888 Vsus.
388 1860 414 1888 6.
429 1860 501 1889 Casu
515 1862 619 1892 cecidit,
635 1869 695 1896 pro,
703 1861 786 1889 uictus
798 1865 837 1889 est
854 1861 965 1890 Israel.r
985 1862 1039 1898 Ap-

253 1907 464 1942 propinquabant
474 1909 519 1942 ei;
530 1909 641 1944 Aquila,
653 1918 713 1937 cum
726 1908 938 1944 deprehenderet.
955 1918 965 1936 ›

291 1993 375 2022 Vens.
387 1995 430 2022 10.
442 1996 575 2029 Χλιδῶνα,
586 1998 734 2026 armillam.
743 1998 792 2026 Est
804 2003 996 2026 ornamentum
1006 2005 1039 2026 ex

254 2047 332 2071 auro,
348 2043 419 2075 quod
430 2042 471 2069 vel
485 2042 617 2075 brachiis,
633 2045 674 2071 vel
692 2052 822 2072 manuum
834 2045 977 2079 juncturis
985 2044 1040 2071 cir-

254 2087 439 2121 cumponitur.
458 2089 556 2123 Aquila
572 2089 754 2117 brachiarium
774 2091 931 2125 appellavit.

290 2131 428 2160 VERSJS.
442 2132 576 2166 Quoniam
600 2143 628 2162 os
646 2140 719 2162 tuum
735 2136 870 2170 respondit
899 2140 993 2163 contra
1016 2140 1040 2163 te

253 2179 356 2206 dicens.
384 2178 406 2206 Ο
433 2179 599 2213 singularem
631 2181 716 2207 animi
735 2180 1040 2215 prudentiamlAudita

253 2224 327 2252 cmde
339 2224 443 2251 inimici
461 2225 514 2256 sui,
546 2232 639 2253 amare
653 2225 817 2253 lamentatus
832 2230 884 2254 est.
901 2226 936 2253 At
956 2226 1040 2253 furio-

254 2277 302 2297 sus
330 2270 387 2302 ille,
420 2270 494 2296 nulla
513 2270 613 2303 injuria
634 2271 716 2298 laesus
739 2271 773 2298 de
784 2275 873 2299 morte
892 2271 1038 2306 gloriatur,

254 2315 466 2343 licetJonathan
481 2315 623 2348 ceciderit,
641 2320 668 2344 et
696 2324 795 2351 magna
817 2317 898 2344 etiam
913 2324 976 2344 cum
1006 2325 1039 2345 eo

255 2367 319 2396 pars
349 2360 489 2388 exercitus
517 2361 606 2388 deleta
625 2362 671 2389 sit.
689 2361 824 2390 Praeterea
846 2363 936 2398 lingit,
950 2370 1039 2398 quan-

254 2413 336 2440 quam
354 2405 467 2437 lrustra,
482 2413 512 2432 se
528 2405 638 2434 Saulem
656 2406 843 2436 interfecisse.
860 2406 926 2433 Erat
943 2412 1038 2435 autem

256 2452 407 2480 Amalecita
417 2471 424 2484 ,
451 2455 548 2478 contra
565 2459 634 2487 ques
643 2453 700 2488 jam
717 2453 780 2480 olim
792 2454 965 2481 damnatoria
975 2461 1040 2482 sen-

255 2498 340 2524 tentia
368 2499 428 2523 erat
455 2497 520 2524 lata.
542 2497 597 2525 Nec
618 2499 682 2534 jure
700 2499 786 2534 igitur
796 2499 829 2527 de
843 2499 895 2527 hoc
910 2499 995 2526 David
1024 2507 1040 2526 a

257 2541 423 2576 quibusdam
440 2541 628 2578 redarguitur.

293 2586 376 2616 Vsus.
393 2589 438 2616 17.
458 2589 633 2617 Lamentata;
661 2593 703 2616 est
715 2588 812 2617 David.
828 2588 911 2616 Multa
945 2587 1042 2615 Davidi

259 2632 363 2661 luctum
388 2635 549 2668 attulerunt,
579 2634 746 2662 desiderium
763 2634 897 2666 Jonathae,
921 2633 1042 2662 studium

258 2685 324 2712 erga
339 2681 481 2715 populum,
498 2675 646 2716 impiorum
675 2679 884 2708 Palestinorum
913 2680 1041 2712 victoria,

258 2722 291 2749 ad
319 2723 376 2752 haec
400 2725 491 2753 Saulis
505 2725 587 2753 etiam
616 2725 753 2753 interitus.
766 2724 833 2751 Nam
848 2725 936 2756 illum,
961 2732 1042 2759 quem

263 2768 354 2796 vivum
382 2769 551 2803 observavit,
570 2774 597 2797 et
622 2769 718 2802 coluit,
735 2777 797 2798 eum
814 2778 889 2798 nunc
903 2774 1042 2798 mortuum

261 2812 348 2840 multo
357 2814 444 2847 magis
461 2814 607 2841 miseratus
621 2818 672 2841 est.

298 2857 382 2884 Vens.
400 2857 444 2886 18.
470 2858 577 2892 Scripta
599 2864 638 2886 εει
654 2859 808 2886 lamentatio
841 2860 868 2886 in
885 2859 952 2887 libro
970 2859 1043 2887 recti.

258 2903 336 2936 Quod
352 2903 485 2937 declarat,
501 2903 572 2932 hanc
598 2903 741 2932 historiam
769 2912 801 2932 ex
818 2904 910 2932 multis
925 2905 1041 2940 prophe-

1391 1814 1519 1843 ΚΕΦΑΛ.
1531 1814 1572 1840 A’.

1125 1860 1328 1896 Περιπτώματι
1348 1859 1535 1895 περιέπεσεν,
1555 1859 1615 1886 ἀντὶ
1638 1857 1695 1890 τοῦ,
1723 1856 1835 1891 ἡττήθη
1860 1858 1876 1883 ὁ

1097 1906 1230 1941 Ἰσραήλ.
1245 1906 1282 1933 Τδ
1310 1905 1458 1941 συνῆψαν
1473 1904 1554 1938 αὐτῷ
1566 1913 1573 1920 ·
1599 1904 1726 1936 Ἀκύλας,
1751 1902 1875 1929 κατέλα-

1092 1953 1156 1980 ϐον.
1174 1953 1205 1979 C.
1225 1952 1257 1978 L.

1129 1999 1184 2024 Τὸν
1212 1996 1356 2032 χλιδῶν-α,
1372 1997 1485 2031 Κόσμος
1498 1996 1557 2022 ἐστὶ
1572 1995 1700 2030 χρυσοῦς,
1713 1995 1729 2029 ἢ
1744 1995 1801 2026 τοῖς
1814 1993 1878 2029 βρα-

1090 2043 1162 2079 χίοσι
1177 2043 1394 2079 περιτιθέμενος,
1412 2043 1429 2077 ἢ
1443 2043 1501 2072 τοῖς
1519 2043 1635 2077 καρποῖς
1648 2040 1703 2068 τῶν
1718 2039 1827 2076 χειρῶν.
1849 2039 1878 2066 Ὀ

1091 2089 1120 2116 δὲ
1143 2089 1268 2120 Ἀκύλας,
1280 2088 1462 2122 ,βραχιάριον
1481 2087 1546 2113 αὑτδ
1555 2087 1699 2121 κέκληκεν.

1127 2135 1192 2162 ’Ὅτι
1203 2135 1237 2162 τὸ
1250 2135 1348 2169 στόμα
1361 2141 1420 2161 σου
1438 2133 1583 2167 ἀπεκρίθη
1598 2132 1672 2159 κατὰ
1687 2131 1756 2164 σοῦ,
1776 2131 1874 2165 λέγον.

1091 2180 1163 2214 Εὖγε
1173 2179 1319 2214 φιλοσόφου
1333 2179 1422 2213 ψυχῆς
1431 2179 1437 2205 l
1449 2177 1605 2212 Δυσμενοῦς
1614 2177 1670 2212 γὰρ
1680 2177 1799 2208 ἀκούσας
1810 2184 1879 2210 σφα-

1090 2225 1152 2261 γὴν,
1169 2225 1278 2261 πικρῶς
1297 2223 1469 2259 ὠλοφύρατο.
1506 2223 1535 2250 '0
1552 2222 1580 2250 δὲ
1610 2221 1785 2258 μεμηνυκὼς,
1802 2221 1877 2248 οὐδὲν

1090 2269 1265 2306 ἠδικημένος,
1285 2267 1440 2300 ὲπετώθαζε
1456 2268 1495 2303 τῷ
1510 2268 1631 2303 Θανάτῳ.
1649 2268 1705 2294 Καὶ
1726 2267 1813 2294 ταῦτα
1830 2267 1879 2294 σὺν

1090 2315 1165 2351 αὑτῷ
1181 2315 1355 2346 πεπτωκότος
1374 2313 1514 2346 Ἰωνάθαν,
1529 2314 1576 2340 καὶ
1595 2313 1722 2340 πλείστου
1745 2313 1873 2348 στρατοῦ.
1900 2343 1904 2346 ,

1090 2363 1146 2390 Καὶ
1161 2363 1310 2389 πλάττεται
1333 2361 1423 2396 μάτην
1439 2360 1509 2388 εἶναι
1542 2360 1676 2396 σφαγεὺς.
1703 2358 1758 2387 Ἦν
1779 2360 1808 2386 δὲ
1830 2360 1878 2386 καὶ

1096 2407 1292 2442 Ἀμαληκίτης,
1307 2407 1369 2433 καθ’
1384 2403 1423 2432 ὦν
1454 2406 1540 2434 πάλαι
1566 2405 1699 2440 θανατικὴ
1721 2405 1810 2439 ψῆφος
1835 2404 1881 2436 ἐξ·

1091 2453 1192 2489 ηνέχθη
1205 2451 1280 2487 παρὰ
1288 2451 1368 2479 Θεοῦ.
1377 2451 1474 2486 Μάτην
1486 2449 1533 2478 οὖν
1543 2459 1616 2483 τινες
1627 2449 1772 2485 ἐγκαλοῦσι
1784 2449 1823 2485 τῷ
1831 2450 1881 2476 Δα-

1094 2499 1136 2525 6ὶδ
1152 2498 1216 2534 περὶ
1235 2497 1342 2525 τούτου.
1357 2496 1388 2525 C.
1405 2496 1436 2524 L.

1127 2581 1182 2610 Kal
1196 2582 1347 2616 ἐθρήνησε
1360 2581 1458 2608 Δαϐίδ.
1476 2579 1567 2607 Πολλὰ
1577 2580 1622 2607 τὸν
1641 2579 1739 2615 θρῆνον
1753 2579 1883 2614 εἰργάσα-

1090 2637 1133 2661 το,
1157 2628 1205 2654 τοῦ
1226 2628 1353 2654 Ἰωνάθαν
1372 2628 1387 2654 ὁ
1406 2626 1488 2658 πόθος
1502 2648 1510 2659 ,
1526 2627 1542 2661 ἠ
1571 2625 1637 2662 περὶ
1649 2626 1695 2652 τὸν
1721 2625 1785 2652 λαδν
1807 2625 1884 2660 φιλο-

1098 2673 1227 2708 στοργία,
1243 2673 1298 2699 τῶν
1311 2672 1450 2699 δυσσεὸὦν
1464 2671 1620 2706 ἀλλοφύλων
1632 2673 1649 2707 ὴ
1668 2671 1741 2707 νίκη.
1754 2671 1801 2698 καὶ
1814 2671 1884 2706 πρὸς

1095 2718 1201 2750 τούτοις
1227 2718 1274 2744 τοῦ
1289 2717 1374 2744 Σαοὺλ
1387 2718 1404 2753 ἡ
1418 2718 1522 2752 σφαγή.
1538 2718 1588 2744 ’ον
1609 2717 1662 2752 γὰρ
1679 2716 1770 2752 ᾐδεῖτο
1782 2716 1882 2750 ζῶντα,

1095 2765 1163 2792 πολὺ
1183 2764 1284 2799 μᾶλλον
1302 2764 1403 2800 ἠλέησε
1418 2763 1579 2799 τεθνηκότα.

1138 2859 1308 2893 Γέῃιιιπται
1323 2857 1367 2891 δὲ,
1381 2857 1478 2894 φησὶν,
1499 2859 1515 2884 ὁ
1530 2856 1640 2890 θρῆνος
1659 2856 1694 2883 ἐν
1715 2855 1814 2888 ,βίϐλῳ
1831 2853 1883 2881 τοῦ

1098 2904 1214 2938 εὐθέος.
1245 2905 1277 2931 Ὃ
1295 2903 1368 2939 δηλοί
1380 2904 1409 2930 τὸ
1431 2904 1463 2930 ἐκ
1474 2902 1580 2929 πολλῶν
1593 2901 1772 2936 προφητικῶν
1785 2899 1884 2936 βίϐλων
