2086 3160
184 127 247 158 1121

651 127 918 159 COMMENTARII
950 127 990 157 IN
1005 127 1079 157 LIB.
1100 127 1130 157 II
1150 126 1297 158 REGUM.

1742 127 1811 159 11:22

179 185 228 216 τὴν
247 181 369 217 ἱστορίαν
394 180 562 216 γεγράφθαι.
579 181 714 216 Ζητητέον
729 182 766 214 δὲ,
784 183 807 208 εί
840 183 907 209 κατά
922 191 972 216 φι-

1030 182 1087 208 Licis
1101 181 1178 209 libris
1193 182 1337 209 collectam
1352 188 1422 209 esse.
1438 180 1635 216 lnquircndum
1648 187 1689 209 est
1706 187 1809 210 autem.

180 231 293 264 λὸσοφον
308 229 339 255 τὸ
354 228 475 263 θρηνεῖν,
493 228 540 254 καὶ
563 228 639 260 τίνας
653 229 727 264 αὐτῷ
749 230 909 265 θρηνητέον,
926 229 973 255 καὶ

181 277 204 303 εἰ
219 276 263 302 διὰ
284 275 348 306 τοὺς
363 273 531 309 θνήσκοντας
550 273 722 309 θρηνήσειεν,
739 275 755 310 ἢ
768 275 801 311 δι’
814 275 919 305 ἑαυτὸν,
937 274 974 306 ὡς

179 322 205 348 οἱ
230 321 276 347 τὸν
292 319 409 347 κοπετὸν
425 319 472 346 ἐπὶ
483 319 615 355 Στεφάνῳ
632 324 640 338 ι
659 320 836 355 ποιήσαντες.

218 452 386 486 Στήλωσον
398 451 539 486 Ἰσραήλ.
553 451 680 483 ’Δκύλας.
697 452 868 486 ἀκρίόασαι.
883 451 938 486 Οὐχ
956 451 973 485 ὴ

182 498 314 533 τυχοῦσα,
331 497 425 532 φησὶν,
439 498 457 532 ἡ
473 497 579 532 πληγή.
601 496 733 528 Βασιλεὺς
759 496 774 522 ὁ
796 496 897 528 πεσὼν,
926 495 975 522 καὶ

184 543 319 579 βασιλέως
343 543 412 576 υίὸς,
427 542 476 570 καὶ
501 541 556 568 τῶν
571 541 715 577 ὁμοφύλων
729 542 754 568 οί
767 541 884 577 ἄριστοι.
912 541 975 567 Ὀτι

184 589 213 615 δὲ
237 588 298 614 λίαν
315 587 396 615 αὐτὸν
413 587 478 622 ἡνία
503 586 558 614 τῶν
571 586 730 622 ἀλλοφύλων
756 585 788 613 τὸ
804 586 915 621 κράτος,
940 585 976 612 τὰ

186 633 287 668 ἑφεξῆς
301 633 446 669 μαρτυρεῖ.

223 721 389 755 Στήλωσον
411 719 549 755 Ἰσραὴλ,
567 720 629 747 ἀντὶ
647 719 706 752 τοῦ,
719 721 758 754 ὡς
787 720 907 754 στήλην
929 719 975 753 ἐφ’

187 765 310 800 ὑψηλοῦ
329 766 476 800 ἱσταμένην
491 765 534 800 ἔχε
545 764 575 791 τὸ
585 765 696 799 γεγονὸς
709 765 811 800 πτῶμα
826 773 833 780 ·
842 765 903 792 ἀντὶ
914 764 974 797 τοῦ,

190 812 314 846 μέμνησο
333 811 382 846 τῆς
398 811 445 838 νῦν
457 810 575 846 πληγῆς,
589 811 636 837 καὶ
652 809 729 846 ζήτει
745 811 795 847 τὴν
810 810 901 837 αίτίαν
921 810 973 845 τῆς

190 855 349 890 θεομηνίας.

232 901 327 936 Ἀγιοοὶ
345 902 506 936 ἀπαρχῶν·
529 902 656 937 Ἀκύλας,
675 902 898 938 ἀφαιρεμάτων
910 902 976 929 Θεο-

190 945 297 978 δοτίων,
314 946 457 974 θανάτου.
475 949 692 983 Προσωχθισθη
712 949 833 982 θυρεός-
850 947 975 980 Ἀκύλας,

190 992 357 1027 ἀπεϐλήθη.
373 992 405 1019 C.
421 992 453 1021 L.

227 1038 297 1071 Ὄρη
313 1038 349 1064 τὰ
367 1038 508 1068 Γελϐουέ.
531 1039 684 1076 Ἐπαρᾶται
701 1041 758 1072 τοῖς
785 1040 901 1075 ἀψύχοις
926 1041 978 1067 ὑπὸ

190 1084 240 1119 τῆς
254 1085 359 1120 ὀδύνης.
387 1085 492 1121 Ὠσπερ
521 1087 546 1113 οί
566 1087 659 1122 μόριόν
674 1096 700 1114 τι
716 1087 763 1114 τοῦ
778 1087 903 1122 σώματος
925 1088 979 1114 πά-

193 1138 315 1164 σχοντες,
332 1130 419 1165 ῆταϊς
430 1133 543 1166 τοίχοις,
558 1132 575 1167 ἢ
591 1133 625 1167 τῇ
643 1132 732 1169 κλίνῃ,
756 1133 978 1169 προσαράσσουσι

191 1174 241 1206 τὰς
259 1176 365 1211 χεῖρας,
380 1176 430 1207 τὰς
444 1176 596 1212 ἀλγηδόνας
610 1177 648 1212 μὴ
673 1178 814 1213 φέροντες.
842 1179 979 1214 Δηλώσειε

191 1220 215 1247 δ’
235 1221 268 1247 ἄν
282 1229 308 1247 τι
323 1221 371 1248 καὶ
401 1221 577 1257 ὑψηλότερον,
603 1223 723 1258 Χριστοῦ
744 1224 906 1258 Θρηνοῦντος
934 1224 980 1252 τὸν

193 1265 301 1300 πρῶτον
315 1265 390 1298 λαὸν,
402 1267 449 1293 καὶ
467 1267 532 1299 τοὺς
560 1268 751 1303 ἁστειοτέρους
768 1270 832 1300 τοὺς
857 1269 886 1296 ὲν
906 1269 980 1305 αὺτῷ

192 1310 240 1336 καὶ
255 1311 304 1345 τῆς
319 1311 434 1346 νομικῆς
446 1311 572 1347 λατρείας
579 1312 609 1339 τὸ
620 1313 697 1347 παρὰ
707 1313 770 1345 τοὺς
781 1314 905 1346 ὲονικοὺς
914 1315 981 1349 ύψηο

192 1355 247 1382 λὸν.
265 1356 360 1390 Ἔλεγε
372 1356 437 1391 γάρ’
449 1365 460 1382 ‹
483 1357 672 1393 Ἰερουσαλὴμ,
687 1357 874 1394 Ἰερουσαλὴμ,
890 1359 907 1394 ἡ
917 1360 981 1386 ἁπο-

193 1401 339 1428 κτείνουσα
352 1404 416 1433 τοὺς
431 1402 586 1437 προφῆτας,
606 1411 616 1428 ι
636 1402 684 1430 καὶ
706 1403 741 1430 τὰ
757 1404 831 1439 ἑξῆς.
861 1404 980 1436 Θάνατος

192 1446 247 1482 γὰρ
264 1446 365 1479 αὐτῶν,
387 1447 403 1482 ἡ
419 1446 474 1473 τῶν
491 1447 520 1480 ἐξ
536 1447 652 1482 ούρανοῦ
665 1447 775 1484 δωρεῶν
789 1449 902 1485 ὲρημία.
920 1450 980 1476 Κα-

192 1492 228 1518 τὰ
252 1491 303 1518 τόο
322 1501 332 1518 ι
353 1491 418 1519 Ἰδοὺ
450 1492 561 1527 ἀφίεται
583 1493 649 1529 ἡμῖν
664 1495 678 1521 ὸ
701 1493 776 1526 οἶκος
811 1495 888 1530 ὑμῶν
915 1495 980 1531 ἐρη-
992 1519 1014 1548 c

136 1558 140 1559 ν
197 1545 258 1570 μος.
277 1545 286 1562 ι

234 1581 267 1610 Ἦ
279 1581 431 1617 ἀγάπησις
444 1590 503 1610 σου
515 1583 556 1616 ὡς
566 1583 720 1618 ἀγάπησις
743 1584 804 1612 τῶν
817 1585 978 1620 γυναικῶν.

197 1627 257 1654 Ἵνα
267 1626 343 1663 δείξῃ
356 1627 408 1663 τῆς
420 1627 612 1669 φιλοστοργίας
623 1628 654 1655 τὸ
667 1628 766 1664 θερμόν
778 1638 808 1656 τε
837 1631 884 1657 καὶ
912 1631 981 1667 γνή-

196 1681 263 1699 σιον.
279 1672 395 1708 Τοιαύτη
412 1673 467 1708 γὰρ
482 1674 500 1708 ἡ
516 1673 563 1700 τοῦ
576 1674 674 1708 ἀνδρὸς
704 1675 768 1710 περὶ
794 1675 844 1710 τὴν
862 1678 981 1711 γυναῖκα

195 1717 316 1750 διάθεσις
329 1717 367 1750 ὡς
382 1718 428 1745 τὸν
440 1719 505 1754 περ)¹
514 1719 562 1745 τοῦ
570 1719 661 1754 γάμου
672 1719 754 1755 νόμον
769 1720 857 1747 εἰπεῖν
867 1729 874 1736 ·
891 1730 901 1747 ‹
923 1721 982 1748 'Av-

195 1763 223 1789 τὶ
245 1763 340 1789 τούτου
355 1763 513 1798 καταλείψει
527 1763 671 1798 ἄνθρωπος
699 1764 748 1791 ’τὸν
763 1765 869 1800 πατέρα
887 1765 981 1799 αὐτοῦ,

197 1809 244 1836 καὶ
255 1809 306 1844 τὴν
322 1810 428 1845 μητέρα
441 1809 535 1843 αὑτοῦ,
553 1810 601 1837 καὶ
616 1810 887 1846 προσκολληθήσεται
913 1811 982 1846 πρὸς

197 1855 246 1889 τὴν
269 1856 387 1889 γυναῖκα
413 1855 508 1888 αὑτοῦ,
523 1855 570 1882 καὶ
593 1855 701 1882 ἔσονται
724 1855 749 1882 οί
764 1855 811 1882 δύο
830 1857 870 1888 είς
893 1857 983 1892 σάρκα

199 1899 274 1934 μίαν.
293 1909 303 1925 ι
320 1898 407 1926 Τοῦτο
424 1900 472 1926 καὶ
488 1900 502 1926 ὁ
523 1898 640 1926 Ἐλκανὰ
658 1891 805 1934 δεδήλωκε,
820 1899 870 1934 τὴν
883 1891 984 1926 Ἄνναν

197 1946 370 1981 ψυχαγωγῶν
383 1954 406 1972 Ὶ
419 1946 476 1973 Οὐκ
486 1945 587 1980 ἀγαθός
602 1954 643 1973 σοι
654 1946 708 1980 γὰρ
719 1944 785 1980 ἐγὼ,
796 1945 860 1980 ἔφη,
869 1945 939 1981 ὑπὲρ
946 1946 985 1973 δέ·

199 2002 235 2020 κα
249 1994 352 2027 τέκνα;
370 2003 380 2020 ›
401 1994 434 2020 ’0
442 1991 489 2020 οὖν
509 1994 556 2020 ἐπὶ
578 1993 633 2020 τῶν
655 1993 827 2029 γαμούντων,
840 1993 880 2024 είς
895 1992 985 2028 σάρκα

201 2040 279 2075 μίαν,
292 2039 371 2066 τοῦτο
380 2039 492 2066 ἐπὶτῶν
506 2038 688 2073 ἀγαπώντων,
703 2039 742 2070 είς
755 2038 843 2074 ψυχὴν
857 2037 932 2073 μίαν.

233 2084 283 2119 Μὴ
297 2086 340 2117 είς
351 2084 435 2117 νῖκος
457 2083 656 2119 καταφάγεται
668 2084 686 2118 ή
699 2083 833 2118 ῥομφαία
848 2091 857 2115 ;
882 2083 920 2110 ού
946 2082 987 2110 δί-

199 2137 288 2161 καιον,
312 2128 469 2164 φησὶ.τοὺς
498 2129 633 2159 νικῶντας
664 2127 853 2163 πανωλεθρίαν
873 2127 986 2160 ἐπάγειν

1024 234 1058 253 an
1074 227 1163 253 virum
1180 227 1332 260 sapientem
1357 226 1454 254 deceat
1470 227 1574 261 lugere.
1589 231 1616 254 et
1628 228 1740 262 quinam
1770 229 1810 254 ιιιτ

1024 271 1105 307 geruli
1123 272 1190 299 sint.
1205 271 1282 303 ltcm,
1301 279 1335 298 an
1353 277 1463 306 propter
1475 272 1550 303 illos,
1564 273 1609 307 qui
1629 274 1656 300 in
1671 273 1723 300 hoc
1738 273 1810 300 bello

1024 318 1223 347 occubuerunt,
1243 317 1410 345 lamentatus
1435 318 1482 349 sit,
1495 325 1530 344 an
1543 323 1654 352 propter
1675 320 1810 353 seipsum,

1024 363 1256 397 quemadmodum
1283 363 1394 398 illi,qui
1417 364 1557 398 planctum
1579 363 1704 391 fecerunt
1729 371 1811 398 super

1025 406 1206 442 Stephanum.

1060 452 1140 487 Erige
1172 456 1369 478 monumentum
1402 450 1498 478 Israel.
1525 451 1623 487 Aquila
1650 453 1810 488 ἁκρίϐασαι,

1025 502 1150 524 accurate
1175 504 1300 532 pernoace
1329 495 1389 523 Non
1424 497 1557 530 vulgaris,
1586 497 1688 530 inquit,
1718 498 1811 525 clades

1025 546 1077 570 est.
1103 541 1161 569 Rex
1185 542 1257 580 enim
1286 541 1386 568 cecidit
1410 541 1485 575 regis
1505 540 1587 572 ﬁlius,
1621 547 1648 568 et
1666 541 1811 569 fortissimi

1026 587 1128 621 quique
1142 594 1175 614 ex
1187 586 1401 613 contribulibus.
1419 586 1497 618 Quod
1521 590 1612 613 autem
1627 588 1760 620 potentia.
1785 592 1813 614 et

1026 631 1173 666 imperium
1193 630 1403 657 Palaestinorum
1418 630 1548 658 Davidem
1570 631 1689 658 maxime
1702 632 1814 658 crucia-

1025 676 1091 708 rint,
1102 676 1244 711 sequentia
1264 679 1411 703 testantur.

1062 720 1145 747 VERS.
1164 720 1205 748 19.
1219 719 1364 748 Considera
1392 719 1490 753 Israel,
1522 728 1583 756 pro,
1603 725 1633 748 ut
1660 721 1812 749 columnam

1026 765 1218 800 superexcelw
1240 771 1286 792 tua
1305 770 1423 793 erectam
1451 771 1615 800 prtesentem
1634 773 1730 793 casum
1744 774 1813 794 con-

1027 811 1136 842 sidera;
1155 819 1216 845 pro,
1233 814 1369 838 memento
1384 811 1526 846 przcscntis
1548 811 1646 847 plagae,
1671 812 1814 847 divinique

990 845 1012 872 Β
1029 855 1129 883 furoris
1149 862 1241 888 quaere
1255 862 1379 882 causam.

1062 900 1145 928 Vens.
1161 891 1207 927 21.
1223 901 1287 934 Agri
1314 901 1513 934 primitiorum;
1537 901 1644 935 Aquila,
1661 902 1720 936 agri
1736 902 1812 929 abla-

1029 946 1151 978 tionum;
1171 945 1355 977 ’l‘hcodotion,
1382 946 1440 979 agri
1463 947 1568 974 mortis.
1594 946 1756 982 Indignatur
1775 952 1814 974 cst

1028 993 1155 1026 clypeus;
1176 990 1286 1025 Aquila,
1311 990 1428 1025 objecta:
1449 995 1499 1018 est.

1067 1036 1148 1064 Vrsas.
1166 1037 1211 1063 21.
1226 1035 1329 1063 Montes
1360 1036 1465 1064 Gelboe.
1489 1036 1586 1064 Dolore
1601 1044 1745 1071 accensus,
1770 1045 1814 1066 res

1028 1082 1195 1112 inanimalas
1210 1089 1380 1116 exsecratur,
1396 1083 1628 1118 quemadmodum
1643 1085 1694 1116 illi,
1715 1085 1763 1119 qui
1785 1085 1813 1111 in

1029 1135 1106 1164 parte
1120 1129 1212 1164 aliqua
1246 1130 1370 1164 corporis
1385 1129 1528 1156 cruciatus
1555 1129 1692 1161 sentiunt,
1708 1129 1815 1157 doloris

1029 1175 1200 1209 impatientia
1231 1183 1330 1202 ntanus
1355 1175 1518 1210 parietibus,
1535 1180 1583 1202 aut
1602 1175 1674 1203 lecto
1686 1175 1814 1203 allidunt.

1030 1220 1184 1248 Sublimius
1221 1221 1458 1256 autemquiddam
1499 1221 1656 1255 signiﬁcare
1688 1221 1815 1254 videtur;

1030 1265 1172 1293 Christum
1189 1267 1310 1298 scilicet,
1332 1266 1520 1301 deplOrantem
1536 1270 1655 1294 veterem
1670 1267 1815 1301 populum.

1030 1316 1058 1340 et
1071 1312 1210 1340 civiliores
1225 1320 1259 1340 ex
1277 1313 1347 1347 ipso,
1360 1317 1388 1339 et
1412 1313 1509 1348 legalis
1520 1313 1611 1340 cultus
1620 1313 1693 1347 apud
1718 1317 1816 1348 gentes

1030 1359 1200 1388 altitudinem
1213 1359 1415 1393 ;dicebatenim
1430 1367 1436 1385 :
1452 1369 1460 1385 ι
1472 1359 1635 1391 Jerusalem,
1650 1358 1814 1391 Jerusalem.

1033 1411 1095 1439 quae
1107 1404 1212 1432 occidis
1226 1403 1372 1439 prophetas
1387 1404 1421 1435 ",
1442 1413 1452 1429 ι
1471 1407 1499 1431 et
1518 1403 1635 1438 reliqua.
1653 1403 1727 1431 Mors
1741 1403 1815 1431 enim

1030 1449 1235 1485 prophetarum,
1252 1448 1399 1479 donorum,
1413 1456 1473 1483 quae
1504 1448 1613 1476 caelitus
1623 1448 1733 1480 dantur,
1751 1447 1816 1476 ﬁnis

1032 1493 1183 1521 fuitJuxta
1199 1493 1266 1520 illud
1286 1500 1294 1519 :
1309 1501 1319 1518 ι
1334 1493 1416 1527 Ecce,
1440 1493 1539 1522 domus
1554 1497 1645 1521 vestra
1660 1493 1740 1521 vobis
1766 1493 1815 1520 de-

1031 1543 1103 1568 serta
1119 1539 1285 1579 relinquitur
1301 1538 1333 1565 ".
1359 1549 1369 1565 )
1701 1565 1703 1568 ,

1067 1583 1151 1612 Vens.
1167 1583 1303 1611 26.Amor
1317 1589 1389 1616 tuus,
1417 1589 1546 1619 tanquam
1575 1592 1651 1611 amor
1663 1584 1815 1611 mulierum.

1031 1629 1096 1658 Haec
1124 1630 1158 1657 ad
1181 1629 1379 1658 ostendendam
1410 1631 1514 1658 amoris
1539 1630 1762 1663 vehementiam,
1790 1635 1819 1658 et

1031 1675 1220 1703 sinceritatem
1232 1674 1379 1709 pertinent.
1398 1673 1473 1702 Talis
1487 1675 1559 1702 enim
1589 1678 1633 1703 est
1663 1675 1716 1702 viri
1751 1682 1817 1709 erga

1032 1726 1145 1746 uxorem
1160 1718 1279 1752 affectio,
1296 1718 1388 1754 qualis
1409 1719 1437 1746 in
1458 1719 1518 1754 lege
1535 1719 1708 1747 matrimonii
1723 1720 1817 1754 expri-

1032 1768 1119 1794 mitur
1133 1775 1139 1793 :
1160 1775 1170 1792 ι
1192 1767 1340 1801 Propterea
1356 1766 1494 1801 relinquet
1508 1765 1590 1793 homo
1602 1770 1708 1801 patrem
1724 1773 1818 1797 suum,

1031 1815 1059 1840 et
1079 1816 1203 1843 matrem,
1220 1816 1246 1839 et
1264 1811 1482 1847 agglutinabilur
1500 1811 1580 1839 uxori
1610 1819 1677 1845 sum,
1694 1815 1721 1839 et
1737 1815 1820 1839 erunt

1032 1857 1087 1884 duo
1105 1856 1132 1883 in
1150 1863 1233 1884 carne
1249 1864 1304 1883 una
1324 1856 1356 1885 “.
1387 1865 1397 1882 ι
1415 1855 1443 1883 Id
1470 1857 1552 1883 etiam
1572 1855 1693 1884 Ilelcana
1711 1856 1819 1884 Annam

1032 1903 1182 1930 consolans
1196 1901 1371 1938 signiﬁcavit.
1384 1910 1395 1928 ‹
1416 1901 1547 1937 Nunquid
1562 1909 1629 1934 non,
1643 1901 1751 1934 dicens,
1769 1909 1821 1937 ego

1034 1948 1081 1975 tibi
1099 1947 1197 1975 melior
1212 1955 1273 1976 sum
1287 1947 1381 1975 decem
1393 1947 1489 1975 liberis
1505 1948 1543 1974 ιστ
1567 1957 1576 1974 ι
1602 1947 1680 1981 Quod
1693 1948 1777 1983 igitur
1786 1948 1821 1975 de

1034 1992 1212 2020 matrimonio
1237 1992 1375 2027 copulatis
1395 1992 1508 2024 dicitur,
1525 1993 1554 2020 in
1579 2000 1692 2020 carnem
1723 2001 1820 2026 unam;

1034 2037 1087 2065 hoc
1113 2037 1147 2064 de
1162 2036 1258 2065 amicis
1271 2044 1333 2065 sese
1346 2037 1526 2072 diligentibus
1541 2037 1568 2066 in
1587 2038 1709 2065 animam
1723 2045 1820 2065 unam.

1071 2082 1154 2110 Vens.
1171 2082 1217 2110 26.
1231 2081 1304 2109 Num
1319 2082 1348 2109 in
1361 2087 1516 2116 perpetuum
1551 2087 1611 2110 tuus
1630 2090 1720 2109 mucro
1735 2083 1822 2110 deste-

1036 2128 1110 2156 viet?
1137 2127 1197 2154 Non
1228 2134 1336 2161 aequum
1357 2132 1410 2160 est,
1427 2127 1527 2162 inquit,
1555 2128 1677 2156 victores
1697 2136 1821 2163 quaerere

199 2176 255 2206 τοῖς
267 2175 433 2209 ἡττωμένοις
449 2172 551 2208 ζητεῖν.
569 2173 703 2204 Πολλάκις
727 2173 781 2208 γὰρ
805 2173 830 2199 οἱ
855 2173 981 2204 νικῶντες

1038 2174 1252 2201 internecionem
1269 2173 1400 2201 inducere
1426 2174 1518 2201 victis.
1548 2172 1626 2208 Stepe
1648 2174 1750 2209 stepius
1778 2181 1820 2203 et-

199 2219 343 2254 ήττῶνται,
371 2220 418 2245 καὶ
435 2219 460 2245 οἱ
487 2217 630 2250 διώκοντες
647 2218 790 2253 φεύγουσι.
818 2218 864 2244 Διό
891 2227 983 2254 φησιν,

198 2266 240 2291 ὅτι
254 2265 343 2300 πικρὰ
360 2264 435 2291 ἐσται
460 2263 494 2290 τὰ
512 2263 624 2299 ἔσχατα.
657 2263 813 2299 ’Υπέμνησε
826 2263 854 2290 δὲ
869 2263 916 2290 καὶ
936 2263 986 2298 τῆς

201 2309 372 2344 συγγενείας,
387 2311 435 2336 καὶ
461 2309 575 2336 πέπεικε
591 2315 614 2336 l.
627 2309 664 2336 Τὸ
677 2309 717 2340 δὲ,
736 2309 822 2344 πικρὰ
849 2308 927 2335 ἔσται
951 2309 985 2336 τὰ

200 2356 319 2390 ἔσχατα·
351 2355 393 2382 ὅτι
421 2355 478 2386 τοῖς
504 2354 633 2389 ἀδελφοῖς
666 2353 795 2388 πολεμεῖν
834 2352 986 2388 μετάμελον

198 2401 265 2436 εχει.
282 2400 315 2428 C.
328 2400 360 2428 L.

497 2490 624 2517 ΚΕΦΑΛ.
639 2489 679 2516 Β’.

236 2536 289 2563 Kal
300 2534 395 2569 εἶπεν,
409 2537 462 2569 Εἰς
472 2537 599 2570 Χεϐρών.
608 2536 656 2562 Ἐκ
665 2534 719 2562 τῶν
729 2533 898 2568 φαινομένων
911 2533 984 2560 ἐστιν

200 2583 296 2612 εἰπεῖν,
312 2581 356 2608 διὰ
370 2582 401 2608 τὸ
415 2582 477 2612 τοὺς
491 2581 663 2616 πατριάρχας
682 2580 739 2606 ἐκεῖ
763 2579 925 2612 κατοικῆσαί
952 2586 984 2604 τε

201 2627 248 2659 καὶ
260 2627 390 2661 ταφῆναι.
417 2627 471 2653 Καὶ
497 2627 537 2653 ὅτι
558 2626 607 2660 τῆς
633 2625 716 2652 Ἰούδα
745 2625 842 2660 φυλῆς,
870 2624 930 2651 ὅθεν
954 2621 988 2658 ἦν

1039 2219 1112 2245 enim
1126 2218 1245 2245 victores
1257 2217 1408 2244 vincuntur
1419 2223 1447 2245 ct
1461 2218 1553 2254 fugam
1564 2218 1677 2254 capiunt
1701 2220 1747 2254 qui
1762 2228 1823 2255 per~

1037 2262 1234 2298 sequebantur.
1260 2261 1326 2289 Ideo
1338 2262 1415 2295 dicit,
1436 2263 1502 2298 quia
1513 2269 1698 2293 amaraerunt
1712 2266 1821 2295 ultima.

1038 2307 1152 2335 Generis
1173 2306 1395 2334 communionem
1409 2307 1436 2335 in
1454 2309 1615 2336 memoriam
1628 2311 1766 2338 revocavit
1792 2316 1820 2339 et

1037 2355 1200 2386 paruerunt.
1214 2351 1271 2379 Hoc
1287 2356 1391 2384 autem,
1409 2353 1472 2387 quia
1497 2361 1590 2381 amara
1608 2359 1689 2382 erunt
1705 2357 1821 2390 ultima;

1038 2397 1103 2432 quia
1126 2397 1259 2425 adversus
1291 2396 1390 2426 fratres
1424 2405 1558 2434 pugnare,
1588 2400 1759 2434 poenitentiae
1771 2402 1822 2429 ob-

1036 2443 1158 2470 noxium.

1353 2489 1430 2517 CAP.
1452 2489 1484 2517 11.

1076 2533 1158 2561 Vens.
1172 2533 1197 2561 1.
1215 2532 1381 2568 Respondit:
1402 2533 1432 2561 In
1448 2535 1584 2563 Chebron.
1601 2536 1740 2569 Quantum
1757 2545 1824 2565 con-

1035 2579 1152 2614 iecturis
1183 2578 1333 2614 colligitur,
1350 2586 1498 2613 possumus
1524 2580 1627 2614 dicere,
1643 2589 1676 2609 eo
1686 2583 1759 2617 quod
1777 2591 1826 2619 pa-

1043 2625 1173 2652 triarchaz
1194 2623 1231 2651 ibi
1252 2624 1459 2658 habitaverunt,
1475 2630 1502 2654 et
1515 2626 1615 2662 sepulti
1626 2631 1704 2656 sunt.
1720 2627 1825 2657 Deinde

240 2716 259 2730 “
276 2714 371 2742 Matth.
388 2722 468 2747 nul,
482 2716 527 2743 57.
568 2714 589 2730 ¹²
619 2712 686 2740 ibid.
714 2711 758 2738 58.
805 2712 825 2727 ιδ
839 2710 907 2738 Gen.
921 2719 950 2742 ιι,
968 2710 981 2737 Ξ

1059 2711 1080 2727 η
1100 2710 1109 2736 l
1127 2709 1193 2746 Reg.
1214 2719 1233 2742 ι,
1250 2711 1276 2738 8.

801 2779 843 2806 VA
850 2778 917 2804 RIAE
938 2776 1140 2804 LECTIO‘NES.

243 2830 250 2850 ι
267 2829 287 2856 C
314 2828 345 2855 L.
358 2828 404 2855 ἐπὶ
417 2827 454 2862 τῷ
470 2827 541 2862 φόνῳ
552 2845 559 2853 .
589 2824 595 2850 i
617 2825 655 2852 Τὰ
675 2825 796 2859 ἑπόμενα
808 2824 837 2850 οὐ
854 2822 976 2859 περιέχει
995 2823 1010 2848 ό
1026 2821 1074 2855 τῆς
1088 2821 1155 2854 Δύγ.
1174 2820 1238 2848 κὼδ.
