2086 3160
295 159 364 191 1123

959 161 1135 192 PROCOPII
1155 162 1276 193 GAZ/El

1857 166 1924 198 1124

294 216 358 250 quia
374 213 492 246 llcbron.
505 215 577 242 unde
590 197 825 243 David'oriundus
838 215 903 248 fuit,
919 216 972 243 sita
983 222 1042 244 erat
1053 217 1081 244 in

1135 217 1149 244 ό
1163 217 1254 250 Δαϐὶδ,
1270 217 1287 252 ἡ
1303 215 1416 252 Χεϐρὼν
1428 216 1488 243 τότε
1503 216 1670 252 μητρόπολις
1680 215 1724 252 ἦν,
1740 217 1801 245 Ἐτι
1811 219 1866 256 γὰρ
1877 220 1925 257 τὴν

294 259 367 287 trith
387 258 469 292 Juda,
492 260 537 287 illo
554 265 674 294 tetnpore
694 261 870 296 metropolim
886 261 984 289 fuisse.
1000 261 1084 289 Jcbu-

295 305 342 333 saei
361 306 434 332 enim
446 304 730 340 Hierosolymaadhuc
745 307 885 333 tenebant.
898 306 1083 338 Quamobrem

295 350 389 382 infert,
409 350 480 385 quod
496 351 680 378 ascendentes
707 350 935 378 habitaverint'in
967 352 1084 380 urbibus

294 395 442 423 llebronis.
457 396 593 424 Caeterum
613 396 705 424 tribus
726 396 799 424 Iuda
825 396 969 430 Davidem,
989 401 1085 433 utpote

294 440 488 473 contribulem.
522 441 610 477 magis
633 442 778 477 diligebat.
811 442 882 470 Hinc
901 442 972 470 dicit
993 451 999 469 :
1018 452 1028 469 ι
1052 442 1086 470 Et

294 486 407 512 veniunt
423 485 569 519 viriluda,
582 490 609 514 et
632 491 740 519 ungunt
762 486 892 515 Davidem
911 487 968 519 ibi;
990 497 1002 515 ι
1032 488 1086 516 hoc

294 535 336 557 est
349 530 488 566 suifragiis
507 531 640 567 deligunt.
666 531 778 560 Samuel
795 532 869 560 enim
887 533 1022 569 propheta
1039 541 1086 562 sa-

295 581 343 601 cro
364 575 452 610 ipsum
467 576 528 603 oleo
548 577 709 604 inunxerat.

333 618 416 647 Vens.
431 620 475 647 12.
489 619 682 655 Mephilmeth.
703 620 783 650 Hunc
802 621 903 657 reliqui
921 621 1086 658 interpretes

296 663 385 691 lsbaal
399 665 553 700 appellant.

333 709 416 737 Vens.
446 711 489 738 l3.
524 711 602 746 521
633 711 669 739 Et
692 712 786 739 ludam
806 720 896 740 coram
908 712 989 740 vobis.
1012 712 1087 740 Con-

295 762 432 789 gressum,
447 755 606 783 conﬂictum
620 763 728 788 eorum,
745 757 839 784 lusum
858 757 989 792 appellat,
1022 765 1085 785 cum

295 799 435 826 communi
466 804 494 827 et
516 801 636 828 maximo
649 801 786 834 exercitu,
803 802 999 837 particularem
1016 809 1088 830 com-

297 844 418 871 mittens.

1140 262 1318 298 Ἰερουσαλὴμ
1338 262 1494 288 ’Ῑεόουσαϊοι
1508 263 1748 299 κατεῖχον,δι6περ
1757 265 1908 300 ἐπήνεγκεν
1917 276 1924 282 ·

1133 307 1172 339 ὡς
1192 307 1317 343 ἀνῆλθον,
1332 307 1380 334 καὶ
1396 307 1540 342 κατῴκουν
1554 309 1582 335 ὲν
1595 310 1656 340 ταῖς
1681 309 1777 337 πόλεσι
1795 311 1925 347 Χεΰρὼν,

1134 353 1182 380 καὶ
1202 353 1239 385 ὡς
1255 353 1371 388 φυλέτην
1382 353 1410 380 δὲ
1429 353 1446 388 ή
1459 352 1506 379 τοῦ
1530 353 1615 380 Ἰούδα
1629 354 1711 381 πλέον
1722 355 1818 390 ἠγάπα
1841 357 1924 393 φυλή.

1135 398 1218 425 Ὅθεν
1231 399 1310 433 φησὶ,
1327 407 1337 424 t
1356 398 1412 425 Καὶ
1440 398 1566 434 ἔρχονται
1593 400 1618 426 οι
1646 401 1742 436 ἄνδρες
1762 401 1858 435 Ἰούδα,
1878 404 1927 430 καὶ

1135 443 1239 478 χρίουσι
1264 443 1309 470 τδν
1331 442 1413 470 Δαΰὶδ
1434 443 1503 471 ἐκεῖ.
1519 453 1528 469 ι
1554 444 1684 471 Τουτέστι
1697 464 1705 476 ,
1732 448 1926 481 χειροτονοῦσι.

1141 488 1293 525 Ἐκεχρίκει
1304 489 1358 524 γὰρ
1369 488 1451 517 αὑτὸν
1460 488 1499 525 τῷ
1524 489 1590 526 θείῳ
1602 489 1684 526 ἐλαίῳ
1697 491 1823 528 Σαμουὴλ
1833 494 1846 519 ὁ
1860 501 1928 529 προ-

1135 536 1234 572 φήτης-

1174 623 1230 650 Τὸν
1245 623 1446 659 Μεμφιϐοσέθ.
1467 623 1569 652 Τοῦτον
1590 625 1616 652 οῑ
1644 624 1734 652 λοιποὶ
1759 625 1929 662 ἑρμηνευταὶ

1135 669 1257 696 Είσὸἀαλ
1270 670 1446 705 ὀνομάζουσι.

1170 713 1226 740 Καὶ
1242 714 1371 741 ἐνώπιον
1386 714 1472 749 ἡμῶν
1493 714 1710 747 παιξαίτωσαν.
1733 716 1849 744 Παιδιάν
1876 717 1931 753 τὴν

1137 757 1240 784 τούτων
1263 759 1395 786 ἐκάλεσεν
1413 759 1585 796 συμπλοκὴν,
1607 761 1637 795 τῇ
1653 762 1732 797 κοινῇ
1744 761 1791 788 καὶ
1806 763 1926 799 μεγίστῃ

1137 802 1291 837 παρατάξει
1307 803 1502 839 παρεξετάζων
1514 803 1563 840 τὴν
1579 806 1708 841 μερικὴν.

332 888 416 916 Vens.
427 889 474 916 26.
485 889 558 917 Num
572 898 654 926 usque
678 891 705 918 in
721 891 861 919 victoriam
877 892 1013 920 det-orabit
1023 894 1085 929 gla-

1175 889 1223 924 Μὴ
1241 890 1285 923 είς
1299 889 1385 923 νῖκος
1398 890 1600 927 καταφάγεται
1614 891 1633 927 ἡ
1645 893 1798 929 ρομφαίικ
1819 895 1857 922 Οὐ
1887 895 1931 923 δί-

296 933 356 960 diu;
370 934 382 960 ?
396 933 455 962 Non
471 942 579 970 aequum
595 942 648 968 est,
670 936 770 971 inquit,
789 942 820 964 ut
843 938 960 966 victores
990 946 1087 967 omnes

296 979 385 1006 victos
410 979 445 1006 ad
481 987 567 1007 unum
586 985 729 1008 conentur
751 982 938 1017 exstinguere.
956 982 1088 1019 Saepenu-

296 1032 372 1052 mero
391 1025 474 1057 enim,
488 1026 535 1060 qui
548 1026 698 1054 seettttdum
714 1027 841 1062 przelium
858 1027 975 1062 faciunt,
997 1029 1088 1057 denuo

296 1070 453 1103 vincuntur,
469 1075 496 1098 et
511 1072 557 1106 qui
570 1072 638 1100 alios
651 1078 869 1108 persequuntur,
898 1079 1046 1103 vertuntur
1060 1076 1087 1103 in

299 1114 402 1150 fugam.
423 1115 608 1148 Quamobrem
638 1118 717 1151 dicit,
751 1123 876 1146 extrema
888 1128 983 1148 amara
1012 1129 1086 1150 esse.

297 1160 493 1194 Cognationem
522 1162 605 1189 etiam
643 1171 777 1193 revocans
800 1165 828 1192 in
863 1167 1038 1202 memoriam,
1062 1167 1088 1195 ei

297 1207 446 1240 persuasit,
458 1207 531 1241 quod
551 1209 650 1236 voluit.

333 1251 414 1279 Vens.
441 1253 485 1279 5‘2.
504 1253 647 1281 Abiueruut
666 1255 694 1282 in
710 1263 845 1284 occasum.
866 1256 935 1285 Cum
958 1257 1089 1293 reliquls-

297 1301 358 1323 scut
375 1297 470 1328 ltama,
491 1302 519 1325 et
537 1298 641 1331 Gabaa,
653 1299 793 1328 domicilia
815 1301 921 1335 Saulis;
936 1311 999 1338 qua:
1030 1312 1088 1340 ap-

298 1342 436 1378 pellantur
458 1347 561 1380 castra,
583 1351 613 1374 se
637 1345 666 1374 in
680 1345 785 1383 regiam
801 1347 897 1377 urbem
913 1355 1088 1387 receperunt.

334 1485 416 1514 Vens.
433 1487 460 1514 5.
481 1485 516 1513 Et
530 1491 643 1522 quartus
660 1489 740 1518 Onia.
759 1490 869 1526 Aquila,
882 1490 1016 1520 Adonim.

334 1526 417 1558 Vatis.
434 1532 461 1558 7.
476 1531 566 1565 Quare
580 1533 715 1568 ingressu:
729 1543 756 1562 et
780 1536 815 1562 ad
845 1536 1019 1564 concubinam
1037 1544 1088 1572 pa-

297 1577 348 1604 tris
361 1577 435 1605 mei?
448 1577 508 1605 Non
518 1579 592 1606 enim
606 1579 707 1608 licebat
734 1589 830 1617 regum
848 1584 1014 1612 concubinis
1033 1585 1087 1612 nisi

296 1631 359 1650 cum
386 1624 499 1659 regibus
529 1627 690 1655 convenire.
715 1627 823 1657 Idcirco
855 1629 1020 1658 Abessalom
1052 1630 1087 1658 ad

296 1669 482 1697 concubinam
503 1671 592 1704 patris
614 1672 758 1707 ingressus
769 1678 823 1706 est,
838 1681 952 1710 regnum
962 1675 1088 1703 obtinere
1103 1674 1105 1676 ’

295 1713 402 1745 volens,
426 1718 455 1742 et
481 1715 602 1743 Adonias
634 1716 799 1746 interiectus
825 1722 868 1746 est
881 1718 903 1734 ”’
921 1724 1015 1754 utpote
1042 1728 1086 1748 re-

295 1764 380 1791 gnum
398 1757 543 1792 allectans,
581 1760 647 1795 quia
662 1761 698 1789 ad
729 1763 912 1790 concubinam
925 1764 1010 1798 patris
1042 1765 1086 1793 sui

297 1804 402 1838 ingredi
417 1805 515 1833 voluit.

332 1848 414 1877 Vens.
423 1849 534 1877 l5.Niu'
541 1850 687 1879 adduxeris
694 1851 804 1880 Michal.
812 1854 902 1888 Atque
912 1854 1050 1891 iniquum,
1057 1859 1085 1884 et

295 1899 392 1921 contra
404 1894 477 1929 leges
491 1900 560 1929 erat,
573 1896 653 1924 alteri
669 1898 826 1933 copulatam
845 1900 978 1935 recipere.
1013 1901 1084 1929 Deus

294 1937 363 1965 dicit
375 1946 423 1973 per
430 1938 594 1968 Jercmiam:
609 1950 618 1967 ι
626 1941 655 1969 Si
666 1942 709 1970 vir
720 1950 836 1971 uxorem
849 1952 927 1972 suam
938 1945 1083 1979 dimiserit,

294 1987 323 2010 et
333 1983 460 2018 abiverit,
477 1989 504 2013 et
518 1986 633 2015 alterius
649 1988 701 2015 viri
716 1996 785 2016 uxor
803 1990 874 2017 facta
893 1990 988 2025 fuerit,
1021 1999 1078 2019 non

294 2029 412 2064 amplius
436 2035 587 2059 revertetur
603 2033 637 2060 ad
657 2040 720 2060 eum
732 2034 764 2062 ¹⁶.
784 2043 794 2061 ι
828 2034 912 2064 David
930 2044 995 2064 vero
1027 2044 1083 2065 non

295 2075 400 2102 dimisit
414 2075 526 2110 Michol,
546 2077 594 2105 sed
617 2077 704 2111 Saul,
721 2084 820 2108 contra
834 2080 891 2116 jus;
905 2086 933 2110 et
945 2081 998 2116 fas,
1021 2083 1082 2111 vio-

294 2119 383 2146 lenter
396 2125 502 2155 raptam
521 2121 601 2149 alteri
614 2123 793 2158 desponsavit
809 2134 817 2159 ;
838 2127 1021 2161 quamobrem
1031 2127 1084 2156 Da-

294 2165 338 2191 vid
358 2166 490 2194 violenter
499 2171 585 2202 raptae
601 2168 720 2204 ignovit.

331 2209 411 2238 Vens.
423 2211 468 2238 27.
484 2211 616 2240 Venerunt
628 2213 661 2240 ab
673 2216 959 2253 excursione.Aquila,
974 2217 1083 2247 Geddur
1098 2227 1121 2256 ο

295 2254 457 2289 μονοζώνου,
472 2258 625 2290 ρνωιιαηιὶε
655 2259 729 2286 belli.

332 2300 365 2326 Ει
384 2302 515 2332 percussit
527 2311 585 2329 eum
604 2303 651 2331 ibi.
673 2304 838 2333 Praetextum
852 2307 962 2342 quidem
983 2316 1079 2337 verum

294 2346 421 2373 Asahclis
449 2347 549 2375 cadem
579 2348 684 2381 habuit,
716 2357 828 2379 causam
846 2359 920 2386 vero,
936 2354 1079 2382 invidiam.

293 2391 361 2418 Cum
373 2390 445 2418 enim
459 2392 553 2425 sciret,
568 2393 707 2421 Abnerum
718 2395 863 2430 imperium
880 2397 999 2426 militare
1032 2406 1081 2427 ac-

293 2440 448 2470 cepturum,
466 2436 490 2464 si
510 2440 597 2464 totum
633 2437 759 2466 lsraelem
780 2439 875 2468 Davidi
905 2442 1076 2477 abduxisset,

294 2481 439 2509 ambitiose
464 2483 650 2518 principatum
673 2484 818 2518 aﬂectans,
841 2487 929 2522 ipsum
963 2489 1077 2517 occidit.

328 2526 413 2554 Vens.
432 2528 476 2555 29.
496 2528 530 2555 El
543 2535 632 2557 lenem
657 2530 792 2565 baculum,
820 2531 983 2562 Seminiﬂui.
998 2538 1026 2562 et
1044 2535 1081 2563 le-

294 2573 380 2608 prosi,
407 2573 485 2608 juxta
500 2575 584 2610 legem
611 2576 743 2605 immundi
771 2583 845 2611 sunt,
869 2582 896 2606 et
911 2580 1079 2608 acommuni

293 2619 386 2653 politia
411 2625 593 2654 separantur;
635 2622 735 2651 baculo
763 2628 853 2652 autem
890 2630 1015 2659 utuntur,
1031 2628 1078 2662 qui

294 2663 390 2691 mutilo
402 2670 467 2692 sunt
500 2673 627 2703 corpore.
647 2667 738 2702 Quare
760 2668 858 2705 Aquila
876 2670 965 2713 talem.
979 2680 1078 2700 clerum

292 2710 431 2743 exposuit.

329 2753 410 2782 Vens.
432 2755 476 2783 33.
493 2756 533 2784 An
548 2757 690 2786 secundum
710 2765 819 2788 mortem
847 2759 939 2789 Nabal
950 2763 1080 2791 morietur

310 2841 332 2858 "
347 2841 380 2869 ιιι
395 2843 459 2878 Heg.
481 2851 510 2876 ii,
532 2845 565 2872 l3
579 2853 637 2881 seq.
670 2846 800 2876 "Jcrem.
818 2833 858 2883 ut,
880 2849 904 2876 l.

1137 943 1224 967 καιον,
1238 936 1315 970 smul;
1326 937 1389 968 τοὺς
1402 936 1537 969 νικῶντας
1548 938 1739 974 πανωλεθρίαν
1749 940 1864 976 ὲπάγειν
1871 944 1931 974 τοῖς

1137 981 1304 1017 ἡττωμένοις
1319 982 1421 1019 ζητεῖν.
1439 982 1574 1016 Πολλάκις
1588 984 1644 1020 γὰρ
1666 986 1690 1011 al
1721 986 1851 1019 νικῶντες
1879 989 1931 1023 ἡτ-

1137 1025 1246 1059 τῶνται,
1260 1026 1308 1052 καὶ
1322 1027 1346 1053 οἱ
1369 1026 1514 1060 διώκοντες
1542 1027 1701 1063 φεύγουσιν.
1727 1030 1774 1056 Διό
1787 1039 1855 1065 φασι
1885 1032 1930 1059 ὅτι

1137 1070 1225 1106 πικρά
1245 1070 1322 1098 ἔσται
1338 1071 1372 1098 τὰ
1389 1071 1494 1107 ἔσχατα
1524 1072 1681 1109 ’Υπέμνησε
1692 1073 1721 1101 δὲ
1736 1074 1785 1102 καὶ
1797 1075 1847 1111 τῆς
1865 1084 1931 1111 συγο

1138 1116 1257 1151 γενείας,
1267 1116 1316 1144 καὶ
1327 1117 1473 1145 πέπεικεν.

1180 1247 1332 1283 ’Δπῆλθον
1346 1249 1390 1282 εις
1403 1248 1535 1285 δυσμάς.
1550 1250 1756 1285 Καταλιπόντες
1766 1253 1816 1289 τὴν
1832 1253 1926 1289 Ῥαμά

1139 1294 1187 1321 καὶ
1203 1294 1252 1329 τὴν
1273 1294 1398 1327 Γαῦαὼν,
1425 1294 1459 1321 τά
1492 1295 1540 1322 τοῦ
1567 1296 1653 1323 Σαοὺλ
1682 1297 1839 1334 οἰκητήρια,
1876 1301 1929 1330 τὰς

1140 1339 1312 1377 καλουμένας
1361 1340 1558 1378 παρεμϐολὰς,
1598 1342 1741 1380 βασιλικὴν
1784 1345 1930 1379 ἀπέδειξαν

1139 1387 1229 1415 πόλιν.

1439 1446 1566 1474 ΚΕΦᾹΔ.
1588 1446 1627 1474 Γ¹.

1178 1489 1233 1517 Καὶ
1250 1490 1267 1517 ό
1281 1490 1423 1525 τέταρτος
1439 1492 1535 1520 ὀνια.
1566 1493 1693 1526 Ἀκύλας,
1712 1493 1865 1528 ’Δῦωνιαςκ

1177 1536 1208 1563 Τί
1224 1535 1268 1562 ὅτι
1295 1536 1439 1571 εἰσῆλθες
1458 1538 1535 1572 πρὸς
1547 1538 1606 1572 τὴν
1618 1540 1783 1574 παλλακὴν
1801 1539 1855 1568 τσῦ
1868 1548 1928 1568 πα-

1137 1581 1207 1615 τρός
1219 1589 1279 1616 μου
1288 1589 1297 1614 ;
1320 1582 1358 1608 Οὐ
1375 1583 1430 1618 γὰρ
1445 1583 1508 1618 ἐξῆν
1521 1584 1581 1614 ταῖς
1594 1584 1743 1612 παλλακίσι
1764 1586 1819 1612 τῶν
1847 1585 1927 1621 βασι-

1138 1627 1206 1654 λέων
1222 1629 1402 1663 συγγενέσθαι
1418 1631 1482 1662 τοὺς
1498 1631 1536 1666 μὴ
1551 1631 1632 1664 ὄντας
1652 1632 1782 1667 βασιλεῖς.
1811 1634 1856 1660 Διὸ
1879 1635 1927 1662 καὶ

1144 1673 1321 1710 ’Δὸεσσαλὼμ
1334 1676 1395 1706 ταῖς
1413 1675 1461 1702 τοῦ
1489 1677 1593 1712 πατρὸς
1619 1677 1713 1713 ἐμίγη,
1745 1678 1829 1705 θέλων
1856 1688 1926 1713 κρα-

1136 1718 1214 1746 τῦναι
1228 1719 1278 1754 τὴν
1293 1719 1442 1755 βασιλείαν,
1459 1720 1515 1747 Καὶ
1535 1721 1664 1754 Ἀδωνίας
1677 1723 1814 1759 ἀνῄρηται
1826 1733 1926 1760 τυραν-

1136 1764 1210 1791 νικὸν
1223 1765 1371 1801 φρονήσας,
1386 1765 1426 1792 ὅτι
1448 1765 1566 1801 ἠθέλησε
1581 1768 1695 1803 μιγῆναι
1711 1770 1745 1805 τῇ
1763 1770 1811 1797 τοῦ
1823 1772 1926 1806 πατρὸς

1136 1809 1274 1846 παλλακῇ.
1295 1810 1326 1838 C.
1339 1810 1370 1838 L.

1177 1855 1248 1883 Ἐὰν
1261 1856 1306 1891 μὴ
1320 1857 1434 1892 ἀγάγῃς
1458 1859 1516 1893 τὴν
1544 1859 1677 1894 Μελχόλ.
1693 1861 1790 1889 Καίτοι
1807 1863 1924 1899 παράνο-

1137 1909 1187 1936 μον
1207 1902 1355 1929 ἀναλαϐεῖν
1369 1904 1418 1939 τὴν
1436 1905 1637 1940 συνημμμένην
1646 1906 1745 1942 ἑτέρῳ.
1755 1907 1825 1943 Φησὶ
1838 1908 1867 1935 δὲ
1877 1909 1922 1936 καὶ

1134 1946 1168 1973 δι’
1188 1944 1321 1983 Ἱερεμίου
1335 1948 1412 1981 Θεὸς,
1431 1959 1440 1976 t
1461 1950 1523 1977 Ἐἀν
1549 1950 1673 1987 ἀπολύσῃ
1703 1952 1774 1988 ἀνὴρ
1796 1953 1846 1989 τὴν
1873 1963 1922 1989 γυ-

1135 1992 1216 2018 ναῖκα
1230 1991 1325 2026 αὐτοῦ,
1340 1993 1388 2020 καὶ
1404 1994 1536 2030 πορευθῆ,
1555 1997 1602 2022 καὶ
1613 1996 1726 2033 γένηται
1737 1998 1815 2034 ἀνδρὶ
1826 1999 1921 2035 ἑτέρῳὅ

1135 2036 1174 2073 μὴ
1183 2037 1401 2073 ἀνακάμπτουσα
1414 2039 1573 2076 ἀνακάμψει
1586 2041 1653 2077 πρὸς
1666 2042 1746 2070 αὑτὸν
1760 2044 1809 2072 ἔτι.
1826 2053 1836 2070 ι
1854 2045 1922 2072 Ἀλλ’

1133 2083 1148 2110 ό
1172 2082 1255 2110 Δασὶδ
1274 2083 1325 2110 οὐκ
1347 2084 1499 2112 ἀπολέλυκε
1515 2085 1565 2121 τὴν
1594 2086 1713 2122 Μελχδλ,
1726 2088 1785 2115 ἀλλ’
1797 2090 1812 2116 ό
1836 2090 1921 2117 Σαοὺλ

1133 2127 1218 2164 αὐτὴν
1241 2129 1405 2161 ἀποσπάσας
1419 2131 1591 2166 παρανόμως
1606 2132 1698 2169 ἑτέρῳ
1722 2135 1920 2171 κατεγγύησεν,

1133 2173 1194 2201 ὅθεν
1209 2174 1330 2209 συνέγνω
1349 2177 1382 2210 τῇ
1400 2176 1446 2212 βίᾳ
1459 2176 1551 2204 Δαὸἰδ.

1175 2220 1248 2247 Ἀπὸ
1263 2219 1318 2255 τῆς
1327 2220 1461 2255 ἐξοόίας.
1481 2222 1608 2257 Ἀκύλας,
1621 2223 1675 2252 τοῦ
1685 2225 1819 2266 Γεδδοὺρ
1831 2236 1921 2262 μονο-

1134 2263 1235 2294 ζώνου.

1169 2309 1222 2337 Καὶ
1238 2310 1390 2344 ἐπάταξεν
1399 2313 1494 2340 αὑτὸν
1514 2314 1586 2342 ἐκεῖ.
1616 2316 1756 2353 Πρόφασιν
1779 2318 1829 2353 μὲν
1846 2319 1921 2355 ἔσχεν

1132 2356 1220 2392 ἀληθῆ
1235 2357 1282 2384 τοῦ
1295 2358 1395 2394 Ἀσαὴλ
1411 2359 1460 2395 τὴν
1474 2361 1595 2397 σφαγὴν,
1607 2363 1698 2391 αἰτίαν
1710 2364 1738 2390 δὲ
1753 2364 1798 2391 τὸν
1814 2365 1921 2399 φθόνον,

1132 2401 1220 2434 εἰδὼς,
1234 2402 1275 2429 ὅτι
1295 2403 1345 2438 τῆς
1374 2406 1542 2440 στρατηγίας
1555 2406 1746 2443 ἀξιωθήσεται,
1774 2410 1861 2436 πάντα
1885 2411 1923 2445 τῷ

1131 2446 1237 2482 βασιλεῖ
1247 2449 1392 2484 προσάγων
1400 2450 1446 2477 τὸν
1453 2451 1572 2488 Ἰσραὴλ,
1582 2453 1722 2490 φιλαρχῶν
1737 2455 1826 2483 τοίνυν
1837 2457 1925 2491 ἐμιαι-

1117 2517 1119 2519 ,
1132 2493 1258 2529 φόνησεν.

1167 2539 1222 2567 Καὶ
1244 2540 1361 2574 κρατῶν
1381 2541 1548 2577 σκυτάλης.
1563 2544 1717 2582 Γονοῤῥυὴς
1736 2546 1785 2573 καὶ
1813 2549 1923 2583 Αεπρδς,

1132 2584 1204 2612 κατά
1214 2585 1296 2620 νόμον
1309 2586 1469 2623 ἀκάθαρτοι,
1486 2589 1534 2616 καὶ
1547 2590 1596 2625 τῆς
1605 2591 1699 2627 κοινῆς
1715 2592 1854 2624 πολιτείας
1876 2602 1925 2620 κεη

1132 2631 1307 2666 χωρισμένοι.
1333 2632 1458 2669 Σκυτάλῃ
1483 2634 1513 2661 δὲ
1539 2635 1699 2672 χρῶνταιοὶ
1717 2637 1748 2664 τὸ
1769 2638 1848 2673 σῶμα
1874 2648 1923 2665 πε-

1133 2675 1302 2711 πηρωμένοι.
1319 2677 1401 2705 Ὅθεν
1418 2678 1534 2712 ’Δκύλας
1557 2681 1673 2716 τυφλὸν
1692 2682 1738 2709 τὸν
1751 2683 1871 2710 τοιοῦτον
1885 2684 1924 2716 ἐξα

1134 2721 1246 2749 έδωκεν.

1171 2765 1204 2793 Ει
1227 2765 1302 2794 κατὰ
1329 2766 1461 2796 θάνατον
1482 2771 1586 2799 Nam}
1615 2773 1805 2802 ἀποθανεῖται
1829 2775 1924 2803 Ἀϐεν-
