  <div class='ocr_page' id='page_1' title='image "/cluster/home/n/w/nwhite01/storage/ocr_20150623/87, pt.1/njp.32101013202641/570.png"; bbox 0 0 2086 3160; ppageno 0'>
   <div class='ocr_carea' id='block_1_1' title="bbox 172 160 239 192">
    <p class='ocr_par' dir='ltr' id='par_1_1' title="bbox 172 160 239 192">
     <span class='ocr_line' id='line_1_1' title="bbox 172 160 239 192; baseline -0.015 0"><span class='ocrx_word' id='word_1_1' title='bbox 172 160 239 192; x_wconf 75' lang='grc'>1125</span> 
     </span>
    </p>
   </div>
   <div class='ocr_carea' id='block_1_2' title="bbox 668 152 1297 187">
    <p class='ocr_par' dir='ltr' id='par_1_2' title="bbox 668 152 1297 187">
     <span class='ocr_line' id='line_1_2' title="bbox 668 152 1297 187; baseline -0.006 0"><span class='ocrx_word' id='word_1_2' title='bbox 668 156 932 187; x_wconf 78' lang='lat' dir='ltr'><strong>COMMENTABII</strong></span> <span class='ocrx_word' id='word_1_3' title='bbox 959 154 999 184; x_wconf 84' lang='lat' dir='ltr'><strong>IN</strong></span> <span class='ocrx_word' id='word_1_4' title='bbox 1019 153 1130 183; x_wconf 71' lang='lat' dir='ltr'><strong>LIB.”</strong></span> <span class='ocrx_word' id='word_1_5' title='bbox 1152 152 1297 184; x_wconf 83' lang='lat' dir='ltr'><strong>REGUM.</strong></span> 
     </span>
    </p>
   </div>
   <div class='ocr_carea' id='block_1_3' title="bbox 1736 153 1804 185">
    <p class='ocr_par' dir='ltr' id='par_1_3' title="bbox 1736 153 1804 185">
     <span class='ocr_line' id='line_1_3' title="bbox 1736 153 1804 185; baseline 0.015 -1"><span class='ocrx_word' id='word_1_6' title='bbox 1736 153 1804 185; x_wconf 75' lang='lat'><strong>1126</strong></span> 
     </span>
    </p>
   </div>
   <div class='ocr_carea' id='block_1_4' title="bbox 170 203 959 248">
    <p class='ocr_par' dir='ltr' id='par_1_4' title="bbox 170 209 959 248">
     <span class='ocr_line' id='line_1_4' title="bbox 170 209 959 248; baseline -0.006 -7"><span class='ocrx_word' id='word_1_7' title='bbox 170 215 237 248; x_wconf 75' lang='grc' dir='ltr'><strong>νήρ.</strong></span> <span class='ocrx_word' id='word_1_8' title='bbox 261 212 291 239; x_wconf 81' lang='grc'><strong>’0</strong></span> <span class='ocrx_word' id='word_1_9' title='bbox 305 213 356 248; x_wconf 78' lang='grc' dir='ltr'><strong>μὲν</strong></span> <span class='ocrx_word' id='word_1_10' title='bbox 370 213 424 248; x_wconf 85' lang='grc' dir='ltr'><strong>γὰρ</strong></span> <span class='ocrx_word' id='word_1_11' title='bbox 444 209 479 247; x_wconf 81' lang='grc' dir='ltr'><strong>ἦν</strong></span> <span class='ocrx_word' id='word_1_12' title='bbox 512 212 630 247; x_wconf 80' lang='grc' dir='ltr'>ἀπηνὴς,</span> <span class='ocrx_word' id='word_1_13' title='bbox 652 213 698 239; x_wconf 73' lang='grc' dir='ltr'>καὶ</span> <span class='ocrx_word' id='word_1_14' title='bbox 713 212 817 243; x_wconf 79' lang='grc' dir='ltr'>ἄδικος,</span> <span class='ocrx_word' id='word_1_15' title='bbox 832 211 879 237; x_wconf 70' lang='grc' dir='ltr'>καὶ</span> <span class='ocrx_word' id='word_1_16' title='bbox 892 209 959 244; x_wconf 78' lang='grc' dir='ltr'><strong>ἀχά-</strong></span> 
     </span>
    </p>
   </div>
   <div class='ocr_carea' id='block_1_5' title="bbox 1008 203 1802 248">
    <p class='ocr_par' dir='ltr' id='par_1_5' title="bbox 1014 203 1802 243">
     <span class='ocr_line' id='line_1_5' title="bbox 1014 203 1802 243; baseline 0.004 -10"><span class='ocrx_word' id='word_1_17' title='bbox 1014 207 1112 234; x_wconf 78' lang='lat' dir='ltr'><strong>Abner.</strong></span> <span class='ocrx_word' id='word_1_18' title='bbox 1129 207 1215 235; x_wconf 75' lang='lat' dir='ltr'><strong>Nabal</strong></span> <span class='ocrx_word' id='word_1_19' title='bbox 1236 210 1309 236; x_wconf 88' lang='lat' dir='ltr'><strong>enim</strong></span> <span class='ocrx_word' id='word_1_20' title='bbox 1341 208 1456 236; x_wconf 88' lang='lat' dir='ltr'><strong>immitis</strong></span> <span class='ocrx_word' id='word_1_21' title='bbox 1470 212 1540 240; x_wconf 82' lang='lat' dir='ltr'><strong>erat,</strong></span> <span class='ocrx_word' id='word_1_22' title='bbox 1562 203 1691 243; x_wconf 72' lang='lat' dir='ltr'><strong>iniustus,</strong></span> <span class='ocrx_word' id='word_1_23' title='bbox 1708 214 1735 236; x_wconf 88' lang='lat' dir='ltr'><strong>et</strong></span> <span class='ocrx_word' id='word_1_24' title='bbox 1763 209 1802 236; x_wconf 88' lang='lat' dir='ltr'><strong>in-</strong></span> 
     </span>
    </p>
   </div>
   <div class='ocr_carea' id='block_1_6' title="bbox 171 255 959 296">
    <p class='ocr_par' dir='ltr' id='par_1_6' title="bbox 171 255 959 296">
     <span class='ocr_line' id='line_1_6' title="bbox 171 255 959 296; baseline -0.006 -10"><span class='ocrx_word' id='word_1_25' title='bbox 171 268 272 296; x_wconf 80' lang='grc' dir='ltr'>ριστος.</span> <span class='ocrx_word' id='word_1_26' title='bbox 290 259 320 285; x_wconf 86' lang='grc'><strong>’0</strong></span> <span class='ocrx_word' id='word_1_27' title='bbox 336 258 364 284; x_wconf 80' lang='grc' dir='ltr'>δὲ</span> <span class='ocrx_word' id='word_1_28' title='bbox 383 257 517 292; x_wconf 77' lang='grc' dir='ltr'>Ἀϐεννὴρ</span> <span class='ocrx_word' id='word_1_29' title='bbox 531 257 559 284; x_wconf 77' lang='grc' dir='ltr'><strong>ὲν</strong></span> <span class='ocrx_word' id='word_1_30' title='bbox 584 257 759 292; x_wconf 77' lang='grc' dir='ltr'>συμϐολαίοις</span> <span class='ocrx_word' id='word_1_31' title='bbox 770 257 826 287; x_wconf 74' lang='grc' dir='ltr'>ἴσος</span> <span class='ocrx_word' id='word_1_32' title='bbox 841 275 849 287; x_wconf 95' lang='grc'><strong>,</strong></span> <span class='ocrx_word' id='word_1_33' title='bbox 867 255 959 290; x_wconf 79' lang='grc' dir='ltr'>φησὶν,</span> 
     </span>
    </p>
   </div>
   <div class='ocr_carea' id='block_1_7' title="bbox 170 300 961 338">
    <p class='ocr_par' dir='ltr' id='par_1_7' title="bbox 170 300 961 338">
     <span class='ocr_line' id='line_1_7' title="bbox 170 300 961 338; baseline -0.006 -7"><span class='ocrx_word' id='word_1_34' title='bbox 170 305 218 332; x_wconf 76' lang='grc' dir='ltr'>καὶ</span> <span class='ocrx_word' id='word_1_35' title='bbox 229 305 266 335; x_wconf 82' lang='grc' dir='ltr'>ὡς</span> <span class='ocrx_word' id='word_1_36' title='bbox 285 303 408 338; x_wconf 79' lang='grc' dir='ltr'>ἀνδρεῖος</span> <span class='ocrx_word' id='word_1_37' title='bbox 422 303 451 330; x_wconf 77' lang='grc' dir='ltr'><strong>ὲν</strong></span> <span class='ocrx_word' id='word_1_38' title='bbox 473 303 585 337; x_wconf 81' lang='grc' dir='ltr'><strong>μάχαις,</strong></span> <span class='ocrx_word' id='word_1_39' title='bbox 600 303 630 328; x_wconf 74' lang='grc' dir='ltr'>οὐ</span> <span class='ocrx_word' id='word_1_40' title='bbox 653 303 688 329; x_wconf 77' lang='grc' dir='ltr'><strong>τὰ</strong></span> <span class='ocrx_word' id='word_1_41' title='bbox 717 301 771 328; x_wconf 83' lang='grc' dir='ltr'>τῶν</span> <span class='ocrx_word' id='word_1_42' title='bbox 794 300 961 336; x_wconf 82' lang='grc' dir='ltr'><strong>ἡττωμένων</strong></span> 
     </span>
    </p>
   </div>
   <div class='ocr_carea' id='block_1_8' title="bbox 170 345 960 384">
    <p class='ocr_par' dir='ltr' id='par_1_8' title="bbox 170 345 960 384">
     <span class='ocr_line' id='line_1_8' title="bbox 170 345 960 384; baseline -0.006 -8"><span class='ocrx_word' id='word_1_43' title='bbox 170 350 302 384; x_wconf 81' lang='grc' dir='ltr'>ὑπέμεινε</span> <span class='ocrx_word' id='word_1_44' title='bbox 326 347 412 382; x_wconf 79' lang='grc' dir='ltr'>πάθη.</span> <span class='ocrx_word' id='word_1_45' title='bbox 439 346 602 382; x_wconf 72' lang='grc' dir='ltr'>’Υπόκριπις</span> <span class='ocrx_word' id='word_1_46' title='bbox 629 347 658 373; x_wconf 86' lang='grc' dir='ltr'>δὲ</span> <span class='ocrx_word' id='word_1_47' title='bbox 688 346 780 381; x_wconf 83' lang='grc' dir='ltr'>φιλίας</span> <span class='ocrx_word' id='word_1_48' title='bbox 806 345 960 381; x_wconf 81' lang='grc' dir='ltr'><strong>ἐπήνεγκεν</strong></span> 
     </span>
    </p>
   </div>
   <div class='ocr_carea' id='block_1_9' title="bbox 169 389 961 429">
    <p class='ocr_par' dir='ltr' id='par_1_9' title="bbox 169 389 961 429">
     <span class='ocr_line' id='line_1_9' title="bbox 169 389 961 429; baseline -0.006 -8"><span class='ocrx_word' id='word_1_49' title='bbox 169 393 310 429; x_wconf 81' lang='grc' dir='ltr'>αὐτῷτὴν</span> <span class='ocrx_word' id='word_1_50' title='bbox 334 393 451 427; x_wconf 84' lang='grc' dir='ltr'>σφαγήν.</span> <span class='ocrx_word' id='word_1_51' title='bbox 483 391 589 425; x_wconf 86' lang='grc' dir='ltr'>Ἀλγῶν</span> <span class='ocrx_word' id='word_1_52' title='bbox 614 391 725 426; x_wconf 75' lang='grc' dir='ltr'><strong>ἐθρήνει</strong></span> <span class='ocrx_word' id='word_1_53' title='bbox 755 390 848 418; x_wconf 87' lang='grc' dir='ltr'>Δαϐίδ.</span> <span class='ocrx_word' id='word_1_54' title='bbox 878 390 907 417; x_wconf 91' lang='lat'><strong>&#39;0</strong></span> <span class='ocrx_word' id='word_1_55' title='bbox 930 389 961 416; x_wconf 76' lang='grc' dir='ltr'>δὲ</span> 
     </span>
    </p>
   </div>
   <div class='ocr_carea' id='block_1_10' title="bbox 170 435 743 476">
    <p class='ocr_par' dir='ltr' id='par_1_10' title="bbox 170 435 743 476">
     <span class='ocr_line' id='line_1_10' title="bbox 170 435 743 476; baseline -0.007 -10"><span class='ocrx_word' id='word_1_56' title='bbox 170 441 269 476; x_wconf 79' lang='grc' dir='ltr'>θρῆνος</span> <span class='ocrx_word' id='word_1_57' title='bbox 280 438 327 465; x_wconf 87' lang='grc' dir='ltr'><strong>τοῦ</strong></span> <span class='ocrx_word' id='word_1_58' title='bbox 342 436 408 464; x_wconf 86' lang='grc' dir='ltr'>λαοῦ</span> <span class='ocrx_word' id='word_1_59' title='bbox 424 437 474 473; x_wconf 79' lang='grc' dir='ltr'>τὴν</span> <span class='ocrx_word' id='word_1_60' title='bbox 489 435 596 463; x_wconf 76' lang='grc' dir='ltr'>εὔνοιαν</span> <span class='ocrx_word' id='word_1_61' title='bbox 610 435 743 471; x_wconf 73' lang='grc' dir='ltr'>ηὔξησεν.</span> 
     </span>
    </p>
   </div>
   <div class='ocr_carea' id='block_1_11' title="bbox 210 479 960 518">
    <p class='ocr_par' dir='ltr' id='par_1_11' title="bbox 210 479 960 518">
     <span class='ocr_line' id='line_1_11' title="bbox 210 479 960 518; baseline -0.008 -6"><span class='ocrx_word' id='word_1_62' title='bbox 210 484 429 518; x_wconf 80' lang='grc' dir='ltr'>ΥιοίΣαρουτας</span> <span class='ocrx_word' id='word_1_63' title='bbox 442 482 641 516; x_wconf 78' lang='grc' dir='ltr'>σκληρότεροι</span> <span class='ocrx_word' id='word_1_64' title='bbox 663 482 722 516; x_wconf 87' lang='grc' dir='ltr'>μού</span> <span class='ocrx_word' id='word_1_65' title='bbox 751 482 841 508; x_wconf 78' lang='grc' dir='ltr'><strong>εισιν.</strong></span> <span class='ocrx_word' id='word_1_66' title='bbox 863 479 960 507; x_wconf 76' lang='grc' dir='ltr'>Αίτίαν</span> 
     </span>
    </p>
   </div>
   <div class='ocr_carea' id='block_1_12' title="bbox 169 527 958 566">
    <p class='ocr_par' dir='ltr' id='par_1_12' title="bbox 169 527 958 566">
     <span class='ocr_line' id='line_1_12' title="bbox 169 527 958 566; baseline -0.009 -8"><span class='ocrx_word' id='word_1_67' title='bbox 169 531 253 565; x_wconf 83' lang='grc' dir='ltr'>λέγει,</span> <span class='ocrx_word' id='word_1_68' title='bbox 263 531 297 558; x_wconf 85' lang='grc' dir='ltr'>δι’</span> <span class='ocrx_word' id='word_1_69' title='bbox 312 531 345 566; x_wconf 87' lang='grc' dir='ltr'><strong>ἢν</strong></span> <span class='ocrx_word' id='word_1_70' title='bbox 358 530 404 556; x_wconf 86' lang='grc' dir='ltr'><strong>τδν</strong></span> <span class='ocrx_word' id='word_1_71' title='bbox 421 529 500 557; x_wconf 79' lang='grc' dir='ltr'>Ἰωὰϐ</span> <span class='ocrx_word' id='word_1_72' title='bbox 514 527 549 556; x_wconf 82' lang='grc' dir='ltr'><strong>δι’</strong></span> <span class='ocrx_word' id='word_1_73' title='bbox 571 527 702 564; x_wconf 81' lang='grc' dir='ltr'>’Δϐεννὴρ</span> <span class='ocrx_word' id='word_1_74' title='bbox 729 528 779 554; x_wconf 85' lang='grc' dir='ltr'>οὐκ</span> <span class='ocrx_word' id='word_1_75' title='bbox 789 527 958 558; x_wconf 80' lang='grc' dir='ltr'>ἀπέκτεινεν,</span> 
     </span>
    </p>
   </div>
   <div class='ocr_carea' id='block_1_13' title="bbox 170 570 960 611">
    <p class='ocr_par' dir='ltr' id='par_1_13' title="bbox 170 570 960 611">
     <span class='ocr_line' id='line_1_13' title="bbox 170 570 960 611; baseline -0.008 -9"><span class='ocrx_word' id='word_1_76' title='bbox 170 577 234 603; x_wconf 75' lang='grc' dir='ltr'>ἔνθα</span> <span class='ocrx_word' id='word_1_77' title='bbox 249 576 303 610; x_wconf 75' lang='grc' dir='ltr'>γὰρ</span> <span class='ocrx_word' id='word_1_78' title='bbox 323 575 413 611; x_wconf 76' lang='grc' dir='ltr'>ῥᾴδιον</span> <span class='ocrx_word' id='word_1_79' title='bbox 425 574 465 610; x_wconf 85' lang='grc' dir='ltr'><strong>τῷ</strong></span> <span class='ocrx_word' id='word_1_80' title='bbox 480 573 578 610; x_wconf 80' lang='grc' dir='ltr'>δικαίῳ</span> <span class='ocrx_word' id='word_1_81' title='bbox 590 573 709 610; x_wconf 81' lang='grc' dir='ltr'>χρῆσθαι</span> <span class='ocrx_word' id='word_1_82' title='bbox 723 571 814 608; x_wconf 81' lang='grc' dir='ltr'>θυμῷ,</span> <span class='ocrx_word' id='word_1_83' title='bbox 829 570 960 607; x_wconf 77' lang='grc' dir='ltr'><strong>οὐδεμίαν</strong></span> 
     </span>
    </p>
   </div>
   <div class='ocr_carea' id='block_1_14' title="bbox 171 621 399 656">
    <p class='ocr_par' dir='ltr' id='par_1_14' title="bbox 171 621 399 656">
     <span class='ocr_line' id='line_1_14' title="bbox 171 621 399 656; baseline 0 -8"><span class='ocrx_word' id='word_1_84' title='bbox 171 623 292 649; x_wconf 80' lang='grc' dir='ltr'>ποιεῖται</span> <span class='ocrx_word' id='word_1_85' title='bbox 304 621 399 656; x_wconf 83' lang='grc' dir='ltr'>φειδὼ.</span> 
     </span>
    </p>
   </div>
   <div class='ocr_carea' id='block_1_15' title="bbox 474 706 653 734">
    <p class='ocr_par' dir='ltr' id='par_1_15' title="bbox 474 706 653 734">
     <span class='ocr_line' id='line_1_15' title="bbox 474 706 653 734; baseline -0.006 0"><span class='ocrx_word' id='word_1_86' title='bbox 474 706 600 734; x_wconf 79' lang='grc' dir='ltr'><strong>ΚΕΦΑΛ.</strong></span> <span class='ocrx_word' id='word_1_87' title='bbox 616 709 635 733; x_wconf 95' lang='grc' dir='ltr'><strong>Δ</strong></span> <span class='ocrx_word' id='word_1_88' title='bbox 646 725 653 733; x_wconf 93' lang='grc'><strong>.</strong></span> 
     </span>
    </p>
   </div>
   <div class='ocr_carea' id='block_1_16' title="bbox 207 708 960 790">
    <p class='ocr_par' dir='ltr' id='par_1_16' title="bbox 207 708 960 790">
     <span class='ocr_line' id='line_1_16' title="bbox 474 708 653 734; baseline -0.006 0"><span class='ocrx_word' id='word_1_89' title='bbox 474 708 600 734; x_wconf 79' lang='grc' dir='ltr'><strong>ΚΕΦΑΛ.</strong></span> <span class='ocrx_word' id='word_1_90' title='bbox 616 709 635 733; x_wconf 95' lang='grc' dir='ltr'><strong>Δ</strong></span> <span class='ocrx_word' id='word_1_91' title='bbox 646 725 653 733; x_wconf 94' lang='grc'><strong>.</strong></span> 
     </span>
     <span class='ocr_line' id='line_1_17' title="bbox 207 749 960 790; baseline -0.011 -7"><span class='ocrx_word' id='word_1_92' title='bbox 207 756 260 783; x_wconf 83' lang='lat' dir='ltr'><strong>Kal</strong></span> <span class='ocrx_word' id='word_1_93' title='bbox 277 755 396 790; x_wconf 79' lang='grc' dir='ltr'><strong>χρίουσι</strong></span> <span class='ocrx_word' id='word_1_94' title='bbox 410 753 464 781; x_wconf 79' lang='grc' dir='ltr'><strong>τὸν</strong></span> <span class='ocrx_word' id='word_1_95' title='bbox 476 752 576 780; x_wconf 79' lang='grc' dir='ltr'>Δαϐίδ.</span> <span class='ocrx_word' id='word_1_96' title='bbox 594 751 679 779; x_wconf 84' lang='grc' dir='ltr'>Πάλιν</span> <span class='ocrx_word' id='word_1_97' title='bbox 693 749 754 778; x_wconf 72' lang='grc' dir='ltr'><strong>ἀντὶ</strong></span> <span class='ocrx_word' id='word_1_98' title='bbox 764 749 824 784; x_wconf 87' lang='grc' dir='ltr'>τοῦ,</span> <span class='ocrx_word' id='word_1_99' title='bbox 840 756 960 785; x_wconf 64' lang='grc' dir='ltr'><strong>χειροιιο⁶</strong></span> 
     </span>
    </p>
   </div>
   <div class='ocr_carea' id='block_1_17' title="bbox 170 799 506 833">
    <p class='ocr_par' dir='ltr' id='par_1_17' title="bbox 170 799 506 833">
     <span class='ocr_line' id='line_1_18' title="bbox 170 799 506 833; baseline -0.012 -4"><span class='ocrx_word' id='word_1_100' title='bbox 170 802 262 829; x_wconf 79' lang='grc' dir='ltr'><strong>νοῦσιν</strong></span> <span class='ocrx_word' id='word_1_101' title='bbox 279 803 307 828; x_wconf 92' lang='grc' dir='ltr'><strong>αί</strong></span> <span class='ocrx_word' id='word_1_102' title='bbox 322 801 399 828; x_wconf 77' lang='grc' dir='ltr'>ἄλλαι</span> <span class='ocrx_word' id='word_1_103' title='bbox 415 799 506 833; x_wconf 83' lang='grc' dir='ltr'>φυλαί.</span> 
     </span>
    </p>
   </div>
   <div class='ocr_carea' id='block_1_18' title="bbox 205 842 957 879">
    <p class='ocr_par' dir='ltr' id='par_1_18' title="bbox 205 842 957 879">
     <span class='ocr_line' id='line_1_19' title="bbox 205 842 957 879; baseline -0.008 -4"><span class='ocrx_word' id='word_1_104' title='bbox 205 849 283 875; x_wconf 85' lang='grc' dir='ltr'>Διότι</span> <span class='ocrx_word' id='word_1_105' title='bbox 316 846 508 879; x_wconf 80' lang='grc' dir='ltr'><strong>ἀντέστησαν</strong></span> <span class='ocrx_word' id='word_1_106' title='bbox 532 845 560 872; x_wconf 83' lang='grc' dir='ltr'>οι</span> <span class='ocrx_word' id='word_1_107' title='bbox 593 843 696 879; x_wconf 77' lang='grc' dir='ltr'>χωλοὶ,</span> <span class='ocrx_word' id='word_1_108' title='bbox 720 843 770 870; x_wconf 79' lang='grc' dir='ltr'><strong>καί</strong></span> <span class='ocrx_word' id='word_1_109' title='bbox 791 843 818 869; x_wconf 80' lang='grc' dir='ltr'>οι</span> <span class='ocrx_word' id='word_1_110' title='bbox 837 842 957 877; x_wconf 75' lang='grc' dir='ltr'>τυφλοί.</span> 
     </span>
    </p>
   </div>
   <div class='ocr_carea' id='block_1_19' title="bbox 1014 252 1804 288">
    <p class='ocr_par' dir='ltr' id='par_1_19' title="bbox 1014 252 1804 288">
     <span class='ocr_line' id='line_1_20' title="bbox 1014 252 1804 288; baseline 0.004 -10"><span class='ocrx_word' id='word_1_111' title='bbox 1014 257 1121 287; x_wconf 79' lang='lat' dir='ltr'><strong>gratus,</strong></span> <span class='ocrx_word' id='word_1_112' title='bbox 1157 252 1249 280; x_wconf 81' lang='lat' dir='ltr'><strong>Abner</strong></span> <span class='ocrx_word' id='word_1_113' title='bbox 1284 260 1349 279; x_wconf 84' lang='lat' dir='ltr'><strong>vero</strong></span> <span class='ocrx_word' id='word_1_114' title='bbox 1379 253 1405 279; x_wconf 92' lang='lat' dir='ltr'><strong>in</strong></span> <span class='ocrx_word' id='word_1_115' title='bbox 1432 253 1622 281; x_wconf 70' lang='lat' dir='ltr'><strong>contractibus</strong></span> <span class='ocrx_word' id='word_1_116' title='bbox 1639 261 1748 288; x_wconf 73' lang='lat' dir='ltr'><strong>aequus,</strong></span> <span class='ocrx_word' id='word_1_117' title='bbox 1776 260 1804 281; x_wconf 84' lang='lat' dir='ltr'><strong>et</strong></span> 
     </span>
    </p>
   </div>
   <div class='ocr_carea' id='block_1_20' title="bbox 1011 296 1804 333">
    <p class='ocr_par' dir='ltr' id='par_1_20' title="bbox 1011 296 1804 333">
     <span class='ocr_line' id='line_1_21' title="bbox 1011 296 1804 333; baseline 0.003 -10"><span class='ocrx_word' id='word_1_118' title='bbox 1011 296 1117 331; x_wconf 85' lang='lat' dir='ltr'><strong>justus,</strong></span> <span class='ocrx_word' id='word_1_119' title='bbox 1132 296 1213 324; x_wconf 81' lang='lat' dir='ltr'><strong>fortis</strong></span> <span class='ocrx_word' id='word_1_120' title='bbox 1229 298 1255 324; x_wconf 89' lang='lat' dir='ltr'><strong>in</strong></span> <span class='ocrx_word' id='word_1_121' title='bbox 1269 297 1382 332; x_wconf 62' lang='lat' dir='ltr'><strong>proeliis,</strong></span> <span class='ocrx_word' id='word_1_122' title='bbox 1397 305 1453 325; x_wconf 92' lang='lat' dir='ltr'><strong>non</strong></span> <span class='ocrx_word' id='word_1_123' title='bbox 1488 299 1625 326; x_wconf 87' lang='lat' dir='ltr'><strong>victorum</strong></span> <span class='ocrx_word' id='word_1_124' title='bbox 1646 305 1728 326; x_wconf 84' lang='lat' dir='ltr'><strong>casus</strong></span> <span class='ocrx_word' id='word_1_125' title='bbox 1744 307 1804 333; x_wconf 87' lang='lat' dir='ltr'><strong>per-</strong></span> 
     </span>
    </p>
   </div>
   <div class='ocr_carea' id='block_1_21' title="bbox 1012 345 1801 378">
    <p class='ocr_par' dir='ltr' id='par_1_21' title="bbox 1012 345 1801 378">
     <span class='ocr_line' id='line_1_22' title="bbox 1012 345 1801 378; baseline 0 -6"><span class='ocrx_word' id='word_1_126' title='bbox 1012 345 1085 378; x_wconf 89' lang='lat' dir='ltr'><strong>tulit,</strong></span> <span class='ocrx_word' id='word_1_127' title='bbox 1101 345 1147 372; x_wconf 91' lang='lat' dir='ltr'><strong>sed</strong></span> <span class='ocrx_word' id='word_1_128' title='bbox 1165 345 1294 372; x_wconf 72' lang='lat' dir='ltr'><strong>amicitia:</strong></span> <span class='ocrx_word' id='word_1_129' title='bbox 1305 346 1445 374; x_wconf 71' lang='lat' dir='ltr'><strong>simulatio</strong></span> <span class='ocrx_word' id='word_1_130' title='bbox 1460 346 1484 373; x_wconf 92' lang='lat' dir='ltr'><strong>ei</strong></span> <span class='ocrx_word' id='word_1_131' title='bbox 1497 353 1591 373; x_wconf 84' lang='lat' dir='ltr'><strong>necem</strong></span> <span class='ocrx_word' id='word_1_132' title='bbox 1611 346 1716 372; x_wconf 83' lang='lat' dir='ltr'><strong>attulit.</strong></span> <span class='ocrx_word' id='word_1_133' title='bbox 1747 345 1801 372; x_wconf 86' lang='lat' dir='ltr'><strong>Da-</strong></span> 
     </span>
    </p>
   </div>
   <div class='ocr_carea' id='block_1_22' title="bbox 1012 391 1804 427">
    <p class='ocr_par' dir='ltr' id='par_1_22' title="bbox 1012 391 1804 427">
     <span class='ocr_line' id='line_1_23' title="bbox 1012 391 1804 427; baseline 0 -9"><span class='ocrx_word' id='word_1_134' title='bbox 1012 391 1056 418; x_wconf 89' lang='lat' dir='ltr'><strong>vid</strong></span> <span class='ocrx_word' id='word_1_135' title='bbox 1076 391 1167 426; x_wconf 85' lang='lat' dir='ltr'><strong>itaque</strong></span> <span class='ocrx_word' id='word_1_136' title='bbox 1180 399 1212 418; x_wconf 76' lang='lat' dir='ltr'><strong>cx</strong></span> <span class='ocrx_word' id='word_1_137' title='bbox 1228 391 1325 418; x_wconf 84' lang='lat' dir='ltr'><strong>dolore</strong></span> <span class='ocrx_word' id='word_1_138' title='bbox 1354 392 1489 426; x_wconf 88' lang='lat' dir='ltr'><strong>lacrymas</strong></span> <span class='ocrx_word' id='word_1_139' title='bbox 1508 391 1663 427; x_wconf 81' lang='lat' dir='ltr'><strong>profundit.</strong></span> <span class='ocrx_word' id='word_1_140' title='bbox 1684 391 1804 419; x_wconf 87' lang='lat' dir='ltr'><strong>Lamen-</strong></span> 
     </span>
    </p>
   </div>
   <div class='ocr_carea' id='block_1_23' title="bbox 1012 437 1713 472">
    <p class='ocr_par' dir='ltr' id='par_1_23' title="bbox 1012 437 1713 472">
     <span class='ocr_line' id='line_1_24' title="bbox 1012 437 1713 472; baseline 0.001 -9"><span class='ocrx_word' id='word_1_141' title='bbox 1012 437 1080 464; x_wconf 90' lang='lat' dir='ltr'><strong>tatio</strong></span> <span class='ocrx_word' id='word_1_142' title='bbox 1096 441 1186 463; x_wconf 84' lang='lat' dir='ltr'><strong>autem</strong></span> <span class='ocrx_word' id='word_1_143' title='bbox 1204 437 1250 463; x_wconf 84' lang='lat' dir='ltr'><strong>illa</strong></span> <span class='ocrx_word' id='word_1_144' title='bbox 1267 438 1362 472; x_wconf 80' lang='lat' dir='ltr'><strong>populi</strong></span> <span class='ocrx_word' id='word_1_145' title='bbox 1389 437 1608 465; x_wconf 81' lang='lat' dir='ltr'><strong>benevolentiam</strong></span> <span class='ocrx_word' id='word_1_146' title='bbox 1624 438 1713 464; x_wconf 81' lang='lat' dir='ltr'><strong>auxit.</strong></span> 
     </span>
    </p>
   </div>
   <div class='ocr_carea' id='block_1_24' title="bbox 1049 481 1801 511">
    <p class='ocr_par' dir='ltr' id='par_1_24' title="bbox 1049 481 1801 511">
     <span class='ocr_line' id='line_1_25' title="bbox 1049 481 1801 511; baseline 0.004 -3"><span class='ocrx_word' id='word_1_147' title='bbox 1049 481 1133 510; x_wconf 70' lang='lat' dir='ltr'><strong>Vens.</strong></span> <span class='ocrx_word' id='word_1_148' title='bbox 1150 482 1195 510; x_wconf 77' lang='lat'><strong>39.</strong></span> <span class='ocrx_word' id='word_1_149' title='bbox 1214 482 1279 509; x_wconf 82' lang='lat' dir='ltr'><strong>Filii</strong></span> <span class='ocrx_word' id='word_1_150' title='bbox 1295 482 1396 510; x_wconf 72' lang='lat' dir='ltr'><strong>Sarviw</strong></span> <span class='ocrx_word' id='word_1_151' title='bbox 1406 484 1524 510; x_wconf 70' lang='lat' dir='ltr'><strong>duriores</strong></span> <span class='ocrx_word' id='word_1_152' title='bbox 1540 492 1580 510; x_wconf 75' lang='lat' dir='ltr'><strong>me</strong></span> <span class='ocrx_word' id='word_1_153' title='bbox 1591 487 1662 511; x_wconf 80' lang='lat' dir='ltr'><strong>sunt.</strong></span> <span class='ocrx_word' id='word_1_154' title='bbox 1684 483 1801 511; x_wconf 83' lang='lat' dir='ltr'><strong>Causam</strong></span> 
     </span>
    </p>
   </div>
   <div class='ocr_carea' id='block_1_25' title="bbox 1012 527 1801 562">
    <p class='ocr_par' dir='ltr' id='par_1_25' title="bbox 1012 527 1801 562">
     <span class='ocr_line' id='line_1_26' title="bbox 1012 527 1801 562; baseline 0.004 -9"><span class='ocrx_word' id='word_1_155' title='bbox 1012 527 1104 562; x_wconf 89' lang='lat' dir='ltr'><strong>ponit,</strong></span> <span class='ocrx_word' id='word_1_156' title='bbox 1122 531 1235 562; x_wconf 84' lang='lat' dir='ltr'><strong>propter</strong></span> <span class='ocrx_word' id='word_1_157' title='bbox 1256 536 1337 562; x_wconf 85' lang='lat' dir='ltr'><strong>quam</strong></span> <span class='ocrx_word' id='word_1_158' title='bbox 1355 527 1437 555; x_wconf 84' lang='lat' dir='ltr'><strong>David</strong></span> <span class='ocrx_word' id='word_1_159' title='bbox 1450 528 1483 556; x_wconf 92' lang='lat' dir='ltr'><strong>de</strong></span> <span class='ocrx_word' id='word_1_160' title='bbox 1501 528 1674 556; x_wconf 78' lang='lat' dir='ltr'><strong>interfectore</strong></span> <span class='ocrx_word' id='word_1_161' title='bbox 1700 529 1801 557; x_wconf 79' lang='lat' dir='ltr'><strong>Abneri</strong></span> 
     </span>
    </p>
   </div>
   <div class='ocr_carea' id='block_1_26' title="bbox 1011 573 1800 609">
    <p class='ocr_par' dir='ltr' id='par_1_26' title="bbox 1011 573 1800 609">
     <span class='ocr_line' id='line_1_27' title="bbox 1011 573 1800 609; baseline 0 -9"><span class='ocrx_word' id='word_1_162' title='bbox 1011 573 1159 608; x_wconf 78' lang='lat' dir='ltr'><strong>capitalem</strong></span> <span class='ocrx_word' id='word_1_163' title='bbox 1185 581 1293 609; x_wconf 60' lang='lat' dir='ltr'><strong>poenam</strong></span> <span class='ocrx_word' id='word_1_164' title='bbox 1313 582 1368 601; x_wconf 91' lang='lat' dir='ltr'><strong>non</strong></span> <span class='ocrx_word' id='word_1_165' title='bbox 1382 575 1543 609; x_wconf 81' lang='lat' dir='ltr'><strong>sumpserit.</strong></span> <span class='ocrx_word' id='word_1_166' title='bbox 1570 574 1687 607; x_wconf 79' lang='lat' dir='ltr'><strong>Quando</strong></span> <span class='ocrx_word' id='word_1_167' title='bbox 1725 575 1800 602; x_wconf 86' lang='lat' dir='ltr'><strong>enim</strong></span> 
     </span>
    </p>
   </div>
   <div class='ocr_carea' id='block_1_27' title="bbox 1009 617 1802 662">
    <p class='ocr_par' dir='ltr' id='par_1_27' title="bbox 1009 617 1802 662">
     <span class='ocr_line' id='line_1_28' title="bbox 1009 617 1802 662; baseline 0.003 -18"><span class='ocrx_word' id='word_1_168' title='bbox 1009 617 1116 662; x_wconf 43' lang='lat' dir='ltr'><strong>j&#39;ustam</strong></span> <span class='ocrx_word' id='word_1_169' title='bbox 1138 618 1206 646; x_wconf 85' lang='lat' dir='ltr'><strong>iram</strong></span> <span class='ocrx_word' id='word_1_170' title='bbox 1222 618 1304 646; x_wconf 81' lang='lat' dir='ltr'><strong>facile</strong></span> <span class='ocrx_word' id='word_1_171' title='bbox 1318 626 1448 647; x_wconf 78' lang='lat' dir='ltr'><strong>exercere</strong></span> <span class='ocrx_word' id='word_1_172' title='bbox 1463 619 1560 654; x_wconf 89' lang='lat' dir='ltr'><strong>potuit,</strong></span> <span class='ocrx_word' id='word_1_173' title='bbox 1579 620 1604 647; x_wconf 89' lang='lat' dir='ltr'><strong>ei</strong></span> <span class='ocrx_word' id='word_1_174' title='bbox 1634 627 1689 647; x_wconf 90' lang='lat' dir='ltr'><strong>non</strong></span> <span class='ocrx_word' id='word_1_175' title='bbox 1706 626 1802 654; x_wconf 87' lang='lat' dir='ltr'><strong>peper-</strong></span> 
     </span>
    </p>
   </div>
   <div class='ocr_carea' id='block_1_28' title="bbox 1010 662 1059 690">
    <p class='ocr_par' dir='ltr' id='par_1_28' title="bbox 1010 662 1059 690">
     <span class='ocr_line' id='line_1_29' title="bbox 1010 662 1059 690; baseline -0.02 0"><span class='ocrx_word' id='word_1_176' title='bbox 1010 662 1059 690; x_wconf 87' lang='lat' dir='ltr'><strong>cit.</strong></span> 
     </span>
    </p>
   </div>
   <div class='ocr_carea' id='block_1_29' title="bbox 1297 707 1521 744">
    <p class='ocr_par' dir='ltr' id='par_1_29' title="bbox 1297 707 1521 744">
     <span class='ocr_line' id='line_1_30' title="bbox 1297 707 1521 744; baseline 0 -9"><span class='ocrx_word' id='word_1_177' title='bbox 1297 707 1374 735; x_wconf 80' lang='lat' dir='ltr'><strong>CAP.</strong></span> <span class='ocrx_word' id='word_1_178' title='bbox 1394 707 1439 735; x_wconf 85' lang='lat' dir='ltr'><strong>IV.</strong></span> <span class='ocrx_word' id='word_1_179' title='bbox 1456 707 1521 744; x_wconf 56' lang='grc' dir='ltr'><strong>[ιη]</strong></span> 
     </span>
    </p>
   </div>
   <div class='ocr_carea' id='block_1_30' title="bbox 1050 751 1801 788">
    <p class='ocr_par' dir='ltr' id='par_1_30' title="bbox 1050 751 1801 788">
     <span class='ocr_line' id='line_1_31' title="bbox 1050 751 1801 788; baseline -0.003 -7"><span class='ocrx_word' id='word_1_180' title='bbox 1050 755 1133 782; x_wconf 70' lang='lat' dir='ltr'><strong>Vens.</strong></span> <span class='ocrx_word' id='word_1_181' title='bbox 1149 755 1178 782; x_wconf 83' lang='grc'><strong>5.</strong></span> <span class='ocrx_word' id='word_1_182' title='bbox 1193 753 1227 781; x_wconf 84' lang='lat' dir='ltr'><strong>Et</strong></span> <span class='ocrx_word' id='word_1_183' title='bbox 1248 758 1351 787; x_wconf 83' lang='lat' dir='ltr'><strong>ungunt</strong></span> <span class='ocrx_word' id='word_1_184' title='bbox 1368 753 1504 780; x_wconf 79' lang='lat' dir='ltr'><strong>Davidem.</strong></span> <span class='ocrx_word' id='word_1_185' title='bbox 1520 752 1618 779; x_wconf 80' lang='lat' dir='ltr'><strong>lterum</strong></span> <span class='ocrx_word' id='word_1_186' title='bbox 1638 759 1688 788; x_wconf 91' lang='lat' dir='ltr'><strong>pro</strong></span> <span class='ocrx_word' id='word_1_187' title='bbox 1701 751 1801 779; x_wconf 77' lang='lat' dir='ltr'><strong>snﬂ‘ra-</strong></span> 
     </span>
    </p>
   </div>
   <div class='ocr_carea' id='block_1_31' title="bbox 1011 798 1612 838">
    <p class='ocr_par' dir='ltr' id='par_1_31' title="bbox 1011 798 1612 838">
     <span class='ocr_line' id='line_1_32' title="bbox 1011 798 1612 838; baseline -0.007 -9"><span class='ocrx_word' id='word_1_188' title='bbox 1011 801 1054 838; x_wconf 73' lang='lat' dir='ltr'><strong>gia</strong></span> <span class='ocrx_word' id='word_1_189' title='bbox 1072 808 1133 828; x_wconf 89' lang='lat' dir='ltr'><strong>eum</strong></span> <span class='ocrx_word' id='word_1_190' title='bbox 1162 800 1275 834; x_wconf 71' lang='lat' dir='ltr'><strong>reliqua:</strong></span> <span class='ocrx_word' id='word_1_191' title='bbox 1289 799 1371 826; x_wconf 84' lang='lat' dir='ltr'><strong>etiam</strong></span> <span class='ocrx_word' id='word_1_192' title='bbox 1387 798 1477 826; x_wconf 89' lang='lat' dir='ltr'><strong>tribus</strong></span> <span class='ocrx_word' id='word_1_193' title='bbox 1494 799 1612 833; x_wconf 74' lang='lat' dir='ltr'><strong>eligunt.</strong></span> 
     </span>
    </p>
   </div>
   <div class='ocr_carea' id='block_1_32' title="bbox 1051 842 1801 877">
    <p class='ocr_par' dir='ltr' id='par_1_32' title="bbox 1051 842 1801 877">
     <span class='ocr_line' id='line_1_33' title="bbox 1051 842 1801 877; baseline -0.007 -2"><span class='ocrx_word' id='word_1_194' title='bbox 1051 848 1134 875; x_wconf 74' lang='lat' dir='ltr'><strong>Vens.</strong></span> <span class='ocrx_word' id='word_1_195' title='bbox 1147 845 1174 872; x_wconf 90' lang='lat'><strong>8.</strong></span> <span class='ocrx_word' id='word_1_196' title='bbox 1189 844 1260 877; x_wconf 85' lang='lat' dir='ltr'><strong>Quia</strong></span> <span class='ocrx_word' id='word_1_197' title='bbox 1271 845 1424 872; x_wconf 75' lang='lat' dir='ltr'><strong>restiterunt</strong></span> <span class='ocrx_word' id='word_1_198' title='bbox 1441 843 1541 876; x_wconf 70' lang='lat' dir='ltr'><strong>claudi,</strong></span> <span class='ocrx_word' id='word_1_199' title='bbox 1555 848 1579 871; x_wconf 82' lang='lat' dir='ltr'><strong>et</strong></span> <span class='ocrx_word' id='word_1_200' title='bbox 1592 844 1670 871; x_wconf 78' lang='lat' dir='ltr'><strong>ca&#39;ci.</strong></span> <span class='ocrx_word' id='word_1_201' title='bbox 1685 842 1801 871; x_wconf 68' lang='lat' dir='ltr'><strong>Jebustei</strong></span> 
     </span>
    </p>
   </div>
   <div class='ocr_carea' id='block_1_33' title="bbox 172 882 959 928">
    <p class='ocr_par' dir='ltr' id='par_1_33' title="bbox 172 887 958 928">
     <span class='ocr_line' id='line_1_34' title="bbox 172 887 958 928; baseline -0.01 -6"><span class='ocrx_word' id='word_1_202' title='bbox 172 894 234 922; x_wconf 84' lang='grc' dir='ltr'>Ἐτι</span> <span class='ocrx_word' id='word_1_203' title='bbox 249 893 297 928; x_wconf 81' lang='grc' dir='ltr'>τὴν</span> <span class='ocrx_word' id='word_1_204' title='bbox 317 892 493 928; x_wconf 79' lang='grc' dir='ltr'>Ἰερουσαλὴμ.</span> <span class='ocrx_word' id='word_1_205' title='bbox 518 890 643 925; x_wconf 85' lang='grc' dir='ltr'>κατεῖχον</span> <span class='ocrx_word' id='word_1_206' title='bbox 665 888 831 916; x_wconf 79' lang='grc' dir='ltr'>Ίεϐουσαϊοι.</span> <span class='ocrx_word' id='word_1_207' title='bbox 855 887 909 914; x_wconf 85' lang='grc' dir='ltr'>Τοῦ</span> <span class='ocrx_word' id='word_1_208' title='bbox 931 887 958 914; x_wconf 81' lang='grc' dir='ltr'>δὲ</span> 
     </span>
    </p>
   </div>
   <div class='ocr_carea' id='block_1_34' title="bbox 1008 882 1802 928">
    <p class='ocr_par' dir='ltr' id='par_1_34' title="bbox 1015 888 1802 924">
     <span class='ocr_line' id='line_1_35' title="bbox 1015 888 1802 924; baseline -0.008 -2"><span class='ocrx_word' id='word_1_209' title='bbox 1015 894 1105 922; x_wconf 74' lang='lat' dir='ltr'><strong>adhuc</strong></span> <span class='ocrx_word' id='word_1_210' title='bbox 1137 890 1267 918; x_wconf 86' lang='lat' dir='ltr'><strong>tenebant</strong></span> <span class='ocrx_word' id='word_1_211' title='bbox 1294 889 1501 924; x_wconf 83' lang='lat' dir='ltr'><strong>Hierosolyma.</strong></span> <span class='ocrx_word' id='word_1_212' title='bbox 1530 889 1689 923; x_wconf 86' lang='lat' dir='ltr'><strong>Composito</strong></span> <span class='ocrx_word' id='word_1_213' title='bbox 1719 888 1802 923; x_wconf 71' lang='lat' dir='ltr'><strong>igitur</strong></span> 
     </span>
    </p>
   </div>
   <div class='ocr_carea' id='block_1_35' title="bbox 170 933 957 973">
    <p class='ocr_par' dir='ltr' id='par_1_35' title="bbox 170 933 957 973">
     <span class='ocr_line' id='line_1_36' title="bbox 170 933 957 973; baseline -0.008 -8"><span class='ocrx_word' id='word_1_214' title='bbox 170 938 300 973; x_wconf 71' lang='grc' dir='ltr'>ἐμφυλίου</span> <span class='ocrx_word' id='word_1_215' title='bbox 316 937 491 972; x_wconf 72' lang='grc' dir='ltr'>παυπαμένου</span> <span class='ocrx_word' id='word_1_216' title='bbox 516 935 646 970; x_wconf 79' lang='grc' dir='ltr'>πολέμου,</span> <span class='ocrx_word' id='word_1_217' title='bbox 659 935 731 961; x_wconf 86' lang='grc' dir='ltr'>κατὰ</span> <span class='ocrx_word' id='word_1_218' title='bbox 743 934 844 960; x_wconf 84' lang='grc' dir='ltr'>τούτων</span> <span class='ocrx_word' id='word_1_219' title='bbox 858 933 957 969; x_wconf 74' lang='grc' dir='ltr'>ἐστρά-</span> 
     </span>
    </p>
   </div>
   <div class='ocr_carea' id='block_1_36' title="bbox 169 979 959 1018">
    <p class='ocr_par' dir='ltr' id='par_1_36' title="bbox 169 979 959 1018">
     <span class='ocr_line' id='line_1_37' title="bbox 169 979 959 1018; baseline -0.008 -7"><span class='ocrx_word' id='word_1_220' title='bbox 169 993 265 1011; x_wconf 80' lang='grc' dir='ltr'>τευσεν</span> <span class='ocrx_word' id='word_1_221' title='bbox 279 985 293 1010; x_wconf 81' lang='grc' dir='ltr'>ὁ</span> <span class='ocrx_word' id='word_1_222' title='bbox 311 982 448 1018; x_wconf 83' lang='grc' dir='ltr'>βασιλεύς.</span> <span class='ocrx_word' id='word_1_223' title='bbox 468 982 586 1008; x_wconf 80' lang='grc' dir='ltr'><strong>Ἐκεῖνον</strong></span> <span class='ocrx_word' id='word_1_224' title='bbox 598 980 626 1007; x_wconf 80' lang='grc' dir='ltr'>δὲ</span> <span class='ocrx_word' id='word_1_225' title='bbox 644 979 891 1015; x_wconf 78' lang='grc' dir='ltr'><strong>καταφρονοῦντες,</strong></span> <span class='ocrx_word' id='word_1_226' title='bbox 902 980 959 1010; x_wconf 79' lang='grc' dir='ltr'>τοῖς</span> 
     </span>
    </p>
   </div>
   <div class='ocr_carea' id='block_1_37' title="bbox 170 1024 959 1064">
    <p class='ocr_par' dir='ltr' id='par_1_37' title="bbox 170 1024 959 1064">
     <span class='ocr_line' id='line_1_38' title="bbox 170 1024 959 1064; baseline -0.009 -7"><span class='ocrx_word' id='word_1_227' title='bbox 170 1030 321 1064; x_wconf 74' lang='grc' dir='ltr'>ἀναπήροις</span> <span class='ocrx_word' id='word_1_228' title='bbox 353 1027 511 1055; x_wconf 78' lang='grc' dir='ltr'>ἀνελθοῦσιν</span> <span class='ocrx_word' id='word_1_229' title='bbox 532 1027 578 1054; x_wconf 74' lang='grc' dir='ltr'><strong>ἐπὶ</strong></span> <span class='ocrx_word' id='word_1_230' title='bbox 599 1026 630 1052; x_wconf 83' lang='grc' dir='ltr'>τὸ</span> <span class='ocrx_word' id='word_1_231' title='bbox 657 1026 757 1060; x_wconf 86' lang='grc' dir='ltr'>τεῖχος,</span> <span class='ocrx_word' id='word_1_232' title='bbox 778 1024 959 1056; x_wconf 74' lang='grc' dir='ltr'>ὲπιτωθάζειν</span> 
     </span>
    </p>
   </div>
   <div class='ocr_carea' id='block_1_38' title="bbox 170 1071 959 1110">
    <p class='ocr_par' dir='ltr' id='par_1_38' title="bbox 170 1071 959 1110">
     <span class='ocr_line' id='line_1_39' title="bbox 170 1071 959 1110; baseline -0.008 -8"><span class='ocrx_word' id='word_1_233' title='bbox 170 1076 295 1103; x_wconf 62' lang='grc' dir='ltr'>ἐκέλευον</span> <span class='ocrx_word' id='word_1_234' title='bbox 310 1074 347 1110; x_wconf 78' lang='grc' dir='ltr'>τῷ</span> <span class='ocrx_word' id='word_1_235' title='bbox 362 1074 454 1106; x_wconf 82' lang='grc' dir='ltr'>Δαϐ¹ιδ,</span> <span class='ocrx_word' id='word_1_236' title='bbox 483 1073 533 1109; x_wconf 76' lang='grc' dir='ltr'>ἤδη</span> <span class='ocrx_word' id='word_1_237' title='bbox 553 1072 601 1108; x_wconf 83' lang='grc' dir='ltr'>τὴν</span> <span class='ocrx_word' id='word_1_238' title='bbox 619 1071 767 1106; x_wconf 79' lang='grc' dir='ltr'>ἀκρόπολιν</span> <span class='ocrx_word' id='word_1_239' title='bbox 787 1071 888 1106; x_wconf 70' lang='grc' dir='ltr'>ἔχοντι.</span> <span class='ocrx_word' id='word_1_240' title='bbox 904 1072 959 1097; x_wconf 79' lang='grc' dir='ltr'><strong>Πε-</strong></span> 
     </span>
    </p>
   </div>
   <div class='ocr_carea' id='block_1_39' title="bbox 169 1114 958 1155">
    <p class='ocr_par' dir='ltr' id='par_1_39' title="bbox 169 1114 958 1155">
     <span class='ocr_line' id='line_1_40' title="bbox 169 1114 958 1155; baseline -0.008 -8"><span class='ocrx_word' id='word_1_241' title='bbox 169 1120 278 1155; x_wconf 80' lang='grc' dir='ltr'>ριοχὴν</span> <span class='ocrx_word' id='word_1_242' title='bbox 292 1119 346 1154; x_wconf 81' lang='grc' dir='ltr'><strong>γὰρ</strong></span> <span class='ocrx_word' id='word_1_243' title='bbox 360 1118 463 1154; x_wconf 86' lang='grc' dir='ltr'>ταύτην</span> <span class='ocrx_word' id='word_1_244' title='bbox 482 1119 570 1151; x_wconf 78' lang='grc' dir='ltr'>καλεῖ,</span> <span class='ocrx_word' id='word_1_245' title='bbox 585 1118 648 1149; x_wconf 78' lang='grc' dir='ltr'>τοὺς</span> <span class='ocrx_word' id='word_1_246' title='bbox 662 1114 709 1144; x_wconf 80' lang='grc' dir='ltr'><strong>οὖν</strong></span> <span class='ocrx_word' id='word_1_247' title='bbox 727 1116 874 1151; x_wconf 85' lang='grc' dir='ltr'>πολεμίους</span> <span class='ocrx_word' id='word_1_248' title='bbox 892 1115 958 1142; x_wconf 86' lang='grc' dir='ltr'>πάν-</span> 
     </span>
    </p>
   </div>
   <div class='ocr_carea' id='block_1_40' title="bbox 170 1159 957 1198">
    <p class='ocr_par' dir='ltr' id='par_1_40' title="bbox 170 1159 957 1198">
     <span class='ocr_line' id='line_1_41' title="bbox 170 1159 957 1198; baseline -0.008 -5"><span class='ocrx_word' id='word_1_249' title='bbox 170 1174 219 1197; x_wconf 80' lang='grc' dir='ltr'><strong>τας</strong></span> <span class='ocrx_word' id='word_1_250' title='bbox 234 1165 385 1197; x_wconf 77' lang='grc' dir='ltr'>ἀκοντίζειν</span> <span class='ocrx_word' id='word_1_251' title='bbox 394 1163 532 1197; x_wconf 71' lang='grc' dir='ltr'>ἐκέλευσε,</span> <span class='ocrx_word' id='word_1_252' title='bbox 544 1163 615 1190; x_wconf 78' lang='grc' dir='ltr'>κατὰ</span> <span class='ocrx_word' id='word_1_253' title='bbox 629 1163 678 1198; x_wconf 82' lang='grc' dir='ltr'>τὴν</span> <span class='ocrx_word' id='word_1_254' title='bbox 694 1161 814 1197; x_wconf 81' lang='grc' dir='ltr'><strong>ἀρχῆθεν</strong></span> <span class='ocrx_word' id='word_1_255' title='bbox 828 1161 875 1188; x_wconf 84' lang='grc' dir='ltr'><strong>τοῦ</strong></span> <span class='ocrx_word' id='word_1_256' title='bbox 890 1159 957 1187; x_wconf 83' lang='grc' dir='ltr'><strong>Θεοῦ</strong></span> 
     </span>
    </p>
   </div>
   <div class='ocr_carea' id='block_1_41' title="bbox 171 1207 958 1247">
    <p class='ocr_par' dir='ltr' id='par_1_41' title="bbox 171 1207 958 1247">
     <span class='ocr_line' id='line_1_42' title="bbox 171 1207 958 1247; baseline -0.006 -9"><span class='ocrx_word' id='word_1_257' title='bbox 171 1211 357 1247; x_wconf 80' lang='grc' dir='ltr'><strong>γεγενημένην</strong></span> <span class='ocrx_word' id='word_1_258' title='bbox 371 1210 519 1245; x_wconf 79' lang='grc' dir='ltr'>ἀπόφασιν.</span> <span class='ocrx_word' id='word_1_259' title='bbox 536 1209 617 1236; x_wconf 78' lang='grc' dir='ltr'>Ὅθεν</span> <span class='ocrx_word' id='word_1_260' title='bbox 630 1209 677 1235; x_wconf 73' lang='grc' dir='ltr'>καὶ</span> <span class='ocrx_word' id='word_1_261' title='bbox 689 1208 738 1244; x_wconf 81' lang='grc' dir='ltr'>τὴν</span> <span class='ocrx_word' id='word_1_262' title='bbox 746 1207 816 1234; x_wconf 87' lang='grc' dir='ltr'><strong>Σιὼν</strong></span> <span class='ocrx_word' id='word_1_263' title='bbox 833 1207 958 1242; x_wconf 77' lang='grc' dir='ltr'>ὠνόμασε</span> 
     </span>
    </p>
   </div>
   <div class='ocr_carea' id='block_1_42' title="bbox 171 1253 961 1291">
    <p class='ocr_par' dir='ltr' id='par_1_42' title="bbox 171 1253 961 1291">
     <span class='ocr_line' id='line_1_43' title="bbox 171 1253 961 1291; baseline -0.006 -7"><span class='ocrx_word' id='word_1_264' title='bbox 171 1258 258 1289; x_wconf 79' lang='grc' dir='ltr'>πόλιν,</span> <span class='ocrx_word' id='word_1_265' title='bbox 276 1257 398 1284; x_wconf 78' lang='grc' dir='ltr'><strong>τουτέστι</strong></span> <span class='ocrx_word' id='word_1_266' title='bbox 412 1257 469 1291; x_wconf 85' lang='grc' dir='ltr'><strong>τὴν</strong></span> <span class='ocrx_word' id='word_1_267' title='bbox 489 1256 551 1283; x_wconf 77' lang='grc' dir='ltr'><strong>ἅνω</strong></span> <span class='ocrx_word' id='word_1_268' title='bbox 575 1255 663 1282; x_wconf 78' lang='grc' dir='ltr'>πόλιν.</span> <span class='ocrx_word' id='word_1_269' title='bbox 678 1254 715 1281; x_wconf 82' lang='grc' dir='ltr'>Τὸ</span> <span class='ocrx_word' id='word_1_270' title='bbox 727 1253 766 1286; x_wconf 69' lang='grc' dir='ltr'>δὲ,</span> <span class='ocrx_word' id='word_1_271' title='bbox 780 1253 961 1281; x_wconf 82' lang='grc' dir='ltr'><strong>ἁπτέσθωέν</strong></span> 
     </span>
    </p>
   </div>
   <div class='ocr_carea' id='block_1_43' title="bbox 171 1298 961 1337">
    <p class='ocr_par' dir='ltr' id='par_1_43' title="bbox 171 1298 961 1337">
     <span class='ocr_line' id='line_1_44' title="bbox 171 1298 961 1337; baseline -0.009 -7"><span class='ocrx_word' id='word_1_272' title='bbox 171 1302 354 1337; x_wconf 64' lang='grc' dir='ltr'>παραξιφίδι,</span> <span class='ocrx_word' id='word_1_273' title='bbox 363 1303 377 1329; x_wconf 79' lang='grc' dir='ltr'>ὁ</span> <span class='ocrx_word' id='word_1_274' title='bbox 389 1301 537 1337; x_wconf 73' lang='grc' dir='ltr'>Σύμμαχος</span> <span class='ocrx_word' id='word_1_275' title='bbox 557 1308 650 1335; x_wconf 84' lang='grc' dir='ltr'>φησιν,</span> <span class='ocrx_word' id='word_1_276' title='bbox 671 1299 704 1332; x_wconf 83' lang='grc' dir='ltr'>ὃς</span> <span class='ocrx_word' id='word_1_277' title='bbox 716 1298 755 1325; x_wconf 84' lang='grc' dir='ltr'><strong>ἂν</strong></span> <span class='ocrx_word' id='word_1_278' title='bbox 765 1298 845 1332; x_wconf 72' lang='grc' dir='ltr'><strong>τύψῃ</strong></span> <span class='ocrx_word' id='word_1_279' title='bbox 859 1298 961 1324; x_wconf 79' lang='grc' dir='ltr'>Ἰεϐου-</span> 
     </span>
    </p>
   </div>
   <div class='ocr_carea' id='block_1_44' title="bbox 170 1343 959 1381">
    <p class='ocr_par' dir='ltr' id='par_1_44' title="bbox 170 1343 959 1381">
     <span class='ocr_line' id='line_1_45' title="bbox 170 1343 959 1381; baseline -0.008 -5"><span class='ocrx_word' id='word_1_280' title='bbox 170 1349 269 1381; x_wconf 77' lang='grc' dir='ltr'>σαῒον,</span> <span class='ocrx_word' id='word_1_281' title='bbox 283 1348 330 1375; x_wconf 78' lang='grc' dir='ltr'><strong>καί</strong></span> <span class='ocrx_word' id='word_1_282' title='bbox 340 1346 553 1381; x_wconf 79' lang='grc' dir='ltr'>κατακρατήσῃ</span> <span class='ocrx_word' id='word_1_283' title='bbox 568 1345 731 1379; x_wconf 68' lang='grc' dir='ltr'>ἐπάλξεως.</span> <span class='ocrx_word' id='word_1_284' title='bbox 748 1344 777 1370; x_wconf 89' lang='lat'><strong>&#39;0</strong></span> <span class='ocrx_word' id='word_1_285' title='bbox 791 1343 820 1370; x_wconf 80' lang='grc' dir='ltr'>δὲ</span> <span class='ocrx_word' id='word_1_286' title='bbox 832 1343 959 1375; x_wconf 76' lang='grc' dir='ltr'>Ἀκύλας,</span> 
     </span>
    </p>
   </div>
   <div class='ocr_carea' id='block_1_45' title="bbox 171 1388 961 1425">
    <p class='ocr_par' dir='ltr' id='par_1_45' title="bbox 171 1388 961 1425">
     <span class='ocr_line' id='line_1_46' title="bbox 171 1388 961 1425; baseline -0.009 -6"><span class='ocrx_word' id='word_1_287' title='bbox 171 1391 231 1425; x_wconf 76' lang='grc' dir='ltr'>πᾶς</span> <span class='ocrx_word' id='word_1_288' title='bbox 244 1391 409 1419; x_wconf 65' lang='grc' dir='ltr'>διατάσσων</span> <span class='ocrx_word' id='word_1_289' title='bbox 428 1390 611 1418; x_wconf 80' lang='grc' dir='ltr'><strong>Ἰεόουσαῖον</strong></span> <span class='ocrx_word' id='word_1_290' title='bbox 622 1410 629 1422; x_wconf 88' lang='grc'><strong>,</strong></span> <span class='ocrx_word' id='word_1_291' title='bbox 642 1389 690 1416; x_wconf 76' lang='grc' dir='ltr'><strong>καί</strong></span> <span class='ocrx_word' id='word_1_292' title='bbox 708 1389 815 1423; x_wconf 75' lang='grc' dir='ltr'>ἅψεται</span> <span class='ocrx_word' id='word_1_293' title='bbox 829 1388 863 1414; x_wconf 81' lang='grc' dir='ltr'><strong>ἐν</strong></span> <span class='ocrx_word' id='word_1_294' title='bbox 875 1395 961 1421; x_wconf 79' lang='grc' dir='ltr'>κρου-</span> 
     </span>
    </p>
   </div>
   <div class='ocr_carea' id='block_1_46' title="bbox 171 1431 959 1472">
    <p class='ocr_par' dir='ltr' id='par_1_46' title="bbox 171 1431 959 1472">
     <span class='ocr_line' id='line_1_47' title="bbox 171 1431 959 1472; baseline -0.008 -8"><span class='ocrx_word' id='word_1_295' title='bbox 171 1437 278 1472; x_wconf 79' lang='grc' dir='ltr'><strong>νισμῷ.</strong></span> <span class='ocrx_word' id='word_1_296' title='bbox 288 1437 369 1471; x_wconf 87' lang='grc' dir='ltr'>Δηλοῖ</span> <span class='ocrx_word' id='word_1_297' title='bbox 380 1436 409 1463; x_wconf 79' lang='grc' dir='ltr'>δὲ</span> <span class='ocrx_word' id='word_1_298' title='bbox 422 1436 463 1469; x_wconf 75' lang='grc' dir='ltr'><strong>τὸ,</strong></span> <span class='ocrx_word' id='word_1_299' title='bbox 477 1436 532 1463; x_wconf 77' lang='grc' dir='ltr'>δεῖν</span> <span class='ocrx_word' id='word_1_300' title='bbox 543 1434 667 1471; x_wconf 82' lang='grc' dir='ltr'>σφοδρῶς</span> <span class='ocrx_word' id='word_1_301' title='bbox 682 1433 814 1466; x_wconf 74' lang='grc' dir='ltr'>πατάξαι,</span> <span class='ocrx_word' id='word_1_302' title='bbox 830 1433 878 1459; x_wconf 73' lang='grc' dir='ltr'>καὶ</span> <span class='ocrx_word' id='word_1_303' title='bbox 890 1431 959 1468; x_wconf 78' lang='grc' dir='ltr'>πρὸς</span> 
     </span>
    </p>
   </div>
   <div class='ocr_carea' id='block_1_47' title="bbox 173 1481 430 1517">
    <p class='ocr_par' dir='ltr' id='par_1_47' title="bbox 173 1481 430 1517">
     <span class='ocr_line' id='line_1_48' title="bbox 173 1481 430 1517; baseline -0.004 -8"><span class='ocrx_word' id='word_1_304' title='bbox 173 1482 288 1517; x_wconf 78' lang='grc' dir='ltr'>αἵματος</span> <span class='ocrx_word' id='word_1_305' title='bbox 307 1481 430 1516; x_wconf 71' lang='grc' dir='ltr'><strong>ἔκχυσιν.</strong></span> 
     </span>
    </p>
   </div>
   <div class='ocr_carea' id='block_1_48' title="bbox 210 1546 994 1601">
    <p class='ocr_par' dir='ltr' id='par_1_48' title="bbox 210 1546 994 1601">
     <span class='ocr_line' id='line_1_49' title="bbox 210 1546 994 1601; baseline -0.009 -6"><span class='ocrx_word' id='word_1_306' title='bbox 210 1567 262 1594; x_wconf 85' lang='lat' dir='ltr'><strong>Kal</strong></span> <span class='ocrx_word' id='word_1_307' title='bbox 279 1568 387 1601; x_wconf 84' lang='grc' dir='ltr'>Κύριος</span> <span class='ocrx_word' id='word_1_308' title='bbox 400 1565 611 1600; x_wconf 74' lang='grc' dir='ltr'><strong>παντοκράτωρ</strong></span> <span class='ocrx_word' id='word_1_309' title='bbox 625 1564 688 1600; x_wconf 82' lang='grc' dir='ltr'>μετ’</span> <span class='ocrx_word' id='word_1_310' title='bbox 706 1563 810 1591; x_wconf 87' lang='grc' dir='ltr'>αὑτοῦ.</span> <span class='ocrx_word' id='word_1_311' title='bbox 825 1562 956 1598; x_wconf 77' lang='grc' dir='ltr'><strong>Αίσχυνέ-</strong></span> <span class='ocrx_word' id='word_1_312' title='bbox 971 1546 994 1576; x_wconf 78' lang='lat' dir='ltr'><strong>c</strong></span> 
     </span>
    </p>
   </div>
   <div class='ocr_carea' id='block_1_49' title="bbox 175 1608 957 1648">
    <p class='ocr_par' dir='ltr' id='par_1_49' title="bbox 175 1608 957 1648">
     <span class='ocr_line' id='line_1_50' title="bbox 175 1608 957 1648; baseline -0.005 -9"><span class='ocrx_word' id='word_1_313' title='bbox 175 1613 280 1639; x_wconf 86' lang='grc' dir='ltr'>οθωσαν</span> <span class='ocrx_word' id='word_1_314' title='bbox 295 1612 438 1648; x_wconf 79' lang='grc' dir='ltr'>αἱρετικοί.</span> <span class='ocrx_word' id='word_1_315' title='bbox 465 1611 542 1639; x_wconf 84' lang='grc' dir='ltr'>Οὖτω</span> <span class='ocrx_word' id='word_1_316' title='bbox 556 1611 611 1647; x_wconf 72' lang='grc' dir='ltr'>γὰρ</span> <span class='ocrx_word' id='word_1_317' title='bbox 637 1611 667 1636; x_wconf 79' lang='grc' dir='ltr'>τὸ</span> <span class='ocrx_word' id='word_1_318' title='bbox 682 1610 754 1637; x_wconf 88' lang='grc' dir='ltr'>θεῖον</span> <span class='ocrx_word' id='word_1_319' title='bbox 770 1609 883 1645; x_wconf 83' lang='grc' dir='ltr'>Πνεῦμα</span> <span class='ocrx_word' id='word_1_320' title='bbox 896 1608 957 1635; x_wconf 83' lang='grc' dir='ltr'>πολ-</span> 
     </span>
    </p>
   </div>
   <div class='ocr_carea' id='block_1_50' title="bbox 172 1655 538 1690">
    <p class='ocr_par' dir='ltr' id='par_1_50' title="bbox 172 1655 538 1690">
     <span class='ocr_line' id='line_1_51' title="bbox 172 1655 538 1690; baseline 0 -6"><span class='ocrx_word' id='word_1_321' title='bbox 172 1658 250 1690; x_wconf 85' lang='grc' dir='ltr'>λάκις</span> <span class='ocrx_word' id='word_1_322' title='bbox 265 1658 409 1685; x_wconf 71' lang='grc' dir='ltr'>ἐκάλεσαν.</span> <span class='ocrx_word' id='word_1_323' title='bbox 535 1655 538 1658; x_wconf 68' lang='grc'><em>’</em></span> 
     </span>
    </p>
   </div>
   <div class='ocr_carea' id='block_1_51' title="bbox 209 1698 957 1735">
    <p class='ocr_par' dir='ltr' id='par_1_51' title="bbox 209 1698 957 1735">
     <span class='ocr_line' id='line_1_52' title="bbox 209 1698 957 1735; baseline -0.004 -6"><span class='ocrx_word' id='word_1_324' title='bbox 209 1703 260 1735; x_wconf 83' lang='grc' dir='ltr'>Είς</span> <span class='ocrx_word' id='word_1_325' title='bbox 279 1702 337 1735; x_wconf 80' lang='grc' dir='ltr'><strong>τὴν</strong></span> <span class='ocrx_word' id='word_1_326' title='bbox 348 1701 473 1729; x_wconf 68' lang='grc' dir='ltr'>κοιλάδα</span> <span class='ocrx_word' id='word_1_327' title='bbox 491 1700 551 1728; x_wconf 84' lang='grc' dir='ltr'><strong>τῶν</strong></span> <span class='ocrx_word' id='word_1_328' title='bbox 579 1700 716 1727; x_wconf 83' lang='grc' dir='ltr'>Τιτάνων.</span> <span class='ocrx_word' id='word_1_329' title='bbox 737 1699 806 1730; x_wconf 80' lang='grc' dir='ltr'>Τοὺς</span> <span class='ocrx_word' id='word_1_330' title='bbox 822 1698 957 1733; x_wconf 85' lang='grc' dir='ltr'>Γίγαντας</span> 
     </span>
    </p>
   </div>
   <div class='ocr_carea' id='block_1_52' title="bbox 173 1745 955 1782">
    <p class='ocr_par' dir='ltr' id='par_1_52' title="bbox 173 1745 955 1782">
     <span class='ocr_line' id='line_1_53' title="bbox 173 1745 955 1782; baseline -0.003 -8"><span class='ocrx_word' id='word_1_331' title='bbox 173 1748 220 1774; x_wconf 78' lang='grc' dir='ltr'>καὶ</span> <span class='ocrx_word' id='word_1_332' title='bbox 234 1748 350 1778; x_wconf 76' lang='grc' dir='ltr'><strong>Τιτᾶνας</strong></span> <span class='ocrx_word' id='word_1_333' title='bbox 363 1747 513 1782; x_wconf 82' lang='grc' dir='ltr'>ὠνόμαζον,</span> <span class='ocrx_word' id='word_1_334' title='bbox 526 1745 710 1781; x_wconf 79' lang='grc' dir='ltr'>οὒςῬαφαεὶν</span> <span class='ocrx_word' id='word_1_335' title='bbox 725 1745 847 1781; x_wconf 81' lang='grc' dir='ltr'>Ἐϐραῖοί</span> <span class='ocrx_word' id='word_1_336' title='bbox 863 1753 955 1780; x_wconf 83' lang='grc' dir='ltr'>φασιν.</span> 
     </span>
    </p>
   </div>
   <div class='ocr_carea' id='block_1_53' title="bbox 172 1790 957 1827">
    <p class='ocr_par' dir='ltr' id='par_1_53' title="bbox 172 1790 957 1827">
     <span class='ocr_line' id='line_1_54' title="bbox 172 1790 957 1827; baseline -0.001 -8"><span class='ocrx_word' id='word_1_337' title='bbox 172 1793 318 1824; x_wconf 86' lang='grc' dir='ltr'>Τοιούτους</span> <span class='ocrx_word' id='word_1_338' title='bbox 329 1792 427 1827; x_wconf 73' lang='grc' dir='ltr'>ἄνδρας</span> <span class='ocrx_word' id='word_1_339' title='bbox 438 1791 500 1827; x_wconf 76' lang='grc' dir='ltr'>ἔσχε</span> <span class='ocrx_word' id='word_1_340' title='bbox 516 1792 563 1818; x_wconf 81' lang='grc' dir='ltr'>καὶ</span> <span class='ocrx_word' id='word_1_341' title='bbox 578 1792 601 1827; x_wconf 47' lang='grc' dir='ltr'><strong>ὴν</strong></span> <span class='ocrx_word' id='word_1_342' title='bbox 610 1791 735 1827; x_wconf 85' lang='grc' dir='ltr'>Χεϐρὼν,</span> <span class='ocrx_word' id='word_1_343' title='bbox 751 1792 799 1818; x_wconf 76' lang='grc' dir='ltr'>καὶ</span> <span class='ocrx_word' id='word_1_344' title='bbox 811 1793 828 1827; x_wconf 78' lang='grc' dir='ltr'>ἡ</span> <span class='ocrx_word' id='word_1_345' title='bbox 840 1792 902 1824; x_wconf 74' lang='grc' dir='ltr'><strong>Εέθ.</strong></span> <span class='ocrx_word' id='word_1_346' title='bbox 912 1790 957 1825; x_wconf 76' lang='grc' dir='ltr'><strong>Ἐξ</strong></span> 
     </span>
    </p>
   </div>
   <div class='ocr_carea' id='block_1_54' title="bbox 173 1834 957 1874">
    <p class='ocr_par' dir='ltr' id='par_1_54' title="bbox 173 1834 957 1874">
     <span class='ocr_line' id='line_1_55' title="bbox 173 1834 957 1874; baseline 0.001 -10"><span class='ocrx_word' id='word_1_347' title='bbox 173 1834 210 1864; x_wconf 81' lang='grc' dir='ltr'>ὧν</span> <span class='ocrx_word' id='word_1_348' title='bbox 225 1835 259 1873; x_wconf 81' lang='grc' dir='ltr'><strong>ἦν</strong></span> <span class='ocrx_word' id='word_1_349' title='bbox 271 1839 318 1864; x_wconf 78' lang='grc' dir='ltr'>καὶ</span> <span class='ocrx_word' id='word_1_350' title='bbox 341 1839 356 1864; x_wconf 77' lang='grc' dir='ltr'>ὀ</span> <span class='ocrx_word' id='word_1_351' title='bbox 369 1837 479 1869; x_wconf 86' lang='grc' dir='ltr'>Γολιὰθ,</span> <span class='ocrx_word' id='word_1_352' title='bbox 499 1839 548 1864; x_wconf 80' lang='grc' dir='ltr'>καὶ</span> <span class='ocrx_word' id='word_1_353' title='bbox 562 1838 588 1864; x_wconf 80' lang='grc' dir='ltr'>οἱ</span> <span class='ocrx_word' id='word_1_354' title='bbox 611 1837 659 1864; x_wconf 87' lang='grc' dir='ltr'><strong>τοῦ</strong></span> <span class='ocrx_word' id='word_1_355' title='bbox 674 1838 756 1865; x_wconf 81' lang='grc' dir='ltr'>Δαϐὶδ</span> <span class='ocrx_word' id='word_1_356' title='bbox 772 1839 904 1874; x_wconf 72' lang='grc' dir='ltr'>ἀριστεῖς,</span> <span class='ocrx_word' id='word_1_357' title='bbox 919 1835 957 1865; x_wconf 80' lang='grc' dir='ltr'>ὧν</span> 
     </span>
    </p>
   </div>
   <div class='ocr_carea' id='block_1_55' title="bbox 173 1882 955 1919">
    <p class='ocr_par' dir='ltr' id='par_1_55' title="bbox 173 1882 955 1919">
     <span class='ocr_line' id='line_1_56' title="bbox 173 1882 955 1919; baseline -0.001 -10"><span class='ocrx_word' id='word_1_358' title='bbox 173 1883 222 1914; x_wconf 73' lang='grc' dir='ltr'><strong>τὰς</strong></span> <span class='ocrx_word' id='word_1_359' title='bbox 231 1882 411 1918; x_wconf 82' lang='grc' dir='ltr'>ἀνδραγαθίας</span> <span class='ocrx_word' id='word_1_360' title='bbox 429 1882 585 1918; x_wconf 75' lang='grc' dir='ltr'><strong>ἐθαύμασεν</strong></span> <span class='ocrx_word' id='word_1_361' title='bbox 599 1883 616 1918; x_wconf 84' lang='grc' dir='ltr'><strong>ή</strong></span> <span class='ocrx_word' id='word_1_362' title='bbox 633 1883 740 1919; x_wconf 78' lang='grc' dir='ltr'>Γραφή.</span> <span class='ocrx_word' id='word_1_363' title='bbox 764 1882 842 1915; x_wconf 70' lang='grc' dir='ltr'>Εἰκὸς</span> <span class='ocrx_word' id='word_1_364' title='bbox 855 1883 955 1915; x_wconf 85' lang='grc' dir='ltr'>τοίνυν,</span> 
     </span>
    </p>
   </div>
   <div class='ocr_carea' id='block_1_56' title="bbox 173 1927 958 1964">
    <p class='ocr_par' dir='ltr' id='par_1_56' title="bbox 173 1927 958 1964">
     <span class='ocr_line' id='line_1_57' title="bbox 173 1927 958 1964; baseline 0 -10"><span class='ocrx_word' id='word_1_365' title='bbox 173 1929 201 1955; x_wconf 72' lang='grc' dir='ltr'><strong>ὲν</strong></span> <span class='ocrx_word' id='word_1_366' title='bbox 212 1928 279 1963; x_wconf 85' lang='grc' dir='ltr'>τῷδε</span> <span class='ocrx_word' id='word_1_367' title='bbox 298 1927 337 1963; x_wconf 85' lang='grc' dir='ltr'>τῷ</span> <span class='ocrx_word' id='word_1_368' title='bbox 366 1928 458 1964; x_wconf 85' lang='grc' dir='ltr'>χωρίῳ</span> <span class='ocrx_word' id='word_1_369' title='bbox 483 1928 567 1955; x_wconf 84' lang='grc' dir='ltr'>πάλαι</span> <span class='ocrx_word' id='word_1_370' title='bbox 579 1928 640 1956; x_wconf 83' lang='grc' dir='ltr'>τινὰ</span> <span class='ocrx_word' id='word_1_371' title='bbox 665 1928 770 1956; x_wconf 86' lang='grc' dir='ltr'>τούτων</span> <span class='ocrx_word' id='word_1_372' title='bbox 793 1928 958 1963; x_wconf 84' lang='grc' dir='ltr'>γεγενῆσθαι</span> 
     </span>
    </p>
   </div>
   <div class='ocr_carea' id='block_1_57' title="bbox 172 1973 710 2009">
    <p class='ocr_par' dir='ltr' id='par_1_57' title="bbox 172 1973 710 2009">
     <span class='ocr_line' id='line_1_58' title="bbox 172 1973 710 2009; baseline 0 -9"><span class='ocrx_word' id='word_1_373' title='bbox 172 1973 336 2009; x_wconf 80' lang='grc' dir='ltr'>παράταξιν,</span> <span class='ocrx_word' id='word_1_374' title='bbox 354 1973 415 2000; x_wconf 77' lang='grc' dir='ltr'>ὅθεν</span> <span class='ocrx_word' id='word_1_375' title='bbox 430 1973 517 2006; x_wconf 76' lang='grc' dir='ltr'>οὕτως</span> <span class='ocrx_word' id='word_1_376' title='bbox 541 1973 710 2009; x_wconf 85' lang='grc' dir='ltr'>ὠνόμασται.</span> 
     </span>
    </p>
   </div>
   <div class='ocr_carea' id='block_1_58' title="bbox 209 2046 955 2098">
    <p class='ocr_par' dir='ltr' id='par_1_58' title="bbox 209 2046 955 2098">
     <span class='ocr_line' id='line_1_59' title="bbox 209 2046 955 2098; baseline 0.004 -10"><span class='ocrx_word' id='word_1_377' title='bbox 209 2062 264 2089; x_wconf 83' lang='lat' dir='ltr'><strong>Kal</strong></span> <span class='ocrx_word' id='word_1_378' title='bbox 282 2046 416 2096; x_wconf 62' lang='lat' dir='ltr'><strong>aapéa&#39;m</strong></span> <span class='ocrx_word' id='word_1_379' title='bbox 429 2062 531 2096; x_wconf 81' lang='grc' dir='ltr'>αὐτοῖς</span> <span class='ocrx_word' id='word_1_380' title='bbox 546 2063 679 2097; x_wconf 76' lang='grc' dir='ltr'><strong>πλησίον</strong></span> <span class='ocrx_word' id='word_1_381' title='bbox 690 2063 743 2090; x_wconf 74' lang='grc' dir='ltr'><strong>τοῦ</strong></span> <span class='ocrx_word' id='word_1_382' title='bbox 751 2062 955 2098; x_wconf 79' lang='grc' dir='ltr'>κλαυθμῶνος.</span> 
     </span>
    </p>
   </div>
   <div class='ocr_carea' id='block_1_59' title="bbox 179 2107 957 2142">
    <p class='ocr_par' dir='ltr' id='par_1_59' title="bbox 179 2107 957 2142">
     <span class='ocr_line' id='line_1_60' title="bbox 179 2107 957 2142; baseline 0 -7"><span class='ocrx_word' id='word_1_383' title='bbox 179 2108 293 2140; x_wconf 82' lang='grc' dir='ltr'>’Δκῦλας</span> <span class='ocrx_word' id='word_1_384' title='bbox 323 2107 421 2141; x_wconf 80' lang='grc' dir='ltr'>οὕτως,</span> <span class='ocrx_word' id='word_1_385' title='bbox 451 2108 485 2140; x_wconf 77' lang='grc' dir='ltr'><strong>ἐξ</strong></span> <span class='ocrx_word' id='word_1_386' title='bbox 511 2108 650 2142; x_wconf 78' lang='grc' dir='ltr'>ἐναντίας</span> <span class='ocrx_word' id='word_1_387' title='bbox 665 2108 723 2136; x_wconf 85' lang='grc' dir='ltr'>τῶν</span> <span class='ocrx_word' id='word_1_388' title='bbox 741 2109 849 2136; x_wconf 80' lang='grc' dir='ltr'><strong>ἀπίων.</strong></span> <span class='ocrx_word' id='word_1_389' title='bbox 869 2109 914 2140; x_wconf 80' lang='grc' dir='ltr'>Ὠς</span> <span class='ocrx_word' id='word_1_390' title='bbox 928 2108 957 2135; x_wconf 80' lang='grc' dir='ltr'>δὲ</span> 
     </span>
    </p>
   </div>
   <div class='ocr_carea' id='block_1_60' title="bbox 173 2154 956 2191">
    <p class='ocr_par' dir='ltr' id='par_1_60' title="bbox 173 2154 956 2191">
     <span class='ocr_line' id='line_1_61' title="bbox 173 2154 956 2191; baseline 0 -10"><span class='ocrx_word' id='word_1_391' title='bbox 173 2154 346 2190; x_wconf 85' lang='grc' dir='ltr'>παιδοτρίϐης</span> <span class='ocrx_word' id='word_1_392' title='bbox 358 2155 440 2181; x_wconf 74' lang='grc' dir='ltr'>αὐτὸν</span> <span class='ocrx_word' id='word_1_393' title='bbox 457 2154 561 2189; x_wconf 74' lang='grc' dir='ltr'>ἀλείφει</span> <span class='ocrx_word' id='word_1_394' title='bbox 579 2155 648 2191; x_wconf 79' lang='grc' dir='ltr'>πρὸς</span> <span class='ocrx_word' id='word_1_395' title='bbox 671 2155 783 2190; x_wconf 82' lang='grc' dir='ltr'>ἀρετὴν,</span> <span class='ocrx_word' id='word_1_396' title='bbox 799 2154 901 2182; x_wconf 89' lang='grc' dir='ltr'>πείθων</span> <span class='ocrx_word' id='word_1_397' title='bbox 918 2154 956 2190; x_wconf 84' lang='grc' dir='ltr'>μὴ</span> 
     </span>
    </p>
   </div>
   <div class='ocr_carea' id='block_1_61' title="bbox 1008 933 1801 968">
    <p class='ocr_par' dir='ltr' id='par_1_61' title="bbox 1008 933 1801 968">
     <span class='ocr_line' id='line_1_62' title="bbox 1008 933 1801 968; baseline -0.009 -1"><span class='ocrx_word' id='word_1_398' title='bbox 1008 939 1082 967; x_wconf 90' lang='lat' dir='ltr'><strong>bello</strong></span> <span class='ocrx_word' id='word_1_399' title='bbox 1107 935 1184 964; x_wconf 80' lang='lat' dir='ltr'><strong>civili</strong></span> <span class='ocrx_word' id='word_1_400' title='bbox 1214 939 1241 962; x_wconf 84' lang='lat' dir='ltr'><strong>et</strong></span> <span class='ocrx_word' id='word_1_401' title='bbox 1260 934 1402 965; x_wconf 87' lang='lat' dir='ltr'><strong>intestino,</strong></span> <span class='ocrx_word' id='word_1_402' title='bbox 1430 933 1511 968; x_wconf 87' lang='lat' dir='ltr'><strong>primi</strong></span> <span class='ocrx_word' id='word_1_403' title='bbox 1540 933 1677 964; x_wconf 80' lang='lat' dir='ltr'><strong>fuerunt,</strong></span> <span class='ocrx_word' id='word_1_404' title='bbox 1706 936 1801 960; x_wconf 77' lang='lat' dir='ltr'><strong>contra</strong></span> 
     </span>
    </p>
   </div>
   <div class='ocr_carea' id='block_1_62' title="bbox 1008 977 1800 1018">
    <p class='ocr_par' dir='ltr' id='par_1_62' title="bbox 1008 977 1800 1018">
     <span class='ocr_line' id='line_1_63' title="bbox 1008 977 1800 1018; baseline -0.009 -8"><span class='ocrx_word' id='word_1_405' title='bbox 1008 990 1079 1018; x_wconf 84' lang='lat' dir='ltr'><strong>quos</strong></span> <span class='ocrx_word' id='word_1_406' title='bbox 1091 988 1138 1008; x_wconf 80' lang='lat' dir='ltr'><strong>rex</strong></span> <span class='ocrx_word' id='word_1_407' title='bbox 1149 979 1234 1006; x_wconf 86' lang='lat' dir='ltr'><strong>David</strong></span> <span class='ocrx_word' id='word_1_408' title='bbox 1248 977 1451 1013; x_wconf 76' lang='lat' dir='ltr'><strong>expeditionem</strong></span> <span class='ocrx_word' id='word_1_409' title='bbox 1471 978 1601 1012; x_wconf 84' lang='lat' dir='ltr'><strong>suscepit.</strong></span> <span class='ocrx_word' id='word_1_410' title='bbox 1613 977 1711 1004; x_wconf 75' lang='lat' dir='ltr'><strong>Contra</strong></span> <span class='ocrx_word' id='word_1_411' title='bbox 1727 984 1800 1009; x_wconf 80' lang='lat' dir='ltr'><strong>rem.</strong></span> 
     </span>
    </p>
   </div>
   <div class='ocr_carea' id='block_1_63' title="bbox 1009 1021 1800 1057">
    <p class='ocr_par' dir='ltr' id='par_1_63' title="bbox 1009 1021 1800 1057">
     <span class='ocr_line' id='line_1_64' title="bbox 1009 1021 1800 1057; baseline -0.01 -2"><span class='ocrx_word' id='word_1_412' title='bbox 1009 1027 1259 1055; x_wconf 85' lang='lat' dir='ltr'><strong>illicontenmentes</strong></span> <span class='ocrx_word' id='word_1_413' title='bbox 1269 1030 1327 1054; x_wconf 89' lang='lat' dir='ltr'><strong>eos,</strong></span> <span class='ocrx_word' id='word_1_414' title='bbox 1337 1022 1480 1057; x_wconf 74' lang='lat' dir='ltr'><strong>jusserunt</strong></span> <span class='ocrx_word' id='word_1_415' title='bbox 1495 1022 1608 1054; x_wconf 80' lang='lat' dir='ltr'><strong>mmilis,</strong></span> <span class='ocrx_word' id='word_1_416' title='bbox 1616 1026 1643 1049; x_wconf 87' lang='lat' dir='ltr'><strong>et</strong></span> <span class='ocrx_word' id='word_1_417' title='bbox 1654 1021 1768 1052; x_wconf 84' lang='lat' dir='ltr'><strong>mancis.</strong></span> <span class='ocrx_word' id='word_1_418' title='bbox 1777 1021 1800 1048; x_wconf 83' lang='lat' dir='ltr'><strong>si</strong></span> 
     </span>
    </p>
   </div>
   <div class='ocr_carea' id='block_1_64' title="bbox 1009 1067 1800 1102">
    <p class='ocr_par' dir='ltr' id='par_1_64' title="bbox 1009 1067 1800 1102">
     <span class='ocr_line' id='line_1_65' title="bbox 1009 1067 1800 1102; baseline -0.011 0"><span class='ocrx_word' id='word_1_419' title='bbox 1009 1073 1203 1102; x_wconf 84' lang='lat' dir='ltr'><strong>ascendissent</strong></span> <span class='ocrx_word' id='word_1_420' title='bbox 1229 1077 1334 1102; x_wconf 80' lang='lat' dir='ltr'><strong>muros,</strong></span> <span class='ocrx_word' id='word_1_421' title='bbox 1359 1069 1507 1097; x_wconf 86' lang='lat' dir='ltr'><strong>insultare.</strong></span> <span class='ocrx_word' id='word_1_422' title='bbox 1541 1068 1609 1095; x_wconf 91' lang='lat' dir='ltr'><strong>Cum</strong></span> <span class='ocrx_word' id='word_1_423' title='bbox 1634 1067 1718 1094; x_wconf 82' lang='lat' dir='ltr'><strong>David</strong></span> <span class='ocrx_word' id='word_1_424' title='bbox 1743 1067 1800 1102; x_wconf 83' lang='lat' dir='ltr'><strong>jam</strong></span> 
     </span>
    </p>
   </div>
   <div class='ocr_carea' id='block_1_65' title="bbox 1010 1113 1798 1150">
    <p class='ocr_par' dir='ltr' id='par_1_65' title="bbox 1010 1113 1798 1150">
     <span class='ocr_line' id='line_1_66' title="bbox 1010 1113 1798 1150; baseline -0.009 -4"><span class='ocrx_word' id='word_1_425' title='bbox 1010 1126 1102 1146; x_wconf 82' lang='lat' dir='ltr'><strong>arcem</strong></span> <span class='ocrx_word' id='word_1_426' title='bbox 1126 1120 1299 1150; x_wconf 82' lang='lat' dir='ltr'><strong>occupasset,</strong></span> <span class='ocrx_word' id='word_1_427' title='bbox 1319 1114 1390 1143; x_wconf 86' lang='lat' dir='ltr'><strong>hanc</strong></span> <span class='ocrx_word' id='word_1_428' title='bbox 1413 1114 1486 1142; x_wconf 92' lang='lat' dir='ltr'><strong>enim</strong></span> <span class='ocrx_word' id='word_1_429' title='bbox 1516 1113 1646 1149; x_wconf 74' lang='grc' dir='ltr'>περιοχὴν</span> <span class='ocrx_word' id='word_1_430' title='bbox 1670 1113 1798 1148; x_wconf 82' lang='lat' dir='ltr'><strong>appellat.</strong></span> 
     </span>
    </p>
   </div>
   <div class='ocr_carea' id='block_1_66' title="bbox 1009 1160 1800 1196">
    <p class='ocr_par' dir='ltr' id='par_1_66' title="bbox 1009 1160 1800 1196">
     <span class='ocr_line' id='line_1_67' title="bbox 1009 1160 1800 1196; baseline -0.01 -2"><span class='ocrx_word' id='word_1_431' title='bbox 1009 1172 1107 1194; x_wconf 81' lang='lat' dir='ltr'><strong>omnes</strong></span> <span class='ocrx_word' id='word_1_432' title='bbox 1124 1163 1266 1192; x_wconf 68' lang='lat' dir='ltr'><strong>Jebusmos</strong></span> <span class='ocrx_word' id='word_1_433' title='bbox 1278 1162 1434 1189; x_wconf 79' lang='lat' dir='ltr'><strong>interﬁcere</strong></span> <span class='ocrx_word' id='word_1_434' title='bbox 1456 1160 1552 1196; x_wconf 85' lang='lat' dir='ltr'><strong>jussit.</strong></span> <span class='ocrx_word' id='word_1_435' title='bbox 1567 1160 1717 1188; x_wconf 88' lang='lat' dir='ltr'><strong>secundum</strong></span> <span class='ocrx_word' id='word_1_436' title='bbox 1731 1167 1800 1194; x_wconf 71' lang='lat' dir='ltr'><strong>pra:-</strong></span> 
     </span>
    </p>
   </div>
   <div class='ocr_carea' id='block_1_67' title="bbox 1009 1202 1801 1246">
    <p class='ocr_par' dir='ltr' id='par_1_67' title="bbox 1009 1202 1801 1246">
     <span class='ocr_line' id='line_1_68' title="bbox 1009 1202 1801 1246; baseline -0.009 -8"><span class='ocrx_word' id='word_1_437' title='bbox 1009 1214 1118 1246; x_wconf 84' lang='lat' dir='ltr'><strong>ceptum</strong></span> <span class='ocrx_word' id='word_1_438' title='bbox 1135 1208 1256 1239; x_wconf 84' lang='lat' dir='ltr'><strong>Domini.</strong></span> <span class='ocrx_word' id='word_1_439' title='bbox 1270 1207 1342 1242; x_wconf 92' lang='lat' dir='ltr'><strong>quod</strong></span> <span class='ocrx_word' id='word_1_440' title='bbox 1356 1206 1436 1233; x_wconf 89' lang='lat' dir='ltr'><strong>initio</strong></span> <span class='ocrx_word' id='word_1_441' title='bbox 1460 1205 1610 1233; x_wconf 87' lang='lat' dir='ltr'><strong>revelatum</strong></span> <span class='ocrx_word' id='word_1_442' title='bbox 1627 1208 1701 1232; x_wconf 86' lang='lat' dir='ltr'><strong>erat.</strong></span> <span class='ocrx_word' id='word_1_443' title='bbox 1723 1202 1801 1232; x_wconf 83' lang='lat' dir='ltr'><strong>Unde</strong></span> 
     </span>
    </p>
   </div>
   <div class='ocr_carea' id='block_1_68' title="bbox 1009 1249 1799 1287">
    <p class='ocr_par' dir='ltr' id='par_1_68' title="bbox 1009 1249 1799 1287">
     <span class='ocr_line' id='line_1_69' title="bbox 1009 1249 1799 1287; baseline -0.01 -4"><span class='ocrx_word' id='word_1_444' title='bbox 1009 1256 1093 1284; x_wconf 84' lang='lat' dir='ltr'><strong>etiam</strong></span> <span class='ocrx_word' id='word_1_445' title='bbox 1105 1254 1200 1281; x_wconf 86' lang='lat' dir='ltr'><strong>urbem</strong></span> <span class='ocrx_word' id='word_1_446' title='bbox 1210 1251 1278 1280; x_wconf 90' lang='lat' dir='ltr'><strong>Sion</strong></span> <span class='ocrx_word' id='word_1_447' title='bbox 1288 1250 1446 1287; x_wconf 82' lang='lat' dir='ltr'><strong>appellavit,</strong></span> <span class='ocrx_word' id='word_1_448' title='bbox 1461 1251 1512 1278; x_wconf 92' lang='lat' dir='ltr'><strong>hoc</strong></span> <span class='ocrx_word' id='word_1_449' title='bbox 1522 1254 1573 1282; x_wconf 82' lang='lat' dir='ltr'><strong>est,</strong></span> <span class='ocrx_word' id='word_1_450' title='bbox 1584 1250 1634 1284; x_wconf 85' lang='grc' dir='ltr'><strong>τὴν</strong></span> <span class='ocrx_word' id='word_1_451' title='bbox 1645 1250 1701 1277; x_wconf 78' lang='grc' dir='ltr'><strong>άνω</strong></span> <span class='ocrx_word' id='word_1_452' title='bbox 1711 1249 1799 1275; x_wconf 80' lang='grc' dir='ltr'>πόλιν.</span> 
     </span>
    </p>
   </div>
   <div class='ocr_carea' id='block_1_69' title="bbox 1009 1294 1800 1332">
    <p class='ocr_par' dir='ltr' id='par_1_69' title="bbox 1009 1294 1800 1332">
     <span class='ocr_line' id='line_1_70' title="bbox 1009 1294 1800 1332; baseline -0.01 -4"><span class='ocrx_word' id='word_1_453' title='bbox 1009 1299 1080 1327; x_wconf 86' lang='lat' dir='ltr'><strong>Illud</strong></span> <span class='ocrx_word' id='word_1_454' title='bbox 1094 1305 1171 1329; x_wconf 86' lang='lat' dir='ltr'><strong>vero.</strong></span> <span class='ocrx_word' id='word_1_455' title='bbox 1189 1300 1281 1332; x_wconf 80' lang='lat' dir='ltr'><strong>tangat</strong></span> <span class='ocrx_word' id='word_1_456' title='bbox 1296 1297 1323 1323; x_wconf 78' lang='grc' dir='ltr'>ἱιι</span> <span class='ocrx_word' id='word_1_457' title='bbox 1340 1303 1474 1326; x_wconf 82' lang='lat' dir='ltr'><strong>mucrone.</strong></span> <span class='ocrx_word' id='word_1_458' title='bbox 1503 1294 1684 1330; x_wconf 81' lang='lat' dir='ltr'><strong>Symmachus</strong></span> <span class='ocrx_word' id='word_1_459' title='bbox 1710 1300 1800 1328; x_wconf 84' lang='lat' dir='ltr'><strong>expo-</strong></span> 
     </span>
    </p>
   </div>
   <div class='ocr_carea' id='block_1_70' title="bbox 1011 1339 1799 1380">
    <p class='ocr_par' dir='ltr' id='par_1_70' title="bbox 1011 1339 1799 1380">
     <span class='ocr_line' id='line_1_71' title="bbox 1011 1339 1799 1380; baseline -0.01 -7"><span class='ocrx_word' id='word_1_460' title='bbox 1011 1346 1062 1377; x_wconf 83' lang='lat' dir='ltr'><strong>nit,</strong></span> <span class='ocrx_word' id='word_1_461' title='bbox 1091 1345 1137 1380; x_wconf 85' lang='lat' dir='ltr'><strong>qui</strong></span> <span class='ocrx_word' id='word_1_462' title='bbox 1170 1342 1330 1378; x_wconf 67' lang='lat' dir='ltr'><strong>percusserit</strong></span> <span class='ocrx_word' id='word_1_463' title='bbox 1354 1340 1515 1374; x_wconf 70' lang='lat' dir='ltr'><strong>Jebusa’um,</strong></span> <span class='ocrx_word' id='word_1_464' title='bbox 1543 1345 1568 1367; x_wconf 81' lang='lat' dir='ltr'><strong>et</strong></span> <span class='ocrx_word' id='word_1_465' title='bbox 1601 1339 1799 1374; x_wconf 81' lang='lat' dir='ltr'><strong>apprehenderit</strong></span> 
     </span>
    </p>
   </div>
   <div class='ocr_carea' id='block_1_71' title="bbox 1010 1383 1799 1423">
    <p class='ocr_par' dir='ltr' id='par_1_71' title="bbox 1010 1383 1799 1423">
     <span class='ocr_line' id='line_1_72' title="bbox 1010 1383 1799 1423; baseline -0.006 -8"><span class='ocrx_word' id='word_1_466' title='bbox 1010 1389 1133 1422; x_wconf 76' lang='grc' dir='ltr'>ἔπαλξιν,</span> <span class='ocrx_word' id='word_1_467' title='bbox 1145 1389 1266 1423; x_wconf 78' lang='lat' dir='ltr'><strong>pinnam,</strong></span> <span class='ocrx_word' id='word_1_468' title='bbox 1278 1386 1304 1414; x_wconf 91' lang='lat' dir='ltr'><strong>id</strong></span> <span class='ocrx_word' id='word_1_469' title='bbox 1313 1390 1366 1418; x_wconf 84' lang='lat' dir='ltr'><strong>est,</strong></span> <span class='ocrx_word' id='word_1_470' title='bbox 1381 1393 1522 1413; x_wconf 86' lang='lat' dir='ltr'><strong>murorum</strong></span> <span class='ocrx_word' id='word_1_471' title='bbox 1539 1384 1690 1421; x_wconf 75' lang='lat' dir='ltr'><strong>fastigium.</strong></span> <span class='ocrx_word' id='word_1_472' title='bbox 1703 1383 1799 1419; x_wconf 72' lang='lat' dir='ltr'><strong>Aquila</strong></span> 
     </span>
    </p>
   </div>
   <div class='ocr_carea' id='block_1_72' title="bbox 1009 1429 1800 1468">
    <p class='ocr_par' dir='ltr' id='par_1_72' title="bbox 1009 1429 1800 1468">
     <span class='ocr_line' id='line_1_73' title="bbox 1009 1429 1800 1468; baseline -0.009 -6"><span class='ocrx_word' id='word_1_473' title='bbox 1009 1442 1086 1467; x_wconf 80' lang='lat' dir='ltr'><strong>vero,</strong></span> <span class='ocrx_word' id='word_1_474' title='bbox 1115 1434 1213 1466; x_wconf 73' lang='lat' dir='ltr'><strong>omnis,</strong></span> <span class='ocrx_word' id='word_1_475' title='bbox 1243 1433 1288 1468; x_wconf 85' lang='lat' dir='ltr'><strong>qui</strong></span> <span class='ocrx_word' id='word_1_476' title='bbox 1315 1432 1475 1467; x_wconf 68' lang='lat' dir='ltr'><strong>percusserit</strong></span> <span class='ocrx_word' id='word_1_477' title='bbox 1511 1429 1675 1461; x_wconf 72' lang='lat' dir='ltr'><strong>Jebuswum,</strong></span> <span class='ocrx_word' id='word_1_478' title='bbox 1702 1433 1730 1457; x_wconf 87' lang='lat' dir='ltr'><strong>et</strong></span> <span class='ocrx_word' id='word_1_479' title='bbox 1759 1433 1800 1455; x_wconf 80' lang='lat' dir='ltr'><strong>at-</strong></span> 
     </span>
    </p>
   </div>
   <div class='ocr_carea' id='block_1_73' title="bbox 1012 1476 1798 1515">
    <p class='ocr_par' dir='ltr' id='par_1_73' title="bbox 1012 1476 1798 1515">
     <span class='ocr_line' id='line_1_74' title="bbox 1012 1476 1798 1515; baseline -0.006 -8"><span class='ocrx_word' id='word_1_480' title='bbox 1012 1480 1104 1515; x_wconf 75' lang='lat' dir='ltr'><strong>tigerit</strong></span> <span class='ocrx_word' id='word_1_481' title='bbox 1119 1479 1148 1505; x_wconf 82' lang='grc' dir='ltr'><strong>ἐν</strong></span> <span class='ocrx_word' id='word_1_482' title='bbox 1160 1477 1329 1514; x_wconf 84' lang='grc' dir='ltr'>κρουνισμῷ,</span> <span class='ocrx_word' id='word_1_483' title='bbox 1354 1479 1381 1505; x_wconf 86' lang='lat' dir='ltr'><strong>in</strong></span> <span class='ocrx_word' id='word_1_484' title='bbox 1412 1477 1518 1510; x_wconf 79' lang='lat' dir='ltr'><strong>vertice,</strong></span> <span class='ocrx_word' id='word_1_485' title='bbox 1533 1481 1560 1504; x_wconf 89' lang='lat' dir='ltr'><strong>et</strong></span> <span class='ocrx_word' id='word_1_486' title='bbox 1584 1478 1617 1503; x_wconf 87' lang='lat' dir='ltr'><strong>ad</strong></span> <span class='ocrx_word' id='word_1_487' title='bbox 1637 1476 1798 1503; x_wconf 88' lang='lat' dir='ltr'><strong>ell&#39;usionem</strong></span> 
     </span>
    </p>
   </div>
   <div class='ocr_carea' id='block_1_74' title="bbox 1012 1523 1553 1560">
    <p class='ocr_par' dir='ltr' id='par_1_74' title="bbox 1012 1523 1553 1560">
     <span class='ocr_line' id='line_1_75' title="bbox 1012 1523 1553 1560; baseline -0.009 -6"><span class='ocrx_word' id='word_1_488' title='bbox 1012 1525 1155 1560; x_wconf 77' lang='lat' dir='ltr'><strong>sanguinis</strong></span> <span class='ocrx_word' id='word_1_489' title='bbox 1169 1531 1257 1559; x_wconf 86' lang='lat' dir='ltr'><strong>usque</strong></span> <span class='ocrx_word' id='word_1_490' title='bbox 1270 1523 1461 1559; x_wconf 84' lang='lat' dir='ltr'><strong>percutiendos</strong></span> <span class='ocrx_word' id='word_1_491' title='bbox 1474 1529 1536 1549; x_wconf 84' lang='lat' dir='ltr'><strong>esse</strong></span> <span class='ocrx_word' id='word_1_492' title='bbox 1546 1541 1553 1548; x_wconf 92' lang='lat'><strong>.</strong></span> 
     </span>
    </p>
   </div>
   <div class='ocr_carea' id='block_1_75' title="bbox 1050 1565 1799 1602">
    <p class='ocr_par' dir='ltr' id='par_1_75' title="bbox 1050 1565 1799 1602">
     <span class='ocr_line' id='line_1_76' title="bbox 1050 1565 1799 1602; baseline -0.007 -6"><span class='ocrx_word' id='word_1_493' title='bbox 1050 1571 1130 1599; x_wconf 74' lang='lat' dir='ltr'><strong>Vens.</strong></span> <span class='ocrx_word' id='word_1_494' title='bbox 1153 1569 1195 1597; x_wconf 76' lang='grc'><strong>10.</strong></span> <span class='ocrx_word' id='word_1_495' title='bbox 1211 1569 1244 1596; x_wconf 83' lang='lat' dir='ltr'><strong>Et</strong></span> <span class='ocrx_word' id='word_1_496' title='bbox 1268 1568 1398 1595; x_wconf 66' lang='lat' dir='ltr'><strong>Dominus</strong></span> <span class='ocrx_word' id='word_1_497' title='bbox 1419 1567 1582 1602; x_wconf 72' lang='lat' dir='ltr'><strong>omnipotens</strong></span> <span class='ocrx_word' id='word_1_498' title='bbox 1596 1574 1655 1592; x_wconf 82' lang='lat' dir='ltr'><strong>cum</strong></span> <span class='ocrx_word' id='word_1_499' title='bbox 1665 1573 1705 1592; x_wconf 78' lang='lat' dir='ltr'><strong>eo.</strong></span> <span class='ocrx_word' id='word_1_500' title='bbox 1724 1565 1799 1592; x_wconf 79' lang='lat' dir='ltr'><strong>Con-</strong></span> 
     </span>
    </p>
   </div>
   <div class='ocr_carea' id='block_1_76' title="bbox 1007 1608 1797 1647">
    <p class='ocr_par' dir='ltr' id='par_1_76' title="bbox 1007 1608 1797 1647">
     <span class='ocr_line' id='line_1_77' title="bbox 1007 1608 1797 1647; baseline -0.011 -1"><span class='ocrx_word' id='word_1_501' title='bbox 1007 1617 1156 1646; x_wconf 80' lang='lat' dir='ltr'><strong>fundantur</strong></span> <span class='ocrx_word' id='word_1_502' title='bbox 1186 1613 1326 1646; x_wconf 64' lang='lat' dir='ltr'><strong>hairetici;</strong></span> <span class='ocrx_word' id='word_1_503' title='bbox 1352 1608 1540 1647; x_wconf 67' lang='lat' dir='ltr'><strong>szepen&#39;umero</strong></span> <span class='ocrx_word' id='word_1_504' title='bbox 1574 1611 1648 1638; x_wconf 86' lang='lat' dir='ltr'><strong>enim</strong></span> <span class='ocrx_word' id='word_1_505' title='bbox 1673 1614 1797 1638; x_wconf 68' lang='lat' dir='ltr'><strong>sanctum</strong></span> 
     </span>
    </p>
   </div>
   <div class='ocr_carea' id='block_1_77' title="bbox 1007 1657 1478 1699">
    <p class='ocr_par' dir='ltr' id='par_1_77' title="bbox 1007 1657 1478 1699">
     <span class='ocr_line' id='line_1_78' title="bbox 1007 1657 1478 1699; baseline -0.015 -9"><span class='ocrx_word' id='word_1_506' title='bbox 1007 1663 1140 1699; x_wconf 88' lang='lat' dir='ltr'><strong>Spiritum</strong></span> <span class='ocrx_word' id='word_1_507' title='bbox 1154 1660 1208 1688; x_wconf 79' lang='lat' dir='ltr'><strong>hoc</strong></span> <span class='ocrx_word' id='word_1_508' title='bbox 1224 1658 1305 1686; x_wconf 89' lang='lat' dir='ltr'><strong>modo</strong></span> <span class='ocrx_word' id='word_1_509' title='bbox 1320 1657 1478 1693; x_wconf 79' lang='lat' dir='ltr'><strong>appellavit.</strong></span> 
     </span>
    </p>
   </div>
   <div class='ocr_carea' id='block_1_78' title="bbox 1042 1698 1800 1735">
    <p class='ocr_par' dir='ltr' id='par_1_78' title="bbox 1042 1698 1800 1735">
     <span class='ocr_line' id='line_1_79' title="bbox 1042 1698 1800 1735; baseline -0.013 0"><span class='ocrx_word' id='word_1_510' title='bbox 1042 1708 1125 1735; x_wconf 70' lang='lat' dir='ltr'><strong>Vens.</strong></span> <span class='ocrx_word' id='word_1_511' title='bbox 1144 1705 1188 1733; x_wconf 78' lang='grc'><strong>18.</strong></span> <span class='ocrx_word' id='word_1_512' title='bbox 1214 1705 1246 1732; x_wconf 84' lang='grc' dir='ltr'>1η</span> <span class='ocrx_word' id='word_1_513' title='bbox 1269 1703 1366 1732; x_wconf 79' lang='lat' dir='ltr'><strong>uallem</strong></span> <span class='ocrx_word' id='word_1_514' title='bbox 1394 1702 1531 1730; x_wconf 85' lang='lat' dir='ltr'><strong>Titanum.</strong></span> <span class='ocrx_word' id='word_1_515' title='bbox 1550 1700 1678 1735; x_wconf 72' lang='lat' dir='ltr'><strong>Gigantes</strong></span> <span class='ocrx_word' id='word_1_516' title='bbox 1704 1704 1731 1726; x_wconf 87' lang='lat' dir='ltr'><strong>et</strong></span> <span class='ocrx_word' id='word_1_517' title='bbox 1752 1698 1800 1726; x_wconf 87' lang='lat' dir='ltr'><strong>Ti-</strong></span> 
     </span>
    </p>
   </div>
   <div class='ocr_carea' id='block_1_79' title="bbox 1008 1745 1798 1784">
    <p class='ocr_par' dir='ltr' id='par_1_79' title="bbox 1008 1745 1798 1784">
     <span class='ocr_line' id='line_1_80' title="bbox 1008 1745 1798 1784; baseline -0.015 -3"><span class='ocrx_word' id='word_1_518' title='bbox 1008 1759 1089 1782; x_wconf 76' lang='lat' dir='ltr'><strong>tanas</strong></span> <span class='ocrx_word' id='word_1_519' title='bbox 1101 1750 1294 1782; x_wconf 86' lang='lat' dir='ltr'><strong>nominabant,</strong></span> <span class='ocrx_word' id='word_1_520' title='bbox 1305 1755 1375 1784; x_wconf 80' lang='lat' dir='ltr'><strong>quos</strong></span> <span class='ocrx_word' id='word_1_521' title='bbox 1387 1746 1492 1774; x_wconf 65' lang='lat' dir='ltr'><strong>Hebraei</strong></span> <span class='ocrx_word' id='word_1_522' title='bbox 1506 1745 1628 1780; x_wconf 75' lang='lat' dir='ltr'><strong>Raphain</strong></span> <span class='ocrx_word' id='word_1_523' title='bbox 1647 1745 1798 1780; x_wconf 81' lang='lat' dir='ltr'><strong>appellant.</strong></span> 
     </span>
    </p>
   </div>
   <div class='ocr_carea' id='block_1_80' title="bbox 1007 1792 1799 1826">
    <p class='ocr_par' dir='ltr' id='par_1_80' title="bbox 1007 1792 1799 1826">
     <span class='ocr_line' id='line_1_81' title="bbox 1007 1792 1799 1826; baseline -0.013 0"><span class='ocrx_word' id='word_1_524' title='bbox 1007 1799 1088 1826; x_wconf 90' lang='lat' dir='ltr'><strong>Tales</strong></span> <span class='ocrx_word' id='word_1_525' title='bbox 1113 1797 1187 1824; x_wconf 84' lang='lat' dir='ltr'><strong>viros</strong></span> <span class='ocrx_word' id='word_1_526' title='bbox 1204 1794 1323 1826; x_wconf 86' lang='lat' dir='ltr'><strong>Hebron,</strong></span> <span class='ocrx_word' id='word_1_527' title='bbox 1347 1798 1374 1821; x_wconf 86' lang='lat' dir='ltr'><strong>et</strong></span> <span class='ocrx_word' id='word_1_528' title='bbox 1393 1793 1461 1821; x_wconf 82' lang='lat' dir='ltr'><strong>Getll</strong></span> <span class='ocrx_word' id='word_1_529' title='bbox 1486 1792 1590 1825; x_wconf 71' lang='lat' dir='ltr'><strong>habuit,</strong></span> <span class='ocrx_word' id='word_1_530' title='bbox 1618 1798 1651 1818; x_wconf 83' lang='lat' dir='ltr'><strong>ex</strong></span> <span class='ocrx_word' id='word_1_531' title='bbox 1681 1797 1799 1825; x_wconf 88' lang='lat' dir='ltr'><strong>quorum</strong></span> 
     </span>
    </p>
   </div>
   <div class='ocr_carea' id='block_1_81' title="bbox 1007 1835 1799 1872">
    <p class='ocr_par' dir='ltr' id='par_1_81' title="bbox 1007 1835 1799 1872">
     <span class='ocr_line' id='line_1_82' title="bbox 1007 1835 1799 1872; baseline -0.013 -1"><span class='ocrx_word' id='word_1_532' title='bbox 1007 1850 1124 1872; x_wconf 91' lang='lat' dir='ltr'><strong>numero</strong></span> <span class='ocrx_word' id='word_1_533' title='bbox 1138 1842 1220 1869; x_wconf 86' lang='lat' dir='ltr'><strong>etiam</strong></span> <span class='ocrx_word' id='word_1_534' title='bbox 1232 1839 1342 1867; x_wconf 80' lang='lat' dir='ltr'><strong>Goliatli</strong></span> <span class='ocrx_word' id='word_1_535' title='bbox 1355 1838 1416 1870; x_wconf 82' lang='lat' dir='ltr'><strong>fuit,</strong></span> <span class='ocrx_word' id='word_1_536' title='bbox 1430 1841 1458 1865; x_wconf 85' lang='lat' dir='ltr'><strong>et</strong></span> <span class='ocrx_word' id='word_1_537' title='bbox 1470 1836 1582 1865; x_wconf 81' lang='lat' dir='ltr'><strong>Davidis</strong></span> <span class='ocrx_word' id='word_1_538' title='bbox 1601 1835 1799 1866; x_wconf 80' lang='lat' dir='ltr'><strong>strenuissimi.</strong></span> 
     </span>
    </p>
   </div>
   <div class='ocr_carea' id='block_1_82' title="bbox 1007 1880 1800 1926">
    <p class='ocr_par' dir='ltr' id='par_1_82' title="bbox 1007 1880 1800 1926">
     <span class='ocr_line' id='line_1_83' title="bbox 1007 1880 1800 1926; baseline -0.015 -8"><span class='ocrx_word' id='word_1_539' title='bbox 1007 1896 1125 1926; x_wconf 90' lang='lat' dir='ltr'><strong>quorum</strong></span> <span class='ocrx_word' id='word_1_540' title='bbox 1138 1886 1327 1914; x_wconf 80' lang='lat' dir='ltr'><strong>fortitudinem</strong></span> <span class='ocrx_word' id='word_1_541' title='bbox 1346 1884 1489 1919; x_wconf 87' lang='lat' dir='ltr'><strong>Scriptura</strong></span> <span class='ocrx_word' id='word_1_542' title='bbox 1505 1883 1668 1914; x_wconf 75' lang='lat' dir='ltr'><strong>admiratur,</strong></span> <span class='ocrx_word' id='word_1_543' title='bbox 1684 1884 1712 1907; x_wconf 91' lang='lat' dir='ltr'><strong>et</strong></span> <span class='ocrx_word' id='word_1_544' title='bbox 1726 1880 1800 1907; x_wconf 84' lang='lat' dir='ltr'><strong>cele-</strong></span> 
     </span>
    </p>
   </div>
   <div class='ocr_carea' id='block_1_83' title="bbox 1006 1924 1799 1964">
    <p class='ocr_par' dir='ltr' id='par_1_83' title="bbox 1006 1924 1799 1964">
     <span class='ocr_line' id='line_1_84' title="bbox 1006 1924 1799 1964; baseline -0.014 -2"><span class='ocrx_word' id='word_1_545' title='bbox 1006 1924 1083 1962; x_wconf 81' lang='lat' dir='ltr'><strong>brat:</strong></span> <span class='ocrx_word' id='word_1_546' title='bbox 1100 1930 1244 1959; x_wconf 86' lang='lat' dir='ltr'><strong>Probabile</strong></span> <span class='ocrx_word' id='word_1_547' title='bbox 1276 1929 1359 1964; x_wconf 78' lang='lat' dir='ltr'><strong>igitur</strong></span> <span class='ocrx_word' id='word_1_548' title='bbox 1372 1932 1414 1955; x_wconf 84' lang='lat' dir='ltr'><strong>est</strong></span> <span class='ocrx_word' id='word_1_549' title='bbox 1427 1928 1476 1955; x_wconf 87' lang='lat' dir='ltr'><strong>hoc</strong></span> <span class='ocrx_word' id='word_1_550' title='bbox 1491 1927 1518 1954; x_wconf 91' lang='lat' dir='ltr'><strong>in</strong></span> <span class='ocrx_word' id='word_1_551' title='bbox 1531 1927 1590 1954; x_wconf 91' lang='lat' dir='ltr'><strong>loco</strong></span> <span class='ocrx_word' id='word_1_552' title='bbox 1610 1926 1674 1953; x_wconf 88' lang='lat' dir='ltr'><strong>olim</strong></span> <span class='ocrx_word' id='word_1_553' title='bbox 1689 1924 1799 1960; x_wconf 88' lang='lat' dir='ltr'><strong>aliquod</strong></span> 
     </span>
    </p>
   </div>
   <div class='ocr_carea' id='block_1_84' title="bbox 1007 1969 1796 2010">
    <p class='ocr_par' dir='ltr' id='par_1_84' title="bbox 1007 1969 1796 2010">
     <span class='ocr_line' id='line_1_85' title="bbox 1007 1969 1796 2010; baseline -0.011 -5"><span class='ocrx_word' id='word_1_554' title='bbox 1007 1978 1041 2005; x_wconf 92' lang='lat' dir='ltr'><strong>ab</strong></span> <span class='ocrx_word' id='word_1_555' title='bbox 1070 1977 1124 2004; x_wconf 90' lang='lat' dir='ltr'><strong>illis</strong></span> <span class='ocrx_word' id='word_1_556' title='bbox 1160 1975 1283 2010; x_wconf 67' lang='lat' dir='ltr'><strong>praelium</strong></span> <span class='ocrx_word' id='word_1_557' title='bbox 1301 1972 1478 2000; x_wconf 76' lang='lat' dir='ltr'><strong>commissum</strong></span> <span class='ocrx_word' id='word_1_558' title='bbox 1512 1978 1583 2004; x_wconf 87' lang='lat' dir='ltr'><strong>esse,</strong></span> <span class='ocrx_word' id='word_1_559' title='bbox 1601 1978 1616 1997; x_wconf 88' lang='lat' dir='ltr'><strong>a</strong></span> <span class='ocrx_word' id='word_1_560' title='bbox 1639 1977 1693 2005; x_wconf 76' lang='lat' dir='ltr'><strong>quo</strong></span> <span class='ocrx_word' id='word_1_561' title='bbox 1717 1969 1796 1997; x_wconf 86' lang='lat' dir='ltr'><strong>locus</strong></span> 
     </span>
    </p>
   </div>
   <div class='ocr_carea' id='block_1_85' title="bbox 1007 2015 1342 2057">
    <p class='ocr_par' dir='ltr' id='par_1_85' title="bbox 1007 2015 1342 2057">
     <span class='ocr_line' id='line_1_86' title="bbox 1007 2015 1342 2057; baseline -0.018 -6"><span class='ocrx_word' id='word_1_562' title='bbox 1007 2023 1048 2051; x_wconf 83' lang='lat' dir='ltr'><strong>sic</strong></span> <span class='ocrx_word' id='word_1_563' title='bbox 1063 2015 1271 2057; x_wconf 75' lang='lat' dir='ltr'><strong>cognominatus</strong></span> <span class='ocrx_word' id='word_1_564' title='bbox 1285 2022 1342 2046; x_wconf 85' lang='lat' dir='ltr'><strong>est.</strong></span> 
     </span>
    </p>
   </div>
   <div class='ocr_carea' id='block_1_86' title="bbox 1052 2059 1798 2097">
    <p class='ocr_par' dir='ltr' id='par_1_86' title="bbox 1052 2059 1798 2097">
     <span class='ocr_line' id='line_1_87' title="bbox 1052 2059 1798 2097; baseline -0.011 -3"><span class='ocrx_word' id='word_1_565' title='bbox 1052 2066 1138 2094; x_wconf 72' lang='lat' dir='ltr'><strong>Vsus.</strong></span> <span class='ocrx_word' id='word_1_566' title='bbox 1157 2065 1203 2092; x_wconf 70' lang='grc'><strong>90.</strong></span> <span class='ocrx_word' id='word_1_567' title='bbox 1222 2063 1256 2091; x_wconf 88' lang='grc' dir='ltr'><strong>Ει</strong></span> <span class='ocrx_word' id='word_1_568' title='bbox 1275 2063 1361 2091; x_wconf 71' lang='lat' dir='ltr'><strong>aderis</strong></span> <span class='ocrx_word' id='word_1_569' title='bbox 1375 2062 1413 2090; x_wconf 64' lang='lat' dir='ltr'><strong>eis</strong></span> <span class='ocrx_word' id='word_1_570' title='bbox 1425 2069 1505 2097; x_wconf 74' lang='lat' dir='ltr'><strong>prope</strong></span> <span class='ocrx_word' id='word_1_571' title='bbox 1517 2062 1624 2096; x_wconf 81' lang='lat' dir='ltr'><strong>ﬂetum.</strong></span> <span class='ocrx_word' id='word_1_572' title='bbox 1643 2060 1740 2096; x_wconf 78' lang='lat' dir='ltr'><strong>Aquila</strong></span> <span class='ocrx_word' id='word_1_573' title='bbox 1764 2059 1798 2087; x_wconf 83' lang='lat' dir='ltr'><strong>ad</strong></span> 
     </span>
    </p>
   </div>
   <div class='ocr_carea' id='block_1_87' title="bbox 1006 2105 1798 2141">
    <p class='ocr_par' dir='ltr' id='par_1_87' title="bbox 1006 2105 1798 2141">
     <span class='ocr_line' id='line_1_88' title="bbox 1006 2105 1798 2141; baseline -0.008 -2"><span class='ocrx_word' id='word_1_574' title='bbox 1006 2112 1080 2140; x_wconf 86' lang='lat' dir='ltr'><strong>hunc</strong></span> <span class='ocrx_word' id='word_1_575' title='bbox 1099 2110 1220 2140; x_wconf 88' lang='lat' dir='ltr'><strong>modum.</strong></span> <span class='ocrx_word' id='word_1_576' title='bbox 1236 2109 1266 2141; x_wconf 79' lang='grc' dir='ltr'><strong>ἐξ</strong></span> <span class='ocrx_word' id='word_1_577' title='bbox 1283 2108 1407 2140; x_wconf 72' lang='grc' dir='ltr'>ἐναντίας</span> <span class='ocrx_word' id='word_1_578' title='bbox 1423 2107 1478 2134; x_wconf 82' lang='grc' dir='ltr'>τῶν</span> <span class='ocrx_word' id='word_1_579' title='bbox 1504 2107 1604 2139; x_wconf 80' lang='grc' dir='ltr'>ἀπίων,</span> <span class='ocrx_word' id='word_1_580' title='bbox 1633 2114 1666 2133; x_wconf 76' lang='lat' dir='ltr'><strong>ea:</strong></span> <span class='ocrx_word' id='word_1_581' title='bbox 1689 2105 1798 2133; x_wconf 71' lang='lat' dir='ltr'><strong>adrerso</strong></span> 
     </span>
    </p>
   </div>
   <div class='ocr_carea' id='block_1_88' title="bbox 1006 2152 1798 2192">
    <p class='ocr_par' dir='ltr' id='par_1_88' title="bbox 1006 2152 1798 2192">
     <span class='ocr_line' id='line_1_89' title="bbox 1006 2152 1798 2192; baseline -0.009 -8"><span class='ocrx_word' id='word_1_582' title='bbox 1006 2164 1151 2192; x_wconf 81' lang='lat' dir='ltr'><strong>pyrorum.</strong></span> <span class='ocrx_word' id='word_1_583' title='bbox 1180 2155 1271 2182; x_wconf 85' lang='lat' dir='ltr'><strong>Veluti</strong></span> <span class='ocrx_word' id='word_1_584' title='bbox 1307 2153 1476 2189; x_wconf 78' lang='lat' dir='ltr'><strong>pzedotriba,</strong></span> <span class='ocrx_word' id='word_1_585' title='bbox 1511 2153 1544 2180; x_wconf 82' lang='lat' dir='ltr'><strong>ad</strong></span> <span class='ocrx_word' id='word_1_586' title='bbox 1570 2153 1685 2179; x_wconf 75' lang='grc' dir='ltr'>νὶιυιι-ιιι</span> <span class='ocrx_word' id='word_1_587' title='bbox 1710 2152 1798 2184; x_wconf 54' lang='grc' dir='ltr'>ἱιιειηιη</span> 
     </span>
    </p>
   </div>
   <div class='ocr_carea' id='block_1_89' title="bbox 176 2195 959 2238">
    <p class='ocr_par' dir='ltr' id='par_1_89' title="bbox 176 2198 956 2235">
     <span class='ocr_line' id='line_1_90' title="bbox 176 2198 956 2235; baseline 0.001 -11"><span class='ocrx_word' id='word_1_588' title='bbox 176 2199 205 2234; x_wconf 80' lang='grc' dir='ltr'>τῇ</span> <span class='ocrx_word' id='word_1_589' title='bbox 219 2198 306 2234; x_wconf 76' lang='grc' dir='ltr'>οἰκείᾳ</span> <span class='ocrx_word' id='word_1_590' title='bbox 318 2198 431 2234; x_wconf 78' lang='grc' dir='ltr'>δυνάμει</span> <span class='ocrx_word' id='word_1_591' title='bbox 449 2199 572 2235; x_wconf 71' lang='grc' dir='ltr'>θαρρεῖν,</span> <span class='ocrx_word' id='word_1_592' title='bbox 595 2199 645 2234; x_wconf 83' lang='grc' dir='ltr'><strong>τὴν</strong></span> <span class='ocrx_word' id='word_1_593' title='bbox 667 2199 698 2226; x_wconf 74' lang='grc' dir='ltr'>δὲ</span> <span class='ocrx_word' id='word_1_594' title='bbox 720 2199 796 2226; x_wconf 84' lang='grc' dir='ltr'>θείαν</span> <span class='ocrx_word' id='word_1_595' title='bbox 811 2198 956 2233; x_wconf 83' lang='grc' dir='ltr'>ἀναμένειν</span> 
     </span>
    </p>
   </div>
   <div class='ocr_carea' id='block_1_90' title="bbox 1008 2195 1797 2238">
    <p class='ocr_par' dir='ltr' id='par_1_90' title="bbox 1008 2195 1797 2236">
     <span class='ocr_line' id='line_1_91' title="bbox 1008 2195 1797 2236; baseline -0.008 -8"><span class='ocrx_word' id='word_1_596' title='bbox 1008 2200 1303 2236; x_wconf 60' lang='grc' dir='ltr'>ὶηυηείιγοᾶίιοισιοιιε,</span> <span class='ocrx_word' id='word_1_597' title='bbox 1320 2207 1354 2227; x_wconf 91' lang='lat' dir='ltr'><strong>ne</strong></span> <span class='ocrx_word' id='word_1_598' title='bbox 1367 2197 1488 2234; x_wconf 81' lang='lat' dir='ltr'><strong>propriis</strong></span> <span class='ocrx_word' id='word_1_599' title='bbox 1497 2197 1602 2225; x_wconf 85' lang='lat' dir='ltr'><strong>viribus</strong></span> <span class='ocrx_word' id='word_1_600' title='bbox 1612 2196 1738 2229; x_wconf 84' lang='lat' dir='ltr'><strong>contldat,</strong></span> <span class='ocrx_word' id='word_1_601' title='bbox 1749 2195 1797 2223; x_wconf 84' lang='lat' dir='ltr'><strong>sed</strong></span> 
     </span>
    </p>
   </div>
   <div class='ocr_carea' id='block_1_91' title="bbox 173 2244 346 2280">
    <p class='ocr_par' dir='ltr' id='par_1_91' title="bbox 173 2244 346 2280">
     <span class='ocr_line' id='line_1_92' title="bbox 173 2244 346 2280; baseline -0.006 -9"><span class='ocrx_word' id='word_1_602' title='bbox 173 2244 346 2280; x_wconf 69' lang='lat' dir='ltr'><strong>imxoupiav.</strong></span> 
     </span>
    </p>
   </div>
   <div class='ocr_carea' id='block_1_92' title="bbox 476 2289 661 2317">
    <p class='ocr_par' dir='ltr' id='par_1_92' title="bbox 476 2289 661 2317">
     <span class='ocr_line' id='line_1_93' title="bbox 476 2289 661 2317; baseline 0.005 -1"><span class='ocrx_word' id='word_1_603' title='bbox 476 2289 601 2317; x_wconf 74' lang='grc' dir='ltr'><strong>ΚΕΦΑΛ.</strong></span> <span class='ocrx_word' id='word_1_604' title='bbox 622 2289 661 2317; x_wconf 88' lang='grc' dir='ltr'><strong>Ε’.</strong></span> 
     </span>
    </p>
   </div>
   <div class='ocr_carea' id='block_1_93' title="bbox 214 2333 957 2370">
    <p class='ocr_par' dir='ltr' id='par_1_93' title="bbox 214 2333 957 2370">
     <span class='ocr_line' id='line_1_94' title="bbox 214 2333 957 2370; baseline 0.003 -9"><span class='ocrx_word' id='word_1_605' title='bbox 214 2333 285 2361; x_wconf 73' lang='grc' dir='ltr'><strong>Ἀπὸ</strong></span> <span class='ocrx_word' id='word_1_606' title='bbox 300 2334 359 2362; x_wconf 78' lang='grc' dir='ltr'><strong>τῶν</strong></span> <span class='ocrx_word' id='word_1_607' title='bbox 371 2334 525 2370; x_wconf 78' lang='grc' dir='ltr'><strong>ἀρχόντων</strong></span> <span class='ocrx_word' id='word_1_608' title='bbox 541 2335 649 2364; x_wconf 81' lang='grc' dir='ltr'>Ἰούδα.</span> <span class='ocrx_word' id='word_1_609' title='bbox 670 2335 797 2369; x_wconf 81' lang='grc' dir='ltr'>Ἀκύλας,</span> <span class='ocrx_word' id='word_1_610' title='bbox 812 2336 873 2364; x_wconf 81' lang='grc' dir='ltr'><strong>ἀπὸ</strong></span> <span class='ocrx_word' id='word_1_611' title='bbox 897 2336 957 2364; x_wconf 79' lang='grc' dir='ltr'><strong>τῶν</strong></span> 
     </span>
    </p>
   </div>
   <div class='ocr_carea' id='block_1_94' title="bbox 172 2379 283 2413">
    <p class='ocr_par' dir='ltr' id='par_1_94' title="bbox 172 2379 283 2413">
     <span class='ocr_line' id='line_1_95' title="bbox 172 2379 283 2413; baseline 0 -7"><span class='ocrx_word' id='word_1_612' title='bbox 172 2379 283 2413; x_wconf 82' lang='grc' dir='ltr'>ιερέων.</span> 
     </span>
    </p>
   </div>
   <div class='ocr_carea' id='block_1_95' title="bbox 207 2424 954 2462">
    <p class='ocr_par' dir='ltr' id='par_1_95' title="bbox 207 2424 954 2462">
     <span class='ocr_line' id='line_1_96' title="bbox 207 2424 954 2462; baseline 0.004 -10"><span class='ocrx_word' id='word_1_613' title='bbox 207 2424 262 2452; x_wconf 88' lang='lat' dir='ltr'><strong>Kal</strong></span> <span class='ocrx_word' id='word_1_614' title='bbox 277 2424 348 2459; x_wconf 66' lang='grc' dir='ltr'><strong>Ὸζὶὶ,</strong></span> <span class='ocrx_word' id='word_1_615' title='bbox 367 2426 416 2453; x_wconf 83' lang='grc' dir='ltr'><strong>καί</strong></span> <span class='ocrx_word' id='word_1_616' title='bbox 425 2427 452 2453; x_wconf 83' lang='grc' dir='ltr'>οι</span> <span class='ocrx_word' id='word_1_617' title='bbox 466 2426 592 2461; x_wconf 69' lang='grc' dir='ltr'>ἀδελφοί</span> <span class='ocrx_word' id='word_1_618' title='bbox 602 2426 693 2460; x_wconf 79' lang='grc' dir='ltr'>αὐτῷ,</span> <span class='ocrx_word' id='word_1_619' title='bbox 713 2427 771 2454; x_wconf 82' lang='lat' dir='ltr'><strong>vlol</strong></span> <span class='ocrx_word' id='word_1_620' title='bbox 785 2427 954 2462; x_wconf 76' lang='grc' dir='ltr'>Ἀμιναδάϐ.</span> 
     </span>
    </p>
   </div>
   <div class='ocr_carea' id='block_1_96' title="bbox 172 2470 956 2509">
    <p class='ocr_par' dir='ltr' id='par_1_96' title="bbox 172 2470 956 2509">
     <span class='ocr_line' id='line_1_97' title="bbox 172 2470 956 2509; baseline 0.006 -13"><span class='ocrx_word' id='word_1_621' title='bbox 172 2470 251 2502; x_wconf 72' lang='grc' dir='ltr'>Τινίς</span> <span class='ocrx_word' id='word_1_622' title='bbox 267 2480 333 2506; x_wconf 83' lang='grc' dir='ltr'>φασι</span> <span class='ocrx_word' id='word_1_623' title='bbox 348 2471 394 2499; x_wconf 78' lang='grc' dir='ltr'>τὸν</span> <span class='ocrx_word' id='word_1_624' title='bbox 419 2472 484 2505; x_wconf 80' lang='grc' dir='ltr'><strong>Ὀζά</strong></span> <span class='ocrx_word' id='word_1_625' title='bbox 515 2474 681 2509; x_wconf 82' lang='grc' dir='ltr'>προπετείας</span> <span class='ocrx_word' id='word_1_626' title='bbox 705 2473 795 2501; x_wconf 90' lang='grc' dir='ltr'>δοῦναι</span> <span class='ocrx_word' id='word_1_627' title='bbox 815 2474 904 2509; x_wconf 87' lang='grc' dir='ltr'>δίκην,</span> <span class='ocrx_word' id='word_1_628' title='bbox 917 2475 956 2506; x_wconf 81' lang='grc' dir='ltr'>ὡς</span> 
     </span>
    </p>
   </div>
   <div class='ocr_carea' id='block_1_97' title="bbox 173 2514 955 2553">
    <p class='ocr_par' dir='ltr' id='par_1_97' title="bbox 173 2514 955 2553">
     <span class='ocr_line' id='line_1_98' title="bbox 173 2514 955 2553; baseline 0.006 -13"><span class='ocrx_word' id='word_1_629' title='bbox 173 2514 311 2547; x_wconf 73' lang='grc' dir='ltr'>ἐπαμῦναι</span> <span class='ocrx_word' id='word_1_630' title='bbox 324 2515 488 2551; x_wconf 85' lang='grc' dir='ltr'>πειραθέντα</span> <span class='ocrx_word' id='word_1_631' title='bbox 501 2519 533 2552; x_wconf 87' lang='grc' dir='ltr'><strong>τῇ</strong></span> <span class='ocrx_word' id='word_1_632' title='bbox 547 2517 657 2553; x_wconf 84' lang='grc' dir='ltr'>κιϐωτῷ</span> <span class='ocrx_word' id='word_1_633' title='bbox 668 2525 676 2533; x_wconf 72' lang='grc' dir='ltr'><strong><em>ο</em></strong></span> <span class='ocrx_word' id='word_1_634' title='bbox 690 2518 707 2553; x_wconf 75' lang='grc' dir='ltr'>ἢ</span> <span class='ocrx_word' id='word_1_635' title='bbox 720 2518 822 2550; x_wconf 83' lang='grc' dir='ltr'>παντὸς</span> <span class='ocrx_word' id='word_1_636' title='bbox 830 2518 878 2545; x_wconf 89' lang='grc' dir='ltr'><strong>τοῦ</strong></span> <span class='ocrx_word' id='word_1_637' title='bbox 889 2518 955 2546; x_wconf 84' lang='grc' dir='ltr'>λαοῦ</span> 
     </span>
    </p>
   </div>
   <div class='ocr_carea' id='block_1_98' title="bbox 175 2561 954 2599">
    <p class='ocr_par' dir='ltr' id='par_1_98' title="bbox 175 2561 954 2599">
     <span class='ocr_line' id='line_1_99' title="bbox 175 2561 954 2599; baseline 0.006 -14"><span class='ocrx_word' id='word_1_638' title='bbox 175 2561 403 2595; x_wconf 73' lang='grc' dir='ltr'>προστατεύουσα,</span> <span class='ocrx_word' id='word_1_639' title='bbox 419 2562 469 2596; x_wconf 85' lang='grc' dir='ltr'>τῆς</span> <span class='ocrx_word' id='word_1_640' title='bbox 485 2562 587 2598; x_wconf 76' lang='grc' dir='ltr'>ἑτέρων</span> <span class='ocrx_word' id='word_1_641' title='bbox 599 2562 758 2598; x_wconf 71' lang='grc' dir='ltr'>ἐπικουρίας</span> <span class='ocrx_word' id='word_1_642' title='bbox 770 2563 820 2590; x_wconf 80' lang='grc' dir='ltr'>οὐκ</span> <span class='ocrx_word' id='word_1_643' title='bbox 829 2562 954 2599; x_wconf 76' lang='grc' dir='ltr'><strong>ἐχρηζεν.</strong></span> 
     </span>
    </p>
   </div>
   <div class='ocr_carea' id='block_1_99' title="bbox 179 2605 956 2644">
    <p class='ocr_par' dir='ltr' id='par_1_99' title="bbox 179 2605 956 2644">
     <span class='ocr_line' id='line_1_100' title="bbox 179 2605 956 2644; baseline 0.006 -13"><span class='ocrx_word' id='word_1_644' title='bbox 179 2605 309 2640; x_wconf 84' lang='grc' dir='ltr'>Ἰώσηπος</span> <span class='ocrx_word' id='word_1_645' title='bbox 320 2607 349 2633; x_wconf 75' lang='grc' dir='ltr'>δέ</span> <span class='ocrx_word' id='word_1_646' title='bbox 364 2615 456 2642; x_wconf 81' lang='grc' dir='ltr'>φησιν,</span> <span class='ocrx_word' id='word_1_647' title='bbox 485 2608 590 2644; x_wconf 74' lang='grc' dir='ltr'>ἐπειδὴ,</span> <span class='ocrx_word' id='word_1_648' title='bbox 607 2609 723 2644; x_wconf 73' lang='grc' dir='ltr'>Λευίτης</span> <span class='ocrx_word' id='word_1_649' title='bbox 746 2610 795 2635; x_wconf 81' lang='grc' dir='ltr'>οὐκ</span> <span class='ocrx_word' id='word_1_650' title='bbox 815 2608 863 2640; x_wconf 81' lang='grc' dir='ltr'><strong>ὢν,</strong></span> <span class='ocrx_word' id='word_1_651' title='bbox 879 2609 956 2636; x_wconf 85' lang='grc' dir='ltr'>ὲτόλ-</span> 
     </span>
    </p>
   </div>
   <div class='ocr_carea' id='block_1_100' title="bbox 174 2650 956 2688">
    <p class='ocr_par' dir='ltr' id='par_1_100' title="bbox 174 2650 956 2688">
     <span class='ocr_line' id='line_1_101' title="bbox 174 2650 956 2688; baseline 0.005 -12"><span class='ocrx_word' id='word_1_652' title='bbox 174 2657 260 2684; x_wconf 81' lang='grc' dir='ltr'>μησεν</span> <span class='ocrx_word' id='word_1_653' title='bbox 272 2650 392 2686; x_wconf 70' lang='grc' dir='ltr'>ἅψασθαι</span> <span class='ocrx_word' id='word_1_654' title='bbox 408 2651 459 2686; x_wconf 85' lang='grc' dir='ltr'>τῆς</span> <span class='ocrx_word' id='word_1_655' title='bbox 475 2652 593 2679; x_wconf 78' lang='grc' dir='ltr'>κιϐωτοῦ</span> <span class='ocrx_word' id='word_1_656' title='bbox 609 2660 617 2667; x_wconf 85' lang='grc'><strong>’</strong></span> <span class='ocrx_word' id='word_1_657' title='bbox 632 2653 721 2679; x_wconf 78' lang='grc' dir='ltr'>καίτοι</span> <span class='ocrx_word' id='word_1_658' title='bbox 739 2653 786 2680; x_wconf 90' lang='grc' dir='ltr'><strong>τοῦ</strong></span> <span class='ocrx_word' id='word_1_659' title='bbox 807 2653 956 2688; x_wconf 81' lang='grc' dir='ltr'>’Δμιναδὰϐ</span> 
     </span>
    </p>
   </div>
   <div class='ocr_carea' id='block_1_101' title="bbox 127 2692 956 2735">
    <p class='ocr_par' dir='ltr' id='par_1_101' title="bbox 127 2692 956 2735">
     <span class='ocr_line' id='line_1_102' title="bbox 127 2692 956 2735; baseline 0.006 -14"><span class='ocrx_word' id='word_1_660' title='bbox 127 2731 130 2734; x_wconf 86' lang='lat'><em>_</em></span> <span class='ocrx_word' id='word_1_661' title='bbox 173 2692 205 2730; x_wconf 68' lang='grc' dir='ltr'><strong>ἦν</strong></span> <span class='ocrx_word' id='word_1_662' title='bbox 219 2695 288 2728; x_wconf 76' lang='grc' dir='ltr'>υίὸς,</span> <span class='ocrx_word' id='word_1_663' title='bbox 313 2693 336 2730; x_wconf 81' lang='grc' dir='ltr'>ᾧ</span> <span class='ocrx_word' id='word_1_664' title='bbox 359 2697 516 2732; x_wconf 74' lang='grc' dir='ltr'>παρέδοσαν</span> <span class='ocrx_word' id='word_1_665' title='bbox 531 2698 579 2733; x_wconf 83' lang='grc' dir='ltr'><strong>τὴν</strong></span> <span class='ocrx_word' id='word_1_666' title='bbox 596 2698 714 2725; x_wconf 74' lang='grc' dir='ltr'>κιϐωτὸν</span> <span class='ocrx_word' id='word_1_667' title='bbox 735 2699 760 2725; x_wconf 85' lang='grc' dir='ltr'><strong>οί</strong></span> <span class='ocrx_word' id='word_1_668' title='bbox 778 2699 832 2726; x_wconf 78' lang='grc' dir='ltr'><strong>ἀπὸ</strong></span> <span class='ocrx_word' id='word_1_669' title='bbox 848 2699 956 2735; x_wconf 75' lang='grc' dir='ltr'>Βηθσα-</span> 
     </span>
    </p>
   </div>
   <div class='ocr_carea' id='block_1_102' title="bbox 174 2741 955 2779">
    <p class='ocr_par' dir='ltr' id='par_1_102' title="bbox 174 2741 955 2779">
     <span class='ocr_line' id='line_1_103' title="bbox 174 2741 955 2779; baseline 0.004 -12"><span class='ocrx_word' id='word_1_670' title='bbox 174 2741 238 2775; x_wconf 77' lang='grc' dir='ltr'>μὺς,</span> <span class='ocrx_word' id='word_1_671' title='bbox 255 2741 402 2776; x_wconf 80' lang='grc' dir='ltr'>ἀφεθεῖσαν</span> <span class='ocrx_word' id='word_1_672' title='bbox 416 2742 468 2769; x_wconf 81' lang='grc' dir='ltr'><strong>ὑπὸ</strong></span> <span class='ocrx_word' id='word_1_673' title='bbox 487 2742 542 2769; x_wconf 82' lang='grc' dir='ltr'>τῶν</span> <span class='ocrx_word' id='word_1_674' title='bbox 564 2741 731 2777; x_wconf 79' lang='grc' dir='ltr'>ἀλλοφύλων,</span> <span class='ocrx_word' id='word_1_675' title='bbox 744 2742 793 2777; x_wconf 76' lang='grc' dir='ltr'>τῆς</span> <span class='ocrx_word' id='word_1_676' title='bbox 810 2743 955 2779; x_wconf 81' lang='grc' dir='ltr'>Λευῖτικῆς</span> 
     </span>
    </p>
   </div>
   <div class='ocr_carea' id='block_1_103' title="bbox 172 2785 956 2823">
    <p class='ocr_par' dir='ltr' id='par_1_103' title="bbox 172 2785 956 2823">
     <span class='ocr_line' id='line_1_104' title="bbox 172 2785 956 2823; baseline 0.005 -12"><span class='ocrx_word' id='word_1_677' title='bbox 172 2785 229 2811; x_wconf 76' lang='grc' dir='ltr'>δντι</span> <span class='ocrx_word' id='word_1_678' title='bbox 243 2786 341 2821; x_wconf 83' lang='grc' dir='ltr'>φυλῆς,</span> <span class='ocrx_word' id='word_1_679' title='bbox 358 2787 439 2822; x_wconf 83' lang='grc' dir='ltr'>Λέγει</span> <span class='ocrx_word' id='word_1_680' title='bbox 451 2787 505 2823; x_wconf 85' lang='grc' dir='ltr'><strong>γὰρ</strong></span> <span class='ocrx_word' id='word_1_681' title='bbox 516 2788 534 2822; x_wconf 79' lang='grc' dir='ltr'><strong>ἡ</strong></span> <span class='ocrx_word' id='word_1_682' title='bbox 549 2787 656 2822; x_wconf 76' lang='grc' dir='ltr'>Γραφὴ,</span> <span class='ocrx_word' id='word_1_683' title='bbox 677 2796 686 2813; x_wconf 89' lang='grc'><em>‹</em></span> <span class='ocrx_word' id='word_1_684' title='bbox 703 2788 831 2822; x_wconf 81' lang='grc' dir='ltr'>Ἠγίασεν</span> <span class='ocrx_word' id='word_1_685' title='bbox 843 2788 888 2815; x_wconf 81' lang='grc' dir='ltr'>τὸν</span> <span class='ocrx_word' id='word_1_686' title='bbox 898 2789 956 2816; x_wconf 78' lang='grc' dir='ltr'>υίδν</span> 
     </span>
    </p>
   </div>
   <div class='ocr_carea' id='block_1_104' title="bbox 173 2827 956 2868">
    <p class='ocr_par' dir='ltr' id='par_1_104' title="bbox 173 2827 956 2868">
     <span class='ocr_line' id='line_1_105' title="bbox 173 2827 956 2868; baseline 0.009 -14"><span class='ocrx_word' id='word_1_687' title='bbox 173 2827 255 2855; x_wconf 80' lang='grc' dir='ltr'>αὐτοῦ</span> <span class='ocrx_word' id='word_1_688' title='bbox 276 2829 416 2866; x_wconf 81' lang='grc' dir='ltr'>Ἐλεάζαρ,</span> <span class='ocrx_word' id='word_1_689' title='bbox 442 2831 589 2866; x_wconf 79' lang='grc' dir='ltr'>φυλάσσειν</span> <span class='ocrx_word' id='word_1_690' title='bbox 612 2831 662 2866; x_wconf 84' lang='grc' dir='ltr'>τὴν</span> <span class='ocrx_word' id='word_1_691' title='bbox 687 2831 802 2859; x_wconf 81' lang='grc' dir='ltr'>κιϐωτὸν</span> <span class='ocrx_word' id='word_1_692' title='bbox 823 2832 956 2868; x_wconf 82' lang='grc' dir='ltr'>διαθήκης</span> 
     </span>
    </p>
   </div>
   <div class='ocr_carea' id='block_1_105' title="bbox 1009 2245 1452 2279">
    <p class='ocr_par' dir='ltr' id='par_1_105' title="bbox 1009 2245 1452 2279">
     <span class='ocr_line' id='line_1_106' title="bbox 1009 2245 1452 2279; baseline -0.005 -6"><span class='ocrx_word' id='word_1_693' title='bbox 1009 2245 1134 2273; x_wconf 88' lang='lat' dir='ltr'><strong>divinum</strong></span> <span class='ocrx_word' id='word_1_694' title='bbox 1150 2245 1282 2272; x_wconf 78' lang='lat' dir='ltr'><strong>auxilium</strong></span> <span class='ocrx_word' id='word_1_695' title='bbox 1298 2247 1452 2279; x_wconf 76' lang='lat' dir='ltr'><strong>exspectet.</strong></span> 
     </span>
    </p>
   </div>
   <div class='ocr_carea' id='block_1_106' title="bbox 1295 2288 1510 2326">
    <p class='ocr_par' dir='ltr' id='par_1_106' title="bbox 1295 2288 1510 2326">
     <span class='ocr_line' id='line_1_107' title="bbox 1295 2288 1510 2326; baseline -0.009 -8"><span class='ocrx_word' id='word_1_696' title='bbox 1295 2289 1372 2318; x_wconf 83' lang='lat' dir='ltr'><strong>CAP.</strong></span> <span class='ocrx_word' id='word_1_697' title='bbox 1393 2289 1425 2317; x_wconf 93' lang='lat' dir='ltr'><strong>v.</strong></span> <span class='ocrx_word' id='word_1_698' title='bbox 1441 2288 1510 2326; x_wconf 78' lang='lat' dir='ltr'><strong>[VL]</strong></span> 
     </span>
    </p>
   </div>
   <div class='ocr_carea' id='block_1_107' title="bbox 1042 2333 1797 2370">
    <p class='ocr_par' dir='ltr' id='par_1_107' title="bbox 1042 2333 1797 2370">
     <span class='ocr_line' id='line_1_108' title="bbox 1042 2333 1797 2370; baseline -0.003 -8"><span class='ocrx_word' id='word_1_699' title='bbox 1042 2335 1126 2363; x_wconf 75' lang='lat' dir='ltr'><strong>Vens.</strong></span> <span class='ocrx_word' id='word_1_700' title='bbox 1143 2335 1171 2363; x_wconf 75' lang='lat'><strong>2,</strong></span> <span class='ocrx_word' id='word_1_701' title='bbox 1191 2335 1272 2370; x_wconf 70' lang='grc'><strong>522</strong></span> <span class='ocrx_word' id='word_1_702' title='bbox 1307 2335 1349 2362; x_wconf 70' lang='lat' dir='ltr'><strong>Ex</strong></span> <span class='ocrx_word' id='word_1_703' title='bbox 1363 2333 1526 2370; x_wconf 72' lang='lat' dir='ltr'><strong>principibus</strong></span> <span class='ocrx_word' id='word_1_704' title='bbox 1539 2333 1622 2361; x_wconf 72' lang='lat' dir='ltr'><strong>Julia.</strong></span> <span class='ocrx_word' id='word_1_705' title='bbox 1647 2333 1753 2369; x_wconf 81' lang='lat' dir='ltr'><strong>Aquila.</strong></span> <span class='ocrx_word' id='word_1_706' title='bbox 1765 2334 1797 2360; x_wconf 85' lang='lat' dir='ltr'><strong>de</strong></span> 
     </span>
    </p>
   </div>
   <div class='ocr_carea' id='block_1_108' title="bbox 1007 2381 1201 2409">
    <p class='ocr_par' dir='ltr' id='par_1_108' title="bbox 1007 2381 1201 2409">
     <span class='ocr_line' id='line_1_109' title="bbox 1007 2381 1201 2409; baseline -0.005 0"><span class='ocrx_word' id='word_1_707' title='bbox 1007 2381 1189 2409; x_wconf 63' lang='lat' dir='ltr'><strong>sacerdotibus</strong></span> <span class='ocrx_word' id='word_1_708' title='bbox 1195 2400 1201 2408; x_wconf 92' lang='lat'><strong>.</strong></span> 
     </span>
    </p>
   </div>
   <div class='ocr_carea' id='block_1_109' title="bbox 1048 2424 1795 2460">
    <p class='ocr_par' dir='ltr' id='par_1_109' title="bbox 1048 2424 1795 2460">
     <span class='ocr_line' id='line_1_110' title="bbox 1048 2424 1795 2460; baseline -0.005 -5"><span class='ocrx_word' id='word_1_709' title='bbox 1048 2427 1130 2455; x_wconf 63' lang='lat' dir='ltr'><strong>Vatis.</strong></span> <span class='ocrx_word' id='word_1_710' title='bbox 1147 2427 1175 2454; x_wconf 78' lang='lat'><strong>3.</strong></span> <span class='ocrx_word' id='word_1_711' title='bbox 1193 2426 1228 2453; x_wconf 87' lang='lat' dir='ltr'><strong>Et</strong></span> <span class='ocrx_word' id='word_1_712' title='bbox 1248 2426 1315 2458; x_wconf 76' lang='lat' dir='ltr'><strong>0w,</strong></span> <span class='ocrx_word' id='word_1_713' title='bbox 1329 2429 1354 2452; x_wconf 85' lang='lat' dir='ltr'><strong>et</strong></span> <span class='ocrx_word' id='word_1_714' title='bbox 1368 2424 1464 2460; x_wconf 68' lang='lat' dir='ltr'><strong>fratres</strong></span> <span class='ocrx_word' id='word_1_715' title='bbox 1487 2424 1554 2459; x_wconf 75' lang='lat' dir='ltr'><strong>ejus,</strong></span> <span class='ocrx_word' id='word_1_716' title='bbox 1570 2424 1621 2460; x_wconf 75' lang='lat' dir='ltr'><strong>ﬁlii</strong></span> <span class='ocrx_word' id='word_1_717' title='bbox 1635 2424 1795 2451; x_wconf 77' lang='lat' dir='ltr'><strong>Aminadab.</strong></span> 
     </span>
    </p>
   </div>
   <div class='ocr_carea' id='block_1_110' title="bbox 1007 2470 1795 2509">
    <p class='ocr_par' dir='ltr' id='par_1_110' title="bbox 1007 2470 1795 2509">
     <span class='ocr_line' id='line_1_111' title="bbox 1007 2470 1795 2509; baseline -0.006 -7"><span class='ocrx_word' id='word_1_718' title='bbox 1007 2473 1123 2509; x_wconf 82' lang='lat' dir='ltr'><strong>Quidam</strong></span> <span class='ocrx_word' id='word_1_719' title='bbox 1131 2471 1316 2501; x_wconf 81' lang='lat' dir='ltr'><strong>dicuntOzam</strong></span> <span class='ocrx_word' id='word_1_720' title='bbox 1324 2471 1360 2498; x_wconf 89' lang='lat' dir='ltr'><strong>ob</strong></span> <span class='ocrx_word' id='word_1_721' title='bbox 1370 2471 1547 2498; x_wconf 82' lang='lat' dir='ltr'><strong>temeritatem</strong></span> <span class='ocrx_word' id='word_1_722' title='bbox 1563 2477 1658 2505; x_wconf 75' lang='lat' dir='ltr'><strong>pmnas</strong></span> <span class='ocrx_word' id='word_1_723' title='bbox 1678 2470 1795 2502; x_wconf 66' lang='lat' dir='ltr'><strong>dedisse,</strong></span> 
     </span>
    </p>
   </div>
   <div class='ocr_carea' id='block_1_111' title="bbox 1008 2517 1794 2554">
    <p class='ocr_par' dir='ltr' id='par_1_111' title="bbox 1008 2517 1794 2554">
     <span class='ocr_line' id='line_1_112' title="bbox 1008 2517 1794 2554; baseline -0.008 -6"><span class='ocrx_word' id='word_1_724' title='bbox 1008 2527 1041 2548; x_wconf 91' lang='lat' dir='ltr'><strong>eo</strong></span> <span class='ocrx_word' id='word_1_725' title='bbox 1084 2519 1159 2554; x_wconf 81' lang='lat' dir='ltr'><strong>quod</strong></span> <span class='ocrx_word' id='word_1_726' title='bbox 1191 2524 1263 2546; x_wconf 73' lang='lat' dir='ltr'><strong>arca:</strong></span> <span class='ocrx_word' id='word_1_727' title='bbox 1297 2517 1425 2545; x_wconf 82' lang='lat' dir='ltr'><strong>auxiliari</strong></span> <span class='ocrx_word' id='word_1_728' title='bbox 1456 2517 1590 2549; x_wconf 88' lang='lat' dir='ltr'><strong>voluerit,</strong></span> <span class='ocrx_word' id='word_1_729' title='bbox 1619 2524 1695 2552; x_wconf 69' lang='lat' dir='ltr'><strong>qum,</strong></span> <span class='ocrx_word' id='word_1_730' title='bbox 1732 2524 1794 2544; x_wconf 90' lang='lat' dir='ltr'><strong>cum</strong></span> 
     </span>
    </p>
   </div>
   <div class='ocr_carea' id='block_1_112' title="bbox 1008 2562 1795 2600">
    <p class='ocr_par' dir='ltr' id='par_1_112' title="bbox 1008 2562 1795 2600">
     <span class='ocr_line' id='line_1_113' title="bbox 1008 2562 1795 2600; baseline -0.001 -8"><span class='ocrx_word' id='word_1_731' title='bbox 1008 2565 1059 2592; x_wconf 82' lang='lat' dir='ltr'><strong>toti</strong></span> <span class='ocrx_word' id='word_1_732' title='bbox 1072 2564 1172 2600; x_wconf 90' lang='lat' dir='ltr'><strong>populo</strong></span> <span class='ocrx_word' id='word_1_733' title='bbox 1187 2567 1328 2599; x_wconf 68' lang='lat' dir='ltr'><strong>praeesset.</strong></span> <span class='ocrx_word' id='word_1_734' title='bbox 1344 2563 1461 2590; x_wconf 86' lang='lat' dir='ltr'><strong>aliorum</strong></span> <span class='ocrx_word' id='word_1_735' title='bbox 1480 2562 1584 2590; x_wconf 79' lang='lat' dir='ltr'><strong>auxilio</strong></span> <span class='ocrx_word' id='word_1_736' title='bbox 1611 2570 1664 2590; x_wconf 90' lang='lat' dir='ltr'><strong>non</strong></span> <span class='ocrx_word' id='word_1_737' title='bbox 1692 2563 1795 2598; x_wconf 68' lang='lat' dir='ltr'><strong>indige-</strong></span> 
     </span>
    </p>
   </div>
   <div class='ocr_carea' id='block_1_113' title="bbox 1009 2609 1795 2646">
    <p class='ocr_par' dir='ltr' id='par_1_113' title="bbox 1009 2609 1795 2646">
     <span class='ocr_line' id='line_1_114' title="bbox 1009 2609 1795 2646; baseline -0.004 -7"><span class='ocrx_word' id='word_1_738' title='bbox 1009 2611 1075 2639; x_wconf 87' lang='lat' dir='ltr'><strong>bat.</strong></span> <span class='ocrx_word' id='word_1_739' title='bbox 1093 2610 1230 2646; x_wconf 83' lang='lat' dir='ltr'><strong>Josephus</strong></span> <span class='ocrx_word' id='word_1_740' title='bbox 1250 2615 1339 2638; x_wconf 87' lang='lat' dir='ltr'><strong>autem</strong></span> <span class='ocrx_word' id='word_1_741' title='bbox 1354 2610 1431 2643; x_wconf 86' lang='lat' dir='ltr'><strong>dicit,</strong></span> <span class='ocrx_word' id='word_1_742' title='bbox 1446 2609 1522 2645; x_wconf 92' lang='lat' dir='ltr'><strong>quod</strong></span> <span class='ocrx_word' id='word_1_743' title='bbox 1549 2618 1611 2638; x_wconf 89' lang='lat' dir='ltr'><strong>cum</strong></span> <span class='ocrx_word' id='word_1_744' title='bbox 1626 2610 1718 2638; x_wconf 80' lang='lat' dir='ltr'><strong>Levila</strong></span> <span class='ocrx_word' id='word_1_745' title='bbox 1741 2618 1795 2637; x_wconf 91' lang='lat' dir='ltr'><strong>non</strong></span> 
     </span>
    </p>
   </div>
   <div class='ocr_carea' id='block_1_114' title="bbox 1009 2655 1795 2691">
    <p class='ocr_par' dir='ltr' id='par_1_114' title="bbox 1009 2655 1795 2691">
     <span class='ocr_line' id='line_1_115' title="bbox 1009 2655 1795 2691; baseline -0.003 -7"><span class='ocrx_word' id='word_1_746' title='bbox 1009 2661 1095 2688; x_wconf 85' lang='lat' dir='ltr'><strong>esset,</strong></span> <span class='ocrx_word' id='word_1_747' title='bbox 1111 2663 1204 2683; x_wconf 88' lang='lat' dir='ltr'><strong>arcam</strong></span> <span class='ocrx_word' id='word_1_748' title='bbox 1228 2660 1318 2683; x_wconf 88' lang='lat' dir='ltr'><strong>tamen</strong></span> <span class='ocrx_word' id='word_1_749' title='bbox 1336 2655 1517 2683; x_wconf 84' lang='lat' dir='ltr'><strong>nihilominus</strong></span> <span class='ocrx_word' id='word_1_750' title='bbox 1546 2655 1681 2691; x_wconf 68' lang='lat' dir='ltr'><strong>attingere</strong></span> <span class='ocrx_word' id='word_1_751' title='bbox 1709 2662 1795 2683; x_wconf 88' lang='lat' dir='ltr'><strong>ausus</strong></span> 
     </span>
    </p>
   </div>
   <div class='ocr_carea' id='block_1_115' title="bbox 1007 2700 1795 2733">
    <p class='ocr_par' dir='ltr' id='par_1_115' title="bbox 1007 2700 1795 2733">
     <span class='ocr_line' id='line_1_116' title="bbox 1007 2700 1795 2733; baseline 0 -5"><span class='ocrx_word' id='word_1_752' title='bbox 1007 2701 1099 2728; x_wconf 78' lang='lat' dir='ltr'><strong>fuerit.</strong></span> <span class='ocrx_word' id='word_1_753' title='bbox 1115 2701 1150 2727; x_wconf 80' lang='lat' dir='ltr'><strong>At</strong></span> <span class='ocrx_word' id='word_1_754' title='bbox 1160 2708 1223 2728; x_wconf 90' lang='lat' dir='ltr'><strong>vero</strong></span> <span class='ocrx_word' id='word_1_755' title='bbox 1233 2700 1394 2728; x_wconf 82' lang='lat' dir='ltr'><strong>Aminadabi</strong></span> <span class='ocrx_word' id='word_1_756' title='bbox 1414 2700 1486 2729; x_wconf 75' lang='lat' dir='ltr'><strong>(ilius</strong></span> <span class='ocrx_word' id='word_1_757' title='bbox 1505 2705 1574 2733; x_wconf 89' lang='lat' dir='ltr'><strong>erat,</strong></span> <span class='ocrx_word' id='word_1_758' title='bbox 1584 2701 1628 2728; x_wconf 92' lang='lat' dir='ltr'><strong>cui</strong></span> <span class='ocrx_word' id='word_1_759' title='bbox 1641 2700 1795 2728; x_wconf 76' lang='lat' dir='ltr'><strong>Bellisami-</strong></span> 
     </span>
    </p>
   </div>
   <div class='ocr_carea' id='block_1_116' title="bbox 1006 2744 1792 2778">
    <p class='ocr_par' dir='ltr' id='par_1_116' title="bbox 1006 2744 1792 2778">
     <span class='ocr_line' id='line_1_117' title="bbox 1006 2744 1792 2778; baseline 0.001 -6"><span class='ocrx_word' id='word_1_760' title='bbox 1006 2748 1041 2772; x_wconf 72' lang='lat' dir='ltr'><strong>tae</strong></span> <span class='ocrx_word' id='word_1_761' title='bbox 1059 2753 1162 2777; x_wconf 77' lang='lat' dir='ltr'><strong>arcam.</strong></span> <span class='ocrx_word' id='word_1_762' title='bbox 1181 2753 1196 2772; x_wconf 87' lang='lat' dir='ltr'><strong>a</strong></span> <span class='ocrx_word' id='word_1_763' title='bbox 1212 2744 1364 2773; x_wconf 56' lang='lat' dir='ltr'><strong>Palaestinis</strong></span> <span class='ocrx_word' id='word_1_764' title='bbox 1397 2746 1587 2774; x_wconf 84' lang='lat' dir='ltr'><strong>transmissam</strong></span> <span class='ocrx_word' id='word_1_765' title='bbox 1599 2766 1606 2778; x_wconf 86' lang='lat'><strong>,</strong></span> <span class='ocrx_word' id='word_1_766' title='bbox 1631 2747 1792 2774; x_wconf 85' lang='lat' dir='ltr'><strong>servandam</strong></span> 
     </span>
    </p>
   </div>
   <div class='ocr_carea' id='block_1_117' title="bbox 1008 2790 1792 2825">
    <p class='ocr_par' dir='ltr' id='par_1_117' title="bbox 1008 2790 1792 2825">
     <span class='ocr_line' id='line_1_118' title="bbox 1008 2790 1792 2825; baseline 0.001 -8"><span class='ocrx_word' id='word_1_767' title='bbox 1008 2790 1191 2823; x_wconf 80' lang='lat' dir='ltr'><strong>tradiderunt,</strong></span> <span class='ocrx_word' id='word_1_768' title='bbox 1211 2790 1259 2825; x_wconf 87' lang='lat' dir='ltr'><strong>qui</strong></span> <span class='ocrx_word' id='word_1_769' title='bbox 1270 2790 1303 2818; x_wconf 89' lang='lat' dir='ltr'><strong>de</strong></span> <span class='ocrx_word' id='word_1_770' title='bbox 1321 2790 1395 2818; x_wconf 86' lang='lat' dir='ltr'><strong>tribu</strong></span> <span class='ocrx_word' id='word_1_771' title='bbox 1412 2791 1465 2818; x_wconf 76' lang='lat' dir='ltr'><strong>fuit</strong></span> <span class='ocrx_word' id='word_1_772' title='bbox 1486 2791 1621 2819; x_wconf 81' lang='lat' dir='ltr'><strong>Levitica.</strong></span> <span class='ocrx_word' id='word_1_773' title='bbox 1638 2791 1707 2819; x_wconf 84' lang='lat' dir='ltr'><strong>Dicit</strong></span> <span class='ocrx_word' id='word_1_774' title='bbox 1719 2791 1792 2818; x_wconf 84' lang='lat' dir='ltr'><strong>enim</strong></span> 
     </span>
    </p>
   </div>
   <div class='ocr_carea' id='block_1_118' title="bbox 1008 2834 1794 2871">
    <p class='ocr_par' dir='ltr' id='par_1_118' title="bbox 1008 2834 1794 2871">
     <span class='ocr_line' id='line_1_119' title="bbox 1008 2834 1794 2871; baseline 0 -8"><span class='ocrx_word' id='word_1_775' title='bbox 1008 2834 1149 2871; x_wconf 88' lang='lat' dir='ltr'><strong>Scriptura</strong></span> <span class='ocrx_word' id='word_1_776' title='bbox 1162 2844 1169 2851; x_wconf 69' lang='grc' dir='ltr'><strong>υ</strong></span> <span class='ocrx_word' id='word_1_777' title='bbox 1181 2844 1190 2861; x_wconf 79' lang='grc' dir='ltr'>ι</span> <span class='ocrx_word' id='word_1_778' title='bbox 1199 2834 1296 2864; x_wconf 73' lang='lat' dir='ltr'><strong>Filium</strong></span> <span class='ocrx_word' id='word_1_779' title='bbox 1307 2836 1366 2871; x_wconf 85' lang='lat' dir='ltr'><strong>ejus</strong></span> <span class='ocrx_word' id='word_1_780' title='bbox 1376 2836 1488 2866; x_wconf 85' lang='lat' dir='ltr'><strong>Eleazar</strong></span> <span class='ocrx_word' id='word_1_781' title='bbox 1503 2837 1753 2869; x_wconf 77' lang='lat' dir='ltr'><strong>sanetiﬁcavcrunl,</strong></span> <span class='ocrx_word' id='word_1_782' title='bbox 1765 2842 1794 2864; x_wconf 86' lang='lat' dir='ltr'><strong>ut</strong></span> 
     </span>
    </p>
   </div>
  </div>
