2086 3160
295 165 361 197 1127

960 165 1137 196 PROCOPII
1155 164 1277 194 GAZEI

1857 167 1926 199 1128

298 223 457 250 custodiret
474 229 566 249 arcam
597 221 709 249 fmdetis
727 222 836 249 Domini
853 242 859 249 .
889 231 898 248 ι
917 222 1085 257 Quapropter

1139 221 1252 256 Κυρίου.
1269 229 1278 245 t
1296 220 1342 246 Διὸ
1369 221 1416 247 καὶ
1426 219 1473 247 τοῦ
1491 221 1518 247 Ἀ
1526 220 1645 256 μιναδὰὸ
1655 221 1750 254 παῖδες
1764 224 1928 260 ἐπορεύοντο

299 268 381 295 etiam
401 267 448 294 filii
467 267 621 294 Aminadab
636 268 662 294 itt
679 268 811 294 anteriori
833 272 954 303 parteex
970 272 1086 302 tttroqtte

294 314 379 339 latere
395 319 488 338 arcant
505 312 724 340 comitabantur.
742 312 795 340 Sed
811 313 949 348 quomodo
973 318 1086 347 propter

293 356 476 382 temeritatem
498 363 593 391 pceuas
622 357 708 388 dedit,
731 365 805 390 cum,
827 358 962 384 inclinato
987 364 1083 389 currtt,

293 409 405 427 manum
425 401 564 434 applicare
582 403 761 436 oportuerit?
775 409 836 429 cum
864 403 907 430 lex
933 403 1085 437 prtecipiat,

295 449 323 471 ut
339 452 431 472 aream
448 445 570 473 humeris
591 450 696 481 gestent
719 448 890 478 sacerdotes.
906 447 1086 475 nihilominus

298 496 392 516 tamen
410 491 504 516 currui
533 498 593 518 eam
619 491 827 526 imposuerunt;
844 499 875 519 ea
903 499 934 520 re
965 492 1086 527 decepti,

296 537 366 571 quod
386 536 536 570 Palaestini,
559 538 611 565 ltoc
637 538 718 565 modo
734 546 793 566 eam
810 539 988 571 deducentes,
1017 539 1087 565 nihil

296 583 400 610 adversi
438 584 513 617 passi
543 588 650 612 essent.
684 585 820 612 Cmterum
852 585 1084 613 considerandum

295 632 353 655 erat
369 628 431 654 illos
447 635 537 662 neque
564 629 650 664 legem
670 629 778 656 Domini
796 630 919 662 novisse,
935 638 1024 665 neque
1042 637 1087 657 sa-

295 673 419 701 cerdotes
438 673 545 700 Domini
571 674 718 702 habuisse.
744 675 838 711 Itaque
851 683 914 703 cum
941 676 996 703 Oza
1013 676 1087 703 ceci-

295 722 391 752 disset,
414 721 496 748 David
517 722 606 749 noluit
621 729 714 749 arcam
743 722 770 749 in
803 723 907 757 regiam
931 723 1082 754 deducere,

295 767 505 801 pertimescens,
523 772 553 794 ιιι
573 773 622 801 par
651 771 721 799 erat,
738 774 773 794 ne
795 768 987 802 attingeretur.
1004 767 1086 795 Post-

295 820 375 845 quam
390 821 454 840 vero
475 813 558 839 Deum
575 811 766 845 Obed—Edom,
783 813 828 848 qui
853 821 944 840 arcam
969 821 1084 848 excepe-

295 862 347 889 rat,
367 859 544 886 benedixisse
567 858 778 890 animadvertit,
801 866 861 885 eam
880 859 913 886 ad
939 867 970 886 se
999 859 1084 892 ducit,

1137 265 1294 301 ἔμπροσθεν
1311 267 1343 292 ὲκ
1375 265 1500 300 πλαγίων
1528 267 1578 302 τῆς
1595 267 1725 295 κιϐωτοῦ.
1742 269 1806 300 Πῶς
1816 269 1845 296 δὲ
1861 280 1930 307 προ-

1136 312 1247 342 πετείας
1260 312 1332 338 ἔτισε
1357 311 1447 346 δίκην,
1474 312 1552 343 ὅπου,
1577 311 1718 348 κλιθείσης
1743 313 1794 348 τῆς
1809 314 1929 349 ἀμάξης,

1137 357 1222 392 ἐχρῆν
1237 358 1415 392 προσερεῖσαι
1428 357 1477 392 τήν
1502 358 1582 392 χεῖρα
1596 366 1603 389 ς
1621 358 1704 392 ἑτέρα
1723 359 1815 386 τοίνυν
1826 360 1931 396 ταύτης

1136 402 1222 434 αἰτία,
1238 401 1286 428 τοῦ
1298 402 1353 437 γὰρ
1365 402 1448 436 νόμου
1470 401 1685 437 προστάξαντος,
1710 404 1754 430 ἐπ’
1767 403 1851 439 ὤμων
1866 407 1932 438 τοὺς

1137 447 1229 482 ἱερέας
1245 447 1340 483 φέρειν
1368 447 1418 483 τὴν
1443 447 1570 480 κιϐωτὸν,
1587 448 1630 482 ἐφ’
1650 448 1761 484 ἀμάξης
1777 450 1930 486 ἐπέθηκαν,

1135 491 1307 526 ἠπατημένοι
1328 491 1372 526 ’τῷ
1397 491 1476 526 παρὰ
1501 491 1557 517 τῶν
1585 491 1743 527 ἀλλοφύλων
1761 492 1835 519 οὕτω
1856 501 1932 528 πεμ-

1137 537 1252 571 φθεῖσαν
1277 538 1360 573 μηδὲν
1383 536 1568 572 λυμήνασθαι.
1584 538 1649 564 Δέον
1672 539 1794 571 σκοπεῖν,
1809 539 1848 571 ὡς
1868 539 1932 566 οὗτε

1135 582 1182 609 τὸν
1193 582 1276 617 νόμον
1294 582 1395 618 ᾔδεσαν
1418 583 1530 614 ἐκεῖνοι,
1556 582 1619 609 οὒτε
1636 584 1764 618 παρῆσαν
1780 584 1874 616 αὐτοῖς
1893 584 1932 610 [£-

1139 629 1194 663 ρεῖς
1210 628 1326 664 Κυρίου,
1341 628 1496 663 Τοιγαροῦν
1519 629 1699 660 πεπτωκότας
1719 628 1795 662 Ὀζὰ,
1812 630 1860 656 καὶ
1876 631 1932 656 Δα-

1137 673 1180 700 6ὶδ
1193 673 1326 709 φοϐηθεὶς
1339 674 1381 706 είς
1395 674 1430 701 τὰ
1444 673 1569 709 βασίλεια
1591 674 1695 709 ταύτην
1709 675 1881 709 εἰσαγαγεῖν,
1895 675 1934 707 ὡς

1137 719 1222 751 εἰκὸς,
1241 719 1290 754 τὴν
1305 719 1376 754 ἁφὴν
1406 719 1593 752 ὑποπτεύσας.
1614 719 1658 751 Ὧς
1680 719 1709 746 δὲ
1722 720 1768 746 τὺν
1782 720 1932 755 δεξάμενον

1136 764 1221 799 αὐτὴν
1256 764 1417 791 ’Δϐεδδαδὰν
1446 765 1460 785 ιι
1487 762 1557 792 εῐδεν
1575 765 1770 800 εύλογημένον,
1784 765 1847 799 ἄγει
1863 765 1933 800 πρὸς

1136 811 1242 843 ἑαυτὸν,
1254 811 1304 846 οὐχ
1319 811 1412 847 ἁμάξῃ
1442 812 1629 847 χρησάμενος,
1645 811 1713 838 ἀλλὰ
1741 813 1798 843 τοῖς
1824 812 1933 848 ἱερεῦσι

1137 856 1209 883 κατὰ
1224 857 1270 883 τὸν
1283 857 1364 892 νόμον
1397 857 1618 892 ἀνακρουόμενος
1648 858 1706 889 τοῖς
1722 857 1863 892 ὀργάνοις,
1886 858 1934 884 καὶ

296 911 348 930 non
367 903 491 938 plaustro
518 909 609 935 utetts,
627 903 675 931 sed
692 903 867 930 sacerdotum
895 912 990 939 opera,
1008 905 1085 939 juxta

1139 903 1236 938 στολὴν
1251 902 1373 936 ἔξαλλον,
1390 903 1515 930 τουτέστι
1542 903 1680 938 ποικίλην,
1707 903 1887 938 ἐνδεδυμένος
1906 902 1928 929 1.

296 949 380 984 lt'gcm
398 949 518 982 Domini;
537 950 651 983 pulsans
672 957 787 984 organa,
801 950 870 977 stola
887 951 987 985 insigni
1004 951 1088 978 vatiis

294 995 419 1027 genuinis,
439 999 466 1021 et
478 995 617 1021 coloribus
633 995 775 1025 distincta.
803 995 926 1024 indutus.
951 997 1085 1029 Quemad-

295 1037 404 1065 modum
418 1039 572 1066 luculenter
584 1039 610 1066 in
628 1039 697 1066 libro
712 1038 942 1075 Paralipomenon
954 1041 1087 1075 exprimi-

296 1088 352 1110 tur.
376 1092 385 1108 t
402 1083 432 1110 Et
464 1085 598 1117 tulerunt,
619 1085 720 1119 inquit,
745 1093 837 1112 arcam
860 1086 978 1118 Domini,
1006 1086 1086 1114 sicuti

295 1133 464 1161 przecepcrat
482 1129 600 1165 Moyses,
617 1130 645 1156 in
659 1131 743 1157 verbo
762 1130 927 1158 DominiDei
954 1131 1038 1159 Israel
1052 1132 1086 1164 ",

294 1173 418 1201 vectibus
446 1174 541 1208 (juxta
568 1174 759 1211 Scripturant)
786 1176 813 1202 in
840 1176 964 1203 humeris
983 1177 1053 1204 suis.
1075 1186 1084 1202 ι

295 1217 348 1244 Sed
363 1218 427 1250 hoc,
444 1219 466 1246 si
484 1226 578 1246 verum
594 1223 647 1251 est,
667 1219 807 1254 quomodo
825 1221 903 1248 solus
927 1220 1011 1248 Ozam
1027 1229 1086 1256 po:-

295 1271 344 1290 nas
358 1263 444 1295 dedit,
457 1268 551 1291 etnon
568 1271 665 1292 omnes
681 1264 804 1292 Leviuc?
819 1265 912 1298 Quare
925 1274 979 1292 non
993 1266 1084 1299 initio,

293 1308 342 1335 sed
355 1316 439 1340 nttnc,
453 1309 567 1343 quando
581 1317 672 1336 arcam
694 1311 821 1338 stabilire
835 1311 1016 1346 aggreditur?
1030 1312 1084 1347 lgi-

294 1358 350 1384 tur,
363 1357 410 1380 aut
423 1354 481 1388 ipse
493 1361 604 1387 suasor,
638 1360 790 1389 auctorque
814 1356 855 1382 eis
884 1355 945 1388 fuit,
974 1361 1004 1383 ut
1025 1364 1085 1384 eam

294 1397 419 1430 plaustro
433 1398 616 1431 imponerent,
631 1406 717 1432 quare
734 1399 810 1427 solus
823 1399 908 1427 etiam
925 1400 1017 1434 puniri
1035 1400 1085 1428 de-

294 1442 364 1471 buit,
381 1441 455 1468 unde
471 1441 565 1469 forsan
580 1442 724 1478 Scriptura
740 1451 802 1470 eum
830 1443 963 1471 fratribus
979 1452 1086 1479 praepo-

295 1486 360 1512 suit.
371 1485 403 1512 Et
414 1486 526 1522 punitus
537 1491 579 1515 est
593 1488 638 1515 ubi
653 1488 851 1523 apparuitquid
866 1496 898 1516 ex
910 1489 1086 1524 impOsitione

294 1531 322 1558 in
334 1524 457 1566 plaustro
474 1533 606 1561 accidertt
620 1537 647 1561 et
672 1533 746 1562 Deus
759 1542 822 1562 eum
839 1535 975 1570 castigare
986 1534 1083 1567 voluit,

294 1581 342 1605 aut
356 1579 424 1607 alias
442 1579 571 1615 indignus
587 1580 648 1608 fttit.

331 1623 414 1652 Vens.
433 1625 529 1653 l5..Et
543 1625 662 1660 despexit
676 1634 736 1654 eum
750 1626 778 1654 in
791 1627 869 1654 corde
883 1635 942 1654 suo.
958 1627 1085 1655 Alienum

295 1679 309 1696 :t
326 1671 460 1706 dignitate
476 1672 550 1708 regia
565 1680 628 1700 esse
645 1674 761 1708 putavit,
771 1673 844 1708 quod
860 1674 968 1708 publice
983 1673 1010 1700 in
1028 1681 1087 1700 om—

295 1716 372 1743 nium
398 1721 549 1752 conspectu
570 1718 700 1745 saltabat.
727 1718 875 1746 Nesciebat
899 1719 974 1746 enim
1000 1719 1087 1746 divini

295 1760 403 1788 ardoris
417 1761 557 1794 stimulos,
583 1762 656 1797 quod
674 1762 759 1790 David
777 1771 907 1791 sermone
933 1763 967 1791 ad
997 1764 1087 1798 ipsam

295 1805 396 1832 Michol
424 1806 583 1834 declaravit.
600 1807 682 1835 Addit
707 1808 740 1835 ad
755 1808 813 1835 ltzec
834 1808 989 1843 Scriptura,
1013 1809 1086 1844 qttod

296 1850 380 1876 tilium
393 1858 446 1877 non
462 1851 601 1885 habuerit,
616 1859 673 1879 suae
688 1853 829 1881 irrisionis
838 1861 935 1889 poenas
947 1854 1086 1887 indicans;

295 1891 395 1918 deinde
410 1892 506 1925 etiam,
524 1901 558 1920 ne
572 1894 678 1929 regium
691 1902 787 1922 semen
799 1903 832 1922 ex
848 1895 896 1922 illa
909 1903 1026 1930 regnum
1041 1897 1087 1923 ob-

295 1938 406 1965 tineret.
426 1938 583 1967 Verisimile
612 1939 688 1966 enirn
711 1940 761 1967 est'
780 1941 907 1968 subditos
927 1949 1003 1974 eum,
1039 1941 1086 1977 qui

295 1986 445 2018 tttrutttqtte
461 1990 605 2019 parentem
621 1993 654 2013 ex
666 1986 739 2021 regia
753 1986 842 2022 stirpe
854 1987 1011 2020 habuisset,
1024 1988 1087 2016 aliis

295 2029 358 2056 filiis
376 2029 540 2064 praelaturos
560 2031 659 2060 fuisse.

330 2084 364 2112 Et
378 2086 497 2114 saltabat
515 2086 601 2114 David
623 2088 762 2117 concinno
785 2091 912 2126 corporis
925 2096 999 2118 tnotu
1018 2091 1087 2119 foris

292 2131 442 2160 ostendens
453 2133 587 2160 internam
599 2133 819 2169 dispositionem,
827 2144 930 2170 nosque
937 2137 1088 2164 sintuledo-

295 2185 361 2205 t-cns
377 2186 432 2205 non
449 2178 615 2207 erubescere
630 2187 754 2208 crucem.
770 2181 1000 2216 Exprobrahatur
1021 2187 1088 2211 tunc

1143 949 1174 974 '0
1184 948 1212 974 δὲ
1226 948 1320 983 σαςρῶς
1335 948 1452 984 ἐδήλωσε
1461 948 1515 975 τῶν
1530 948 1780 984 Παραλειπομένων
1799 949 1816 984 ή
1828 948 1932 983 βίϐλος.

1141 1003 1151 1020 ‹
1174 991 1266 1030 Ἦραν
1281 994 1346 1030 γὰρ,
1378 995 1458 1030 φησὶ,
1486 994 1537 1029 τὴν
1566 994 1693 1026 κιϐωτὸν,
1710 993 1748 1025 ὡς
1777 993 1934 1020 ἐνετείλατο

1138 1039 1258 1073 Μωῠσῆς
1273 1040 1302 1065 ὲν
1317 1039 1388 1074 λόγῳ
1405 1039 1507 1074 Κυρίου
1520 1038 1588 1065 Θεοῦ
1603 1038 1722 1074 Ἰσραὴλ,
1743 1047 1752 1064 ι
1769 1038 1816 1064 ὑπ’
1828 1038 1933 1073 ἀναφο-

1140 1085 1244 1121 ρεῦσιν,
1261 1085 1332 1112 κατά
1347 1085 1397 1121 τὴν
1410 1084 1532 1120 Γραφὴν,
1550 1085 1579 1111 ὲν
1598 1083 1684 1120 ὤμοις
1705 1083 1806 1110 αὐτῶν.
1820 1084 1893 1110 Ἀλλ’
1909 1084 1934 1110 εί

1138 1129 1230 1163 τοῦτο,
1246 1130 1305 1162 πῶς
1333 1130 1413 1165 μόνος
1430 1129 1510 1160 Ὀζὰν
1540 1128 1638 1160 ἔπαθε,
1665 1129 1713 1154 καὶ
1733 1127 1771 1163 μὴ
1791 1128 1895 1159 πάντες
1908 1128 1933 1155 οι

1137 1176 1315 1207 Λευῖταιςτί
1345 1175 1374 1202 δὲ
1395 1175 1433 1211 μὴ
1458 1175 1488 1208 ἐξ
1517 1175 1615 1210 ἀρχῆς,
1637 1174 1706 1201 ἀλλὰ
1725 1173 1773 1201 νῦν
1790 1173 1933 1209 στηρίζειν

1137 1222 1306 1257 ὲπιχειρῶν;
1333 1222 1369 1248 Ἢ
1398 1222 1489 1248 τοίνυν
1519 1221 1601 1252 αὐτὸς
1633 1221 1801 1256 εἰσηγήσατο
1830 1220 1864 1247 τὸ
1888 1220 1932 1255 ἐφ’

1137 1268 1248 1304 ἁμάξης
1274 1269 1377 1303 βαλεῖν,
1407 1267 1448 1294 διὸ
1466 1267 1513 1294 καὶ
1534 1267 1614 1302 μόνος
1639 1266 1931 1302 ὲπαμύνεινὴξίωσεν,

1136 1315 1198 1342 ὅθεν
1229 1315 1300 1350 τάχα
1335 1314 1382 1341 καλ¹
1407 1312 1561 1349 προῦταξεν
1596 1312 1679 1339 αὑτὸν
1704 1313 1760 1339 τῶν
1774 1312 1930 1348 ἁδελφῶνή

1136 1361 1245 1396 Γραφή.
1262 1361 1317 1388 Καὶ
1341 1360 1461 1387 πέπονθε
1478 1359 1586 1390 κακῶς.
1603 1359 1648 1385 ὅτε
1670 1358 1701 1384 τὺ
1716 1358 1823 1385 ἀποϐὰν
1837 1358 1872 1385 ὲκ
1884 1358 1930 1385 τοῦ

1137 1407 1228 1442 βαλεῖν
1242 1406 1284 1441 ἐφ’
1296 1406 1404 1442 ἁμάξης
1429 1405 1568 1438 τεθέαται,
1581 1405 1658 1440 παρᾶ
1688 1404 1719 1430 τὸ
1737 1404 1852 1439 σφάλμα
1867 1412 1930 1429 παι-

1135 1454 1279 1485 δεύσαντας,
1302 1452 1384 1480 αὺτὸν
1410 1451 1458 1479 τοῦ
1485 1451 1565 1485 Θεοῦ,
1587 1451 1603 1486 ἢ
1633 1450 1683 1478 καὶ
1700 1450 1790 1482 ἄλλως
1809 1450 1930 1486 ὑπῆρχεν

1136 1498 1258 1532 ἀνάξιος.

1174 1627 1231 1655 Kal
1245 1626 1456 1660 ἐξουδένωσεν
1481 1626 1575 1654 αὐτὸν
1597 1626 1633 1654 ἐν
1645 1625 1683 1662 τῇ
1700 1626 1809 1661 καρδίᾳ
1821 1625 1927 1659 αὐτῆς.

1143 1674 1227 1710 ’ῼήθη
1259 1674 1394 1709 βασιλέως
1424 1673 1568 1709 ἀλλότριον
1592 1673 1624 1699 τὺ
1650 1673 1769 1709 δημοσίᾳ
1793 1673 1927 1708 χορεύειν.

1137 1720 1239 1756 οὐγὰρ
1255 1719 1313 1755 ᾔδει
1336 1719 1385 1746 τοῦ
1410 1719 1483 1746 θείου
1511 1719 1596 1745 πόθου
1619 1718 1655 1745 τὰ
1674 1719 1787 1753 κέντρα,
1802 1719 1875 1752 ειπερ
1887 1717 1929 1744 διὰ

1136 1766 1192 1792 τῶν
1205 1765 1274 1801 πρὸς
1287 1765 1374 1801 αὐτὴν
1396 1765 1514 1800 ἀνέφηνε
1537 1764 1636 1798 λόγων.
1659 1764 1800 1799 Ἐπήγαγε
1815 1763 1844 1789 δὲ
1861 1763 1927 1789 τού-

1136 1820 1194 1843 τοις
1221 1813 1238 1847 ή
1261 1810 1368 1846 Γραφὴ,
1384 1810 1422 1842 ὡς
1449 1810 1498 1836 οὐκ
1526 1810 1634 1844 ἐγένετο
1649 1809 1755 1835 παιδίον
1784 1808 1867 1843 αὐτῇ,
1884 1807 1928 1834 τοῦ

1136 1857 1288 1893 διασυρμοῦ
1302 1857 1352 1893 τὴν
1367 1856 1446 1892 δίκην
1475 1856 1647 1891 ἐμφαίνουσα
1659 1864 1666 1872 ·
1691 1855 1740 1881 καὶ
1756 1854 1800 1881 διὰ
1817 1854 1860 1886 τὺ,
1877 1862 1928 1888 μη-

1136 1903 1200 1929 δένα
1215 1902 1245 1934 ἐξ
1259 1902 1365 1929 ἐκείνου
1391 1901 1551 1936 βασιλεῦσαι
1577 1899 1626 1926 τοῦ
1655 1899 1822 1934 σπέρματος.
1850 1898 1928 1928 Εἰκὺς

1138 1948 1193 1983 γὰρ
1216 1946 1251 1983 ἦν
1267 1948 1332 1979 τοὺς
1362 1947 1503 1981 ὑπηκόους
1522 1945 1568 1972 τὸν
1593 1943 1765 1979 ἑκατέρωθεν
1791 1942 1927 1978 βασιλικὸν

1138 1994 1308 2030 προτιμῆσαι
1325 1992 1379 2019 τῶν
1393 1991 1492 2020 ἄλλων.

1180 2081 1302 2117 Ὦρχεῖτο
1327 2080 1357 2108 δὲ
1383 2080 1476 2113 Δαὸὶδ,
1491 2080 1524 2116 τῇ
1543 2079 1675 2115 εὐρύθμῳ
1691 2079 1797 2114 κινήσει
1814 2079 1863 2106 τοῦ
1877 2078 1926 2105 σώ-

1141 2135 1225 2162 ματος
1240 2127 1290 2163 τὴν
1306 2127 1380 2154 ἔνδον
1410 2125 1583 2161 δημοσιεύων
1596 2126 1728 2158 διάθεσιν,
1749 2125 1808 2159 ἅμα
1822 2126 1852 2152 δὲ
1868 2135 1926 2152 παι-

1139 2173 1226 2200 δεύων
1242 2173 1315 2208 ἡμᾶς
1347 2172 1384 2208 μὴ
1414 2171 1629 2206 ἐπαισχύνεσθαι
1647 2171 1693 2198 τὸν
1719 2171 1846 2205 σταυρόν.
1863 2172 1925 2198 Trita

295 2226 422 2258 saltatio,
447 2233 522 2253 nunc
544 2233 613 2253 crttx
631 2226 776 2254 irridetur.
792 2227 846 2255 Sed
861 2228 947 2256 David
973 2230 1084 2264 quidem

1141 2221 1191 2256 μὲν
1204 2222 1257 2255 γὰρ
1269 2221 1383 2255 δρχησις
1400 2219 1565 2252 ὠνειδίζετο,
1580 2219 1628 2245 νῦν
1651 2219 1678 2246 δὲ
1697 2219 1812 2254 σταυρὸς
1828 2221 1900 2245 ἐστιν
1913 2218 1926 2243 ὁ

294 2271 356 2297 data
373 2274 415 2298 est
425 2271 534 2306 pietatis
549 2279 665 2304 merces,
682 2272 834 2300 fecunditas
848 2274 996 2301 liberorum
1011 2275 1085 2309 quod

296 2315 322 2340 in
337 2316 394 2350 lege
410 2323 540 2350 magnum
557 2321 618 2344 erat
634 2317 746 2350 bonum;
765 2318 882 2346 Molcltol
908 2324 999 2347 autem
1023 2320 1084 2347 inli-

295 2359 416 2386 delitalis
435 2367 545 2388 umnam
564 2361 637 2394 tulit,
653 2362 760 2389 scilicet
778 2363 964 2391 sterilitatem.

330 2447 414 2476 Vens.
441 2449 486 2476 '22.
514 2450 548 2477 Et
569 2452 608 2478 sic
635 2451 755 2479 nudabor
780 2453 914 2486 adlmc,et
938 2462 983 2481 ero
1008 2455 1086 2483 vilis.

294 2493 404 2529 Aquila,
416 2495 455 2522 Ad
471 2495 527 2523 Iuvc
539 2496 655 2530 amplius
664 2497 867 2532 deltoneatabor,
875 2504 900 2526 et
913 2499 1020 2528 humilis
1028 2509 1074 2528 ero

559 2584 637 2612 CAP.
666 2585 711 2613 Vl.
730 2585 814 2623 [VIL]

331 2626 466 2662 VsnsKS.
498 2628 531 2656 Et
550 2630 618 2657 dia-it
647 2630 759 2660 Nalltan
785 2634 819 2660 ad
846 2641 958 2669 regem:
975 2634 1084 2667 Omnia,

294 2680 352 2707 qua:
368 2675 508 2708 concepisti
525 2675 552 2701 in
567 2676 646 2703 corde
661 2681 717 2709 tuo,
730 2678 806 2712 vade,
818 2684 843 2706 et
855 2679 910 2713 fac.
937 2679 1085 2715 Propheta:

294 2726 347 2745 non
364 2719 456 2746 omnia
475 2720 666 2755 providerunt,
685 2723 734 2751 sed
748 2724 794 2751 illa
810 2725 957 2758 duntaxat,
973 2734 1034 2761 qua}
1045 2726 1084 2754 di-

296 2763 358 2790 vina
373 2763 462 2797 gratia
476 2765 517 2792 eis
535 2766 676 2793 revelavit.
697 2768 735 2795 Ita
751 2769 862 2797 Samuel
875 2777 984 2805 quoque
1003 2772 1080 2805 igno—

328 2810 371 2836 "l
389 2811 477 2838 l’aral.
494 2819 538 2843 xv,
556 2812 598 2839 i5.

1139 2267 1348 2302 χλευαζόμενος.
1379 2265 1458 2291 ama
1472 2265 1511 2298 τῷ
1527 2265 1576 2300 μὲν
1591 2265 1673 2291 Δαὸὶδ
1696 2264 1774 2299 ἐδόθη
1786 2266 1835 2300 τῆς
1849 2265 1926 2290 εὐλα-

1139 2312 1216 2343 6είας
1235 2311 1328 2346 μισθὸς
1340 2311 1357 2345 ὴ
1373 2310 1537 2336 πολυτεκνία
1549 2318 1556 2326 ·
1582 2310 1661 2336 τοῦτο
1681 2309 1735 2346 γὰρ
1753 2314 1773 2328 ¹¹³
1789 2310 1827 2345 τῷ
1854 2310 1926 2343 νόμῳ

1140 2358 1212 2393 μέγα
1227 2355 1261 2392 ἦν
1273 2356 1375 2390 ἀγαθόν
1387 2364 1393 2371 ·
1413 2357 1446 2391 τῇ
1459 2356 1487 2383 δὲ
1499 2355 1607 2391 Μελχὸλ
1625 2356 1674 2390 τῆς
1688 2355 1817 2386 ἀπιστίας
1833 2354 1925 2390 μισθὸς

1139 2403 1262 2430 ἀτεκνία.
1277 2403 1308 2429 C.
1327 2403 1358 2430 Ι).

1175 2450 1228 2477 Καὶ
1249 2449 1543 2484 ἀποκίιίυφθήσομω
1574 2449 1619 2476 ἐτι
1634 2449 1740 2482 οὕτως,
1759 2449 1808 2475 καὶ
1822 2448 1927 2483 ἔσομαι

1138 2496 1269 2531 ἀχρεῖος.
1289 2496 1417 2528 Ἀκύλας,
1441 2496 1495 2523 Kal
1510 2495 1753 2530 ἀτιμασθήσομαι
1780 2496 1825 2523 ἐτι
1852 2494 1927 2528 ὑπὲρ

1139 2542 1239 2573 τοῦτο,
1253 2542 1300 2569 καὶ
1312 2542 1418 2576 ἔσομαι
1431 2541 1582 2572 ταπεινός.

1434 2587 1559 2613 ΚΕΦΛΛ.
1587 2588 1633 2620 (Γ.

1175 2632 1230 2659 Kal
1247 2629 1312 2658 εἷπε
1329 2630 1431 2658 Ναϐὰν
1444 2631 1518 2665 πρὸς
1534 2629 1860 2662 τὸνβασιλέα,11ἀντιι,
1872 2629 1927 2655 ὅσα

1139 2679 1178 2705 ἂν
1196 2678 1232 2704 ὲν
1247 2676 1283 2711 τῇ
1316 2676 1424 2710 καρδίᾳ
1446 2684 1516 2708 σου,
1542 2675 1657 2708 βάδιζε,
1683 2675 1733 2702 καὶ
1759 2676 1846 2702 ποίει.
1874 2674 1928 2708 Οὐχ

1138 2725 1248 2752 ἅπαντα
1262 2723 1416 2758 προῄδεσαν
1443 2722 1469 2748 οι
1498 2722 1650 2758 προφῆται,
1668 2722 1725 2748 ἀλλ’
1742 2722 1814 2756 ειπερ
1837 2722 1853 2756 ή
1871 2720 1927 2746 θεία

1136 2770 1216 2805 χάρις
1232 2768 1436 2796 ἀπεκάλυπτεν.
1454 2767 1548 2799 Οὖτως
1572 2769 1585 2794 ὸ
1600 2767 1729 2804 Σαμουὴλ
1742 2767 1860 2802 ἠγνόησε
1870 2765 1928 2792 τίνα

953 2847 1070 2875 VARI/E
1091 2849 1294 2877 LECTIONES.

312 2893 326 2913 κ
339 2892 379 2920 Ad
392 2900 468 2920 oram
485 2893 547 2920 libri
563 2894 697 2933 scriptum
713 2894 959 2933 erat_A6286_atpai_.
988 2894 1014 2933 λ]
1037 2895 1100 2933 "me
1122 2895 1349 2933 codexrltavateri
1373 2898 1520 2932 separabat
1535 2904 1550 2924 a
1568 2897 1758 2933 superioribus
1771 2895 1852 2932 quasi
1866 2901 1926 2922 ver-

295 2929 331 2957 ba
353 2932 444 2957 textus
461 2933 571 2962 esseut,
592 2936 646 2956 nou
663 2929 798 2964 Procopii.

840 2935 859 2948 οι
881 2930 912 2955 Ὃ
926 2929 964 2965 τῷ
981 2930 1065 2964 νόμῳ.
1087 2931 1115 2956 ὐ
1135 2931 1184 2964 τῆς
1202 2932 1268 2965 Λύγ.
1284 2932 1348 2958 κώδ-
