2086 3160
217 160 281 192 1133

721 164 991 196 COMMENTARII
1008 165 1051 199 IN
1068 167 1141 198 LIB.
1158 168 1189 198 ΙΙ
1207 169 1353 201 REGUM.

1777 174 1846 208 ιιθι

248 219 302 247 Kal
316 221 333 247 ό
345 221 474 255 Φιλετθι,
491 222 540 250 καὶ
553 224 570 250 ό
580 223 696 257 Χορηθί.
718 224 788 257 Τοὺς
810 225 997 260 σφενδονήτας,

1089 225 1173 255 Vsus.
1186 227 1230 255 18.
1247 228 1364 256 ΡΛίίειΙιὶ
1380 234 1405 257 et
1420 228 1535 258 Chmn‘.
1560 230 1744 266 Jaculatoret,
1761 238 1789 261 et
1802 242 1846 262 n-

211 266 258 292 atat
269 268 335 299 τοὺς
345 267 470 301 τοξότας,
485 269 557 296 οὕτω
574 270 663 296 καλεῖ.

513 315 639 342 ΚΕΦΔΛ.
658 316 701 342 Η’.
977 342 980 345 .

249 357 322 392 Τοὺς
345 360 495 394 μανδύας.
526 361 562 386 Ἢ
591 360 626 387 τὰ
649 359 809 394 καλούμενα
829 359 1002 397 ’Δρκαδίκια,

211 403 227 439 ἢ
244 405 277 431 τὰ
296 406 407 440 μαντία.
433 406 462 433 '0
479 406 507 433 δὲ
527 405 655 438 Ἀκύλας,
667 406 809 441 χιτῶνας,
829 408 926 443 φησίν.

503 507 630 536 ΚΕΦΛΛ.
645 509 685 537 6'.

246 553 301 579 Kal
318 554 342 580 εί
354 554 481 588 ὑγιαίνει
495 555 512 581 ό
527 556 670 589 πόλεμος.
700 555 784 591 ’Δλλη
811 555 930 587 ἐκδοσις,
953 555 1001 582 καὶ

210 599 253 631 εἰς
268 598 392 634 εἰρήνην
401 600 455 627 τοῦ
466 599 613 635 πολέμου.

507 647 635 673 ΚΕΦΑΛ.
654 647 682 674 Ι’.

247 691 302 717 Τοῦ
318 690 443 724 ποιῆσαι
466 691 506 724 τῷ
537 692 623 725 ἀνδρὶ
639 692 678 725 τῷ
691 692 780 725 ξένῳ.
807 692 888 720 Ξένον
920 693 1001 720 καλεῖ

209 735 255 762 τὸν
266 735 382 769 πονηρὸν
393 735 532 770 λογισμὸν,
541 736 579 767 ὡς
589 736 689 768 ἔξωθεν
699 738 765 773 ἡμῖν
783 737 1000 773 προσϐάλλοντα,

209 780 257 807 καὶ
273 781 309 816 μὴ
327 781 397 807 κατὰ
408 780 488 815 φύσιν
501 780 567 808 ῦντα
584 783 612 808 ὲν
625 782 702 816 ἡμῖν.

246 828 305 853 Ὅτι
320 826 405 859 ἄξιος
419 828 435 854 ό
450 827 537 861 ἀνὴρ,
554 829 570 854 d
582 828 714 862 ποιήσας
732 826 831 861 τοῦτο,
858 829 1000 857 θανάτου.

210 873 297 899 Ίόῦτο
317 873 376 908 μὲν,
399 872 581 908 ὑπερϐολικόν
592 881 600 888 ·
615 874 645 900 τὸ
660 873 688 899 δὲ
700 874 828 901 ἀποτῖσαι
845 875 998 909 τετραπλα-

210 918 296 949 clava,
310 918 380 944 κατὰ
395 919 487 954 νόμον.

242 962 328 990 Εἶναί
339 972 389 990 σοι
413 965 457 997 εις
476 963 615 998 γυναῖκα.
643 964 819 991 Αίνιττεταιὸ
841 965 932 1000 λόγος,
958 966 999 992 ὅτι

209 1009 315 1035 πλέονό
329 1009 394 1040 Θεὸς
421 1009 589 1044 ἐχαλέπηνεν
622 1009 670 1035 ἐπὶ
696 1009 735 1045 τῷ
758 1010 878 1046 γάμῳ,ἢ
898 1012 931 1046 τῇ
948 1012 1002 1047 πρὸ

207 1055 304 1082 τούτου
332 1056 449 1092 μοιχείᾳ.
476 1056 532 1090 Τὴν
561 1055 612 1091 μὲν
625 1055 693 1091 γὰρ,
708 1055 784 1092 πόθῳ
802 1057 937 1092 καρωθεὶς
957 1058 1000 1090 ἑξ-

208 1101 371 1135 ειργὰσατοο
385 1102 398 1128 ὀ
412 1101 452 1134 δὲ,
464 1101 596 1137 λογισμοῦ
623 1101 823 1135 συγκατάθεσιν
854 1102 921 1137 ἔχει.
934 1104 999 1130 Δέον

207 1145 314 1179 γὰρὲπὶ
328 1146 436 1182 μοιχείᾳ
458 1146 505 1173 καὶ
517 1147 591 1182 φόνῳ
613 1146 733 1182 θρηνεῖν,
751 1147 835 1183 γάμῳ
846 1148 998 1184 παρανόμῳ

209 1190 348 1228 συνῄνεσε.
492 1204 494 1206 ·

244 1327 297 1355 Καὶ
307 1327 443 1362 λήψομαι
458 1327 513 1360 τὰς
526 1327 682 1361 γυναῖκας,
700 1328 748 1355 καὶ
765 1327 851 1354 δώσω
868 1328 908 1361 τῷ
919 1330 999 1363 πλη-

206 1374 278 1400 σίον
291 1381 359 1400 σου.
377 1373 492 1408 Ὅμοιον
507 1372 545 1408 τῷ
557 1381 564 1388 ·
583 1383 592 1398 ι
605 1373 766 1408 Παρέδωκεν
783 1375 881 1406 αὐτοὺς
897 1375 912 1401 ὁ
932 1375 999 1407 Θεὸς

206 1422 246 1450 si;
259 1420 333 1454 πάθη
349 1419 472 1454 ἀτιμίας.
483 1419 550 1445 »Τοῦ
567 1418 636 1445 Θεοῦ
647 1419 744 1454 δηλοῦν
754 1420 804 1455 τὴν
814 1419 998 1455 συγχώρησιν.

207 1466 295 1492 Ὅπου
309 1473 341 1499 γε
352 1465 399 1492 καὶ
418 1464 516 1492 Ἰακὼϐ
545 1465 595 1499 τὴν
615 1465 717 1500 Σίκιμα
732 1466 808 1501 παρὰ
820 1465 933 1501 γνώμην
949 1466 999 1492 αὑ-

206 1511 253 1536 τοῦ
267 1512 505 1545 καταστραφεῖσαν
523 1511 575 1537 ὑπὸ
587 1510 701 1546 Συμεὼν
719 1511 767 1537 καὶ¹
784 1510 852 1536 Λευῒ
865 1511 920 1537 τῶν
932 1511 997 1537 παί-

206 1555 270 1587 δων,
288 1553 329 1586 οἷς
360 1556 529 1590 ἐπηράσατο.
553 1555 737 1590 κληρονομίαν
763 1554 854 1588 ἀφιεὶς
877 1555 994 1589 Ἰωσήφ’

209 1610 219 1626 ι
235 1602 286 1627 Ἦν
300 1601 405 1635 ἑλαὸον,
419 1601 494 1637 φησὶ,
508 1600 548 1636 τῷ
565 1601 635 1637 τόξῳ
656 1609 717 1636 μου,
731 1610 740 1626 ι
756 1600 786 1627 τὺ
796 1599 852 1626 τῶν
868 1601 933 1628 υιῶν
946 1602 995 1628 αὑ-

205 1646 264 1678 τοῦ,
282 1647 329 1672 καὶ
356 1646 432 1682 παρὰ
454 1646 569 1682 γνώμην
587 1646 709 1682 γεγονὸς,
742 1644 928 1680 οἰκειούμενος
951 1646 997 1683 ερ-

206 1700 264 1725 γον.

244 1739 286 1765 Οὐ
292 1737 337 1772 μὴ
353 1736 520 1771 ἀποθάνῃς.
533 1737 649 1764 Διπλοῢν
664 1738 736 1766 κατὰ
746 1739 793 1765 τὸν
810 1739 891 1775 νόμον
899 1738 997 1772 ὤφειλε

207 1782 333 1814 θάνατον,
351 1783 397 1810 ἐπὶ
412 1784 519 1819 μοιχείᾳ
549 1784 598 1810 καὶ
614 1783 698 1819 φόνῳ,
711 1785 758 1811 τὸν
773 1784 801 1811 δὲ
815 1785 831 1820 ή
848 1785 897 1820 τῆς
908 1785 998 1820 ἀμαρ-

206 1829 266 1860 τίας
281 1829 412 1865 ὁμολογία
423 1830 608 1866 παρήνεγκεν.

243 1918 435 1953 Παρώργισας
460 1919 522 1952 τοῖς
550 1919 700 1953 ἐναντίοις
732 1920 849 1954 Κύριον.
878 1920 997 1953 ’Δκύλας

207 1964 382 2000 σαφέστερον,
395 1964 584 1998 παρώξυνας,
599 1966 691 2001 φησὶν,
708 1965 780 1998 τοὺς
795 1965 924 2001 ἐχθροὺς
940 1968 996 1993 Κυ-

201 2010 281 2044 ρίου.
296 2010 454 2045 Γυμνωθεὶς
477 2011 532 2046 γὰρ
552 2012 602 2047 τῆς
625 2010 702 2043 Θείας
722 2011 897 2046 κηδεμονίας,
921 2020 994 2047 παρ-

205 2055 335 2083 εσκεύασε
351 2055 415 2088 τοὺς
431 2055 598 2091 ἀλλοφύλους
619 2057 709 2093 νικᾷν,
731 2057 778 2084 καὶ
797 2057 870 2091 μέγα
885 2059 995 2092 φρονεῖν

205 2102 275 2127 κατὰ
290 2101 337 2128 τοῦ
355 2100 410 2128 τῶν
434 2101 504 2128 ὅλων
519 2101 599 2128 Θεοῦ.
617 2102 790 2138 Προσήλυτος
811 2101 840 2128 δὲ
854 2102 956 2137 Οὐρίας
969 2107 992 2129 Ρ.

204 2147 334 2174 Χετταῖον
346 2147 401 2183 γὰρ
415 2147 498 2174 αὐτόν
514 2156 597 2182 φησιν
611 2148 626 2173 ὁ
637 2148 714 2180 Θεός.

239 2193 292 2219 Καὶ
310 2193 326 2220 ό
342 2195 408 2225 υίός
425 2201 496 2226 σου,
512 2195 529 2220 ό
541 2194 655 2228 τεχθεις
670 2201 731 2225 σοι,
747 2193 863 2228 θανάτῳ
877 2194 991 2222 ἀποθα-

203 2237 306 2264 νεῖται.
321 2238 450 2274 Ἔλεγχος
470 2239 524 2274 γὰρ
539 2239 588 2274 τῆς
603 2239 776 2275 παρανομίας
797 2240 903 2274 ἐγίνετο
926 2239 990 2271 ζῶν.
1010 2253 1033 2281 D

204 2283 342 2315 Εὑσεὸοῦς
355 2285 402 2311 οὒν
417 2284 550 2319 βασιλέως
564 2285 712 2321 κηδόμενος
729 2286 742 2312 ὁ
755 2285 832 2317 Θεὸς,
850 2286 881 2312 τὸ
897 2286 992 2313 τούτου

204 2330 379 2365 παρήνεγκεν
393 2331 505 2363 ὄνειδος.

240 2376 320 2402 Ἤτοι
342 2376 481 2411 μοιχίδιον.
499 2376 631 2409 Τοσοῦτος
655 2377 685 2403 δὲ
708 2378 722 2403 ὸ
737 2377 920 2413 καταῦληθεὶς
942 2378 992 2414 τῆς

205 2422 350 2456 μετανοίας
373 2422 497 2457 καρπὸς,
523 2422 562 2454 ὡς
580 2423 628 2449 καὶ
655 2423 816 2460 προπάτορα
840 2423 923 2450 αὑτὸν
942 2424 993 2459 τῆς

203 2468 274 2494 κατὰ
291 2468 380 2503 σάρκα
392 2469 545 2504 γεννήσεως
558 2468 654 2496 ἑαυτοῦ
666 2470 698 2496 ὲκ
710 2469 812 2505 ταύτης
828 2470 992 2506 γεγενῆσθαι

201 2514 251 2548 τῆς
265 2514 406 2547 γυναικός.
422 2514 454 2540 ϐ.
472 2514 505 2541 L.

237 2559 377 2586 Ειεδιδια.
403 2560 530 2593 Ἀκύλας,
555 2561 661 2588 ἕνεκεν
683 2561 803 2596 Κυρίου.
830 2561 991 2597 Σύμμαχος,

202 2605 246 2637 εὶς
261 2605 396 2636 βασιλέα
407 2605 630 2640 ἀφωρισμένον,

238 2648 295 2676 Καὶ
308 2649 462 2685 διέπρισεν
478 2651 512 2678 ἐν
529 2652 663 2686 πρίοσιν.
678 2652 736 2678 Οὐκ
756 2651 898 2688 ὠμότητος
912 2651 991 2688 τοῦρ-

202 2703 267 2729 γον,
292 2695 360 2722 ἀλλὰ
386 2696 493 2728 δικαίας
521 2696 626 2732 ποινῆς.
645 2697 706 2724 Τῶν
729 2698 784 2734 γὰρ
805 2698 989 2735 Ἰσραηλιτῶν,

256 2781 281 2797 ¹⁶
301 2780 383 2809 Rom.
395 2789 414 2815 ι,
433 2781 478 2809 26.

1054 272 1180 307 giltarios
1193 273 1244 301 hoc
1259 274 1370 301 nomine
1383 274 1511 309 appellat.

1323 318 1401 346 CAP.
1427 318 1483 346 Vlll
1511 319 1570 357 [ῃ.

1090 362 1173 391 Vens.
1186 363 1214 391 4.
1226 363 1370 391 Prtescidit
1382 370 1463 392 vestes
1483 365 1612 400 ipsorum.
1641 366 1687 395 Vel
1697 374 1756 399 eas.
1773 376 1843 404 quas

1053 409 1204 437 Arcadicas
1223 409 1370 444 nominat;
1388 410 1440 442 vel,
1457 410 1491 438 τὰ
1518 412 1628 447 μαντία.
1643 413 1741 449 Aquila
1757 414 1842 444 luter-

1054 459 1192 491 pretatur,
1207 455 1334 491 χιτῶνας.

1328 501 1406 530 CAP.
1428 501 1464 529 1x
1494 502 1564 539 [κη.

1088 545 1172 574 Vsus.
1202 545 1230 574 7.
1261 548 1293 575 Si
1316 547 1413 575 bellum
1444 548 1594 579 invalescit.
1623 551 1683 578 Alia
1705 553 1844 586 expositio

1053 591 1146 625 habet,
1162 593 1227 620 etin
1248 601 1340 627 pacem
1350 594 1422 621 belli.

1328 638 1408 666 CAP.
1428 638 1453 666 x
1485 639 1568 676 [xu].

1088 681 1171 711 Vens.
1184 683 1210 710 4.
1231 683 1466 712 Utmactaretvim
1487 687 1592 721 hospiti.
1610 686 1724 715 Pravam
1741 690 1844 725 cogita-

1054 728 1155 755 tionem
1177 730 1313 765 hospitem
1330 731 1460 765 appellnt,
1473 737 1502 758 ut
1518 740 1579 767 quae
1589 732 1746 762 forinsecus
1762 735 1842 763 nobis

1053 773 1229 807 immittatur,
1245 779 1271 802 et
1287 783 1343 803 non
1360 780 1459 803 natura
1477 777 1557 805 nobis
1569 778 1646 805 insit.

1088 818 1172 847 Vens.
1190 819 1216 847 5.
1235 819 1293 853 Vir,
1307 821 1353 855 qui
1365 821 1427 855 fecit
1439 821 1497 853 hoc,
1512 821 1608 857 dignus
1619 827 1657 849 est
1671 827 1766 851 morte.
1784 821 1843 851 Hoc

1053 864 1162 899 quidem
1179 865 1289 892 modum
1304 866 1548 900 excedil,reddere
1562 874 1627 895 vero
1643 866 1841 902 quadruplum.

1018 910 1040 940 Β
1054 910 1183 945 congruit
1201 917 1264 937 cum
1282 909 1350 946 lege.

1089 954 1172 982 Vens.
1191 956 1217 983 9.
1247 955 1280 984 Ut
1303 957 1351 983 tibi
1371 963 1438 985 esset
1467 958 1495 986 in
1512 966 1632 986 uxorem.
1658 957 1715 986 llac
1733 959 1842 986 ratione

1053 1001 1172 1028 obscure
1184 1002 1356 1037 signiﬁcatur
1378 1002 1463 1031 Deum
1481 1003 1542 1039 plus
1553 1004 1605 1031 hoc
1614 1004 1742 1039 conjugio
1754 1004 1842 1031 oll'eu-

1053 1053 1114 1073 sum
1130 1053 1201 1079 esse,
1230 1054 1312 1082 quam
1346 1047 1491 1081 adulterio,
1518 1049 1592 1083 quod
1614 1048 1666 1076 hoc
1690 1050 1840 1084 pnecessit.

1052 1091 1225 1119 Adulterium
1243 1092 1316 1120 enim
1337 1093 1487 1128 cupiditate
1502 1095 1592 1122 victus
1605 1095 1760 1128 commisit;
1778 1102 1842 1122 cou-

1049 1135 1156 1171 jugium
1187 1143 1279 1164 autem
1321 1137 1531 1167 deliberaIiOuis
1563 1146 1708 1166 assensum
1749 1139 1840 1167 habet.

1051 1181 1177 1217 Cumque
1189 1187 1302 1218 propter
1331 1183 1546 1217 adulterium,et
1563 1184 1743 1212 homicidium
1760 1185 1840 1220 plan-

1051 1236 1116 1264 gere
1137 1228 1261 1261 deberet,
1275 1229 1343 1265 ipse,
1376 1231 1553 1258 matrimonio
1572 1235 1670 1258 contra
1685 1231 1758 1267 leges
1774 1238 1842 1258 con-

1051 1279 1152 1308 tracto,
1167 1283 1230 1303 cum
1246 1283 1278 1304 ea
1296 1277 1359 1304 vitae
1374 1277 1602 1305 consuetudinem
1626 1278 1731 1306 habuit.

1085 1320 1170 1349 Vens.
1188 1321 1232 1349 ll.
1250 1320 1355 1349 Tollam
1366 1330 1461 1349 uxores
1472 1327 1576 1355 tuos,et
1589 1322 1658 1350 dabo
1667 1330 1712 1351 eos
1726 1328 1770 1350 tuo
1777 1331 1841 1358 pro-

1050 1367 1158 1401 pinquo.
1176 1366 1272 1394 Simile
1302 1371 1344 1395 est
1374 1367 1455 1394 huic:
1471 1376 1480 1393 ι
1511 1367 1640 1398 Tradidit
1666 1376 1714 1396 eos
1728 1368 1841 1396 Deusiu

1049 1411 1217 1446 cupiditates
1243 1411 1403 1446 ignominiae
1416 1413 1448 1439 ".
1467 1421 1475 1438 ι
1492 1412 1539 1440 Dei
1567 1413 1777 1447 permissionem
1802 1414 1841 1441 si-

1050 1457 1194 1492 gniﬁcans.
1214 1456 1443 1493 Quandoquidem
1471 1458 1555 1485 etiam
1570 1458 1656 1487 Jacoh
1667 1459 1701 1487 de
1717 1459 1839 1493 Sichem.

1049 1507 1146 1530 contra
1178 1503 1263 1530 animi
1299 1503 1342 1531 sui
1359 1504 1540 1537 sententiam,
1558 1511 1572 1531 a
1589 1504 1718 1532 Simeone
1732 1510 1759 1533 et
1774 1504 1840 1533 Levi

1050 1547 1113 1575 ﬁliis
1131 1555 1239 1580 eversa,
1253 1555 1324 1584 quos
1352 1547 1475 1582 devovit,
1492 1549 1590 1576 relicta
1607 1549 1768 1578 haereditate
1787 1551 1840 1586 ipsi

1008 1584 1178 1629 c.losepho,
1210 1594 1248 1620 ita
1281 1593 1425 1628 loquitur:
1458 1603 1469 1620 ι
1502 1593 1588 1628 Quam
1615 1600 1747 1630 ceperunt
1773 1584 1840 1624 arcu

1048 1647 1129 1673 meo;
1152 1649 1160 1666 ι
1177 1639 1285 1668 fucinus
1297 1641 1416 1668 [illorum
1436 1649 1550 1669 suorum
1562 1661 1571 1674 ,
1589 1647 1685 1670 contra
1709 1643 1840 1671 volunta-

1047 1686 1101 1714 tem
1117 1694 1195 1714 suam
1212 1687 1316 1715 editum
1334 1688 1387 1716 sibi
1404 1688 1561 1716 ascribens.

1084 1733 1166 1762 Vsus.
1182 1734 1227 1762 15.
1239 1733 1301 1762 Νοη
1313 1734 1560 1771 morieris.Duplici
1571 1739 1671 1770 morte,
1688 1736 1840 1765 secundum

1047 1778 1146 1814 legem,
1161 1778 1318 1813 puniendus
1345 1783 1415 1808 erat.
1442 1779 1578 1813 Primum,
1604 1783 1719 1815 propter
1733 1781 1841 1808 adulte-

1046 1826 1137 1858 rium;
1155 1824 1265 1856 deinde,
1276 1830 1390 1860 propter
1403 1825 1595 1853 homicidium.
1608 1826 1746 1854 Caeterum
1763 1833 1834 1854 cou-

1046 1869 1132 1898 fessio
1153 1874 1330 1905 peccatorum
1347 1877 1456 1905 pinnam
1470 1871 1624 1899 transtulit.

1083 1915 1167 1945 Vens.
1190 1916 1413 1945 ILAdversariis
1436 1916 1768 1954 [παρώργισας]ἱννίιαιιὶ
1785 1918 1840 1946 Ito-

1047 1961 1158 1988 mimtm.
1176 1961 1276 1996 Aquila
1290 1961 1399 1996 planius
1411 1962 1492 1994 dicit,
1505 1961 1678 1998 παρώξυνας,
1697 1961 1840 1990 Επασιιίδιί

1046 2005 1133 2033 hostes
1150 2004 1267 2033 Domini.
1293 2005 1341 2032 Dei
1363 2005 1435 2032 enim
1459 2005 1655 2040 procuratione
1675 2006 1837 2039 destitutus.

1046 2051 1138 2079 ell‘ecit
1165 2055 1194 2078 ut
1211 2050 1371 2086 alienigenae
1392 2051 1512 2079 victores
1527 2051 1689 2084 evaderent,
1701 2056 1729 2079 et
1742 2059 1838 2088 super-

1046 2098 1139 2126 birent
1157 2102 1254 2124 contra
1275 2095 1398 2124 universi
1426 2096 1610 2124 conditorem.
1639 2097 1721 2125 Urias
1745 2103 1835 2126 autem

1045 2143 1211 2180 proselytus.
1226 2141 1380 2170 Chettaum
1397 2143 1472 2170 enim
1491 2141 1563 2170 Deus
1580 2142 1712 2177 appellat.

1080 2186 1116 2214 Et
1135 2186 1207 2222 ﬁlius
1227 2190 1299 2219 tuus,
1315 2186 1362 2222 qui
1376 2186 1424 2213 tibi
1439 2190 1518 2213 natus
1528 2191 1579 2219 est,
1593 2187 1731 2214 morietur.
1747 2186 1834 2214 Filius

1045 2231 1118 2260 enim
1149 2234 1290 2266 superstes
1319 2234 1502 2266 transgressa:
1538 2229 1608 2266 legis
1638 2236 1831 2266 argumentum

1046 2281 1115 2305 erat.
1131 2276 1203 2305 Deus
1217 2277 1319 2311 itaque,
1332 2276 1370 2312 pii
1389 2276 1461 2312 regis
1476 2283 1570 2304 curam
1593 2283 1705 2312 gerens,
1722 2277 1835 2304 sustulit

1045 2323 1107 2358 ejus
1121 2321 1308 2358 opprobrium.

1081 2367 1199 2396 Puerum
1216 2367 1321 2395 scilicet
1338 2365 1535 2395 adulterinum.
1551 2365 1585 2394 Et
1598 2369 1690 2394 tantus
1705 2365 1759 2396 fuit
1773 2374 1834 2402 pa:-

1045 2414 1169 2442 nitentiae
1193 2413 1297 2441 fructus
1311 2417 1342 2441 ut
1352 2420 1421 2441 avus
1443 2413 1502 2448 ipse
1521 2411 1626 2440 Christi
1644 2412 1833 2448 generationis

1042 2459 1194 2487 secundum
1208 2465 1320 2486 carnem
1337 2465 1371 2486 ex
1385 2458 1481 2486 eadem
1497 2457 1613 2486 muliere
1627 2461 1802 2486 nasceretur.

1075 2558 1193 2587 Iedidia.
1207 2558 1316 2594 Aquila,
1336 2562 1445 2594 propter
1461 2556 1619 2585 Dominum.
1635 2556 1829 2593 Symmachus.

1041 2609 1205 2642 segregatum
1220 2606 1247 2632 in
1265 2613 1359 2641 regem.

1079 2650 1164 2679 Vens.
1185 2651 1230 2678 3i.
1251 2649 1401 2677 Combum't
1420 2658 1499 2684 super
1513 2657 1614 2678 sertas.
1640 2648 1701 2678 Non
1716 2648 1833 2677 crudeli~

1045 2696 1111 2724 tatis
1126 2696 1174 2724 sed
1191 2696 1273 2731 justaa
1288 2702 1376 2731 plena:
1399 2702 1468 2730 opus
1491 2694 1555 2723 fuit.
1580 2694 1745 2723 Ammanitae
1758 2694 1831 2722 enim

856 2827 975 2856 νΑιιιΑι
994 2826 1199 2856 LECTIONES.

238 2877 253 2900 ν
264 2873 333 2902 Male
343 2874 401 2904 haec
410 2882 519 2912 quoque
529 2875 614 2904 codex
626 2873 753 2904 Lavateri
770 2874 916 2910 separabat
933 2882 948 2901 a
964 2873 1200 2909 praecedentibus;
1217 2873 1297 2909 quasi
1306 2877 1406 2910 textus,
1421 2881 1477 2904 non
1494 2874 1621 2912 Procopii
1631 2874 1714 2904 verba
1724 2879 1828 2904 essent.

1850 2488 1857 2527 ξ
