2086 3160
265 160 335 193 1135

931 160 1109 192 PROCOPII
1131 161 1252 192 ΟΑΖᾹΞΙ

1820 162 1888 195 1126

263 217 459 248 lsraelitarum,
473 215 699 251 quemadmodum
715 216 841 252 legimus,
859 216 971 245 dextros
986 225 1047 244 ocu-

1102 218 1140 250 ὡς
1159 218 1294 254 ἔγνωμεν,
1325 218 1494 254 Ἄμμωνῖται
1518 219 1581 250 τοὺς
1608 218 1712 252 δεξιοὺς
1740 219 1890 255 ἐξώρυττον

263 265 303 292 los
323 264 466 290 eruebant.
488 262 564 289 Alias
586 270 695 297 quoque
717 263 851 297 ejusmodi
873 263 1050 292 crudelitates

263 309 421 337 exercuisse
436 312 530 336 notum
546 312 588 335 est
604 316 637 335 ex
650 308 802 343 prophetis.

527 354 603 382 CAP.
624 354 658 382 XI
690 354 784 391 [XIII].

296 401 380 428 Vnus.
400 401 428 428 5.
442 400 566 428 Ionadab
587 401 627 427 uir
648 405 705 428 erat
727 401 804 428 valde
823 401 949 435 prudens.
966 401 1050 436 Atqui

262 447 385 482 iniquum
411 450 438 474 et
451 446 583 481 injustum
598 445 673 474 dedit
687 447 843 474 consilium.
865 447 972 475 Laudat
984 456 1050 483 prn-

262 493 393 524 dentiam.
417 493 469 520 etsi
496 493 567 520 male
587 500 618 519 ea
646 500 713 520 usus
741 493 778 520 sit
802 492 1046 528 (quemadmodum

262 537 348 565 etiam
376 541 530 572 serpentem
556 536 698 571 Scriptura
737 536 971 571 sapientissimum
1000 544 1051 572 ap-

261 585 366 621 pellat),
382 585 560 620 quamobrem
588 584 652 611 mali
670 583 778 611 consilii
795 590 890 618 ptenas
905 583 1048 618 persolvit.

265 641 274 656 «
287 630 355 658 Nam
369 631 491 662 videbas,
512 629 610 664 inquit,
628 630 724 661 l‘urem,
735 632 761 656 et
779 628 910 655 currebas
929 635 991 655 cum
1003 636 1048 661 eo,

261 683 288 705 et
304 685 366 704 cum
385 677 509 704 adultero
524 679 630 711 partem
648 678 724 701 tuam
740 673 912 709 ponebas“".
931 682 940 699 ι

296 722 381 749 Vens.
395 722 438 749 18.
451 721 552 748 Tunica
562 721 668 748 (alaris.
681 719 1048 755 Symmachus,xetpt6mrég,

261 767 426 794 manuleata.
449 766 560 800 Aquila,
584 765 742 800 καρπωτὺς,
768 763 933 796 manuleala,
947 763 987 790 vel
1003 771 1049 790 ea-

261 812 373 846 rieguta,
392 819 441 846 pro
459 818 491 838 eo
509 809 581 845 quod
598 814 648 841 est,
668 810 776 837 fructus
793 810 913 836 intextus
934 808 1047 836 habens.

261 857 347 884 Hodie
375 856 547 892 pluntaricon
577 855 728 891 appellant.
755 854 906 890 Josephus,
921 854 954 882 ad
980 854 1050 881 talos

259 910 346 937 usque
361 902 522 932 demissam,
536 901 673 928 nominat.

295 948 378 976 Vens.
399 948 445 975 37.
466 946 506 974 Ad
525 947 641 974 Tholmi.
657 946 696 972 Ad
713 953 797 973 avum
812 950 964 973 maternum
983 953 1048 980 pro-

260 995 339 1031 fugit.
355 992 448 1020 Maach
469 991 553 1023 enim,
570 994 658 1017 mater
671 991 767 1025 ipsius,
788 990 837 1018 fuit
856 990 910 1017 lilia
927 989 1050 1018 Tholmi.

259 1041 304 1076 qui
319 1039 464 1074 imperium
481 1036 569 1063 tenuit
587 1036 614 1063 in
630 1035 743 1064 Gessur.

517 1081 595 1110 CAP.
617 1081 664 1109 xn
695 1082 792 1119 [xw].

296 1131 377 1158 Vens.
399 1131 424 1157 7.
446 1128 481 1156 Et
504 1129 655 1156 occiduum:
681 1137 740 1155 eum
763 1137 811 1163 pro
840 1130 931 1156 annua
956 1129 1050 1165 fratris

259 1177 313 1204 sui.
329 1176 459 1202 Latenter
482 1173 572 1200 innuit
590 1172 731 1207 Davidem,
750 1175 796 1208 qui
821 1182 909 1210 neque
928 1175 961 1202 de
983 1175 1051 1202 Am-

259 1229 340 1250 mone
352 1228 449 1256 poenas
460 1219 589 1254 sumpsit,
603 1227 691 1254 neque
714 1220 872 1248 Absalomis
890 1221 1049 1249 maestitiam

258 1267 373 1304 depulit,
387 1273 469 1298 nunc.
496 1268 605 1301 peracta
623 1273 662 1298 re,
684 1273 744 1300 quae
762 1266 861 1293 mutari
878 1273 932 1293 non
947 1267 1048 1302 possit,

258 1313 360 1340 frustra
380 1311 473 1339 irasci.

293 1357 377 1385 Vens.
394 1357 440 1385 20.
475 1356 509 1383 Ut
532 1360 640 1384 uerteret
668 1355 765 1390 faciem
799 1356 928 1383 sermonis
957 1356 1047 1391 hujus.

257 1403 414 1438 Quomodo,
431 1402 529 1437 inquit,
543 1407 621 1437 potes
644 1402 729 1429 tilium
746 1410 837 1429 meum
859 1410 873 1429 a
891 1403 964 1430 caede
979 1403 1048 1430 libe-

258 1458 330 1483 rare,
356 1456 419 1477 cum
441 1447 526 1475 ﬁlium
550 1451 628 1474 tuum
654 1455 709 1474 non
738 1447 874 1475 reducas?
900 1448 951 1475 hoc
975 1449 1047 1476 enim

258 1497 332 1524 illius
357 1495 409 1528 rei,
428 1494 525 1529 inquit,
552 1493 604 1521 erit
630 1494 796 1529 exetnplutn.
824 1493 853 1521 Si
883 1494 967 1521 tilium
994 1502 1047 1522 non

258 1541 386 1573 reducas,
410 1539 511 1572 tribus,
541 1538 666 1567 idoneam
694 1539 826 1567 habentes
851 1546 977 1573 causam,
1008 1540 1046 1567 tui

258 1588 305 1615 filii
323 1587 428 1622 fugam,
456 1585 503 1614 tibi
522 1585 734 1614 contradicturae
757 1590 831 1613 sunt.
851 1586 924 1614 Cave
952 1586 1046 1621 igitur,

257 1641 291 1661 ne
302 1634 402 1668 populo
421 1631 528 1659 Domini
542 1631 624 1658 talem
635 1639 730 1658 ens-um
746 1631 911 1666 obloquendi
927 1632 1048 1660 dederis.

257 1679 361 1706 Deinde
387 1677 420 1705 de
447 1681 534 1704 morte
561 1677 719 1705 Absalomis
757 1684 848 1712 regem
876 1678 1048 1705 consolatur.

257 1722 493 1757 Quemadmodum
518 1721 590 1749 enim
613 1729 683 1756 aqua
713 1721 799 1749 edusa
825 1729 880 1749 non
900 1723 1048 1758 colligitur,

258 1771 294 1797 ita
308 1769 364 1805 jam
389 1772 514 1795 mortuus
537 1774 591 1794 non
615 1772 750 1803 resurget.
771 1767 827 1795 Cur
850 1768 935 1804 igitur
951 1776 1049 1804 super-

257 1816 322 1844 stite
335 1815 418 1842 etiam
432 1813 535 1848 privari
552 1813 717 1840 contendis?

293 1860 374 1896 525
408 1859 441 1886 Ut
465 1859 547 1894 facies
573 1859 793 1886 circumdamur.
813 1859 931 1892 Directe,
948 1861 1049 1896 inquit,

257 1908 414 1943 supplicare
428 1914 482 1933 non
508 1906 618 1939 licebat,
642 1906 713 1933 unde
736 1906 874 1941 suggessit
891 1907 970 1941 Inibi,
987 1907 1047 1935 ilio-

257 1961 318 1980 rum
338 1952 485 1979 verborum
513 1950 678 1978 circuitione
701 1958 770 1986 opus
794 1959 868 1985 esse,
893 1952 963 1979 utin
987 1953 1049 1980 [icto

257 2007 324 2026 casu
338 1998 478 2034 proprium
495 2005 623 2030 cernens,
640 2003 710 2029 eam,
729 2005 811 2031 quant
828 1998 893 2025 mihi
915 1998 1048 2027 medelam

257 2045 386 2074 adhibere
402 2044 525 2076 voluisti,
539 2043 589 2070 tibi
606 2043 659 2078 ipsi
672 2043 816 2071 adhibeas.

515 2089 592 2117 CAP.
613 2088 671 2116 xtn
702 2088 784 2126 [XV].

254 2147 258 2154 ι
294 2135 376 2164 Vnus.
406 2136 451 2164 25.
480 2135 570 2162 Reduc
597 2143 690 2162 arcent
715 2135 826 2162 Domini
852 2135 880 2163 in
911 2135 1038 2171 oppidum

256 2182 485 2218 Quandoquidem
503 2182 660 2218 religiosus,
673 2187 699 2209 et
717 2182 849 2217 propheta
873 2187 943 2216 erat,
968 2184 1049 2212 intel-

1101 264 1269 299 ὀφθαλμούς.
1293 265 1349 290 Καὶ
1365 265 1414 296 τὰς
1431 265 1514 296 ἄλλας
1537 265 1565 291 δὲ
1582 264 1685 292 τούτων
1702 264 1844 301 ὠμότητας
1864 266 1891 293 οι

1103 311 1243 346 προφῆται
1260 311 1426 338 διδάσκουσι.

1401 357 1526 384 ΚΕΦΔΔ.
1547 356 1597 384 1Ᾱ¹.

1138 401 1193 428 Καὶ
1207 401 1353 429 Ἰωνάδαϐ
1371 402 1450 437 ἀνὴρ
1480 403 1626 437 φρόνιμος
1647 403 1775 438 σφόδρα.
1794 404 1892 431 Καίτοι

1102 448 1248 484 παράνομα
1266 448 1489 476 συνεϐούλευσεν.
1512 449 1634 476 Ἐπαινεϊ
1650 449 1696 476 οὖν
1713 450 1763 481 τὰς
1777 451 1891 486 φρένας,

1102 494 1125 520 εί
1145 494 1192 520 καὶ
1215 494 1308 525 κακῶς
1327 495 1429 526 ἐκεῖνος
1444 495 1541 526 αὑταῖς
1556 495 1702 531 ἐχρήσατο,
1724 495 1762 527 ὡς
1782 495 1894 522 καὶτὸν

1100 539 1162 573 ὄφιν
1177 539 1383 575 φρονιμώτατον
1399 548 1482 575 φησιν
1503 541 1519 576 ή
1545 541 1655 576 Γραφή.
1672 541 1822 577 Τοιγαροῦν
1845 542 1894 568 καὶ

1100 586 1149 621 τῆς
1158 586 1246 620 κακῆς
1256 586 1408 622 συμϐουλῆς
1421 586 1494 613 ἔτισε
1509 587 1598 619 δίκας.
1614 597 1624 612 ε
1638 587 1668 614 Εἰ
1679 587 1807 622 ὲθεώρεις
1822 587 1890 622 γὰρ,

1101 631 1169 666 φησὶ
1181 652 1188 664 ,
1212 631 1344 666 κλέπτην,
1367 632 1528 668 συνέτρεχες
1542 633 1628 669 αύτῷ,
1644 633 1690 660 καὶ
1707 633 1778 660 κατὰ
1795 634 1892 669 μοιχοῦ

1100 677 1150 712 τὴν
1172 677 1268 713 μερίδα
1286 687 1333 705 σου
1353 678 1464 710 ἐτίθεις.
1488 687 1497 704 ›

1134 723 1229 750 Χιτὼν
1251 724 1494 758 ἀστραγαλωτός.
1521 725 1681 760 Σύμμαχος,
1708 725 1891 760 χειριδωτός,

1107 767 1233 801 Ἀκύλας,
1251 769 1417 802 καρπωτός.
1429 769 1502 796 ’Δντὶ
1521 769 1582 802 τοῦ,
1600 771 1723 805 καρποὺς
1737 771 1894 806 ἐνυφασμέ-

1101 822 1162 845 νους
1178 814 1257 849 ἔχων.
1277 815 1309 841 OE
1323 814 1371 841 νῦν
1389 815 1418 841 δὲ
1443 815 1524 842 αὐτὸν
1552 815 1667 843 καλοῦσι
1692 817 1892 852 πλουμαρικόν.

1107 859 1137 886 '0
1160 860 1188 887 δὲ
1218 860 1360 896 Ἰώσηπος,
1384 861 1428 888 τὸν
1455 862 1535 897 μέχρι
1561 862 1616 888 τῶν
1646 862 1826 898 ἀστραγάλων
1852 863 1894 890 δι-

1066 892 1087 920 B
1102 905 1215 941 ἠκοντα.

1136 952 1215 986 Πρὸς
1238 953 1379 987 Θολομμι.
1404 953 1477 988 Πρὸς
1502 953 1548 981 τὸν
1572 954 1684 982 πάππον
1703 954 1818 990 ἀπέδρα,
1845 954 1897 981 τὸν

1102 997 1172 1032 πρὸς
1190 998 1303 1033 μητρός.
1322 999 1404 1034 Μαὰχ
1424 999 1518 1035 γὰρ,ή
1544 1001 1636 1036 μήτηρ
1654 1000 1747 1033 αὑτοῦ,
1766 1000 1892 1036 θυγάτηρ

1101 1041 1134 1078 ἦν
1147 1042 1194 1069 τοῦ
1210 1042 1342 1078 Θολομμὶ,
1359 1043 1388 1076 ὃς
1402 1045 1451 1080 τῆς
1465 1045 1565 1080 Γεσσὶρ
1577 1045 1764 1073 ἐϐασίλευσεν.

1394 1090 1521 1117 ΚΕΦΑΛ.
1539 1090 1590 1117 1Β’.

1137 1134 1193 1160 Καὶ
1211 1135 1424 1170 θανατώσομεν
1437 1135 1540 1169 αὐτὸν,
1559 1135 1626 1163 ἀντὶ
1641 1135 1696 1170 τῆς
1716 1135 1817 1171 ψυχῆς
1838 1136 1894 1163 τοῦ

1100 1179 1236 1214 ἀδελφοῦ
1267 1180 1373 1208 αὺτοῦ.
1392 1181 1546 1208 Δίνίττεται
1562 1181 1608 1208 τὸν
1634 1181 1728 1215 Δασιδ,
1757 1182 1825 1217 μήτε
1846 1182 1894 1209 τὸν

1107 1225 1220 1260 Ἀμμὼν
1238 1227 1405 1257 κολάσαντα.
1422 1228 1490 1262 μήτε
1505 1227 1553 1254 τοῦ
1565 1227 1746 1262 ’Λὸεσσαλὼμ
1762 1228 1814 1262 τὴν
1826 1228 1894 1254 ἀθυ-

1102 1271 1167 1305 μίαν
1184 1272 1419 1305 ἀποσκεδάσαντα,
1435 1273 1588 1308 ἀνηκέστου
1608 1272 1636 1299 δὲ
1657 1272 1704 1299 τοῦ
1729 1274 1894 1308 πράγματος

1100 1317 1243 1350 γεγονότος
1257 1317 1386 1352 διακενῆς
1401 1317 1589 1353 ὀργιζόμενον.

1135 1362 1190 1389 Καὶ
1205 1363 1239 1389 ἐκ
1251 1363 1304 1390 τοῦ
1321 1363 1484 1397 παρελθεῖν
1505 1364 1560 1391 τὸν
1578 1363 1711 1396 βασιλέα
1730 1363 1784 1390 τὸν
1797 1364 1894 1398 λόγον

1099 1408 1217 1435 τοῦτον.
1243 1408 1303 1440 Πῶς
1331 1409 1443 1436 δύνασαι
1457 1415 1481 1442 ιι,
1506 1411 1583 1445 φησὶ,
1607 1411 1652 1436 τὸν
1677 1410 1735 1437 υίόν
1760 1418 1810 1444 μου
1843 1411 1894 1444 τῆς

1101 1455 1209 1489 σφαγῆς
1226 1455 1392 1489 ἀπαλλάξαι,
1410 1455 1447 1492 μὴ
1469 1457 1652 1491 ἐπαναγαγὼν
1673 1465 1721 1482 σου
1744 1457 1790 1483 τὸν
1815 1457 1891 1488 υἱόν;

1099 1501 1187 1527 ἐκεῖνο
1201 1501 1269 1536 γὰρ,
1283 1502 1376 1537 φησὶν,
1396 1502 1474 1529 ἐσται
1489 1503 1586 1530 τούτου
1611 1503 1797 1538 παράδειγμα.
1815 1502 1847 1528 El.
1864 1502 1892 1528 δὲ

1063 1561 1084 1590 C
1103 1546 1151 1582 μὴ,
1165 1547 1348 1581 ἀντιλέεουσιν
1362 1549 1386 1575 ot
1402 1548 1525 1583 φυλέται,
1539 1548 1650 1583 εὖ).ογον
1662 1549 1770 1584 ἔχοντες
1787 1548 1892 1580 αἰτίανς

1100 1592 1148 1619 τοῦ
1166 1593 1214 1619 σοῦ
1234 1593 1330 1625 παιδὸς
1348 1594 1398 1629 τὴν
1415 1595 1515 1630 φυγήν,
1533 1595 1580 1630 Μὴ
1602 1595 1655 1630 δῷς
1673 1593 1729 1626 οὖν»
1753 1595 1830 1630 φησὶ,
1853 1593 1896 1628 τῷ

1100 1638 1157 1674 λαῷ
1172 1639 1220 1666 τοῦ
1232 1640 1337 1676 Κυρίου
1352 1640 1482 1677 τοιαύτην
1493 1641 1648 1676 ἀντιλογίας
1663 1642 1810 1677 πρόφασιν.
1826 1639 1893 1667 Εἶτα

1100 1686 1166 1720 περὶ
1193 1685 1239 1712 τοῦ
1268 1686 1431 1722 τεθνηκότος
1454 1687 1499 1713 τὸν
1525 1686 1636 1722 βασιλέα
1652 1687 1822 1722 ψυχαγωγεῖ.
1848 1686 1892 1718 Ὡς

1101 1730 1156 1765 γὰρ
1168 1730 1240 1767 ὕδωρ
1260 1731 1377 1766 ἐκχυθὲν
1391 1732 1420 1758 οὐ
1438 1732 1596 1766 συνάγεται,
1611 1732 1697 1765 οὕτως
1712 1733 1762 1759 οὐκ
1777 1733 1893 1767 ἀναπή-

1101 1784 1179 1802 σεται
1200 1776 1351 1811 τεθνηκώς.
1372 1777 1405 1804 Τί
1420 1775 1467 1805 οὖν
1488 1778 1535 1805 καὶ
1552 1778 1600 1806 τοῦ
1616 1777 1717 1810 ζῶντος
1736 1779 1892 1814 ἀποστερη-

1101 1821 1182 1856 θῆναι
1198 1821 1362 1856 φιλονεικεῖς
1374 1830 1380 1855 ;

1138 1866 1236 1899 Ὅπως
1248 1865 1393 1901 κυκλώσῃ
1406 1867 1440 1893 τὸ
1455 1868 1619 1901 πρόσωπόν
1628 1875 1697 1895 σου.
1713 1867 1758 1901 Ἐξ
1771 1867 1891 1900 εὐθείας,

1100 1913 1194 1947 φησὶν,
1211 1912 1261 1938 οὐκ
1277 1909 1311 1948 ἦν
1327 1912 1467 1940 ἱκετεῦσαι
1485 1922 1525 1941 σε.
1540 1913 1620 1940 Ὅθεν
1633 1913 1748 1941 ὑπέθετό
1761 1921 1806 1948 μοι
1824 1913 1893 1948 χρή-

1100 1957 1200 1985 σασθαι
1213 1957 1252 1993 τῷ
1270 1957 1363 1993 κύκλῳ
1383 1959 1438 1986 τῶν
1453 1959 1541 1993 λόγων
1557 1959 1669 1991 τούτων,
1687 1959 1729 1985 ἵνα
1748 1959 1778 1986 ἐν
1790 1959 1828 1994 τῷ
1843 1967 1891 1986 πε-

1100 2004 1267 2040 πλανημένῳ
1284 2004 1367 2032 πάθει
1389 2005 1419 2031 τὸ
1446 2006 1546 2032 οικεῖον
1563 2006 1636 2038 ίδὼν,
1654 2006 1687 2041 ἣν
1698 2005 1810 2041 ἔμελλες
1832 2006 1892 2032 ἑπι-

1099 2050 1203 2078 τιθέναι
1214 2050 1363 2086 Θεραπείαν
1376 2051 1449 2086 ἐμοὶ,
1463 2051 1566 2086 ταύτην
1582 2052 1680 2087 ὲπιθῇς
1697 2052 1816 2087 σεαυτῷ.

1395 2098 1521 2125 ΚΕΦΔΛ.
1545 2098 1589 2124 II".

1138 2145 1348 2179 Ἀπόστρεψον
1364 2144 1424 2179 τὴν
1435 2144 1562 2172 κιϐωτὸν
1577 2144 1652 2172 Θεοῦ
1663 2145 1707 2178 εις
1719 2144 1778 2179 τὴν
1787 2145 1889 2172 πόλινι

1101 2190 1156 2217 Καὶ
1173 2190 1290 2225 εὐσεϐὴς
1303 2190 1352 2222 ὢν,
1369 2190 1417 2217 καὶ
1430 2190 1585 2226 προφήτης,
1605 2189 1664 2225 ᾔδει
1679 2190 1705 2216 τί
1721 2189 1856 2216 πέπονθεν
1873 2190 1890 2223 ἡ

256 2228 368 2264 ligebat,
397 2228 424 2255 in
451 2232 585 2263 quantum
608 2227 773 2262 periculum,
800 2235 862 2255 arca
886 2229 994 2262 relicta,
1018 2230 1046 2257 in

1100 2234 1227 2268 κιϐωτὸς,
1250 2235 1289 2266 είς
1308 2234 1445 2270 τιμωρίαν
1471 2234 1526 2261 τῶν
1556 2234 1724 2269 παρανόμων
1745 2234 1886 2269 ληφθεῖσα.

255 2278 365 2309 poenam
381 2277 617 2309 transgressorum
639 2273 707 2309 legis
734 2273 890 2301 incidisset.
908 2273 949 2301 Illi
973 2276 1046 2302 enim

255 2329 270 2346 θ
285 2319 375 2347 medio
388 2319 490 2347 sublati
502 2323 593 2352 erant,
605 2319 664 2353 ipsa
679 2326 742 2347 arca
756 2319 850 2347 relicta
863 2319 915 2347 fuit
928 2321 1046 2356 captiva.

255 2365 320 2394 Haec
335 2365 419 2402 igitur
433 2366 526 2393 animo
540 2365 665 2398 volvens,
679 2373 741 2393 eam
762 2365 855 2393 reduci
872 2367 970 2394 voluit.
986 2367 1047 2403 Ipse

256 2412 329 2438 cnim
351 2412 378 2438 in
395 2411 527 2439 comitatu
547 2418 598 2438 suo
618 2417 711 2438 arcam
734 2410 806 2439 ferre
827 2419 881 2438 non
896 2412 994 2446 potuit,
1014 2420 1048 2441 eo

256 2455 329 2489 quod
345 2455 450 2490 legibus
464 2454 498 2482 de
514 2454 651 2483 adulterio
669 2458 698 2482 et
723 2454 874 2482 homicidio
897 2459 1045 2484 teneretur.

259 2511 268 2526 ι
292 2501 436 2528 lnnoirium
452 2496 536 2533 enim,
561 2500 628 2528 dicit
652 2500 706 2532 lex,
733 2505 760 2528 et
780 2500 885 2535 justum
905 2509 960 2528 non
974 2503 1048 2530 occi~

257 2546 306 2573 des
321 2546 355 2572 ".
375 2555 384 2572 ι
401 2545 517 2579 Quando
537 2553 613 2578 vero,
642 2545 733 2582 inquit
755 2546 907 2582 legislator,
935 2549 1045 2575 oculum

258 2590 493 2625 purgaritanimae
519 2597 596 2623 meae,
623 2594 689 2618 tunc
709 2590 837 2619 decorem
857 2598 928 2619 arca:
956 2592 1048 2621 videre

258 2640 364 2670 potero.

291 2712 326 2729 η·
350 2712 423 2740 Psal.
439 2721 514 2744 xm,
534 2713 578 2740 18.
615 2713 637 2728 ’⁷
659 2712 745 2740 Exod.
763 2721 843 2746 χχιιι,
859 2714 884 2740 7.

1107 2281 1220 2308 Ἐκεῖνοι
1236 2281 1286 2316 μὲν
1300 2281 1354 2316 γὰρ
1378 2280 1564 2316 ἀνῃρέθησαν,
1577 2280 1647 2316 αὕτη
1671 2280 1700 2307 δὲ
1721 2280 1889 2316 δορυαλωτος

1102 2326 1242 2361 εῐληπται.
1257 2325 1351 2352 Ταῦτα
1367 2326 1538 2360 διανοηθεὶς,
1555 2325 1767 2362 ἀποστραφῆναι
1788 2324 1889 2359 ταύτην

1100 2371 1228 2406 ἠξίωσεν,
1244 2371 1283 2403 ὡς
1307 2371 1367 2406 μεθ’
1378 2371 1477 2398 ἑαυτοῦ
1504 2372 1542 2407 μὴ
1562 2371 1712 2406 δυνάμενος
1732 2371 1889 2407 περιφέρειν

1100 2416 1146 2443 τὸν
1165 2416 1219 2443 τῶν
1237 2417 1350 2452 μοιχῶν,
1365 2417 1412 2444 καὶ
1436 2417 1551 2451 φονέων,
1570 2417 1726 2453 κατήγορον
1742 2418 1835 2450 νόμον,
1850 2413 1889 2447 οἷς

1101 2462 1192 2498 ἔνοχος
1208 2460 1252 2498 ἦν.
1272 2472 1281 2488 ι
1305 2463 1408 2489 Ἀθῶον
1430 2462 1485 2497 γὰρ
1511 2463 1559 2490 καὶ
1577 2462 1682 2489 δίκαιον
1697 2463 1747 2491 οὐκ
1774 2462 1890 2488 ἀποκτε-

1101 2509 1166 2539 νεῖς.
1188 2518 1197 2534 ι
1216 2509 1301 2536 Ὅταν
1320 2508 1359 2542 δὲ,
1387 2509 1469 2543 φησὶν
1494 2509 1508 2535 ό
1529 2508 1689 2543 νομοθέτης,
1712 2507 1821 2543 mea?“
1840 2515 1889 2542 μου

1099 2553 1145 2579 τὸν
1152 2554 1200 2589 τῆς
1214 2553 1304 2590 ψυχῆς
1315 2553 1466 2589 ὀφθαλμὸν,
1480 2553 1542 2581 τότε
1557 2554 1708 2589 δυνήσομαι
1723 2553 1772 2588 τὴν
1793 2553 1889 2589 εὐπρέ-

1102 2607 1182 2625 πειαν
1197 2600 1300 2635 ταύτης
1315 2600 1388 2627 ἰδεῖν.

895 2785 1014 2815 VARI/ﬁ
1027 2786 1234 2815 LECTIONES.

285 2840 387 2882 ullane.
402 2848 452 2868 ceu
468 2842 670 2882 textusverba.‘
686 2842 712 2869 in
729 2847 825 2882 nostro
836 2848 863 2882 et
876 2843 1008 2882 bavateri
1027 2844 1122 2872 codice
1134 2851 1264 2882 expressa
1280 2847 1375 2875 erant;
1390 2851 1453 2872 cum
1468 2843 1594 2879 Procopii
1608 2847 1701 2872 tamen
1715 2850 1786 2875 esse.
1800 2841 1886 2877 expli-

258 2878 487 2904 eationemsuam
501 2878 699 2911 continuantis,
714 2885 770 2906 non
786 2878 822 2907 sit
837 2879 950 2907 dubium
966 2879 1076 2916 ;itaque
1089 2879 1290 2907 restituendum
1302 2886 1415 2908 censeo.
