2086 3160
214 197 282 231 1137

714 200 982 231 ΕΟΜΜΕΝΤΑΒΙΙ
1002 200 1044 231 IN
1062 202 1136 231 LIB.
1159 201 1190 230 II
1205 200 1352 231 REGUM.

1776 197 1843 231 1138

245 254 485 288 Παραγινόμσνος
510 253 565 287 ἕως
586 253 640 281 τοῦ
661 254 733 288 ρῶς.
760 254 807 288 Et;
821 256 870 290 τὴν
897 254 1015 290 ἄκραν..

1084 255 1167 283 Vens.
1188 255 1232 282 39..
1257 256 1325 282 Cum
1352 255 1462 282 venisset
1491 263 1572 289 usque
1597 255 1632 281 ad
1654 260 1786 283 verticem.
1814 256 1842 284 III

210 300 292 334 Λέγει
314 300 342 326 δὲ
362 300 408 328 τὸν
421 300 565 334 Ἔλαιῶνα,
586 300 649 327 ὅθεν
661 303 675 328 ό
690 301 828 337 Δεσπότης
852 302 1002 338 ἀνειλήφθη

212 346 341 381 Χριστός.
357 347 413 374 Καὶ
427 347 634 383 προσεκύνησεν
658 347 717 374 ἐκεῖ
730 348 769 383 τῷ
788 348 849 384 Θεῷ
860 370 866 381 ,
890 350 931 381 εἰς
953 349 1003 384 τὴν

211 391 325 426 σκηνὴν.
342 391 381 423 ὡς
395 391 478 423 εῐκὺς,
497 391 662 427 ὑποΰλέψας,
680 392 727 420 καὶ
743 392 793 428 τὴν
810 393 939 426 κιϐωτὸν,
955 393 1003 429 τὴν

211 439 241 463 ὲν
257 436 345 473 ταύτῃ
361 437 503 472 κειμένην.

247 483 342 509 Χουσὶ
354 484 370 509 d
386 482 573 517 ἀρχιεταῖρος
589 483 690 512 Δαϐιδ,
704 483 782 516 Τινὲς
798 483 848 511 οὐκ
863 483 1003 511 ἐπαινοῦσι

211 528 257 555 τοῦ
282 527 367 555 Χουσὶ
382 529 412 555 τὸ
420 528 529 564 ψεῦδος,
543 529 705 563 ἀγνοοῦντες
724 529 764 562 ὡς
791 530 839 556 σὺν
864 529 958 565 ἀγαθῷ
973 530 1004 556 τὸ

211 574 308 609 ψεῦδος
321 576 379 602 ἴσον
394 575 452 602 ἐστὶ
467 576 499 610 τῇ
515 575 643 611 ἀληθεία.
661 575 787 610 ’Λγαθῶν
798 575 863 611 γὰρ,
888 576 934 603 καὶ
949 575 1004 602 τῶν

212 621 353 654 ἐναντίων,
365 621 410 648 τὸν
422 621 524 648 σκοπὸν
538 621 683 657 ζητητέον,
695 621 742 648 καὶ
752 621 838 654 οὕτως
851 622 1004 657 εὑρήσομεν

213 667 345 702 ἑκάτερον
368 666 483 701 ἀγαθὸν.
510 667 526 702 ἢ
558 667 654 694 κακόν.
670 666 719 699 Τίς
742 667 798 701 γὰρ
819 667 870 694 οὐκ
897 667 930 694 ἂν
954 667 1005 702 τὴν

213 711 345 747 ἀλήθειαν
365 711 415 746 τὴν
445 711 568 747 Ἡρώδου
595 712 825 747 κακηγορήσειεν,
854 712 902 739 ἐπὶ
931 712 1004 748 φόνῳ

214 758 362 794 γενομένην
375 757 423 784 τοῦ
440 757 610 791 Bas-tuere};
626 758 704 785 Ἐπεὶ
715 757 770 793 γὰρ
780 757 886 793 ὤμοσεν
899 757 937 790 ὡς
955 759 1005 785 οὐκ

215 804 279 836 εδει,
295 803 324 831 τὸ
337 803 435 839 ψεῦδος
456 803 639 839 αἱρετώτερον
657 803 709 838 τῆς
721 804 839 840 σφαγῆς.
857 804 1006 831 Κάνταῦθα

214 851 306 877 τοίνυν
329 850 345 885 ἡ
365 849 512 885 ὑπόκρισις
531 849 581 876 οὐκ
598 850 645 876 ὲπὶ
662 849 754 885 κέρδει
775 849 936 885 χρημάτων,
955 851 1005 877 οὐκ

215 896 258 930 ἐφ’
273 896 374 930 ἑτέρων
391 895 475 931 λύμῃ,
489 895 547 922 ἀλλ’
561 896 607 922 ἐπὶ
623 895 679 931 ζωῇ
699 895 841 931 προφήτου
869 896 917 923 καὶ
930 896 1006 932 βασι-

214 942 283 975 λέως
299 941 476 974 εὖσεὸοὖντος
489 942 609 977 ἐγένετο.

515 1074 640 1101 ΚΕΦᾹΛ.
658 1074 707 1101 IA'.

258 1120 336 1147 Ἰδού
359 1129 409 1148 σοι
426 1119 525 1146 πάντα
553 1119 590 1146 τὰ
614 1119 804 1154 Μεμφιόαάλ.
829 1119 885 1155 Τὴν
907 1119 1005 1155 εὐχερῆ

217 1165 302 1192 πειθὼ
314 1165 361 1192 τοῦ
374 1165 457 1192 Δαὸίδ
475 1173 548 1196 τινες
574 1165 797 1200 κατεμέμψαντο.
812 1165 885 1191 Ἀλλ’
899 1166 1007 1200 εἴρηται

220 1212 359 1243 πολλάκις,
375 1211 414 1242 ὡς
429 1211 477 1246 οὐχ
493 1210 603 1238 ἅπαντα
617 1209 799 1244 γινώσκουσιν
813 1211 838 1237 οἱ
855 1211 1005 1246 προφῆται.

217 1255 303 1289 Οὗτος
327 1258 356 1285 δὲ
379 1258 427 1284 καὶ
449 1257 581 1288 πιθανοὺς
614 1257 711 1291 λόγους
741 1257 788 1284 καὶ
810 1257 885 1292 δῶρα
921 1265 1007 1294 προσ-

222 1305 330 1338 ήνεγκε,
349 1303 399 1339 τὴν
422 1302 529 1330 εὔνοιαν
545 1302 760 1338 ἐνδεικνύμενος.
781 1302 884 1329 Μαθὼν
903 1301 932 1329 δὲ
958 1301 1008 1338 τὴν

218 1351 348 1386 ἀλήθειαν
368 1350 382 1376 ό
406 1349 499 1381 Δαϐὶδ,
524 1348 689 1384 ἀμφοτέροις
703 1348 817 1384 ἐμέρισε
832 1348 882 1384 τὴν
903 1348 1006 1376 οὐσίαν.

227 1397 347 1423 Ἐκείνου
362 1405 392 1423 τε
421 1396 502 1423 πάλιν
524 1396 647 1431 ἐκήδετο.
675 1395 730 1421 Καὶ
748 1395 802 1422 τῶν
827 1395 1009 1422 Γαδαωνιτῶν

222 1442 290 1469 ἑπτὰ
308 1442 356 1468 τοῦ
372 1442 459 1468 Σαοὺλ
481 1441 529 1468 ἐπὶ
551 1441 591 1476 τῷ
613 1441 684 1476 λιμῷ
702 1441 845 1475 συγγενεῖς
858 1440 1009 1476 ῂτηκότων,

220 1487 270 1515 οὐκ
284 1488 400 1520 ἐξέδωκε
416 1487 461 1514 τὸν
479 1486 712 1522 Μεμφιϐαὰλ,τὰς
727 1486 794 1522 πρὸς
807 1485 935 1513 Ἰωνάθαν
950 1494 1012 1512 συν-

221 1535 308 1570 θήκας
324 1533 427 1569 τηρῶν.
445 1533 500 1559 Καὶ
517 1531 638 1567 μειώσας
657 1532 685 1558 δὲ
700 1532 750 1566 τὴν
773 1531 880 1563 οὐσίαν,
902 1530 1011 1557 καθεῖλε

220 1580 252 1607 τὸ
269 1579 396 1615 φρόνημα
419 1578 465 1605 τοῦ
484 1578 522 1613 μὴ
545 1576 692 1612 τυραννίδα
718 1575 910 1610 φαντάζεσθαι.
930 1576 1012 1607 Ἴσως
1024 1595 1046 1615 ρ

222 1626 270 1652 καὶ
291 1625 397 1659 μαθὼν,
422 1623 543 1650 τοιοῦτόν
563 1631 589 1649 τι
604 1621 796 1656 πεφαντάσθαι
819 1621 865 1648 τὸν
889 1621 969 1654 νέον,
986 1621 1012 1647 ei.

223 1672 270 1697 καὶ
281 1671 331 1706 τὴν
349 1669 497 1704 ἀπολογίαν
514 1669 553 1700 ὡς
579 1667 682 1703 ἀγαθὸς
705 1666 880 1703 παρεδέξατο.
905 1667 941 1693 Οὺ
957 1666 1012 1702 γὰρ

224 1718 268 1748 ἂν,
283 1717 329 1744 τὸν
342 1716 473 1743 δεσπότου
497 1713 751 1750 καταψευσάμενον,
767 1713 816 1740 σὺν
840 1713 915 1748 αὐτῷ
932 1721 1011 1749 μερι-

225 1763 290 1799 στὴν
304 1762 463 1798 εἰργάσατο,
477 1761 537 1787 δέον
549 1761 596 1787 καὶ
607 1759 831 1795 τιμωρήσασθαι.

1054 302 1183 329 verticem
1201 301 1330 336 intelligit
1354 305 1443 328 autem
1465 305 1584 328 montem
1601 301 1754 332 Olivarum.
1771 303 1849 330 unde

1054 347 1186 375 Dominus
1200 350 1293 375 noster
1309 346 1435 374 Christus
1453 351 1611 382 assumptus
1625 352 1677 376 est.
1698 347 1731 374 Et
1742 347 1844 375 adora-

1054 393 1092 420 ‘il
1107 392 1145 419 ibi
1168 392 1264 424 Demu,
1281 391 1315 418 ad
1339 391 1560 425 tabernaculum,
1585 397 1612 420 et.
1638 399 1730 420 arcam
1756 393 1784 419 in
1810 399 1844 420 eo

1054 439 1212 474 repositam,
1230 442 1260 464 ut
1280 445 1329 473 par
1343 441 1414 470 erat,
1434 437 1596 472 respiciens.

1088 484 1174 512 Vens.
1195 485 1241 512 57.
1263 483 1348 512 Chuu'
1365 491 1484 510 sumam:
1501 483 1603 511 amicus
1621 483 1715 512 David.
1727 483 1843 517 Quidam

1054 531 1226 558 mendacium
1258 529 1310 556 hoc
1330 528 1417 556 Chusi
1443 536 1497 555 non
1526 529 1655 564 probant.
1683 528 1844 565 Ignorantes

1055 576 1242 608 mendacium,
1258 575 1332 610 quod
1348 575 1450 602 bonum
1467 574 1547 602 ﬁnem
1560 574 1736 610 praepositum
1750 575 1843 606 habet,

1054 623 1164 651 veritati
1187 623 1373 658 :equipollere.
1394 622 1531 650 Bonorum
1554 623 1626 651 enim
1654 626 1682 650 et
1709 623 1844 650 malorum

1055 668 1214 700 consilium,
1238 672 1264 695 et
1285 675 1386 703 scopus
1404 668 1586 704 inquirendus
1606 672 1659 701 est,
1674 671 1701 695 et
1714 667 1755 694 sic
1769 667 1845 694 inve-

1056 713 1164 741 niemus
1185 717 1276 740 utrum
1307 713 1409 741 bonum
1431 721 1466 741 an
1491 713 1593 740 malum
1619 714 1664 740 sit.
1682 712 1750 746 Quis
1772 712 1846 740 enim

1055 759 1200 786 veritatem
1222 758 1341 787 Herodis
1355 760 1384 787 in
1399 759 1474 788 aede
1496 759 1612 787 Joannis
1636 759 1767 794 Baptista
1791 767 1845 786 non

1055 805 1155 833 merito
1184 805 1417 840 reprehenderet?
1439 805 1507 834 Cum
1537 805 1611 833 enim
1641 805 1764 832 illicitam
1788 813 1846 831 rem

1054 850 1188 886 iurasset.
1201 851 1289 879 satius
1311 851 1412 880 fuisset
1436 851 1559 883 mentiri,
1579 859 1662 886 quam
1680 851 1784 878 caedem
1807 850 1848 878 ia-

1056 904 1130 924 cere.
1148 896 1236 930 Atque
1251 896 1303 924 hac
1326 897 1438 933 quidem
1463 897 1490 925 in
1511 905 1541 925 re
1563 905 1617 924 non
1642 897 1793 928 simulavit.
1818 902 1849 924 ut

1057 943 1202 979 pecuniam
1225 943 1392 978 acquireret,
1419 947 1467 972 aut
1498 944 1649 980 perniciem
1677 944 1738 972 aliis
1767 943 1848 972 alier-

1056 992 1117 1020 ret;
1136 987 1195 1020 sed,
1228 991 1258 1015 ut
1278 988 1316 1023 pii
1344 989 1418 1024 regis
1438 993 1465 1017 et
1488 988 1629 1024 pr0phcta:
1649 989 1733 1016 vitam
1756 988 1849 1017 del'eu-

1056 1033 1145 1062 deret.

1307 1080 1383 1108 car.
1405 1079 1464 1108 xw
1496 1079 1595 1117 [XVI].

1089 1125 1172 1154 Vens.
1193 1126 1219 1154 4.
1242 1125 1307 1154 Ecce
1334 1132 1380 1154 tua
1405 1131 1467 1154 sunt
1496 1129 1598 1160 omnia,
1618 1135 1678 1163 qua:
1701 1133 1777 1155 erant
1796 1128 1852 1155 Me-

1056 1171 1175 1206 phibaal.
1196 1172 1314 1205 Quidam
1341 1173 1454 1200 nimiam
1478 1173 1549 1201 hanc
1566 1174 1678 1201 Davidis
1701 1174 1850 1201 credulita-

1057 1221 1112 1245 tem
1124 1218 1368 1253 reprehenderunt.
1396 1217 1644 1247 Verumenimvero
1661 1227 1851 1254 saepenumero

1058 1262 1161 1290 dictum
1193 1267 1235 1290 est
1273 1264 1422 1299 prophetas
1449 1272 1504 1292 non
1533 1265 1626 1292 omnia
1650 1265 1770 1293 novisse.
1802 1264 1852 1292 ilic

1059 1311 1151 1335 autem
1180 1308 1361 1342 probabilem,
1389 1312 1417 1335 et
1434 1308 1467 1336 ad
1493 1308 1717 1343 persuadendum
1742 1309 1853 1344 apposi-

1059 1356 1114 1379 tam
1127 1352 1278 1379 orationem
1298 1351 1410 1385 habuit;
1433 1351 1542 1382 deinde,
1569 1360 1684 1380 munera
1710 1352 1794 1380 etiam
1814 1357 1854 1380 at-

1061 1400 1133 1433 tulit,
1147 1407 1225 1426 suam
1244 1399 1462 1428 benevolentiam
1480 1400 1638 1428 declarans.
1658 1400 1743 1428 David
1761 1404 1852 1428 autem

1060 1452 1090 1472 re
1101 1444 1221 1480 cognita,
1242 1449 1272 1471 ut
1291 1452 1387 1472 revera
1407 1452 1437 1472 se
1451 1444 1580 1477 habebat,
1612 1445 1724 1480 utrique
1747 1449 1853 1481 partem
1882 1443 1885 1446 ’

1061 1490 1223 1517 substantia:
1238 1489 1399 1525 assignavit.
1425 1493 1452 1517 et
1481 1489 1574 1517 denuo
1594 1490 1667 1518 illius
1691 1497 1787 1518 curam
1807 1497 1854 1518 ra-

1062 1534 1222 1568 tionemque
1243 1533 1350 1561 habuit.
1374 1533 1442 1560 Nam
1465 1541 1529 1561 cum
1557 1533 1717 1561 Gabaonitte
1732 1537 1856 1568 tempore

1063 1580 1144 1607 famis
1163 1584 1268 1614 septem
1293 1584 1426 1614 cognatos
1451 1579 1542 1607 Saulis
1559 1583 1694 1614 peterent,
1715 1586 1771 1606 non
1798 1581 1855 1606 tra-

1062 1624 1130 1652 didit
1145 1625 1185 1652 eis
1198 1624 1363 1660 Mcphibaal,
1391 1624 1439 1653 sed
1462 1631 1574 1660 pactum
1593 1633 1655 1653 cum
1670 1624 1787 1652 Jonatha
1804 1624 1856 1652 ini-

1062 1674 1119 1698 tum
1147 1671 1278 1699 servavit.
1308 1671 1466 1705 Prmterea,
1496 1671 1685 1699 substantiam
1716 1671 1856 1703 minuens.

1062 1716 1183 1744 animum
1209 1717 1295 1752 ipsius
1310 1716 1410 1752 deiecit
1433 1725 1467 1744 nc
1486 1724 1601 1752 regnum
1618 1716 1768 1745 atl‘ectaret.
1793 1715 1858 1744 For-

1062 1761 1146 1790 tassis
1172 1763 1311 1798 cognovit,
1343 1767 1371 1790 ct
1404 1762 1600 1790 animadvertit
1625 1762 1706 1789 talem
1735 1761 1863 1797 aliquam.

225 1808 408 1837 adolescentis
423 1805 658 1841 imaginationem,
676 1809 703 1832 et
723 1804 811 1833 bonus
838 1811 900 1832 cum
924 1808 1008 1837 esset.
1028 1809 1236 1838 excusationem
1262 1809 1377 1845 recepit.
1401 1809 1478 1837 Alias
1495 1808 1568 1836 enim
1597 1808 1685 1841 illum,
1725 1808 1772 1844 qui
1810 1808 1858 1836 ad-

225 1862 322 1882 versus
337 1852 481 1880 Dominutn
503 1858 584 1878 suum
605 1850 778 1878 mendacium
815 1850 934 1882 dixerat,
968 1857 1050 1885 quem
1069 1852 1169 1886 punire
1179 1853 1272 1889 potius
1289 1854 1416 1886 debebat,
1434 1859 1611 1889 nequaquam
1623 1851 1782 1889 participem
1796 1859 1859 1880 cum

225 1909 259 1928 co
272 1900 393 1927 iecisset.

263 1947 336 1974 Ἰδοὺ
352 1948 417 1980 υἱός
426 1955 497 1983 μου,
512 1949 528 1976 ὁ
549 1948 683 1981 ἐξελθὼν
694 1949 729 1976 ἐκ
745 1948 800 1982 τῆς
813 1948 932 1980 κοιλίας
946 1955 1018 1982 μου.

228 1989 324 2024 Οὗτος,
348 1993 425 2027 φησὶ,
449 1993 569 2020 παλαιὰν
594 1991 652 2029 εἶχε
680 1993 750 2029 πρὸς
781 1993 831 2028 ἐμὲ
850 1992 900 2028 τὴν
917 1992 1019 2027 δυσμέ-

229 2047 315 2071 νειαν,
332 2039 364 2065 ἐκ
387 2040 439 2075 τῆς
460 2039 508 2066 τοῦ
526 2040 612 2067 Σαοὺλ
629 2040 792 2075 συγγενείας
813 2039 955 2074 ὑπάρχων,
972 2037 1020 2064 καὶ

229 2085 316 2118 ἀξιοῖς
332 2085 426 2112 τοῦτον
448 2085 606 2121 ἀμύνασθαι
625 2085 671 2113 τὸν
699 2086 766 2121 ἐμὸν
783 2084 842 2111 υίδν
868 2083 1021 2120 φρονοῦντα

230 2131 341 2167 θεωρῶν
356 2132 416 2158 κατ’
434 2131 511 2166 ἐμοῦ.
532 2131 598 2159 Θεία
609 2131 701 2158 τοίνυν
712 2133 729 2166 ἡ
747 2131 850 2167 ψῆφος,
866 2131 953 2166 πέρας
966 2131 1021 2162 τοῖς

231 2177 428 2212 προρρηθεῖσιν
454 2177 606 2212 ἐπάγουσα.
632 2177 688 2204 Καὶ
715 2177 757 2204 δεῖ
782 2176 946 2212 καρτερεῖν,
974 2175 1022 2201 καὶ

233 2223 368 2258 πραότητι
384 2223 434 2257 τὴν
453 2223 527 2249 θείαν
546 2222 725 2257 μεταϐάλλειν
741 2222 838 2258 ὀργήν.
861 2221 917 2249 Καὶ
937 2220 1023 2247 ταῦτα

236 2268 284 2303 μὲν
294 2270 309 2295 ό
323 2268 395 2300 θεῖος
409 2269 489 2305 ἀνήρ.
507 2268 580 2304 Πλὴν
594 2269 624 2295 οὐ
635 2268 685 2304 τῆς
702 2268 777 2300 θείας
792 2267 945 2303 ἐνεργείας,
961 2266 1023 2294 οὔτε

234 2314 281 2341 τοῦ
297 2315 412 2350 Ἀμμὼν
425 2316 442 2350 ἡ
458 2315 617 2350 παράνομος
633 2314 772 2346 συνουσία,
790 2313 851 2341 οὔτε
867 2313 914 2340 τοῦ
926 2313 1024 2339 Ἀϐεσ-

236 2359 364 2395 σαλὼμή
390 2359 593 2394 ἀδελφοκτονία,
618 2359 665 2386 καὶ
690 2359 707 2394 ὴ
723 2359 794 2386 κατὰ
810 2358 857 2385 τοῦ
878 2358 981 2394 πατρὸς
1007 2358 1024 2393 ἠ

235 2405 354 2441 τοσαύτη
372 2405 467 2441 μανία,
489 2406 558 2432 ἀλλὰ
573 2405 624 2441 τῆς
647 2405 724 2437 θείας
745 2406 761 2439 ἠ
778 2404 825 2431 τοῦ
847 2403 928 2430 Δασὶδ
952 2403 1026 2430 οἰκία

236 2452 411 2486 γυμνωθεῖσα
434 2451 609 2487 κηδεμονίας,
640 2451 745 2486 σκάφος
754 2450 940 2486 ἀκυϐέριμητον
963 2449 1026 2484 ἐμι-

239 2498 326 2532 μεῖτο,
343 2498 390 2524 καὶ
411 2497 461 2529 τὰς
477 2498 532 2524 τῶν
548 2497 675 2534 πονηρῶν
692 2497 823 2533 κυμάτων
841 2496 950 2531 ἐδέχετο
964 2503 1026 2530 τρι-

239 2543 351 2578 κυμίας.

277 2586 372 2621 οὗτος
390 2587 475 2616 πᾶσα
486 2588 615 2622 ἠβουλὴ
631 2588 790 2623 Ἀχιτόφελ
807 2587 857 2615 και
872 2586 912 2619 τῷ
926 2585 1027 2618 Δαόὶδ,

241 2635 564 2670 καὶτῷἊόεσσαλώμ.
590 2635 651 2666 Πῶς
673 2636 686 2661 δ
710 2634 792 2661 Δασὶδ
816 2633 915 2669 ἐχρῆτο
942 2633 1029 2667 τούτῳ

242 2681 399 2716 συμϐούλῳ,
412 2681 518 2717 πονηρὰ
538 2681 767 2717 συμϐουλεύοντις
785 2680 854 2708 ἀλλὰ
873 2679 972 2715 δηλῶν,
991 2678 1030 2711 ὡς

241 2730 299 2760 τοῖς
325 2727 460 2764 παροῦσιν
477 2727 649 2763 ήρμόττετο,
673 2727 720 2753 καὶ
737 2726 806 2761 πρὸς
834 2725 880 2752 τδν
896 2724 1028 2758 ἑκατέρου

243 2774 342 2809 τρόπον
357 2775 474 2801 ἐποιεῖτο
488 2773 538 2804 τὰς
552 2772 717 2808 συμϐουλάς.
738 2771 811 2808 Πρὸς
828 2771 878 2806 μὲν
893 2771 939 2798 τὸν
963 2770 1030 2804 ἁγα-

244 2820 301 2852 θὸν,
319 2819 462 2856 κρύπτων·
480 2819 548 2854 πρὸς
571 2819 599 2846 δὲ
628 2818 673 2845 τδν
689 2818 809 2853 φαῦλον,
830 2817 878 2843 καὶ
901 2816 1030 2852 χαίροντα

245 2867 351 2898 κακοῖς,
365 2865 414 2900 τὴν
433 2864 567 2900 πονηρίαν
588 2863 704 2895 δεικνύς.
727 2863 781 2890 Καὶ
795 2863 841 2889 τὸν
858 2862 942 2889 Δαδὶδ
961 2862 1030 2888 ἁπο-

246 2911 362 2942 κτείνειν
373 2911 512 2946 ἠπείγετο,
528 2910 630 2944 δεδιὼς,
650 2910 687 2945 μὴ
712 2909 814 2944 συνάξῃ
838 2908 905 2944 πρὸς
920 2908 1028 2935 διαλλα-

1102 1947 1187 1976 νειιε.
1209 1949 1253 1976 Η.
1274 1947 1342 1976 Ecce
1356 1949 1429 1984 ﬁlius
1446 1956 1530 1980 mens,
1556 1948 1601 1983 qui
1621 1954 1740 1982 egressus
1762 1951 1800 1973 est
1829 1947 1861 1973 de

1071 1999 1145 2021 utero
1176 2002 1244 2027 meo,
1267 1999 1321 2021 etc.
1347 1994 1417 2021 Cum
1441 1993 1550 2026 Semmi,
1575 1993 1674 2028 inquit,
1701 1993 1735 2020 de
1759 1992 1862 2020 familia

1072 2039 1164 2067 Saulis
1190 2040 1325 2067 oriundus
1346 2040 1392 2071 sit,
1416 2043 1536 2066 veterem
1563 2046 1671 2066 mecum
1695 2037 1861 2065 simultatem

1071 2089 1190 2117 exercet,
1209 2085 1242 2112 de
1258 2085 1311 2112 hoc
1326 2084 1459 2112 ultionem
1472 2084 1514 2111 vis
1536 2083 1657 2118 exigere,
1683 2089 1746 2109 cum
1767 2081 1863 2109 videas

1074 2129 1158 2157 lilium
1175 2130 1238 2156 vitae
1254 2128 1369 2156 insidias
1384 2127 1514 2156 struere?
1529 2126 1626 2154 Divina
1639 2126 1775 2154 sententia
1793 2125 1862 2158 haec,

1072 2183 1133 2211 quae
1145 2175 1273 2212 praedicta
1286 2178 1361 2208 sunt,
1377 2174 1411 2202 ad
1427 2173 1507 2201 linem
1521 2181 1597 2200 nunc
1611 2172 1747 2207 perducit.
1761 2171 1864 2199 Perdu-

1074 2222 1192 2250 randnm
1213 2221 1308 2256 igitur,
1331 2224 1360 2249 et
1383 2219 1514 2255 patientia
1530 2219 1570 2246 ira
1589 2217 1682 2245 divina
1710 2216 1864 2253 superanda

1075 2267 1230 2302 est.Atque
1253 2267 1311 2294 haec
1336 2266 1379 2294 vir
1393 2266 1439 2293 ille
1462 2268 1587 2292 sanctus.
1606 2263 1750 2295 Caeterum,
1776 2270 1865 2297 neque

1078 2312 1221 2340 Ammonis
1251 2311 1346 2347 iniqua
1377 2310 1563 2342 cohabitatio,
1588 2317 1677 2344 neque
1709 2306 1866 2335 Absalomis

1076 2358 1266 2396 parricidium,
1284 2365 1374 2393 neque
1394 2361 1487 2384 tantus
1503 2359 1599 2383 contra
1615 2357 1756 2389 parentem
1775 2352 1865 2383 furor,

1077 2415 1109 2434 ex
1123 2405 1282 2441 operatione
1298 2404 1392 2432 divina
1413 2402 1476 2435 fuit,
1493 2402 1542 2430 sed
1565 2401 1665 2428 domus
1678 2398 1802 2432 Davidis,
1818 2397 1866 2426 Dei

1077 2451 1275 2487 gubernatione
1295 2449 1439 2481 destituta,
1468 2447 1543 2479 navi,
1572 2453 1634 2481 quae
1656 2445 1873 2481 gubernatorem.

1078 2506 1132 2525 nun
1148 2497 1241 2527 habet.
1258 2496 1357 2524 similis
1374 2499 1443 2527 erat,
1461 2497 1488 2522 et
1503 2494 1638 2520 malorum
1654 2491 1782 2518 maximis
1801 2497 1870 2525 pro-

1078 2542 1165 2574 cellis,
1178 2545 1206 2569 et
1220 2543 1381 2576 tempestate
1395 2538 1562 2574 iactabatur.

1114 2587 1197 2614 Vens.
1217 2587 1264 2614 25.
1277 2586 1311 2613 Et
1323 2586 1374 2621 fuit
1389 2593 1465 2612 omne
1481 2583 1622 2611 consilium
1634 2580 1799 2614 Achitaphei,
1813 2584 1869 2606 tam

1080 2631 1150 2666 apud
1168 2630 1262 2662 Dauid,
1277 2637 1357 2665 quam
1369 2627 1449 2664 ’apud
1469 2627 1596 2654 Absalon.
1620 2625 1762 2659 Quomodo
1785 2622 1870 2651 David

1081 2677 1132 2705 hoc
1145 2676 1315 2707 consiliario,
1329 2674 1400 2702 mala
1417 2673 1589 2705 consulente,
1602 2679 1669 2699 usus
1685 2670 1748 2698 est?
1758 2669 1869 2696 Certum

1082 2726 1125 2751 est
1147 2721 1354 2756 Achitophelem
1374 2727 1403 2748 se
1416 2719 1498 2748 rebus
1513 2717 1695 2754 praesentibus
1713 2722 1870 2744 accommo-

1082 2767 1173 2800 dassc,
1191 2770 1218 2794 et
1233 2773 1282 2800 pro
1298 2765 1443 2799 utriusque
1467 2763 1578 2800 ingenio
1606 2766 1633 2790 et
1658 2761 1779 2789 moribus
1803 2767 1870 2788 con-

1084 2813 1145 2841 silia
1160 2812 1293 2840 dedisse:
1312 2818 1376 2846 erga
1399 2810 1500 2838 bonum
1524 2808 1656 2836 malitiam
1681 2807 1786 2838 celans,
1807 2813 1870 2840 erga

1083 2866 1197 2894 pravum
1220 2861 1321 2889 autem,
1351 2862 1378 2884 ct
1408 2855 1486 2884 malis
1523 2854 1684 2890 gaudentem
1711 2851 1870 2880 ostendens.

1083 2905 1242 2934 Festinabat
1258 2908 1347 2932 autem
1365 2902 1399 2930 ad
1414 2901 1563 2931 tollendum
1580 2899 1722 2933 Davidcm,
1747 2900 1884 2926 metuens.
