2086 3160
251 187 320 221 1139

899 189 1075 220 PROCOPII
1093 190 1215 220 GAZEI

1814 182 1881 216 1140

250 249 397 273 uenatum
414 248 561 281 utrumque
585 245 756 279 conciliaret.
779 250 807 275 et
832 246 866 274 ad
885 246 1041 275 iaciendum

1102 247 1146 282 (ἀς
1162 247 1335 283 ἀμφοτέρους
1350 246 1367 281 ἡ
1381 245 1472 280 φύσις,
1489 243 1536 270 καὶ
1551 242 1614 279 τίσῃ
1631 241 1708 273 δίκας
1723 242 1772 276 τῆς
1787 242 1883 276 προδο-

251 289 341 318 ίωιιυε
357 290 517 325 impelleret.
538 294 565 317 et
581 291 639 325 ipse
658 291 822 326 proditionis
842 299 939 325 pcenas
951 292 1040 320 daret.

251 336 436 365 Nihilominus
469 342 560 365 tamen
595 345 704 373 poenam
743 347 799 367 non
837 339 948 375 effugit,
981 339 1040 372 sed,

251 389 314 409 cum
344 382 429 410 illium
451 382 478 410 in
500 388 605 418 patrem
627 388 772 417 armasset,
792 384 844 413 sibi
867 385 920 420 ipsi
944 392 1041 412 manus

252 427 355 455 attulit.

499 473 576 502 CAP.
600 474 648 502 XV
683 474 790 512 [XVII].

287 519 443 548 Notandum
463 521 535 556 quod
560 521 605 550 hic
621 522 731 557 quidem
753 521 837 550 Chnsi
853 526 933 549 vocat
953 522 1037 549 lilium

253 567 370 598 Arachi,
384 566 448 594 dum
467 567 494 594 in
517 567 699 603 inscriptione
722 569 821 604 psalmi
850 568 939 596 octavi
968 568 1042 595 ﬁlius

252 613 371 641 .leminei
387 614 500 641 dicitur.
518 614 614 642 Nonne
629 615 756 649 forsitan,
769 616 835 650 quia
846 622 973 651 magnam
987 617 1043 643 [οι--

254 660 400 688 titudinem
416 664 443 688 et
452 660 646 688 strenuitatem
661 668 695 688 ex
711 661 840 688 amicitia:
853 661 946 688 habitu
962 668 1042 688 acce-

255 709 342 741 perat,
357 705 417 733 ideo
430 706 506 733 illum
521 706 589 733 dicit
605 706 824 739 liliumleminei,
848 706 876 734 id
889 711 942 739 est,
956 707 1042 734 lilium

253 750 392 778 dexterae?
405 751 550 786 Sapienter
566 755 657 779 autem
677 751 761 779 David
779 752 838 779 viro
852 753 955 786 potenti
973 760 1041 787 prn—

253 795 363 823 dentem
388 795 477 822 virum
501 797 642 831 opposuit.
662 797 813 824 Prudentia
831 798 905 824 enim
926 797 1044 825 validior

254 847 294 870 est
312 843 447 878 potentia.
472 842 597 871 Potentia
619 843 678 871 sine
697 843 844 879 prudentia
868 843 981 878 perdere
991 851 1043 871 no-

253 890 293 916 vit
306 896 353 916 eos
370 889 416 923 qui
438 889 466 916 in
483 897 513 917 ea
534 890 688 917 conﬁdunt.

1095 294 1165 327 σίας.
1181 294 1276 329 Ὅμως
1291 293 1340 329 τὴν
1355 292 1435 327 δίκην
1449 291 1500 317 οὐκ
1514 290 1625 324 ἔφυγεν,
1648 289 1730 316 παῖδα
1744 289 1794 324 μὲν
1810 289 1883 316 ὁπλέ-

1096 348 1145 370 σας
1160 340 1232 366 κατά
1246 339 1362 374 πατρὸς,
1371 337 1452 369 αὐτὸς
1468 336 1496 363 δὲ
1509 335 1554 370 ὑφ’
1567 334 1666 362 ἑαυτοῦ
1679 334 1824 370 δεξάμενος
1835 335 1884 370 τὴν

1095 386 1214 422 πληγήν.

1384 470 1512 498 ΚΕΦΑΔ.
1538 471 1590 497 ιε’.

1131 519 1302 554 Σημειωτέον
1321 517 1359 549 δὲ,
1373 518 1415 545 ὅτι
1428 516 1549 544 ἐνταῦθα
1568 516 1618 551 μὲν
1631 515 1688 543 υἱὸν
1707 515 1803 550 Ἀραχὶ
1812 514 1886 549 λέγει

1093 565 1139 592 τὸν
1153 565 1249 596 Χουσὶ,
1268 564 1297 590 ὲν
1312 563 1341 590 δὲ
1358 564 1391 598 τῇ
1407 562 1548 598 ἐπιγραφῇ
1564 560 1611 588 τοῦ
1636 560 1751 596 ἑϐδόμου
1765 560 1886 595 ψαλμοῦ,

1095 611 1151 638 υἱὸν
1167 610 1291 646 Ἰεμενεί,
1304 610 1350 645 Μή
1361 618 1427 636 ποτε
1439 607 1496 641 οὖν,
1507 607 1602 643 ἐπειδὴ
1615 607 1736 643 μεγάλην
1746 606 1887 642 ἀριστείαν

1094 658 1142 684 καὶ
1164 655 1348 693 ἀνδραγαθίαν
1361 656 1394 682 ὲκ
1408 655 1455 681 τοῦ
1474 654 1539 691 περὶ
1563 654 1612 689 τὴς
1635 654 1726 688 φιλίας
1753 662 1887 689 σχηματι-

1095 703 1165 739 σμοῦ
1180 702 1340 734 ἐνεδείξατο,
1365 701 1408 728 διὰ
1425 701 1504 728 τοῦτο
1528 700 1585 732 υῐὺς
1607 700 1730 735 ’Ῐεμενεὶ,
1748 699 1888 726 τουτέστιν

1094 750 1153 781 υἱὸς
1174 748 1281 781 δεξιᾶς;
1299 747 1449 782 Πανσόφως
1466 747 1494 773 δὲ
1505 747 1520 774 ὁ
1536 746 1619 773 Δασὶδ
1638 746 1677 781 τῷ
1690 745 1793 780 συνετῷ
1808 751 1818 764 ι’
1841 745 1888 772 τὸν

1097 795 1206 823 συνετὸν
1223 794 1383 829 ἀντέστησε.
1405 793 1517 824 Σὺνεσις
1539 791 1593 828 γὰρ
1621 791 1785 826 ἰσχυροτέρα
1807 791 1889 817 δυνάο

1097 850 1185 877 μεως·
1212 841 1229 877 ὴ
1255 840 1283 866 δὲ
1295 840 1409 874 δύναμις
1430 839 1494 866 ἀνευ
1511 837 1645 870 συνέσεως
1663 837 1808 864 ἀπολλύειν
1834 834 1888 864 οἶδε

1095 888 1158 919 τοὺς
1173 886 1259 923 ταύτῃ
1271 885 1521 921 ὲπιθαρσήσαντας.
1752 883 1784 911 C.
1799 882 1831 910 L.

291 922 438 963 Vsude.
459 934 493 962 Et
506 935 635 962 Dominus
655 936 793 970 prmepit,
812 940 841 962 ut
866 935 1044 970 dissipantur

1131 933 1187 960 Καὶ
1212 922 1321 966 Κύριος
1338 931 1509 959 ἐνετείλατο
1534 929 1730 957 διασκεδάσαι
1743 930 1800 962 τὴν
1810 929 1888 961 ,βου-

255 980 396 1007 comilium
409 979 572 1015 Achitophet.
585 980 668 1008 Sacra
679 981 816 1016 scriptura
826 981 930 1013 docuit,
947 988 1043 1016 quem-

255 1027 431 1054 madmodum
449 1026 532 1062 526
552 1025 624 1054 Deus
639 1026 734 1054 fecerit
748 1034 810 1054 cum
824 1026 920 1053 Chusi.
938 1026 1044 1053 Bonum

255 1077 345 1100 autem
374 1073 520 1100 consilium
548 1073 678 1107 appellat,
702 1072 775 1107 quod
803 1072 941 1108 tyrannidi
960 1078 1044 1105 expe-

255 1117 358 1144 diebat.
376 1116 552 1152 Quapropter
570 1117 654 1144 David
667 1118 736 1145 dixit
750 1118 777 1144 in
794 1117 931 1145 Psalmis:
947 1126 956 1142 ι
975 1116 1045 1144 Ecce

257 1163 377 1199 parturit
393 1163 578 1198 iniquitatem,
597 1163 726 1198 concepit
745 1163 879 1194 dolorem,
893 1166 920 1189 et
941 1162 1045 1197 peperit

255 1209 443 1244 iniquitatem,
461 1210 564 1237 fossam
589 1210 710 1244 aperuit,
727 1213 754 1236 et
771 1209 882 1241 elIodit;
897 1213 925 1236 et
943 1207 1045 1236 incidet

255 1255 285 1285 in
301 1254 419 1288 foveam,
437 1263 520 1291 quam
539 1255 604 1283 iecit
616 1256 649 1283 ’⁸.
666 1266 676 1282 ι

293 1300 379 1329 Vsus.
401 1301 447 1329 28.
469 1300 504 1328 Et
525 1302 635 1329 siccavit
650 1302 786 1336 putat/ias.
800 1302 908 1338 Aquila,
923 1308 950 1330 et
965 1302 1045 1339 Sym-

258 1347 376 1376 machus
390 1347 502 1380 hahcnt,
519 1349 654 1383 ptisanae,
669 1349 697 1377 id
713 1353 766 1382 est,
783 1349 926 1382 hordeum,
941 1350 983 1378 vel
999 1349 1047 1377 tri-

258 1393 344 1421 ticum
359 1393 569 1422 decorticatum.

295 1439 382 1467 David
413 1444 501 1468 autem
530 1441 597 1468 venit
631 1440 659 1467 in
694 1440 826 1469 Manaim.
856 1441 884 1468 In
917 1440 1048 1478 Manaim,

257 1483 441 1518 Tlteodotiou,
454 1485 480 1512 in
495 1491 595 1513 castra.

294 1529 426 1564 Samphot
445 1531 544 1564 boum;
559 1529 743 1564 Theodotion,
763 1530 840 1557 lactei
860 1529 949 1557 vituli.

499 1619 576 1648 CAP.
604 1619 665 1648 xw
698 1619 817 1656 [xvm].

295 1666 380 1695 Vsus.
404 1667 432 1695 5.
450 1665 514 1694 Non
529 1671 642 1702 ponetur
658 1667 686 1694 in
701 1675 748 1694 nos
765 1675 821 1694 cor.
841 1665 1049 1701 lnterrogative,

261 1713 291 1742 Si
314 1717 457 1749 superstes
473 1713 572 1745 fueris,
589 1712 697 1745 dicunt,
711 1714 815 1740 'nonne
833 1712 937 1739 erimus
955 1719 1051 1739 omnes

262 1759 325 1788 forti
345 1758 525 1787 animoYVel
550 1758 687 1794 negative,
716 1758 745 1785 Si
771 1758 919 1785 occumbas
945 1762 1051 1785 certum

261 1809 315 1835 est.
332 1803 406 1839 quod
420 1803 671 1831 consternabimur.
696 1803 745 1830 Sin
759 1807 851 1830 autem
867 1810 901 1830 ex
915 1807 994 1838 parte
1010 1803 1053 1830 in-

262 1849 443 1882 ter-ﬂciamur,
463 1849 572 1881 dicunt,
594 1849 760 1884 superstites
774 1849 807 1876 ad
832 1849 1052 1877 consolationem

262 1903 344 1931 pares
361 1903 416 1923 non
431 1901 523 1923 erunt.
546 1894 676 1922 Davidem
698 1895 783 1930 igitur
797 1895 872 1922 exire
894 1895 1052 1930 prohibent,

264 1941 355 1975 veriti,
374 1949 410 1969 ne
423 1941 489 1976 quid
511 1941 620 1970 adversi
635 1941 658 1969 ei
674 1941 793 1968 accidat.
811 1940 968 1968 Verisimile
980 1941 1053 1968 enim

263 1989 324 2015 erat
350 1986 445 2014 hostes
467 1990 494 2014 et
518 1986 647 2014 inimicos
675 1986 765 2022 ipsum
792 1987 881 2014 solum
912 1991 1051 2021 expetere.

263 2031 351 2063 Simul
373 2032 456 2059 etiam
483 2035 635 2060 metuentes
659 2039 704 2063 ne.
733 2032 757 2060 si
783 2032 871 2059 victor
904 2032 1053 2063 evasisset,

264 2078 455 2106 misericordia
482 2086 546 2114 erga
579 2083 728 2114 tyrannum
753 2083 922 2106 moveretur.
952 2077 1055 2105 Dicunt

264 2123 368 2158 itaque,
383 2124 456 2159 quod
472 2124 496 2152 si
522 2124 588 2152 victi
604 2124 631 2152 in
649 2124 740 2160 fugam
758 2124 882 2152 conversi
906 2124 1054 2156 fuerimus,

263 2174 341 2198 tuam
354 2170 440 2197 vitam
461 2170 595 2199 habemus
618 2170 800 2199 sufﬁcientem
820 2169 1054 2198 consolationem.

264 2216 344 2250 Quod
356 2217 379 2244 si
396 2217 444 2244 tibi
473 2217 575 2252 aliquid
591 2215 701 2244 adversi
715 2216 859 2248 acciderit,
875 2215 985 2251 publica
1002 2215 1056 2242 erit

264 2262 419 2290 calamitas.
435 2261 477 2289 Tu
491 2263 592 2289 etenim
605 2262 682 2290 solus
700 2261 817 2290 inﬁnitis
834 2261 958 2296 partibus
975 2260 1056 2288 nobis

264 2308 395 2336 omnibus
414 2307 539 2335 excellis.
557 2307 614 2335 Hoc
638 2308 722 2335 etiam
750 2307 934 2342 Symmachus
959 2309 1054 2334 osten-

265 2353 317 2386 dit,
336 2352 431 2380 dicens
447 2361 458 2380 :
475 2352 509 2380 Et
527 2357 566 2384 ιιι,
593 2356 622 2379 ut
644 2353 733 2380 decem
751 2352 838 2379 millia
857 2357 987 2379 nostrum.

303 2398 388 2426 Vens.
415 2398 461 2425 18.
483 2398 620 2431 Quoniam
631 2397 699 2424 dixit
715 2405 724 2424 :
743 2397 805 2424 Non
824 2403 864 2425 ut
888 2398 952 2424 milii
972 2397 1057 2432 ﬁlius,
1074 2396 1098 2423 D

267 2449 322 2471 etc.
335 2443 421 2478 Atqui
436 2443 548 2471 divinus
569 2443 692 2478 scriptor
715 2449 798 2477 supra
830 2442 899 2470 dixit
920 2450 982 2470 eum
1001 2446 1056 2468 tres

269 2490 351 2522 ﬁlios,
366 2493 395 2518 et
423 2489 505 2517 tiliam
531 2497 652 2525 quoque,
679 2488 820 2516 habuisse.
847 2487 993 2515 Probabile
1015 2490 1058 2515 est

268 2536 339 2564 ﬁlios
353 2543 528 2571 procreasse,
544 2541 572 2565 et
594 2536 705 2564 eosdem
729 2535 895 2563 decessisse.
919 2534 1058 2569 Iosephus

261 2586 360 2611 \autn-m
387 2582 439 2610 hac
457 2583 491 2611 de
509 2590 593 2611 causa
606 2590 668 2610 eum
685 2581 712 2610 id
727 2581 826 2609 fecisse
840 2581 948 2614 scribit,
972 2579 1058 2615 quod,

269 2636 330 2655 cum
358 2628 406 2656 ﬁlii
432 2628 518 2663 longo
545 2632 670 2664 tempore
699 2627 850 2663 perdurare
866 2635 921 2654 non
940 2626 1059 2662 possint,

270 2674 334 2702 illud
349 2673 498 2702 aedilicium
513 2674 677 2702 memoriam
699 2674 742 2702 sui
754 2673 859 2701 diutius
873 2676 1059 2700 conservaret.

305 2718 365 2746 Non
394 2718 587 2746 criminandus
614 2718 683 2747 Joab
712 2718 786 2754 quod
811 2726 873 2746 cum
911 2717 1063 2745 audivisset

272 2764 355 2792 David
378 2772 492 2800 parcere
508 2764 676 2793 adolescenti
695 2764 850 2801 jubentem,
869 2764 1002 2792 Absalom
1020 2768 1061 2791 ta.

310 2823 333 2840 "
352 2821 428 2849 Psal.
443 2828 492 2853 vn,
514 2820 557 2848 15.

1066 1595 1087 1623 c
1105 1579 1225 1614 σχάρια.

1095 978 1157 1013 λὴν
1173 978 1336 1013 Ἀχιτόφελ.
1363 975 1498 1009 Ἐδίδαξεν
1516 976 1533 1009 ἡ
1550 975 1610 1002 θεία
1624 975 1732 1010 Γραφὴ,
1749 973 1786 1005 ὡς
1798 974 1812 1000 ό
1823 973 1890 1004 Θεὸς

1097 1025 1249 1061 συνέπραξε
1272 1024 1312 1059 τῷ
1327 1022 1422 1051 Χουσί.
1445 1022 1564 1057 Ἀγαθὴν
1579 1022 1607 1049 δὲ
1623 1022 1698 1055 λέγει
1712 1021 1762 1055 τὴν
1784 1021 1818 1055 τῇ
1842 1028 1890 1046 τυ-

1098 1071 1199 1108 ραννίδι
1214 1070 1418 1106 συμφέρουσαν.
1436 1069 1476 1096 Δι’
1495 1069 1563 1103 ὅπερ
1579 1068 1672 1102 ἔλεγεν
1686 1068 1715 1094 ἐν
1733 1067 1859 1101 Ψαλμοῖς
1874 1066 1889 1092 6

1097 1118 1188 1145 Δαϐίδ”
1205 1128 1214 1143 ι
1239 1117 1304 1144 Ἰδοὺ
1320 1117 1452 1152 ὠδίνησεν
1476 1115 1602 1150 ἀνομίαν,
1627 1113 1774 1140 συνέλαϐεν
1797 1113 1890 1144 πόνον,

1097 1165 1144 1191 καὶ
1161 1164 1254 1190 ἔτεκεν
1271 1162 1387 1198 ἀνομίαν
1398 1170 1405 1178 ·
1426 1161 1529 1188 λάκκον
1544 1159 1657 1196 ὤρυξεν,
1674 1159 1720 1186 καὶ
1735 1158 1892 1192 ἀνέσκαψεν

1097 1209 1189 1243 αὑτὸν,
1203 1209 1251 1236 καὶ
1264 1209 1427 1244 ἐμπεσεῖται
1442 1207 1482 1238 εἰς
1498 1206 1604 1242 βόθρον,
1620 1206 1650 1233 ὃν
1665 1205 1822 1241 εἰργάσατο.
1843 1213 1853 1229 ι

1134 1302 1188 1330 Καὶ
1216 1301 1334 1336 ἕψυχεν
1350 1299 1499 1333 παλάθας.
1526 1298 1642 1330 Ἀκύλας
1663 1297 1710 1324 καὶ
1733 1296 1892 1332 Σύμμαχος,

1098 1348 1262 1381 πτισάνας.

1136 1439 1190 1467 Καὶ
1214 1437 1302 1465 Δαϐὶδ
1325 1435 1504 1470 παρεγένετο
1530 1434 1575 1467 εἰς
1602 1432 1732 1466 Μαναΐμ.
1758 1428 1892 1464 Μαναῖμ·

1100 1485 1259 1516 Θεοδοτίων,
1278 1481 1478 1517 παρεμϐολάς.
1761 1477 1792 1504 C.
1807 1475 1838 1502 L.
1876 1491 1880 1495 τ

1135 1533 1157 1559 Τ
1159 1533 1183 1564 ὺ,
1197 1529 1346 1566 Σαπφθὼν
1360 1529 1429 1565 βοῶν
1441 1536 1448 1544 ·
1470 1526 1615 1555 Θεοδοτίων
1624 1545 1632 1558 ,
1655 1523 1828 1552 Γαλάκτινα
1841 1530 1896 1557 μο-

1729 1568 1760 1596 C.
1775 1568 1806 1595 L.

1389 1619 1516 1647 ΚΕΦΑΛ.
1536 1618 1595 1651 tq'.

1140 1670 1181 1697 Οὐ
1196 1667 1344 1703 στήσεται
1364 1666 1399 1694 ἐν
1418 1664 1492 1700 ἡμῖν
1514 1672 1564 1696 καί
1572 1663 1632 1689 δία.
1660 1661 1729 1688 Κατ’
1749 1659 1896 1696 ἐρώτησιν,

1102 1713 1167 1741 Ἐὰν
1191 1713 1251 1748 ζῇς,
1284 1711 1385 1746 φησὶν,
1417 1710 1468 1736 οὐκ
1482 1707 1600 1743 ἐσόμεθα
1630 1706 1732 1738 πάντες
1764 1703 1894 1739 εὖψυχοις

1103 1760 1134 1787 Εἰ
1161 1759 1190 1786 δὲ
1209 1758 1281 1786 κατὰ
1299 1757 1449 1791 ἀπόφασιν,
1474 1753 1538 1781 Ἐὰν
1560 1752 1718 1788 ἀποθάνῃς,
1745 1750 1833 1785 δηλῶν
1855 1749 1897 1776 ὅτι

1103 1805 1307 1840 Ἀθυμήσομεν.
1318 1802 1373 1829 Καὶ
1384 1801 1431 1828 ἐὰν
1439 1801 1472 1827 ὲκ
1481 1799 1593 1835 μέρους,
1605 1795 1898 1833 φησὶν,ἀποθάνωμεν,

1103 1852 1153 1886 οὐχ
1180 1849 1268 1877 ἱκανοὶ
1289 1848 1359 1884 πρὸς
1382 1844 1560 1881 παραμυθίαν
1585 1844 1610 1870 ol
1629 1841 1807 1876 σεσωσμένοι.
1835 1840 1899 1886 Kar-

1104 1896 1197 1923 λύουσι
1220 1895 1249 1922 δὲ
1270 1895 1316 1921 τὸν
1333 1893 1416 1920 Δαϐὶδ
1434 1890 1552 1923 ἐξελθεῖν
1565 1910 1573 1923 ,
1595 1888 1713 1919 δεδιότες
1738 1887 1774 1922 μή
1801 1894 1828 1912 τι
1850 1885 1898 1912 καὶ

1105 1942 1180 1978 πάθῃ
1195 1948 1201 1955 ·
1215 1940 1288 1971 me;
1304 1939 1358 1974 γὰρ
1369 1935 1414 1973 ἦν,
1430 1937 1489 1964 κατ’
1505 1934 1588 1963 αὑτοῦ
1605 1934 1686 1970 μόνου
1701 1932 1826 1968 χωρῆσαι
1835 1930 1900 1978 τοὺς

1105 1975 1247 2023 δυόμενεῖς
1261 1994 1269 2002 ·
1288 1985 1348 2019 ἅμα
1361 1984 1389 2011 δὲ
1401 1984 1448 2010 καὶ
1460 1982 1585 2013 δεδιότες,
1600 1979 1638 2016 μὴ
1647 1979 1763 2014 νικήσας
1776 1975 1898 2023 οἰκτείρῃ

1105 2033 1150 2059 τὸν
1174 2031 1314 2066 τύραννον.
1332 2028 1416 2056 Φασὶν
1436 2026 1494 2061 οὖν,
1517 2027 1555 2058 ὠς
1574 2025 1637 2052 Ἐὰν
1652 2023 1816 2060 ἡττηθέντες
1832 2022 1900 2048 ἀπο-

1106 2078 1262 2114 δράσωμεν,
1278 2075 1327 2110 τὴν
1346 2074 1394 2110 σὴν
1413 2073 1486 2109 ζωὴν
1499 2072 1598 2108 ἔχομεν
1627 2068 1793 2105 ἀποχρῶσαν
1807 2075 1898 2114 παρα.

1107 2113 1207 2159 ψυχήν·
1225 2123 1273 2150 ὲὰν
1295 2121 1323 2148 δὲ
1341 2120 1373 2147 σύ
1396 2128 1422 2147 τι
1443 2118 1544 2154 πάθῃς,
1565 2116 1687 2152 χωρήσει
1703 2114 1776 2141 κατὰ
1791 2113 1900 2159 πάντων

1107 2158 1276 2206 iam.
1292 2167 1328 2193 Σὺ
1342 2167 1397 2201 γὰρ
1413 2164 1492 2200 μόνος
1508 2162 1619 2199 μυρίαις
1636 2161 1743 2197 μοίραις
1755 2158 1900 2206 ὑπερέκεξί

1109 2203 1220 2243 πάντων
1234 2203 1325 2249 ήμῶν.
1341 2211 1428 2239 Τοῦτο
1442 2210 1497 2246 γὰρ
1519 2209 1567 2236 καὶ
1587 2208 1734 2243 Σύμμαχος
1756 2205 1842 2241 δηλοῖ,
1855 2203 1901 2230 λέ-

1110 2269 1177 2296 γωνο
1198 2260 1253 2288 Καὶ
1268 2259 1309 2286 σὺ
1323 2258 1364 2291 ὡς
1376 2256 1463 2293 ἡμεῖς
1474 2255 1549 2283 δέκα
1560 2253 1704 2290 χιλιάσιν.

1146 2391 1340 2425 Ὀτιέλεγεν·
1362 2389 1424 2416 οὐκ
1439 2387 1507 2415 ἔστι
1521 2395 1571 2422 μοι
1595 2386 1670 2419 υἱός.
1691 2383 1788 2412 Καίτοι
1810 2383 1904 2417 προεῖ-

1111 2447 1161 2466 πεν
1187 2438 1201 2464 ὁ
1225 2435 1413 2471 συγγραφεὺς,
1430 2434 1471 2460 ὅτι
1490 2433 1566 2468 τρεῖς
1588 2431 1667 2466 ἔσχεν
1682 2430 1766 2461 υἱοὺς,
1784 2429 1849 2464 μίαν
1873 2428 1904 2455 δὲ

1112 2483 1251 2519 θυγατέρα
1262 2502 1270 2514 ,
1287 2481 1343 2508 ἀλλ’
1364 2480 1456 2512 εἰκὸς,
1474 2478 1555 2505 αὑτὸν
1575 2476 1781 2511 παιδοποιῆσαι,
1802 2474 1849 2501 καὶ
1860 2482 1905 2500 τε-

1111 2530 1242 2565 λευτῆσαι
1255 2528 1318 2559 τοὺς
1335 2526 1443 2557 παῖδας.
1461 2524 1592 2558 Ἰώσηπος
1604 2522 1632 2549 δὲ
1645 2522 1708 2556 ἔφη,
1727 2520 1806 2547 τοῦτο
1822 2519 1905 2546 αὑτὸν

1114 2576 1284 2612 δεδρακέναι,
1299 2573 1337 2605 ὡς
1346 2572 1401 2599 τῶν
1417 2570 1519 2598 παίδων
1532 2570 1581 2605 μὲν
1595 2569 1641 2596 ὲπὶ
1657 2567 1724 2595 πολὺ
1735 2567 1857 2602 διαρκεῖν
1872 2565 1904 2591 οὐ

1112 2622 1280 2658 δυναμένων,
1297 2619 1347 2655 τῆς
1369 2618 1398 2646 δὲ
1421 2616 1576 2652 οίκοδομίας
1601 2614 1703 2651 μᾶλλον
1717 2612 1906 2648 φυλαττούσης

1111 2670 1161 2706 τὴν
1176 2669 1298 2704 μνήμην.
1384 2710 1388 2711 7
1452 2709 1459 2711 _
1522 2709 1526 2711 Α
1556 2707 1562 2711 Δ
1600 2708 1617 2711 μ
1649 2706 1680 2711 ’Δ
1809 2703 1814 2711 ,

1151 2715 1208 2741 Οὐκ
1216 2712 1307 2741 ἐστιδὲ
1318 2709 1495 2739 αἰτιάσασθαι
1505 2709 1528 2728 ι¹⁴
1539 2707 1585 2735 τδν
1600 2706 1680 2734 Ἰωάϐ
1691 2706 1906 2740 παρακούσαντα

1113 2760 1161 2788 τοῦ
1185 2759 1266 2787 Δαϐὶδ
1291 2757 1414 2788 εἰπόντος
1431 2754 1579 2791 φείσασθαι
1604 2752 1652 2780 τοῦ
1685 2749 1840 2789 μειρακίου,
1858 2748 1907 2775 καὶ

915 2860 1033 2889 VARI/IS
1055 2858 1256 2887 LECTIONES.

319 2919 329 2940 ε
344 2912 501 2953 Legendum
519 2910 586 2946 mihi
600 2910 709 2943 videtur
720 2908 833 2944 δυνατῷ.
873 2907 902 2927 ι*
915 2907 971 2935 οὐκ
988 2905 1132 2933 αἰτιατέον.
1165 2904 1194 2930 ὐ
1218 2903 1265 2938 τῆς
1282 2903 1346 2937 My.
1369 2901 1432 2929 κώδ,
