2086 3160
270 156 339 190 liii}

266 261 335 288 Tres
354 261 528 288 collaudans.
547 261 680 289 Abessam
706 262 816 291 duobus
837 264 1054 299 praestantiorem

266 314 328 334 esse
339 307 420 340 dixit,
437 307 526 342 primo
552 311 643 335 autem
666 307 836 337 inferiorem.
855 309 902 337 Ille
915 309 990 337 enim
1006 316 1055 336 no-

267 353 414 388 ningentos
433 353 460 380 in
483 353 543 380 acic
565 352 721 386 interfecit;
740 354 784 381 hic
807 361 873 382 vero
898 358 1053 382 sexcentos.

267 398 376 426 Primus
390 407 455 426 vero
471 407 504 427 ex
519 399 620 432 tribus,
636 407 692 427 non
715 400 788 435 qnod
814 400 895 433 facta,
912 400 959 428 sed
980 401 1054 436 quod
1071 421 1075 423 ι

267 445 457 480 magistratum
469 446 578 473 attinet.
592 445 740 474 Sciendum
751 450 844 473 autem
858 452 901 474 est
923 446 1053 480 Baneam,

267 491 352 518 tilium
386 490 500 524 Joiadae,
521 492 597 526 regis
625 493 822 520 consobrinum
859 493 955 520 fuisse.
984 493 1053 521 Nam

264 544 327 564 cum
343 541 469 571 nepotem
491 536 568 565 Jesse
583 538 742 573 appellavit,
758 544 796 571 ei,
811 538 983 566 fortitudinis
994 539 1054 573 ejus

264 589 337 616 saepe
365 583 502 610 mentione
526 581 611 615 facta,
629 583 729 617 adjecit
753 584 843 611 tribus
860 591 952 611 rerum
972 583 1053 619 527

265 633 405 662 gestarum
425 628 512 664 gloria
529 630 709 664 prmstitisse;
731 630 767 657 ita
787 635 817 657 ut
837 630 962 658 custodia
980 632 1053 666 regis

268 674 304 700 illi
321 674 468 702 commissa
491 674 584 702 fuerit.
600 674 656 702 Rex
669 676 742 703 enim
763 684 820 704 suae.
844 676 974 705 custodiae
990 685 1052 705 eum

266 719 399 753 pra‘fecit.

494 807 570 836 car.
593 808 665 837 xxn
700 809 821 847 [xm].

298 849 383 879 Vens.
411 853 437 880 Ι.
469 853 586 884 Diceris:
608 855 699 888 Vade,
723 865 833 885 numera
862 857 957 888 Israel.
982 860 1050 888 Cum

263 895 332 923 Deus
353 897 478 931 jusserit.
499 906 549 926 cur
571 899 653 934 hujus
674 907 777 930 census
794 910 889 937 pinnas
906 904 966 932 luit.
998 905 1051 932 Ne-
1067 912 1088 940 Β

260 949 399 977 quaquam
420 944 503 978 igitur
517 946 611 975 verba.
626 946 673 973 sed
694 947 905 981 permissionem
922 950 970 976 Dei
985 957 1052 978 eon-

261 987 382 1015 siderare
406 994 524 1024 oportet.
547 991 649 1018 lndidit
669 993 741 1020 enim
762 994 787 1021 ei
814 1002 894 1022 usum
922 996 1048 1024 rationis.

259 1032 442 1066 Quamobrem
457 1035 484 1062 in
506 1036 552 1063 lib.
572 1036 689 1072 Paralip.
709 1039 751 1066 sic
765 1039 854 1067 dicit:
873 1049 884 1066 ‹
907 1040 939 1067 Ει
959 1041 1050 1069 insur-

261 1080 329 1106 rexit
348 1079 432 1108 Salan
453 1086 549 1109 contra
565 1082 662 1116 Israel,
677 1088 704 1111 et
725 1084 855 1113 Davidem
878 1087 1000 1122 decepit,
1023 1093 1050 1116 et

259 1124 376 1159 impulit,
393 1131 423 1153 nt
435 1134 594 1156 numeraret
609 1128 693 1157 Israel
707 1131 758 1164 ¹⁹;›
775 1131 816 1159 sic
834 1136 927 1160 autem
945 1133 1050 1162 Hebraei

259 1169 468 1205 adversarium,
504 1173 670 1202 defectorem
710 1176 861 1205 nominant.
891 1178 958 1206 Cum
997 1180 1050 1215 igi-

260 1223 305 1243 tur
327 1217 384 1244 hac
410 1219 540 1252 Cogitatio
569 1220 673 1248 divinis
697 1222 919 1256 promissonibus
945 1231 1050 1253 contra-

258 1261 298 1289 ria
337 1261 436 1295 fuerit,
467 1264 519 1291 hoc
552 1266 665 1293 nomine
703 1274 762 1294 eam
796 1269 927 1303 appellat.
956 1272 964 1282 '
995 1271 1050 1299 Nec

258 1306 328 1338 dixit
360 1313 456 1335 eorum
489 1309 641 1344 Davidem,
669 1312 717 1339 sed
755 1319 850 1341 contra
879 1314 983 1349 lsrael,
1020 1317 1048 1344 in

258 1362 328 1388 quos
360 1363 438 1390 pinna
467 1357 551 1384 etiam
575 1362 701 1392 grassata
718 1363 772 1387 est.
802 1359 888 1388 Porro
906 1362 1050 1397 Scriptura

258 1399 398 1427 diabolum
428 1402 496 1428 iram
516 1403 560 1430 Dei
573 1404 708 1438 nominat,
733 1405 797 1433 hinc
808 1415 868 1434 eam
890 1407 915 1434 in
933 1409 981 1436 lib.
997 1409 1049 1436 l’a-

258 1442 339 1478 ralip.
366 1444 494 1471 Satanam
521 1446 647 1480 appellat.
677 1447 813 1476 Praeterea
834 1450 903 1478 dixit
921 1452 972 1484 ira,
995 1460 1048 1479 non

259 1489 327 1523 ipse.
340 1488 483 1522 Quomodo
494 1500 559 1518 vero
581 1500 595 1519 a
612 1493 715 1528 populo
731 1502 810 1529 poma
828 1497 959 1531 exigitur.
986 1505 1048 1527 cum

259 1539 350 1563 tamen
368 1536 451 1563 David
474 1538 604 1572 populum
634 1541 840 1568 numeraverit?
859 1540 980 1576 Populus
993 1550 1050 1570 suae

916 161 1093 193 PROCOPII
1106 162 1229 196 ΟΛΖίΕΙ

309 214 390 242 Vens.
422 215 465 242 19.
498 214 614 243 Celebris
637 216 663 243 in
690 217 783 250 (ribus,
811 217 913 246 duobus
942 219 1051 246 clarior.
1068 218 1090 247 Δ

1149 223 1331 256 Ὀνομαστύς
1345 223 1378 249 έν
1394 222 1455 255 τοῖς
1470 223 1558 256 τρισὶ,
1572 222 1648 256 ὑπὲρ
1665 222 1736 255 τοὺς
1750 222 1804 249 δύο
1816 223 1897 249 ἔνδο-

1106 267 1169 300 ξος.
1186 269 1255 300 Τοὺς
1270 270 1343 303 τρεῖς
1357 270 1514 299 ἐπαινέσας,
1526 268 1572 295 τὸν
1594 268 1712 295 ’Δϐεσσᾶ
1723 268 1775 295 τῶν
1789 268 1835 294 δύο
1847 269 1896 303 μὲν

1105 313 1200 348 εἴρηκε
1222 313 1377 349 κρείττονα,
1402 314 1448 340 τοῦ
1465 313 1572 349 πρώτου
1588 313 1617 341 δὲ
1638 314 1748 349 ἥττονα.
1778 314 1897 344 Ἐκεῖνος

1105 359 1160 394 γὰρ
1195 359 1368 392 ἐννακοσίους
1393 359 1489 395 ἀνῄρει
1513 359 1770 395 παραταττόμενος·
1798 359 1894 392 ἑξακοο

1105 406 1181 437 σίους
1204 405 1233 432 δὲ
1261 403 1350 437 οὗτος.
1369 405 1480 440 Πρῶτος
1493 405 1522 432 δὲ
1538 406 1593 432 τῶν
1614 405 1708 441 τριῶν,
1724 406 1754 432 οὺ
1776 406 1847 432 κατά
1865 405 1896 432 τὺ

1105 451 1195 487 ἔργον.
1205 451 1274 478 ἀλλὰ
1291 451 1362 478 κατὰ
1376 451 1426 485 τὴν
1441 451 1540 486 ἀρχήν.
1558 451 1655 477 Ἰστέον
1674 451 1712 483 δὲ,
1727 451 1765 483 ὡς
1781 450 1895 482 Βανέας,

1105 497 1163 529 υίὸς
1183 496 1274 527 Ἰωάδ,
1298 495 1456 530 ἀδελφιδοῦς
1477 493 1511 532 ἦν
1533 496 1580 523 τοῦ
1599 495 1740 531 βασιλέως.
1763 496 1896 530 Ἕκγονον

1104 543 1159 579 γὰρ
1169 542 1249 570 αὑτὸν
1262 542 1376 569 ἐκάλεσε
1390 542 1435 570 τοῦ
1456 542 1563 570 Ἰεσσαί.
1578 542 1633 569 Καὶ
1645 542 1725 569 τοῦτο
1735 542 1832 576 δὲ,τὴν
1847 543 1895 570 ἀν-

1103 590 1254 626 δραγαθίαν
1270 590 1402 622 πολλάκις
1419 589 1514 621 εἰπὼν,
1531 589 1735 625 προστέθεικεν,
1758 589 1800 615 ὃτι
1825 588 1896 623 ὑπὲρ

1105 637 1169 669 τοὺς
1194 638 1269 671 τρεῖς
1289 635 1393 669 ἔνδοξος
1406 634 1451 672 ἦν,
1470 637 1516 664 καὶ
1531 635 1598 672 πρὸς
1615 636 1678 667 τοὺς
1694 635 1769 670 τρεῖς
1784 634 1835 661 οὐκ
1851 635 1896 670 ἦρ-

1104 692 1177 718 χετο.
1194 683 1233 719 Τῇ
1249 683 1305 718 γὰρ
1319 683 1375 710 τῶν
1393 683 1478 718 τριῶν
1500 682 1660 717 λειπόμενος
1679 680 1769 716 ῥώμῃ,
1792 679 1895 712 ἔνδοξος

1104 726 1148 764 ἦν,
1172 728 1211 760 ὡς
1231 728 1280 764 τὴν
1300 727 1425 763 φυλακὴν
1448 726 1496 754 τοῦ
1512 726 1646 761 βασιλέως
1667 724 1894 759 πεπιστευμένος.

1104 776 1264 810 Κατέστηπε
1285 775 1332 803 καὶ
1347 774 1429 800 αὐτὸν
1441 773 1522 799 Δαϐὶδ
1538 772 1584 799 ἐπὶ
1596 773 1646 807 τὴν
1661 770 1787 806 φυλακὴν
1800 769 1893 799 αὐτοῦ.

1396 832 1522 859 ΚΕΦΑΛ.
1542 831 1607 858 KB‘.

1140 880 1250 913 Λέγων,
1262 880 1435 914 Πορεύθητι,
1449 879 1617 913 ἁρίθμησον
1628 877 1681 904 τὸν
1695 871 1828 910 Ἰσραήλ.
1840 875 1894 901 Καὶ

1103 926 1127 953 εί
1139 926 1205 958 θεὸς
1216 926 1354 958 ἐκέλευσε,
1368 925 1424 957 πῶς
1441 924 1558 956 εὐθύνας
1573 923 1669 958 ὑπέχει
1682 923 1732 958 τῆς
1742 921 1892 957 ἐξαριθμή-

1103 981 1181 1005 σεωςς
1201 971 1306 999 Οὐκοῦν
1322 971 1352 999 οὺ
1369 972 1466 1006 λόγους
1477 971 1520 998 δεῖ
1535 971 1616 1003 νοεῖν,
1632 970 1698 996 ἀλλὰ
1717 969 1894 1004 συγχώρησιν

1101 1019 1148 1045 τοῦ
1173 1019 1251 1046 Θεοῦ.
1275 1019 1405 1046 Ἐνέδωκε
1425 1019 1479 1054 γὰρ
1497 1017 1586 1053 τούτῳ
1598 1015 1750 1052 κεχρῆσθαι
1771 1015 1809 1050 τῷ
1821 1015 1894 1047 λογι-

1102 1064 1172 1100 σμῷ.
1191 1064 1344 1099 Τοιγαροῦν
1358 1066 1388 1090 ὲν
1405 1065 1466 1096 ταῖς
1482 1062 1740 1098 Παραλειπομέναις
1754 1060 1826 1087 οὕτω
1841 1069 1892 1095 φη-

1102 1111 1144 1137 σίν
1156 1118 1162 1125 ·
1182 1120 1192 1136 ε
1210 1111 1265 1137 Kal.
1278 1111 1378 1145 ἀνέστη
1396 1109 1485 1136 Σατὰν
1502 1109 1548 1136 ἐπὶ
1567 1107 1686 1145 Ἰσραὴλ,
1703 1107 1749 1134 καὶ
1766 1106 1891 1133 ὲπέσεισε

1099 1157 1145 1184 τὸν
1161 1157 1243 1184 Δαϐὶδ
1255 1157 1301 1184 τοῦ
1317 1157 1469 1192 ἀριθμῆσαι
1481 1156 1528 1182 τὸν
1547 1155 1666 1190 Ἰσραήλ.
1682 1163 1692 1180 ι
1711 1153 1788 1180 Οὕτω
1798 1153 1826 1179 δὲ
1842 1161 1893 1178 κα-

1100 1204 1191 1231 λοῦσιν
1208 1203 1330 1239 Ἑϐραῖοι
1347 1203 1393 1230 τὸν
1410 1202 1600 1237 ἀντικείμενον
1613 1201 1781 1234 ἀποστάτην.
1800 1200 1892 1226 Ἐπει-

1100 1251 1132 1287 δὴ
1147 1250 1236 1277 τοίνυν
1247 1251 1307 1282 ταῖς
1324 1249 1410 1281 θείαις
1424 1248 1600 1284 ἐπαγγελίαις
1615 1247 1736 1278 ἐναντίος
1748 1247 1762 1272 ὁ
1772 1245 1893 1277 τοιοῦτος

1099 1297 1134 1335 ἦν
1150 1298 1290 1333 λογισμὸς,
1310 1297 1396 1329 οὕτως
1412 1296 1494 1325 αὐτὸν
1508 1295 1596 1323 καλεῖ.
1608 1295 1663 1322 Καὶ
1681 1294 1731 1321 οὐκ
1742 1292 1828 1325 εἶπεν,
1845 1293 1891 1319 ἐπὶ

1099 1345 1193 1375 Δαϐὶδ,
1208 1345 1275 1377 ἀλλ’,
1292 1344 1339 1371 ἐπὶ
1351 1343 1397 1370 τὸν
1416 1343 1540 1378 Ἰσραήλ·
1561 1342 1622 1369 καθ’
1638 1339 1668 1368 οὗ
1685 1341 1732 1368 καὶ
1747 1340 1780 1367 τὰ
1793 1340 1842 1375 τῆς
1853 1339 1892 1366 δί-

1101 1401 1153 1427 κης
1168 1392 1338 1428 ἀπήντηκεν.
1357 1389 1457 1426 Ὀργὴν
1467 1389 1496 1416 δὲ
1508 1389 1575 1415 Θεοῦ
1587 1388 1662 1421 λέγει
1677 1388 1724 1414 τδν
1736 1387 1859 1414 διάϐολον
1873 1387 1890 1421 ἠ

1100 1438 1208 1473 Γραφή.
1223 1437 1267 1463 Διδ
1283 1436 1371 1463 Σατὰν
1385 1436 1471 1470 αὐτὴν
1486 1435 1515 1462 ἐν
1529 1433 1785 1469 Παραλειπομέναις
1798 1432 1890 1467 φησίν.

1099 1484 1156 1511 Καὶ
1167 1483 1247 1519 εἴπερ
1262 1484 1277 1518 ἡ
1295 1483 1363 1519 ὀργὴ
1377 1480 1464 1514 εἶπεν,
1478 1481 1526 1508 καὶ
1547 1481 1598 1508 οὐκ
1619 1479 1710 1512 αὐτὸς,
1730 1480 1811 1514 ἑτέρα
1826 1478 1891 1514 παρ’

1101 1530 1182 1557 αὑτὸν
1197 1529 1336 1565 είποῦσαὴ
1346 1529 1425 1564 ὀργή.
1435 1529 1491 1555 Καὶ
1501 1527 1539 1559 ὡς
1552 1526 1774 1559 νῦν,Ἐπέσεισεν
1785 1526 1890 1561 ήὸργῆ,

259 1579 413 1615 iniquitatis
428 1570 534 1609 debitas
549 1590 645 1617 poenas
661 1585 802 1618 persolvit,
817 1593 850 1613 eo
867 1570 940 1621 quod
957 1595 1046 1622 regem

1100 1576 1222 1608 λέγεται,
1232 1573 1441 1610 Κυρίου,οῦτως
1452 1574 1521 1600 ἐκεῖ·
1533 1573 1674 1600 Ἔπέσεισε
1690 1571 1789 1598 Σατάν·
1810 1572 1833 1597 εἰ
1846 1570 1892 1621 καὶ

259 1625 346 1659 pium,
360 1626 405 1660 qui
427 1634 441 1653 a
458 1627 513 1654 Deo
532 1629 557 1654 in
576 1628 638 1660 hoc,
658 1632 688 1655 ut
699 1630 828 1658 omnibus
840 1624 982 1666 pris-esset.
998 1632 1048 1660 dc-

258 1670 384 1705 signatus
401 1677 469 1705 erat,
483 1672 683 1706 deseruissent,
702 1680 729 1701 et
747 1675 836 1710 impii,
864 1676 1048 1712 sceleratique

259 1716 305 1743 lilii
323 1723 415 1752 partes
432 1722 526 1745 essent
538 1719 635 1745 secuti.
650 1719 760 1746 Saulem
775 1728 886 1755 quoque
917 1722 1048 1757 condem~

258 1767 364 1793 natum,
384 1766 411 1789 et
448 1763 535 1797 gratia
560 1763 655 1790 divina
681 1764 858 1798 destitutum,
883 1765 918 1792 ad
940 1766 1045 1794 obitum

259 1813 348 1840 usque
363 1814 417 1833 non
434 1807 619 1842 reliquerunt,
636 1808 700 1835 licet
713 1808 799 1836 David
826 1817 841 1837 a
853 1810 986 1845 propheta
1019 1812 1047 1839 in

257 1858 350 1886 regem
384 1858 483 1879 unctus
501 1857 585 1880 esset.
614 1853 693 1882 Hunc
710 1855 794 1889 enim,
828 1856 874 1891 qui
899 1856 1046 1884 multorum

257 1897 394 1925 bonorum
407 1899 447 1926 eis
460 1904 558 1926 auctor
569 1900 668 1932 fuerat,
682 1905 710 1928 et
727 1900 936 1931 Palicstinorum
952 1907 1048 1938 poten-

259 1943 325 1977 tiam
344 1942 471 1978 fregerat,
488 1945 592 1979 quique
607 1946 739 1981 propheta
750 1951 820 1980 erat,
843 1956 896 1975 non
911 1947 990 1975 modo
1001 1948 1049 1975 de-

257 1994 416 2027 seruerunt,
443 1992 490 2018 sed
517 1991 603 2018 aciem
632 1997 727 2020 contra
751 2001 814 2021 eum
844 1995 1045 2022 instruxerunt.

256 2032 374 2069 Propter
404 2034 534 2062 Davidem
560 2035 656 2071 igitur.
687 2037 715 2064 in
736 2045 817 2072 quem
846 2039 1044 2066 contumeliosi

257 2079 377 2112 fuerunt,
393 2088 488 2116 ptenas
518 2081 607 2109 luunt.
623 2083 693 2110 Hinc
715 2083 859 2119 Scriptura
874 2083 954 2118 dicit,
978 2086 1047 2113 iram

259 2125 366 2153 Domini
382 2129 535 2160 grassatam
554 2135 615 2155 esse
631 2133 728 2155 contra
745 2128 883 2162 lsraelem,
903 2137 958 2157 non
983 2138 1049 2159 con-

257 2176 299 2199 tra
316 2171 456 2199 Davidem.
469 2171 535 2198 Nam
552 2174 663 2200 occasio
689 2178 793 2201 tantum
805 2182 893 2209 preme
909 2180 969 2202 erat
984 2183 1049 2203 cen-

256 2225 304 2245 sus
320 2217 412 2252 populi
429 2217 527 2246 factus.
545 2217 624 2246 Solos
640 2219 732 2254 itaque
743 2219 897 2247 defectores
916 2221 1044 2255 percutit,

254 2267 282 2289 ct
295 2263 361 2296 illis,
379 2262 426 2297 qui
440 2263 561 2290 nondum
576 2268 684 2297 aetatem
712 2265 795 2292 rebus
810 2266 939 2300 gerendis
949 2267 1044 2295 utilem

255 2311 413 2343 attigerant,
430 2311 528 2344 parcit.
545 2310 699 2339 Continuas
729 2311 802 2339 enim
817 2311 988 2341 deiectiones
1002 2322 1045 2342 re-

255 2357 430 2391 primentem,
448 2356 474 2383 id
488 2356 560 2390 quod
580 2355 702 2383 futurum
723 2360 782 2384 erat
798 2358 947 2392 praevenire
961 2366 1044 2394 opor-

255 2404 338 2431 tebat.
354 2402 439 2431 Valde
454 2407 544 2438 autem
562 2403 694 2438 religiose
714 2403 799 2431 David
823 2412 877 2432 non
891 2410 922 2433 ea
933 2406 1043 2442 delegit,

255 2451 281 2479 in
302 2450 404 2485 quibus
414 2450 482 2485 ipse,
499 2450 602 2485 quippe
622 2457 681 2482 rex,
695 2450 808 2485 reliquis
824 2451 905 2479 facile
914 2458 1045 2487 prmstare

255 2496 402 2528 potuisset;
417 2503 479 2522 nam
497 2495 567 2522 fame
588 2498 659 2526 orta,
680 2495 740 2530 ipse
752 2495 866 2530 quidem
880 2496 934 2524 cibi
952 2505 1040 2532 penu-

255 2541 293 2566 ria
307 2548 360 2567 non
381 2541 550 2573 laborasset;
570 2541 642 2568 intra
659 2541 759 2568 uicenia
775 2541 871 2574 etiam,
898 2546 926 2569 et
951 2544 1043 2570 muni-

254 2588 342 2613 tiones
369 2587 491 2617 latitans,
517 2586 657 2621 armisque
692 2587 818 2618 indutus,
851 2587 932 2616 facile
952 2588 1044 2618 hostes

253 2631 402 2665 eﬂugisset.
420 2631 486 2657 Item
501 2631 582 2665 igitur
598 2631 684 2667 eligit,
714 2638 777 2666 quae
798 2632 940 2659 hominum
963 2634 1042 2660 auxi-

255 2679 318 2703 lium
338 2682 365 2704 ct
379 2677 530 2711 potentiam
545 2685 600 2704 non
616 2678 832 2715 admittil,‘:equa
850 2686 913 2707 cum
927 2680 1042 2716 reliquis

253 2722 410 2754 conditione
428 2723 570 2750 sententia:
583 2723 737 2758 superioris
757 2732 786 2752 se
798 2724 970 2759 permittens.

1098 1620 1146 1648 τοῦ
1162 1621 1295 1656 ἁμαρτεῖν
1310 1620 1396 1646 αῖτιον
1409 1619 1439 1646 τὸ
1461 1618 1609 1645 ἐπισεῖσαι.
1623 1617 1660 1644 Τὺ
1674 1617 1760 1644 αἴτιον
1774 1616 1828 1651 ἄρα
1843 1614 1892 1641 τοῦ

1098 1667 1233 1702 ἁμαρτεῖν
1246 1667 1320 1692 ἐστιν
1333 1665 1348 1691 ό
1358 1664 1491 1695 διάϐολος,
1503 1663 1536 1690 δι’
1547 1664 1710 1698 ἀμφοτέρων
1723 1661 1892 1696 ὀνομαζόμε-

1098 1721 1143 1744 νος
1158 1713 1211 1739 τῶν
1231 1711 1434 1747 προσηγοριῶν,
1452 1710 1500 1737 καὶ
1522 1709 1623 1736 πείθων
1644 1708 1811 1744 ἁμαρτάνειν
1827 1707 1890 1738 τοὺς

1099 1760 1194 1793 ἁγίους
1206 1758 1346 1794 ἁμαρτίαν
1359 1758 1401 1792 ἐφ’
1455 1756 1609 1792 παρέπεται
1628 1755 1699 1790 δίκη.
1717 1754 1778 1786 Πῶς
1797 1754 1825 1781 δὲ
1840 1753 1888 1779 τοῦ

1098 1806 1180 1833 Δαϐὶδ
1195 1805 1397 1840 ἀριθμήσαντος
1411 1804 1425 1830 ὀ
1435 1803 1498 1835 λαὸς
1511 1803 1690 1837 τιμωρεῖται;
1707 1800 1817 1831 Οἱκείας
1837 1808 1889 1826 ποι-

1100 1851 1232 1887 ρανομίας
1242 1851 1315 1877 ἔτισε
1327 1850 1416 1882 δίκας,
1429 1848 1587 1876 καταλιπὼν
1597 1848 1642 1875 τὸν
1653 1847 1752 1881 εὐσεϐῆ
1767 1845 1892 1881 βασιλέα,

1098 1899 1143 1924 τὸν
1157 1897 1233 1932 παρὰ
1253 1897 1299 1923 τοῦ
1318 1895 1385 1924 Θεοῦ
1410 1896 1465 1922 τῶν
1488 1895 1558 1922 ὅλων
1578 1893 1816 1929 προχειρισθέντα,
1843 1892 1890 1918 καὶ

1098 1944 1244 1979 γενόμενος
1264 1943 1324 1978 μετ’
1340 1941 1455 1974 ἀσεϐοῦς
1469 1941 1516 1969 καὶ
1533 1941 1692 1975 παρανόμου
1711 1939 1816 1971 παιδός,
1835 1939 1890 1965 Καὶ

1097 1991 1142 2017 τὸν
1165 1990 1214 2024 μὲν
1243 1989 1329 2016 Σαοὺλ
1352 1987 1604 2022 καταψηφισθέντα,
1624 1987 1670 2014 καὶ
1687 1986 1736 2021 τῆς
1753 1986 1829 2017 θείας
1840 1994 1888 2020 rw

1101 2036 1241 2073 μνωθέντα
1263 2036 1386 2071 χάριτος,
1419 2033 1500 2069 μέχρι
1521 2031 1651 2066 τελευτῆς
1676 2031 1707 2058 οὐ
1732 2031 1888 2063 κατέλιπον,

1098 2083 1144 2110 καὶ
1154 2081 1241 2108 ταῦτα
1253 2080 1302 2107 τοῦ
1319 2079 1400 2106 Δαϐὶδ
1420 2079 1472 2106 ὑπὸ
1496 2078 1543 2105 τοῦ
1561 2077 1701 2112 προφήτου
1720 2075 1887 2112 χρισθέντθς.

1098 2129 1149 2155 Τὸν
1165 2128 1194 2154 δὲ
1209 2127 1313 2162 μυρίων
1328 2125 1439 2160 ἀγαθῶν
1454 2124 1547 2156 αὐτοῖς
1565 2123 1706 2159 πρόξενον,
1724 2122 1771 2149 καὶ
1790 2122 1821 2147 τὸ
1834 2121 1889 2147 τῶν

1098 2173 1255 2208 ἀλλοφύλων
1278 2172 1469 2200 καταλύσαντα
1485 2170 1596 2205 θράσος,
1614 2169 1661 2196 καὶ
1681 2168 1835 2204 προφήτην,
1857 2166 1889 2192 οὐ

1100 2221 1180 2255 μόνον
1204 2219 1360 2250 κατέλιπον,
1394 2217 1462 2244 ἀλλὰ
1488 2216 1536 2243 καὶ¹
1558 2213 1820 2250 ἀντιπαρετάξαντο.
1844 2213 1889 2238 Διὸ

1063 2251 1084 2278 D
1099 2251 1146 2295 καὶ
1161 2267 1327 2302 πράττονται
1343 2265 1421 2296 δίκας
1437 2263 1480 2291 διὰ
1491 2263 1538 2290 τοῦ
1551 2261 1634 2289 Δαϐὶδ
1648 2262 1687 2293 εἰς
1698 2261 1728 2287 ὃν
1744 2259 1888 2294 ὲπαροίνη-

1099 2323 1160 2341 σαν.
1179 2313 1259 2339 Ὅθεν
1272 2312 1319 2339 καὶ
1332 2312 1349 2346 ἡ
1360 2309 1457 2346 Γραφὴ
1470 2310 1519 2345 τὴν
1533 2308 1618 2343 ὀργὴν
1639 2306 1742 2342 Κυρίου
1758 2306 1887 2347 θυμωθῇ-

1099 2361 1142 2388 ναί
1159 2368 1241 2396 φησιν
1253 2358 1299 2385 ἐπὶ
1320 2357 1437 2392 Ἰσραὴλ,
1451 2356 1501 2383 οὐκ
1514 2355 1560 2382 ἐπὶ
1575 2354 1666 2381 Δαϐίδ,
1681 2353 1818 2388 Πρόφασις
1834 2351 1889 2385 γὰρ

1098 2405 1132 2443 ἦν
1145 2406 1280 2442 τιμωρίας
1291 2405 1305 2431 ὁ
1320 2404 1466 2438 γενόμενος
1479 2401 1606 2437 ἀριθμός.
1623 2398 1772 2434 Τοιγαροῦν
1791 2398 1889 2433 μόνονς

1099 2455 1211 2489 πλήττει
1233 2453 1296 2483 τοὺς
1315 2450 1499 2481 ἀποστάντας,
1515 2449 1562 2475 καὶ
1580 2447 1629 2482 τῆς
1647 2447 1784 2481 ἀχρήστου
1803 2445 1888 2479 μηδα-

1099 2502 1156 2538 μῶς
1174 2499 1314 2535 ἁψάμενος
1338 2496 1456 2531 ἡλικίας.
1473 2495 1547 2522 Ἔδει
1567 2494 1619 2529 γὰρ
1639 2494 1686 2520 καὶ
1701 2491 1888 2528 προδιαθεῖναι

1096 2548 1126 2581 το
1141 2544 1305 2582 μέλλον,·τὰς
1315 2543 1437 2577 συνεχεῖς
1449 2542 1613 2571 ἀποστάσεις
1625 2538 1886 2574 προαναστέλλοντα.

1100 2581 1227 2622 Εὐσεϐῶς
1246 2591 1274 2617 δὲ
1290 2589 1349 2616 λίαν
1365 2589 1380 2614 ὁ
1395 2588 1478 2615 Δαϐὶδ
1498 2587 1548 2613 οὐκ
1560 2586 1660 2622 ¹ᾔτησεν
1674 2586 1701 2612 ὲν
1715 2582 1757 2616 οἷς
1771 2585 1844 2615 εἰκὸς
1853 2581 1889 2617 ἦν

1097 2638 1271 2665 πλεονεκτεῖν
1285 2634 1397 2671 βασιλέα
1417 2633 1596 2668 τυγχάνοντα,
1613 2632 1671 2658 Οὐκ
1690 2631 1722 2658 ἆν
1739 2630 1791 2665 γὰρ
1807 2629 1888 2660 αὐτὸς

1095 2686 1195 2721 ἠπόρει
1207 2684 1322 2719 τροφῆς,
1337 2682 1416 2717 εῐπερ
1430 2681 1553 2715 ἐγεγόνει
1569 2679 1648 2715 λιμός
1660 2687 1666 2694 ’
1680 2677 1748 2705 ἀλλὰ
1763 2678 1819 2709 καὶ,
1838 2686 1887 2704 πε-

1097 2731 1207 2767 ριϐολὴν
1226 2730 1304 2765 ἔχων,
1330 2727 1429 2764 ῥᾳδίως
1443 2727 1477 2754 ἂν
1496 2727 1559 2758 τοὺς
1581 2725 1727 2758 πολεμίους
1748 2724 1886 2759 διέφυγεν.

255 2769 336 2795 Ὅθεν
347 2769 418 2796 αἰτεῖ
430 2769 545 2803 πρᾶγμα
557 2769 594 2804 μὴ
606 2769 749 2804 δεχόμενον
760 2769 934 2807 ἀνθρωπίνην
946 2771 1041 2813 ῥοπὴν,
1063 2774 1092 2815 ἐξ
1109 2777 1169 2812 ἴσης
1185 2775 1282 2810 μοίρας
1298 2775 1354 2804 τοῖς
1369 2773 1459 2807 ἄλλοις
1472 2772 1627 2812 ἐπιτρέπων
1648 2768 1745 2802 ἑαυτὸν
1773 2770 1804 2803 τῇ
1838 2767 1887 2795 τοῦ

254 2815 408 2849 νρτίῑτονος
427 2814 520 2848 ψήφῳ.

289 2886 311 2914 '.'
333 2885 343 2924 ί
360 2886 446 2920 l‘ar.ul_.
465 2894 518 2917 ni,
539 2887 562 2922 ξ.
