2086 3160
294 166 360 200 1137

959 167 1135 199 ΡΒΟΟΟΡΠ
1152 167 1275 198 ϐΑΖιΈΙ

1859 164 1925 196 1148

293 224 340 251 bili
356 224 497 252 comburet
508 223 541 250 “.
552 232 561 250 ι
581 222 656 251 Hanc
665 223 750 259 igitur
764 230 855 251 aream
871 222 1072 258 intelligibilem

1134 221 1219 254 ιὺτοῦ,
1236 221 1285 248 καλ⁸
1301 221 1410 254 συνὰξει
1432 221 1478 248 τὺν
1504 221 1578 248 σῖτον
1592 219 1676 248 αὑτοῦ
1693 220 1733 252 εἰς
1752 220 1800 255 τὴν
1820 220 1924 255 ἀποθή-

293 268 409 305 (νοητὸν)
421 268 546 296 Christus
565 269 763 304 quinquaginta
788 268 875 301 siclis,
893 269 945 296 hoc
955 273 1009 299 est,
1024 275 1081 295 non

299 321 384 349 parvo
393 315 481 350 pretio
495 313 572 342 emit.
587 313 722 342 Caeterum
744 321 889 342 numerum
905 321 1016 349 quoque
1034 313 1082 341 de-

294 360 403 386 clarant
416 358 606 393 dimissionis;
622 359 742 394 seipsum
760 359 832 387 enim
861 358 937 386 dedit
964 366 1014 394 pro
1037 365 1079 391 ea,

295 409 322 432 ct
340 412 416 432 aram
435 405 464 432 in
479 405 524 432 illa
537 405 639 440 posuit.
659 404 693 432 Et
719 404 942 440 quanquuidem
955 411 1081 432 summus

297 454 338 478 est
357 450 492 486 pontifex,
509 450 568 486 ipse
578 451 701 484 seipsum
711 458 821 485 quoque
836 449 1004 477 sacriﬁcium
1031 449 1082 476 ob-

296 497 369 529 tulit,
397 496 478 531 cujus
502 496 542 524 I'ei
567 501 660 532 typum
693 496 799 524 vitulus
815 495 843 523 in
869 503 933 524 area
947 499 1082 523 mactatus

296 542 429 577 praetulit.
451 542 484 569 Et
515 541 606 570 factus
630 547 672 569 est
698 541 897 574 holocaustum,
925 545 952 569 et
969 540 1082 576 paciﬁca

298 589 398 616 hostia.
413 588 558 616 Sublatum
577 589 648 616 enim
664 592 707 616 est
723 588 749 616 in
766 588 877 616 Christo
893 588 1082 617 interstitium.

296 633 357 669 Ipse
375 637 417 661 est
433 640 486 668 pax
497 637 603 666 n0stra,
617 633 695 668 juxta
711 632 869 668 Scripturas
884 633 925 659 "2

332 767 413 796 Vens.
425 767 472 796 24.
484 767 633 796 Possidebo
647 776 663 795 α
678 772 702 796 te
712 768 740 796 in
751 768 954 803 permutatione,
970 772 1023 796 etc.
1033 769 1079 797 Sa-

301 814 394 841 lnmon
411 813 478 841 dicit
493 823 500 841 :
523 822 532 839 ι
551 813 658 842 Honora
671 813 814 842 Dominum
834 814 959 849 dejustis
975 814 1029 842 tuis
1046 815 1085 842 la-

297 859 418 892 boribus,
433 864 459 887 et
474 859 572 895 largire
586 860 610 887 ei
625 860 659 887 de
670 860 724 888 luis
736 860 869 888 fructibus
883 861 998 896 justitia:
1014 861 1058 887 ³⁵³.
1070 870 1079 887 ι

1132 276 1194 302 κην,
1209 267 1240 294 τδ
1255 267 1283 294 δὲ
1297 267 1398 303 ἄχυρον
1414 267 1587 294 κατακαύσει
1599 266 1666 303 πυρὶ
1683 266 1819 301 ἁσὸέστῳ.
1831 276 1840 292 ι
1851 266 1924 292 Ταύ-

1130 322 1181 349 την
1194 313 1249 349 ἄρα
1262 313 1313 348 τὴν
1326 313 1383 341 ἆλω
1397 313 1447 349 τὴν
1460 313 1560 348 νοητὴν
1571 313 1719 349 ἐξεπρίατο
1729 313 1847 348 Χριστος
1859 310 1925 339 πέν-

1131 359 1252 395 τήκοντα
1269 359 1369 386 σίκλων
1381 367 1388 374 ·
1411 359 1566 392 τουτέστιν,
1586 359 1637 385 οὐκ
1663 359 1790 394 ἐλαφρῶν
1803 359 1926 394 τιμημά-

1132 414 1195 433 των.
1210 405 1292 432 ’Λλλὰ
1306 406 1353 432 καὶ⁵
1366 405 1411 432 τὸν
1425 405 1543 441 ἀριθμὸν
1557 405 1721 440 ἐμφαίνουσι
1733 405 1782 439 τῆς
1790 405 1925 439 ἀφέσεως.

1138 450 1250 478 Ἑαυτὸν
1260 450 1314 485 γὰρ
1323 450 1440 477 δέδωκεν
1451 449 1522 484 ὑπὲρ
1534 450 1630 484 αὐτῆς,
1640 450 1687 476 καὶ
1702 448 1802 483 ἔπηξεν
1814 449 1843 475 ὲν
1856 449 1926 485 αὐτῇ

1133 496 1336 531 Θυσιαστήριον,
1351 496 1406 523 Καὶ
1422 495 1537 531 ἐπείπερ
1554 496 1628 522 ἐστὶν
1644 494 1802 530 ἀρχιερεὺς,
1817 494 1865 520 καὶ
1875 495 1928 521 αὺ-

1132 541 1178 574 τὺς
1190 541 1221 568 τὸ
1235 541 1311 577 θῦμα
1326 541 1528 577 προσεκόμισεν
1550 540 1646 568 ἑαυτὸν
1657 560 1664 573 ,
1678 540 1716 572 ὠς
1734 541 1763 566 ὲν
1780 539 1858 575 τύπῳ
1879 539 1929 566 τοῦ

1134 587 1264 620 ἀλοῦντος
1294 587 1406 623 μόσχου.
1440 587 1497 614 Καὶ
1524 587 1637 621 γέγονεν
1665 585 1858 620 ὁλοκαύτωμα,
1880 585 1930 611 καὶ

1134 632 1261 669 εἰρηνικὴ
1272 632 1364 660 θυσία.
1384 632 1503 660 Λέλυται
1515 632 1570 668 γὰρ
1587 631 1619 658 τὸ
1635 630 1804 667 μεωλασοῦν
1819 630 1848 656 ὲν
1860 630 1931 665 Χρι-

1135 679 1201 715 στῷ.
1230 679 1316 712 Λὺτὺς
1342 679 1397 716 γάρ
1424 680 1498 707 ἐστιν
1516 680 1533 715 ἡ
1560 679 1657 714 εἰρήνη
1685 678 1764 714 ἡμῶν
1790 677 1863 705 κατὰ
1879 677 1930 709 τὰς

1134 725 1258 762 Γραφάς.

1170 771 1324 806 κτήσομαι
1350 771 1430 806 παρὰ
1463 771 1522 798 σοῦ
1546 770 1581 798 ἐν
1604 769 1784 805 ἀλλάγματι.
1815 769 1933 804 Ὠφεληο

1135 816 1191 848 θεὶς
1200 817 1245 844 τὸν
1258 818 1363 852 πατέρα
1375 818 1422 844 καὶ
1435 816 1560 851 Σολομὼν
1571 817 1634 852 ἔφη’
1649 827 1658 842 ι
1670 817 1743 851 Τίμα
1757 815 1803 842 τὸν
1824 815 1932 850 Κύριον

1135 862 1189 889 ἀπ’)
1206 862 1260 889 σῶν
1275 863 1387 890 δικαίων
1403 863 1503 896 πόνων,
1519 863 1566 890 καὶ
1576 862 1702 898 ἀπάρχου
1718 861 1794 896 αύτῷ
1807 860 1861 888 ἀπὺ
1875 860 1933 887 σῶν

297 903 325 931 lu
347 904 392 932 Illo
410 912 474 932 vero
487 893 554 940 agro
563 904 707 933 aediﬁcavit
723 905 853 933 Solomon
866 893 1083 941 teluplum.l)icit

1136 909 1249 944 καρπῶν
1267 909 1449 945 δικαιοσύνης.
1470 919 1479 935 ι
1497 893 1545 936 ζΕν
1556 893 1704 944 ἐκείνων-δὲ
1723 907 1763 943 τῷ
1777 893 1869 942 impii?
1883 907 1933 933 τὸν

296 950 369 978 enim
385 950 500 978 historia
515 959 522 977 :
538 960 548 977 ι
562 950 695 986 Adjunxit
711 950 843 979 Solomon
872 951 907 980 ad
919 952 1006 980 altare
1025 953 1084 980 ulti-

1134 952 1201 980 νεὼν
1232 953 1390 990 ᾠκοδόμησε
1418 954 1556 990 Σολομὼν.
1584 954 1655 989 Φησὶ
1679 953 1734 988 γὰρ
1759 954 1776 988 ὴ
1806 952 1928 988 ίστορία·

296 1002 352 1026 mo,
366 995 437 1030 quod
453 995 480 1022 in
499 995 633 1030 principio
647 1003 761 1031 parvum
781 1001 850 1024 erat.
874 1005 884 1023 ι
920 997 1084 1032 Signiﬁcans

1139 1007 1148 1023 ι
1166 998 1341 1034 Προσέθηκεν
1355 1000 1369 1026 ὁ
1395 999 1524 1035 Σολομὼν
1539 999 1587 1026 ἐπὶ
1613 999 1644 1026 τὺ
1667 997 1863 1033 θυσιαστήριον
1884 997 1931 1023 ἐπ’

298 1039 473 1076 I‘Ivangelium
486 1047 632 1076 progressu
647 1041 780 1076 temporis
807 1043 1033 1076 promovendum,
1057 1047 1084 1071 et

1134 1042 1252 1078 ἐσχάτῳ,
1273 1044 1316 1070 ὅτι
1340 1043 1439 1079 μικρὸν
1455 1041 1489 1080 ἦν
1502 1044 1532 1071 ὲν
1550 1043 1681 1079 πρώτοις.
1709 1053 1719 1069 ι
1739 1042 1933 1076 ’Υποδηλοῦσα

297 1086 584 1120 propngandumesse.
604 1086 718 1121 Semper
738 1086 810 1114 enim
833 1095 866 1115 ex
887 1088 979 1122 parvis
997 1088 1084 1117 initiis

1134 1087 1184 1123 τὴν
1196 1088 1267 1115 κατὰ
1286 1089 1400 1124 καιροὺς
1414 1089 1548 1125 ἐσομένην
1568 1088 1615 1116 τοῦ
1638 1087 1805 1123 Εὑαγγελίου
1826 1096 1932 1123 προκο-

297 1130 418 1159 Ecclesia
432 1131 574 1164 dilatatur,
586 1137 613 1160 et
634 1131 752 1160 subinde
766 1132 860 1168 plures
877 1133 1028 1162 adduntur.

1134 1133 1199 1168 πήν.
1213 1134 1267 1161 Καὶ
1282 1135 1299 1170 ἠ
1310 1134 1460 1170 Ἐκκλησία
1470 1135 1525 1170 γὰρ
1539 1135 1585 1162 διὰ
1600 1135 1701 1167 παντὸς
1716 1135 1748 1161 ὲκ
1765 1133 1933 1171 μικροτέρας

1133 1179 1289 1216 εὐρύνεται,
1306 1181 1353 1209 καὶ
1371 1182 1564 1217 προστίθενται
1577 1182 1697 1213 πλείους.

331 1249 354 1264 ³³
372 1248 467 1277 Matth.
484 1256 526 1283 tu,
543 1249 587 1278 l2.
623 1250 646 1267 "
658 1250 759 1287 Ephes.
777 1259 807 1285 ll,
823 1251 868 1280 Η.
907 1253 941 1269 ³⁸⁸
957 1253 1038 1281 Prov.
1056 1261 1095 1287 tu,
1112 1254 1140 1283 9.

306 1348 419 1358 ..ι-

435 1431 556 1489 ΕΙΣ
591 1431 751 1489 ΤΗΝ
804 1430 1083 1488 ΤΡΙΤΗΝ

1140 1432 1292 1490 ΤΩΝ
1350 1431 1444 1488 BA
1455 1429 1781 1489 ΣΙΑΕΙΩΝ.

508 1625 590 1687 ΙΝ
637 1625 940 1691 LIBRUM
986 1625 1353 1697 TERTIUM
1411 1625 1716 1689 REGUM.

579 1817 655 1845 CAP.
677 1817 826 1845 PRIMUM.

331 1873 415 1902 Vsus.
434 1872 502 1909 HE!
515 1880 560 1900 rex
571 1873 655 1900 David
671 1881 749 1901 senex
763 1873 915 1901 admodum.
925 1873 1037 1907 Quaeres
1048 1881 1082 1901 an

296 1918 481 1956 πρεσϐύτερος
494 1918 528 1946 de
541 1918 665 1953 improbo
683 1923 833 1954 usurpetur
851 1927 865 1946 a
877 1919 1034 1955 Scriptura,
1048 1928 1083 1948 an

296 1965 331 1992 de
348 1968 458 1997 sancto;
486 1968 523 1995 et,
551 1970 585 1990 an
609 1963 789 1999 προϐεϐηκὼς
809 1964 928 2000 ἡμέραις
952 1965 1082 1994 dicatur:

297 2011 374 2044 item,
395 2018 429 2038 an
445 2009 574 2038 diﬂ‘erant
590 2009 776 2045 πρεσσύτερος
790 2014 817 2038 et
845 2011 1012 2048 πρεσῦύτης.

333 2097 416 2126 Vsus.
431 2097 460 2126 ι.
476 2097 511 2125 Et
531 2097 680 2125 dormiebat
708 2106 767 2125 cum
777 2107 845 2135 rege.
860 2099 1016 2129 Florentem
1033 2101 1085 2128 vir-

296 2144 370 2179 ginis
388 2148 496 2172 etatem
509 2144 730 2176 considerarunt,
746 2153 807 2180 quae
828 2145 922 2180 vigore
935 2151 963 2174 et
992 2147 1085 2174 calore

294 2189 448 2224 iuventutis
472 2197 530 2216 sua:
551 2189 663 2218 Davidis
685 2197 797 2218 carnem
841 2191 987 2219 solaretur.
1016 2192 1084 2220 Nam

296 2235 526 2262 vestimentorum
540 2234 652 2269 quidem
673 2238 772 2262 natura
787 2239 839 2267 est,
857 2239 888 2263 ut
900 2237 1025 2272 corporis
1036 2246 1084 2265 ca-

297 2279 380 2306 lorem
401 2283 578 2311 conservent,
608 2283 636 2306 et
652 2278 792 2307 inventum
819 2281 938 2308 calorem
954 2288 1083 2318 augeant,

296 2323 364 2350 nihil
378 2331 445 2352 vero
471 2324 572 2358 frigido
601 2325 712 2360 corpori
732 2325 890 2354 conferant.
905 2326 976 2355 Caro
992 2335 1083 2356 autem

295 2367 395 2402 calida,
410 2368 444 2396 de
466 2376 518 2396 suo
538 2369 642 2403 calore,
668 2377 750 2404 quem
782 2370 876 2404 habet,
891 2371 920 2399 in
936 2380 1004 2405 rem,
1023 2380 1085 2408 qua:

295 2412 474 2448 suscipiendo
486 2413 572 2441 calori
587 2413 686 2442 idonea
701 2419 754 2446 est.
769 2416 942 2444 transmittit.

333 2457 416 2486 Vens.
429 2458 457 2487 5.
469 2458 502 2486 Et
524 2459 609 2486 Orm'a
623 2459 697 2494 ﬁlius
722 2459 825 2496 (lagqid
839 2460 935 2488 David.
949 2461 1083 2491 Adonias.

296 2503 448 2531 Binoininis
461 2504 536 2532 enim
548 2509 620 2532 erat.

330 2549 415 2578 Vsus.
431 2550 458 2579 9.
469 2549 503 2578 Et
516 2559 586 2585 ουη,
602 2556 626 2579 ει
637 2560 731 2587 agnos,
751 2556 805 2581 etc.
821 2552 892 2582 Oves
913 2554 1025 2589 quidem
1048 2563 1080 2583 ex

294 2595 386 2623 ovium
402 2600 430 2624 et
446 2603 592 2632 caprarum
626 2605 724 2633 grege,
754 2606 840 2634 agnos
854 2606 919 2627 vero
944 2608 977 2628 ex
989 2601 1082 2628 ovium

294 2650 386 2678 grege,
399 2646 428 2670 et
442 2644 524 2672 unius
538 2644 674 2671 duntaxat
693 2645 794 2673 aetatis.

332 2688 383 2721 Qui
394 2688 503 2723 junctus
515 2694 573 2717 erat
586 2690 648 2718 Ain.
657 2690 857 2726 Eptllumjuxta
871 2691 972 2720 fontem
985 2701 1083 2728 quem-

295 2733 358 2760 dam
372 2734 568 2762 scaturientem
581 2739 645 2762 ante
658 2735 753 2763 urbem
763 2736 900 2764 exhibuit.
911 2736 992 2764 Juxta
1002 2745 1082 2773 quem

297 2779 394 2807 hortus
414 2781 507 2816 regius
539 2781 665 2810 consitus
694 2786 765 2815 erat,
791 2783 832 2811 sic
846 2784 920 2810 cutim
944 2783 1082 2819 Josephus

297 2825 404 2853 scribit.
417 2823 598 2860 Symmachus
611 2826 695 2854 etiam
712 2826 763 2855 Ain
784 2835 839 2855 una
861 2835 924 2856 cum
938 2827 1007 2864 Syro
1022 2828 1081 2863 [οη-

299 2873 351 2896 um
366 2869 565 2906 interpretatus
580 2875 632 2898 est.

1345 1814 1543 1843 ΚΕΦΑΛΑΙΟΝ
1566 1815 1714 1843 ΠΡΩΤΟΝ.

1170 1873 1226 1901 Καὶ
1239 1872 1413 1906 ὁβασιλεὺς
1429 1870 1520 1898 Δασίδ
1533 1871 1705 1906 πρεσϐύτης
1732 1869 1860 1905 σφόδρα.
1875 1870 1928 1904 Ζη-

1134 1921 1243 1956 τήσεις,
1263 1920 1341 1947 εῐπου
1361 1919 1392 1946 τὺ
1410 1918 1612 1952 πρεσϐύτερος
1633 1917 1680 1944 ἐπὶ
1697 1916 1799 1951 φαύλου
1811 1916 1863 1943 ὑπὸ
1879 1915 1926 1943 τοῦ

1134 1965 1281 2001 προσώπου
1293 1965 1342 2000 τῆς
1359 1963 1472 2000 Γραφῆς
1486 1962 1605 1998 εἴρηται,
1624 1962 1642 1997 ἢ
1656 1962 1704 1988 ἐπὶ
1716 1961 1794 1995 ἁγίου
1804 1968 1810 1975 ·
1827 1960 1884 1993 καὶ,
1902 1961 1926 1987 εἰ

1133 2012 1164 2038 τδ
1179 2010 1369 2045 προϐεϐηκὼς
1384 2009 1510 2044 ἡμέραις
1523 2009 1632 2043 λέγεται
1642 2016 1650 2024 '
1676 2008 1722 2035 καὶ
1733 2028 1740 2041 ,
1760 2008 1785 2034 ιι
1804 2007 1927 2043 διαφέρει

1134 2057 1335 2091 πρεσϐύτερος
1351 2055 1399 2082 καὶ
1410 2055 1592 2089 πρεσϐύτης.

1170 2102 1224 2129 Καὶ
1240 2100 1280 2138 ἦν
1296 2100 1335 2134 τῷ
1344 2100 1473 2134 βασιλεῖ
1481 2102 1652 2135 σύγκοιτος.
1666 2099 1703 2126 Τὸ
1717 2099 1767 2134 τῆς
1790 2099 1925 2134 παρθένου

1134 2149 1251 2184 ἀκμαῖον
1266 2147 1427 2183 ἐπενόησαν,
1444 2147 1515 2174 ὥστε
1527 2146 1617 2179 ζώσας
1635 2146 1682 2172 καὶ⁸
1702 2146 1817 2181 ζεούσης
1831 2144 1926 2179 νεότη-

1134 2202 1181 2226 τος
1195 2194 1299 2229 σάρκας
1314 2192 1536 2228 παραμυθεῖσθαι
1551 2192 1596 2218 τὸν
1615 2190 1707 2218 Δαὸίδ.
1729 2189 1856 2225 Ίματίων
1876 2189 1925 2224 μὲν

1135 2240 1189 2275 γὰρ
1205 2239 1286 2274 φύσις
1312 2239 1406 2274 τηρεῖν
1431 2238 1538 2272 πέφυκε
1553 2236 1600 2263 τοῦ
1626 2236 1752 2271 σώματος
1778 2235 1828 2270 τὴν
1840 2235 1924 2267 ζέσιν,

1135 2285 1203 2311 ἀλλὰ
1220 2286 1267 2312 καὶ
1283 2284 1396 2311 πλείονα
1414 2285 1502 2311 ποιεῖν
1520 2284 1552 2318 ἢν
1565 2279 1660 2318 εὗρεν·
1679 2282 1756 2309 οὐδὲν
1778 2281 1806 2308 δὲ
1828 2281 1859 2308 τὸ
1872 2281 1925 2315 4m-

1135 2331 1200 2366 χρδν
1214 2331 1348 2366 ὠφελεῖν·
1366 2330 1384 2365 ἡ
1400 2329 1429 2356 δέ
1444 2338 1475 2363 γε
1496 2328 1594 2361 ζέουσα
1616 2328 1686 2363 σὰρξ
1707 2328 1756 2362 τῆς
1771 2326 1926 2363 προσούσης

1136 2376 1241 2413 θέρμης
1253 2375 1291 2411 τῷ
1305 2375 1408 2411 ταύτης
1422 2373 1541 2410 δεκτικῷ
1556 2373 1728 2410 μεταδίδωσι.

1170 2462 1225 2490 Καὶ
1255 2461 1355 2496 Ὄρνιὰ
1383 2462 1448 2495 υἱὸς
1475 2461 1579 2497 Ἀγτὲθ
1604 2461 1701 2488 Δαϐίδ.
1720 2461 1861 2493 Ἀδωνίας,
1878 2461 1924 2487 καὶ

1099 2502 1122 2531 Ῐ)
1136 2509 1189 2544 γὰρ
1207 2506 1241 2545 ἧν
1255 2508 1398 2543 διώνυμος.

1171 2554 1226 2582 Kal
1241 2555 1383 2588 πρόϐατα,
1395 2553 1444 2580 καὶ
1467 2553 1572 2588 ἄρνας.
1587 2552 1702 2587 Μήποτε
1727 2550 1852 2587 πρόϐατα
1874 2550 1925 2585 μὲν
1944 2566 1946 2569 -

1136 2601 1171 2628 τὰ
1185 2602 1218 2628 ὲκ
1233 2600 1360 2635 ποιμνίου
1376 2600 1422 2627 καὶ
1433 2599 1464 2632 ὲξ
1481 2599 1615 2632 αἰπολίου,
1627 2597 1713 2634 ἄρνας
1730 2597 1758 2624 δὲ
1770 2597 1805 2624 τὰ
1817 2597 1850 2623 ὲκ
1864 2605 1924 2624 που

1139 2645 1228 2681 μνίου,
1245 2645 1292 2671 καὶ
1308 2644 1375 2679 μόνα
1395 2645 1460 2679 μιᾶς
1476 2643 1595 2679 ἡλικίας.

1175 2691 1232 2718 Τὸν
1245 2691 1391 2726 ἐχόμενον
1408 2691 1480 2717 Ἄϊν.
1492 2690 1529 2716 Τὸ
1544 2688 1679 2716 συσσίτιον
1691 2689 1835 2715 ἐπετέλεσε
1849 2688 1926 2723 παρά

1136 2745 1198 2763 τινα
1212 2736 1302 2771 πηγὴν
1321 2736 1374 2771 πρὸ
1388 2735 1435 2762 τοῦ
1454 2735 1550 2767 ἄστεος
1573 2733 1789 2766 ἀναδλύζουσαν,
1804 2733 1869 2768 παρ’
1891 2733 1924 2767 ἢν

1137 2782 1276 2817 βασιλικὸς
1289 2782 1411 2817 ὲτεθήλει
1431 2781 1604 2816 παράδεισος.
1626 2780 1705 2807 Οὕτω
1724 2780 1779 2815 γὰρ
1791 2778 1925 2814 Ἰώσηπος

1134 2827 1198 2862 ἔφη.
1214 2827 1268 2853 Καὶ
1281 2827 1295 2853 ό
1313 2826 1461 2861 Σύμμαχος
1475 2825 1503 2851 δὲ
1523 2825 1570 2861 τὴν
1583 2825 1643 2852 Ἀῒν
1664 2824 1769 2860 πηγὴν
1784 2824 1921 2860 ἡρμήνευ-

1137 2881 1194 2905 σεν,
1207 2872 1243 2905 ὡς
1260 2873 1306 2899 καὶ
1317 2873 1330 2899 ὁ
1347 2872 1430 2908 Σύρος
1446 2871 1532 2898 καλεῖ.
