2086 3160
173 183 239 219 1119

670 183 936 215 COMMENTARII
955 182 996 212 IN
1016 181 1090 212 LIB.
1104 181 1314 213 IIIREGUM.

1733 182 1802 215 1150

208 242 260 269 Καὶ
276 241 380 269 Νάθαν
389 239 462 277 ἦλθε
477 241 553 276 ,πρὸς
569 242 733 276 Βηρσαϐεέ.
747 242 826 273 Τινὲς
842 241 960 276 ἀνοήτως

1050 239 1134 268 Vens.
1162 240 1207 268 11.
1237 239 1348 267 Nat/mn
1372 240 1441 267 venit
1469 239 1505 267 ad
1533 241 1671 269 Bersabee.
1683 241 1803 275 Quidam

173 286 306 313 ὑπέλαϐον
320 286 438 322 ἀλγῆσαι
449 286 495 313 τὸν
508 286 613 319 Νάθαν,
627 286 665 318 ὡς
681 286 718 322 μὴ
731 286 866 322 κληθέντα
882 286 921 317 εἰς
933 285 964 312 τὸ

172 332 326 360 συσσίτιον·
344 333 384 360 διὸ
399 331 487 361 ταῦτα
503 333 629 368 ποιῆσαι.
649 333 678 360 'U
696 333 726 359 δὲ
741 334 893 368 προφήτης,
914 332 963 367 τὴν

171 380 218 407 τοῦ
234 379 302 407 Θεοῦ
328 379 417 414 ψῆφον
441 378 521 410 εἰδὼς
551 378 596 414 (δι’
616 378 700 405 αὑτοῦ
722 378 776 414 γὰρ
791 377 908 413 ἐδήλωσε
924 377 962 411 τῷ

172 427 291 462 βασιλεῖ·
311 435 319 452 ι
337 426 374 452 Οὺ
398 426 431 453 σὺ
444 424 633 461 οίκοδομήσεις
649 433 693 460 μοι
713 422 786 450 οἷκον
797 432 804 438 θ
822 423 879 450 ἀλλ’
896 422 961 455 ἰδοὺ,

171 468 229 504 υἱὸς
243 472 366 501 τίκτετα1
380 480 433 504 σοι,
445 470 570 506 Σολομῶν
584 470 669 506 ὄνομα
680 469 764 506 αὐτῷ,
773 466 850 501 οὗτος
860 469 962 496 οἰκοδο-

172 517 255 553 μήσει
265 514 339 543 οἶκον
353 515 392 551 τῷ
404 515 516 551 ὀνόματί
533 515 607 551 μου),
627 524 636 541 ι
650 514 817 549 θεασάμενος
828 513 874 540 τὸν
898 513 961 548 Ὀρι

170 567 230 594 νίαν
244 565 320 601 παρὰ
330 565 379 601 τὴν
393 565 469 592 θείαν
484 564 582 600 βουλὴν
594 563 644 598 τὴν
658 562 798 598 βασιλείαν
823 561 961 597 ἁρπάζον-

170 621 214 643 τα,
228 611 363 647 ἀνέμνησε
377 610 422 638 διὰ
437 611 488 644 τῆς
521 609 663 645 Βηρσαϐεὶ
690 608 736 635 τὸν
770 607 881 643 βασιλέα
911 607 961 642 τῆς

170 658 245 689 Θείας
272 658 467 693 προρρήσεως·
502 653 562 682 εἶτα
590 654 740 686 εἰσελθὼν,
761 655 825 685 τοὺς
852 652 960 688 ἐκείνης

169 703 318 730 ὲῦεὗαίωσε
341 702 446 737 λόγους.

206 793 258 821 Καὶ
275 793 386 827 ἄρνας,
405 791 455 818 καὶ
471 791 613 825 πρόϐατα.
633 790 689 816 Καὶ
711 787 827 815 ἐνταῦθα
844 787 959 822 διάφορα

169 839 256 866 ταῦτά
268 846 361 873 φησιν.

204 885 257 912 Καὶ
269 882 488 911 καταϐιϐάσατε
500 881 596 908 αὐτὸν
609 880 658 907 ἐπὶ
678 880 732 907 τὸν
748 878 852 906 Γειὼν.
872 877 957 904 Γειὼν

1015 286 1098 314 stulte
1127 289 1154 313 et
1183 286 1275 321 inepte
1303 286 1434 321 suspicati
1462 291 1525 314 sunt
1556 287 1675 320 Natlian,
1698 287 1803 315 doloris

1015 331 1200 367 impatientia,
1228 338 1260 359 eo
1281 332 1354 366 quod
1384 331 1418 359 ad
1434 331 1591 359 convivium
1621 337 1734 360 vocatus
1747 339 1802 359 non

1013 382 1098 410 esset,
1122 378 1299 405 haeci'ecisse.
1329 377 1462 405 Caeterum
1485 378 1629 414 propheta,
1657 379 1742 406 divini
1753 379 1786 407 de

1014 425 1095 456 creti.
1112 430 1141 452 et
1160 424 1266 452 consilii
1285 432 1404 460 gnarus;
1433 433 1482 460 per
1496 425 1569 453 hunc
1582 426 1654 453 enim
1667 426 1722 461 regi
1736 434 1801 461 ape-

1013 471 1084 499 ruit:
1105 480 1114 498 ‹
1136 470 1196 498 Non
1227 475 1256 498 tu
1285 470 1433 499 adiﬁcabis
1451 471 1519 498 mihi
1534 471 1658 504 domum,
1672 473 1719 500 sed
1732 480 1802 501 ecce

1011 516 1082 544 ﬁlius
1102 521 1231 544 nascetur
1247 516 1307 549 tibi,
1332 517 1376 544 cui
1399 524 1500 544 nomen
1525 517 1578 545 erit
1596 517 1740 550 Solomon,
1756 519 1802 546 hic

1014 562 1160 590 zediﬁcabit
1187 562 1291 590 nomini
1318 570 1380 590 meo
1402 562 1526 596 domum,
1546 572 1556 589 ι
1587 570 1651 591 cum
1689 564 1803 592 vidisset

1010 608 1096 635 Ornia
1113 612 1211 636 contra
1227 608 1394 635 voluntatem
1415 614 1441 636 et
1464 608 1612 636 consilium
1628 608 1674 635 Dei
1687 617 1801 644 regnum

1011 653 1230 690 καινοτομεςί
1251 662 1300 689 per
1325 653 1490 682 Bersabeam
1520 653 1565 682 Dei
1591 654 1752 682 vaticinium
1772 655 1801 682 in

1011 699 1172 727 memoriam
1185 702 1338 732 revocavit;
1369 703 1474 734 postea,
1488 699 1523 727 ad
1539 707 1631 735 regem
1649 700 1800 735 ingressus,

1009 752 1152 773 sermones
1163 745 1238 773 illius
1262 746 1448 773 conllrmavit.

1044 791 1127 826 529
1143 790 1227 818 Vens.
1238 791 1285 819 25.
1302 791 1338 818 Et
1354 799 1448 827 agnos,
1473 795 1499 818 et
1524 791 1611 820 bona.
1626 791 1678 819 Hic
1691 798 1802 827 quoque

1008 837 1161 865 dillerentia
1182 838 1238 864 haec
1253 837 1332 864 dixit.

1047 881 1131 910 Vens.
1143 883 1188 910 55.
1209 882 1243 909 Et
1254 882 1374 909 deducite
1390 890 1450 909 eum
1469 882 1503 909 ad
1515 882 1612 910 Gilion.
1630 882 1719 910 Gilion
1737 883 1800 917 qui-

172 931 221 966 μὲν
235 932 249 957 ό
265 929 371 961 Νεῖλος.
389 929 427 960 ὡς
450 927 591 963 Ἱερεμίας.
609 926 665 953 Καὶ
684 926 732 952 νῦν
750 924 776 951 τί
803 924 845 951 σοὶ
864 924 910 950 καὶ
924 925 957 959 τῇ

1010 930 1070 958 dem
1089 929 1166 957 Nilus
1189 933 1241 961 est,
1267 929 1337 956 sicut
1366 927 1512 956 Jcremias.
1529 929 1562 956 Et
1581 937 1654 957 nunc
1667 929 1732 964 quid
1749 930 1799 956 tibi

169 977 221 1012 έρδῷ
238 973 375 1010 Αἰγύπτου
390 973 437 1001 τοῦ
457 974 532 1000 πιεῖν
553 972 623 1008 ὕδωρ
643 971 741 1003 Γειών;
761 970 958 1006 Ἐπωνόμασαν

168 1024 197 1049 δὲ
212 1021 315 1048 καὶτὸν
330 1020 441 1055 Σιλωὰμ
452 1019 546 1047 Γειὼν.
566 1019 611 1050 Ἢ,
624 1019 661 1049 ὡς
673 1018 742 1052 ἄγαν
753 1016 867 1052 σμικρὸν
880 1017 960 1051 εἰρω-

169 1069 251 1100 νικῶς
267 1068 348 1097 αὐτὸν
361 1067 432 1094 οὕτω
448 1066 630 1097 καλέσαντες·
648 1065 676 1099 ἢ,
697 1064 791 1098 ἐπειδὴ
814 1063 861 1090 καὶ
877 1062 959 1095 αὐτὸς

168 1115 198 1148 ὲΞ
214 1115 324 1149 ἀφανῶν
338 1113 438 1146 ἔξεισιν
451 1112 605 1146 ὑπονόμων,
619 1110 713 1146 ὥσπερ
726 1111 741 1137 ὸ
753 1109 858 1141 Νεῖλος.
876 1109 958 1141 Τάξει

167 1161 196 1187 δὲ
211 1160 354 1195 κέχρηται,
372 1158 509 1194 προτάξας
524 1156 620 1183 Σαδὼκ
629 1156 675 1183 τδν
689 1155 776 1190 ἱερέα.
792 1152 853 1182 εἶτα
865 1154 958 1181 Ναϐὰν

168 1207 216 1235 τὸν
230 1207 385 1242 προφήτην,
403 1205 451 1232 καὶ
469 1205 539 1240 μετὰ
556 1203 643 1230 ταῦτα
653 1202 776 1229 Βαὸαίαν
787 1202 845 1229 υἱὸν
864 1202 958 1229 Ἰωδαὲ

168 1254 214 1283 τὸν
228 1251 390 1288 στρατηγὸν,
404 1251 500 1286 έχοντα
512 1249 702 1286 σφενδονήτας,
715 1249 763 1276 καὶ
775 1248 896 1281 τοξότας,
911 1248 957 1275 τὸν

168 1298 296 1334 Χερεθθὶ,
308 1297 355 1324 καὶ
367 1296 486 1324 Φιλεθθί.

207 1436 292 1471 Ὑπὲρ
301 1436 335 1464 τὸ
348 1435 443 1472 ὄνομά
457 1444 527 1464 σου.
546 1435 664 1472 ᾝδεσαν
684 1434 721 1467 ὡς
738 1434 842 1468 οὐδεὶς,
860 1443 957 1469 πατρι-

170 1484 222 1519 κὴν
233 1484 302 1519 έχων
317 1482 520 1518 φιλοστοργίαν,
538 1481 723 1518 ἐζηλοτύπησε
742 1481 834 1508 παῖδα.
852 1481 884 1507 Οἱ
903 1480 958 1516 γὰρ

167 1529 284 1557 τοιοῦτοι
309 1528 356 1556 καὶ
378 1528 585 1564 λαμπροτέρους
616 1527 740 1563 εὔχονται
769 1527 833 1559 τοὺς
860 1527 957 1557 παῖδας

1011 977 1050 1004 rei
1065 980 1107 1004 cst
1122 983 1185 1003 cum
1201 975 1245 1002 via
1258 974 1369 1010 Egypti
1384 975 1417 1002 ad
1430 975 1579 1003 bibendum
1587 983 1685 1010 aquam
1697 975 1801 1003 Gilion?

1007 1022 1143 1050 Caiterum
1158 1022 1217 1050 Silo
1241 1022 1312 1049 hanc
1344 1030 1456 1058 quoque
1480 1022 1570 1050 Gilion
1583 1024 1798 1059 appellaverunt.

1010 1069 1067 1101 Vel,
1080 1069 1153 1104 quod
1182 1068 1261 1096 valde
1271 1068 1389 1104 exiguus
1406 1069 1454 1101 sit,
1483 1076 1532 1103 per
1556 1069 1670 1096 ironiam
1687 1069 1738 1096 hoc
1750 1077 1800 1096 no-

1008 1116 1082 1142 mine
1093 1122 1155 1143 eum
1168 1114 1338 1150 appellantes
1353 1122 1361 1147 ;
1379 1114 1432 1146 vel.
1448 1114 1521 1149 quod
1542 1114 1600 1149 ipse
1624 1121 1735 1150 quoque
1752 1122 1800 1149 per

1008 1161 1130 1189 occultos
1145 1160 1298 1192 cuniculos,
1310 1160 1538 1195 quemadmodum
1554 1159 1641 1193 Nilus,
1657 1164 1798 1196 exsurgat.

1008 1207 1111 1234 Ordine
1152 1211 1241 1234 autem
1283 1215 1352 1234 usus
1379 1210 1439 1240 est,
1460 1207 1550 1242 primo
1579 1207 1641 1235 loco
1664 1207 1798 1234 Sadoeum

1008 1251 1184 1279 sacerdotem
1193 1251 1379 1283 constituens,
1389 1251 1488 1278 deinde
1499 1250 1605 1278 Nalhan
1624 1252 1798 1286 prophetam,

1009 1301 1105 1332 postea
1132 1297 1269 1331 Babazam,
1297 1297 1383 1324 tilium
1422 1296 1507 1325 Jodae
1527 1297 1712 1332 capitaneum,
1741 1305 1796 1325 uua

1008 1349 1070 1369 cum
1093 1341 1278 1371 funditoribus
1290 1363 1298 1376 ,
1314 1346 1341 1370 et
1353 1342 1505 1378 sagittariis
1518 1362 1525 1376 ,
1541 1342 1669 1370 Cherethi
1682 1347 1710 1371 et
1725 1342 1798 1370 Phe-

1008 1388 1065 1415 icti.

1045 1433 1126 1461 Vens.
1142 1433 1187 1462 47.
1199 1433 1282 1468 Super
1294 1441 1386 1461 nomen
1398 1438 1483 1461 tuum.
1497 1433 1626 1462 Sciebant
1642 1434 1793 1464 neminem.

1007 1480 1054 1514 qui
1075 1483 1187 1514 paterno
1202 1479 1303 1507 affectu
1320 1479 1451 1515 praeditus
1474 1483 1558 1512 esset,
1579 1478 1636 1507 ﬁlio
1652 1480 1785 1506 invidere.

1007 1524 1114 1551 Etenim
1136 1525 1217 1557 tales,
1232 1524 1431 1559 splendidiores
1455 1524 1526 1552 lilios
1539 1524 1631 1552 videre
1656 1528 1797 1559 exoptant.

169 1576 242 1604 ιδείν.
261 1574 412 1610 Τοιγαροῦν
427 1574 475 1601 καὶ
492 1573 576 1601 Δαόὶδ
598 1573 684 1604 οὕτως
700 1572 806 1607 ἐφήσθη
821 1573 877 1604 τοῖς
906 1572 957 1598 ὑπὸ

1010 1570 1192 1603 Quamobrem
1212 1570 1293 1597 etiam
1323 1569 1407 1597 David
1431 1570 1498 1602 haec,
1514 1577 1575 1605 quae
1593 1577 1608 1596 a
1625 1569 1798 1605 principibus

167 1621 222 1648 τῶν
236 1621 378 1656 ἀρχόντων
388 1619 555 1656 εἰρημένοις,
581 1619 622 1646 ὅτι
638 1618 687 1645 καὶ
703 1618 750 1644 τοῦ
771 1618 863 1653 γήρως
877 1617 956 1643 αὐτὸν

167 1667 317 1702 ἀναστῆναι
335 1665 496 1698 κωλύοντος,
519 1663 750 1699 κατακεκλιμένος
769 1662 956 1699 προσεκύνησε

169 1715 215 1741 τὸν
229 1713 306 1746 Θεὸν,
318 1714 378 1745 ταῖς
392 1713 555 1748 ὑποσχέσεσι
568 1712 702 1739 δεδωκότα
713 1711 744 1738 τὸ
759 1711 856 1747 πέρας.

470 1800 597 1829 ΚΕΦΑΛ.
613 1799 652 1828 Β’.

204 1847 258 1876 Kal
271 1847 490 1882 κραταιωθήσῃ,
502 1847 552 1874 καὶ
562 1847 620 1881 ἔσῃ
631 1848 674 1880 εις
684 1846 778 1880 ἄνδρα
791 1845 956 1879 δυνάμεως.

185 1894 220 1925 Ως
245 1893 321 1925 ὄντος
347 1894 393 1920 ἐπὶ
412 1893 567 1928 Σολομῶντι
593 1892 641 1919 τοῦ
660 1891 786 1926 γενέσθαι
812 1892 852 1924 εἰς
873 1891 958 1926 ἄνδρα

170 1939 256 1968 ταῦτα
268 1948 346 1976 φησι.
366 1940 476 1974 Πρῶτον
494 1938 522 1965 δὲ
536 1937 653 1974 ἐνισχύει
667 1939 681 1965 ὁ
704 1937 832 1972 ἐσόμενος
852 1937 893 1969 είς
908 1937 957 1964 ἆν-

170 1985 230 2020 δρα.

205 2029 380 2058 Φυλάσσειν
394 2031 466 2058 ὁδὸν
475 2030 579 2062 αὑτοῦ,
593 2029 640 2056 καὶ
652 2028 686 2055 τὰ
700 2027 774 2063 ὲξῆς,
797 2027 880 2064 μέχρι
899 2027 958 2060 τοῦ,

171 2076 251 2110 ὅπως
264 2077 385 2112 συνίῃς.
396 2077 474 2103 Τοῦτ’
485 2076 553 2109 ἔστι,
565 2076 632 2112 μηδὲ
644 2075 674 2103 τὸ
682 2075 763 2112 τυχὸν
772 2075 826 2102 τῶν
835 2083 960 2110 γεγραμ-

172 2121 261 2158 μένων
278 2121 434 2158 παραϐῆναι
447 2120 599 2157 τολμήσῃς.

206 2212 303 2244 Ὅπως
317 2212 437 2246 συνίῃς.
454 2211 520 2239 Ἐὰν
536 2211 590 2247 γὰρ
615 2211 651 2247 μὴ
676 2211 711 2238 τὰ
727 2209 961 2246 προγεγραμμένα

172 2260 290 2295 σχῶμεν,
303 2259 334 2286 οὑ
348 2260 474 2294 συνίεμεν
485 2258 503 2285 ἃ
517 2258 676 2293 ποιήσομεν.

207 2349 262 2376 Kal
283 2348 342 2376 νῦν
369 2346 454 2380 οἶδας
469 2347 489 2374 ἀ
503 2345 631 2380 ἐποίησέ
652 2354 703 2380 μοι
718 2343 811 2372 Ἰωάϐ.
840 2342 902 2374 Πῶς
924 2342 962 2377 τῷ

173 2394 249 2422 παιδὶ
257 2393 432 2429 προσέταξεν,
442 2393 510 2429 ὅπερ
521 2392 602 2423 αὐτὸς
616 2391 646 2418 οὗ
663 2389 813 2424 πεποίηκεν
825 2397 833 2422 ;
845 2388 960 2424 ᾘδέσοη

175 2440 223 2474 μὲν
240 2439 319 2466 τοῦτο
334 2439 424 2471 αὐτὸς,
452 2439 490 2470 ὡς
515 2438 652 2464 τοσούτων
667 2435 796 2463 κινδύνων
813 2435 962 2469 γενόμενον

174 2485 309 2512 κοινωνόν.
325 2483 401 2519 Ἀμα
416 2483 445 2510 δὲ
457 2483 504 2510 καὶ
515 2483 607 2514 δεδιὼς
622 2482 714 2515 ἔλεγεν
722 2489 729 2496 ·
743 2490 752 2506 ι
764 2480 821 2507 Υἱοὶ
831 2479 961 2515 Σερουτας

174 2532 352 2567 σκληρότεροι
365 2530 416 2566 μού
426 2532 504 2558 εἰσιν.
519 2539 527 2556 ι
538 2530 628 2565 Ἐώρα
637 2530 666 2557 δὲ
679 2529 727 2556 καὶ
742 2527 962 2562 συγκατασκευά-

173 2577 253 2610 ζοντα
270 2577 351 2604 αὑτὸν
367 2577 404 2612 τῷ
415 2576 508 2612 Ὀρνία
517 2575 566 2612 τὴν
579 2575 736 2611 τυραννίδα.
756 2573 890 2609 Ἐφοϐήθη
906 2572 961 2599 τοί-

173 2632 231 2656 νυν,
246 2624 284 2659 μὴ
295 2624 442 2660 ἀποκτείνῃ
457 2623 502 2649 τὺν
520 2623 590 2655 νέον⁹
606 2622 623 2657 ἦ
637 2621 725 2648 δοκῶν
741 2620 846 2651 εὔνους,
862 2619 900 2651 ὡς
914 2618 961 2645 τὸν

182 2669 322 2706 Ἀὃεννὴρ,
337 2670 384 2696 καὶ
396 2669 442 2695 τὸν
465 2667 602 2703 Ἀμεσσά·
621 2667 637 2702 ἢ
655 2665 703 2693 καὶ
727 2665 852 2701 φανερῶς
867 2664 962 2692 διελὼν

175 2715 220 2741 τὸν
237 2715 312 2742 λαόν.
330 2715 385 2742 Καὶ
399 2714 437 2750 τῷ
450 2713 533 2748 Σεμεῖ
543 2713 571 2739 δὲ
584 2711 751 2747 συγγνώμην
766 2711 838 2743 δοὺς,
852 2710 900 2737 νῦν
912 2710 961 2736 ἀν-

174 2759 244 2790 ελεῖν
269 2758 350 2786 αὑτὸν
379 2758 532 2795 προσέταξε
548 2757 587 2792 τῷ
604 2756 690 2788 παιδὶ,
716 2754 810 2787 δεδιὼς
834 2754 916 2781 αὑτοῦ
932 2754 962 2781 τὸ

175 2807 337 2842 τυραννικὸν
352 2808 400 2833 καὶ
423 2805 521 2842 θρασύ.
532 2805 587 2832 Καὶ
601 2804 638 2836 ὡς
658 2803 801 2838 προφήτης
816 2801 904 2835 εἰδὼς,
924 2801 962 2834 ὡς

176 2851 207 2883 οὐ
223 2852 346 2886 φείσεται
360 2851 457 2887 καιρὸν
470 2850 556 2885 εὑρὼν
569 2849 629 2876 οὐδὲ
643 2848 691 2876 τοῦ
703 2847 796 2879 παιδός
805 2855 812 2861 ·
827 2848 855 2878 ὃς
867 2856 899 2881 γε
916 2848 962 2874 καὶ

178 2898 226 2933 τῆς
242 2898 286 2925 τοῦ
303 2897 473 2934 Σολομῶντος
493 2895 664 2933 προστάξεως
685 2893 854 2928 ὠλιγώρητε.
876 2894 962 2921 Φυλά-

1007 1616 1079 1642 dicta
1096 1619 1170 1648 sunt,
1189 1623 1250 1643 cum
1263 1615 1362 1650 gaudio
1384 1620 1409 1643 et
1432 1616 1525 1643 laetitia
1541 1615 1799 1651 excepit‘Cuniquo

1007 1667 1086 1689 aetate
1116 1661 1316 1696 prohiberetur,
1342 1662 1492 1696 quominus
1520 1669 1666 1696 assurgere
1695 1665 1798 1696 posset.

1008 1708 1157 1735 inclinatus
1184 1706 1268 1734 Deum
1302 1707 1437 1739 adoravit,
1459 1707 1508 1743 qui
1535 1707 1800 1742 promissionesim-

1008 1755 1149 1790 plevisset.

1339 1799 1417 1828 CAP.
1436 1799 1470 1827 11.

1043 1844 1127 1874 Vens.
1144 1845 1169 1873 1.
1198 1843 1237 1872 Tu
1249 1845 1327 1880 [artis
1352 1845 1417 1878 eris,
1444 1849 1468 1872 et
1488 1845 1528 1872 vir
1541 1849 1644 1880 potens.
1657 1845 1720 1872 llaec
1732 1844 1800 1872 dicit

1009 1894 1138 1924 tanquam
1158 1890 1186 1917 in
1218 1889 1382 1917 Solomonis
1408 1893 1545 1925 potestate
1559 1893 1646 1922 esset,
1665 1891 1691 1916 in
1710 1889 1798 1916 virnm

1009 1935 1138 1963 evadere.
1155 1934 1238 1963 Prius
1266 1934 1338 1963 enim
1355 1935 1428 1964 vires
1445 1935 1542 1968 sumit,
1568 1935 1616 1970 qui
1632 1936 1675 1962 vir
1690 1935 1800 1962 futurus

1009 1985 1062 2007 est.

1044 2025 1128 2053 Vens.
1148 2025 1176 2053 2.
1192 2025 1338 2054 ϐαειοιίίνε
1352 2025 1422 2053 viam
1439 2026 1507 2061 ejus,
1519 2030 1544 2053 et
1555 2033 1615 2061 qua:
1630 2029 1797 2059 sequuntur.

1009 2079 1100 2106 usque
1114 2071 1148 2098 ad
1174 2071 1252 2104 illud,
1266 2076 1294 2098 ut
1318 2071 1461 2106 intelligas.
1479 2071 1537 2098 Hoc
1557 2075 1610 2104 est,
1623 2078 1713 2105 neque
1729 2072 1798 2100 leve.

1010 2123 1093 2152 atque
1113 2118 1242 2153 exiguum
1255 2117 1386 2152 quiddam
1410 2117 1437 2144 in
1459 2117 1591 2152 speciem,
1613 2118 1722 2145 illorum
1738 2125 1800 2152 qua:

1010 2164 1112 2198 scripta
1125 2169 1190 2190 sunt
1203 2163 1360 2198 transgredi
1385 2163 1496 2190 audeas.

1047 2209 1128 2237 Vens.
1145 2211 1171 2237 5.
1185 2209 1217 2236 Ut
1231 2210 1375 2244 intelligas.
1392 2209 1448 2237 Nisi
1461 2210 1545 2241 enim.
1558 2217 1618 2244 quae
1638 2209 1800 2244 praescripta

975 2253 1040 2282 Din
1059 2260 1211 2290 conspectu
1242 2256 1402 2290 habeamus,
1438 2264 1492 2283 non
1522 2257 1724 2291 intelligemus,
1740 2263 1800 2290 qua:

1015 2300 1113 2328 facturi
1130 2309 1236 2329 sumus.

1052 2345 1133 2373 Vens.
1148 2346 1175 2373 5.
1192 2346 1340 2382 Nostiqu
1355 2347 1419 2373 mihi
1444 2347 1534 2380 fecerit
1555 2347 1634 2374 Joab.
1658 2346 1801 2380 Quomodo

1015 2393 1071 2420 lilio
1086 2393 1227 2420 mandavit
1242 2393 1281 2426 id,
1298 2394 1370 2429 quod
1388 2394 1446 2429 ipse
1467 2401 1522 2421 non
1545 2393 1630 2421 fecit?
1642 2393 1750 2421 Veritus
1760 2398 1801 2420 est

1014 2439 1072 2474 ipse
1086 2438 1138 2465 hoc
1151 2437 1253 2472 facere,
1274 2446 1307 2466 eo
1336 2439 1411 2474 quod
1425 2442 1465 2466 tot
1482 2439 1669 2474 periculorum
1685 2439 1800 2473 partici-

1013 2493 1074 2520 pem
1107 2485 1164 2520 ipsa
1188 2485 1340 2516 habuisset,
1356 2485 1438 2513 simul
1471 2486 1554 2513 etiam
1579 2485 1632 2513 sibi
1664 2490 1800 2518 metuens,

1012 2531 1100 2557 dixit:
1115 2539 1124 2555 σ
1140 2529 1242 2557 Serviat
1258 2530 1305 2557 lilii
1317 2529 1443 2558 duriores
1460 2535 1525 2558 sunt
1545 2538 1632 2565 ,quam
1649 2539 1712 2566 ego.
1728 2541 1738 2557 ι
1756 2530 1802 2559 Vi-

1012 2577 1094 2604 debat
1109 2577 1193 2608 enim,
1206 2576 1279 2611 quod
1304 2576 1363 2612 ipse
1383 2584 1492 2612 quoque
1500 2584 1563 2604 cum
1577 2576 1673 2610 Ornia,
1687 2585 1800 2612 regnum

1013 2622 1168 2654 aﬁ‘ectante,
1190 2621 1301 2650 faceret.
1332 2620 1455 2650 Metuens
1479 2622 1565 2657 igitur
1592 2629 1627 2649 ne
1657 2622 1800 2656 juvenem.

1012 2669 1055 2696 vel
1079 2669 1186 2695 occulte
1211 2667 1361 2695 amicitiam
1393 2667 1539 2699 simulans,
1566 2668 1801 2703 quemadmodum

1012 2716 1149 2744 Abnercm
1180 2719 1206 2742 et
1236 2715 1392 2747 Amessam,
1409 2715 1452 2742 vel
1474 2720 1569 2750 aperte
1583 2718 1715 2751 populum
1730 2722 1801 2742 con-

1013 2759 1136 2792 citando,
1154 2755 1328 2787 interﬁceret.
1343 2759 1476 2788 Praeterea
1489 2760 1607 2795 injungit
1621 2760 1800 2794 adolescenti,

1014 2811 1043 2833 ut
1060 2805 1155 2832 Semwi
1178 2812 1300 2840 quoque,
1321 2805 1365 2832 cui
1393 2806 1546 2841 ignoverat,
1569 2805 1801 2837 interﬁciat.l‘or—

1014 2850 1123 2877 midaus
1154 2849 1327 2885 tyrannidem
1357 2855 1384 2878 et
1413 2850 1607 2878 conﬁdentiam
1633 2850 1730 2886 ipsius.
1747 2850 1801 2877 No-

1015 2900 1090 2924 verat
1114 2896 1198 2928 cniml
1228 2900 1319 2931 utpote
1335 2896 1478 2932 propheta,
1511 2896 1584 2932 quod
1607 2897 1697 2924 oblata
1717 2890 1810 2922 occa:
