2086 3160
158 163 227 198 1153

455 221 582 248 ΚΕΦΑΛ.
609 221 646 248 l".

190 268 258 296 Ἐπὶ
273 268 326 301 τὰς
339 267 450 301 ἄρσεις.
465 268 574 302 Ἄρχων
583 266 638 294 τῶν
657 265 894 302 μετακομιζόντων
907 264 947 290 λι-

155 316 228 348 θους,
246 315 292 341 καὶ
305 313 382 346 ξύλα.
398 313 517 345 Τούτους
529 313 557 340 δὲ
570 315 760 348 νωτοφόρους
771 314 799 339 ὲν
816 311 948 347 Παραλει-

156 362 289 395 πομέναις
308 360 396 387 καλεῖ.

192 406 247 433 Καὶ
260 406 308 432 ἐπὶ
329 406 383 433 τοῦ
401 405 552 434 πλινθίου.
570 405 637 432 Ἀπὸ
653 405 753 441 μέρους
772 403 901 431 τακτικοῦ
917 403 949 430 τὸ

155 453 210 479 πᾶν
233 452 369 487 ἐδήλωσεν
386 453 558 488 στράτευμα.
574 451 660 478 Τοῦτο
683 451 713 478 δὲ
735 451 782 477 καὶ
804 450 949 477 πλαίσιον

155 496 338 532 ὀνομάζουσι,
357 497 501 532 δηλοῦντες
524 497 556 524 τὸ
582 497 754 532 τετράγωνον
774 497 824 531 τῆς
845 495 949 528 τάξεως

157 542 260 577 σχῆμα.
271 542 299 568 ’0
314 542 395 579 αὐτὸς
409 542 437 569 δὲ
454 540 488 578 ἧν
501 538 580 574 οὗτος
592 542 631 577 τῷ
646 542 695 568 νῦν
709 541 785 576 παρὰ
804 541 949 575 Ῥωμαίοις

158 588 302 623 μαγίστρῳ
317 588 371 614 τῶν
387 587 578 624 φρουρούντων
606 588 652 615 τὸν
670 588 782 623 βασιλέα
799 587 949 623 στρατοπέ-

156 634 208 660 δων
225 633 388 669 ἡγούμενος.
795 633 798 635 ’

192 680 247 706 Kal
269 681 285 706 ὁ
296 679 372 712 λαὸς
388 679 517 713 ἐθυμίων
530 679 565 705 ἐν
579 679 641 712 τοῖς
659 678 871 713 ὑψηλοτάτοις.
893 678 950 705 (lim

157 723 294 756 εἰδώλοις,
314 723 384 750 ἀλλὰ
406 723 476 758 Θεῷ,
503 723 580 758 παρὰ
603 723 650 749 τὸν
676 722 822 757 νόμον.Ἑν
840 723 879 749 ἑν)⁴
895 722 950 758 γὰρ

158 769 233 795 θύειν
251 768 403 805 προσέταξε
419 768 504 803 τόπῳ.
521 768 595 803 Πλὴν
608 767 774 802 συγγνώμης
789 767 949 802 ἐτύγχανον,

158 816 208 842 οὐκ
224 815 334 849 ἔχοντές
357 823 409 841 που
434 814 512 841 νεών.
522 813 663 840 Ἐντεῦθεν
684 813 712 840 δὲ
728 813 837 849 νοητέον
853 814 900 839 καί
916 812 950 839 τὰ

160 860 224 896 περὶ
246 860 301 887 τῶν
325 859 414 887 ἄλλων
439 859 618 895 ἱστορούμενα
640 859 783 894 βασιλέων.
799 859 836 890 ὡς
849 858 951 893 ἐξῆραν

158 906 193 933 ’τὰ
210 906 289 940 ἄλση,
307 906 354 932 καὶ
370 907 420 937 τὰς
435 905 535 940 στήλας
545 904 593 931 τοῦ
608 904 681 931 Βαὰλ
696 903 870 938 συνέτριψαν,
881 904 951 939 πχὴν

159 951 193 977 τὰ
206 951 295 986 ὑψηὶὰ
314 951 364 977 οὐκ
377 951 487 986 ἐξῆραν.
504 951 541 977 Τὸ
554 950 581 977 δὲ
594 950 660 977 αὐτὸ
676 950 799 984 καὶπερὶ
810 949 950 983 Σολομῶν-

159 1005 204 1028 τος
219 998 387 1032 ἐπήνεγκεν,
406 997 443 1028 ὡς
462 998 491 1023 ὲν
505 997 598 1028 αὐτοῖς
618 996 711 1027 ἔθυεν,
731 995 789 1022 ἀλλ’
807 995 857 1022 οὐκ
873 996 901 1022 ἐν
917 997 950 1031 τῇ

161 1044 247 1078 σκηνῇ
263 1043 316 1079 πρὸ
328 1043 378 1078 τῆς
393 1043 523 1070 κιϐωτοῦ.
539 1043 570 1069 Et
586 1043 641 1078 γὰρ
659 1041 781 1074 εἰδώλοις
795 1041 885 1076 ἔθυεν,
902 1042 952 1069 οὐκ

159 1088 192 1115 ἂν
211 1088 284 1124 αὐτῷ
300 1088 366 1120 Θεὸς
381 1088 551 1123 ἐπεφαίνετο.

196 1178 253 1205 Καί
267 1187 299 1213 γε
310 1199 317 1210 ,
333 1179 349 1206 ὃ
365 1180 420 1206 οὐκ
436 1178 540 1212 ᾐτήσω
552 1199 559 1211 ,
582 1179 698 1207 δέδωκά
722 1188 782 1208 σοι.
803 1179 953 1216 Σύμφωνον

160 1223 210 1260 τῷ·
232 1234 241 1250 ι
256 1225 362 1251 Αἰτεῖτε
379 1225 407 1251 δὲ
422 1225 470 1260 τὴν
486 1225 627 1259 βασιλείαν
641 1226 688 1253 τοῦ
705 1226 785 1258 Θεοῦ,
798 1227 844 1253 καὶ
854 1227 903 1262 τὴν
914 1227 954 1254 δι-

161 1270 308 1306 καιοσύνην
333 1270 416 1298 αὐτοῦ
430 1291 437 1304 ,
457 1271 505 1298 καὶ
522 1271 607 1298 ταῦτα
627 1272 715 1299 πάντα
738 1271 953 1308 προστεθήσεται

162 1317 237 1352 ὑμῖν.
258 1327 267 1343 ι

199 1362 254 1390 Καὶ
267 1361 331 1390 ἰδοὺ
343 1362 499 1390 ἐνύπνιον.
518 1363 661 1395 Τουτέστι,
677 1363 809 1398 μνησθεὶς
822 1363 870 1391 τοῦ
884 1363 953 1391 όνεί-

164 1417 256 1444 ρατος,
269 1407 370 1442 ἀπιὼν,
386 1408 445 1443 Θεῴ
460 1408 617 1444 προσήγαγε
635 1410 810 1444 χαριστήρια.

467 1519 591 1546 ΚΕΦΑΛ.
612 1521 649 1547 Δ’.

201 1576 255 1603 Καὶ
279 1576 396 1603 Σαόοὺκ
410 1597 417 1609 ,
440 1576 489 1603 καὶ
509 1576 659 1610 Ἀϐιάθαρ,
686 1576 786 1611 ἱερεῖς.
820 1577 874 1603 Καὶ
902 1577 955 1612 μὴν

163 1620 266 1648 ἔπαυσε
279 1621 325 1647 τὸν
342 1621 483 1657 Ἀϐιάθαρ,
499 1622 566 1648 ἀλλὰ
580 1621 630 1654 τῆς
649 1622 751 1657 ἀρχῆς,
766 1621 797 1648 οὺ
811 1622 861 1657 τῆς
877 1621 956 1657 ἱερω-

164 1667 258 1702 σύνης.
276 1668 386 1703 Ταύτην
399 1668 454 1703 γὰρ
468 1668 518 1695 οὐκ
537 1669 569 1695 ὲκ
591 1669 771 1705 χειροτονίας,
791 1668 848 1696 ἀλλ’
862 1669 893 1695 ὲκ
910 1676 957 1702 γε·-

165 1714 241 1748 νικῆς
262 1712 335 1748 εῐχον
355 1714 466 1750 διαδοχῆ
471 1723 493 1746 ς.

203 1759 244 1792 Τῷ
263 1759 397 1792 βασιλεῖ,
418 1760 467 1787 καὶ
487 1761 528 1793 τῷ
549 1761 621 1792 οἴκῳ
636 1760 740 1788 αὐτοῦ.
762 1761 802 1788 Τὰ
821 1760 956 1797 χορηγού-

167 1813 234 1840 μενα
255 1807 287 1841 τῇ
311 1806 435 1842 τραπέζῃ
451 1806 498 1832 τοῦ
513 1806 647 1841 βασιλέως
663 1807 807 1843 ἀνήλισκον
830 1808 859 1834 ού
881 1808 957 1842 μόνοι

165 1853 348 1888 θεράποντες,
373 1851 442 1879 ἀλλὰ
460 1852 508 1878 καὶ
527 1853 551 1879 οἱ
575 1852 757 1888 φρουροῦντες
778 1854 955 1889 στρατιῶται,

165 1897 213 1923 καὶ
232 1897 372 1932 ἄρχοντες.

200 1943 255 1970 Kal
266 1943 430 1978 ἐσοφίσατο
443 1942 519 1977 ὑπὲρ
531 1943 635 1978 Αιθάμ.
648 1941 739 1970 Ἦσαν
753 1945 813 1971 τότε
827 1945 899 1977 τινὲς
911 1946 956 1972 ἐπὶ

166 1989 249 2025 σοφίᾳ
259 1989 429 2024 λαμπροί.’0
455 1989 484 2016 δὲ
505 1988 608 2024 ΔίΘὰμ,
622 1989 669 2016 καὶ
685 1989 786 2024 Αἱμὰθ,
803 1990 856 2016 τῶν
870 1990 957 2026 ψαλμ-

165 2036 241 2071 ῳδῶν
259 2034 338 2071 ἦσαν,
349 2036 377 2062 ἓν
393 2035 528 2070 κινύραις,
538 2035 586 2062 καὶ
602 2034 779 2067 ναύλαις,καὶ
794 2036 955 2071 κυμϐάλοις,

165 2082 210 2108 τὸν
222 2082 288 2108 Θεὸν
301 2082 350 2109 ἀνυ
356 2080 494 2116 μνοῦντες.

202 2128 271 2161 Περὶ
284 2127 343 2154 τῶν
354 2128 464 2160 ξύλων.
485 2126 541 2158 Τὰς
556 2127 661 2161 φύσεις,
680 2128 727 2155 καὶ
742 2129 792 2161 τὰς
814 2129 955 2165 δυνάμεις,

165 2175 213 2201 καὶ
227 2174 282 2201 τῶν
294 2173 425 2209 βοτανῶν,
439 2173 487 2200 καὶ
501 2173 556 2200 τῶν
570 2173 697 2209 δένδρων,
709 2175 756 2201 κα)⁸
770 2175 824 2202 τῶν
839 2175 954 2210 ἀλόγων,

165 2219 443 2255 ὲφυσιολόγησεν,Ὲξ
467 2216 505 2246 ὧν
530 2219 603 2250 εἰκὸς
626 2220 673 2247 καὶ
697 2221 761 2253 τοὺς
782 2223 957 2257 γεγραφότας

167 2266 293 2301 ἰατρικὴν
308 2266 485 2302 ὲρανίσασοαι
505 2266 664 2302 πάμπολλα.

467 2377 592 2404 ΚΕΦΔΛ.
614 2376 652 2404 E'.

203 2433 257 2460 Kal
273 2433 385 2460 ἔδωκεν
401 2433 493 2466 αὑτὰς
506 2433 620 2467 Φαραώ.
641 2434 862 2470 Κατεγγυήσας,
881 2435 959 2470 φησὶ,

166 2479 216 2515 τὴν
229 2479 365 2514 θυγατέρα
388 2479 426 2514 τῷ
449 2479 602 2514 Σολομῶντι
611 2500 619 2513 ,
633 2480 682 2512 τὰς
698 2480 790 2512 πόλεις
804 2481 843 2512 εις
857 2481 958 2517 προῖκα

167 2525 306 2560 παρέσχεν
325 2525 404 2560 αὐτῇ.

202 2573 308 2605 Χρίσαι
324 2573 378 2599 τὸν
391 2572 582 2607 Σολομῶντα.
603 2573 625 2600 Χ
631 2573 702 2609 ρίσιν
717 2574 767 2610 τὴν
790 2574 959 2610 χειροτονίαν

167 2618 252 2645 καλεῖ.
275 2619 313 2645 Οὐ
336 2618 391 2654 γὰρ
418 2619 567 2653 ἀλλόφυλος
589 2619 681 2655 ἔχρισε
706 2620 752 2646 τὸν
777 2620 890 2655 βασιλέα
912 2621 960 2647 τοῦ

172 2665 292 2700 Ἰσραήλ.
302 2664 346 2696 Ὠς
360 2664 406 2692 οὖν
421 2666 546 2701 πατρῷος
562 2665 647 2700 φίλος,
661 2666 806 2701 σύμψηφος
821 2666 872 2701 τῆς
884 2665 961 2701 βασι-

167 2710 241 2742 λείας
260 2711 380 2745 ἐγένετο.

202 2757 306 2792 ΜεχΙρ.
325 2757 363 2783 Τὸ
376 2757 477 2793 Μεχὶρ,
491 2757 590 2793 μέτρον
600 2757 782 2793 ἑρμηνεύεται
791 2766 798 2772 ·
811 2757 841 2784 τὸ
855 2757 882 2783 δὲ
893 2757 956 2790 Βὶθ,

167 2803 191 2828 οι
212 2801 287 2829 ἄλλοι
304 2802 386 2838 βάτον
409 2803 677 2839 ἐρμὴνευσαν.Ἔστι
693 2801 721 2828 δὲ
740 2801 839 2841 μέτρον
854 2801 955 2829 Παλαι-

212 2893 234 2910 ³⁷
255 2892 349 2921 Mattb.
366 2900 403 2927 vr,
420 2892 468 2921 35.

641 163 908 197 COMMENTARII
932 163 972 192 IN
987 162 1061 193 LIB.
1083 162 1129 192 Ill
1149 163 1296 193 REGUM.

969 1598 990 1626 Ο

1721 161 1789 194 1154

1334 216 1410 244 CAP.
1423 216 1469 243 ιιι.

1034 260 1117 288 Vens.
1135 261 1161 287 l.
1177 259 1261 293 Super
1276 261 1447 289 elevationes.
1483 259 1616 295 Princeps
1646 265 1788 295 transpor-

998 307 1117 333 tantium
1148 306 1253 340 lapides
1268 311 1294 333 et
1309 307 1393 341 ligna.
1412 306 1475 334 lllos
1492 306 1662 342 νωτοφόρους
1675 306 1788 334 inlibris

999 352 1226 387 Paralipomenon
1248 353 1379 387 appellat.

1034 395 1069 423 Et
1083 404 1161 430 super
1176 397 1281 424 lateres.
1298 396 1335 423 Ex
1354 401 1429 432 parte
1451 397 1579 424 ordinata
1610 401 1636 424 et
1654 397 1786 424 instructa

1000 446 1086 470 totum
1099 443 1224 470 ordinem
1247 444 1387 471 exercitus
1414 444 1590 478 signiﬁcavit,
1608 451 1689 479 quem
1706 443 1787 469 πλαι-

1000 497 1056 516 σιον
1071 497 1180 525 quoque
1196 498 1212 516 a
1235 490 1341 517 laterali
1361 489 1448 517 forma
1463 491 1615 525 appellant,
1631 490 1788 525 signiﬁcan-

1000 539 1041 563 tcs
1056 536 1305 572 quadrangularem
1319 537 1388 564 aciei
1409 537 1536 564 immani.
1553 537 1619 564 Erat
1650 544 1715 564 vero
1742 537 1788 563 ille

1000 582 1072 610 idem
1091 591 1153 610 cum
1181 592 1223 617 eo,
1239 584 1286 619 qui
1311 592 1383 612 nunc
1395 584 1468 619 apud
1493 584 1632 611 Romanos
1659 582 1790 617 magister

999 629 1145 656 Custodum
1163 630 1350 665 imperatoris.

1039 674 1121 702 Vens.
1136 675 1164 702 2.
1181 675 1215 702 Et
1234 676 1343 710 populus
1353 675 1476 703 adolebat
1486 676 1513 703 in
1525 675 1648 702 exerlsis.
1663 674 1789 702 Nonido-

1002 721 1046 752 lis,
1065 721 1112 749 sed
1125 721 1179 748 Deo
1194 726 1291 749 contra
1303 722 1401 758 legem.
1419 721 1506 749 Unico
1533 722 1606 749 enim
1629 722 1655 748 in
1674 721 1734 748 loco
1748 727 1790 748 sa-

1001 765 1106 793 criﬁria
1121 765 1214 794 oﬂ'crri
1230 770 1416 802 praeceperat;
1437 767 1547 794 veniam
1575 771 1665 794 autem
1689 773 1789 793 conse-

1001 810 1058 837 cuti
1084 815 1159 844 sunt,
1194 820 1226 839 eo
1239 812 1312 847 quod
1341 812 1473 847 templum
1495 812 1619 839 IIOndum
1646 811 1789 839 baberent.

1002 855 1073 882 llinc
1084 860 1176 883 autem
1195 857 1374 893 intelligenda
1387 862 1464 890 sunt,
1481 865 1541 892 qua“.
1562 857 1596 884 de
1615 857 1678 884 aliis
1706 856 1790 884 etiam

1003 902 1114 937 regibus
1135 909 1337 937 memorantur,
1360 903 1433 939 quod
1466 904 1544 931 lucos
1570 903 1737 936 exciderint,
1764 908 1791 930 et

1003 952 1109 977 statuas
1140 949 1204 976 Baal
1237 949 1434 985 confregerint,
1459 954 1650 977 verumtamen
1681 949 1791 977 excelsa

1003 1003 1058 1022 non
1089 996 1264 1023 sustulerint.
1292 996 1365 1024 Idem
1384 1004 1450 1024 vero
1466 996 1501 1024 de
1533 997 1681 1023 Solomone
1707 995 1790 1022 etiam

1003 1041 1129 1075 protulit,
1143 1041 1216 1076 quod
1232 1042 1259 1069 in
1274 1042 1394 1070 excelsis
1421 1041 1600 1075 sacriﬁcarit,
1614 1041 1662 1069 sed
1685 1048 1739 1068 non
1763 1041 1790 1067 in

1004 1087 1122 1114 tentorio
1137 1092 1202 1115 ante
1218 1094 1322 1115 arcam.
1339 1087 1366 1114 Si
1389 1087 1463 1115 enim
1490 1087 1572 1114 idolis
1594 1085 1790 1116 sacriﬁcasset,

990 1130 1075 1159 -'tleus
1089 1132 1115 1160 ei
1131 1140 1186 1160 non
1202 1133 1386 1168 apparuisset.

1042 1178 1124 1207 Vens.
1140 1179 1184 1207 l5.
1196 1178 1231 1206 Et
1244 1179 1315 1214 quod
1328 1188 1378 1206 non
1396 1178 1550 1213 postulaui,
1572 1176 1631 1204 dedi
1645 1177 1703 1203 tibi.
1720 1175 1792 1202 Con-

1004 1225 1089 1251 scntit
1099 1232 1163 1252 cum
1176 1225 1223 1252 illo
1241 1234 1248 1252 :
1268 1234 1276 1250 ι
1296 1224 1416 1257 Quaerite
1433 1231 1546 1259 regnum
1571 1221 1630 1254 Dei,
1651 1225 1679 1249 et
1708 1220 1793 1255 justi-

1005 1271 1070 1298 tiam
1081 1272 1153 1307 ejus,
1164 1277 1189 1300 et
1204 1273 1261 1300 bace
1276 1272 1368 1300 omnia
1391 1271 1559 1307 adjicientur
1574 1270 1654 1298 vobis
1669 1269 1703 1296 ".
1727 1278 1737 1294 ι

1041 1361 1125 1390 Vens.
1141 1361 1184 1390 l5.
1202 1362 1235 1389 Et
1245 1371 1303 1390 ecce
1319 1363 1461 1390 somnium.
1487 1359 1545 1388 lloc
1555 1364 1606 1393 est.
1631 1359 1795 1387 recordatus

1007 1408 1149 1441 insomnii,
1163 1416 1226 1437 cum
1236 1409 1379 1442 abivisset,
1397 1408 1452 1436 Deo
1461 1416 1519 1437 saci
1527 1408 1598 1436 ilicia
1608 1415 1657 1442 pro
1670 1406 1796 1442 acceptis

1006 1453 1147 1481 beneﬁciis
1158 1454 1268 1480 obtulit.

1331 1522 1408 1550 CAP.
1430 1521 1475 1549 IV.

1043 1581 1124 1607 Vens.
1143 1580 1170 1607 ι.
1191 1580 1290 1611 Sadok.
1312 1585 1336 1607 et
1357 1579 1499 1611 Abiathar,
1526 1580 1687 1608 sacerdotes.
1712 1580 1794 1615 Atqui

1007 1625 1134 1660 deposuit
1156 1624 1289 1651 Abiatbar
1308 1632 1322 1651 ει
1340 1625 1496 1660 principatu
1519 1625 1639 1660 quidem,
1654 1633 1708 1652 non
1722 1633 1736 1652 a
1751 1633 1792 1652 sa-

1007 1671 1140 1698 cerdotio.
1158 1669 1215 1697 Hoc
1230 1670 1303 1697 enim
1326 1678 1380 1697 non
1396 1678 1429 1697 ex
1457 1670 1609 1705 suffragiis,
1622 1674 1649 1697 et
1663 1670 1796 1698 electione

1008 1716 1100 1751 populi
1117 1715 1266 1747 habebant,
1283 1715 1329 1743 sed
1345 1722 1378 1742 ex
1402 1715 1578 1743 successione
1590 1716 1710 1750 generis.

1042 1764 1125 1791 Vens.
1144 1763 1171 1791 7.
1184 1763 1257 1798 Regi,
1276 1769 1300 1790 et
1315 1763 1407 1790 domui
1428 1763 1523 1796 ipsius.
1540 1761 1606 1796 Quae
1635 1763 1789 1798 suppedita-

1007 1810 1108 1837 bantur
1123 1817 1225 1837 mensa:
1239 1809 1384 1844 rcgis,non
1398 1809 1493 1836 famuli
1503 1809 1632 1836 duntaxat
1642 1830 1648 1841 ,
1659 1809 1799 1836 sedetiam

1008 1857 1121 1888 milites,
1141 1855 1274 1883 custodia:
1293 1856 1420 1891 corporis
1436 1856 1521 1891 regis,
1536 1861 1562 1883 et
1573 1856 1700 1884 excubiis
1710 1855 1799 1891 depu-

1009 1901 1068 1931 tati.
1085 1907 1111 1928 et
1127 1901 1265 1935 principes
1281 1901 1470 1929 insumebant.

1048 1946 1131 1974 Vens.
1146 1947 1190 1974 3i.
1207 1946 1240 1973 Et
1251 1947 1385 1981 sapientia
1404 1946 1547 1981 superabat
1565 1946 1690 1974 /Etham.
1720 1946 1800 1974 Tunc

1007 1993 1119 2028 quidam
1135 1994 1269 2028 sapientia
1288 1994 1432 2029 conspicui
1460 1997 1487 2021 et
1503 1993 1571 2021 clari
1585 1998 1674 2020 erant.
1686 1993 1800 2021 Etliam

1009 2047 1084 2072 vero,
1100 2045 1126 2066 et
1141 2039 1251 2067 Ematb
1270 2048 1301 2067 ex
1316 2045 1460 2067 cantorum
1474 2047 1592 2067 numero
1604 2043 1693 2071 erant,
1709 2040 1798 2066 citha-

1009 2088 1058 2116 ris.
1072 2085 1162 2113 nablis
1176 2090 1204 2113 et
1224 2085 1359 2121 cymbalis
1377 2086 1459 2114 Deum
1477 2085 1661 2113 celebrantes.

1046 2130 1128 2158 Vens.
1147 2131 1191 2159 '55.
1213 2130 1330 2158 Locutus
1344 2137 1383 2158 est
1408 2131 1440 2158 de
1472 2131 1562 2167 lignis.
1579 2131 1615 2159 De
1639 2131 1746 2159 naturis
1770 2135 1797 2159 et

1009 2176 1114 2204 viribus
1124 2175 1281 2210 herbarum,
1309 2177 1487 2210 arborum,et
1510 2177 1627 2204 aliarum
1638 2184 1729 2204 rerum
1753 2185 1798 2204 ra-

1009 2223 1257 2258 tionisexpertium
1285 2222 1447 2258 disputavit.
1466 2221 1505 2249 Ex
1532 2222 1635 2257 quibus
1650 2223 1798 2250 verisimile

974 2272 1054 2305 Dest
1081 2268 1155 2300 illos,
1181 2268 1228 2304 qui
1255 2267 1289 2296 de
1315 2267 1450 2295 medicina
1476 2268 1657 2303 scripserunt,
1681 2268 1797 2303 plurima

1008 2315 1161 2351 collegisse.

1343 2369 1419 2398 CAP.
1427 2369 1460 2398 ν.

1042 2427 1128 2456 Vens.
1140 2428 1166 2455 l.
1179 2427 1213 2454 Et
1229 2427 1338 2454 Pharao
1357 2427 1430 2454 dedit
1448 2428 1530 2461 ipsas.
1548 2426 1616 2453 Cum
1631 2426 1797 2461 desponsas-

1011 2479 1064 2506 set,
1093 2474 1193 2508 inquit,
1211 2473 1293 2500 tiliam
1323 2473 1476 2506 Solomoni,
1501 2472 1583 2500 urbes
1607 2472 1749 2500 dotisloco
1772 2473 1796 2500 ei

1009 2520 1092 2548 dedit.

1043 2566 1085 2593 Ad
1098 2566 1247 2601 ungendum
1263 2565 1440 2593 Salomonem.
1470 2563 1632 2592 Unctionem
1649 2569 1728 2592 vocat
1742 2564 1798 2592 ele-

1010 2614 1141 2641 ctioncm.
1154 2612 1214 2640 Non
1237 2613 1309 2639 eiiim
1324 2612 1477 2647 alienigena
1503 2619 1594 2646 regem
1616 2610 1795 2638 lsraeliticum

1013 2662 1143 2697 ungebat,
1161 2659 1220 2692 sed.
1236 2660 1300 2695 quia
1314 2659 1403 2695 patris
1432 2659 1539 2686 amicus
1564 2663 1636 2691 erat,
1662 2658 1795 2693 probavit,

1009 2707 1083 2742 quod
1102 2707 1129 2733 in
1148 2713 1264 2741 regnum
1281 2704 1637 2740 paternum'successisset.

1048 2752 1159 2779 Meo/air.
1171 2751 1227 2778 lloc
1239 2750 1402 2778 vocabulum
1417 2749 1519 2776 Meclu'r
1533 2770 1540 2782 ,
1559 2757 1683 2776 mensura
1707 2749 1742 2776 ab
1755 2748 1798 2776 in-

1010 2798 1176 2833 terpretibus
1196 2796 1330 2824 redditur.
1349 2795 1412 2822 Beth
1432 2802 1508 2827 vero,
1535 2794 1580 2822 alii
1596 2794 1694 2821 Batum
1713 2794 1798 2822 inter-
