2079 3161
327 168 395 204 1155

991 167 1167 200 PROCOPII
1183 169 1304 199 ΟΑΖΕΙ

1889 170 1960 204 1156

327 228 424 263 pretati
447 231 521 254 sunt.
546 226 594 254 Est
620 230 711 254 autent
741 234 870 254 mensura
891 226 1111 259 l‘ulzcstiuorum,

1166 228 1263 259 στίνον,
1280 227 1450 262 πεντήκοντα
1465 227 1574 261 ξέστας,
1591 227 1638 256 καὶ
1652 229 1724 264 χοεῖς
1740 228 1836 265 χωρῶν
1854 230 1956 256 τέσσα-

327 274 500 310 septuagiuta
526 273 672 305 sextarios,
689 277 717 301 ct
747 273 844 306 choas,
862 273 902 300 vel
917 273 1030 308 congios
1048 281 1116 308 qua-

326 325 389 348 tuor
401 319 527 356 capiens,
548 323 578 347 ut
597 319 694 347 scribit
710 318 856 353 Iosephus.

657 363 734 391 CAP.
751 362 797 391 Vl.

362 409 444 438 Vens.
462 410 487 436 7.
506 409 619 444 Lapides
646 409 765 436 edolatas
794 414 819 436 et
837 409 945 443 potitos.
964 407 1004 436 Ex
1021 407 1116 442 hujus-

325 456 432 483 cemodi
451 455 587 490 lapidibus
600 455 729 489 templum
755 455 919 484 construxit.
943 462 1005 482 cum
1025 453 1116 481 divina

326 501 535 536 dispensatione
552 500 621 528 tales
638 500 801 531 invenisset,
823 507 857 526 ne
872 499 947 526 ferro
963 507 1033 534 opus
1043 503 1116 526 esset

325 548 360 575 ad
373 547 612 575 accuratissimam
630 547 789 582 juncturam
823 550 852 573 et
876 545 1114 580 compositionem.

327 595 415 623 Sectis
430 602 493 622 vero
508 594 643 629 lapidibut
674 593 867 621 ambulacrum
890 592 985 628 templi
998 592 1116 620 aediﬁca-

327 640 385 667 vit:
416 640 520 675 regiam
546 639 623 671 item,
641 643 669 666 tl.
689 639 789 666 nimuia
805 637 977 673 metropolis,
994 641 1021 664 et
1046 637 1115 665 alias

326 687 419 718 urbes.
438 694 507 721 quas
523 686 687 713 nmnitiores
703 685 832 712 reddidit.

361 731 439 767 531
457 731 539 759 Vens.
556 732 600 759 Π.
623 731 810 766 Quadraginta
825 730 971 757 cubitorum
984 727 1114 765 longitudo

325 775 391 810 ejus.
404 775 489 803 Paulo
502 781 564 812 post
582 776 698 803 aliorum
720 783 831 811 quoque
844 775 1000 803 cubitorum
1016 776 1113 802 domus

326 821 421 849 Sancti
442 827 600 850 sanctorum
633 822 770 854 meminit,
802 821 836 848 ita
854 825 884 848 ut
911 820 937 847 iu
954 821 1113 848 universum

325 869 541 903 sintsexaginta.
561 868 704 904 Templum
735 876 802 896 vero
819 868 853 895 ad
870 874 961 895 ortum
979 868 1113 903 respicie-

325 914 381 947 hat,
403 918 433 942 ut
456 915 595 942 adoraturi
610 923 665 942 non
690 915 779 942 solum
798 915 945 947 orientem,
963 914 1009 942 sed
1023 913 1115 941 Domi-

325 967 389 986 num
416 960 482 988 solis
510 960 667 988 adorarent.
698 960 773 987 Elam
800 966 866 987 vero
882 959 1053 986 vestibulqu
1067 966 1116 994 ap-

324 1003 417 1040 pellat.

363 1051 441 1080 Vens.
454 1051 496 1079 l8.
513 1051 656 1079 Futuras
670 1051 825 1079 reticulatus
839 1050 1115 1086 secretas.Templum

325 1096 462 1124 fenestras
476 1096 573 1124 habuit
587 1097 662 1124 intus
680 1097 762 1128 latas.
797 1095 866 1123 foris
877 1095 957 1123 valde
971 1099 1113 1129 angustas,

325 1141 472 1176 perforatis
488 1141 625 1176 lapidibus
638 1145 791 1174 contectas,
823 1141 876 1168 hoc
888 1141 961 1168 enim
981 1141 1116 1176 signiﬁcat

324 1187 363 1218 id.
389 1187 466 1222 quod
497 1187 574 1220 dicit,
590 1187 657 1215 foris
668 1188 741 1215 enim
774 1194 829 1214 non
844 1187 1017 1214 videbantur.
1034 1185 1116 1214 Mela-

327 1234 387 1260 Ihra
420 1241 486 1261 vero
511 1233 643 1261 aediculas
672 1237 761 1266 vocat,
777 1241 837 1268 qua:
856 1233 1036 1260 circumcirca
1049 1239 1116 1260 tem-
1140 1266 1143 1267 ν

326 1279 401 1315 plum
415 1279 673 1315 conplectebantur,
688 1284 718 1306 ut
735 1280 866 1315 templum
879 1280 1115 1314 fulcirent;utque

326 1333 406 1353 nemo
435 1332 468 1352 ex
496 1324 600 1352 Levitis
632 1325 759 1359 parietes
786 1325 880 1360 templi
913 1329 1113 1358 contrectaret;

325 1371 401 1402 item,
419 1374 448 1397 ut
459 1370 544 1397 divini
563 1370 709 1397 ministerii
742 1378 806 1397 vasa
830 1371 883 1397 huc
900 1374 1113 1404 reponerentur.

325 1415 362 1442 Da
370 1415 412 1442 hri
427 1419 532 1448 autem,
550 1414 680 1442 Sanctum
694 1419 850 1442 sanctorum
866 1415 994 1450 appellat.

361 1460 448 1490 Vens.
465 1461 512 1488 24.
531 1460 614 1488 Latus
630 1461 699 1496 quod
712 1461 795 1495 infra,
825 1461 937 1496 quinque
966 1460 1115 1487 cubitorum

325 1506 440 1535 latitudo
457 1507 527 1542 ejus.
539 1507 626 1534 Nemo
643 1507 769 1539 miretur,
788 1506 811 1534 si
829 1506 928 1533 domus
940 1507 1005 1539 imo,
1031 1511 1059 1534 et
1087 1507 1114 1534 in

1169 282 1217 308 ρας
1228 278 1250 307 ι,
1271 274 1308 306 ὡς
1335 273 1485 310 Ἰώσηππος
1504 273 1614 310 ἔφησεν.

1466 365 1592 392 ΚΕΦΛΛ.
1610 364 1656 398 ς’.

1202 411 1312 444 ΛΙθους
1324 410 1544 445 ἀπελεκήτοιις.
1564 411 1611 436 Ἐκ
1624 409 1754 436 τοιούτων
1777 409 1860 437 λίθων
1884 410 1958 447 ᾠκο-

1166 456 1266 492 δόμησε
1281 456 1326 482 τὸν
1341 455 1417 488 νεὼν,
1435 456 1506 482 κατὰ
1521 455 1597 482 Θείαν
1611 455 1741 489 πρόνοιαν
1757 456 1897 488 τοιούτους
1913 458 1958 483 5'5-

1167 502 1231 537 ρὼν,
1251 502 1288 534 ὡς
1303 502 1340 537 μὴ
1356 501 1460 528 δεῖσθαι
1474 502 1584 538 σιδήρου
1607 501 1675 537 πρὸς
1697 502 1830 537 ἁρμονίαν
1845 501 1960 537 ἁκριδε-

1167 549 1268 583 στάτην
1281 556 1288 564 ”
1307 549 1420 583 τμητοῖς
1435 547 1464 574 δὲ
1478 547 1563 578 λίθοις
1584 547 1630 574 τὸν
1654 546 1701 573 τοῦ
1717 546 1791 585 ἱεροῦ
1810 547 1959 582 περίϐολον

1165 595 1333 630 ᾠκοδόμησε,
1350 594 1396 620 καὶ
1421 593 1455 620 τὰ
1481 593 1604 628 βασίλεια
1615 614 1622 625 ,
1644 592 1691 619 καὶ
1706 592 1736 619 τὸ
1749 593 1799 627 τῆς
1817 593 1959 628 tim-pano-

1165 639 1233 670 λεως
1252 640 1350 674 τεῖχος,
1366 638 1412 664 καὶ
1432 638 1482 670 τὰς
1507 637 1591 669 ἄλλας
1612 638 1714 670 πόλεις,
1732 637 1765 670 ἃς
1788 638 1958 673 ὁχυροτέρας

1166 687 1317 722 ἀπέφηνεν.

1204 731 1433 766 Τεσσαράκοντα
1451 730 1558 765 πήχεις
1579 730 1612 757 τὸ
1635 729 1734 765 μῆκος
1758 729 1865 758 αὐτοῦ.
1887 730 1960 757 Μετ’

1165 777 1260 811 ὀλίγα,
1276 778 1323 804 καὶ
1346 777 1434 805 ἄλλων
1457 777 1545 804 εἰκοσι
1571 777 1683 812 πήχεων
1708 776 1897 812 ἐπιμέμνηται
1913 777 1960 804 τοῦ

1165 822 1239 849 οἴκου
1261 823 1308 849 τοῦ
1325 823 1418 857 Ἀγίου
1433 822 1489 850 τῶν
1503 822 1599 857 ἁγίων,
1612 822 1651 854 ὡς
1674 819 1744 848 εἶναι
1767 822 1833 854 τοὺς
1855 823 1960 855 πάντας

1166 868 1262 902 πήχεις
1277 868 1458 903 ἑξήκοντα.’0
1473 867 1502 894 δὲ
1515 867 1583 898 νεὼς
1598 867 1749 902 ἐτέτραπτο
1764 867 1835 902 πρὸς
1855 867 1909 900 ἔω,
1923 867 1961 899 ὡς

1167 913 1200 940 ἂν
1216 915 1240 940 οἰ
1256 913 1471 949 προσευχόμενοι
1487 913 1524 949 μὴ
1541 913 1588 940 τὸν
1610 913 1684 948 ἥλιον
1704 913 1851 948 ἀνίσχοντα
1875 922 1960 949 προσ-

1168 960 1330 995 κυνήσωσιν,
1349 960 1417 986 ἀλλὰ
1430 960 1476 986 τὸν
1493 958 1541 986 τοῦ
1557 959 1633 995 ἡλίου
1657 959 1905 994 Δεσπότην.Ὲλάμ
1921 960 1960 992 δὲ,

1168 1005 1235 1041 φησὶ
1253 1005 1283 1032 τὸ
1302 1005 1481 1041 προπύλαιον.

1203 1051 1331 1086 Θυρίδας
1349 1052 1586 1087 ὃεδικτυωμένας
1606 1051 1750 1086 κρυπτὰς.
1770 1051 1961 1086 Φωταγωγοὺς

1167 1098 1181 1125 ὁ
1198 1097 1266 1129 νεὼς
1280 1095 1363 1132 εἶχεν,
1379 1097 1486 1125 ἔνδοθεν
1510 1098 1561 1133 μὲν
1579 1098 1688 1133 εὐρείας
1700 1118 1707 1130 ,
1723 1097 1822 1129 ἔξωθεν
1848 1097 1878 1124 δὲ
1902 1097 1960 1124 λίαν

1168 1143 1274 1176 στενὰς,
1291 1143 1447 1179 διατρήτοις
1461 1143 1546 1176 λίθοις
1561 1143 1781 1179 κεκαλυμμένας.
1797 1142 1888 1170 Τοῦτο
1907 1143 1960 1177 γὰρ

1166 1190 1242 1225 δηλοῖ
1257 1190 1287 1216 τὺ
1304 1190 1386 1225 ῥητὸν
1398 1210 1405 1221 ,
1422 1190 1471 1225 οὑχ
1495 1190 1605 1225 ὡρῶντο
1625 1190 1680 1225 γὰρ
1696 1189 1807 1222 ἔξωθεν.
1826 1188 1960 1223 Μέλαθρα

1165 1234 1194 1261 δὲ
1210 1235 1274 1266 τοὺς
1288 1235 1428 1266 οἰκίσκους
1443 1235 1530 1266 καλεῖ,
1545 1235 1608 1267 τοὺς
1629 1235 1722 1270 κύκλῳ
1736 1234 1902 1269 συνέχοντας
1914 1233 1959 1260 τὸν

1166 1280 1244 1313 νεὼν,
1254 1280 1292 1312 ὠς
1307 1281 1355 1307 καὶ
1369 1280 1584 1315 διακρατεῖσθαι,
1599 1281 1647 1307 καὶ
1659 1280 1761 1316 μηδένα
1771 1280 1826 1307 τῶν
1837 1279 1959 1306 Λευῖτῶν

1165 1326 1213 1353 τοῦ
1227 1325 1280 1354 νεὼ
1295 1326 1464 1362 προσψαύειν
1481 1327 1536 1358 τοῖς
1549 1326 1659 1360 τοίχοις,
1676 1326 1724 1352 καὶ
1748 1325 1783 1352 τὰ
1806 1325 1861 1360 τῆς
1886 1325 1958 1356 θείας

1165 1372 1334 1407 λειτουργίας
1353 1371 1530 1399 ἀποτίθεσθαι
1543 1371 1639 1407 σκεύη.
1658 1371 1756 1407 Δαῦεὶρ
1770 1370 1811 1404 δὲ,
1820 1371 1854 1398 τὸ
1865 1370 1958 1406 ’Δγιον

1164 1419 1220 1446 τῶν
1238 1419 1322 1452 ἁγίων
1342 1418 1429 1445 καλεῖ.

1208 1465 1241 1492 Ἠ
1251 1464 1377 1498 πλευρὰ,
1392 1465 1411 1498 ἡ
1426 1463 1566 1492 ὑποκάτω
1581 1463 1670 1490 πέντε
1687 1462 1821 1497 πήχεων,
1844 1462 1957 1498 Θαυμα-

1166 1510 1234 1543 ζέτω
1251 1511 1354 1546 μηδείς,
1378 1510 1402 1537 εί
1423 1510 1610 1545 πενταπήχεις
1628 1509 1690 1545 μὲν,
1705 1509 1730 1535 οῑ
1747 1509 1873 1536 ἐπίπεδοι
1888 1507 1957 1544 ἦσαν

324 1552 383 1580 solo
411 1553 512 1587 posita,
542 1552 664 1587 quinque
688 1551 843 1578 cubitorum
865 1550 933 1584 fuit;
963 1552 1113 1578 secundum

1166 1553 1234 1584 οἴκοι
1247 1564 1253 1571 ·
1271 1556 1417 1592 ἑξαπήχεις
1429 1556 1468 1589 δὲ,
1483 1557 1508 1583 oi.
1521 1554 1650 1591 διώροφοι
1660 1564 1668 1571 ·
1687 1555 1860 1590 ἑπταπήχεις
1874 1555 1902 1581 δὲ
1912 1574 1919 1587 ,
1932 1555 1956 1581 οι

323 1601 414 1625 autem
428 1597 579 1624 tabulatum
593 1616 601 1628 .
625 1603 672 1623 sex
692 1593 866 1623 cubiturum:
883 1595 993 1622 tertiqu
1009 1595 1113 1623 tabula-

324 1646 510 1676 tum,septem
523 1641 696 1673 cubitorum;
715 1641 785 1667 muri
806 1640 878 1667 enim
907 1639 1014 1667 inferne
1030 1639 1113 1666 latio-

325 1693 370 1713 res
383 1690 471 1718 eraut,
486 1690 515 1712 ut
531 1684 639 1712 aedilicii
649 1684 747 1712 molem
761 1682 871 1720 portare
880 1687 1005 1718 possent.
1015 1684 1112 1711 Abluta

325 1735 428 1764 autent,
448 1736 475 1759 et
486 1731 622 1759 diminuta
635 1738 668 1758 ex
685 1735 762 1764 parte
784 1730 843 1766 ipsa
863 1731 1020 1764 latitudine,
1038 1731 1112 1766 adje<

324 1781 387 1804 ctus
412 1780 455 1804 est
480 1776 591 1803 cubitus
617 1775 739 1803 secundo
764 1776 896 1810 tabulato,
913 1777 994 1804 tertio
1020 1781 1111 1803 autem

324 1822 381 1850 duo
399 1822 495 1849 cubiti.
525 1821 660 1857 Iosephus
690 1821 762 1848 enim
789 1821 857 1849 dicit
883 1822 973 1857 ipsum
999 1823 1111 1857 quidem

324 1867 454 1902 templum
469 1867 524 1894 duo
543 1867 663 1894 tabulata
677 1866 819 1899 habuisse,
837 1871 864 1894 et
881 1871 966 1894 totam
982 1868 1109 1895 altitudi-

325 1920 387 1939 nem
400 1912 485 1940 tuisse
501 1920 550 1939 cxx
564 1911 732 1945 cubitorum,
757 1912 783 1940 id
796 1912 870 1947 quod
889 1912 959 1940 liber
989 1912 1110 1949 Paralip.

323 1966 435 1993 quoque
448 1959 589 1994 exprimit.

362 2005 395 2032 Et
407 2005 507 2032 nullum
521 2006 724 2032 instrumentum
751 2004 864 2040 ferreum
895 2005 1017 2033 auditum
1047 2006 1108 2040 fuit.

323 2050 442 2087 Lapides
456 2051 528 2079 enim
548 2050 641 2085 templi
658 2055 757 2078 natura
772 2051 829 2086 apti
853 2054 934 2078 erant
959 2051 993 2078 ad
1020 2051 1109 2079 aedid-

322 2098 409 2126 cium.
429 2097 547 2133 Lapides
566 2102 656 2125 autem
681 2097 797 2133 periboli
815 2098 843 2125 iu
862 2103 955 2126 monte
970 2099 1069 2132 secari,
1082 2103 1110 2127 et

322 2143 442 2172 invicem
456 2144 644 2179 coagmentari
658 2143 754 2178 jussit.

361 2189 395 2216 Et
410 2188 495 2223 [textu
508 2196 635 2216 ascensu:
652 2189 679 2216 in
693 2188 820 2217 medium.
843 2188 912 2215 Cum
923 2196 1019 2216 murus
1030 2189 1108 2218 lalis-

1164 1601 1321 1638 τριώροφοι.
1340 1601 1372 1628 Ol
1394 1602 1479 1636 τοῖχοι
1501 1601 1554 1636 γὰρ
1568 1598 1640 1636 ἦσαν
1657 1599 1801 1636 εὐρύτεροι
1823 1599 1954 1628 κάτωθεν,

1163 1648 1233 1675 ὥστε
1246 1648 1340 1684 φέρειν
1352 1648 1401 1683 τῆς
1421 1647 1577 1682 οἰκοδομίας
1591 1647 1622 1673 τὸ
1636 1646 1729 1682 βάρος.
1738 1645 1954 1682 Ἀφαιρουμένου

1163 1694 1191 1721 δὲ
1206 1694 1277 1721 κατὰ
1291 1693 1375 1729 μέρος
1387 1692 1435 1720 τοῦ
1449 1691 1557 1729 εὔρους,
1568 1692 1721 1727 προσετέθη
1734 1693 1789 1723 τοῖς
1804 1691 1855 1727 μὲν
1866 1690 1955 1726 διωρό-

1163 1748 1223 1775 φοις
1236 1741 1251 1766 ὁ
1269 1740 1358 1775 πῆχυς
1368 1759 1375 1771 ,
1390 1740 1449 1772 τοῖς
1470 1739 1498 1766 δὲ
1518 1739 1683 1775 τριωρόφοις
1698 1738 1722 1765 oi
1740 1737 1954 1774 δύο.’1ώσηππος

1164 1787 1255 1821 μέντοι
1269 1785 1348 1820 φησὶ,
1363 1785 1411 1812 καὶ
1427 1785 1509 1811 αὑτὸν
1524 1784 1571 1811 τδν
1591 1783 1658 1810 νεὼν
1673 1783 1804 1820 διώροφον
1817 1782 1952 1818 γενέσθαι.

1162 1832 1209 1858 καὶ
1220 1831 1274 1858 πᾶν
1284 1831 1314 1857 τὸ
1325 1830 1392 1866 ὕψος
1403 1830 1501 1858 ἑκατὸν
1512 1830 1560 1857 καὶ
1575 1830 1662 1856 εἴκοσι
1674 1830 1833 1865 πήχεων.“υ
1847 1827 1953 1856 καὶτῶν

1161 1876 1417 1912 Παραλειπομένων
1431 1876 1449 1911 ὴ
1465 1875 1556 1911 βίϐλος
1572 1875 1657 1912 δηλοῖ.

1197 2006 1251 2033 Καὶ
1264 2005 1326 2034 πᾶν
1338 2006 1451 2039 σκεῦος
1461 2005 1609 2040 σιδηροῦν
1618 2006 1674 2032 οὐκ
1686 2005 1835 2039 ἠκούσθη.
1856 2003 1887 2031 οι
1902 2001 1949 2038 μὲν

1160 2052 1215 2087 γὰρ
1231 2051 1278 2079 τοῦ
1294 2051 1347 2078 νεὼ
1364 2052 1444 2084 λίθοι,
1462 2049 1532 2087 ἦσαν
1546 2051 1711 2086 αὐτοφυεῖς·
1726 2051 1790 2082 τοὺς
1805 2050 1834 2077 δὲ
1849 2048 1894 2076 τοῦ
1905 2056 1950 2074 πε·

1161 2097 1282 2133 ριδόλου,
1296 2098 1325 2124 ὲν
1336 2097 1374 2133 τῷ
1389 2097 1448 2132 δρει
1464 2097 1604 2132 ξεσθῆναι,
1618 2097 1666 2124 καὶ
1678 2095 1806 2132 ἀλλήλοις
1822 2101 1950 2130 συναρμο-

1161 2144 1271 2179 σθῆναι,
1292 2143 1462 2179 προσέταξεν

1197 2190 1252 2216 Kal
1267 2189 1373 2223 ἐλικτὴ
1393 2189 1531 2221 διάϐασις
1547 2189 1591 2221 εις
1603 2188 1661 2222 τὴν
1670 2187 1781 2222 μέσην.
1803 2185 1948 2221 Εὐρύτατος

322 2234 411 2261 simus
434 2237 520 2265 esset,
548 2233 677 2260 cochleas
705 2232 732 2260 in
767 2233 916 2260 secundam
951 2237 977 2260 et
1005 2234 1113 2262 tertiam

1166 2235 1220 2269 γὰρ
1235 2234 1271 2261 ὢν
1286 2235 1300 2261 δ
1313 2236 1413 2270 τοῖχος,
1431 2234 1581 2269 κοχλιοειδῆ
1598 2234 1648 2268 τὴν
1662 2232 1795 2259 ἀνάϐασιν
1815 2229 1888 2265 εἶχεν
1907 2230 1948 2255 ἐπὶ

324 2279 422 2314 ιθέσιν)
438 2279 669 2314 contignationem
687 2278 793 2310 habuit,
813 2284 1014 2314 quaetanquam
1031 2281 1111 2308 tabu-

323 2325 389 2357 lata,
404 2324 445 2351 vel
456 2324 598 2351 caenaculo
613 2324 639 2350 in
658 2325 759 2359 templo
775 2324 895 2353 fuerunt.
908 2325 963 2353 Hoc
991 2334 1056 2354 vero
1070 2330 1111 2354 ta-

324 2370 396 2398 bulis
408 2369 529 2398 cedrinis
547 2369 679 2401 contexit,
693 2375 721 2396 et
748 2370 855 2397 tabulas
869 2378 936 2398 auro
952 2379 959 2404 ;
985 2371 1110 2406 ίμαντρι-

321 2412 369 2444 δας
383 2422 458 2445 vero,
479 2414 506 2442 id
525 2417 584 2447 est,
617 2413 751 2445 tabulata,
777 2414 924 2450 ὲνδέσμους
952 2416 1107 2450 appellavit.

321 2457 375 2486 Per
385 2459 506 2494 quinque
522 2463 612 2486 autent
625 2458 734 2486 cubitos
759 2458 890 2494 lapidum,
906 2459 1006 2494 inquit,
1042 2467 1109 2487 con-

322 2501 479 2537 iunctiones
493 2504 569 2531 fecit.

359 2548 441 2577 Vens.
465 2548 511 2576 20.
537 2549 571 2576 Et
593 2548 654 2583 fecit
681 2548 768 2576 altare
801 2549 829 2576 in
855 2554 994 2583 conspectu
1016 2549 1109 2579 Dabir.

322 2594 415 2622 Altare
434 2595 506 2621 enim
521 2595 708 2630 thymiamatis
724 2598 787 2622 ante
805 2595 893 2621 velum
910 2595 1027 2629 positum
1041 2600 1110 2629 erat,

323 2639 395 2673 quod
410 2646 441 2666 ex
458 2647 512 2666 una
527 2644 604 2674 parte
616 2647 750 2672 mensam,
767 2647 800 2668 ex
819 2640 904 2667 altera
913 2640 1108 2668 candelabrum

324 2685 452 2713 habebat.

357 2732 454 2759 Aulum
475 2732 638 2759 interiorem.
666 2731 902 2765 Quemadmodum
926 2733 1056 2768 templum
1079 2733 1106 2760 in

1161 2282 1211 2316 τὴν
1230 2279 1359 2316 δευτέραν
1377 2280 1452 2307 θέσιν
1476 2280 1524 2306 καὶ
1544 2279 1652 2314 τρίτην,
1666 2278 1703 2309 ὡς
1720 2276 1854 2312 ὑπερῴων
1870 2275 1947 2302 ὄντων

1161 2327 1190 2354 ἐν
1202 2327 1240 2362 τῷ
1259 2326 1324 2362 νεῷ.
1339 2327 1448 2353 Σανισιν
1465 2326 1493 2353 δὲ
1511 2326 1592 2352 αὑτὸν
1611 2325 1748 2360 κεδρίναις
1762 2322 1891 2357 ἐκάλυψε,
1904 2319 1947 2347 καὶ

1160 2373 1253 2408 χρυσῷ
1265 2373 1293 2399 δὲ
1303 2372 1352 2404 τὰς
1365 2372 1474 2404 σανίδας
1484 2379 1491 2387 ⁸
1506 2371 1651 2405 ινδέσμους
1665 2369 1704 2401 δὲ,
1718 2369 1767 2400 τὰς
1781 2365 1946 2403 ίμαντρίδας

1160 2418 1301 2446 ἐκάλεσεν.
1325 2418 1404 2444 Κατὰ
1422 2418 1502 2444 πέντε
1528 2417 1568 2450 δέ,
1586 2416 1665 2451 φησι,
1682 2415 1763 2442 λίθων
1781 2416 1879 2450 πήχεις
1901 2413 1947 2442 τὰς

1166 2464 1302 2500 ῑμαντώσε
1307 2473 1330 2496 ις
1351 2465 1490 2499 παρεῖχεν.

1202 2552 1255 2580 Kal
1269 2552 1399 2588 ἐποίησε
1413 2549 1714 2585 θυσιαστήριονκατὰ
1727 2548 1888 2583 πρόσωπον
1896 2544 1944 2572 τοῦ

1166 2586 1283 2632 dada/pi.
1298 2598 1335 2625 Τὸ
1347 2598 1401 2634 γὰρ
1425 2597 1619 2633 θυσιαστήριον
1636 2594 1684 2622 τοῦ
1708 2593 1877 2630 θυμιάματος
1897 2590 1945 2625 πρδ

1162 2643 1210 2670 τοῦ
1223 2644 1469 2678 καταπετάσματος
1486 2642 1593 2669 East-cr
1623 2640 1699 2668 ινθεν
1735 2639 1785 2675 μὲν
1813 2638 1880 2674 ἔχων
1899 2636 1945 2671 τὴν

1161 2689 1316 2725 τράπεζαν,
1335 2689 1411 2716 ἔνθεν
1424 2689 1453 2715 δὲ
1475 2689 1525 2724 τὴν
1543 2686 1665 2723 λυχνίαν.

1198 2733 1258 2767 Τὴν
1277 2733 1378 2768 αὐλὴν
1389 2733 1448 2769 τὴν
1456 2733 1615 2768 ἐσωτέραν.
1628 2732 1732 2768 Ὠσπερ
1748 2730 1763 2757 ὁ
1777 2729 1838 2762 ναδς
1849 2728 1887 2759 εἰς
1905 2725 1946 2753 ⁵ύο

977 2817 1095 2847 ἾΑΙΚΙΛΕ
1110 2817 1310 2848 LECTIONES.

364 2867 377 2884 ι
389 2865 418 2892 ln
430 2863 523 2892 codice
539 2863 663 2892 Lavaleri
680 2864 788 2892 videtur
800 2864 895 2897 fuisse,
910 2864 1002 2891 πέντε.
