2079 3161
271 189 339 223 1163

935 196 1109 227 PROCOPII
1121 197 1242 228 GAZi’El

1827 203 1895 238 1164

269 246 314 274 Bis
322 246 393 274 idem
405 253 593 283 smpenumcro
603 247 712 283 cogitur
723 254 858 286 repetere,
868 258 931 278 cum
942 251 976 279 de
990 252 1052 280 duo-

1111 254 1242 287 πολλάκις
1253 254 1438 290 ἀναγκάζεται
1454 255 1554 291 λέγειν,
1572 257 1666 294 ἐπειδὴ
1678 258 1742 294 περὶ
1752 259 1798 286 δύο
1815 261 1894 296 βασι-

269 292 321 319 bus
330 292 421 327 regnis
431 292 528 320 divisis
538 293 650 321 scribat.
663 293 760 330 Fitque
771 304 958 332 saepenumero
966 305 1054 332 quan-

270 338 306 364 do
319 338 353 364 de
370 338 456 366 altero
491 339 676 367 narrationem
696 341 829 374 contexit,
849 347 877 369 et
891 342 924 369 ad
937 342 1054 370 alterum

268 383 457 410 transitionem
479 383 566 417 facit,
583 390 612 411 ut
637 391 679 418 ea,
697 393 759 421 qua:
769 385 850 414 modo
864 382 945 420 dixii,
965 387 1055 416 denuo

270 433 394 462 repetere
403 431 443 460 ,et
458 432 621 464 perpetuum
634 429 757 458 ordinem
769 438 878 459 servare
894 436 1019 467 cogatur.

307 472 387 500 Vens.
405 473 452 500 22.
482 473 524 500 Ad
557 474 683 502 Sameam
708 475 879 504 Salamilem.
912 477 1055 510 Quomodo

269 526 351 554 supra
368 519 472 546 Aeltian
495 520 631 548 Siloniten
659 520 731 549 dixit
744 521 892 550 discidisse
921 523 1053 559 pallium,

268 569 294 591 et
309 564 403 592 decem
423 565 560 593 scissuras
579 566 688 595 dedisse
699 567 882 601 Jeroboamo,
898 569 949 597 ltoc
962 573 1054 597 autent

271 611 332 638 loco
365 610 491 638 Santeam
526 612 722 641 Salamitetn?
757 614 909 649 Utrumque
951 616 1054 643 factum

268 661 309 684 est
324 666 331 684 :
347 657 413 684 illud
429 657 541 692 quidem
571 659 681 686 vivente
699 658 857 693 Salomone,
871 668 958 696 quare
983 662 1054 689 bona

268 710 316 737 spe
332 703 427 738 plenus
439 703 583 732 Jeroboam
607 704 633 732 in
659 704 810 741 Egyptum
834 706 971 742 profugit;
1003 707 1055 735 hoc

269 757 334 776 vero
350 753 495 785 postquam
523 750 586 778 inde
617 758 747 780 reversus
761 755 823 785 est,
851 759 984 780 revocans
1002 753 1053 788 ipsi

269 796 296 822 in
314 797 474 824 memoriam
488 796 608 824 divinam
628 798 831 832 praedictionem
845 807 853 832 ;
875 802 913 831 ut,
930 806 993 826 cum
1007 807 1054 827 co-

267 846 411 877 gnosceret
424 849 539 878 regnum
556 843 609 871 sibi
626 844 762 872 divinitus
777 844 908 872 collatum
926 851 997 879 esse,
1009 845 1054 872 di-

269 887 339 914 vinis
364 887 469 922 legibus
487 892 648 922 potestatem
662 889 736 916 illam
750 893 873 917 ornaret.

303 931 382 960 Vens.
402 932 446 960 ‘29.
465 932 500 959 Et
514 934 601 967 potuit
617 942 698 960 unam
716 935 742 961 in
759 934 850 962 Belltel
861 955 870 967 ,
888 940 913 962 et
928 944 1009 963 unum
1026 936 1055 964 in

269 981 337 1007 Dan.
360 981 451 1008 Limes
465 981 540 1015 regni
556 981 650 1008 decem
669 981 802 1008 tribuutn.
817 982 857 1008 Ab
873 988 966 1010 austro
981 983 1054 1010 enitn

267 1028 360 1055 Beiltel
380 1028 457 1055 limes
474 1033 544 1059 erat,
564 1027 599 1054 ab
629 1035 733 1055 occasu
743 1027 819 1055 Dan.
834 1028 872 1056 .Ut
888 1029 914 1056 bi
941 1029 1054 1065 quidem

268 1073 301 1099 ad
314 1073 401 1105 hanc,
419 1072 458 1099 illi
484 1079 550 1100 vero
576 1072 610 1099 ad
627 1072 700 1099 illam
717 1079 923 1107 concurreret",
945 1077 978 1102 et'
991 1076 1055 1110 quia

269 1119 330 1144 loca
355 1118 510 1153 propinqua
534 1121 625 1150 erant,
643 1125 699 1145 non
717 1125 790 1153 aegre
799 1117 915 1151 fert-cut,
930 1119 976 1147 sed
992 1120 1055 1147 boni

267 1163 443 1190 consulerent
455 1183 463 1196 ,
476 1162 548 1198 quod
565 1162 593 1189 in
613 1163 786 1199 metropolim
802 1171 859 1191 non
886 1168 961 1192 esset
986 1172 1055 1192 ouu-

269 1209 346 1235 dum.

305 1265 384 1294 Vens.
406 1266 450 1294 32.
478 1265 563 1294 Juxta
595 1266 711 1302 fectum,
731 1266 801 1302 quod
831 1266 860 1294 in
880 1270 952 1294 terra
969 1265 1053 1294 Iuda.

268 1312 378 1340 Decima
392 1313 487 1348 quinta
506 1313 550 1341 die
581 1313 690 1348 septimi
716 1312 819 1340 mensis
840 1312 938 1340 festum
950 1312 1054 1340 Taber-

268 1359 428 1385 naculorum
441 1358 520 1394 juxta
531 1359 616 1394 legem
631 1358 771 1386 celebrare
785 1362 994 1386 consueverant.
1004 1359 1056 1387 Jlle

267 1411 332 1432 vero
345 1404 451 1432 decimo
473 1404 570 1439 quinto
598 1404 644 1432 die
669 1405 758 1432 octavi
786 1404 889 1432 mensis
905 1404 1054 1432 vitulorum

268 1449 427 1485 panegyrim
441 1449 604 1478 celebravit.

573 1525 650 1555 CAP.
673 1526 742 1555 Xlll.

1105 300 1185 327 λειῶν
1199 300 1370 336 διῃρημένων
1381 302 1544 337 συγγράφει.
1554 303 1610 330 Καὶ
1622 303 1696 331 ἐστιν
1704 305 1750 332 ὅτε
1764 306 1896 340 πολλάκις

1105 345 1170 380 περὶ
1184 345 1234 380 τῆς
1249 346 1346 381 ἑτέρας
1361 347 1446 379 τιθεὶς
1469 347 1600 384 διήγημα,
1618 350 1667 376 καὶ
1690 350 1759 386 πρὸς
1772 352 1822 387 τὴν
1837 353 1896 379 ἑτέ-

1105 399 1156 426 ραν
1186 392 1367 426 μεταὸαίνων,
1396 393 1584 427 ἀναγκάζεται
1608 394 1755 422 ἀναλαϐεῖν
1778 397 1812 424 τά
1843 398 1893 432 ἤδη

1106 438 1302 473 προειρημένα,
1318 439 1366 465 καὶ
1376 439 1426 474 τὴν
1440 439 1602 467 ἀκολουθίαν
1624 441 1751 475 φυλάξαι.

1140 483 1218 518 Πρὸς
1244 484 1364 518 Σαμέαν
1392 485 1446 512 τὸν
1472 486 1656 520 Σαλαμίτην.
1689 488 1752 519 Πῶς
1776 488 1832 515 ἄνω
1845 488 1896 524 μὲν

1111 528 1203 563 ’Δχίαν
1217 529 1263 556 τὸν
1274 529 1419 566 Σιλωνίτην
1430 528 1491 557 εἷπε
1503 531 1583 566 ῥῆξαι
1601 531 1632 558 τὸ
1643 533 1832 568 περιΰόλαιον,
1848 535 1896 561 καὶ

1104 574 1196 601 δοῦναι
1211 575 1277 602 δέκα
1307 576 1438 611 ῥήγματα
1467 576 1508 612 τῷ
1528 577 1672 613 Ίεροϐοάμ
1684 586 1692 593 ’
1721 579 1836 607 ἐνταῦθα
1855 581 1893 612 δὲ,

1106 619 1215 655 Σαμέαν
1234 620 1278 646 τὸν
1296 621 1466 657 Σαλαμίτην;
1493 621 1641 657 Ἑκάτερον
1657 623 1767 657 γέγονε,
1790 624 1821 651 τὸ
1833 625 1892 660 μὲν,

1105 666 1222 698 ζῶντος·
1239 666 1300 693 ὅθεν
1327 667 1396 701 μετὰ
1421 667 1544 702 χρηστῆς
1567 666 1675 699 ἐλπίδος
1694 667 1895 705 Ίεροόοὰμ,είς

1104 711 1155 747 τὴν
1164 711 1301 745 Αἴγυπτον
1313 711 1415 745 ἔφυγεν
1427 719 1435 726 ·
1459 712 1489 738 τὸ
1503 712 1531 738 δὲ
1543 733 1550 744 ,
1567 713 1635 747 μετὰ
1646 713 1695 748 τὴν
1715 713 1820 740 ἐκεῖθεν
1847 716 1892 741 ἑπ-

1109 756 1212 787 άνοδον,
1224 757 1431 791 άναμιμνῆσκον
1455 756 1536 783 αὑτὸν
1547 757 1597 792 τῆς
1612 757 1686 790 θείας
1701 760 1889 794 προῤῥήσεως.

1106 802 1187 828 Ὥστε
1222 802 1341 838 μαθόντα
1354 802 1494 830 θεόσδοτον
1507 800 1577 830 εἶναι
1596 803 1645 839 τὴν
1662 804 1815 839 βασιλείαν,
1835 807 1891 838 τοῖς

1103 847 1188 880 θείοις
1197 848 1290 884 νόμοις
1305 848 1444 884 κοσμῆσαι
1457 848 1507 884 τὴν
1521 849 1657 882 ἐξουσίαν.

1069 927 1092 954 θ
1144 937 1204 971 Τὴν
1209 937 1282 972 μίαν
1295 937 1330 964 ἐν
1340 937 1449 972 Βεθὴλ,
1458 938 1507 964 καὶ
1518 938 1657 973 τὴνμίαν
1675 938 1767 966 ἔδωκε
1780 941 1889 968 ἐνΔάν.

1107 981 1200 1018 Ὅριον
1219 982 1267 1016 τῆς
1281 982 1334 1008 τῶν
1347 982 1413 1009 δέκα
1440 983 1532 1017 φυλῶν
1559 983 1708 1016 βασιλείας.
1735 983 1802 1010 Ἀπὸ
1815 984 1892 1010 νότου

1107 1028 1169 1063 μὲν,
1197 1029 1214 1063 ὴ
1235 1027 1333 1063 Βεθήλ.
1352 1029 1418 1055 ’Δπδ
1442 1028 1530 1064 βορρᾶ
1557 1028 1595 1060 δὲ,
1613 1029 1630 1063 ὴ
1645 1029 1708 1056 Δάν.
1725 1029 1783 1055 Ἵνα
1796 1031 1820 1055 οί
1841 1026 1892 1064 μὲν

1107 1073 1174 1108 πρὸς
1186 1073 1298 1108 ταύτην,
1310 1073 1336 1099 oi
1350 1073 1378 1099 δὲ
1406 1073 1474 1108 πρὸς
1497 1072 1605 1108 ἐκείνην
1623 1073 1824 1108 συντρέχοντες,
1844 1074 1892 1100 καὶ

1105 1119 1148 1146 διὰ
1160 1119 1191 1146 τὸ
1198 1119 1326 1151 πελάζειν
1342 1119 1379 1154 μὴ
1395 1119 1628 1154 δυσχεραίνοντες,
1636 1118 1751 1155 ἄσμενοι
1763 1119 1891 1153 δέξωνται

1105 1164 1136 1192 τὸ
1150 1165 1190 1201 μὴ
1205 1165 1313 1200 τρέχειν
1326 1165 1366 1196 εἰς
1379 1164 1429 1200 τὴν
1451 1163 1628 1200 μητρόπολιν.

1140 1267 1221 1294 Κατὰ
1237 1266 1294 1300 τὴν
1306 1265 1490 1301 ἐορτὴν,τὴν
1502 1265 1539 1292 ἐν
1555 1264 1596 1297 τῷ
1616 1264 1723 1299 Ἰούδᾳ.
1744 1265 1784 1300 Τῇ
1796 1272 1892 1291 πεντε-

1101 1312 1255 1348 καιδεκάτῃ
1278 1311 1325 1339 τοῦ
1353 1311 1468 1346 ἑὸδόμου
1496 1311 1581 1346 μηνὸς
1602 1311 1736 1337 ἐπιτελεῖν
1750 1311 1891 1337 είώθεισαν

1105 1357 1176 1385 κατὰ
1191 1358 1237 1384 τὸν
1252 1358 1334 1393 νόμον
1348 1357 1398 1392 τῆς
1409 1357 1604 1392 Σκηνοπηγίας
1614 1357 1780 1392 τὴνέορτήν.
1799 1357 1891 1388 Οὕτως

1105 1403 1133 1430 δὲ
1146 1405 1179 1438 τῇ
1195 1403 1427 1440 πεντεκαιδεκάτῃ
1448 1402 1496 1429 τοῦ
1517 1402 1610 1437 ὀγδόου
1636 1403 1720 1438 μηνὸς
1735 1402 1791 1429 τῶν
1802 1403 1890 1438 δαμά-

1099 1449 1173 1476 .λεων
1183 1448 1326 1476 ἐπετέλεσε
1341 1449 1391 1483 τὴν
1407 1448 1572 1483 πανήγυριν.

1403 1526 1528 1554 ΚΕΦΔΛ.
1541 1525 1591 1553 Ιῐ”.

302 1593 383 1622 Vens.
405 1594 449 1622 Η.
471 1593 505 1621 Et
515 1594 642 1629 prop/tcta
662 1595 734 1622 alius
751 1594 922 1623 renenﬂunc
942 1594 1051 1630 quidam

1138 1595 1193 1623 Kal
1205 1593 1360 1630 προφήτης
1382 1595 1478 1627 ἄλλος
1501 1595 1684 1629 πρεσϐύτης.
1701 1595 1805 1624 Τοῦτόν
1817 1605 1888 1629 τινες

269 1642 536 1677 pseudoprophetam
579 1641 664 1669 fuisse
697 1641 867 1669 existimant.
895 1641 974 1668 Certe
1005 1648 1054 1667 ne-

267 1696 405 1723 quaquam
426 1687 472 1715 Dei
494 1688 630 1723 propheta
663 1692 734 1715 erat.
761 1686 847 1715 Vanis
873 1691 964 1714 autem
994 1693 1053 1714 ser-

267 1733 395 1761 monibus
420 1741 488 1761 usus
509 1737 552 1761 est
575 1733 608 1760 ad
637 1733 724 1759 virum
742 1731 787 1760 Dei
805 1741 812 1766 ;
830 1732 918 1759 uoluit
931 1739 1031 1759 nocere
1044 1751 1052 1764 ,

267 1779 316 1806 sed
331 1779 533 1806 benedictionis
548 1778 686 1813 particeps
712 1785 783 1805 esse.
801 1777 889 1813 Igitur
914 1777 985 1805 Deus
1006 1785 1054 1811 per

267 1824 343 1851 illurn
355 1824 436 1859 535
448 1825 538 1860 ipsum
552 1825 611 1851 viro
626 1824 670 1851 Dei
681 1823 877 1859 praedixitquid
891 1827 1052 1850 eventurum

265 1873 348 1896 esset.
370 1869 420 1901 Qui
443 1869 581 1896 vaticiniis
599 1869 632 1896 de
647 1867 721 1896 Josia
751 1868 831 1896 (idem
855 1868 1000 1902 adhibuit,
1026 1873 1053 1897 et

266 1918 295 1940 ut
315 1922 377 1941 cum
396 1914 443 1942 illo
465 1914 648 1950 sepeliretur,
663 1913 818 1942 mandavit.

302 1969 385 1997 Vstts.
406 1970 450 1998 18.
473 1969 506 1997 Et
523 1971 648 1998 mentitus
672 1975 712 1998 ut
726 1970 762 1997 et‘.
777 1970 868 2005 Hujus
901 1970 941 1998 rei
965 1971 1051 2006 gratia

266 2017 392 2044 fortassis
408 2016 666 2051 pseudoprophela,
684 2015 845 2051 conﬁngens
869 2015 978 2044 divinas
1004 2023 1049 2044 vo-

265 2070 312 2089 ces
323 2061 417 2090 studio
439 2061 652 2089 benedictionis.

300 2117 383 2144 Vtttts.
403 2117 449 2144 24.
466 2116 502 2143 Et
515 2117 611 2144 occidit
626 2125 697 2144 eum.
716 2116 807 2144 Docet
830 2117 881 2144 hac
895 2116 1052 2144 narratione

265 2167 388 2197 potentes
402 2165 528 2197 potenter
552 2161 668 2197 inquiri.
687 2160 747 2188 Non
764 2161 837 2189 enim
858 2161 935 2188 illum
950 2161 997 2195 qui
1012 2160 1053 2188 di-

265 2208 357 2236 vinam
367 2214 460 2235 vocem
469 2206 623 2238 audiverat,
632 2206 674 2234 vel
683 2206 820 2233 tantillum
829 2206 863 2234 ab
874 2205 984 2234 bomine
992 2213 1052 2233 mo-

1103 1632 1330 1676 ψευδολροφήτην
1343 1640 1494 1675 νομίζουσι.
1513 1640 1627 1675 Μήποτε
1647 1641 1675 1667 δὲ
1691 1640 1738 1667 τοῦ
1753 1641 1821 1668 Θεοῦ
1838 1642 1888 1677 μὲν

1103 1684 1137 1722 ἦν
1156 1686 1308 1721 προφήτης,
1331 1683 1483 1720 ψευδέστδὲ
1509 1685 1601 1720 λόγοις
1614 1686 1751 1721 ἐχρήσατο
1763 1687 1828 1721 περὶ
1841 1688 1887 1713 τὸν

1103 1732 1245 1768 ἄνθρωπον
1268 1731 1314 1759 τοῦ
1349 1731 1427 1758 Θεοῦο
1444 1732 1474 1758 οὺ
1487 1731 1587 1767 βλάψαι
1610 1731 1705 1766 θέλων,
1727 1733 1886 1767 μεταλαὸεεν

1103 1778 1131 1805 δὲ
1146 1778 1196 1812 τῆς
1215 1777 1350 1812 εὐλογίας.
1365 1777 1515 1813 Τοιγαροῦν
1529 1777 1543 1803 ὁ
1559 1777 1626 1810 Θεδς
1639 1778 1674 1804 δι’
1681 1777 1763 1805 αὐτοῦ
1773 1780 1886 1814 προεῖπε

1100 1823 1141 1859 τῷ
1157 1823 1294 1859 ἀνθρώπῳ
1302 1822 1348 1850 τοῦ
1361 1823 1429 1850 Θεοῦ
1443 1823 1475 1849 τὸ
1490 1823 1631 1858 ἐσόμενον.
1644 1824 1699 1850 Καὶ
1711 1825 1768 1855 τοῖς
1780 1824 1809 1851 δὲ
1822 1825 1887 1858 περὶ

1102 1867 1149 1896 τοῦ
1167 1869 1270 1908 Ἰωσίου
1284 1869 1478 1904 προρρηθεῖσιν
1494 1868 1651 1902 ἐπίστευσε,
1666 1869 1715 1897 καὶ
1731 1870 1779 1896 σὺν
1791 1870 1888 1904 ἐκείνῳ

1101 1915 1219 1950 ταφῆναι
1234 1915 1411 1951 προσέταξεν.

1137 1970 1192 1998 Καὶ
1205 1970 1360 2005 ἐψεύσατο
1388 1970 1478 2003 αὐτῷ.
1495 1970 1574 1998 Κατὰ
1600 1970 1680 1997 τοῦτο
1706 1970 1772 2002 ἴσως
1789 1970 1887 2005 ψευδο-

1102 2016 1258 2052 προφήτης,
1282 2016 1434 2047 διαπλάσας
1445 2016 1522 2048 θείας
1536 2015 1629 2051 φωνὰς
1648 2017 1682 2052 τῇ
1697 2016 1747 2051 τῆς
1761 2016 1887 2050 εὐλογίας

1101 2060 1244 2097 ἐπιθυμίᾳ.

1136 2118 1192 2145 Καὶ
1206 2117 1395 2145 ἐθανάτωσεν
1408 2117 1512 2144 αὐτόν,
1529 2115 1656 2143 Διδάσκει
1677 2115 1721 2143 διὰ
1735 2115 1783 2142 τοῦ
1796 2115 1888 2151 διηγήρ

1103 2172 1196 2198 ματος,
1208 2163 1246 2195 ὡς
1264 2162 1373 2189 δυνατοὶ
1394 2162 1516 2194 δυνατῶς
1538 2162 1742 2197 ἐτασθῄσονται.
1767 2161 1806 2188 θὺ
1832 2162 1886 2196 γὰρ

1102 2209 1155 2236 ἔδει
1170 2209 1215 2236 τὸν
1228 2208 1304 2239 θείας
1315 2208 1453 2242 ἀκηκοότα
1467 2207 1571 2242 φωνῆς,
1599 2207 1670 2234 κατὰ
1686 2206 1770 2242 μηδὲν
1781 2207 1827 2233 ὐπ’·
1841 2207 1886 2232 ἀν-

265 2253 320 2280 veri
337 2257 364 2281 et
377 2253 404 2280 in
418 2261 538 2281 errorem
550 2253 652 2287 impelli
668 2252 822 2288 oportebat,
832 2252 879 2280 sed
895 2251 944 2279 Dei
956 2259 1050 2278 vocem

1105 2254 1214 2290 θρώπου
1243 2253 1466 2289 παρατραπῆναι,
1492 2253 1559 2279 Θεοῦ
1588 2253 1616 2279 δὲ
1640 2252 1723 2278 πάλιν
1744 2253 1886 2286 ἀναμεῖναι

266 2299 363 2326 iterum
379 2302 549 2333 exspectare,
563 2297 753 2333 inlringentem
766 2297 821 2329 illa,
837 2303 896 2330 quae
911 2300 973 2323 ante
981 2303 1055 2335 prae-

263 2347 384 2379 ceperat.
398 2343 554 2371 Verisimile
575 2347 666 2370 autem
693 2346 736 2370 est
760 2342 795 2369 ad
818 2341 1053 2369 conﬁrmationem

263 2390 388 2417 vaticinii
405 2390 439 2417 de
461 2389 542 2417 altari
559 2388 617 2421 Dei,
633 2387 794 2424 prophetam
808 2390 859 2415 hac
886 2394 964 2422 poena
993 2394 1054 2414 esse

263 2434 404 2463 alicctum.
430 2435 459 2462 Si
474 2435 547 2463 enim
571 2437 627 2462 tam
654 2435 787 2462 severiter
807 2432 1002 2461 animadVertit
1023 2432 1051 2459 in

263 2481 341 2508 illum
363 2481 409 2516 qui
434 2484 532 2508 contra
558 2479 719 2508 mandatum
745 2480 838 2508 cibum
867 2483 1024 2514 sumpserat
1041 2498 1050 2512 ,

262 2532 367 2561 quanto
384 2527 472 2562 magis
487 2526 561 2554 idola
584 2526 747 2554 animalium
765 2525 882 2553 rationis
897 2526 1050 2560 expertiutn

263 2572 315 2607 ipsi
334 2572 426 2607 opiﬁci
438 2573 573 2608 praeferre
598 2579 712 2608 poenam
733 2571 882 2599 meretur?
909 2569 1051 2605 Signiﬁcat

264 2622 355 2646 autem
370 2618 460 2646 tristis
476 2618 531 2646 hic.
546 2625 629 2645 casus
650 2618 801 2653 prophetae,
819 2616 1049 2644 resurrectionem

264 2672 298 2692 ex
315 2664 442 2691 mortuis.
456 2663 635 2691 Manifestum
665 2663 739 2691 enim
764 2667 807 2691 est
821 2662 915 2695 illum,
942 2662 988 2696 qui
1010 2662 1050 2688 vi-

264 2711 373 2734 ventem
389 2707 480 2735 adhue
493 2707 597 2743 ob'jccit
611 2707 704 2734 bestia.-
720 2726 728 2740 ,
756 2712 894 2734 mortuum
918 2713 982 2734 vero
999 2706 1048 2734 bo-

266 2759 335 2779 nore
357 2752 485 2787 dignatus
493 2755 541 2780 est
555 2771 563 2785 ,
579 2759 634 2779 non
649 2752 742 2779 animo
763 2751 892 2786 quidem,
909 2751 957 2779 sed
985 2759 1047 2779 cor-

265 2807 331 2834 pore
346 2804 463 2832 tantum,
479 2806 536 2826 non
562 2799 751 2833 neglecturum
762 2799 806 2831 id,
828 2799 900 2833 quod
927 2798 1048 2826 solutum

264 2850 291 2873 ct
305 2848 466 2879 corruptum
481 2849 533 2871 est.
557 2844 661 2872 Reddet
678 2849 770 2872 autem
794 2845 892 2872 anima:
914 2851 1048 2880 organum

264 2898 313 2925 per
337 2890 411 2926 quod
437 2888 607 2917 conditorem
636 2889 730 2917 coluit.
751 2887 811 2917 Non
841 2893 931 2918 autem
959 2889 1049 2924 quivis

1106 2301 1208 2336 φωνὴν,
1232 2300 1250 2327 ἃ
1273 2300 1422 2336 προσέταξε
1446 2299 1575 2326 λύουσαν.
1602 2298 1682 2330 sub;
1697 2298 1728 2325 δὲ
1751 2299 1799 2325 καὶ
1818 2298 1887 2333 πρὸς

1105 2346 1250 2382 βεσαίωσιν
1261 2346 1310 2381 τῆς
1322 2345 1385 2380 περὶ
1398 2344 1444 2371 ¹τοῦ
1460 2344 1534 2372 θείου
1546 2342 1738 2379 θυσιαστηρίου
1762 2344 1886 2379 προρῤή·

1104 2401 1173 2423 σεως
1188 2391 1267 2427 τήνδε
1279 2391 1407 2425 γενέσθαι
1430 2390 1481 2426 τὴν
1506 2390 1652 2425 τιμωρίαν.
1667 2389 1697 2416 Ei
1713 2389 1768 2424 γὰρ
1783 2390 1886 2424 τροφῆς

1104 2437 1255 2472 μετάληψις
1267 2436 1353 2468 οὕτως
1367 2435 1470 2462 ἐκδικεῖ
1483 2435 1533 2470 τὴν
1549 2435 1715 2470 παράϐασιν,
1729 2435 1807 2470 πόσῳ
1818 2435 1887 2470 μᾶλ-

1101 2483 1147 2509 λον
1160 2482 1190 2509 τὸ
1204 2481 1251 2508 τοῦ
1262 2480 1435 2517 Δημιουργοῦ
1453 2481 1621 2517 προτιμῆσαι
1636 2480 1671 2507 τὰ
1687 2480 1794 2513 εἴδωλα,
1809 2480 1887 2513 ζώων

1101 2527 1207 2562 ἀλόγων
1228 2527 1374 2562 ἰνδάλματα
1385 2536 1393 2560 ;
1406 2527 1511 2562 Μηνύει
1525 2526 1554 2553 δὲ
1576 2525 1623 2552 τοῦ
1638 2526 1777 2562 προφήτου
1791 2526 1822 2553 τὸ
1834 2527 1887 2553 πά-

1101 2573 1158 2605 θος,
1167 2572 1221 2599 τῶν
1234 2573 1339 2608 νεκρῶν
1349 2572 1399 2608 τὴν
1416 2572 1575 2599 ἀνάστασιν.
1585 2572 1614 2598 Ὸ
1627 2571 1681 2606 γὰρ
1693 2572 1824 2606 περιόντα
1837 2572 1887 2608 μὲν

1099 2617 1256 2649 ἐκδεδωκὼς
1265 2618 1306 2653 τῷ
1323 2617 1420 2653 θηρίῳ,
1436 2618 1650 2653 τελευτήσαντος
1666 2617 1695 2643 δὲ
1708 2617 1826 2650 ἀξιώσας
1845 2627 1886 2644 τι-

1100 2663 1165 2699 μῆς,
1177 2664 1208 2690 οὐ
1224 2663 1274 2699 τὴν
1283 2663 1382 2698 ψυχὴν,
1410 2663 1480 2690 ἀλλὰ
1502 2663 1582 2698 μόνον
1597 2663 1628 2689 τὸ
1649 2664 1745 2698 σῶμα·
1761 2663 1838 2699 δῆλον
1848 2664 1887 2696 ὡς

1099 2708 1128 2735 οὐ
1141 2708 1301 2743 περιόψεται
1326 2708 1460 2740 διαλυθὲν,
1488 2708 1536 2734 καὶ
1560 2708 1674 2744 φθαρέν.
1693 2708 1841 2735 ’Δποδώσει
1855 2709 1883 2735 δὲ

1100 2754 1133 2788 τῇ
1149 2753 1223 2788 ψυχῇ
1239 2753 1271 2779 τδ
1284 2753 1411 2788 ὄργανον,
1425 2751 1459 2778 δι’
1474 2749 1506 2778 οῦ
1522 2751 1568 2779 τὸν
1587 2753 1703 2788 ποιητὴν
1716 2752 1883 2788 τεθεράπευ-

1101 2805 1158 2824 κεν.
1176 2796 1334 2832 Ἀνθρωπος
1345 2796 1436 2832 μέντοι
1451 2796 1518 2823 Θεοῦ
1539 2797 1570 2823 οὗ
1590 2797 1644 2827 πᾶς
1660 2797 1803 2832 προφήτης
1816 2798 1882 2824 ὠνό-

1104 2850 1214 2877 μασται,
1241 2842 1299 2869 ἀλλ’
1325 2843 1349 2870 οί
1376 2842 1481 2869 τελείαν
1504 2841 1553 2877 τὴν
1574 2842 1674 2878 ἀρετὴν
1702 2844 1882 2879 κεκτημένοι,

1103 2887 1232 2923 Μωῦσῆς,
1250 2888 1297 2915 καὶ
1316 2889 1418 2921 Ἠλίας,
1434 2889 1480 2916 καὶ
1491 2889 1518 2915 ετ
1532 2897 1573 2921 τις
1589 2890 1719 2922 τοιοῦτος.
1733 2889 1814 2925 Δηλοῐ
1830 2889 1886 2916 τοί-
