2079 3161
171 192 261 234 ,1165

686 185 953 218 COMMENTARII
970 185 1012 215 IN
1035 184 1109 215 LIB.
1128 184 1174 214 III
1195 183 1341 214 REGUM‘.

1752 179 1819 212 1166

190 258 238 277 νυν
250 249 268 284 ἠ
282 246 464 283 προσηγορία,
482 246 519 277 ὡς
534 243 581 272 τοῦ
592 244 746 281 πρεσϐύτου
755 244 896 280 προφήτου
910 243 977 270 πολῦ

1032 242 1165 278 propheta
1196 242 1239 269 vir
1254 241 1301 268 Dei
1321 245 1434 268 vocatus
1451 244 1504 273 est,
1526 240 1573 268 sed
1595 239 1642 276 qui
1670 239 1818 274 perfectam

190 287 354 329 τιμιώτερος
370 291 415 328 ἦν.

1034 288 1162 316 virtutem
1176 287 1249 314 nacti
1264 290 1339 319 sunt,
1357 286 1476 321 Moyses,
1501 285 1586 317 Elias,
1602 288 1629 312 et
1646 285 1670 313 si
1683 280 1730 320 qui
1752 285 1821 312 tales

193 341 316 367 inerunt.
349 337 499 374 Signiﬁcat.
530 338 614 371 igitur
645 337 705 365 haec
735 336 901 373 appellatio,
925 336 999 364 hunc
1015 335 1105 364 virum
1131 341 1198 363 sene
1224 334 1273 362 illo
1298 334 1431 369 pr0plieta
1456 333 1544 361 multo
1573 332 1661 361 fuisse
1684 336 1821 368 praestan-

195 384 306 412 tiorem.

488 427 615 455 ΚΕΦΑΛ.
644 427 694 454 1Δ’.

225 474 281 501 Kal.
295 473 470 508 σύνδεσμος
487 472 653 508 γέγονενὲν
667 471 762 506 τῇτῇ.
774 471 852 498 Οὕτω
869 471 917 498 κα)⁵
935 471 983 497 ’Ῑε-

190 519 282 551 ζάϐελ,
297 519 344 546 τοῦ
369 518 470 554 Ἰωρὰμ
504 517 626 553 μαθοῦσα
641 516 691 553 τὴν
715 516 856 552 τελευτὴν,
874 516 921 542 καὶ
931 515 981 551 τὴν

189 565 256 591 Ὶόου
267 564 417 599 βασιλειαν,
430 563 538 598 ἐϐόησε,
551 562 714 597 Σύνδεσμος,
727 561 885 596 σύνδεσμος·
900 568 979 587 τουτ-

188 609 273 640 έστιν,
302 607 466 640 ὑποστασία,
480 607 527 634 καὶ
543 605 681 642 τυραννίς.

222 655 273 687 Εις
284 654 317 680 τὸ
335 652 456 680 Θεκουὲ.
475 652 521 680 Ἑν
549 651 588 687 τῷ
618 650 725 686 Λεξικῷ
749 649 804 676 τῶν
824 647 977 683 Ἑϐραϊκῶν

188 700 329 735 ὀνομάτων
343 698 525 734 ἑρμηνεύεται
537 698 597 730 καὶ,
610 696 795 730 σαλπισμός.
817 695 862 727 Ἐξ
880 691 918 721 ὧν
934 694 974 726 δὲ,

189 747 281 780 φησὶν,
292 746 321 772 ὲν
334 744 591 780 Παραλειπομέναις
606 743 678 770 ἔοικε
695 742 802 778 δηλοῦν,
818 742 855 773 ὠς
872 741 974 772 ὲδίᾶοτο

146 815 151 819 .
187 790 273 818 ταῦτα
286 792 344 822 τοῖς
366 790 417 822 τὰς
433 789 519 824 θύρας
533 788 588 816 τῶν
614 787 758 823 βασιλείων
769 787 950 821 φυλάττουσιν
962 794 970 802 ·

188 837 328 871 προϊόντος
343 835 372 862 δὲ
386 834 433 861 τοῦ
451 833 594 870 βασιλέως,
609 833 635 859 οἱ
652 833 702 868 μὲν
713 832 829 864 τούτων,
843 830 969 867 ἡγοῦντο”

166 913 169 915 ,
188 882 213 908 οἱ
231 881 270 913 δὲ,
286 880 467 916 παρέτρεχον.
500 879 597 906 Ἢνίκα
610 879 639 906 δὲ
650 878 690 910 είς
704 877 751 904 τὸν
775 877 844 904 νεὼν
860 876 977 912 παρεγί-

188 936 275 959 νοντο,
289 927 419 961 ἀπήντων
437 926 461 953 οι
478 924 698 961 ἀποστρέφοντες
712 923 766 950 ἀπὸ
781 923 828 950 τοῦ
846 923 912 950 ναοῦ
925 921 977 956 φύ-

187 973 279 1005 λακες,
294 973 342 999 καὶ
363 972 486 1007 ἐδέχοντο
508 971 595 997 ταῦτα
620 969 685 1004 παρ’
703 969 804 997 αὐτῶν.
819 968 875 995 Καὶ
888 967 976 995 ταῦτα

189 1019 362 1054 κατέχοντες,
380 1017 434 1054 πρὸ
457 1018 508 1053 τῆς
537 1016 625 1051 πύλης
653 1015 815 1050 ἑστήκεισαν
831 1013 880 1041 τοῦ
898 1013 976 1040 ναοῦ.

188 1063 247 1090 Ἰνα
255 1064 290 1090 τὰ
301 1063 351 1098 μὲν
362 1063 431 1089 ὅπλα
448 1062 528 1098 μείνῃ
547 1061 600 1096 πρὸ
616 1060 671 1087 τῶν
686 1059 789 1095 θυρῶν,
808 1059 833 1086 οἱ
845 1059 873 1085 δὲ
888 1058 976 1085 ταῦτα

187 1109 358 1144 κομίζοντες,
369 1108 418 1134 σὺν
428 1107 468 1143 τῷ
480 1105 588 1142 βασιλεῖ
596 1105 642 1132 τὸν
657 1105 723 1132 Θεὸν
739 1105 977 1141 προσκυνήσωσιν.

189 1154 269 1186 Εἰκὸς
277 1154 306 1180 δὲ
323 1153 370 1181 καὶ
383 1150 457 1180 οἷκον
476 1151 644 1187 γεγενῆσθαι
660 1151 714 1187 πρὸ
728 1150 782 1177 τῶν
800 1149 900 1185 θυρῶν,
923 1148 980 1176 ὥσ-

187 1209 217 1228 τε
233 1200 297 1232 τοὺς
312 1199 482 1234 ὁπλοφόρους
496 1199 555 1224 ὲκεῖ
564 1197 599 1224 τὰ
608 1197 678 1224 ὅπλα
689 1195 897 1223 κατατίθεσθαι.
910 1214 917 1221 .
930 1213 938 1221 .
949 1213 957 1221 .
969 1213 978 1221 .

187 1245 311 1282 ἐῴκεσαν
327 1264 335 1272 .
354 1265 361 1272 .
377 1264 385 1272 .
401 1244 456 1271 τῶν
469 1243 630 1279 δορυφόρων
646 1240 979 1282 τινὲς-προλαμϐάνοντες

189 1291 367 1327 προσκυνεῖν,
391 1291 439 1316 καὶ
456 1288 616 1324 περιμένειν
643 1287 697 1322 πρὸ
711 1280 759 1313 τοῦ
775 1285 838 1317 νεὼ,
857 1293 982 1321 παρατη-

189 1337 300 1371 ροῦντες
315 1338 366 1372 τὴν
377 1336 471 1371 ἄφιξιν
494 1334 542 1361 τοῦ
568 1333 712 1369 βασιλέως.
730 1332 762 1359 Οἳ
774 1332 822 1359 καὶ
841 1331 897 1363 τοῖς
915 1339 983 1366 προ-

1355 420 1432 448 CAP.
1451 419 1522 448 XIV.

1069 467 1151 496 Vens.
1168 467 1213 495 10.
1234 466 1268 494 Et
1283 466 1434 501 conjuratio
1452 465 1504 501 fuit
1520 465 1548 492 in
1563 469 1647 494 terra.
1669 465 1716 493 Sic
1738 466 1822 494 etiam

1031 512 1157 546 Jezabel,
1189 519 1252 540 cum
1277 511 1468 544 intellexisset,
1492 510 1564 546 quod
1590 509 1750 539 interfectus
1777 518 1824 539 es-

1031 563 1074 586 set
1099 557 1216 590 Joram,!
1229 561 1256 586 et
1278 556 1344 585 Joas
1367 560 1518 592 regnaret,
1544 556 1709 584 exclamavit
1724 564 1732 584 :
1747 556 1822 585 Con—

1035 603 1152 639 spiratio
1165 623 1172 635 ,
1193 603 1246 630 hoc
1265 606 1326 634 est,
1343 601 1462 629 defectio
1483 605 1511 629 et
1527 601 1673 630 violentia.

1061 649 1094 676 In
1109 648 1257 676 ThecoeJn
1274 647 1443 675 Dictionario
1455 647 1591 676 Ilebraico
1605 647 1753 682 exponitur
1762 650 1824 683 pul-

1026 695 1106 726 satio,
1123 699 1150 722 et
1165 694 1274 729 clangor
1298 693 1433 720 tubarum.
1449 692 1491 720 Ex
1507 692 1564 721 illis
1577 696 1644 721 vero
1654 713 1661 726 ,
1676 701 1738 728 quae
1756 693 1824 722 liber

1025 737 1255 775 Paralipomenon
1270 738 1361 771 habet,
1373 738 1482 766 videtur
1493 738 1651 774 signiﬁcare
1660 758 1668 771 ,
1679 737 1752 773 quod
1766 739 1824 767 haec

1024 784 1086 811 data
1097 784 1153 813 sint
1169 784 1234 817 illis,
1251 784 1298 820 qui
1322 783 1396 812 fores
1420 783 1489 819 regii
1516 784 1608 819 palatii
1630 783 1824 812 custodiebant

1026 831 1094 858 Cum
1115 838 1181 859 vero
1197 838 1246 858 rex
1263 830 1395 866 prodiret,
1410 830 1508 858 horum
1525 830 1608 866 aliqui
1624 831 1814 866 praecedebant

1025 883 1099 909 eum,
1117 876 1201 911 aliqui
1217 883 1283 903 vero
1304 875 1384 911 juxta
1396 878 1557 904 currebant.
1580 876 1696 910 Quando
1712 885 1777 905 vero
1794 878 1821 905 in

1026 922 1159 957 templum
1176 921 1334 955 veniebant,
1350 922 1534 950 occurrebant
1548 922 1590 949 eis
1607 923 1751 956 custodes,
1774 924 1821 958 qui

1028 974 1044 994 a
1059 967 1162 1002 templo
1178 967 1362 1000 revertebant,
1378 971 1406 995 et
1430 967 1603 1004 accipiebant
1617 969 1676 997 haec
1691 969 1725 997 ab
1743 970 1821 1005 ipsis.

992 1025 1015 1056 Β
1029 1015 1056 1039 et
1066 1011 1200 1039 habentes
1227 1015 1291 1040 ante
1319 1015 1428 1046 portam
1454 1012 1547 1047 templi
1570 1013 1692 1046 stabant,
1713 1018 1744 1041 ut
1765 1014 1823 1042 haze

1029 1063 1105 1084 arma
1121 1061 1186 1084 ante
1201 1056 1276 1084 fores
1287 1062 1443 1085 manerent.
1453 1058 1505 1091 Qui
1521 1063 1611 1085 autem
1626 1059 1673 1086 illa
1689 1059 1822 1093 ferebant,

1030 1108 1171 1138 cumrege
1189 1102 1273 1129 Deum
1311 1102 1480 1130 adorabunt.
1504 1102 1651 1132 Probabile
1673 1104 1754 1132 etiam
1781 1109 1824 1133 est

1031 1145 1144 1173 domum
1158 1150 1222 1173 ante
1242 1145 1316 1174 fores
1334 1146 1432 1180 fuisse,
1449 1152 1479 1175 ut
1500 1154 1577 1175 arma
1591 1147 1723 1183 ferentes,
1745 1157 1822 1177 artua

1033 1192 1072 1220 ibi
1088 1195 1255 1227 reponerent
1269 1200 1276 1224 ;
1288 1192 1400 1227 quidam
1413 1193 1585 1221 hastatorum
1595 1195 1746 1223 satellitum
1760 1201 1824 1224 ante

1034 1237 1162 1269 orabant,
1178 1241 1205 1265 et
1214 1241 1278 1265 ante
1290 1238 1421 1273 templum
1438 1239 1587 1267 adventum
1612 1240 1685 1276 regis
1700 1241 1824 1276 praatnla-

1035 1285 1147 1313 bantur.
1179 1284 1231 1318 Qui
1254 1284 1338 1312 etiam
1362 1285 1562 1314 deducentibus
1599 1294 1691 1323 regem
1726 1295 1824 1315 occur-

1034 1335 1141 1364 rentes,
1159 1334 1187 1358 et
1201 1338 1299 1359 manus
1316 1331 1484 1366 injicientes,
1503 1340 1579 1360 arma
1598 1333 1639 1361 eis
1659 1333 1823 1369 eripiebant.

188 1384 344 1420 πέμπουσιν
361 1383 442 1410 αὐτὸν
459 1379 701 1417 προαπαντῶντες,
713 1378 761 1405 καὶ
775 1378 869 1414 χεῖρας
884 1375 1064 1410 ἐπιτιθέντες,
1079 1376 1239 1413 ἀφώπλιζον
1260 1376 1371 1410 αὐτοὺς,
1399 1377 1437 1410 ὡς
1469 1378 1653 1411 συνεισιόντας
1678 1380 1718 1416 τῷ
1748 1379 1825 1416 βασι-

188 1431 240 1466 λεί,
252 1432 301 1458 καὶ
316 1430 478 1458 ἀπετίθεντο
497 1429 580 1464 μέχρι
594 1427 677 1455 πάλιν
694 1427 772 1460 ἐξίοι.

484 1475 610 1502 ΚΕΦΑΛ.
628 1473 679 1502 1Ε’.
785 1480 788 1483 ‘

227 1522 290 1550 Ὀτι
299 1522 339 1555 τῷ
352 1521 442 1548 Δαϐὶὸ
450 1520 580 1548 δέδωκεν
589 1519 671 1552 αὐτῷ
680 1519 787 1554 Κύριος
794 1518 978 1552 κατάλειμμα

188 1569 224 1596 ιῖν
244 1566 452 1603 Ἰερουσαλήμ.
484 1566 581 1593 Αἰτίαν
611 1564 755 1596 ἀπέδωκε,
780 1563 814 1590 δι’
838 1564 872 1599 ἣν
904 1563 981 1594 ὄντες

188 1613 299 1645 ἀσεϐεῖς
313 1612 505 1643 ἐϐασίλευσαν,
524 1610 562 1642 ὡς
579 1610 614 1637 ἂν
630 1609 675 1638 διὰ
690 1610 736 1636 τὸν
750 1609 884 1644 πρόγονον
905 1607 983 1643 διαρ-

190 1660 332 1691 κέσαντες,
346 1658 401 1686 Τοῦ
414 1658 506 1693 μέντοι
527 1656 605 1684 ’Δϐια
628 1656 663 1684 τὰ
690 1655 798 1691 πρῶτα,
815 1654 870 1681 τῶν
893 1654 986 1689 Παρα-

190 1705 360 1741 λειπομένων
380 1705 396 1740 ἡ
415 1703 505 1739 βίϐλος
531 1701 646 1737 ἐπῄνεσε
663 1709 670 1716 ο
688 1701 744 1727 τῶν
765 1699 794 1726 δὲ
813 1698 987 1732 τελευταίων,

191 1752 347 1788 συμφώνως
369 1751 425 1782 τοῖς
440 1749 488 1777 νῦν
512 1747 712 1784 κατηγόρησεν.

229 1841 271 1869 Τὰ
283 1840 318 1868 δὲ
332 1839 441 1875 ὑψηλά
452 1838 509 1866 οὐκ
519 1835 639 1871 ἐξῆρεν.
655 1834 697 1861 Τὰ
705 1834 743 1870 τῷ
750 1833 811 1870 Θεῷ
826 1833 855 1860 ἐν
872 1832 986 1868 ὑψηλοῖς

192 1879 362 1922 ἀνακείμενα
377 1885 570 1920 θυσιαστήρια.

228 1934 319 1968 Δεῦρο
331 1953 339 1966 ,
357 1931 562 1959 διασκέδασον
577 1928 636 1962 τὴν
652 1926 800 1961 διαθήκην
811 1933 881 1952 σου.
892 1924 986 1951 Κατα-

192 1979 280 2008 λιπὼν
308 1978 355 2005 τὸν
369 1978 446 2011 Θεὸν,
463 1976 513 2012 τὴν
525 1975 580 2002 τῶν
599 1973 693 2009 Σύρων
707 1970 852 2008 ἠσπάσατο
873 1978 986 2004 συμμα-

217 2026 272 2052 ίαν.

195 2035 495 2104 χιῗέποιησενἋασὰ
519 2067 552 2094 τὸ
562 2063 698 2099 πονηρὸν
708 2063 836 2090 ἐνώπιον
856 2060 983 2094 Κυρίου.

194 2116 366 2151 Σαφέστερον
378 2116 407 2142 ἐν
420 2111 685 2148 Παραλειπομέναις.
706 2110 750 2136 Ἐν
766 2108 821 2143 γὰρ
843 2108 877 2142 τῇ
894 2107 986 2142 ἀρρω-

195 2161 269 2196 στίᾳ,
282 2160 376 2195 φησιν·
398 2168 407 2185 ι
419 2158 506 2185 Αὑτοῦ
522 2157 574 2184 οὐκ
588 2155 703 2190 ἐζήτησε
716 2154 762 2180 τὸν
777 2151 985 2187 Κύριον.Ἀλλὰ

193 2208 259 2239 τοὺς
277 2205 396 2241 ἰατρούς.
412 2214 421 2231 ι
438 2204 493 2232 Καὶ
507 2204 571 2235 τοὺς
585 2201 703 2236 ἐπῳδαῖς
731 2200 779 2226 καὶ
804 2197 986 2235 μαγγανείαις

196 2253 386 2289 κεχρημένους
407 2251 479 2278 οὓτω
507 2249 598 2276 καλεῖ.
620 2249 654 2274 ’Ἡ
668 2247 708 2274 ὅτι
723 2246 753 2272 τὸ
768 2246 822 2272 πᾶν
839 2245 984 2271 ἐπίστευσε

196 2302 254 2331 τοῖς
283 2300 397 2334 ιατροϊς,
414 2297 463 2332 τὴν
490 2296 531 2328 εἰς
554 2295 621 2321 Θεὸν
638 2294 688 2320 οὐκ
705 2292 775 2328 ἔχων
787 2291 882 2318 ἐλπίδα
897 2290 982 2325 δηλοῖ.

1349 1470 1426 1499 CAP.
1444 1470 1505 1498 XV.

1069 1516 1152 1544 Vnus.
1166 1518 1193 1545 4.
1218 1516 1289 1550 Quia
1305 1522 1414 1552 propter
1428 1517 1513 1545 David
1525 1518 1597 1545 dedit
1606 1518 1630 1545 ei
1640 1518 1768 1547 Dominus
1782 1528 1825 1548 re-

1034 1562 1131 1597 liquias
1145 1562 1172 1589 in
1184 1562 1346 1590 Jerusalem.
1358 1562 1475 1590 Causam
1484 1563 1614 1597 oswndit,
1624 1569 1734 1599 propter
1744 1573 1826 1600 quam

1035 1608 1119 1636 etiam
1128 1607 1205 1644 impii
1215 1615 1293 1644 reges
1311 1616 1427 1643 regnum
1442 1608 1634 1642 obtinuerunt,
1650 1614 1762 1645 propter
1778 1619 1827 1646 pa-

1038 1657 1120 1686 trem,
1132 1658 1160 1681 et
1178 1655 1412 1689 praedecessorem
1434 1655 1631 1689 perdurarunt.
1655 1654 1765 1684 Initium
1782 1665 1827 1684 rc-

1040 1698 1088 1735 gni
1115 1698 1193 1726 Abite
1224 1699 1294 1726 liber
1314 1698 1545 1734 Paralipomenon
1571 1699 1722 1728 celebravit
1738 1709 1746 1734 ;
1765 1701 1828 1730 ﬁnis

1038 1744 1191 1777 similiter,
1223 1745 1455 1780 quemadmodum
1485 1745 1537 1773 hoc
1572 1745 1657 1779 loco,
1684 1747 1827 1782 vitupera-

1039 1794 1095 1817 tur.

1072 1834 1156 1861 Vens.
1177 1834 1221 1861 14.
1239 1834 1353 1862 Excelsa
1380 1839 1469 1863 autem
1494 1843 1547 1863 non
1568 1836 1695 1864 sustulit.
1720 1837 1825 1866 Altaria

1037 1879 1066 1906 in
1083 1879 1203 1908 excelsis
1215 1884 1392 1908 constructa.

1073 1923 1158 1953 Vens.
1174 1925 1218 1953 19.
1232 1925 1298 1960 Age.
1315 1925 1419 1960 dissipa
1447 1927 1595 1961 pactionem
1612 1932 1695 1956 tuam.
1710 1927 1828 1958 'Relieto

1038 1969 1104 2002 Deo,
1114 1971 1273 1999 societatem
1285 1971 1411 1999 bellicam
1424 1972 1557 2007 Syrorum
1574 1974 1674 2009 cupide
1684 1976 1827 2010 amplexus

1036 2019 1089 2044 est.

1074 2061 1148 2089 Fecit
1160 2063 1216 2089 Αεα
1232 2062 1332 2090 malum
1345 2071 1436 2091 coram
1457 2064 1523 2092 Deo.
1540 2064 1570 2093 Id
1583 2065 1692 2100 planius
1713 2066 1742 2094 in
1757 2067 1827 2095 libro

1037 2108 1269 2144 Paralipomenon
1283 2109 1410 2138 habetur.
1428 2109 1496 2138 Nam
1507 2111 1535 2139 in
1546 2112 1643 2140 morbo
1658 2120 1721 2146 suo,
1745 2114 1824 2147 dicit,

1039 2155 1113 2183 «Non
1131 2155 1260 2189 quaesivit
1269 2155 1426 2189 Dominum,
1439 2157 1488 2184 sed
1496 2157 1618 2185 medicos
1630 2158 1679 2186 δ’.»
1693 2158 1827 2188 Caeterum

1036 2202 1111 2235 illos,
1128 2201 1175 2237 qui
1191 2202 1407 2230 incantamentis
1427 2207 1456 2230 et
1479 2203 1623 2232 veneﬁciis
1641 2205 1684 2233 usi
1696 2210 1771 2240 sunt,
1787 2207 1827 2235 sic

1036 2246 1166 2282 appellat.
1184 2245 1233 2274 Vel
1247 2246 1378 2279 ostendit,
1389 2247 1462 2282 quod
1475 2255 1506 2275 se
1516 2251 1602 2276 totum
1616 2249 1732 2277 medicis
1748 2257 1828 2278 com-

1035 2292 1152 2325 miserit,
1165 2300 1216 2320 nec
1233 2300 1309 2327 spem
1326 2293 1352 2320 in
1367 2292 1422 2321 Deo
1435 2293 1623 2322 eollocaverit.
1633 2294 1700 2323 Nam
1715 2303 1749 2324 ex
1773 2296 1828 2324 Deo

203 2346 252 2372 Ἐκ
267 2344 335 2371 Θεοῦ
349 2344 405 2379 γὰρ
430 2343 479 2370 καὶ
492 2342 597 2377 τέχναι,
620 2339 668 2366 καὶ
696 2338 816 2374 βοτάναι.
836 2337 890 2363 Καὶ
915 2337 981 2371 μετά

1038 2343 1104 2366 sunt
1118 2342 1192 2366 artes
1217 2343 1244 2366 et
1258 2338 1374 2373 herbae;
1396 2343 1436 2370 et.
1465 2339 1489 2367 si
1509 2340 1562 2368 ﬁde
1582 2340 1610 2368 in
1626 2341 1717 2376 ipsum
1738 2343 1828 2378 appli-

197 2393 247 2428 τῆς
271 2392 312 2423 εἰς
335 2390 416 2418 αὑτὸν
445 2389 566 2420 πίστεως
589 2387 678 2415 ταῦτα
703 2384 774 2412 καλὰ
794 2382 987 2417 ὑπουργοῦντα

198 2439 256 2469 τοῖς
284 2438 467 2473 προσήκουσιν
488 2433 585 2470 αὺτῷ-
617 2432 702 2468 χωρὶς
727 2430 755 2458 δὲ
776 2428 897 2464 ταύτης,
925 2427 988 2454 ἀνό-

199 2491 279 2517 νητα.

496 2522 623 2558 ΚΕΦΑΛ,
637 2522 696 2554 ις’.

236 2571 290 2599 Kal
303 2570 427 2605 εισῆλθε
440 2569 562 2604 Ζαμϐρὶ,
577 2567 626 2594 καὶ
636 2564 786 2597 ἐπάταξεν
799 2564 902 2591 αὐτόν.
917 2563 988 2595 Τοὺς

199 2615 337 2649 πονηροὺς
354 2613 409 2648 γὰρ
420 2613 453 2639 δι’
462 2612 586 2647 ἀλλήλων
600 2611 614 2637 ὸ
628 2610 766 2643 Δεσπότης
781 2607 890 2639 κολάζει
909 2607 986 2640 Θεὸς,

200 2660 247 2686 καὶ
258 2659 298 2695 τῷ
317 2658 492 2694 πονηροτέρῳ
507 2657 553 2684 τὸν
570 2655 691 2691 πονηρὸν
719 2652 914 2689 παραδίδωσιν,
932 2649 988 2680 οἷόν

199 2713 253 2731 τισι
267 2704 374 2739 δημίοις
387 2702 557 2738 κεχρημένος
565 2702 666 2732 αὐτοῖς.

238 2750 293 2777 Τοῦ
305 2750 416 2784 Κυρίου
426 2748 480 2776 τοῦ
494 2748 582 2782 ὄρους
591 2745 738 2781 Σομόρων.
755 2743 821 2771 Ἀπὸ
832 2743 879 2770 τοῦ
895 2743 987 2778 Σεμὴρ

201 2795 232 2821 τὸ
247 2796 310 2830 ὅρος
328 2794 429 2830 ἐκλήθη
447 2793 587 2829 Σομόρων.
596 2791 663 2820 Ἀπὸ
673 2791 701 2818 δὲ
710 2790 757 2818 τοῦ
774 2789 865 2825 ὅρους,
877 2790 894 2824 ὴ
910 2789 987 2821 πόλις

219 2885 241 2901 δ¹
256 2884 276 2911 ll
295 2884 383 2911 Parui.
406 2892 459 2916 xvt,
481 2883 520 2910 l2.

1039 2385 1148 2415 centur,
1161 2382 1195 2410 ad
1207 2382 1310 2410 bonum
1327 2383 1484 2411 inserviunt
1496 2383 1561 2418 illis,
1574 2385 1622 2420 qui
1639 2386 1720 2414 amici
1740 2387 1828 2422 ipsius

1041 2433 1106 2456 sunt
1128 2438 1136 2462 ;
1160 2430 1264 2464 absque
1289 2429 1335 2457 illa
1361 2429 1415 2458 ﬁde
1434 2430 1547 2459 inutiles
1568 2436 1635 2460 sunt
1657 2436 1685 2460 et
1700 2440 1830 2469 superva-

1041 2481 1145 2503 cauete.

1340 2523 1417 2551 CAP.
1436 2523 1506 2552 XVI.

1077 2565 1162 2594 Vens.
1176 2566 1363 2604 iOJngressus
1372 2575 1412 2597 est
1425 2569 1544 2602 Sambri,
1560 2575 1584 2598 et
1599 2571 1731 2605 percussit
1758 2580 1828 2600 eum.

1044 2612 1086 2640 Ad
1101 2613 1191 2641 malos
1211 2614 1284 2641 enim
1310 2616 1464 2650 puniendos
1487 2617 1569 2645 malis
1582 2618 1670 2645 utitur
1685 2617 1829 2650 Dominus,

1041 2661 1066 2685 et
1079 2658 1181 2686 malum
1196 2659 1282 2694 pejori
1297 2660 1398 2693 tradit.
1419 2665 1447 2689 et
1460 2662 1546 2690 veluti
1572 2663 1751 2692 carniﬁcibus
1774 2664 1832 2700 qui,

1037 2702 1152 2730 busdam
1165 2703 1234 2739 ipsis
1247 2705 1346 2733 utitur.

1071 2745 1151 2791 535
1168 2746 1275 2774 Domini
1300 2750 1397 2778 montis
1427 2750 1568 2780 Somarou.
1586 2753 1608 2780 A
1633 2753 1729 2782 Semer
1753 2762 1832 2782 mnus

1035 2790 1172 2819 Sonioron
1191 2793 1345 2828 appellatus
1359 2799 1413 2823 est.
1430 2796 1450 2822 Α
1473 2801 1566 2825 monte
1596 2805 1661 2826 vero
1687 2799 1753 2828 urbs
1783 2799 1833 2828 Sa-
