2079 3161
241 194 306 228 1167

882 195 1059 227 PROCOPII
1079 195 1200 227 GAZZEI

1792 193 1860 226 1168

239 254 337 286 maria,
347 260 409 288 qua:
421 259 494 280 nunc
509 240 625 281 Sebaste
649 252 813 288 appellatur,
823 253 851 280 in
863 260 917 288 qua
932 253 1025 280 decem

1086 253 1231 289 Σαμάρεια,
1248 254 1266 290 ἡ
1294 253 1342 281 νῦν
1363 253 1488 289 Σεϐάστη
1520 250 1791 289 προσαγορευομένη.
1817 251 1862 278 Ἐν

237 301 360 328 tribuum
376 299 451 334 regia
467 303 544 333 erat;
566 307 628 326 cum
640 304 732 327 autem
752 299 804 334 ipsi
817 299 844 326 in
861 299 1023 327 servitutem

239 347 346 381 abrepti
361 348 468 378 essent,
483 349 511 373 et
530 349 605 373 terra
628 345 674 372 illa
693 348 767 372 esset
797 348 916 377 vastata,
946 350 1024 378 reges

238 392 414 427 Assyriorum
429 391 498 419 alios
516 391 622 418 incolas
651 391 678 418 in
707 391 757 419 has
778 393 871 426 partes
893 389 1026 416 traduxe-

238 441 303 464 runt
319 444 389 473 quos
405 445 420 464 a
435 436 560 465 Samaria
579 436 771 464 Samaritanos
789 437 934 465 vocabant.

273 525 359 554 Vsus.
369 527 414 554 M.
427 525 460 554 In
477 526 543 554 libra
556 527 693 554 verborum
710 526 813 554 dierum
825 534 915 561 regum
928 525 1025 554 Israel.

240 573 367 602 Praesens
390 574 553 607 historicus,
574 579 598 602 et
615 575 661 609 qui
687 574 773 602 libros
794 573 1027 609 Paralipomenon

240 619 417 655 conscripsit,
444 627 478 647 ex
500 620 556 648 illis
584 620 665 647 libris
688 619 827 647 scribendi
851 618 1027 646 occasionem

241 663 398 691 habuerunt
412 673 420 697 ;
436 665 530 692 omnia
545 665 619 692 enim
634 664 885 699 consignabantur.

277 710 312 737 Et
333 715 427 744 pactus
452 715 490 738 est
513 710 658 744 Josaplmt.
692 709 836 737 Contraxit
867 709 1027 737 aliinitatem

241 755 384 790 Josapbat,
407 755 638 790 quemadmodum
664 755 692 782 in
711 755 781 783 libro
800 753 1028 789 Paralipomenon

243 804 343 827 exstat.

276 845 360 873 Vens.
386 845 431 873 52.
460 845 584 873 Serviunt
606 845 684 873 Baal.
701 844 849 880 Tyriorum
877 844 930 872 iste
957 844 1029 872 Deus

243 892 303 924 fuit,
323 897 353 919 ut
374 891 442 919 dicit
467 891 627 927 Josephus;
648 892 758 918 Astarte
779 895 870 918 autem
897 889 1028 917 Sidonio—

242 947 315 967 rum.
343 938 412 967 lluic
443 939 527 966 etiam
547 939 624 966 lucos
654 938 828 974 plantarum.
852 937 900 966 Est
935 943 1027 966 autem

242 985 351 1011 Astarte
379 983 485 1016 eadem,
506 990 568 1018 qua:
588 982 660 1018 apud
680 982 790 1011 Graecos
801 982 904 1010 Venus.

567 1026 643 1055 CAP.
661 1026 742 1055 XVII.

278 1073 362 1102 Vens.
377 1074 404 1101 l.
422 1073 472 1101 Cui
485 1073 561 1101 astili
581 1081 672 1101 eorum
685 1081 715 1100 eo
729 1072 818 1101 hodie.
835 1073 896 1101 Non
915 1073 1030 1100 metitur

245 1125 352 1155 tempus
375 1127 509 1154 praesens,
535 1120 582 1147 sed
611 1119 692 1155 quasi
713 1119 836 1155 quotidie
859 1119 1030 1147 constituens

244 1166 362 1198 initium,
384 1165 460 1194 dedit
477 1173 588 1202 operam
605 1170 636 1193 ut
652 1166 708 1193 Deo
734 1167 865 1202 placeret,
883 1170 923 1199 et,
940 1170 971 1194 ut
991 1165 1030 1193 illi

245 1211 367 1246 seipsum
384 1212 516 1238 mundum
537 1211 621 1240 conlo
631 1211 778 1247 praeberet,
791 1215 818 1239 et
830 1215 986 1247 promptum
995 1209 1029 1237 ad

246 1257 427 1285 obedientium
446 1257 579 1285 voluntati
596 1258 696 1293 ipsius.

282 1302 345 1330 Nisi
359 1311 405 1337 per
419 1311 448 1330 os
462 1303 590 1330 sermonis
602 1304 663 1335 mei,
679 1307 734 1330 etc.
747 1302 798 1336 Qui
815 1302 906 1330 omnia
918 1301 1030 1333 audent,

246 1349 320 1376 illam
346 1357 440 1376 vocem
459 1349 526 1376 Elim
554 1348 687 1376 audacem
710 1353 738 1376 et
766 1349 941 1376 temerariam
968 1355 1032 1376 esse

247 1395 389 1422 dixerunt.
397 1394 534 1430 Propheta
543 1394 616 1422 enim
627 1400 698 1427 erat,
707 1398 734 1422 et
744 1402 869 1422 summus
884 1395 956 1422 inter
968 1402 1032 1430 pro—

247 1442 355 1476 plietas,
367 1446 393 1469 et
404 1442 499 1469 divino
508 1442 566 1469 zelo
585 1449 732 1470 accensus.
745 1443 834 1477 Atque
844 1442 1031 1477 lmeimpulsu

249 1486 371 1521 Spiritus
389 1487 477 1515 sancti
500 1487 625 1522 protulit,
644 1488 718 1516 unde
733 1495 814 1516 suum
841 1488 924 1515 etiam
948 1494 1033 1515 even-

250 1535 308 1559 tum
324 1532 493 1560 habuerunt.

1075 297 1148 336 ᾗπερ
1165 297 1200 336 ἦν
1211 300 1266 327 τῶν
1292 299 1358 326 δέκα
1374 299 1466 334 φυλῶν
1480 298 1514 326 τὰ
1528 298 1661 334 βασίλεια.
1683 296 1862 332 Ἐξανδραπο-

1075 346 1217 373 δισθεισῶν
1229 346 1257 373 δὲ
1271 345 1386 379 τούτων,
1406 345 1455 373 καὶ
1475 345 1526 380 τῆς
1548 345 1602 379 γῆς
1622 343 1730 378 ἐκείνης
1757 343 1861 378 ἐρήμου

1075 392 1275 428 γεγενημένης,
1292 393 1317 419 oi
1331 391 1386 419 τῶν
1410 390 1562 426 ’Δσσυρίων
1591 389 1712 424 βασιλεῖς
1734 387 1862 419 ἐποίκους

1076 438 1116 469 είς
1129 437 1231 469 ταύτας
1243 437 1411 472 ἐξέπεμψαν,
1422 435 1470 468 οὒς
1484 437 1517 463 ὲκ
1529 436 1580 471 τῆς
1593 434 1751 470 Σαμαρείας
1767 433 1861 469 Σαμα-

1078 482 1170 519 ρείτας
1188 482 1343 518 ὠνόμασαν.

1113 528 1180 556 Ἐπί
1186 529 1309 561 ,βιϐλίου
1319 528 1419 563 λόγων
1427 526 1486 554 τῶν
1502 525 1623 561 ἡμερῶν
1635 524 1695 552 τῶῖν
1706 524 1863 557 ,βασιλέων

1083 575 1218 610 Ἰσραήλ.
1242 573 1293 601 Ἐκ
1306 572 1361 600 τῶν
1372 572 1511 605 τοιούτων,
1528 572 1577 599 καὶ
1590 572 1605 597 ὁ
1616 570 1714 606 παρὼν
1740 578 1862 605 συγγρα-

1077 622 1155 657 φεὺς,
1173 621 1223 649 καὶ
1235 621 1250 648 ό
1262 621 1318 647 τῶν
1330 619 1591 656 Παραλειπομένων,
1611 617 1692 653 ἔσχον
1708 617 1759 649 τὰς
1773 617 1862 651 ἀφορ-

1079 668 1134 704 μάς
1143 675 1152 684 ³
1161 667 1252 694 πάντα
1264 666 1319 702 γὰρ
1332 665 1528 700 συνεγράφετο.

1112 714 1169 742 Καὶ
1194 713 1340 741 συνέθετο
1369 710 1523 746 Ἰωσαφάτ.
1553 708 1714 736 Ἦσπάσατο
1745 706 1795 735 τοῦ
1816 707 1863 735 Ἀ-

1078 759 1151 796 χαὰσ
1166 759 1217 795 τὴν
1244 751 1470 793 συγγένειανξώς
1482 756 1512 784 ὲν
1537 754 1794 791 Παραλειπομέναις
1807 763 1861 789 φη-

1079 807 1132 835 σίν.

1113 851 1168 880 Καὶ
1182 850 1348 878 ἐδούλευσε
1357 849 1398 882 τῷ
1407 848 1501 876 Βαάλ.
1511 846 1618 883 Τυρίων
1636 841 1715 878 οὗτος
1737 846 1807 878 θεὸς,
1826 844 1864 878 ὥς

1080 895 1158 924 εἷπεν
1179 888 1349 932 ἰὡσηπποςλ
1365 895 1383 930 ὴ
1400 895 1429 921 δὲ
1439 893 1594 928 Ἀστάρτη,
1609 891 1743 918 Σιδωνίων
1755 900 1763 907 '
1778 891 1863 926 ταύτῃ

1080 942 1127 970 καὶ
1141 941 1176 968 τὰ
1192 940 1262 976 ἄλση
1279 938 1464 966 συνετίθεσαν.
1478 936 1617 972 Ἀστάρτη
1632 935 1660 962 δέ
1672 932 1746 962 ὲὲπιν
1771 935 1789 970 ἡ
1800 933 1865 970 παρ’

1080 987 1211 1023 Ἕλλησιν
1227 985 1383 1022 Ἀφροδίτη.

1376 1031 1503 1059 ΚΕΦΑΛ.
1517 1030 1568 1058 ῙΖ¹.

1115 1077 1153 1115 *ῼ
1163 1077 1338 1113 παρέστηκα
1347 1076 1476 1104 ἐνώπιον
1493 1076 1588 1104 αὐτοῦ
1604 1076 1748 1111 σήμερον.
1766 1074 1804 1102 οὐ
1816 1083 1867 1110 με-

1079 1127 1140 1162 τρεῖ
1150 1125 1196 1152 τὸν
1208 1124 1341 1160 παρόντα,
1357 1122 1415 1150 ἀλλ’
1424 1123 1462 1155 ὡς
1474 1123 1518 1150 ἀεὶ
1532 1121 1769 1157 καταϐαλλόμενος
1779 1120 1867 1156 ἀρχὴν

1081 1170 1143 1198 καθ’
1158 1170 1268 1206 ἡμέραν
1294 1167 1460 1195 ἐσπούδασεν
1486 1167 1643 1203 εὐαρεστεῖν
1657 1166 1695 1202 τῷ
1723 1165 1794 1201 Θεῷ,
1820 1163 1869 1191 καὶ

1082 1216 1219 1252 παριστᾷν
1230 1214 1325 1241 ἑαυτὸν
1350 1213 1472 1248 καθαρὸν
1481 1212 1530 1246 τὴν
1541 1212 1668 1248 καρδίαν,
1691 1211 1804 1246 ἕτοιμον
1817 1211 1869 1237 ὐπ-

1082 1261 1193 1289 ακοῦειν
1207 1259 1246 1296 τῷ
1263 1260 1413 1295 βουλήματι
1429 1258 1477 1285 τοῦ
1488 1257 1567 1285 Θεοῦ.

1116 1307 1189 1336 Ἐὰν
1202 1307 1242 1341 μὴ
1252 1307 1301 1333 διὰ
1311 1306 1405 1340 λόγου
1417 1304 1565 1339 στόματός
1578 1312 1649 1338 μου.
1661 1303 1693 1330 Ol.
1707 1301 1796 1329 πάντα
1811 1300 1871 1328 τολ-

1084 1355 1198 1391 μῶντες,
1223 1353 1272 1388 τὴν
1287 1350 1378 1378 ’Πλιοῦ
1407 1349 1498 1385 φωνὴν
1512 1348 1651 1384 τολμηρὰν
1681 1348 1868 1384 ἀπεφήναντοο

1083 1400 1228 1436 προφήτης
1240 1399 1295 1435 γὰρ
1308 1395 1354 1434 ἦν,
1365 1397 1414 1424 καὶ
1426 1395 1575 1432 προφητῶν
1584 1395 1688 1431 ἄκρως,
1700 1394 1747 1421 καὶ
1755 1394 1794 1430 τῷ
1805 1393 1871 1429 θείῳ

1083 1444 1308 1482 πυρπολούμενος
1332 1442 1416 1478 ζήλῳ.
1441 1441 1498 1468 Καὶ
1521 1440 1608 1468 ταῦτα
1623 1440 1671 1467 τοῦ
1695 1440 1768 1467 θείου
1783 1439 1870 1466 Πνεῦ-

1085 1499 1170 1526 ματος
1185 1488 1370 1524 ,ἐνεργοῦντος
1393 1487 1516 1523 εἴρηκεν,
1548 1486 1610 1514 ὅθεν
1638 1485 1686 1512 καὶ
1710 1485 1800 1520 πέρας
1814 1483 1872 1511 ὲδὲι

1085 1535 1159 1568 ξατο.

284 1578 369 1605 Vsus.
387 1578 414 1606 6.
433 1577 466 1605 Et
481 1579 553 1606 corvi
564 1579 683 1614 ferebant
697 1579 722 1606 ei
738 1587 832 1614 panes.
851 1578 884 1606 Et
895 1578 1034 1614 quomodo

1121 1577 1212 1606 Καιοί
1231 1577 1358 1612 κόρακες
1373 1577 1483 1611 ἔφερον
1512 1576 1593 1609 αὐτῷ
1605 1575 1724 1610 ἄρτους.
1742 1575 1798 1602 Καὶ
1813 1574 1872 1606 πῶς

250 1623 337 1658 legem
357 1631 412 1650 non
430 1628 624 1659 transgressus
647 1629 690 1652 est
700 1632 750 1659 per
769 1632 847 1652 avem
864 1624 1034 1652 immundam

252 1668 395 1696 nutritus?
413 1668 483 1701 Quia
508 1669 565 1704 ipse
590 1669 732 1704 legislator
755 1676 804 1704 per
820 1676 921 1697 corvos
941 1669 1035 1696 cibum

252 1713 304 1748 ipsi
320 1713 425 1745 attulit,
444 1714 678 1748 quemadmodum
694 1714 741 1741 ille
757 1713 901 1749 pollicitus
916 1718 971 1747 est,
986 1714 1036 1749 qui

251 1759 331 1786 docet
349 1759 436 1793 legem
451 1764 563 1793 propter
580 1759 738 1787 Iudaeorum
754 1759 943 1786 inﬁrmitatem
959 1760 1036 1794 posi-

252 1809 308 1831 tam
324 1812 395 1832 esse.
412 1803 505 1837 Quare
524 1805 582 1839 ipse
598 1805 746 1840 aliquando
761 1810 858 1832 contra
886 1805 972 1841 legem
992 1806 1037 1832 fa-

252 1857 316 1876 cere
342 1850 483 1884 praecepit.
502 1849 592 1877 Veluti
615 1850 643 1877 in
667 1850 811 1878 obsidione
826 1849 948 1883 Iericho,
975 1859 1037 1886 quae

254 1894 377 1923 Sabbato
392 1896 464 1923 facta
486 1900 541 1928 est,
556 1900 584 1923 et
600 1903 675 1924 nunc
689 1903 738 1932 per
751 1904 850 1925 corvos
869 1897 957 1925 Eliam
972 1905 1036 1933 pas-

253 1947 340 1973 cens;
357 1933 506 1975 aliquando
517 1940 666 1973 veroillos,
684 1941 732 1976 qui
753 1941 944 1976 hujuscemodi
967 1950 1038 1977 prae-

253 1991 334 2020 cepta
349 1986 516 2021 transgressi
534 1990 610 2018 sunt,
625 1994 682 2014 non
706 1987 893 2022 reprehendit.
919 1988 1037 2016 Samson

252 2032 325 2059 enim
352 2035 465 2067 propter
494 2031 655 2059 ebrietatem
685 2037 713 2059 et
735 2032 911 2060 immodicam
943 2034 1037 2062 libidi-

253 2083 316 2104 nem
333 2076 459 2111 privatus
473 2080 516 2104 est
535 2077 624 2110 gratia
644 2076 692 2105 Del
709 2086 718 2112 ;
748 2077 808 2109 sed,
824 2085 888 2105 cum
911 2086 944 2106 ex
961 2087 1037 2107 rnor-

253 2126 302 2148 tuo
330 2122 409 2149 leone
430 2122 482 2150 mel
503 2122 630 2150 silvestre
651 2124 828 2157 comedisset,
845 2126 1038 2161 reprehensio-

253 2175 316 2194 nem
337 2174 390 2194 non
419 2166 548 2200 incurrit,
572 2172 599 2195 et
625 2167 788 2197 accedentes
815 2169 848 2197 ad
874 2175 985 2199 sanctos
1011 2173 1038 2200 in

253 2214 356 2240 luctam
364 2213 514 2247 daemones,
523 2213 706 2249 intelligibilis
715 2214 852 2243 alimoniae
862 2223 947 2245 causa
959 2218 1037 2252 ﬁunt,

1086 1623 1116 1650 οὐ
1133 1622 1285 1658 παρενόμει
1299 1621 1334 1648 δι’
1349 1621 1504 1657 ἀκαθάρτου
1514 1620 1585 1652 ζώου
1599 1620 1784 1656 τρεφόμενος;
1800 1620 1872 1646 Ὅτι-

1087 1667 1325 1703 περδνομοοέτης
1351 1666 1395 1693 διὰ
1413 1667 1517 1693 τούτων
1546 1666 1621 1702 αὐτῷ
1643 1666 1798 1702 προσέφερε
1822 1665 1872 1701 τὴν

1086 1713 1199 1749 τροφὴν,
1214 1713 1308 1748 ὥσπερ
1321 1712 1466 1747 ὑπέσχετο,
1484 1712 1618 1739 διδάσκων
1629 1711 1666 1744 ὡς
1681 1713 1695 1738 ὁ
1707 1711 1789 1746 νόμος
1804 1711 1872 1747 πρὸς

1086 1759 1136 1794 τὴν
1163 1759 1218 1785 τῶν
1245 1758 1382 1785 Ἰουδαίων
1403 1757 1546 1784 ἀσθένειαν
1565 1757 1653 1784 ἔκειτο
1666 1764 1674 1773 ”
1688 1757 1728 1784 διὸ
1742 1756 1807 1783 ποτὲ
1824 1757 1873 1790 μὲν

1088 1803 1170 1834 αὐτὸς
1196 1803 1354 1838 παραϐῆναι
1384 1802 1578 1836 προσέταττεν,
1593 1801 1631 1833 ὼς
1645 1802 1692 1828 ἐπὶ
1702 1802 1750 1836 τῆς
1763 1803 1792 1829 ὲν
1801 1802 1873 1828 Σαϐ-

1087 1849 1161 1884 6άτῳ
1172 1849 1329 1884 πολιορκίας
1343 1847 1484 1884 Ἱεριχοῦς,
1500 1848 1547 1874 καὶ
1557 1848 1605 1875 νῦν
1620 1847 1664 1874 διὰ
1677 1848 1802 1883 κοράκων
1812 1849 1874 1882 τρέ-

1088 1904 1145 1930 φων
1155 1894 1249 1921 Ἠλίαν
1259 1903 1266 1910 ·
1300 1894 1365 1920 ποτὲ
1376 1894 1404 1921 δὲ
1416 1895 1472 1925 τοῖς
1486 1894 1519 1920 τὰ
1538 1893 1651 1920 τοιαῦτα
1674 1893 1874 1930 παραϐαίνουσι

1090 1942 1127 1977 μὴ
1141 1941 1326 1977 μεμφόμενος.
1359 1940 1478 1975 Σαμψὼν
1505 1940 1559 1975 γὰρ
1579 1940 1623 1967 διὰ
1650 1940 1698 1976 μὲν
1723 1940 1772 1974 τὴν
1788 1940 1874 1975 μέθην

1089 1988 1136 2014 καὶ
1161 1987 1210 2022 τὴν
1225 1986 1351 2021 λαγνείαν
1370 1985 1514 2021 ἐγυμνώθη
1531 1986 1581 2020 τῆς
1595 1985 1716 2021 χάριτος.
1729 1985 1828 2020 Φαγὼν
1841 1986 1874 2021 δὴ

1089 2033 1119 2060 τὸ
1133 2035 1165 2060 ὲκ
1179 2032 1227 2060 τοῦ
1240 2032 1337 2068 νεκροῦ
1347 2032 1455 2064 λέοντος
1479 2032 1552 2067 μέλι,
1564 2032 1732 2068 κατηγορίας
1745 2032 1794 2059 οὐκ
1812 2032 1876 2059 ἐτυ-

1088 2089 1145 2116 χεν.
1164 2080 1220 2106 Καὶ
1234 2080 1291 2110 τοῖς
1305 2078 1393 2113 ἁγίοις
1404 2077 1433 2104 δὲ
1450 2078 1608 2113 προσῖόντες
1623 2078 1664 2109 είς
1678 2077 1766 2113 πάλην
1782 2078 1806 2104 oi
1816 2078 1876 2106 δαί-

1090 2134 1181 2162 μονες,
1195 2125 1294 2160 νοητῆς
1304 2124 1409 2159 τροφῆς
1422 2124 1503 2151 αῐτιοι
1521 2123 1653 2158 γίνονται,
1669 2124 1877 2159 στηριζομένοις

1090 2173 1184 2204 αὐτοῖς
1202 2171 1252 2206 τὴν
1275 2171 1399 2206 καρδίαν,
1426 2171 1474 2198 καὶ
1504 2170 1719 2206 γυμναζομένοις
1744 2171 1794 2206 τὴν
1806 2170 1875 2202 ἕξιν.

1090 2215 1141 2245 Ὧν
1156 2219 1230 2245 ἐστιν
1245 2219 1262 2253 ἡ
1277 2217 1375 2252 στερεὰ
1396 2216 1484 2252 τροφὴ
1504 2217 1553 2243 καὶ
1565 2216 1710 2252 ἀθλητική.
1725 2217 1805 2248 Ἤτις
1819 2216 1876 2249 ἕξις

253 2258 318 2286 dum
339 2258 392 2293 ipsi
410 2258 495 2286 corde
510 2259 666 2292 ﬁrmantur,
687 2262 716 2287 et
739 2259 836 2286 habitu
852 2266 1035 2298 exercentur;

1091 2264 1157 2299 ἡμῖν
1172 2262 1241 2298 μετὰ
1253 2261 1353 2293 πολλὰς
1369 2261 1521 2295 ἐπιγίνεται
1536 2261 1625 2294 πάλας
1636 2261 1668 2288 τὸ
1683 2262 1804 2289 δειλινόν.

253 2313 372 2342 quorum
393 2310 436 2333 est
452 2306 530 2333 lirma
545 2306 686 2340 alimonia,
700 2309 728 2334 et
742 2307 885 2341 athletice,
899 2309 947 2344 qui
964 2310 1074 2340 babitus
1097 2314 1194 2346 postea
1211 2309 1242 2337 ﬁt
1263 2311 1291 2337 in
1310 2309 1393 2337 nobis
1426 2313 1488 2344 post
1523 2310 1612 2338 luctas
1649 2310 1752 2338 multas
1784 2317 1878 2344 pome-

254 2352 366 2379 ridiano
381 2356 516 2386 tempore.

290 2398 373 2426 Vens.
390 2398 418 2425 9.
433 2397 466 2425 In
479 2397 628 2432 Sarephtha
636 2397 765 2436 Sidoniae.
780 2399 814 2427 Et
828 2407 914 2436 quare
931 2402 963 2430 ad
978 2403 1041 2432 alie-

255 2445 382 2478 nigenam
398 2444 410 2471 ?
427 2444 552 2479 ejusdem
569 2444 644 2472 enim
668 2444 756 2480 culpae
783 2446 865 2477 etiam
895 2448 949 2475 hoc
977 2449 1041 2478 luit.

257 2490 331 2518 Deus
348 2491 421 2518 enim
435 2490 675 2517 conversationem
691 2497 753 2517 cum
771 2491 938 2527 alienigenis
947 2494 1042 2528 prohi-

257 2536 356 2563 buerat
365 2538 478 2569 propter
489 2533 646 2562 Iudaeorum
664 2534 892 2568 imbecillitatem,
905 2544 986 2571 quam
1001 2537 1043 2566 eis

257 2581 443 2616 permisisset,
461 2581 483 2608 si
499 2580 569 2607 ﬁrmi
588 2580 755 2608 exsistentes
769 2580 836 2616 ipsis
850 2582 981 2617 prodesse
996 2591 1044 2618 po-

257 2626 389 2659 tuissent,
402 2625 631 2660 quemadmodum
645 2625 719 2653 Elias
730 2625 956 2660 propheta.ilanc
971 2629 1043 2656 enim

260 2672 287 2699 in
299 2671 359 2706 lege
389 2670 495 2698 vitandi
519 2670 679 2697 commercii
699 2670 914 2706 alienigenarum
931 2677 1043 2698 causam

261 2716 351 2750 aliert,
367 2724 402 2743 ne
415 2716 590 2743 fornicentur
605 2723 668 2742 cum
698 2715 752 2743 diis
770 2716 903 2750 ipsorum,
929 2721 977 2743 aut
999 2716 1045 2744 ﬁlii

261 2762 346 2789 Israel
376 2762 418 2789 vel
435 2761 500 2789 tiliae
516 2760 622 2795 nuptiis
639 2768 700 2788 cum
716 2761 809 2796 impiis
828 2762 979 2789 contractis
999 2769 1045 2790 se-

260 2809 409 2836 ducantur.
429 2807 566 2834 Caeterum
594 2806 683 2841 reipsa
705 2807 787 2834 etiam
814 2807 880 2835 Eliae
899 2807 1046 2836 ostendere

261 2855 360 2888 voluit,
375 2861 458 2889 quam
481 2852 574 2888 indiga
602 2853 639 2880 sit
662 2860 755 2881 rerum
776 2854 899 2882 omnium
926 2854 1045 2882 humana

262 2906 373 2936 natura,
387 2901 505 2937 primum
516 2899 623 2936 quidem
640 2899 674 2928 ad
689 2903 838 2928 torrentem
853 2900 942 2936 ipsum
959 2900 1045 2929 dedu-

1125 2401 1176 2434 Εἰς
1190 2399 1346 2434 Σαρεφθὰν
1360 2398 1428 2433 ’τῆς
1449 2399 1604 2433 Σιδωνίας.
1627 2400 1682 2426 Καὶ
1709 2399 1752 2426 διὰ
1768 2399 1795 2426 τί
1809 2399 1878 2435 πρὸς

1092 2444 1257 2479 ἀλλόφυλονς
1275 2443 1323 2479 τῆς
1339 2443 1424 2478 αὐτῆς
1453 2444 1543 2475 αἰτίας
1559 2446 1606 2471 καὶ
1620 2444 1710 2471 τοῦτο.
1731 2444 1878 2471 Κεκώλυκε

1092 2490 1146 2525 γὰρ
1170 2489 1220 2525 τὴν
1244 2488 1313 2524 πρὸς
1343 2488 1510 2523 ἀλλοφύλους
1526 2489 1679 2524 ἐπιμιξίαν,
1707 2490 1750 2517 διὰ
1761 2490 1810 2525 τὴν
1823 2490 1879 2517 τῶν

1099 2536 1235 2563 Ἰουδαίων
1264 2535 1406 2562 ἀσθένειαν
1419 2555 1427 2566 ,
1449 2535 1485 2571 ἣν
1506 2535 1539 2562 ἂν
1564 2536 1723 2571 ἐπέτρεψεν,
1740 2537 1764 2563 εί
1779 2537 1880 2572 ἑδραῖοι

1093 2582 1170 2613 δντες
1195 2580 1311 2614 ὠφελεῖν
1324 2580 1445 2612 ἐκείνους
1458 2580 1610 2615 ἠδύναντο,
1638 2581 1764 2617 καθάπερ
1782 2583 1796 2609 ό
1810 2591 1879 2618 προ-

1096 2627 1185 2662 φήτης
1196 2626 1302 2658 Ἦλίας.
1330 2626 1439 2661 Ταύτην
1455 2627 1510 2661 γὰρ
1522 2628 1551 2653 ὲν
1565 2627 1604 2662 τῷ
1617 2628 1692 2663 νόμῳ
1704 2628 1755 2662 τῆς
1768 2628 1881 2663 ἀμιξίας

1096 2673 1186 2699 αἰτίαν
1215 2671 1292 2707 φησὶ,
1309 2671 1339 2698 τὸ
1356 2671 1393 2707 μὴ
1411 2671 1595 2708 ἑκπορνεῦσαι
1620 2673 1690 2709 πρὸς
1711 2673 1774 2705 τοὺς
1803 2674 1882 2705 θεοὺς

1096 2718 1198 2751 αὐτῶν,
1211 2718 1228 2753 ἣ
1245 2718 1308 2750 τοὺς
1327 2718 1402 2749 υίοὺς
1418 2718 1481 2750 τοὺς
1493 2718 1521 2751 ἐξ
1534 2719 1656 2754 Ἰσραὴλ,
1674 2719 1691 2754 ἢ
1704 2719 1753 2750 τὰς
1769 2719 1884 2753 θυγατέο

1099 2772 1159 2799 ρας,
1176 2763 1323 2798 γινομένης
1336 2763 1498 2799 ἐπιγαμίας.
1515 2764 1596 2791 Ἀλλὰ
1610 2765 1657 2791 καὶ
1667 2764 1713 2792 διὰ
1725 2764 1779 2791 τῶν
1793 2765 1883 2800 ἔργων

1095 2809 1211 2844 ἠθέλησε
1238 2809 1317 2835 Ἠλία
1335 2808 1420 2841 δεῖξαι
1444 2809 1643 2844 δαπανωμένην
1667 2810 1717 2844 τὴν
1742 2810 1883 2846 ἀνθρωπό-

1095 2854 1304 2889 τητα·πρῶτον
1330 2854 1380 2889 μὲν
1404 2855 1445 2886 είς
1461 2855 1629 2890 χειμάρρουν
1649 2855 1731 2882 αὑτὸν
1755 2854 1881 2890 ἀγαγὼν,

1096 2897 1145 2925 καὶ
1161 2899 1280 2934 ποιήσας
1307 2897 1399 2935 ξηρόν.
1415 2897 1482 2926 Εἶτα
1507 2899 1576 2934 πρὸς
1588 2899 1678 2935 χήραν
1694 2900 1760 2935 μιᾶς
1774 2900 1881 2936 ἡμέρας
