2079 3161
268 169 333 201 Ilii

936 172 1112 205 PROCOPII
1129 174 1250 205 GAZ/EI

1830 170 1901 205 1172

302 229 386 257 Vens.
406 229 452 257 23.
469 229 504 256 Et
518 229 617 266 eligam
633 229 685 258 sibi
698 230 764 266 ipsis
781 240 873 260 unum.
887 232 979 266 Quare
993 241 1056 268 per-

1143 234 1199 261 Καὶ
1223 232 1459 265 ἐκλεεάσθωσαν
1488 227 1608 262 ἑαυτοῖς
1632 228 1687 256 τὸν
1711 227 1806 255 τόπον
1829 227 1898 254 ἕνα.

268 276 354 308 misit,
381 280 411 303 nt
433 275 592 304 sacerdotes
605 276 671 304 Baal
689 277 819 313 pinguem
841 278 937 306 bovem
956 278 1057 314 delige-

268 324 346 353 rent,
365 325 393 348 et
404 321 485 356 primi
510 321 678 350 sacrilicium
700 323 851 351 oﬂ'e'rrent?
877 321 1056 352 Manifestum

267 371 311 395 est
332 367 421 400 illum,
441 367 489 402 qui
512 375 609 397 revera
623 367 696 397 Deus
715 374 769 402 est,
783 369 889 398 nullius
900 370 998 398 horum
1015 370 1058 398 in-

268 413 372 449 digere.
388 413 429 441 Illi
445 419 538 442 autem
549 415 653 443 dicturi
667 420 746 443 erant
762 416 828 444 Baal
846 425 902 445 non
916 418 1059 454 accepisse

269 455 450 492 sacriﬁcium,
471 465 616 495 propterea
633 462 708 497 quod
721 469 794 497 aegre
805 463 911 496 tulerit,
927 471 958 492 se
977 461 1058 492 alteri

269 512 326 533 non
355 506 498 541 praelatum
515 506 612 535 fuisse.

305 550 390 580 Vsus.
404 551 449 579 52.
465 551 501 579 Et
509 553 651 588 tediﬁcavit
663 553 760 582 altare.
773 554 931 588 Quomodo,
940 563 1003 583 cum
1015 556 1059 584 lex

271 597 413 633 praecipiat
438 602 467 626 ut
490 599 573 627 unico
596 599 623 627 in
657 601 720 628 loco
737 598 875 629 sacriﬁcia
897 601 1058 634 offerantur,

271 642 347 671 Elias
366 644 395 671 in
413 644 636 674 Carmeloaltare
647 648 810 674 exstruxit?
828 657 837 674 ι
856 644 935 675 Iusto
948 648 990 675 lex
1003 655 1059 676 non

271 695 315 717 est
330 690 524 726 posita,juxta
542 691 635 719 divum
651 693 813 728 Apostolum
826 693 861 726 “,
889 695 937 722 sed
955 694 1060 730 iniquis

272 739 300 762 et
320 736 516 772 immorigeris.
538 747 547 763 ι
568 737 670 771 Quales
693 739 833 767 Israelitas
856 748 919 768 esse
934 741 1059 777 contigit.

273 782 320 816 qui
336 782 438 818 ubique
450 785 634 812 sacriﬁcaturi
644 790 734 819 erant,
746 787 769 814 si
778 786 968 822 impunitatem
995 788 1060 816 ade-

273 828 311 862 pti
333 827 451 857 fuissent
463 834 507 862 ,et
523 831 607 858 etiam
625 831 764 860 daemones
788 832 901 860 culturi.
923 832 1060 868 Propheta

273 878 365 901 autem
385 875 480 903 volens
490 876 635 905 ostendere
651 885 706 905 non
718 878 808 906 solum
822 878 869 906 Dei
880 879 1008 906 virtutem
1031 885 1059 908 et

273 920 437 953 potentiam,
462 922 509 949 sed
533 922 614 949 etiam
641 922 797 950 damouum
832 923 1059 956 imbecillitatem.
1078 913 1098 940 Β

273 972 355 996 eum,
377 964 466 993 diviso
491 974 586 1001 regno,
602 967 676 1000 illos,
695 968 742 1003 qui
765 973 914 1003 prtesentes
935 973 1014 997 erant
1033 970 1061 998 in

274 1010 407 1045 templum
421 1010 703 1048 Ilierosolymitanum
721 1014 857 1042 deducere
878 1023 933 1042 nou
962 1016 1061 1051 potuit,

274 1055 440 1084 necessitate
451 1056 577 1090 adactus,
590 1058 664 1085 venit
678 1058 706 1085 in
723 1058 896 1093 Carmelum;
914 1060 951 1088 ibi
969 1060 1062 1096 plures

274 1100 480 1135 disputationes
492 1103 622 1130 habebat.

311 1144 395 1173 Vens.
422 1146 469 1174 52.
491 1146 566 1175 Fecit
590 1148 705 1176 Thaala.
727 1148 876 1186 Iosephus,
901 1149 1060 1188 δεξαμενήν,

274 1191 409 1218 canalem.

310 1237 393 1265 Vens.
414 1237 459 1265 34.
475 1238 563 1267 Tettio
582 1241 621 1268 sic
636 1240 729 1276 facile.
750 1241 852 1270 Iterum
873 1242 995 1270 ostendit
1013 1251 1063 1270 nu-

274 1290 382 1311 merum
397 1284 545 1313 adorandze
561 1286 720 1316 Trinitatis.

312 1329 395 1358 Vens.
418 1331 463 1359 38.
482 1331 517 1359 Et
542 1332 656 1367 lapides,
677 1339 703 1361 et
721 1334 854 1369 pulverem
868 1335 962 1362 elinxit
982 1335 1062 1370 ignis.

274 1374 313 1403 Ne
328 1376 416 1404 altare
435 1376 484 1404 Dei
501 1378 639 1406 dedecore
655 1379 821 1413 allii-eretur,
844 1388 907 1408 cum
923 1380 999 1416 impii
1017 1387 1064 1408 sa-

275 1421 379 1450 criﬁcia
395 1422 566 1452 daemonibus
578 1423 722 1453 oll‘errent.

589 1513 666 1542 CAP.
681 1510 754 1542 XIX.

1111 279 1190 310 Τίνος
1204 278 1286 306 ἕνεκα
1299 279 1356 310 τοῖς
1375 277 1478 313 ἱερεῦσι
1502 275 1548 303 τοῦ
1563 275 1639 302 Βαὰλ
1661 274 1707 301 τὸν
1729 273 1808 301 πίονα
1833 272 1900 308 βοῦν

1111 324 1274 357 ἐκλέξασθαι
1299 324 1348 351 καὶ
1365 323 1485 359 πρώτοις
1499 321 1655 349 ἐπιτελέσαι
1671 319 1720 356 τὴν
1737 319 1833 346 θυσίαν
1850 319 1901 345 ἐπ-

1111 370 1226 405 έτρεψεν
1235 370 1289 403 ;_"H
1299 370 1379 405 δῆλον
1391 369 1429 400 ὼς
1442 369 1457 395 6
1470 367 1521 404 μὲν
1538 367 1623 398 ὅντως
1632 366 1700 398 Θεὸς
1715 365 1823 397 οὐδενὸς
1835 364 1901 391 τού-

1111 425 1166 443 των
1182 417 1258 443 ἐστὶν
1274 416 1377 451 ὲνδεής.
1396 416 1427 442 Οἱ
1450 415 1479 441 δὲ
1506 413 1597 447 λέγειν
1616 411 1746 448 ήμελλον,
1764 411 1801 443 ὡς
1818 410 1901 446 χαλε-

1111 462 1218 490 παίνων
1228 464 1241 489 6
1253 460 1338 496 Βαὰλ,
1350 461 1388 494 ὡς
1403 460 1441 498 μὴ
1453 459 1646 496 προτιμηθείς,
1658 457 1709 485 οὐκ
1723 458 1833 491 ἐδέξατο
1850 457 1903 493 τὴν

1113 507 1222 535 θυσίαν.

1147 554 1203 581 Kal
1218 553 1395 588 ᾠκοδόμησε
1407 552 1479 586 τοὺς
1490 553 1606 586 λίθους.
1618 550 1673 579 Ka‘t
1687 550 1746 582 πῶς
1755 549 1803 577 τοῦ
1817 549 1902 584 νόμου

1112 598 1322 635 διαγορεύοντος
1344 599 1373 625 ὲν
1390 598 1431 625 ἐνὶ
1447 599 1542 634 τρόπῳ
1558 597 1714 632 λατρεύειν,
1731 597 1745 624 6
1762 595 1858 627 Ἠλίας
1872 596 1903 622 ὲν

1112 645 1151 681 τῷ
1167 645 1310 681 Καρμήλῳ
1338 643 1533 680 θυσιαστήριον
1557 645 1739 680 ᾠκοδόμησες
1769 653 1779 670 ι
1798 642 1904 677 Δικαίῳ

1112 694 1196 730 νόμος
1212 694 1242 721 οὐ
1263 695 1364 727 κεῖται,
1383 695 1454 721 κατὰ
1472 694 1518 721 τὸν
1549 693 1620 721 θεῖον
1639 692 1815 722 Ἀπὸστολον.
1838 690 1905 718 ἀνό-

1114 748 1176 776 μοις
1193 739 1223 767 δὲ
1248 739 1297 766 καὶ
1310 739 1520 771 ἀνυποτάκτοις.
1541 748 1551 765 ι
1569 738 1650 770 Οἴους
1666 735 1738 765 εἶναι
1759 736 1904 763 πνέόαινε

1113 785 1177 818 τοὺς
1192 785 1221 818 ἐξ
1235 785 1355 821 Ἰσραήλ.
1371 785 1426 812 Καὶ
1436 785 1484 812 τοῦ
1500 784 1639 820 πανταχοῦ
1655 783 1729 810 θύειν
1745 782 1823 818 εἴπερ
1839 781 1905 808 ἐλα-

1114 831 1161 858 ϐον
1173 831 1276 862 ἄδειαν,
1293 829 1412 866 ἤμελλον
1434 829 1578 864 λατρεύειν
1599 829 1647 855 καὶ
1665 828 1803 863 δαίμοσιν.
1829 826 1860 853 '0
1875 825 1904 852 δὲ

1114 877 1257 913 προφήτης
1278 876 1438 912 βουλόμενος
1453 875 1539 908 δεῖξαι
1556 875 1604 901 καὶ
1618 873 1665 901 τοῦ
1685 873 1754 900 Θεοῦ
1773 873 1804 900 τὺ
1818 873 1905 899 δυνα-

1112 922 1169 954 τὸν,
1182 922 1229 948 καὶ
1243 921 1298 948 τῶν
1323 920 1460 956 δαιμόνων
1487 920 1517 946 τὸ
1532 918 1655 951 ἀσθενὲς,
1681 918 1778 953 ἐπειδὴ
1804 918 1904 954 διῃρη-

1113 967 1199 1003 μένης
1211 966 1261 1002 τῆς
1276 965 1416 1001 βασιλείας
1428 965 1477 1000 οὐχ
1492 962 1548 997 οἷός
1563 973 1593 991 τε
1608 963 1642 1000 ἦν
1656 964 1733 999 ἄγειν
1746 964 1809 996 τοὺς
1831 970 1905 998 παρ·

1113 1013 1193 1044 ύντας
1218 1013 1258 1043 είς
1283 1012 1329 1038 τὸν
1354 1011 1383 1038 ἐν
1403 1010 1602 1046 Ἰεροσολύμοις
1629 1009 1716 1042 νεὼν,
1742 1009 1905 1044 ἀναγκαίως

1112 1058 1196 1096 ἦλθεν
1213 1058 1262 1085 ἐπὶ
1277 1057 1324 1085 τὸν
1337 1056 1498 1093 Κάρμηλον,
1509 1056 1574 1084 ἔνθα
1585 1057 1635 1089 τὰς
1643 1056 1771 1089 πλείονας
1784 1057 1906 1083 ἐποιεῖτο

1113 1105 1268 1141 διατριϐάς.

1149 1151 1293 1187 Ἐποίησε
1310 1150 1421 1179 Θααλά.
1437 1150 1603 1186 Ἰώσηππος,
1616 1148 1794 1184 δεξαμενήν.

1152 1241 1367 1276 Τρισσεύσατε.
1391 1240 1448 1275 Τῆς
1463 1239 1657 1276 προοκυνητῆς
1678 1238 1795 1274 Τριάδος
1821 1237 1906 1265 πάλιν

1113 1288 1244 1323 ἐμφαίνει
1260 1288 1306 1314 τὸν
1318 1286 1445 1323 ἀριθμόν.

1146 1334 1202 1362 Καὶ
1216 1333 1288 1367 τοὺς
1300 1333 1418 1366 λίθους,
1429 1333 1478 1360 καί
1490 1333 1545 1360 τὸν
1558 1332 1636 1367 χοῦν
1647 1331 1781 1364 ἐξέλειξε
1793 1331 1824 1358 r6
1831 1331 1903 1365 πῦρ.

1115 1380 1198 1407 ’Ὥστε
1214 1380 1252 1415 μὴ
1267 1378 1486 1414 καθυϐρισθῆναι
1500 1378 1532 1405 τὸ
1546 1377 1618 1405 θεῖον
1629 1376 1837 1413 θυσιαστήριον,
1851 1377 1906 1403 τῶν

1113 1425 1255 1453 δυσσεδῶν
1276 1425 1391 1453 ἐκείνων
1415 1423 1627 1460 προσφερόντων
1647 1422 1743 1455 θυσίας
1764 1423 1823 1455 τοῖς
1841 1422 1906 1449 δαί-

1116 1479 1206 1508 μοσιν.

1408 1516 1536 1544 ΚΕΦΑΛ.
1555 1515 1607 1543 ῐΘ¹.

312 1558 394 1587 Vens.
412 1557 439 1587 3.
458 1561 492 1587 Et
506 1560 595 1587 timuit
610 1560 700 1589 Elius.
719 1561 863 1594 Quomodo
877 1569 940 1589 cum
955 1566 1061 1591 tantam

1152 1563 1206 1591 Kal
1221 1562 1354 1598 ἐφοϐήθη
1374 1562 1486 1595 Ἠλίας.
1502 1560 1558 1588 Καὶ
1585 1560 1655 1594 πῶς,
1679 1560 1818 1594 τοσαύτην
1836 1559 1905 1594 ἔχων

274 1604 391 1633 haberet
409 1606 558 1641 potentiam
576 1611 604 1635 et
626 1608 781 1635 virtutem?
802 1608 871 1642 Quia
898 1617 952 1637 non
973 1609 1064 1637 solum

276 1652 411 1688 propheta
437 1658 510 1687 erat,
537 1653 586 1682 sed
610 1654 693 1682 etiam
710 1654 802 1682 homo.
821 1654 960 1682 Praeterea
976 1659 1065 1682 metus

276 1698 322 1725 hic
333 1698 435 1726 divine
451 1698 669 1734 dispensationis
689 1698 752 1727 fuit.
771 1699 881 1727 Etenim
896 1707 931 1727 ne
945 1704 999 1727 tam
1014 1699 1066 1727 mi-

276 1743 398 1771 raculosi
419 1744 512 1778 operis
527 1745 693 1779 magnitudo
712 1752 775 1772 eum
791 1744 956 1772 insolentem
969 1743 1066 1772 redde-

276 1793 331 1821 ret,
347 1789 435 1823 gratia
452 1788 500 1817 Dei
519 1794 622 1816 metum
635 1789 659 1817 ei
677 1790 786 1822 indidit,
805 1793 834 1817 ut
850 1797 929 1818 suam
940 1789 1064 1817 imbecil-

276 1833 380 1861 litatem
396 1838 590 1869 cognosceret.

311 1878 397 1907 Vens.
416 1879 459 1907 Il.
474 1879 540 1907 Ecce
554 1879 682 1907 Dominus
708 1879 843 1907 transibit.
864 1880 963 1907 Docuit
977 1879 1064 1907 EIiam

277 1925 492 1953 mansuetudine
516 1930 543 1952 et
579 1925 788 1961 longanimitate
818 1926 898 1962 537
919 1926 1063 1959 excellere,

277 1977 302 1999 et
316 1971 443 2006 probavit
454 1979 541 2006 genus
563 1972 715 2000 hominum.
735 1972 813 2004 Item,
829 1973 902 2007 quod
918 1972 1000 2000 facile
1012 1972 1065 2000 sibi

277 2017 313 2044 sit
333 2021 361 2044 et
384 2017 502 2044 fulmina
526 2017 693 2051 demittere,
717 2021 745 2045 et
769 2023 871 2046 terram
896 2023 1064 2051 concutere,

276 2070 396 2097 eamque
425 2062 518 2097 impiis
538 2066 653 2097 repente
675 2062 835 2098 sepulcrum
859 2062 1015 2096 ostendere,
1039 2066 1066 2090 et

277 2108 425 2142 spirituum
434 2108 461 2135 vi
476 2108 570 2136 omnia
588 2107 712 2144 perdere.
724 2108 778 2136 Sed
789 2109 984 2144 longanimitas
998 2109 1066 2136 mihi

277 2155 378 2190 placet,
394 2155 495 2190 inquit.
515 2154 747 2190 Unumquemque
762 2162 829 2183 vero
846 2155 965 2183 aliorum
975 2155 1066 2182 homi-

278 2209 344 2228 quu
359 2201 462 2228 malitia
479 2201 572 2228 trahit.
589 2200 667 2234 Quod
683 2208 749 2228 vero
760 2200 834 2228 Deus
851 2201 953 2228 veteris
966 2201 1065 2228 Testa-

1114 1609 1165 1645 τὴν
1188 1608 1322 1644 δύναμιν;
1344 1607 1407 1636 Ὀτι
1436 1608 1467 1634 οὺ
1480 1608 1560 1643 μόνον
1574 1608 1736 1644 προφήτης,
1761 1605 1834 1634 ἀλλὰ
1856 1606 1906 1632 καὶ

1115 1656 1259 1692 ἄνθρωπος
1277 1653 1322 1691 ἦν.
1340 1654 1446 1687 ¹Ἀλλως
1464 1663 1495 1681 τε
1512 1654 1561 1682 καὶ
1582 1655 1634 1689 τῆς
1651 1653 1728 1685 θείας
1745 1650 1780 1688 ἦν
1799 1652 1905 1679 οῑχονοο

1117 1703 1182 1738 μίας
1203 1702 1235 1729 τὸ
1259 1702 1329 1734 δέος.
1345 1702 1406 1729 Ἵνα
1427 1701 1483 1736 γὰρ
1506 1700 1545 1737 μὴ
1567 1701 1617 1736 τῆς
1636 1699 1863 1735 θαυματουργίας
1876 1698 1905 1724 τὸ

1118 1747 1235 1784 μέγεθος
1253 1747 1346 1783 ἐπάρῃ
1361 1747 1392 1774 τὺ
1404 1747 1543 1782 φρόνημα,
1565 1746 1712 1773 ὲνδέδωκεν
1737 1746 1755 1780 ὴ
1776 1745 1859 1780 χάρις
1872 1744 1904 1778 τῇ

1115 1795 1197 1829 φύσει
1217 1793 1267 1829 τὴν
1291 1793 1393 1820 δειλίαν
1419 1792 1654 1827 είσδέξασθαι,ὠς
1669 1791 1701 1819 ἂν
1726 1789 1833 1825 ἐπιγνῷ
1855 1789 1905 1825 τὴν

1115 1840 1221 1868 οἰκείαν
1236 1839 1392 1867 ἀσθένειαν.

1153 1885 1233 1913 Ἰδοὺ
1246 1885 1353 1920 Κύριος
1367 1882 1724 1920 παρελεύσεται.Ἐδίδαξε
1739 1882 1785 1909 τὸν
1797 1881 1902 1915 Ἠλίαν,

1116 1930 1155 1963 ὡς
1167 1930 1320 1966 ήμερότητι
1337 1930 1384 1957 καὶ
1401 1929 1579 1966 μακροθυμίᾳ
1610 1927 1792 1963 πρυτανεύειν
1816 1926 1903 1954 ὲδοχί-

1119 1985 1190 2012 μασε
1209 1976 1264 2003 τῶν
1287 1975 1440 2011 ἀνθρώπων
1463 1975 1494 2001 τὸ
1516 1975 1606 2009 γένος.
1631 1974 1686 2001 Καὶ
1705 1974 1748 2001 ὅτι
1766 1973 1858 2010 ῥᾴδιον
1872 1969 1905 2006 ἦν

1116 2021 1202 2057 αὐτῷ,
1216 2021 1265 2049 καὶ
1282 2019 1430 2057 κεραυνοὺς
1450 2021 1617 2056 ἐπιπέμψαι,
1634 2020 1682 2047 καὶ
1705 2019 1838 2054 κλονῆσαι
1857 2018 1904 2051 τὴν

1116 2066 1180 2101 γῆν,
1209 2066 1256 2093 καὶ
1281 2067 1337 2098 τοῖς
1369 2065 1498 2092 ἀσεΰέσιν
1525 2064 1665 2097 ἀποδεῖξαι
1694 2065 1781 2098 τάφον
1823 2061 1904 2096 αὐτὴν

1116 2112 1308 2148 αὐτοσχέδιον,
1347 2111 1395 2139 καὶ
1428 2111 1475 2147 βίᾳ
1506 2111 1673 2146 πνευμάτων
1706 2109 1842 2136 ἀπολέσαι
1875 2108 1904 2134 τὸ

1118 2159 1182 2185 πᾶν.
1226 2157 1298 2184 Ἀλλ’
1336 2157 1353 2191 ἠ
1394 2156 1572 2192 μακροθυμία
1614 2164 1661 2190 μοι
1704 2154 1781 2190 φίλη,
1813 2153 1904 2189 φησίν.

1118 2203 1256 2230 "Euan-10v
1283 2203 1312 2230 δὲ
1323 2201 1376 2229 τῶν
1391 2201 1479 2229 ἄλλων
1501 2203 1517 2237 ἡ
1534 2201 1654 2236 πονηρία
1680 2200 1736 2227 τῶν
1756 2200 1906 2236 ἀνθρώπων

282 2247 368 2274 menti
389 2255 442 2274 non
468 2247 504 2275 sit
521 2247 604 2282 Ignis,
619 2246 693 2274 Elias
708 2246 832 2279 docetur,
853 2251 881 2274 et
901 2254 950 2281 per
974 2247 1064 2282 ipsum

1117 2249 1272 2284 ἐφέλκεται.
1291 2248 1353 2275 Ὀτι
1381 2247 1411 2274 δὲ
1441 2247 1471 2274 οὐ
1500 2246 1557 2283 πῦρ
1574 2248 1589 2274 6
1609 2247 1659 2282 τῆς
1675 2246 1799 2278 Παλαιᾶς
1824 2245 1904 2277 Θεὸς,

281 2300 332 2321 nos
354 2300 463 2325 omnes,
487 2293 536 2320 sed
561 2300 652 2327 neque
672 2299 740 2320 aura
760 2293 863 2321 tenuis.
881 2292 932 2320 Per
960 2297 1067 2320 tenuem

280 2345 344 2365 vero
360 2345 456 2365 auram
470 2337 573 2366 dicitur
585 2337 693 2365 adesse.
706 2337 775 2365 Cum
789 2339 862 2365 enim
875 2337 903 2364 in
919 2337 1070 2374 caliginosa

282 2385 358 2412 nube
381 2389 409 2412 et
440 2384 504 2419 igne
528 2384 593 2412 tiliis
619 2383 705 2411 Israel
729 2383 901 2419 apparuerit,
924 2383 1070 2412 inveniens

280 2429 367 2458 Eliam
390 2430 585 2458 sublimiorum
605 2437 750 2465 capacem,
766 2437 827 2458 eum
841 2430 868 2457 in
881 2429 1008 2457 notitiam
1026 2430 1070 2457 in-

279 2477 408 2512 corporei
426 2476 569 2510 subduxit,
589 2484 604 2503 a
625 2481 794 2509 terraemotu,
820 2484 835 2503 a
861 2476 973 2511 spiritu,
990 2481 1018 2504 et
1037 2476 1071 2504 ab

280 2522 343 2556 igne
361 2522 395 2550 ad
421 2526 532 2550 tenuem
549 2530 659 2550 auram.
688 2522 717 2550 Id
743 2523 816 2558 quod
843 2521 924 2550 aliine
945 2528 988 2550 est
1011 2523 1072 2551 voci

281 2567 438 2596 Servatoris
454 2577 461 2596 :
476 2577 486 2594 ‹
509 2567 582 2596 Deus
598 2568 716 2604 spiritus
731 2569 820 2597 est”.
845 2578 855 2595 ι

316 2655 400 2684 Vens.
418 2656 462 2684 I9.
477 2656 576 2692 Injecit
595 2657 709 2691 pallium
733 2666 811 2685 suum
826 2665 905 2693 super
926 2667 996 2687 eum.
1012 2659 1069 2687 Cur

280 2701 441 2736 Asahelem,
459 2701 541 2734 Jehu,
556 2707 585 2730 et
599 2702 728 2730 Elisa-um
742 2703 840 2738 jussus
854 2712 957 2740 ungere
976 2706 1066 2733 solum

283 2747 443 2782 prophetam
459 2747 562 2775 unxit?
576 2747 671 2776 Gratia
689 2749 774 2785 igitur
788 2750 937 2785 spirituali,
956 2759 1010 2787 qua
1023 2752 1066 2788 ip-

282 2801 343 2820 sum
358 2793 448 2825 unxit,
462 2801 600 2828 quamque
611 2793 639 2821 iu
654 2794 743 2829 ipsum
759 2796 886 2830 contulit,
905 2796 973 2826 alios
985 2790 1067 2826 etiam

316 2879 339 2897 δ’
357 2878 366 2906 I
383 2878 452 2908 Tim.
469 2888 486 2914 ι,
501 2880 526 2908 9.
567 2882 588 2897 ⁸⁵
604 2881 682 2910 Joan.
705 2890 742 2916 tv,
756 2882 802 2911 “li.

1123 2295 1217 2327 Ἠλίας
1232 2294 1400 2327 διδάσκεται,
1413 2293 1461 2320 καὶ
1474 2293 1509 2320 δι’
1524 2293 1608 2320 αὑτοῦ
1622 2293 1724 2324 πάντες
1733 2293 1826 2328 ἡμεῖς.
1838 2291 1906 2318 Ἀλλ’

1118 2339 1181 2367 οὐδὲ
1205 2339 1277 2376 αὖρα
1301 2339 1402 2374 λεπτή.
1428 2339 1467 2366 Δι’
1482 2337 1570 2375 αὖρας
1596 2338 1625 2365 δὲ
1652 2338 1762 2372 λέγεται
1779 2338 1905 2373 παρεῖναι

1118 2385 1232 2421 λεπτῆς.
1255 2385 1334 2412 Ἐπεὶ
1349 2385 1404 2421 γὰρ
1428 2385 1458 2412 ὲν
1485 2385 1580 2420 γνόφῳ
1600 2384 1647 2411 καὶ
1676 2383 1743 2419 πυρὶ
1768 2384 1826 2414 τοῖς
1841 2383 1906 2413 υίοῖς

1126 2431 1235 2467 Ἰσραὴλ
1246 2431 1381 2466 ἐπεφάνη,
1394 2431 1441 2458 τὸν
1461 2431 1556 2458 Ἠλίαν
1569 2430 1659 2465 εὑρὼν
1668 2430 1722 2456 τῶν
1733 2429 1906 2465 ὑψηλοτέρων

1124 2474 1287 2512 χωρητικὸν,
1303 2476 1351 2503 ἐπὶ
1368 2476 1418 2511 τὴν
1433 2475 1481 2503 τοῦ
1493 2476 1641 2511 ἀσωμάτου
1660 2475 1756 2502 τοῦτον
1770 2475 1906 2510 ἀνήγαγεν

1124 2522 1240 2554 ἔννοιαν,
1254 2521 1309 2549 ἀπὸ
1325 2521 1449 2556 σεισμοῦ,
1467 2520 1515 2548 καὶ
1522 2520 1690 2555 πνεύματος,
1704 2520 1751 2546 καὶ
1761 2519 1848 2554 πυρὸς
1862 2518 1907 2544 ἐπὶ

1123 2567 1225 2602 λεπτὴν
1240 2566 1338 2603 αὔραν.
1352 2567 1441 2602 Ὅπερ
1455 2567 1539 2601 ἐγγὺς
1556 2565 1589 2593 ἂν
1600 2566 1644 2602 εἴη
1657 2565 1708 2599 τῆς
1720 2565 1767 2593 τοῦ
1782 2565 1906 2600 Σωτῆρος

1124 2611 1219 2647 φωνῆς
1235 2612 1295 2647 τῆς,
1309 2620 1318 2638 t
1329 2611 1448 2647 Πνεῦμα
1466 2612 1480 2638 6
1496 2611 1588 2642 Θεὸς.»

1157 2657 1213 2685 Kal
1234 2657 1357 2692 ἕρῤιψεν
1377 2657 1424 2684 ἐπ’
1441 2656 1535 2684 αὑτὸν
1557 2656 1614 2690 τὴν
1637 2655 1784 2690 μηλωτὴν
1803 2654 1904 2683 αὐτοῦ.

1121 2704 1154 2732 Τί
1166 2704 1267 2740 δήποτε
1284 2704 1330 2732 τὸν
1343 2703 1453 2740 Ἀζαὴλ,
1464 2703 1510 2731 καὶ
1521 2703 1568 2730 τὸν
1582 2702 1683 2738 Ἰησοῦ,
1696 2702 1745 2729 καὶ
1757 2701 1803 2729 τὸν
1825 2701 1907 2728 Ἐλισ-

1121 2753 1198 2778 σαῖον
1212 2751 1307 2787 χρίσαι
1333 2750 1528 2786 προσταχθεὶς,
1557 2749 1639 2785 μόνον
1660 2749 1754 2785 ἔχρισε
1779 2749 1824 2775 τὸν
1841 2756 1906 2782 προ-

1123 2797 1229 2833 φήτην;
1273 2797 1363 2825 τοίνυν
1375 2797 1484 2833 ἔχρισεν
1498 2796 1590 2829 αὐτὸν,
1599 2796 1648 2823 καὶ
1658 2795 1709 2831 τῆς
1720 2794 1905 2831 πνευματικῆς
