2079 3161
226 142 296 180 1173
701 125 966 177 communem
1000 146 1013 176 1

1069 148 1133 178 ΑΒ.
1155 148 1202 177 III
1217 149 1361 180 REGUM.
1779 145 1846 181 1174

222 205 298 240 αὐτῷ
310 204 447 240 μετέδωκε
458 204 570 239 χάριτος
583 203 673 240 ταύτῃ
682 203 731 230 καὶ
745 203 810 234 τοὺς
827 202 923 234 ἄλλους
937 202 997 237 ἑχρι
1006 216 1012 222 -

1069 204 1155 231 unxit.
1167 203 1357 240 Proplieticam
1370 205 1442 233 enim
1454 205 1490 233 ab
1502 205 1562 240 ipso
1575 205 1691 240 gratiam
1708 207 1846 240 εις-ιιὶνὶι-ιις

223 259 265 278 σε.
279 250 336 286 Τήν
349 249 525 285 προφητικὴν
544 248 599 284 γὰρ
619 248 685 283 παρ’
700 247 783 275 αὐτοῦ
803 247 948 282 δεξάμενος
962 247 1009 282 χά-

1069 250 1153 276 ιιιιιιῆι
1170 251 1224 278 illis
1238 253 1411 285 unctionem,
1424 256 1451 280 et
1464 252 1595 288 gratiam,
1608 260 1668 287 qua:
1681 253 1708 280 in
1724 261 1786 288 rege
1803 261 1847 281 re-

224 305 277 332 ριν,
293 295 483 331 προσήνεγκεν
499 295 616 326 ἐκείνοις
630 295 661 321 τὸ
675 294 791 330 χρίσμα,
804 294 852 321 καὶ
868 293 918 329 τῆς
935 294 1012 329 βασι-

1069 296 1193 330 piiritur,
1208 296 1278 331 ipsis
1295 298 1424 326 contulit.

223 343 302 378 λικῆς
318 342 411 373 αὐτοῖς
429 340 569 376 μετέδωκε
586 341 708 376 χάριτος.

522 385 644 413 ΚΕΦΛΔ.
665 383 712 411 K’.

1319 387 1396 416 CAP.
1422 387 1470 415 xx
1490 388 1585 425 [xxx].

259 434 414 467 Εὺλόγηκε
425 432 573 460 Ναϐουθιιὶ
590 431 673 458 Θεόν.
687 430 825 466 Εὐφήμως
849 428 925 457 εἷπεν
951 430 1012 456 ἀντὶ

1098 431 1180 459 Vens.
1198 432 1226 460 5.
1247 432 1380 460 Laudavit
1401 433 1525 462 Nabuth
1550 434 1707 462 Dominum.
1729 434 1848 463 Honeste

222 480 287 513 τοῦ,
317 478 571 513 ἐϐλασφήμησεν.
596 477 652 512 Τὴν
677 477 706 504 δὲ
731 477 859 513 νηστείαν
883 477 1012 511 γενέσθαι

1069 476 1132 504 lixit
1153 485 1202 512 pro
1217 477 1418 513 blasphemauit.
1442 476 1582 515 Jejunium
1594 489 1660 508 vero
1681 481 1764 508 indici
1780 489 1849 516 pra:-

223 525 403 562 προσέταξεν,
422 525 493 552 ὥστε
517 523 605 559 ταύτῃ
626 523 711 556 δεῖξαι
736 523 784 550 τοῦ
808 523 889 558 φόνου
916 522 947 549 τὸ
973 522 1013 549 δίο

1069 523 1148 557 ,‘opit,
1172 526 1202 550 ut
1222 531 1271 558 per
1297 524 1350 551 hoc
1366 524 1467 552 caedem
1483 526 1586 560 instant
1600 533 1662 554 esse
1679 525 1848 554 ostenderet.

223 580 313 599 κιιον.
342 570 397 598 Καὶ
426 569 474 597 διὰ
498 569 596 596 τούτου
621 569 668 596 κα).
697 568 748 603 τῆς
769 568 902 604 συνήθους
930 567 1012 594 αὑτὸν

1069 568 1186 603 Eamque
1201 569 1238 597 ob
1254 576 1367 597 causam
1379 577 1461 605 paena
1475 572 1627 599 constituta
1639 578 1700 598 eum
1713 571 1796 606 jussit
1809 570 1850 597 af-

223 617 368 644 ὲκέλευσεν
393 615 545 651 ἀξιωθῆναι
566 615 665 650 ’τιμῆς⁷
691 616 740 643 καὶ
766 615 944 651 προεδρεύειν
957 614 1013 643 τῶν

1069 615 1117 645 lici,
1138 615 1283 650 magisque
1303 616 1408 651 puniri,
1423 625 1507 652 quam
1522 617 1602 650 alios,
1628 617 1726 645 deinde
1740 624 1848 652 poenam

222 663 322 693 ἄλλων.
337 659 388 688 εἶθ’
403 661 476 688 οὕτω
489 662 540 696 τὴν
563 661 675 696 γραφὴν
691 661 855 696 ὑποστῆναι.

1069 661 1115 688 lioc
1134 660 1216 689 modo
1228 662 1377 690 sustinere.

259 707 399 742 Διέρῤηξε
413 707 450 734 τὰ
464 707 561 742 ἱμάτια
579 705 685 734 αὐτοῦ.
705 706 814 741 Κοῦφος
835 706 873 734 ὣν
895 705 1012 742 ’Δχαὰ6,

1102 707 1183 736 Vens.
1203 708 1249 735 27.
1271 708 1359 736 Scidit
1376 711 1531 738 vestimenta
1552 719 1613 738 ma.
1634 710 1704 743 Quia
1732 710 1800 738 levis
1823 714 1850 737 et

225 753 325 789 ῥᾳδίως
349 753 394 780 ἀεὶ
417 753 616 789 μετετρέπετο·
643 753 704 780 ὅθεν
733 753 815 780 αὑτὸν
838 753 958 785 Ἰεζὰὗελ
972 754 1013 786 εις

1069 754 1228 782 inconstans
1250 759 1312 783 erat
1326 755 1430 788 Achab,
1453 756 1533 784 facile
1553 763 1662 791 semper
1680 756 1850 782 mutabatur.

222 799 304 826 τοῦτο
314 799 481 834 κατέστησεν
495 799 634 830 ἀσεϐείας.
649 799 688 825 Δι’
696 799 765 835 ὅπερ
780 799 796 834 ὴ
813 799 918 835 ἱστορία
929 807 937 816 ο
957 801 1013 827 Δω-

1069 799 1135 827 Hinc
1146 799 1256 828 Jezabel
1272 808 1336 828 eum
1356 800 1384 828 in
1401 805 1505 828 tantam
1531 800 1644 828 deduxit
1672 800 1850 835 impietatem,

226 845 302 880 ρεὰν,
312 845 404 880 φησὶν,
416 845 523 880 ἐπράθη
536 845 649 880 Ἀχαὰὸ,
661 845 707 873 τοῦ
727 845 839 880 ποιῆσαι
848 846 878 872 τὸ
894 846 1013 882 πονηρὸν

1069 851 1093 873 ut
1119 846 1235 875 historia
1259 846 1333 875 dicat
1361 848 1446 883 gratis
1462 847 1650 874 venundatum
1673 853 1745 876 esse.
1765 849 1795 872 ut
1810 845 1852 872 l'a-

226 892 343 919 ὲνὼπιον
360 893 474 928 Κυρίου,
488 892 526 925 ὡς
542 893 709 928 μετέστησεν
722 894 803 921 αὐτὸν
816 893 947 926 Ἰεζάϐελ,
964 895 1012 922 καὶ

1069 896 1141 920 ceret
1165 892 1278 926 malum}
1293 900 1388 921 coram
1418 892 1546 925 Domino,
1573 897 1604 920 ut
1633 891 1776 919 transtulit
1786 898 1850 917 eum

225 937 261 964 τὰ
275 938 349 973 ἑξῆς.
359 937 438 964 Ὅθεν
449 938 574 974 ὀρεχθεὶς
583 938 631 966 τοῦ
648 939 819 974 ἀμπελῶνος,
835 939 954 975 ήλγησεν
965 940 1012 967 ἐπὶ

1069 937 1184 971 Iezabel,
1199 943 1253 966 etc.
1275 938 1346 967 Hinc
1359 946 1421 966 cum
1439 942 1579 974 appeteret
1594 939 1713 970 vineam,
1725 937 1849 964 dolorem

225 982 264 1018 τῷ
275 983 322 1010 τοῦ
335 983 474 1010 Νασουθαὶ
487 983 605 1019 θανάτῳ.

258 1029 314 1056 Καὶ
330 1029 430 1056 πάντα
443 1029 503 1057 ὅσα
513 1030 660 1064 ἐποίησεν
675 1031 692 1058 ό
714 1031 897 1066 Ἀμοῤῥαῖος.
911 1031 968 1059 Νῦν
981 1032 1011 1059 οὐ

222 1075 253 1102 τὸ
261 1074 370 1102 Ἰνδικὸν
378 1075 454 1107 ἔθνος
465 1075 558 1111 φησιν.
565 1075 637 1103 ἀλλὰ
644 1076 748 1108 πάντας
758 1077 822 1108 τοὺς
831 1076 1012 1109 Χαναναίους.

230 1120 395 1156 Ἀμορραῖος
409 1120 464 1157 γὰρ
476 1122 509 1157 τῇ
525 1121 660 1157 Ἐϐραίων
675 1123 752 1157 φωνῇ
769 1122 819 1149 καὶ
839 1123 853 1150 ό
877 1123 1014 1150 κατοικῶν

222 1166 397 1202 ὀνομάζεται.
414 1166 444 1194 ὐ
456 1167 485 1194 δὲ
509 1167 700 1203 φιλάνθρωπος
727 1168 805 1200 Θεδς,
822 1168 866 1195 διὰ
893 1169 945 1205 μὲν
964 1168 1013 1204 τὴν

225 1212 387 1246 μιαιφονίαν
403 1213 453 1248 τὴν
474 1213 664 1249 πανωλεθρίαν
683 1214 842 1250 ἠπείλησεν.
854 1214 904 1242 Διὰ
919 1215 949 1242 δὲ
968 1215 1014 1242 τὸν

223 1259 270 1284 ἐπὶ
292 1257 333 1293 τῷ
356 1258 430 1295 φόνῳ
453 1258 552 1294 θρῆνον
571 1259 621 1295 τὴν
645 1259 696 1295 τῆς
719 1260 857 1296 τιμωρίας
874 1260 1014 1296 ἀναλασὴν

223 1305 274 1340 ὲχα
279 1304 384 1340 ρίσατσ.

514 1352 640 1380 ΚΕΦᾹΛ.
659 1353 726 1380 KA'.

261 1397 297 1424 ει
320 1397 476 1432 ἐκποιήσει
504 1399 532 1426 ό·
545 1398 620 1434 χοῆς
641 1398 809 1432 Σαμαρείας
833 1398 899 1432 ταῖς
916 1398 1014 1434 δραεί.

224 1442 319 1470 Ταῦτα
340 1443 436 1478 ελεγον
461 1444 638 1476 ἀπειλοῦντες
657 1444 708 1479 τῆς
725 1444 885 1480 πολιορκίας
909 1445 945 1472 τὰ
961 1445 1016 1481 χὼ-

226 1497 312 1524 ματα.

266 1535 416 1570 Ἑώρακας
435 1535 534 1563 πάντα
550 1526 705 1572 τὸνῖἦκον.
725 1537 841 1569 Οεκείως
862 1538 917 1564 τῶν
938 1538 1018 1565 ἀπει-

225 1581 344 1616 λητικῶν
359 1582 492 1617 ῥημάτων
514 1583 560 1609 τὸν
577 1582 684 1618 κόμπον
705 1583 792 1616 οὕτως
806 1583 946 1611 ἐκάλεσεν.
974 1585 1019 1611 Δι-

224 1627 308 1663 ιλύθη
321 1628 376 1665 γὰρ
390 1630 531 1664 συντόμως
545 1630 580 1665 τῇ
595 1629 655 1664 θείᾳ
671 1631 755 1666 ῥοπῇ.

266 1674 318 1701 Ἐν
342 1673 406 1707 τοῖς
430 1674 599 1709 παιδαρίοις
622 1674 682 1702 τῶν
708 1675 865 1710 ἀρχόντων
882 1677 942 1704 τῶν
963 1686 1019 1712 χω-

220 1719 295 1754 ρῶν.
317 1720 354 1746 Οὐ
381 1719 486 1756 χρῄζω,
511 1721 589 1756 φησὶ,
615 1721 734 1757 πλήθους
756 1721 821 1755 ἐγώ.
852 1722 895 1749 Ἐν
916 1723 1020 1757 ὀλίγοις

227 1767 283 1801 γὰρ
309 1767 474 1802 μειρακίοις,
491 1767 538 1793 καὶ
560 1766 688 1802 πολέμων
713 1767 848 1803 ἀπείροις,
870 1767 919 1803 τὴν
942 1777 1020 1804 παμ-

226 1812 329 1847 πόλλην
353 1812 457 1846 ταύτην
484 1811 617 1847 στρατιὰν
639 1812 762 1840 διολέσω.
784 1811 876 1840 *Ησαν
894 1814 938 1846 δὲ,
964 1823 1018 1850 φη-

227 1859 263 1892 σὶ,
277 1858 411 1885 διακόσιοι
433 1858 447 1878 ιτ
470 1859 619 1894 τριάκοντα
642 1859 710 1891 δύο,
733 1859 767 1886 δι’
790 1855 828 1886 ὧν
848 1861 862 1887 ό
887 1861 1020 1888 παντοδύ-

226 1913 312 1940 ναμος
331 1904 434 1940 Κύριος
448 1904 487 1939 λβ¹
505 1904 637 1940 βασιλέων
650 1904 783 1932 κατέλυσε
798 1906 943 1942 στρατιάν.

261 1993 337 2026 Θεὸς
347 1992 452 2027 ὀρέων,
466 1993 539 2026 Θεὸς
557 1992 692 2027 Ἰσραήλ.
701 1991 813 2027 Ἐπειδὴ
825 1991 965 2024 τοιούτους
978 1990 1019 2019 εῖ-

227 2048 272 2066 ναι
285 2039 349 2070 τοὺς
363 2039 482 2070 οἰκείους
500 2038 578 2070 θεοὺς
590 2038 785 2073 ὑπελάμϐανον
794 2058 801 2071 ,
817 2038 947 2074 ᾠήθησαν
972 2039 1020 2066 καὶ

226 2083 274 2110 τὸν
287 2082 413 2118 ἀληθινὸν
427 2083 474 2110 καὶ
493 2083 548 2109 τῶν
569 2083 639 2110 ὅλων
663 2082 832 2118 δημιουργὸν
851 2082 964 2118 μερικὸν
980 2080 1021 2110 εἷ-

227 2138 272 2157 ναι
286 2130 362 2157 Θεόν.
383 2129 455 2156 Ἀλλ’
475 2128 560 2161 ἔδειξε
574 2129 622 2155 καὶ
636 2130 694 2160 τοῖς
707 2128 819 2161 οἰκείοις
831 2129 879 2156 καὶ
895 2129 952 2160 τοῖς
972 2128 1021 2156 ἀλ-

227 2175 347 2211 λοτρίοις
361 2175 411 2211 τὴν
430 2175 535 2202 οἰκείαν
553 2174 644 2210 ἰσχύν.
659 2175 716 2209 Τῆς
734 2175 790 2210 γὰρ
805 2175 965 2210 συμπλοκῆς
990 2175 1021 2202 ἐν

1063 988 1151 1011 morte
1165 983 1300 1012 Nabuthae.
1317 985 1435 1020 accepit.

1098 1029 1180 1058 Vens.
1189 1029 1235 1058 εδδ
1249 1029 1401 1058 Secundum
1412 1031 1514 1063 omnia,
1527 1038 1585 1065 qua:
1594 1029 1657 1062 fecit
1669 1029 1851 1057 Amorrhams.

1062 1076 1122 1104 Iam
1139 1084 1194 1106 non
1211 1078 1382 1112 peculiarem
1398 1081 1507 1113 gentem
1526 1077 1604 1109 dicit,
1619 1075 1667 1104 srd
1677 1083 1772 1103 omnes
1781 1073 1853 1101 Cha-

1064 1131 1188 1152 nanaeos.
1210 1125 1391 1152 Amorrhaaus
1409 1124 1482 1151 enim
1509 1123 1645 1151 llebraica
1675 1129 1743 1150 voce
1771 1121 1853 1148 etiam

1064 1171 1153 1199 incola
1170 1171 1343 1199 nominatur.
1367 1170 1510 1198 Benellcus
1534 1167 1722 1196 autemeeus
1742 1171 1854 1202 propter

1065 1216 1245 1245 homicidium
1263 1217 1378 1244 exitium
1399 1216 1513 1244 Achabo
1527 1215 1714 1243 comminatus
1729 1216 1782 1246 est,
1805 1211 1853 1239 sed

1064 1263 1129 1297 quia
1147 1263 1249 1291 caedem
1266 1263 1432 1291 lamentatus
1454 1265 1508 1294 est,
1527 1269 1561 1289 ex
1583 1261 1671 1296 gratia
1686 1266 1796 1295 poenam
1810 1265 1856 1285 re-

1066 1307 1153 1335 misit.
1203 1299 1206 1302 ί

1327 1352 1406 1381 CAP.
1428 1351 1487 1379 xxr
1505 1351 1588 1389 [XX].

1101 1398 1183 1427 Vens.
1205 1399 1251 1427 10.
1266 1398 1297 1426 Si
1310 1398 1444 1433 suﬂ'ecerit
1473 1399 1560 1433 pulvis
1591 1397 1723 1425 Samariw
1737 1396 1855 1432 pugil/is.

1067 1443 1130 1472 Haec
1156 1444 1300 1479 dicebant,
1323 1444 1527 1472 comminantes
1550 1451 1581 1472 se
1600 1451 1715 1479 aggeres
1732 1443 1856 1471 tacturos

1067 1491 1102 1518 in-
1111 1491 1266 1519 obsidione.

1105 1533 1190 1565 Visus.
1208 1537 1253 1564 i3.
1274 1536 1369 1564 Vidisti
1382 1545 1484 1564 omnem
1501 1545 1606 1564 sonum.
1629 1535 1743 1571 Proprie
1758 1535 1857 1562 verbo-

1071 1593 1130 1612 rum
1142 1584 1307 1612 minantium
1324 1584 1424 1612 fastum
1452 1584 1493 1612 sic
1513 1584 1637 1617 vocavit;
1666 1583 1760 1611 statim
1782 1583 1855 1610 enim

1070 1630 1118 1658 Dei
1131 1634 1199 1657 nutu
1211 1630 1364 1658 dissolutus
1385 1634 1413 1658 et
1430 1629 1535 1658 fractus
1553 1633 1606 1657 est.

1106 1675 1188 1704 Vsus.
1204 1676 1248 1703 H.
1265 1675 1299 1702 In
1309 1676 1397 1711 pueris
1411 1674 1560 1709 principum
1578 1674 1785 1708 provinciarum.
1797 1673 1856 1699 Non

1070 1723 1197 1759 pluribus
1225 1730 1276 1758 ego
1305 1722 1426 1758 indigeo,
1457 1722 1556 1756 inquit,
1585 1728 1647 1748 nam
1670 1727 1731 1748 cum
1763 1719 1857 1754 paucis

1071 1769 1211 1804 pueris,et
1241 1768 1375 1796 bellorum
1399 1768 1559 1803 expertibus
1582 1771 1609 1795 et
1641 1767 1757 1802 ignaris,
1769 1765 1858 1792 maxi-

1071 1821 1147 1841 mum
1165 1813 1242 1841 illum
1252 1813 1404 1841 exercitum
1428 1813 1552 1840 fundam.
1573 1812 1655 1839 Erant
1668 1816 1772 1843 autem,
1790 1810 1859 1838 dicit

1070 1859 1226 1894 Scriptura,
1242 1859 1361 1886 trecenti
1374 1859 1490 1894 triginta
1515 1858 1581 1890 duo,
1598 1865 1647 1893 per
1671 1865 1741 1892 quos
1768 1856 1858 1884 omni-

1071 1910 1168 1940 potens
1192 1904 1264 1933 Deus
1293 1903 1446 1932 exercitum
1475 1903 1588 1939 triginta
1615 1902 1734 1930 duorum
1763 1909 1858 1935 regunt

1071 1949 1236 1984 proﬂigavit.

1107 1993 1189 2021 Vens.
1206 1993 1252 2021 28.
1272 1993 1341 2021 Deus
1358 1993 1497 2025 montium,
1517 1992 1586 2020 Deus
1602 1992 1698 2019 Israel.
1711 1991 1778 2019 Cum
1792 1998 1859 2018 suos

1071 2039 1138 2066 deos
1162 2039 1231 2066 tales
1258 2046 1320 2067 esse
1335 2042 1482 2074 putarent,
1506 2038 1737 2066 existimaverunt
1761 2043 1859 2063 verum

1072 2084 1169 2118 Deum,
1181 2089 1209 2113 et
1242 2085 1326 2112 totius
1354 2085 1448 2112 mundi
1471 2083 1619 2119 opiﬁcem,
1637 2082 1724 2118 partis
1740 2082 1859 2115 alicujus

1072 2133 1178 2158 tantum
1207 2129 1293 2157 Deum
1310 2137 1387 2163 esse;
1409 2128 1456 2156 sed
1479 2127 1641 2156 domesticis
1653 2131 1680 2155 et
1705 2126 1859 2162 peregrinis

1072 2182 1150 2203 suam
1167 2175 1224 2202 vim
1251 2177 1279 2203 et
1293 2174 1446 2210 potentiam
1470 2173 1683 2201 demonstravit.
1700 2172 1768 2199 Cum
1783 2171 1858 2198 enim

229 2221 315 2257 πεδίῳ
346 2221 554 2256 γεγενημένης,
586 2220 752 2248 δυοκαίδεκα
784 2220 840 2248 τῶν
862 2221 1018 2248 ἀντιπάλων

1071 2222 1099 2249 in
1113 2228 1210 2256 campo
1223 2220 1368 2248 conﬂictus
1383 2219 1473 2252 ﬁeret,
1488 2219 1623 2247 Israelita;
1636 2222 1750 2246 centena
1762 2217 1858 2252 viginti

232 2267 366 2303 μυριάδας
397 2266 506 2302 Ἰσραὴλ
526 2266 733 2301 κατηκόντισεν.
756 2266 816 2293 Ἵνα
842 2266 871 2292 δὲ
899 2267 1021 2293 κάκεῖνοι

232 2313 358 2348 μάθωσιν
385 2313 422 2344 ὡς
451 2312 582 2348 θεήλατος
612 2313 630 2348 ή
657 2311 767 2347 πληγή,
798 2311 852 2339 τῶν
878 2312 1022 2347 διαφυγόν-

229 2368 285 2386 των
301 2360 342 2391 et;
354 2361 405 2394 τὴν
427 2358 531 2393 Ἀφεκὰ
556 2357 634 2385 πόλιν
655 2359 915 2393 καταπεφευγότων,
934 2367 1019 2386 κατα-

229 2405 313 2433 πεσὺν
325 2405 356 2432 τὸ
367 2406 470 2441 τεῖχος,
491 2404 564 2432 ἑπτὰ
578 2405 626 2432 καὶ
636 2404 723 2432 εἴκοσι
739 2404 875 2440 μυριάδας
898 2405 1021 2441 κατέχω-

230 2460 288 2479 σεν.

270 2540 322 2566 Ἐν
332 2539 413 2574 λόγῳ
427 2539 539 2574 Κυρίου
553 2539 690 2572 πάταξον
708 2540 746 2575 δή
759 2548 807 2575 με.
822 2540 880 2567 Οὐκ
893 2539 950 2574 ἐγώ
965 2549 1018 2573 σοι,

230 2586 323 2620 φησὶν,
346 2586 494 2619 ὲπιτάττω,
515 2586 585 2614 ἀλλὰ
604 2587 634 2613 τὸ
648 2588 677 2613 ὲν
701 2586 764 2622 ἐμοὶ
787 2586 907 2622 πνεῦμα.
925 2587 972 2614 Διδ
987 2587 1019 2623 δή

229 2631 268 2665 τῷ
282 2631 440 2658 ἁντειπόντι
464 2632 510 2659 τὸν
526 2631 572 2659 διὰ
593 2632 641 2659 τοῦ
664 2632 774 2665 λέοντος
797 2633 949 2669 ἐπήνεγκεν
961 2632 1020 2660 ὀλε-

230 2677 305 2703 θρον.
611 2698 616 2701 ,

281 2685 305 2702 ν.
611 2698 616 2701 -

248 2685 321 2750 P2(a)
334 2721 530 2757 συνέτριψεν.
546 2722 701 2758 Τουτέστιν,
718 2724 929 2760 ἑτραυμάτισεν.

1072 2267 1158 2295 millia
1174 2265 1296 2294 hostium
1326 2264 1508 2300 proﬂigarunt
1533 2269 1561 2292 et
1582 2264 1756 2291 occiderunt.
1772 2263 1860 2291 Caete-

1072 2321 1145 2345 rum,
1163 2315 1194 2340 ut
1220 2312 1292 2339 hanc
1317 2311 1422 2338 cladem
1451 2310 1587 2338 divinitus
1619 2310 1687 2345 ipsis
1704 2309 1857 2337 immissum

1070 2366 1135 2386 esse
1157 2361 1367 2393 cognoscerent,
1389 2364 1452 2384 cum
1476 2357 1527 2389 illi.
1551 2357 1598 2392 qui
1623 2364 1671 2391 per
1695 2356 1786 2390 fugam
1801 2355 1858 2390 jam

1071 2408 1227 2436 evaserant,
1252 2403 1448 2439 Aphecapolim
1483 2411 1513 2431 se
1547 2403 1727 2438 recepissent,
1762 2411 1859 2430 murus

1073 2450 1201 2483 corruit,
1225 2454 1252 2478 et
1273 2449 1369 2485 viginti
1396 2452 1502 2484 septem
1541 2448 1631 2477 millia
1657 2448 1780 2476 virorum
1810 2456 1860 2484 op-

1074 2496 1188 2532 pressit.

1110 2541 1192 2570 Vsls.
1214 2540 1260 2568 '55.
1290 2539 1325 2568 In
1340 2547 1460 2568 sermone
1489 2539 1600 2567 Domini
1619 2543 1726 2574 percute
1736 2547 1786 2566 me.
1799 2537 1858 2566 Non

1072 2594 1123 2622 ego
1131 2586 1189 2613 tibi.
1201 2586 1319 2621 impero,
1337 2585 1415 2618 dicit,
1431 2584 1480 2613 sed
1504 2585 1552 2620 qui
1568 2585 1596 2612 in
1613 2592 1657 2613 me
1672 2590 1715 2612 est
1732 2585 1858 2620 spiritus.

1073 2634 1247 2670 Quapropter
1267 2632 1472 2662 contradicenti
1497 2640 1548 2668 per
1561 2632 1670 2661 leonem
1682 2633 1796 2661 exitium
1815 2632 1860 2660 ist-

1073 2680 1147 2708 tulit.

1110 2725 1193 2753 Vsns.
1211 2725 1256 2753 57.
1272 2724 1307 2752 Et
1321 2724 1455 2753 contrivit.
1468 2723 1525 2753 Hoc
1539 2729 1592 2757 est,
1604 2724 1770 2752 vulneravit.

874 2784 988 2812 VARI/ﬂ
1004 2783 1208 2814 LECTIONES.

277 2831 292 2880 ii
312 2830 452 2880 [pleodice
465 2830 589 2861 Lavateri
602 2831 665 2866 fuit,
679 2832 812 2868 χιλιάδας.
830 2833 863 2861 Et
879 2833 910 2861 id
942 2833 1053 2864 rectius.
1099 2839 1110 2853 ο
1126 2832 1156 2861 lu
1171 2832 1300 2862 Lavateri
1317 2832 1412 2862 codice
1439 2832 1548 2861 videtur
1574 2832 1661 2860 fuisse
1674 2851 1682 2865 ,
1694 2831 1859 2867 τριακόσιοι,

231 2867 279 2896 sed
294 2869 375 2896 male.

1239 2880 1255 2889 ε
