2079 3161
189 145 250 179 1177

664 134 933 180 (ῘΘΜΜΕΝΤΑΗΙῙ
946 148 987 180 IN
1007 150 1082 181 LIB.
1098 150 1147 180 III
1163 149 1313 181 REGUM.

1758 148 1825 181 11Ὶέ

183 202 314 230 κωλύσαι
328 202 384 239 γὰρ
400 201 551 238 δυνάμενος
567 202 619 230 οὐκ
639 203 788 231 ἐκώλυσεν.
811 204 977 240 Ἐπειδήπερ

1034 213 1093 232 cum
1105 207 1179 233 enim
1194 206 1344 241 prohibere
1359 206 1566 242 p0tuisset,non
1575 205 1827 241 prohibuit.Achab

182 249 196 275 ὁ
213 247 316 284 ’Δχαὰϐ
335 248 385 283 τῆς
401 247 478 280 θείας
495 245 530 283 ἦν
555 249 719 284 κηδεμονίας
743 249 862 282 ἀνάξιος.
883 249 977 284 Τούτῳ

181 295 210 321 δὲ
221 294 316 330 ὅμοιον
335 294 367 321 τὸ
382 293 436 321 ὑπὸ
449 293 557 321 Παύλου
567 294 726 330 λεγόμενονο
742 304 751 321 ι
766 296 874 331 Πέμψει
887 297 901 322 ὁ
912 296 978 328 Θεὸς

182 340 326 375 ἐνέργειαν
342 339 448 374 πλάνης
468 340 525 372 τοῖς
541 339 592 376 τὴν
613 340 745 376 ἀλήθειαν
767 341 797 367 οὺ
821 341 978 375 παραδεξα-

185 385 287 420 μένοις.
304 395 314 412 ι
333 385 403 411 Ἀλλ’
426 385 571 420 ἑρμηνεῖαι
592 385 643 420 τῆς
661 385 708 413 τοῦ
726 385 795 412 Θεοῦ
823 385 977 421 βουλήσεως

182 432 363 466 τυγχάνουσιν
378 431 407 457 αἱ
423 431 564 463 ὀπτασίαι,
586 432 636 467 οὐχ
643 432 719 468 ,ὅπερ
737 432 813 459 ἐστὶν
827 432 909 459 αὐτὸν
923 433 977 459 δει-

181 477 324 508 κνύουσαι,
340 478 508 511 σωματικοῖς
523 477 552 504 δὲ
575 478 710 513 σχήμασι,
734 477 783 505 καὶ
796 477 978 513 ἀνθρωπίνοις

180 519 284 557 λόγοις,
306 521 486 549 διατυποῦσαι
512 521 563 554 τὰς
591 521 640 549 τοῦ
665 522 733 549 Θεοῦ
756 522 924 556 οἰκονομίας,
940 521 978 553 ὡς

183 569 266 600 αὐτὸς
287 570 301 596 ὁ
315 568 382 601 Θεὸς
399 577 482 604 φησιν
498 576 507 584 ·
525 577 534 594 ι
550 567 622 602 Ἐγὼ
636 568 747 603 ὁράσεις
763 568 914 603 ὲπλήθυνα,
931 567 978 594 καὶ

183 616 213 641 ὲν
227 615 306 650 χερσὶ
329 613 478 649 προφητῶν
503 612 660 648 ῶμοιώθην.
679 622 689 638 ›
709 613 767 639 οὐκ
788 612 872 644 αὐτὸς
887 611 979 646 φαίνε-

183 670 240 692 ται,
254 660 304 688 ἀλλ
328 659 439 695 ὁράσεις
462 659 607 695 πληθύνει.
631 659 686 686 Καὶ
708 658 836 694 ὁμοίωμα
858 658 978 685 δείκνυσι

183 707 239 738 τοίς
254 707 419 742 προφήταις,
433 705 572 740 βασιλείας
590 705 651 740 μὲν,
666 705 731 732 ὅταν
747 703 897 740 ἑπὶθρόνου
911 704 978 731 καθ-

183 753 312 789 εζομένου
326 753 422 789 δρῶσι,
436 753 484 780 καὶ
500 753 565 788 περὶ
579 752 661 780 αὑτὸν
673 752 723 786 τὴν
734 751 862 787 οὐράνιον
893 759 979 786 στρα-

183 800 244 828 τιάν
256 808 263 816 ·
280 800 399 835 κρίσεως
416 800 455 832 δὲ,
464 800 529 827 ὁταν
546 798 640 826 πολιὸν
653 797 783 833 βλέπωσι,
797 797 905 829 λευκοῖς
919 797 979 832 ίμα-

183 846 253 878 τίοις
265 845 464 881 κοσμούμενον,
479 845 524 872 διά
540 845 572 872 τὸ
585 844 635 879 τῆς
650 843 770 878 κρίσεως
781 843 863 878 σοφόν
874 851 904 870 τε
919 842 979 878 ἅμα

1033 250 1108 277 enim
1122 250 1254 286 indignus
1269 254 1340 284 erat,
1357 251 1439 286 cujus
1455 259 1551 280 curam
1576 252 1649 279 Deus
1663 251 1826 291 susciperet_

1031 295 1090 323 Hoc
1107 299 1200 323 autem
1219 295 1312 324 simile
1328 300 1370 324 est
1392 296 1457 324 huic
1470 297 1544 332 quod
1570 304 1585 324 ιι
1602 296 1689 324 Paulo
1698 296 1803 324 dicitur
1817 303 1824 321 :

1035 351 1044 368 ι
1069 341 1157 368 Mittet
1189 341 1246 369 illis
1273 341 1346 370 Deus
1360 341 1511 370 eﬂicaciam
1525 343 1643 375 erroris,
1659 343 1707 378 qui
1723 342 1826 370 verita-

1031 390 1084 414 tem
1098 394 1153 414 non
1178 390 1342 422 receperunt
1353 387 1386 419 ⁸⁵,
1404 396 1414 413 ι
1447 387 1585 415 Caeterum
1605 388 1728 415 visiones
1738 387 1826 423 expli.

1030 432 1156 460 cationes
1172 436 1237 460 sunt
1251 432 1363 460 consilii
1378 432 1437 460 Dei.
1453 432 1512 460 Non
1529 433 1602 468 quod
1617 434 1677 469 ipse
1696 426 1734 466 id,
1752 432 1828 468 quod

1029 481 1082 510 est,
1107 478 1254 505 ostendat:
1286 477 1413 512 corporis
1428 481 1520 505 autem
1541 478 1646 512 ﬁguris,
1664 476 1692 506 et
1705 478 1827 506 humano

1029 532 1108 552 more
1120 524 1217 552 efﬁctis
1229 525 1405 553 sermonibus
1420 525 1558 560 exprimit,
1576 528 1604 552 et
1621 525 1756 553 describit
1776 524 1824 553 Dei

1029 570 1279 604 dispensationem.
1299 569 1537 603 Quemadmodum
1571 570 1644 598 Deus
1667 571 1728 606 ipse
1742 571 1824 599 dicit:

1032 624 1042 641 ι
1062 616 1118 650 Ego
1135 615 1257 643 visiones
1271 615 1468 650 multiplicavi,
1499 619 1527 643 et
1559 623 1608 650 per
1626 623 1739 642 manum
1760 623 1827 651 pro-

1029 661 1175 696 phetarum
1204 660 1376 688 assimilatus
1393 669 1454 688 sum
1466 661 1499 688 ".
1516 670 1526 686 ›
1553 660 1612 688 Non
1629 661 1688 696 ipse
1700 665 1825 696 apparet,

1029 706 1079 735 sed
1094 707 1217 734 visiones
1231 706 1415 742 multiplicat.
1428 712 1456 734 et
1478 707 1690 734 similitudinem
1702 707 1824 734 ostendit

1029 752 1184 788 prophetis,
1212 751 1290 787 regni
1321 751 1445 786 quidem,
1473 751 1497 779 si
1515 751 1543 779 in
1567 752 1668 779 throno
1684 751 1825 780 sedentem

1029 798 1134 831 vident.
1147 802 1175 826 et
1190 797 1265 825 circa
1282 804 1345 824 eum
1361 797 1503 825 caelestem
1521 797 1677 824 exercitum
1691 805 1699 830 ;
1727 796 1825 831 iudicii

1029 851 1106 877 vero,
1116 843 1229 878 quando
1247 850 1348 870 canum
1367 842 1471 875 vident,
1504 842 1576 871 albis
1603 843 1728 870 vestibus
1743 849 1826 869 orna-

184 892 232 919 καὶ
245 891 374 925 καθαρόν.
400 891 471 927 ὀρᾷ
492 891 540 918 καὶ
564 889 702 925 Ζαχαρίας
724 889 842 924 ἀνέμους
874 888 981 923 ἀνθρω-

1034 893 1101 922 ιιιω,
1115 892 1227 924 pr0pter
1256 888 1355 923 judicii
1383 895 1451 915 norr
1471 888 1647 923 prudentiam
1666 888 1759 920 modo,
1776 887 1826 915 sed

185 937 252 973 πίνῃ
259 938 336 972 φωνῇ
349 937 519 973 χρωμένους·
532 946 541 963 ι
555 937 612 964 Καὶ
622 934 844 970 περιοδεύσωμεν
857 934 908 970 τὴν
917 934 980 969 γῆν,

186 982 327 1017 λέγοντας,
343 983 391 1009 καὶ
404 982 460 1010 ίδοὺ
474 983 550 1010 πᾶσα
563 982 579 1017 ὴ
597 981 635 1016 γῆ
658 982 840 1008 κατοικεῖται.
858 989 867 1007 ι
885 979 981 1008 Καθά-

186 1037 240 1063 περ
251 1028 306 1064 γὰρ
320 1029 349 1055 ὲν
361 1028 450 1056 εἰκόσι
462 1029 582 1064 γραφεῖς
595 1027 713 1064 πόλεμόν
735 1036 766 1054 τε
788 1027 837 1054 καὶ
855 1026 979 1063 εἰρήνην,

185 1075 265 1110 νίκην
281 1075 329 1102 xui.
341 1074 445 1110 φιλίαν,
461 1075 510 1102 καὶ.
533 1074 584 1101 ὅσα
605 1073 685 1106 ἄλλα,
702 1072 921 1109 σχηματίζουσιν
940 1072 981 1104 εἰς
998 1091 1002 1094 .

185 1119 363 1156 ἀνθρωπείων
379 1121 516 1156 σωμάτων
529 1120 649 1153 εἰκόνας,
663 1120 720 1151 τοῖς
734 1118 866 1150 τοιούτοις
885 1118 982 1154 ὁμοιώ-

187 1175 254 1202 μασι
267 1167 298 1194 τὸ
313 1166 438 1203 βούλημα
451 1167 606 1198 δεικνύντες
618 1166 817 1203 ἐναργέστερον
826 1174 833 1182 ·
853 1165 926 1193 κατά
946 1164 982 1192 τὰ

187 1213 257 1240 αὐτὰ
283 1213 331 1240 καὶ
353 1213 384 1240 τὸ
409 1213 524 1248 Πνεῦμα
546 1213 577 1240 τὸ
599 1212 678 1247 ἃγιον
704 1213 859 1248 προφήταις
877 1220 908 1238 τε
932 1211 982 1239 καὶ

186 1259 347 1291 ἀποστόλοις
363 1259 394 1286 τδ
413 1259 522 1296 θέλημα
536 1259 584 1286 τοῦ
602 1259 681 1293 Θεοῦ,
698 1260 746 1286 καὶ
761 1260 812 1294 τὴν
828 1259 917 1292 δόξαν,
933 1259 982 1286 καὶ

186 1305 237 1339 τὴν
248 1305 419 1340 οἰκονομίαν,
433 1305 482 1332 καὶ
503 1303 554 1340 τὴν
567 1304 637 1340 ἀρὰν
653 1305 702 1340 τὴν
717 1305 791 1332 κατὰ
809 1304 865 1331 τῶν
889 1305 983 1340 ἐπιόρ-

187 1359 256 1384 κων,
268 1350 315 1378 καὶ
326 1350 428 1387 ἑτέρων
439 1350 532 1384 τινῶν,
546 1350 704 1386 ὲμψύχωνῆ
717 1350 840 1386 ἀψύχων,
853 1351 901 1378 καὶ
912 1351 982 1386 ὅπερ

189 1395 314 1432 βούλεται
329 1396 379 1431 μὲν
390 1396 405 1423 ό
419 1395 487 1427 Θεδς
508 1395 665 1431 πληρῶσαι,
686 1396 714 1422 al
729 1395 757 1423 δὲ
773 1396 836 1432 ἑξῆς
853 1395 983 1431 δυνάμεις

188 1441 349 1477 πληροῦσιν,
360 1441 377 1478 ἢ
390 1442 441 1469 ὅσα
454 1441 543 1477 τολμᾷ
559 1441 610 1477 μὲν
622 1442 636 1468 ὸ
647 1441 771 1473 διάϐολος
783 1441 982 1474 ἐπιϐουλεύειν,

190 1489 328 1524 συγχωρεῖ
340 1487 369 1515 δὲ
387 1488 401 1514 ὁ
411 1488 490 1521 Θεδς,
503 1488 591 1516 ταῦτα
604 1488 688 1515 τυποῖ
702 1487 746 1515 διὰ
759 1488 816 1515 τῶν
830 1488 982 1520 ὀπτασιῶν,

189 1533 227 1564 ὡς
246 1532 294 1559 ἐπὶ
305 1532 351 1559 τοῦ
368 1532 438 1560 Ἱώϐ.
455 1532 489 1559 Δί
510 1533 565 1568 γὰρ
583 1532 725 1564 ὀπτασίαι,
748 1532 798 1559 καὶ
820 1532 855 1558 τὰ
878 1532 908 1558 ὲν
922 1532 982 1564 ταῖς
996 1551 1018 1580 c

189 1578 336 1611 ὀττασίαις
354 1579 478 1614 ῥήματα,
497 1578 579 1614 μέρος
595 1577 656 1605 ἐστὶ
667 1579 718 1614 τῆς
733 1577 780 1604 τοῦ
795 1577 863 1604 Θεοῦ
879 1585 984 1611 συγκα-

189 1624 343 1656 ταϐἀσεως.
357 1625 426 1652 Οὔτε
438 1625 493 1660 γὰρ
506 1624 658 1661 περιστερά
671 1623 702 1651 τὺ
717 1622 833 1659 Πνεῦμα
845 1623 876 1650 τὺ
892 1623 983 1658 ἅγιον·

191 1669 254 1697 οὔτε
269 1670 299 1698 δὲ
313 1670 343 1697 τό
354 1678 362 1686 ⁸
379 1678 389 1696 ι
403 1670 452 1702 ’Ὀς
468 1671 542 1697 ἐστιν
561 1670 590 1697 ὲν
613 1669 688 1705 δεξιᾷ
710 1668 758 1696 τοῦ
780 1669 847 1696 Θεοῦ
858 1689 865 1702 ,
886 1669 916 1701 ὃς
940 1669 988 1696 καὶ

192 1716 353 1751 ἐντυγχάνει
368 1716 438 1752 ὑπὲρ
453 1715 543 1752 ἡμῶν,
561 1724 570 1742 ι
589 1714 688 1747 οὕτως,
704 1714 742 1747 ὼς
757 1715 876 1750 εῐρηται,
892 1714 988 1749 νοήσο-

194 1771 255 1798 μεν,
272 1762 311 1795 ὡς
333 1762 363 1789 ἑν
377 1762 451 1798 τόπῳ
481 1762 530 1798 μὲν
542 1762 620 1794 ὄντος
638 1761 688 1788 τοῦ
709 1761 795 1793 Θεοῦ,
811 1761 940 1796 δεομένου
959 1760 988 1787 δὲ

192 1809 242 1843 τῆς
256 1808 328 1844 ὑπὲρ
340 1809 357 1844 ή
362 1807 421 1844 μῶν
435 1807 484 1835 τοῦ
509 1807 680 1843 Μονογενοῦς
696 1807 837 1843 ἐντυχίας.
849 1806 930 1833 Κατὰ
943 1806 988 1833 τὸν

193 1854 274 1881 αὑτὸν
289 1854 370 1888 λόγον
381 1854 442 1881 οὐδὲ
455 1855 484 1881 αι
501 1854 557 1881 τῶν
574 1854 724 1890 προφητῶν
738 1853 879 1884 ὀπτασίαι,
897 1853 944 1880 καὶ
959 1852 988 1879 αἱ

194 1900 297 1934 φωναὶ,¹
306 1899 378 1927 τοῦτ’
392 1898 476 1937 ἦσαν,
487 1901 556 1938 ὅπερ
571 1900 733 1928 ἐδείκνυντο.
751 1899 804 1927 Τοῦ
816 1900 845 1926 δὲ
857 1899 926 1926 Θεοῦ
939 1899 988 1933 τὴν

195 1947 323 1983 βούλησιν
348 1946 507 1982 ἐσήμαινον,
530 1945 548 1981 ἢ
573 1946 624 1982 τὴν
653 1945 842 1981 συγχώρησιν,
867 1945 915 1972 καὶ
938 1944 988 1980 τὴν

194 1993 320 2028 ὑπακοὴν
342 1993 398 2019 τῶν
422 1992 627 2020 ὑπακουόντων.
656 1992 711 2019 Καὶ
735 1992 785 2026 τὴν
815 1990 988 2026 ἐπιχείρησιν

194 2040 250 2066 τῶν
265 2038 440 2074 τολμώντων.
458 2038 508 2071 ’Ὧς
523 2047 575 2065 που
586 2038 635 2065 καὶ
648 2037 678 2064 τὸ
693 2036 813 2072 πνεῦμα,
837 2037 868 2063 τδ
881 2036 987 2071 ψευσά-

197 2094 277 2122 μενον
290 2085 334 2112 διά
353 2085 487 2121 στόματος
508 2085 563 2112 τῶν
575 2083 818 2120 ψευδοπροφητῶν,
839 2083 906 2110 Θεοῦ
921 2091 989 2117 συγ-

196 2134 391 2168 χωρήσαντος⁸
410 2133 458 2159 καὶ
475 2132 490 2158 ό
505 2131 640 2167 πειράσας
661 2131 691 2158 δὲ
711 2131 757 2157 τδν
770 2129 832 2157 ’ῐὼϐ
846 2129 988 2162 διάϐολος,

194 2176 265 2203 Θεοῦ
281 2177 321 2212 μὴ
341 2176 526 2208 κωλύσαντος.
555 2176 594 2203 Δι’
618 2172 705 2211 οὗπερ
728 2175 849 2208 ἐδίδαξεν
871 2175 945 2211 ἡμᾶς
969 2175 986 2210 ἡ

1031 938 1060 962 et
1087 934 1246 970 puritatem.
1275 933 1425 961 Zacharias
1455 933 1538 960 etiam
1553 932 1629 960 videt
1652 937 1762 965 ventos,
1773 932 1826 959 liu-

1032 986 1113 1006 mana
1130 986 1199 1007 voce
1225 983 1347 1011 utentes,
1374 982 1402 1006 et
1418 978 1565 1006 dicentes:
1584 987 1593 1004 ι
1616 978 1826 1006 Circumcamus

1032 1029 1146 1057 terram,
1160 1028 1188 1052 et
1201 1031 1266 1052 ecce
1285 1024 1416 1051 universa
1428 1028 1502 1052 terra
1521 1023 1653 1052 incolitur
1663 1023 1711 1049 ⁸⁸.»
1725 1023 1826 1056 Quem-

1031 1070 1180 1098 admodum
1217 1069 1291 1098 enim
1324 1069 1445 1105 pictores
1470 1070 1498 1097 in
1529 1070 1697 1106 imaginibus
1724 1070 1826 1097 bellum

1030 1119 1058 1143 et
1070 1123 1174 1151 pacem,
1204 1115 1349 1143 victoriam
1376 1119 1404 1143 et
1419 1115 1584 1148 amicitiam,
1609 1120 1637 1142 et
1652 1123 1826 1151 quaecunque

1031 1161 1086 1188 alia
1103 1160 1236 1197 eliingunt
1253 1161 1280 1188 in
1300 1161 1435 1196 imagines
1458 1160 1644 1188 humanorum
1666 1168 1824 1195 corporum,

1032 1207 1224 1242 hujuscemodi
1241 1207 1475 1235 similitudinibus
1511 1207 1660 1235 consilium
1679 1211 1706 1235 et
1725 1214 1826 1242 propo-

1032 1252 1117 1279 situm
1147 1260 1227 1280 suum
1262 1252 1419 1281 evidentius
1448 1252 1652 1286 ostendentes;
1682 1253 1720 1280 ita
1744 1253 1827 1282 etiam

1033 1296 1155 1332 Spiritus
1174 1301 1288 1325 sanctus
1321 1297 1510 1333 prophetiset
1537 1297 1673 1333 apostolis
1701 1297 1828 1325 volunta-

1033 1348 1089 1371 tem
1109 1343 1168 1376 Dei,
1185 1347 1213 1371 et
1240 1343 1368 1379 gloriam,
1395 1348 1423 1371 et
1439 1343 1687 1379 dispensationem,
1705 1348 1732 1370 et
1745 1343 1829 1370 male-

1032 1388 1185 1417 dictionem
1202 1392 1300 1417 contra
1317 1389 1457 1425 perjuros,
1485 1393 1513 1417 et
1528 1393 1624 1416 contra
1636 1389 1689 1416 alia
1704 1388 1828 1424 quaedam

1032 1435 1156 1462 animata
1168 1438 1196 1462 et
1225 1434 1392 1468 inanimata,
1404 1435 1513 1470 etquod
1534 1434 1607 1463 Deus
1623 1435 1681 1462 vult
1702 1435 1828 1470 implere,

1033 1480 1165 1516 quodque
1190 1485 1286 1516 postea
1313 1481 1454 1508 exercitus
1485 1480 1531 1508 Dei
1559 1480 1665 1516 implet,
1684 1480 1766 1516 539
1778 1484 1827 1508 aut

1035 1536 1206 1564 quaecunque
1232 1527 1318 1556 Satan
1349 1536 1398 1563 per
1421 1528 1538 1556 insidias
1560 1532 1666 1556 tentare
1692 1528 1830 1561 audet,et

1040 1572 1112 1601 Deus
1127 1572 1273 1608 permittit,
1290 1574 1431 1608 proponit,
1445 1576 1473 1600 et
1490 1580 1537 1607 per
1551 1572 1675 1600 visiones
1689 1573 1829 1607 exprimit,

1039 1617 1312 1654 quemadmodumin
1326 1617 1389 1646 Job.
1405 1617 1537 1646 Visiones
1561 1619 1646 1653 enim,
1658 1622 1686 1645 et
1699 1618 1782 1646 verba
1801 1618 1830 1645 in

1038 1663 1197 1692 visionibus
1211 1667 1278 1691 sunt
1293 1670 1360 1699 pars
1374 1663 1498 1699 quaedam
1510 1663 1754 1692 condescensionis
1770 1663 1830 1694 Dei,

1038 1717 1093 1745 qua
1103 1717 1133 1738 se
1144 1709 1178 1736 ad
1195 1713 1306 1744 captum
1326 1713 1455 1738 nostrum
1480 1709 1610 1738 demittit.
1636 1709 1731 1745 Neque
1757 1710 1829 1737 enim

1038 1754 1167 1782 columba
1196 1757 1238 1782 est
1265 1753 1388 1789 Spiritus
1415 1758 1539 1782 sanctus.
1557 1754 1650 1790 Neque
1667 1755 1724 1782 hanc
1737 1754 1831 1789 verba,

1042 1810 1052 1827 ι
1066 1801 1119 1834 Qui
1132 1806 1174 1829 est
1187 1801 1214 1828 in
1230 1800 1328 1828 dextra
1341 1800 1398 1833 Dei,
1412 1800 1458 1835 qui
1467 1805 1495 1828 et
1507 1800 1655 1829 intercedit
1666 1808 1715 1836 pro
1722 1801 1828 1834 nobis,i

1040 1847 1089 1880 ita,
1099 1851 1128 1874 ut
1136 1847 1211 1875 dicta
1221 1852 1299 1879 sunt,
1309 1847 1466 1883 intelligere
1483 1846 1626 1878 debemus.
1638 1848 1717 1882 quasi
1730 1847 1832 1875 inloco

1039 1894 1112 1922 Deus
1126 1894 1172 1926 sit,
1188 1897 1216 1921 et
1229 1893 1364 1928 unigeniti
1382 1892 1445 1920 Filii
1467 1900 1516 1928 pro
1534 1893 1615 1921 nobis
1632 1893 1833 1921 intercessione

1040 1938 1171 1974 indigeat.
1189 1937 1278 1966 Simili
1293 1938 1409 1972 ratione,
1434 1946 1525 1974 neque
1539 1939 1734 1974 prophetarum
1750 1938 1833 1966 visio-

1039 1991 1089 2011 nes
1103 1987 1131 2011 et
1154 1990 1249 2015 voces,
1280 1983 1332 2011 hoc
1364 1987 1453 2016 erant,
1483 1984 1558 2019 quod
1579 1984 1832 2019 repraesentabat“;

1040 2028 1088 2057 sed
1103 2028 1273 2056 voluntatem
1307 2028 1354 2056 Dei
1381 2028 1588 2063 signiﬁcabant,
1609 2029 1650 2056 vel
1673 2029 1834 2064 permissio-

1039 2083 1115 2106 nem.
1128 2079 1156 2102 et
1170 2074 1359 2102 obedientiam
1379 2073 1585 2107 obedientium,
1600 2079 1627 2103 et
1636 2080 1764 2107 conatum
1781 2082 1832 2102 au-
1868 2089 1873 2096 ρ

1038 2120 1175 2148 dentium.
1204 2120 1442 2153 Quemadmodum
1465 2122 1549 2149 etiam
1578 2122 1694 2156 spiritus
1713 2121 1832 2148 mendax

1039 2175 1089 2203 per
1120 2175 1152 2196 os
1178 2167 1497 2203 pseudoprophetarum,
1531 2167 1587 2196 Deo
1598 2167 1788 2203 permittente,
1804 2171 1833 2196 et

196 2221 303 2259 Γραφὴ,
321 2223 361 2254 ὡς
384 2223 436 2258 τῆς
459 2222 508 2249 τοῦ
533 2221 601 2249 Θεοῦ
631 2221 748 2254 κτίσεώς
770 2222 840 2255 ἐστι,
870 2221 918 2248 καὶ
935 2220 983 2256 τῆς

1039 2212 1176 2246 diabolus,
1193 2213 1240 2248 qui
1270 2212 1382 2246 Johum,
1401 2212 1455 2241 Deo
1477 2220 1533 2241 non
1560 2217 1680 2245 ostante,
1703 2214 1831 2241 tentavit.

195 2268 367 2301 δεσποτείας,
392 2266 537 2303 παρεστὼς
556 2266 596 2302 τῷ
614 2267 725 2294 πάντων
751 2266 885 2302 Δεσπότῃ,
909 2266 940 2292 οὐ
952 2267 986 2302 τῇ

196 2314 247 2348 τῆς
263 2313 419 2349 προθέσεως
433 2313 554 2348 ὑπακοῇ,
565 2312 634 2339 ἀλλά
641 2313 675 2348 τῇ
688 2312 739 2347 τῆς
751 2311 865 2347 γενετῆς
880 2311 988 2346 φύσεως

197 2359 355 2394 ἀκολουθίᾳ,
377 2359 429 2394 τὴν
459 2358 508 2394 μὲν
531 2358 645 2393 γνώμην
672 2357 875 2394 ἀλλοτριωθεὶς,
895 2357 945 2393 τὴν
959 2356 988 2384 δὲ

196 2406 292 2433 οὐσίαν
303 2405 350 2432 τοῦ
369 2404 437 2432 Θεοῦ
448 2404 591 2440 τυγχάνων
604 2409 630 2431 (⁸.

235 2493 288 2520 Kal
307 2492 608 2528 Ἰωσαφὰτβασιλεὺς
625 2490 723 2518 Ἰούδα
729 2490 792 2525 μετ’
803 2489 907 2517 αὐτοῦ.
921 2489 987 2516 Συν-
1007 2493 1013 2500 ”

232 2558 254 2574 ⁸⁵
275 2558 354 2588 Rom.
370 2558 448 2592 1,24.
476 2558 499 2575 ’⁵⁵
511 2557 581 2587 Osee
602 2566 650 2591 xu,
669 2557 714 2586 to.
740 2557 764 2573 “
788 2556 985 2589 Zaeliar.i,ll.

1041 2258 1093 2286 Per
1106 2258 1180 2293 quod
1194 2258 1289 2286 docuit
1315 2265 1365 2286 nes
1383 2257 1538 2293 Scriptura,
1553 2258 1627 2294 quod
1639 2266 1654 2286 a
1670 2258 1727 2286 Deo
1737 2258 1833 2286 condi-

1040 2309 1097 2338 tus,
1123 2308 1152 2332 et
1181 2304 1234 2332 sub
1249 2304 1313 2340 ejus
1327 2303 1452 2332 dominio
1467 2304 1516 2336 sit,
1541 2304 1589 2338 qui
1602 2304 1694 2332 adstat
1707 2304 1831 2332 omnium

1041 2350 1161 2379 creatori
1187 2350 1316 2383 Domino,
1344 2357 1401 2378 non
1432 2350 1579 2378 obediendi
1603 2350 1758 2386 proposito,
1783 2349 1832 2378 sed

1041 2401 1149 2425 natura).
1173 2395 1294 2432 quodam
1326 2396 1422 2429 ductu,
1439 2396 1532 2423 animo
1544 2395 1655 2431 quidem
1666 2396 1832 2427 abalienato,

1041 2442 1090 2471 sed
1106 2442 1235 2470 essentia;
1249 2441 1296 2469 Dei
1312 2441 1516 2477 quodammodo
1527 2442 1677 2477 particeps.

1078 2487 1112 2515 Et
1120 2487 1251 2520 Josaphat
1265 2495 1312 2515 rex
1322 2486 1395 2514 Iuda
1409 2494 1469 2514 cum
1483 2495 1526 2515 eo.
1541 2486 1687 2515 Profectus
1706 2491 1749 2515 est
1777 2495 1830 2515 una

826 2602 941 2630 VARIAE
964 2601 1167 2631 LECTIONES.

254 2655 266 2671 ⁸
280 2650 308 2678 In
326 2650 430 2678 Catena
464 2650 577 2683 Veneta,
614 2650 664 2677 [οι.
679 2650 733 2678 205
746 2650 780 2677 ad
793 2650 828 2678 111
842 2649 909 2685 Reg.
933 2658 1001 2683 mi,
1026 2650 1082 2685 719.
1101 2650 1148 2677 ubi
1169 2648 1210 2685 Vde
1231 2648 1353 2676 Michaue
1371 2648 1583 2685 visioneiverba
1600 2648 1677 2679 (lunt.
1690 2649 1827 2685 prolixum

199 2685 384 2721 fragmentum
396 2685 528 2721 scribitur
540 2686 591 2713 sub
603 2685 682 2721 titulo
699 2686 879 2721 ιΘεοδωρήτου
899 2687 932 2712 ὲκ
946 2685 994 2712 τοῦ
1006 2684 1030 2720 γ’

1043 2684 1123 2719 λόγου
1134 2684 1182 2710 τοῦ
1195 2684 1266 2711 κατὰ
1280 2684 1450 2719 Μανιχαίων.
1473 2684 1631 2712 Theodoreti
1655 2684 1780 2711 em'lertio
1796 2684 1829 2710 ίί-

198 2719 256 2756 bro‘
273 2726 368 2748 contra
397 2720 575 2756 Manicheum,
593 2720 668 2755 quod
690 2724 766 2756 certe
787 2719 861 2756 esset
873 2720 1044 2756 incognitum
1056 2720 1222 2756 Theodoreti
1248 2727 1337 2756 opus;
1352 2724 1543 2756 verumtamen
1563 2719 1615 2756 hoc
1629 2719 1699 2756 idem
1712 2725 1828 2756 prorsus

199 2755 383 2791 fragmentum
396 2756 452 2783 vidi
468 2755 573 2783 editum
593 2754 620 2783 in
633 2755 735 2783 Catena
747 2755 885 2791 Lipsiensi
902 2754 1113 2791 ad'przedictum
1130 2755 1282 2791 Bibliorum
1294 2755 1387 2782 locum
1408 2755 1460 2782 sub
1474 2755 1601 2791 Procopii
1614 2754 1736 2782 nomine.
1754 2754 1828 2781 Sane

199 2789 364 2825 Procopium
383 2791 544 2826 coniecisse,
550 2796 665 2826 catenas
679 2789 794 2822 scimus.
806 2795 833 2818 et
847 2789 959 2826 quidem
976 2791 1084 2826 aliquas
1101 2789 1265 2826 continuato
1287 2797 1415 2826 sermone
1435 2790 1650 2826 suppressisque
1673 2793 1825 2826 auctorum

199 2824 338 2853 variorum
351 2826 520 2862 nominibus,
535 2824 616 2862 Nihil
628 2826 797 2862 errgvobstat
812 2824 962 2862 quominus
975 2824 1125 2862 Procopius
1135 2832 1149 2852 a
1161 2824 1526 2862 TlLeodoreto__hunclocum
1543 2824 1692 2862 sumpserit
1708 2833 1715 2853 :
1737 2831 1827 2860 quau-

201 2869 282 2896 quam
295 2869 346 2897 ego
364 2861 392 2888 in
409 2861 461 2889 hoc
476 2861 559 2889 dubio
580 2861 649 2889 nihil
657 2859 768 2889 deﬁnio.
783 2859 850 2890 Anc.
869 2860 935 2896 MM,
950 2859 1080 2890 Bibliotli.
1102 2868 1170 2888 nova
1189 2859 1315 2895 Patrum,
1330 2859 1374 2895 111,
1393 2859 1457 2889 448.
