2079 3161
296 149 365 182 1179

954 154 1111 186 PROCOPI
1115 156 1127 186 Ι
1147 156 1266 188 GAZ/El

1855 158 1922 189 1180

294 212 358 233 cum
386 205 489 238 Achab,
514 214 563 234 sua
591 207 690 242 pietate
717 216 773 235 rem
789 209 929 244 indignam
966 211 1079 238 faciens.

1140 214 1240 248 ιπῆρεν
1264 214 1385 249 Ἅχαὰϐ,
1422 214 1471 249 τῆς
1500 213 1732 248 ιδίαςκεὺσεϐείας
1759 214 1856 246 ἀνάξια
1882 215 1921 241 δεο

295 251 362 277 Cum
385 250 457 278 enim
484 252 644 287 prophetam
669 254 879 288 requisivisset.
912 257 1085 291 pseudopro-

295 296 391 332 phetas
406 297 568 332 ablegasset,
581 302 609 325 et
625 306 657 325 ex
676 298 787 327 Michma
799 300 930 335 quidnam
949 303 1083 336 agendum

295 346 367 369 esset
385 341 536 376 didicisset,
551 344 698 371 amicitiam
724 349 814 373 tamen
832 346 927 380 pietati
961 355 1031 374 verae
1057 351 1084 375 et

297 387 419 421 religioni
450 389 580 423 praetulit.
613 389 746 417 Caeterum
779 395 889 425 propter
917 391 986 420 alias
1019 401 1084 420 suas

295 433 411 460 virtutes
425 441 499 460 cura:
514 433 559 461 Dei
576 442 640 470 erga
662 443 692 462 se
715 436 832 463 fructum
847 438 978 472 percepit.

331 478 415 506 Vsus.
443 480 487 507 38.
509 479 602 507 Scorla
617 481 775 508 lavabantur
791 483 818 509 in
838 483 966 518 sanguine
989 484 1083 518 ipsius.

297 523 392 550 Scurta
416 524 467 552 sub
487 531 614 552 auroram
631 534 680 561 pro
699 534 775 554 more
794 527 963 562 lavabantur,
982 537 1036 557 non
1052 529 1086 557 de

297 568 431 596 industria
460 569 486 596 in
504 571 637 606 sanguine
656 572 780 600 volentes
795 573 892 605 lavari.
908 573 968 605 sed.
989 582 1086 609 quem-

297 614 443 642 admodum
461 622 670 650 consueverant,
683 618 711 645 in
728 626 799 653 aqua
823 618 934 647 fontana
949 628 957 652 ;
974 621 1019 647 illa
1035 628 1085 647 au-

297 664 351 687 tem
376 661 509 696 sanguine
534 662 619 690 tincta
634 668 704 690 erat.
731 664 763 691 Et
787 665 844 692 haec
860 673 939 701 poma
968 667 1087 694 humano

297 714 373 734 more
398 707 523 735 acerbior
549 716 610 736 esse
635 709 694 737 visa
714 714 767 737 est.
787 709 902 743 Quidam
921 719 995 744 vero,
1019 711 1089 739 indi-

297 760 379 787 gnum
405 757 543 788 putantes,
558 758 587 781 ut
601 755 627 782 in
641 762 734 783 sacras
743 755 859 784 Litteras
874 756 925 784 hoc
944 757 1087 791 referatur,

296 798 444 832 dixerunt,
471 800 614 834 quonlam,
632 805 768 836 quotquot
793 802 874 838 hujus
890 803 926 830 rei
939 803 1088 838 participes

298 843 420 876 fuerunt,
440 845 564 873 videntes
594 846 772 881 quiescebant
793 849 820 875 in
847 853 987 883 posterum
1015 850 1087 877 rela-

1135 258 1254 293 δρακώς.
1274 259 1460 294 Ἐπιζητήσας
1475 259 1529 293 γὰρ
1551 259 1705 294 προφήτην,
1722 260 1769 286 καὶ
1785 261 1847 291 τοὺς
1860 261 1922 295 ψευ-

1136 304 1309 339 δοπροφήτας
1323 304 1570 339 ἀποπεμψάμενος,
1582 303 1673 330 καὶτὸ
1687 305 1825 339 πρακτέον
1847 306 1923 340 παρᾶ

1136 349 1184 376 τοῦ
1193 349 1311 384 Μιχαίου
1324 349 1504 384 μεμαθηκὼς,
1516 349 1566 384 τῆς
1580 348 1724 380 εὐσεϐείας
1735 350 1922 385 προτετίμηκε

1136 395 1185 429 τὴν
1206 395 1307 430 φιλίαν.
1327 396 1400 431 Πλὴν
1424 395 1469 421 διὰ
1492 395 1540 430 τὴν
1559 395 1643 430 ἀλλην
1665 394 1749 422 αὑτοῦ
1762 396 1863 431 ἀρετὴν
1874 397 1923 431 τῆς

1138 440 1212 471 θείας
1227 440 1392 476 κηδεμονίας
1408 441 1574 468 ἀπέλαυσεν.

1172 485 1226 513 Καὶ
1239 487 1268 512 αἱ
1282 486 1387 520 πόρναι
1404 485 1574 513 ἐλούσαντο
1590 487 1625 513 ἐν
1651 485 1691 518 τῷ
1705 487 1805 520 αἵματι
1817 485 1923 513 αὐτοῦ.

1138 530 1171 556 At
1187 530 1283 564 πόρναι
1300 529 1352 556 ὑπὸ
1363 530 1413 565 τὴν
1429 530 1469 556 ἕω
1483 529 1554 556 κατὰ
1574 530 1605 557 τὺ
1621 530 1856 562 ἐοοςίὲλούσαντο.
1869 530 1925 556 Οὐκ

1138 575 1295 610 ἐξεπίτηδες
1310 576 1350 607 εἰς
1367 575 1398 602 τὺ
1417 573 1487 611 αἷμα
1507 575 1668 610 βουλόμεναι
1689 575 1850 607 λούσασθαι,
1868 574 1925 600 ἀλλ’

1139 622 1179 653 είς
1197 622 1228 648 τὸ
1241 623 1370 657 πηγαῖον,
1385 622 1424 653 ὡς
1436 621 1588 654 εἱώθεισαν,
1600 622 1672 657 ὕδωρ
1681 629 1688 638 ·
1702 621 1781 648 τοῦτο
1790 621 1817 647 δὲ
1831 618 1867 655 ἦν
1880 629 1926 646 κε-

1139 667 1298 702 χρωσμένον
1311 668 1351 703 τῷ
1364 668 1472 702 αἵματι.
1489 668 1544 694 Καὶ.
1557 667 1592 694 τὰ
1605 667 1655 702 τῆς
1669 667 1804 702 τιμωρίας
1817 666 1925 701 ἀνθρω-

1140 713 1224 745 πίνως
1238 714 1328 745 ἔδοξεν
1351 712 1423 741 εἶναι
1445 713 1606 749 πικρότερα.
1619 713 1697 744 Τινὲς
1719 713 1759 746 δὲ,
1772 712 1850 743 θείας
1861 712 1926 738 ἀνα-

1140 760 1251 795 γραφῆς
1263 759 1371 792 ἀνάξιον
1388 759 1466 786 τοῦτο
1480 760 1655 794 νομίσαντες,
1669 759 1784 793 ἔφασαν,
1798 759 1854 790 ὅτι,
1869 758 1926 784 ὅσοι

1141 807 1190 841 τῆς
1210 807 1295 841 αὐτῆς
1319 806 1446 842 πράξεως
1467 805 1645 837 ἐκοινώνουν,
1659 805 1824 840 θεασάμενοι
1839 803 1926 830 ἐπαύ-

1144 860 1225 879 σαντο
1239 852 1332 879 λοιπὸν
1344 851 1381 884 ὡς
1398 852 1466 887 πρός
1479 860 1515 879 τι.
1532 852 1587 879 Καὶ
1603 853 1626 878 εί
1650 851 1688 886 μὴ
1702 851 1788 886 αὐτὴν
1801 850 1860 884 ἕξιν
1875 851 1927 877 ἀπ-

297 888 359 921 Iive,
377 889 502 924 quamvis
516 895 642 917 naturam
659 899 713 919 non
729 893 820 920 statim
839 895 1005 921 mutaverint
1019 912 1027 927 ,
1056 898 1084 922 et

1141 898 1237 925 ἐσαλον
1250 897 1359 929 εὐθέως,
1379 884 1428 924 καί
1437 897 1508 924 κατὰ
1522 898 1600 924 τοῦτο
1615 884 1758 924 ἐλούσαντο
1767 884 1800 922 ἐν
1821 895 1862 930 τῷ
1884 895 1927 921 αἴ-

294 934 373 968 juxta
404 934 456 962 hoc
485 936 646 964 lavabantur
667 937 696 966 in
728 939 860 974 sanguine
888 940 996 974 ipsius,
1025 948 1088 967 cum

299 987 374 1007 mors
389 980 492 1018 Achabi
511 983 637 1017 purgatio
654 984 775 1018 ipsorum
793 984 888 1017 ﬂeret;
911 992 972 1012 nam
989 985 1089 1012 iutetn~

297 1027 448 1060 perantia!!!
464 1033 492 1056 et
515 1030 693 1064 petulantiam
719 1031 840 1066 ipsorum
858 1031 1007 1066 prohibuit,
1024 1038 1086 1058 cum

297 1072 329 1098 ad
347 1073 419 1100 hunc
436 1074 546 1102 modum
563 1075 674 1103 lascivia
696 1076 740 1103 illa
766 1080 794 1104 et
809 1077 1019 1111 intemperantia
1036 1083 1086 1111 pu-

298 1116 412 1144 niretur.
429 1117 549 1153 Simplex
563 1124 591 1147 et
615 1120 749 1148 innocens
778 1122 886 1149 cautior
903 1121 943 1154 lit,
957 1121 1034 1155 juxta
1051 1121 1085 1148 il-

299 1161 343 1188 lud
366 1163 437 1197 quod
456 1164 483 1192 in
503 1165 641 1199 parabolis
656 1166 764 1201 legitur.
780 1166 836 1200 Sic.
851 1167 929 1202 juxta
946 1165 1086 1199 Davidem,

299 1207 380 1233 etiam
402 1207 491 1242 justus
515 1216 612 1238 manus
628 1218 692 1239 suas
709 1211 780 1239 lavat
797 1212 823 1239 in
840 1211 973 1248 sanguine
988 1219 1088 1246 pecca-

301 1251 377 1279 turis.

361 1358 1356 1374 _—__________________

1143 950 1207 977 ματι
1222 941 1316 975 αὑτοῦ,
1332 941 1378 968 τοῦ
1393 941 1509 968 Θανάτου
1528 940 1632 976 Ἀχαὰὸ
1647 938 1820 975 καθαρισμοῦ
1833 937 1925 964 αὐτῶν

1140 987 1297 1023 γενομένου.
1321 987 1379 1014 Κω)
1386 987 1478 1018 υτικδς
1490 987 1545 1022 γὰρ
1567 986 1645 1021 ὤφθη
1667 986 1716 1021 τῆς
1730 985 1845 1013 ἐκείνων
1859 985 1925 1010 ἁκο-

1140 1032 1248 1064 λασίας.
1264 1031 1343 1059 Οὕτω
1356 1032 1403 1058 καὶ
1415 1030 1462 1058 τοῦ
1480 1030 1698 1067 τιμωρουμένου,
1713 1031 1727 1056 ὁ
1741 1030 1846 1061 ἄκακος
1861 1037 1927 1054 παν-

1135 1076 1298 1111 ουργότερος
1313 1075 1428 1109 γίνεται.
1441 1075 1520 1102 Κατὰ
1531 1076 1561 1101 τὸ
1573 1076 1603 1101 ὲν
1613 1076 1672 1107 ταῖς
1686 1074 1861 1110 Παροιμίαις.
1877 1073 1927 1099 Οὔ-

1136 1131 1175 1149 τω
1197 1122 1266 1148 κατὰ
1285 1121 1376 1154 Δαϐὶδ,
1392 1121 1440 1148 καὶ
1453 1121 1467 1147 ὁ
1482 1121 1586 1152 δίκαιος
1608 1120 1657 1151 τὰς
1680 1121 1774 1155 χεῖρας
1789 1119 1876 1146 αὑτοῦ
1890 1118 1927 1145 νί-

1138 1176 1236 1195 metut
1252 1168 1282 1194 ἐν
1297 1167 1335 1202 τῷ
1351 1167 1448 1202 αἵματι
1473 1167 1521 1193 τοῦ
1540 1165 1714 1202 ἁμαρτωλοῦ.

1715 1365 1911 1373 ——_——.—

371 1449 492 1506 ΕΙΣ
539 1453 696 1510 ΤΗΝ
751 1453 1148 1514 ΤΕΤΑΡΤΗΝ
1204 1457 1353 1514 ΤΩΝ
1419 1453 1848 1514 ΒΑΣΙΛΕΙΩΝ.

509 1657 587 1719 IN
630 1658 936 1723 LIBRUM
985 1639 1376 1734 QUARTUM
1407 1659 1711 1755 REGUM.

565 1862 646 1898 550
661 1862 778 1891 CAPUT
791 1863 812 1891 ι.
834 1905 839 1908 _

339 1932 419 1960 Vsus.
451 1933 474 1959 Ι.
496 1931 528 1957 Et
555 1932 746 1966 pi'teuaricalus
767 1937 806 1959 est
836 1933 915 1960 Moab
940 1934 967 1960 in
991 1932 1090 1962 Israel.
1124 1943 1131 1953 ι

303 1979 426 2006 Moabitae
438 1977 558 2009 Achabo,
574 1977 654 2012 cujus
670 1977 784 2012 imperio
799 1978 943 2012 parebant,
958 1978 1091 2005 tributum

307 2023 474 2058 pendebant.
491 2022 539 2049 Illo
553 2027 643 2050 autem
657 2021 799 2056 defuncto,
813 2022 898 2050 lilium
914 2027 1092 2051 contemnen-

305 2072 357 2099 tes.
373 2067 551 2095 deiectionem
567 2066 602 2094 ab
614 2074 646 2094 eo
663 2066 798 2095 fecerunt.

338 2123 420 2151 Vsus.
435 2122 504 2150 2.1a
519 2122 649 2150 cancellos
666 2123 804 2151 cwnacull.
822 2123 926 2152 Domus
941 2128 1000 2153 erat
1014 2124 1090 2153 aesti-

303 2170 382 2202 valis,
412 2176 472 2204 qua:
496 2168 595 2196 multas
613 2168 759 2201 fenestras.
778 2169 806 2196 in
818 2170 929 2198 modum
944 2171 1011 2199 retis
1026 2178 1092 2199 can-

303 2216 415 2244 eellatas
426 2215 552 2247 habebat,
564 2221 633 2249 quas
647 2214 727 2250 vulgo
737 2215 897 2251 διατρήτους
911 2217 1060 2252 appellant.

340 2260 424 2288 Vsus.
435 2260 462 2287 6.
477 2259 596 2287 Idolum.
606 2258 747 2294 Scriptura
757 2280 766 2292 ,
786 2260 859 2288 idola
868 2261 1091 2297 προσοχθίσματα

305 2307 352 2334 καὶ
363 2305 538 2342 βδελύγματα
549 2305 687 2340 appellat;
713 2305 898 2334 abominanda
925 2306 1000 2334 enim
1014 2311 1089 2340 sunt,

304 2359 332 2381 et
348 2353 454 2383 odiosa.
473 2352 500 2379 id
516 2351 590 2386 quod
605 2351 742 2386 signiﬁcat
769 2352 972 2388 προσόχθισμα,
989 2360 1088 2388 quem-

304 2398 449 2426 admodum
470 2396 594 2425 Rebecca
616 2396 753 2431 loquitur:
768 2397 950 2432 Προσώχθισα
967 2399 1001 2434 τῇ
1014 2397 1088 2434 ψυχῇ

306 2453 369 2480 μου,
397 2444 442 2472 διὰ
455 2443 505 2475 τὰς
518 2443 671 2478 θυγατέρας
684 2442 739 2470 τῶν
755 2443 916 2471 Χαναναίων
930 2453 938 2478 ;
953 2444 1006 2472 hoc
1027 2449 1088 2472 est:

305 2489 357 2519 Odi
379 2490 496 2516 animum
510 2496 595 2515 meum
621 2493 728 2524 propter
757 2488 831 2523 ﬁlias
865 2489 1088 2517 Chananworum.

304 2536 338 2563 Et
352 2535 448 2568 DavidI
466 2535 560 2571 Κακία
577 2535 606 2561 δὲ
619 2535 651 2562 οὐ
675 2534 861 2571 προσώχθισα,
879 2535 905 2562 id
926 2539 979 2568 est,
1001 2545 1011 2561 ί
1030 2534 1089 2563 Non
1105 2551 1128 2579 υ

304 2580 347 2608 odi
362 2580 447 2607 illam.
465 2589 474 2606 ι
490 2579 588 2607 Merito
600 2583 691 2608 autem
706 2580 873 2615 deploranda
887 2583 929 2608 est
943 2580 1090 2616 impiorum

304 2626 421 2654 insania.
436 2625 542 2653 Etenim
552 2633 607 2654 non
615 2626 704 2654 solum
718 2633 816 2662 magna
831 2626 968 2658 animalia,
979 2625 1027 2654 sed
1040 2625 1092 2652 mi-

304 2673 378 2700 nima
393 2672 475 2699 etiam
499 2676 527 2700 et
535 2671 629 2700 odiosa
643 2679 693 2707 pro
706 2671 761 2700 diis
769 2672 924 2699 coluerunt.
934 2671 1004 2704 Quid
1017 2671 1090 2699 enim

302 2717 427 2745 odiosius
450 2720 478 2745 et
501 2717 683 2752 contemptius
708 2718 824 2745 musca?
845 2716 1030 2745 Nihilominus
1045 2720 1089 2744 ta-

304 2770 378 2795 men,
390 2762 486 2791 relicto
494 2762 640 2790 Comlitore
655 2762 788 2794 universi,
798 2769 899 2792 muscae
910 2762 1089 2790 simulacrum

305 2808 338 2836 de
354 2807 409 2836 vita
425 2808 614 2835 consulebant.
635 2807 721 2835 Porro
735 2815 768 2835 ex
791 2807 844 2842 his,
864 2815 926 2844 qua:
953 2805 1091 2838 Eusebius

306 2855 442 2892 principio
458 2854 622 2891 Evangelica:
631 2855 835 2891 pm’paralionis
853 2863 886 2884 ex
904 2855 983 2885 libris
999 2848 1091 2884 Philo-

1352 1862 1551 1892 ΚΕΦᾹΛΑΙΟΝ
1573 1864 1721 1891 ΠΡΩΤΟΝ.

1181 1931 1234 1959 Kal
1259 1932 1389 1966 ἡθέτησε
1417 1933 1505 1959 ,Ηωὰϐ
1533 1933 1569 1959 ἐν
1585 1931 1718 1965 Ἰσραήλ.
1748 1931 1856 1965 AMva
1869 1930 1926 1965 ἔφε-

1144 1987 1190 2014 ρον
1218 1979 1242 2005 οί
1259 1976 1408 2013 μιιωασὶἰται
1435 1978 1475 2013 τῷ
1502 1977 1664 2013 Ἀχαὰ6,ὠς
1689 1977 1814 2012 ὑπήκοοι.
1832 1977 1925 2002 Τελευ-

1143 2024 1277 2059 τήσαντος
1284 2024 1313 2051 δὲ
1326 2024 1443 2058 ἐκείνου,
1457 2025 1715 2060 καταφρονήσαντες
1726 2023 1772 2050 τοῦ
1782 2023 1866 2056 υἱέος,
1877 2023 1928 2049 ἀπε

1144 2069 1259 2104 ἐκοψαν.

1175 2127 1225 2158 El;
1245 2126 1279 2153 τὸ
1299 2126 1465 2154 δικτυωτὸν
1482 2126 1630 2161 ὑπερῷον.
1652 2124 1734 2158 οἶκος
1761 2124 1795 2162 ἦν
1813 2125 1923 2162 θερινὸς,

1143 2170 1246 2203 πολλὰς
1270 2171 1340 2206 ἔχων
1366 2171 1555 2206 φωταγωγοὺς
1568 2171 1744 2204 δικτυοειδείς
1760 2179 1924 2198 κατεσκευα-

1144 2216 1258 2252 σμένας,
1274 2217 1307 2248 ἃς
1332 2217 1494 2253 διατρήτους
1507 2216 1687 2250 ὀνομάζουσιν
1703 2217 1728 2243 οἱ
1742 2217 1846 2244 πολλοί.

1178 2262 1403 2295 Προσόκθισμα.
1424 2260 1665 2296 Προσοχθίσματα,
1677 2260 1726 2288 καὶ
1745 2259 1924 2295 βδελύγματα,

1142 2304 1177 2332 τὰ
1191 2304 1288 2333 εἴδωλά
1304 2314 1386 2341 φησιν
1399 2306 1416 2341 ἡ
1433 2306 1542 2341 Γραφή.
1560 2305 1680 2341 Βδελυρὰ
1693 2305 1756 2339 γὰρ,
1771 2304 1819 2331 καὶ
1835 2304 1925 2339 μίσους

1142 2351 1216 2384 ἄξια,
1229 2351 1243 2378 ὃ
1257 2351 1332 2387 δηλοί
1341 2351 1372 2378 τὸ
1382 2351 1583 2387 προσόχθισμα.
1601 2348 1677 2386 Ὠς’ὴ
1693 2350 1827 2377 Ῥεὸἐκκα
1842 2347 1924 2384 φησί·

1142 2395 1342 2431 Προσώχθισα
1353 2395 1392 2431 τῇ
1401 2396 1492 2431 ψυχῇ
1500 2405 1569 2430 μου,
1577 2395 1626 2422 διὰ
1634 2395 1687 2428 τὰς
1697 2395 1859 2430 θυγατέρας
1869 2392 1925 2420 τῶν

1142 2443 1328 2474 Χαναναίων,
1343 2442 1479 2475 τουτέστι,
1494 2441 1654 2476 Μεμίσηκα.
1669 2440 1725 2467 Καὶ
1741 2441 1755 2467 ὁ
1766 2439 1858 2466 Δαϐἱδ”
1871 2440 1925 2466 Ka-

1142 2487 1193 2521 κιᾳ
1205 2487 1240 2514 δὲ
1252 2488 1290 2514 οὐ
1319 2487 1523 2522 προσώχθισα,
1548 2486 1698 2518 τουτέστιν,
1723 2485 1773 2512 οὐκ
1794 2484 1923 2520 ἐμίσησεν

1143 2533 1239 2568 αὐτήν.
1267 2533 1382 2568 Θρηνεῖν
1401 2532 1430 2558 δὲ
1452 2532 1527 2565 ἄξιον
1559 2532 1610 2566 τὴν
1625 2531 1681 2558 τῶν
1703 2530 1840 2557 δυσσεσῶν
1863 2529 1923 2556 ἁλο-

1142 2578 1216 2612 γίαν.
1234 2578 1272 2605 Οὐ
1283 2578 1338 2614 γὰρ
1353 2578 1433 2614 μόνον
1443 2578 1477 2605 τὰ
1491 2577 1608 2613 μέγιστα
1623 2576 1678 2603 τῶν
1689 2574 1767 2608 ζώων
1788 2574 1924 2608 toea-uoln-

1142 2632 1202 2656 σαν,
1220 2624 1289 2651 ἀλλὰ
1315 2624 1363 2651 καὶ
1382 2623 1416 2651 τὰ
1432 2623 1621 2659 σμικρότατα,
1636 2622 1683 2650 καὶ
1707 2622 1804 2658 μίσους
1829 2620 1922 2657 μεστά.

1140 2669 1175 2696 Τί
1189 2669 1244 2705 γὰρ
1267 2669 1460 2705 μυσαρὼτερον
1486 2669 1590 2705 μυίαςς
1613 2668 1684 2695 Ἀλλ’
1702 2667 1787 2704 ὅμως,
1809 2667 1853 2694 σὺν
1872 2665 1923 2694 τῶν

1142 2714 1210 2742 ὅλων
1235 2715 1433 2747 καταλιπόντες
1456 2715 1533 2748 Θεὸν.
1559 2715 1590 2742 τὸ
1609 2715 1711 2751 ταύτης
1737 2714 1850 2749 ἰνδαλμα
1862 2711 1923 2747 περὶ

1143 2761 1217 2800 ζῳῆς
1232 2761 1393 2798 ἐπηρώτων.
1408 2761 1482 2797 Πλὴν
1495 2761 1555 2789 ἔστι
1571 2761 1667 2797 μαθεῖν
1688 2761 1719 2793 ἐξ
1739 2757 1776 2788 ὢν
1797 2758 1923 2789 Εὐσέϐιος

1143 2808 1172 2834 ὲν
1187 2808 1259 2844 ἀρχῇ
1274 2807 1324 2843 τῆς
1331 2808 1538 2843 Εὐαγγελικῆς
1549 2805 1806 2842 προπαρασκευῆς
1821 2806 1852 2832 ἐκ
1869 2804 1921 2832 τῶν

1144 2853 1261 2885 Φίλωνος
1274 2853 1464 2890 παρατίθεται,
1485 2852 1523 2885 ὠς
1546 2852 1651 2889 δαίμων
1680 2851 1731 2889 ἦν,
1747 2851 1818 2879 οὕτω
1846 2848 1919 2885 λεγό-
