2079 3161
184 163 250 196 1181

665 166 933 197 COMMENTARII
961 167 1000 198 IN
1021 168 1096 199 LIB.
1114 168 1153 200 IV
1172 169 1320 199 REGUM.

1749 162 1821 195 1182'
1837 187 1841 191 .

182 227 278 253 μενος·
297 218 398 253 μᾶλλον
420 218 448 246 δὲ
472 219 541 255 γυνὴ
572 219 673 247 παλαιά
698 229 749 253 τις,
772 221 805 256 ἢν
834 220 973 256 ὲθεοποίη-

1029 224 1067 250 nis
1084 222 1194 250 adducit
1215 223 1346 257 colligere
1361 221 1425 248 licet
1439 241 1447 254 ,
1464 219 1614 247 daemonem
1638 217 1690 246 hoc
1705 218 1816 245 nomine

178 272 242 291 σαν.

217 351 422 384 Καταόήσεται
436 351 497 385 πῦρ
512 351 547 379 ἐκ
568 351 622 379 τοῦ
637 352 778 386 οὐρανοῦ.
795 352 827 380 οι
841 352 887 380 τὸν
900 361 970 387 προ-

180 395 271 431 φήτην
289 396 335 421 ἐπὶ
346 397 403 427 τοῖς
421 397 666 433 πεντηκοντάρχοις
680 397 824 433 ὠμότητος
837 397 968 432 αἰτιώμε‹

179 440 318 473 νοι,·κατὰ
334 441 402 468 Θεοῦ
424 442 586 470 λανθάνουσι
604 442 831 478 βλασφημοῦντες
843 463 850 474 ,
868 442 915 469 τοῦ
937 443 969 469 τὸ

181 487 239 522 πῦρ
255 486 477 519 ἀποστείλαντος.
496 488 556 523 Χρὴ
581 489 635 523 γὰρ
654 488 755 515 ειδέναι
772 488 824 523 τῆς
839 488 915 520 θείας
931 489 970 515 ol-

179 532 313 567 κονομίας
330 533 360 559 τὸ
374 533 490 565 δίκαιον,
508 535 556 560 καὶ
569 533 606 565 ὡς
621 535 650 560 ὲν
664 534 726 569 δίκῃ
739 534 850 566 κολάζει
864 542 905 566 τε,
921 535 970 560 καὶ

182 579 264 606 πάλιν
279 579 429 614 εὐεργετεῖ.
450 579 530 615 Δῆλοι
554 579 583 606 δὲ
605 578 676 615 ἦσαν
691 581 716 606 οἱ
739 580 969 616 πεντηκόνταρχοι

184 624 254 659 μετὰ
268 625 323 651 τῶν
337 625 479 660 ἑπομένων
491 625 530 661 τῷ
553 625 646 660 σκοπῷ
660 626 837 661 πεπομφότος
850 625 970 660 συμϐαί-

182 678 283 701 νοντες.
307 670 336 697 '0
360 670 413 706 γὰρ
423 671 525 706 τρίτος,
554 671 691 706 ἐπιεικείᾳ
711 671 759 698 καὶ
781 672 872 698 πίστει
886 680 971 707 1:906-

183 715 318 750 ενεχθεὶς,
330 717 364 751 τῇ
391 717 475 752 πείρα
495 716 545 752 τὴν
559 717 676 752 δύναμιν
696 716 744 743 τοῦ
760 717 901 752 προφήτου
917 725 971 751 μα-

183 761 249 794 θὼν⁷
271 761 444 794 διασώζεται.
469 763 548 794 Τινὲς
568 763 596 789 δέ
621 771 712 798 φασιν,
731 763 769 794 ὡς
786 763 856 798 μετὰ
871 763 972 798 πολλῆς

183 808 327 843 είρωνείας
338 808 535 844 προσελθόντες
555 809 670 836 ἐκάλουν
683 809 729 836 τὸν
752 809 868 843 δίκαιον,
888 817 972 836 κατα-

184 855 285 882 ϐαίνειν
306 856 431 883 ἐκέλευον
458 857 528 892 προς
550 856 660 888 αὐτούς.
679 857 761 884 Ὅθεν
786 856 845 883 ἀντ’
865 857 970 883 ἐκείνου

184 900 241 936 πῦρ
269 902 412 936 κατελθὸν,
436 889 500 934 τοὺς
532 902 701 935 ἀσεϐοῦντας
727 902 913 938 κατέφλεξεν,
933 904 975 935 είς
989 889 1011 918 Β

184 946 310 1018 παὲᾱίαν
332 946 381 974 τοῦ
409 948 447 984 μὴ
475 948 531 975 δεῖν
557 948 698 985 διασύρειν
719 949 766 976 καὶ
798 949 908 982 παίζειν
933 949 974 976 διο

186 1000 223 1018 κα
236 1000 293 1018 ους-

186 1000 293 1024 καιους.

485 1087 611 1116 ΚΕΦΔΔ.
635 1088 674 1115 Β¹.

223 1130 288 1158 ’Ὅτι
305 1132 361 1159 οὐκ
379 1132 419 1167 ἦν
441 1132 521 1166 αὐτῷ
536 1133 612 1166 υἱός.
623 1134 693 1165 Παῖς
707 1134 762 1169 γὰρ
778 1134 822 1161 ἀεὶ
838 1134 907 1170 μετὰ
919 1143 975 1161 πα-

185 1178 252 1213 τέρα
266 1178 338 1205 κατὰ
354 1178 438 1214 νόμον
448 1178 499 1214 τὴν
513 1179 652 1214 βασιλείαν
666 1180 782 1215 ἐδέχετο.
799 1180 931 1212 ’Δπαιδος
946 1180 976 1207 δὲ

185 1223 261 1255 ὄντος
274 1223 322 1250 τοῦ
333 1223 555 1259 τελευτήσαντος,
571 1225 625 1251 τῶν
651 1225 773 1260 ἀδελφῶν
788 1226 803 1252 ό
820 1225 976 1260 πρεσϐύτα-

185 1277 242 1301 τος.
258 1269 341 1297 Ὅθεν
355 1271 372 1305 ή
384 1270 432 1297 τοῦ
449 1270 532 1297 Δασὶδ
547 1271 682 1306 βασιλεία,
699 1271 780 1306 μέχρι
801 1272 852 1307 τῆς
890 1273 976 1308 αἰχμ-

186 1316 316 1348 αλωσίας,
335 1315 379 1342 διὰ
394 1316 498 1342 παίδων
515 1316 644 1351 κατῆλθε.
665 1316 718 1343 Τοῦ
732 1316 761 1343 δὲ
782 1317 908 1352 Ἰεχονίου
923 1318 977 1353 πρὸ

186 1361 235 1396 τῆς
249 1361 432 1393 παιδοποιίας.
442 1361 740 1398 ἁλόντος,ιΜατθανίας,
753 1363 766 1389 ὁ
780 1364 827 1389 καὶ
838 1363 976 1397 Σεδεκίας,

187 1406 304 1442 κατέσχε
331 1407 382 1443 τὴν
408 1407 556 1443 βασιλείαν,
582 1408 654 1440 θεῖος
680 1408 718 1435 ὣν
746 1409 828 1436 αὐτοῦ
840 1409 910 1444 πρὸς
925 1418 978 1436 πα-

187 1453 263 1489 τρός.

223 1500 276 1527 Kal
291 1499 482 1533 πεντήκοντα
494 1499 603 1534 ἄνδρες
615 1500 675 1527 ἀπὸ
687 1500 747 1527 τῶν
755 1500 828 1528 υἱῶν
837 1501 898 1528 τῶν
907 1509 978 1535 προ-

188 1545 301 1580 φητῶν,
321 1545 429 1580 Ίδίωμα
458 1546 510 1580 τῆς
527 1546 678 1581 Ἐὕραῖδος,
694 1546 752 1582 ἅμα
765 1547 793 1573 δὲ
808 1547 857 1573 καὶ
869 1547 976 1582 Σύρων,

189 1592 264 1624 υἱοὺς
276 1591 437 1627 προφητῶν,
447 1592 495 1618 καὶ
506 1592 581 1623 υἱοὺς
590 1591 752 1627 ἀνθρώπων,
765 1593 917 1628 προφήτας,
929 1592 978 1619 καὶ

189 1636 349 1673 ἀνθρώπους
370 1638 472 1672 λέγειν.
494 1638 538 1669 Ὠς
563 1638 609 1664 τό·
629 1646 639 1664 ι
656 1637 717 1664 Υἱοὶ
737 1637 902 1673 ἀνθρώπων,
924 1638 977 1670 ἔως

190 1684 256 1710 πότε
271 1683 470 1719 βαρυκάρδιοι;
490 1693 499 1709 ι
516 1683 582 1710 Καί·
602 1692 612 1709 ‹
625 1683 704 1710 Κατὰ
723 1683 754 1710 τὸ
769 1683 835 1718 ὕψος
852 1692 898 1710 σου
913 1685 978 1710 ἐπο-

190 1728 336 1764 λυὼρησας
363 1729 427 1760 τοὺς
449 1729 525 1760 υίοὺς
547 1729 603 1755 τῶν
626 1729 788 1764 ἀνθρώπων.
808 1739 817 1756 ι
834 1730 931 1757 Πολλοὶ
951 1730 980 1757 δὲ

190 1772 262 1810 ἦσαν
273 1775 422 1810 προφῆται,
438 1774 476 1806 ὡς
490 1775 504 1801 ὁ
514 1774 593 1809 λόγος
603 1775 748 1810 ἐδήλωσεν.

232 1862 441 1896 Ἐσκλήρυνας
461 1863 515 1891 τοῦ
535 1863 666 1898 αὶτῆσαι.
687 1864 725 1891 οὑ
747 1864 855 1900 φθονῶν
868 1866 918 1901 τῆς
933 1867 982 1902 χά-

195 1914 270 1942 ριτος
283 1906 322 1942 τῷ
335 1907 443 1943 μαθητῇ
466 1907 545 1935 τοῦτό
572 1917 666 1944 φησιν,
680 1909 748 1936 ἀλλὰ
765 1910 819 1936 τῶν
833 1910 920 1937 ἄλλων
934 1911 983 1938 ἀν-

195 1951 312 1987 θρώπων
324 1953 483 1988 κηδόμενος.
506 1954 583 1980 Ἐπεὶ
599 1954 653 1990 γὰρ
670 1956 759 1990 τρισὶν
772 1955 854 1988 ἔτεσι,
868 1958 916 1983 καὶ
927 1966 981 1992 μη-

195 1997 238 2023 σὶν
252 1996 298 2030 ἓξ,
313 1997 513 2030 δυσσεΰοῦντας
535 1999 599 2030 τοὺς
622 1999 783 2034 ἀνθρώπους
802 2001 963 2029 ἐπαίδευσεν
974 2009 982 2017 ·

196 2042 303 2078 ἀνάγκη
321 2043 350 2070 δὲ
366 2040 411 2078 ἧν,
427 2043 473 2070 τὸν
489 2043 588 2079 διπλῆς
610 2044 833 2080 κληρονομοῦντα
844 2047 894 2081 τῆς
907 2047 985 2083 χάρι-

197 2097 242 2119 τος
254 2088 383 2115 διπλάσια
397 2089 568 2124 ἐργάσασθαι
590 2091 752 2125 πράγματα.
771 2091 819 2117 ’Ἑν
830 2092 858 2118 δὲ
868 2092 983 2126 τούτων,

198 2134 270 2170 ήδιὰ
282 2133 329 2161 τοῦ
343 2134 424 2170 λιμοῦ
437 2135 569 2171 τιμωρία.
586 2136 676 2162 Φειδοϊ
697 2137 867 2171 κεχρημένος
894 2135 984 2170 εἶπεν,

205 2180 411 2215 Ἐσκλήρυνας
436 2180 491 2208 τοῦ
520 2180 652 2215 αἰτῆσαι.
681 2181 767 2207 Τοῦτο
781 2181 809 2207 δὲ
825 2181 872 2208 καὶ
883 2183 915 2208 ἑκ
934 2181 985 2216 τῆς

1020 269 1184 305 appellatum
1207 268 1311 300 fuisse;
1326 266 1369 294 vel
1384 265 1474 301 potius
1493 265 1629 293 aniculam
1655 263 1813 298 quamdam,

1020 324 1102 352 quam
1120 315 1148 343 in
1159 315 1270 342 dearum
1284 320 1427 340 numerum
1439 312 1602 340 retulerunt.

1056 362 1140 389 Vens.
1161 360 1204 387 10.
1222 358 1370 387 Descende!
1387 358 1455 393 ignis
1470 366 1484 385 ε
1499 357 1575 384 caelo.
1589 356 1640 389 Qui
1654 355 1812 391 prophetam

1020 406 1190 434 crudelitatis
1212 406 1238 433 in
1263 403 1512 439 quinquagenarios
1529 405 1671 433 accusant,
1697 408 1752 427 non
1775 403 1816 427 at-

1019 453 1136 480 tendunt
1161 459 1192 479 se
1225 450 1279 477 Deo
1294 448 1481 479 maledicere.
1496 447 1544 483 qui
1568 447 1642 474 hunc
1663 446 1753 480 ignem
1782 445 1816 473 de

1020 499 1091 526 caelo
1122 497 1208 526 misit.
1228 495 1380 524 Observare
1402 494 1475 522 enim
1503 496 1611 528 oportet
1633 491 1741 519 ordinis
1756 511 1764 522 ,
1787 496 1816 518 et

1021 543 1236 579 dispensationis
1263 541 1363 569 divinae
1386 539 1536 576 justitiam,
1563 537 1637 573 quod
1667 539 1816 570 sequentes

1020 588 1093 624 jnste
1121 588 1204 616 etiam
1229 587 1342 622 puniat,
1369 589 1397 613 et
1423 592 1534 613 rursum
1565 584 1635 611 bene
1650 583 1705 610 illis
1723 581 1816 608 iaciat.

1021 634 1090 662 Nam
1109 633 1247 664 manifesti
1270 635 1349 659 erant
1369 629 1605 666 pentecontarchi,
1625 631 1652 656 et
1675 627 1723 662 qui
1751 627 1815 653 illos

1022 679 1223 715 sequebantur.
1237 677 1310 712 quod
1326 676 1396 711 ejus,
1412 676 1457 710 qui
1477 675 1606 706 misisset.
1621 680 1733 708 scopum
1765 671 1817 699 sibi

1022 733 1131 761 quoque
1155 723 1371 759 proposuissent.
1385 721 1495 749 Tertius
1521 720 1592 747 enim
1604 740 1612 752 ,
1640 718 1777 753 mquitatc
1790 718 1818 743 el

1024 771 1076 799 lide
1090 770 1225 798 adductus
1235 789 1243 802 ,
1254 775 1317 795 cum
1350 767 1407 802 ipsa
1423 765 1590 801 experientia
1608 764 1748 799 propheta:
1759 761 1818 789 vir-

1023 819 1108 843 tutem
1121 819 1148 842 et
1174 813 1323 849 potentiam
1339 811 1492 841 didicisset,
1510 814 1638 837 servatur
1654 807 1813 836 incolumis.

1024 859 1141 893 Quidam
1153 861 1243 886 autent
1255 857 1361 888 dicunt,
1374 855 1459 891 quod,
1476 861 1574 890 magna
1587 852 1766 881 insultatione
1780 850 1815 878 ad

1025 913 1088 934 eum
1101 903 1269 934 accedentes.
1283 901 1406 929 vocarint
1419 900 1536 936 justum,
1550 903 1577 927 et
1592 899 1626 926 ad
1643 906 1673 926 se
1700 897 1816 924 descen-

1025 953 1091 981 dere
1115 949 1259 986 jusserint.
1284 947 1455 982 Quapropter
1476 953 1526 981 pro
1549 945 1603 973 illis
1628 943 1817 974 descendens,

1026 997 1124 1032 impios
1136 996 1198 1022 illos
1223 992 1373 1028 assumpsit
1391 992 1419 1019 in
1446 990 1599 1025 exemplum
1611 992 1638 1016 et
1654 988 1817 1015 doctrinam.

1025 1051 1060 1072 nc
1070 1043 1161 1079 justos
1174 1040 1305 1068 conviciis
1319 1044 1525 1074 persequamur,
1534 1043 1600 1064 neve
1607 1035 1754 1063 illudamus
1766 1033 1820 1061 eis.

1360 1083 1436 1112 CAP.
1461 1083 1493 1110 11.

1061 1135 1142 1163 Vens.
1163 1134 1188 1161 Ι.
1209 1132 1281 1166 Quia
1295 1131 1383 1166 ﬁlium
1405 1137 1458 1156 non
1479 1127 1602 1155 habebat.
1618 1125 1732 1160 Semper
1745 1123 1818 1151 enim

1026 1182 1098 1210 ﬁlius
1117 1180 1196 1215 juxta
1219 1179 1304 1214 legem
1330 1176 1400 1213 patri
1422 1175 1450 1203 in
1472 1171 1709 1202 administratione
1744 1169 1820 1204 regni

1026 1227 1211 1256 succedebat.
1239 1227 1347 1252 mortuo
1373 1229 1454 1255 vero,
1471 1220 1562 1248 nullos
1577 1222 1639 1254 post
1663 1225 1692 1245 se
1717 1216 1819 1243 liberos

1027 1272 1204 1309 relinquenti,
1218 1272 1332 1299 fratrum
1349 1269 1487 1296 maximus
1512 1270 1590 1294 natu.
1609 1264 1686 1292 Unde
1711 1261 1821 1290 Davidis

1027 1307 1140 1356 regnum
1161 1325 1249 1353 usque
1265 1316 1299 1343 ad
1312 1314 1499 1350 captivitatem
1516 1319 1565 1348 per
1579 1310 1648 1338 ﬁlios
1669 1307 1821 1336 descendit.

1026 1366 1157 1394 Jechonia
1183 1371 1247 1392 vero
1263 1365 1343 1397 capto
1370 1365 1515 1395 antequam
1538 1357 1608 1385 ﬁlios
1632 1358 1821 1391 procreasset,

1027 1412 1179 1441 Mathanias
1197 1410 1243 1446 qui
1253 1415 1280 1437 et
1292 1407 1452 1441 Sedechias,
1462 1405 1607 1441 imperium
1619 1402 1724 1435 tenuit;
1738 1407 1823 1428 avun-

1027 1459 1107 1488 culus
1129 1457 1201 1485 enim
1219 1459 1279 1484 erat
1296 1462 1329 1481 ex
1348 1456 1437 1489 patre.

1064 1503 1150 1531 Vsus.
1166 1502 1195 1528 7.
1213 1500 1248 1528 Et
1262 1498 1455 1535 quinguaginta
1481 1495 1532 1523 uiri
1547 1502 1581 1522 ea:
1595 1493 1660 1529 ﬁliis
1678 1490 1823 1527 propheta-

991 1559 1015 1591 α
1030 1558 1099 1578 rum.
1115 1547 1200 1576 Filios
1213 1546 1405 1582 prophetarum
1422 1545 1449 1570 et
1468 1541 1539 1569 filios
1559 1539 1700 1591 honiimlt‘m
1714 1557 1722 1570 ,
1737 1535 1825 1564 homi-

1030 1602 1079 1623 nes
1106 1597 1135 1621 et
1150 1581 1298 1628 prophetas
1320 1587 1467 1624 appellare,
1483 1586 1585 1613 idioma
1600 1588 1643 1612 est
1658 1581 1823 1610 Hchraicum

1028 1645 1056 1670 et
1074 1627 1476 1675 Syriacum.Qucmadmodnm
1492 1630 1561 1659 illud
1578 1640 1584 1658 :
1612 1639 1622 1656 ι
1643 1627 1708 1656 Filii
1731 1627 1825 1654 homi-

1030 1671 1258 1719 num,quousque
1274 1679 1350 1716 gravi
1368 1678 1451 1706 corde
1465 1677 1533 1705 estis
1546 1675 1591 1701 "‘1
1610 1684 1620 1701 ι
1641 1674 1696 1701 Et:
1715 1682 1724 1699 ι
1742 1671 1825 1698 Juxta

1030 1729 1202 1759 altitudinem
1218 1732 1293 1754 tuam
1309 1722 1497 1759 mnltiplicasti
1514 1721 1585 1749 ﬁlios
1607 1719 1763 1750 hominum,
1779 1724 1827 1744 eo-

1031 1783 1149 1810 rumque
1172 1780 1267 1802 curam
1289 1769 1410 1798 habuisti
1434 1768 1469 1797 “.
1495 1777 1504 1794 ι
1536 1766 1614 1795 Multi
1636 1768 1726 1793 autem
1748 1765 1828 1791 erant

1030 1821 1182 1859 prophetae,
1200 1821 1229 1846 ut
1248 1818 1292 1844 hic
1307 1817 1385 1843 locus
1400 1814 1534 1842 ostendit.

1067 1854 1150 1896 Visus.
1166 1865 1209 1893 10.
1228 1864 1292 1891 Rem
1308 1863 1403 1890 duram
1418 1867 1443 1889 et
1473 1859 1603 1896 diﬁicilem
1629 1856 1754 1893 petiuiati.
1769 1854 1828 1882 Non

1033 1916 1105 1951 quod
1114 1911 1255 1947 discipulo
1287 1909 1416 1944 gratiam!
1426 1911 1453 1934 et
1468 1907 1540 1935 dona
1553 1905 1673 1933 invideat
1685 1923 1693 1935 ,
1714 1903 1771 1930 haec
1789 1902 1830 1929 lo-

1033 1948 1126 1997 quitur
1138 1978 1146 1992 ,
1164 1957 1210 1985 sed
1224 1956 1341 1982 aliorum
1356 1953 1497 1980 hominum
1515 1958 1609 1979 curam
1624 1957 1733 1986 gerens,
1749 1948 1833 1983 Nam,

1033 1993 1096 2033 cum
1117 2004 1174 2038 ipse
1198 2001 1285 2028 tribus
1314 1998 1395 2026 annis
1421 2001 1447 2024 et
1472 2004 1521 2024 sex
1550 1995 1689 2022 mensibus
1705 1993 1830 2020 homines

1031 2048 1196 2083 castigarit,
1223 2051 1250 2074 et
1277 2043 1404 2072 amixerit
1419 2061 1427 2074 ,
1452 2048 1566 2069 necesse
1594 2039 1646 2066 fuit
1671 2038 1759 2070 illum,
1783 2038 1830 2073 qui

1035 2082 1171 2130 duplicem
1188 2090 1342 2126 portionem
1358 2087 1392 2115 de
1409 2086 1497 2122 gratia
1512 2084 1633 2120 Spiritus
1660 2082 1829 2117 accepisset,

1035 2139 1157 2175 duplicia
1177 2137 1260 2165 etiam
1285 2142 1368 2170 opera
1389 2133 1472 2161 edere
1493 2139 1527 2159 ex
1551 2130 1652 2165 quibus
1672 2135 1757 2155 unum
1773 2132 1832 2154 erat

1035 2171 1116 2222 ptena
1133 2182 1222 2210 famis.
1236 2177 1425 2208 Misericordia
1440 2176 1523 2212 igitur
1541 2178 1629 2201 motus
1641 2192 1649 2205 ,
1665 2174 1742 2205 Rem,
1753 2171 1830 2202 dicit.

199 2226 322 2262 ἱστορίας
332 2226 515 2262 μανθάνομεν.
526 2226 612 2254 Ἑπτὰ
618 2227 673 2262 γὰρ
684 2227 773 2254 ἐτεσιν
782 2228 920 2264 ὲπηνέχθη
929 2215 979 2261 τοὶς

1037 2215 1166 2265 inagnam
1190 2230 1217 2254 et
1242 2225 1339 2252 duram
1363 2221 1495 2258 petivisti.
1516 2219 1545 2246 1d
1562 2218 1634 2254 quod
1665 2224 1697 2244 ex
1717 2215 1831 2244 historia

199 2271 355 2308 ἀνθρώποις
365 2273 383 2308 ἡ
393 2272 441 2299 τοῦ
453 2272 534 2308 λιμοῦ
550 2272 682 2308 τιμωρία.

240 2362 338 2397 Ἅρμα
353 2361 490 2396 Ἰσραὴλ,
511 2361 560 2389 καὶ
584 2361 694 2395 ἱππεὺς
707 2362 813 2389 αὐτοῦ.
829 2362 861 2388 Οἱ
871 2361 927 2388 τῶν
940 2361 988 2389 ἄλ-

201 2408 255 2434 λων
267 2407 353 2434 ὲθνῶν
370 2407 490 2443 βασιλεῖς
505 2407 600 2440 ἵπποις
617 2408 793 2444 κεχρημένοι,
808 2407 856 2435 καὶ
871 2408 988 2444 ἅρμασι,

201 2451 412 2487 παρετάττοντο.
427 2451 529 2479 Τούτου
540 2452 620 2488 χάριν
630 2453 677 2479 τὸν
690 2453 777 2488 μέγαν
791 2452 885 2479 Ἠλίαν
901 2453 989 2488 ἅρμα,

202 2497 250 2524 καὶ
267 2497 365 2530 ἱππέα,
381 2495 429 2524 τοῦ
445 2498 554 2533 Ἰσραὴλ
563 2499 786 2535 προσηγόρευσεν
795 2499 833 2530 ὡς
846 2499 991 2534 ἀποχρῶν-

203 2552 247 2576 τα,
263 2543 312 2570 καὶ
331 2543 411 2579 μόνον
425 2545 489 2576 τοὺς
511 2545 659 2580 πολεμίους
677 2544 931 2580 καταγωνίσασθαι,
947 2546 994 2572 καὶ

204 2590 358 2624 παρασχετν
373 2590 430 2622 τοῖς
449 2590 599 2625 ὁμοφύλοις
616 2591 667 2626 τὴν
681 2591 775 2626 χάριν.

239 2634 302 2662 Ποῦ
317 2634 355 2668 δή
373 2635 486 2663 ἐστινὸ
502 2635 574 2668 Θεὸς
593 2636 691 2664 Ἠλίου
705 2636 803 2672 ἀμφώ;
817 2636 995 2672 Μιμούμενος

202 2680 252 2707 τὸν
265 2680 437 2714 διδάσκαλον,
464 2683 497 2717 τῇ
512 2682 622 2718 μηλωτῇ
644 2682 692 2709 τοῦ
707 2682 842 2719 Ἰορδάνου
868 2674 899 2710 τδ
923 2682 996 2719 ὕδωρ

204 2726 352 2760 ἐπάταξεν,
378 2727 454 2754 οὐδὲν
480 2727 611 2763 εἰρηκώς.
634 2728 741 2764 ’ἱκανὴν
768 2728 796 2755 δὲ
823 2728 938 2764 νομίσας
955 2729 996 2761 είς

165 2779 175 2788 ν
207 2770 435 2807 θαυματουργίας
456 2771 507 2807 τὴν
532 2772 670 2808 μηλωτὴν,
701 2773 748 2800 τοῦ
777 2773 806 2800 δὲ
830 2773 927 2806 ὓδατος
945 2774 994 2809 οὐχ

245 2859 266 2875 ⁴⁷
286 2859 359 2887 Psal.
376 2868 413 2893 IV,
428 2861 454 2888 5.
494 2861 517 2878 "
531 2861 604 2888 Psal.
623 2869 660 2895 ιιι,
679 2861 707 2889 9.

1043 2277 1217 2312 perspectum
1238 2270 1391 2301 habemus;
1419 2266 1506 2294 fames
1522 2265 1596 2293 enim
1618 2267 1721 2298 septem
1745 2267 1831 2288 anno-

1044 2328 1105 2349 rum
1120 2325 1203 2354 super
1218 2316 1343 2344 homines
1358 2313 1478 2341 adducta
1491 2314 1543 2339 est.

1075 2351 1164 2392 Vens:
1186 2361 1231 2389 i2.
1257 2359 1359 2388 Curru;
1385 2356 1485 2388 Israel.
1511 2360 1537 2383 et
1558 2362 1634 2390 eques
1654 2353 1722 2388 ejus.
1742 2351 1831 2386 Reges

1040 2410 1156 2438 aliarum
1177 2407 1298 2444 genlium
1324 2404 1403 2440 equis
1425 2407 1453 2431 et
1475 2402 1599 2430 curribus
1614 2399 1692 2435 54],
1707 2397 1833 2426 instructi

1042 2456 1070 2484 iu
1085 2455 1145 2482 acie
1161 2443 1330 2489 pugnabant.
1340 2451 1418 2477 Hanc
1433 2448 1468 2476 ob
1482 2454 1593 2476 causam
1610 2451 1738 2481 magnum
1755 2443 1832 2471 illum

1043 2501 1130 2529 Etiam
1154 2505 1265 2527 currum
1292 2501 1320 2525 et
1341 2496 1462 2531 equitem
1480 2493 1589 2521 lsraelis
1615 2490 1775 2527 appellavit,
1803 2495 1834 2516 ut

1045 2548 1094 2584 qui
1123 2546 1200 2574 solus
1230 2545 1322 2572 hostes
1348 2548 1491 2576 superare,
1508 2539 1607 2567 etsuis
1632 2535 1833 2565 contribulibus

1047 2600 1142 2630 pacem
1155 2595 1183 2619 et
1197 2591 1312 2626 gratiam
1333 2591 1426 2624 posset
1443 2591 1585 2622 praestare.

1084 2639 1167 2666 Vsus.
1184 2637 1227 2664 ll.
1251 2634 1300 2662 Ubi
1311 2634 1432 2662 ειιυειιε
1449 2632 1518 2660 Elia.-
1526 2630 1634 2666 ampho.
1649 2628 1690 2656 Ad
1702 2628 1834 2656 imitatio-

1050 2691 1111 2712 nem
1121 2682 1165 2711 sui
1181 2680 1358 2718 prmeeptoris
1374 2679 1443 2706 nihil
1452 2678 1558 2709 dicens,
1567 2676 1651 2712 pallio
1662 2681 1762 2710 aquam
1772 2673 1834 2701 lor-

1050 2728 1132 2756 danis
1152 2726 1302 2763 percussit,
1316 2725 1429 2761 pallium
1449 2725 1482 2751 ad
1507 2722 1646 2751 edendum
1666 2719 1833 2763 miraculum

1049 2762 1175 2802 suliicere
1185 2770 1359 2803 existimans,
1375 2775 1446 2805 aqua
1464 2775 1530 2796 vero
1543 2774 1598 2796 non
1613 2764 1739 2798 cedente,
1749 2762 1834 2791 Deum
