2079 3161
306 138 376 172 1188

972 149 1150 183 PROCOPII
1173 151 1297 183 GAZ/EI
1307 147 1310 150 ’

1871 155 1928 188 llSl

305 199 483 233 praeceptoris
500 200 541 228 sui
557 199 679 236 invocat,
692 203 789 235 Deum.
807 203 1090 240 lnquam,liominibu:

1152 209 1328 243 ὐπείεαντος,
1346 210 1392 238 τὸν
1409 211 1457 238 τοῦ
1473 211 1636 239 διδασκάλου
1647 211 1713 240 Θεὸν
1730 213 1816 247 καλεῖ,
1829 213 1873 240 τὸν
1881 216 1931 246 τοῖς

305 243 514 279 iuconspicuum
523 250 565 278 ,et
577 246 746 276 inacessum.
756 249 851 285 Ἀμφὼ
866 250 939 278 enim
949 252 963 278 ὁ
973 251 1099 287 κρύφιος,

304 289 358 318 hoc
376 294 428 323 est,
441 294 579 326 occultus,
595 293 722 322 redditur
736 296 771 323 ab
796 295 860 324 aliis
885 297 1099 327 interpretibus-

340 377 423 406 Vens.
439 378 483 407 16.
500 379 567 407 Filii
575 380 690 409 roboris.
702 382 826 416 Δυνατοὶ,
845 381 970 419 εὔζωνοι,
982 385 1098 421 robusti,

303 427 332 451 et
341 424 466 458 “pediti.

339 469 423 498 Vens.
437 471 482 499 24.
496 471 531 498 Et
556 471 657 500 devovit
670 482 713 501 eos
725 474 752 502 in
772 476 878 504 nomine
889 476 1011 506 Domini.
1040 478 1098 508 llac

303 522 386 550 pmna
401 524 531 552 magnum
548 525 611 546 cum
628 519 698 555 ipsis
708 521 813 556 pueris,
831 527 889 550 tum
903 523 987 552 etiam
998 532 1098 560 paren-

304 561 378 588 tibus
400 561 524 597 ipsorum
544 563 707 592 beneﬁcium
740 568 867 595 contulit.
881 568 938 598 illis
971 571 1095 606 quidem,

304 605 378 640 quod
409 611 580 636 crescentem
618 616 766 645 progressu
792 615 925 648 temporis
959 605 1095 644 malitiam

303 658 399 678 eorum
419 651 556 686 inhibuit;
568 653 611 681 his
625 661 691 682 vero
711 656 847 690 docendo,
859 666 894 686 ne
912 659 1015 689 liberos
1044 660 1098 690 huc

303 695 386 723 modo
398 696 562 730 educarent,
577 698 625 726 sed
640 699 667 726 in
683 700 784 741 timore
795 701 914 737 Domini,
925 706 1095 734 etbonorum

303 743 469 770 reverentia.
487 743 606 772 Adultus
622 746 705 773 etiam
717 747 851 782 instituit,
882 751 993 785 quando
1005 759 1096 788 neque

303 793 405 817 tenerae
414 791 489 817 relati
507 792 642 825 pepercit.
657 790 777 822 Omnino
791 799 883 823 autem
893 795 1094 832 Dcijudicium,

301 834 367 862 dum
400 835 479 871 pueri
512 836 603 864 adhuc
621 842 726 872 essent,
744 847 794 868 eos
812 848 828 868 c
848 841 939 870 medio
967 844 1092 878 sustulit,

1152 255 1307 291 ἀνθρώποις
1332 257 1451 292 ἀόρατον
1481 257 1530 285 καὶ
1558 258 1714 292 ἀνέφικτον.
1737 259 1835 294 Ἀμφὼ
1849 260 1898 295 γὰρ
1918 261 1930 287 ό

1151 301 1278 336 κρύφιος
1306 302 1490 338 ἑρμηνεύεται
1517 303 1596 340 παρὰ
1620 303 1678 335 τοῖς
1695 302 1784 336 ἄλλοις
1807 304 1928 340 ἑρμηνευ-
1956 313 1958 315 ‘

1149 354 1249 419 “ita!
1263 391 1429 428 δυνάμεως.
1445 393 1572 427 Δυνατοὶ,
1587 393 1711 427 εὔζωνοι.

1184 479 1239 507 Kal
1253 480 1445 514 κατηράσατο
1453 481 1531 509 αὐτὰ
1544 482 1579 509 ἐν
1590 482 1713 518 ὀνόματι
1724 483 1841 518 Κυρίου.
1852 483 1929 519 Εὐερ-

1147 523 1231 558 γέτης
1246 523 1337 550 αὐτῶν
1350 533 1381 551 τε
1397 525 1510 552 καὶτῶν
1521 526 1660 553 τεκόντων
1682 526 1726 553 διὰ
1738 527 1789 562 τῆς
1803 528 1929 563 τιμωρίας

1147 568 1266 603 ἐγένετο.
1284 569 1346 596 Τῶν
1360 569 1411 604 μὲν
1422 590 1431 603 ,
1445 562 1567 603 ⁶παύσας
1584 571 1773 608 αὐξανομένην
1788 571 1827 607 τῷ
1850 562 1929 608 χρόνῳ

1146 614 1198 650 τὴν
1211 615 1365 651 πονηρίανο
1392 616 1457 648 τοὺς
1471 615 1519 649 δὲ,
1547 617 1708 650 παιδεύσας,
1725 617 1761 653 μὴ
1785 617 1854 645 οὕτω
1873 619 1929 650 τοὺς

1146 660 1246 692 παῖδας
1260 661 1386 695 ἀνάγειν,
1397 661 1427 688 ὲν
1440 661 1517 697 φόϐῳ
1529 661 1558 688 δὲ
1569 662 1649 694 Θεοῦ,
1658 663 1706 689 καὶ
1717 664 1750 698 τῇ
1763 663 1817 690 τῶν
1827 663 1928 690 δικαίων

1146 706 1227 734 αίδοῖ.
1243 706 1299 733 Καὶ
1311 707 1376 739 τοὺς
1396 707 1498 743 ἄνδρας
1516 708 1650 743 μειζόνως
1663 709 1832 742 ἐπαίδευσεν,
1845 710 1859 736 δ
1868 709 1928 744 μηδὲ

1145 755 1251 781 παίδων
1265 754 1444 791 φεισάμενος.
1464 755 1519 782 Τοῦ
1536 756 1564 783 δὲ
1591 755 1661 783 Θεοῦ
1685 757 1795 789 πάντως
1818 757 1927 793 ήκρίσις

1145 801 1267 833 ἐκείνους
1281 801 1388 829 ἀνεῖλεν
1402 802 1435 829 ἐκ
1457 801 1511 828 τῶν
1532 802 1646 836 παίδων,
1674 802 1723 835 οὓς
1738 802 1807 837 ἔγνω
1831 803 1928 838 χείρους

1145 847 1293 882 ἐσομένους
1304 867 1312 880 ,
1328 848 1362 882 τῇ
1376 846 1479 874 τούτων
1496 847 1639 883 ἀναιρέσει
1661 849 1725 879 τοὺς
1750 848 1789 885 μὴ
1802 848 1928 881 τοιούτους

301 887 373 914 quos
387 880 541 910 deteriores
563 881 623 910 fore
636 884 811 918 providebat,
838 885 963 921 ipsorum
979 887 1090 918 interitu

1147 880 1328 920 παιδεύσασα.
1339 880 1401 920 "bu
1413 893 1442 920 δὲ
1456 892 1519 925 τοὺς
1531 880 1626 928 ἁγίους
1646 893 1660 919 ὁ
1681 880 1874 927 Θεὺςικδικεῖ,
1891 880 1928 920 6e-

302 925 363 953 illos
376 925 475 959 etiam,
492 927 538 962 qui
552 928 622 955 tales
634 936 690 956 non
706 935 788 958 erant
801 931 944 960 erudiens.
957 933 1093 963 Caeterum

300 969 385 998 Deum
404 971 537 1006 injuriam
550 974 656 1002 sanctis
671 975 776 1002 illatam
807 976 905 1005 ulcisci
938 978 1095 1008 declaravit

301 1013 496 1043 iuAbrabamo
519 1016 548 1043 in
559 1016 688 1053 Egypto,
705 1018 733 1046 in
757 1018 852 1047 lsaaco
868 1021 896 1048 in
913 1021 1038 1055 Gcraris,
1065 1028 1095 1052 ut

298 1059 424 1087 omittam
439 1060 483 1088 hic
491 1061 585 1090 dicere
600 1063 634 1092 de
648 1064 743 1094 Abele.
772 1065 859 1093 David
874 1067 959 1095 etiam
974 1068 1095 1104 dejusto

299 1103 366 1131 dicit
383 1113 390 1132 :
422 1105 624 1137 Benedicentes
646 1109 684 1142 ei,
714 1109 904 1140 [nereditatem
922 1117 1004 1141 terra:
1019 1103 1095 1143 acci-

299 1149 386 1184 pient,
398 1155 426 1179 et
440 1158 622 1182 exsecrantes
649 1163 713 1183 eum
741 1157 1018 1188 exterminabuntur.
1060 1160 1095 1189 Et

298 1197 407 1238 tametsi
421 1196 448 1224 in
462 1199 591 1233 przesenti
603 1207 657 1228 non
678 1201 841 1238 puniantur,
855 1203 982 1233 futurum
998 1209 1093 1234 tamen

295 1234 430 1270 indicium
444 1250 499 1271 non
516 1244 648 1281 ellugient
664 1234 699 1274 ιδ.

627 1289 707 1318 CAP.
725 1290 770 1318 ΙΙΙ.

333 1327 417 1357 Vens.
431 1330 476 1358 Η.
492 1331 546 1365 Qui
558 1332 627 1367 fudit
656 1343 754 1369 aquam
777 1345 857 1370 super
886 1347 981 1368 manus
1010 1340 1091 1370 Είὶω.

298 1373 361 1402 llzec
373 1375 400 1402 in
419 1375 750 1409 laudemdicunt.’l‘ant:e
764 1383 836 1418 apud
863 1392 913 1414 eos
940 1389 1092 1416 auctorita-

299 1421 335 1448 tis
354 1425 381 1448 et
409 1422 627 1454 existimationis
651 1431 712 1455 erat
751 1437 869 1466 magnus
885 1431 932 1460 ille
956 1434 1090 1470 propheta

297 1463 384 1492 Elias.
799 1463 812 1466 ⁷
956 1463 965 1468 ’
1009 1463 1018 1470 ’
1040 1475 1043 1478 ’

333 1509 416 1537 Vens.
429 1511 473 1539 l5.
490 1511 620 1549 Nunquid
634 1517 736 1544 vocavit
748 1517 819 1546 Deut
839 1525 892 1549 tres
908 1531 981 1559 reges
993 1524 1060 1552 ἰιιοι
1077 1525 1091 1552 γ

1145 938 1277 974 δήλωκεν,
1293 939 1337 966 ἐπ’
1358 939 1487 975 Ἀϐραὰμ
1503 939 1553 975 μὲν
1570 939 1600 966 ἐν
1623 939 1766 975 Αἰγύπτῳ,
1787 940 1830 966 ἐπ’
1844 939 1927 967 Ἰσαὰκ

1145 984 1173 1012 δὲ
1188 985 1218 1011 ιν
1230 984 1361 1021 Γεράροις
1373 992 1381 1001 ν
1398 985 1441 1011 ῐνα
1456 985 1588 1020 σιωπήσω
1603 985 1650 1013 τὸν
1673 985 1764 1013 Ἀϐέλ.
1782 986 1835 1013 Καὶ
1850 985 1924 1012 Δασὶδ

1143 1030 1248 1065 διπερὶ
1266 1030 1315 1056 τοῦ
1338 1030 1444 1057 δικαίου
1469 1031 1554 1066 φησίν
1587 1032 1620 1059 υί
1645 1031 1819 1065 εὐλογοῦντες
1843 1030 1936 1065 αὐτὸν,

1144 1075 1384 1111 κληρονομήσουσι
1409 1076 1473 1112 γῆν.
1499 1077 1555 1103 Καὶ
1578 1077 1604 1104 ot
1627 1077 1820 1113 καταρώμενοι
1842 1077 1925 1108 αὐτὸν,

1144 1121 1429 1157 ὲξολοθρευθήσονται.
1445 1121 1505 1149 Κᾶν
1528 1122 1584 1158 γὰρ
1599 1122 1666 1157 πρὸς
1690 1123 1723 1150 τὸ
1745 1122 1830 1159 παρὸν
1849 1122 1926 1158 ἐκφύ-

1143 1175 1229 1203 γοιεν,
1244 1167 1302 1195 ἀλλ’
1313 1169 1343 1195 οὺ
1354 1167 1406 1204 τήν
1421 1167 1575 1204 μέλλουσαν
1594 1169 1685 1205 δίκην.

1447 1290 1575 1317 ΚΕΦΑΛ.
1597 1290 1636 1318 1".

1179 1337 1233 1371 ὀς
1258 1337 1385 1372 ἐπέχεεν
1407 1337 1486 1372 ὕδωρ
1510 1337 1561 1365 ἐπὶ
1581 1338 1685 1373 χεῖρας
1718 1339 1829 1369 Ἠλιοῦ.
1862 1337 1922 1365 Ἀντ⁹

1141 1382 1280 1419 ἑγκωμίου
1293 1383 1373 1410 τοῦτό
1386 1392 1480 1418 φασιν.
1496 1384 1629 1412 Τοσοῦτον
1642 1382 1716 1420 εἶχον
1729 1385 1817 1421 Θαῦμα
1830 1384 1874 1412 τοῦ
1884 1392 1922 1420 με·

1140 1430 1225 1465 γάλου
1239 1430 1393 1465 προφήτου.

1175 1520 1224 1556 Μὴ
1239 1521 1285 1548 ὅτι
1303 1519 1434 1554 κέκληκε
1461 1521 1569 1555 Κύριος
1591 1521 1664 1554 τοὺς
1690 1522 1767 1558 τρεῖς
1793 1520 1921 1554 ,βασιλεῖς

296 1554 458 1585 Necessitas
475 1559 559 1586 etiam
583 1561 704 1591 audaces
723 1568 751 1591 et
770 1554 956 1603 conﬁdentes,
990 1579 1087 1606 aequos

1144 1554 1275 1600 τούτους.
1284 1566 1317 1593 Ἦ
1328 1566 1435 1602 ἀνάγκη
1448 1554 1571 1599 καὶτοὺς
1588 1554 1836 1602 Θρασεῖςὲπιεικείς
1846 1567 1921 1602 ἀπερ-

295 1604 322 1627 et
335 1609 493 1632 mansuetos
512 1605 611 1635 reddit.

331 1645 416 1676 Vens.
435 1649 479 1676 15.
496 1650 614 1685 Accipite
629 1653 694 1681 milu'
723 1663 873 1688 canentem.
902 1659 1002 1694 David,
1040 1663 1088 1698 qui

295 1693 458 1727 prophetico
485 1695 568 1723 simul
588 1701 616 1724 et
644 1699 719 1735 regio
743 1709 858 1731 munerc
884 1709 1002 1734 ornatus
1026 1693 1087 1742 fuit,

295 1744 406 1765 sacrum
427 1739 613 1769 ministerium
629 1745 781 1778 prudenter
793 1747 928 1782 instituit,
942 1755 1028 1787 utque
1039 1739 1088 1780 sa;

295 1783 423 1812 cerdotes
433 1785 514 1820 juxta
532 1787 617 1822 legem
637 1790 721 1823 tubis,
747 1792 835 1821 levita).
860 1799 955 1824 autem
980 1783 1087 1834 nablis,

295 1828 431 1863 cymbalis
458 1834 485 1858 et
499 1831 563 1860 aliis
579 1833 772 1865 instrumentis
800 1840 915 1868 musicis
945 1828 1088 1872 uterentur

294 1872 444 1901 ordinavit.
465 1875 619 1904 Utebantur
635 1884 728 1908 autem
746 1880 858 1912 Davidis
880 1886 1020 1921 spirituali
1033 1897 1089 1917 me-

296 1918 381 1945 lodia.
412 1918 502 1947 Unum
514 1928 549 1949 ex
575 1922 685 1951 illorqu
712 1933 829 1956 numero
852 1918 988 1965 propheta
1001 1933 1087 1967 jussit

294 1964 438 1998 accersiri,
454 1965 503 1993 illo
538 1972 629 1995 autem
662 1971 808 2005 psallente,
837 1964 927 2010 gratia
963 1964 1086 2013 Spiritus

294 2011 395 2044 sancti,
415 2019 498 2047 quam
531 2021 644 2043 manum
689 2017 799 2047 Domini
826 2026 919 2057 vocat,
951 2011 1084 2060 quidnam

294 2057 429 2092 agendum
443 2063 526 2094 esset,
545 2060 730 2096 signiﬁcabat.

616 2107 693 2135 CAP.
709 2108 754 2137 IV.

329 2147 416 2178 Vens.
440 2150 465 2178 l.
481 2151 515 2178 Et
532 2157 560 2179 tu
588 2155 668 2186 nosti,
699 2156 770 2191 quod
788 2166 878 2185 seruus
897 2160 1082 2190 eratDomini.

293 2193 556 2227 Quidumadnotant
571 2198 645 2226 hunc
666 2199 753 2229 fuisse
785 2202 914 2239 Abdiam,
935 2206 1080 2242 dispensa-

1160 1612 1254 1645 ἅζεται
1259 1633 1267 1640 ,

1141 1621 1288 1687 “ﬁge;
1298 1669 1350 1695 μοι
1369 1659 1543 1694 ψάλλοντα.
1559 1660 1676 1692 Δαδὶδ,ό
1694 1658 1859 1696 προφητικῆς
1869 1657 1919 1692 ἅμα

1140 1704 1189 1732 καὶ
1207 1705 1349 1741 βασιλικῆς
1362 1706 1515 1741 ἠξιωμένος
1531 1706 1653 1742 χάριτος,
1671 1707 1720 1734 καὶ
1733 1706 1780 1742 τὴν
1793 1704 1919 1741 ἱερατικὴν

1140 1751 1230 1785 σοφῶς
1246 1751 1326 1785 ἔταξε
1341 1752 1525 1788 λειτουργίαν.
1535 1753 1590 1780 Καὶ
1606 1753 1672 1785 τοὺς
1689 1753 1738 1789 μὲν
1750 1753 1844 1788 ἱερέας,
1857 1749 1917 1778 κατὰ

1138 1795 1184 1824 τὸν
1198 1797 1345 1824 Μωσαῖκδν
1355 1797 1438 1833 νόμον
1454 1798 1516 1830 ταῖς
1533 1797 1665 1833 σάλπιγξι
1683 1797 1830 1833 κεχρῆσθαι
1842 1803 1915 1831 προσ-

1138 1841 1218 1876 έταξε
1228 1851 1236 1859 ο
1251 1843 1314 1875 τοὺς
1327 1843 1356 1870 δὲ
1371 1843 1499 1876 Λευῖτας,
1514 1843 1639 1880 κινύραις
1650 1865 1658 1876 ,
1684 1845 1733 1871 καὶ
1749 1843 1863 1874 ναϐλαις,
1876 1840 1916 1867 καὶ

1139 1887 1299 1922 κυμϐάλοις,
1315 1889 1363 1915 καὶ
1377 1890 1433 1920 τοῖς
1445 1888 1536 1920 ἄλλοις
1552 1889 1692 1925 ὀργάνοις.
1710 1889 1839 1924 Ὲχρῶντο
1851 1887 1876 1913 δὲ
1886 1887 1914 1920 τῇ

1137 1935 1310 1970 πνευματικῇ
1324 1933 1372 1961 τοῦ
1387 1935 1470 1962 Δαὸἱδ
1487 1934 1618 1971 μελῳδίᾳ..
1647 1935 1758 1962 Τούτων
1782 1935 1828 1961 ἕνα
1843 1940 1915 1968 μετα-

1138 1980 1271 2016 κληθῆναι
1285 1981 1453 2017 προσέταξεν
1475 1982 1489 2008 δ
1504 1982 1659 2017 προφήτης.
1682 1982 1799 2009 Ἐκείνου
1818 1981 1844 2007 δὲ
1854 1978 1914 2014 ψάλ-

1136 2026 1238 2059 λοντος,
1252 2027 1269 2062 ἡ
1283 2026 1330 2054 τοῦ
1346 2027 1507 2062 Πνεύματος
1522 2028 1613 2064 χάρις,
1627 2028 1663 2063 ἥν
1676 2029 1755 2064 χεῖρα
1767 2025 1862 2063 Κυρίου
1873 2032 1913 2051 κα-

1135 2072 1186 2106 λεῖ,
1200 2073 1231 2100 τὸ
1245 2073 1383 2109 πρακτέον
1402 2074 1564 2109 ἐσήμαινεν.

1445 2120 1564 2147 ΚΕΦΑΔ
1584 2121 1622 2148 A'.

1170 2165 1225 2193 Kal
1240 2166 1281 2193 σὺ
1292 2163 1386 2199 οἶδας,
1405 2166 1451 2193 ὅτι
1468 2166 1581 2200 δοῦλος
1600 2166 1636 2193 ὲν
1650 2166 1771 2202 Κυρίου.
1790 2164 1862 2195 Τινὲς
1874 2162 1912 2188 τὸν

1141 2210 1245 2237 Ἀϐδιοῦ
1258 2210 1352 2238 τοῦτον
1367 2209 1436 2237 εἷναί
1449 2219 1527 2246 φασι,
1540 2211 1586 2238 τὸν
1601 2211 1743 2246 οἰκονόμον
1755 2210 1799 2237 τοῦ
1813 2207 1911 2244 “Αχαά6.

294 2244 381 2268 torem
396 2241 514 2277 Acltabi,
534 2244 583 2279 qui
598 2249 709 2273 centum
741 2247 817 2277 viros
833 2250 861 2277 in
873 2241 1015 2286 speluncis
1029 2263 1081 2283 oc-

1144 2255 1184 2287 Ὀς
1197 2255 1296 2283 ἑκατὸν
1314 2255 1416 2291 ἄνδρας
1443 2241 1548 2283 ἔνδοθεν
1570 2241 1768 2292 κατακρύψας,
1783 2241 1911 2289 διέθρεψεν

294 2287 411 2320 eultans,
423 2295 494 2323 aqua
512 2294 539 2316 et
571 2298 642 2325 pane
669 2295 849 2329 sustentavit,
863 2303 977 2334 propter
1008 2309 1080 2336 quos

292 2331 317 2359 ci
337 2339 398 2359 cum
416 2335 556 2363 creditore
575 2338 714 2372 negotium
736 2340 798 2367 fuit.

330 2377 411 2405 Vens.
434 2379 478 2407 l5.
511 2380 541 2408 Si
557 2386 597 2408 est
614 2383 662 2409 tibi
689 2384 807 2420 uerbum,
835 2389 906 2422 quod
935 2389 1031 2426 loquar
1049 2394 1084 2422 ad

293 2429 388 2457 regem.
416 2424 485 2452 Cum
520 2426 645 2455 divinqu
672 2430 803 2459 auxiliqu
817 2432 934 2470 hospitae
949 2424 1083 2472 prestarc

293 2473 397 2502 posset,
436 2470 521 2498 etiam
542 2472 662 2502 humana
678 2481 744 2502 cura
764 2481 792 2504 et
818 2470 992 2513 providentia
1025 2484 1083 2513 vult

291 2519 351 2539 eam
369 2513 488 2550 dignari.

329 2556 392 2586 Non
418 2565 469 2595 est,
483 2562 510 2588 in
531 2563 617 2591 medio
642 2565 732 2599 populi
746 2567 796 2594 mei
820 2577 867 2604 ego
878 2570 980 2601 habito.
993 2573 1082 2603 Tran-

292 2605 430 2638 quillitate
445 2608 507 2636 vitae
518 2608 606 2643 laetor,
624 2611 725 2646 inquit,
740 2617 768 2640 ct
791 2616 908 2649 pacilice
922 2618 1009 2654 dego;
1029 2629 1082 2650 nec

294 2659 407 2686 possum
421 2652 577 2688 disceptare
590 2663 653 2684 cum
669 2657 773 2692 aliquo.
791 2659 838 2689 Sic
852 2652 1082 2702 omnem—quoque

294 2698 426 2733 animam,
445 2699 469 2727 si
496 2701 653 2729 mundanas
679 2703 839 2734 aﬂ'ectiones
849 2698 1010 2745 absciderit,
1024 2698 1082 2741 sle-

293 2743 373 2772 rilem
400 2745 458 2781 jam
475 2746 654 2775 exsislentetu
667 2747 787 2784 Spiritus
807 2759 921 2785 sanctus
934 2743 1080 2788 fecundam

293 2791 395 2819 reddit.

329 2860 352 2877 δν
368 2860 440 2889 Paul.
458 2870 552 2897 μανι,
571 2863 596 2896 9,
617 2863 659 2898 ll,
675 2864 721 2894 29.

1133 2301 1233 2333 αὐτοὺς
1260 2302 1289 2328 ὲν
1313 2302 1389 2338 ἄρτῳ
1415 2301 1464 2328 καὶ
1490 2301 1587 2328 ὖδατι”
1605 2301 1639 2328 δι’
1663 2301 1711 2333 οὓς
1731 2301 1778 2328 καὶ
1800 2297 1911 2331 δανειστῇ

1134 2347 1357 2383 προσωμίλησεν.

1169 2393 1281 2420 Είέστι
1294 2401 1344 2421 σοι
1363 2394 1455 2428 λόγος
1472 2392 1609 2428 λαλῆσαι
1623 2394 1698 2442 πρὸς
1715 2392 1767 2442 τὸτί
1780 2388 1910 2442 βασιξέα.

1134 2437 1290 2473 Δυνάμενος
1310 2438 1379 2474 αὐτῇ
1398 2439 1551 2473 παρασχεῖν
1578 2438 1629 2474 τὴν
1653 2438 1729 2465 θείαν
1753 2437 1910 2471 ἐπικουρίαν,

1133 2485 1182 2513 καὶ
1196 2485 1247 2520 τῆς
1274 2485 1451 2522 ἀνθρωπίνης
1469 2485 1555 2521 αὐτὴν
1575 2485 1693 2520 ἀξιῶσαι
1710 2484 1830 2521 βούλεται
1851 2489 1910 2517 προ-

1134 2531 1261 2568 μηθείας.
1758 2575 1763 2576 γ
1887 2571 1898 2576 _

1170 2579 1231 2605 Οὐκ
1243 2577 1384 2611 former
1390 2576 1475 2613 μέσῳ
1488 2576 1542 2604 τοῦ
1554 2576 1632 2604 λαοῦ
1643 2585 1704 2612 μου
1718 2575 1774 2610 ἐγὼ
1786 2575 1909 2602 κατοικῶ.

1142 2623 1367 2660 ’Δπραγμοσύνῃ,
1385 2623 1464 2659 φησὶ,
1481 2622 1580 2658 χαίρω,
1598 2623 1645 2649 καὶ
1658 2621 1801 2659 εἰρηνικῶς
1815 2619 1892 2652 διάγω
1902 2623 1908 2632 ⁹

1135 2670 1182 2697 καὶ
1199 2669 1269 2705 προς
1298 2678 1360 2696 τινα
1376 2668 1450 2704 ἔχειν
1478 2668 1686 2704 ἀμφισῦήτησιν
1713 2667 1764 2694 οὐκ
1778 2666 1908 2700 ἀνέχομαι.

1135 2714 1214 2743 Οὕτω
1224 2716 1272 2743 καὶ
1285 2715 1375 2751 ψυχὴν
1390 2715 1492 2748 πᾶσαν,
1508 2714 1619 2742 ἐπειδὰν
1642 2713 1693 2746 τὰς
1708 2711 1839 2747 κοσμικὰς
1854 2711 1910 2736 ἀποι

1134 2762 1228 2798 κάψειε
1241 2763 1350 2798 σχέσεις
1362 2762 1393 2789 τὸ
1405 2760 1517 2797 Πνεῦμα
1538 2761 1569 2788 τὸ
1597 2761 1684 2797 ἅγιον,
1703 2761 1810 2796 στεῖραν
1823 2757 1923 2788 οὖσαν,-

1133 2808 1320 2846 ἁπεργάζεται
1332 2809 1452 2845 γόνιμον.
