2079 3161
159 198 228 231 1185

652 204 919 236 COMMENTARII
936 203 977 234 IN
999 203 1073 234 LIB.
1093 203 1132 235 IV
1151 203 1300 234 REGUM.

1732 201 1801 235 1186

192 259 273 288 Κατὰ
283 259 338 288 τὸν
347 261 453 296 καιρὸν
469 262 588 298 τοῦτον,
603 264 645 298 ὡς
652 264 751 300 μωρὰ(1
760 265 864 299 ταύτῃ.
872 263 956 291 Τοῦτο

1047 262 1130 290 Vens.
1158 262 1248 290 16.11:
1275 268 1388 297 tempus,
1403 264 1444 290 'ut
1464 263 1531 290 liora
1547 261 1614 289 haec.
1633 261 1707 289 Idem
1730 262 1798 290 dixt

156 305 224 342 πρὸς
240 306 287 334 τὸν
310 307 485 343 πατριάρχην
499 307 514 334 6
529 308 584 336 τῶν
598 309 669 337 ὅλων
683 309 735 345 ἔφη
751 309 834 341 Θεόςο
854 319 863 336 ι
876 308 956 337 Κατὰ

154 351 202 378 τὸν
225 352 323 388 καιρὸν
339 352 436 380 τοῦτον
462 353 622 390 ἐλεύσομαι,
646 356 696 383 καὶ
720 356 797 382 ἔσται
812 357 846 392 τῇ
861 355 956 392 Σάρῤᾳ

157 398 225 430 υἱός.
241 408 251 425 ι
264 399 347 434 Δηλοῖ
368 399 461 426 τοίνυν
475 399 510 427 δι’
526 398 564 428 ὧν
577 401 689 437 εἴρηκεν
706 402 721 428 6
738 403 892 438 προφήτης,
916 403 955 434 ὡς

158 444 240 476 αὐτὸς
255 445 404 480 ἐφθέγγετο
419 446 453 473 δι’
480 446 564 474 αὑτοῦ
580 448 595 474 6
617 447 672 474 τῶν
697 447 766 475 ὅλων
787 447 900 484 Κύριος.
916 444 954 475 Oh

157 490 190 526 δὴ
204 491 284 526 χάριν
295 491 342 518 καὶ
357 491 537 526 ἀποφατικῶς
547 492 648 520 δέδωκε
661 493 711 529 τὴν
722 493 882 529 ὑπόσχεσιν.

194 537 251 564 Kal
272 536 418 572 ἐκόμισεν
437 537 533 565 αὐτὸν
544 538 594 565 ἐπὶ
608 539 720 573 κλίνην
732 539 785 566 τοῦ
796 538 955 574 ἀνθρώπου

157 581 211 609 τοῦ
226 582 312 609 Θεοῦ.
326 582 459 610 Μαθοῦσα
469 583 524 619 γὰρ
538 585 587 611 τοῦ
608 585 750 621 προφήτου
764 585 815 620 τὴν
826 584 954 621 δύναμιν,

158 627 206 656 καὶ
218 628 384 664 τελευτῆσαν
400 628 432 656 τὸ
453 628 558 657 παιδίον
572 629 687 666 ῆλπιζεν
704 630 918 668 ἀναστήσεσθαι.

198 717 235 745 Ἡ
245 717 280 744 δὲ
296 714 381 745 εἶπεν
398 725 406 734 ·
421 717 547 752 Εἰρήνη.
563 718 728 753 Προσιιπείν
751 717 834 746 αὑτὸν
859 717 955 754 βούλο-

180 771 220 790 αι.

180 771 220 790 αι.

158 771 178 798 μ
195 808 307 843 Ειρήνη
328 816 389 836 σοι.
412 809 489 837 ’Λντὶ
510 809 570 843 τοῦ,
596 810 696 843 Καλῶς
719 811 839 846 διάγετε,
866 811 956 846 ὑγιαίο

157 863 228 882 νετε.

194 901 247 927 Καὶ
264 901 372 936 Κύριος
386 899 563 936 ἀπέκρυψεν
579 901 631 930 ἀπ’
645 901 730 937 ἐμοῦ.
743 902 781 930 Οὐ
796 903 852 939 γὰρ
864 903 956 930 πάντα

1008 307 1082 336 Deus
1113 308 1374 336 conditoruniversi
1391 309 1425 336 ad
1451 308 1636 344 patriarcham
1654 317 1660 334 ε
1677 317 1686 332 ι
1716 307 1799 335 Juxta

1007 352 1060 380 hoc
1088 357 1197 389 tempus
1211 353 1330 386 veniam,
1350 358 1378 382 et
1404 353 1481 382 Sara:
1507 353 1580 381 illius
1594 353 1647 381 erit
1660 353 1694 380 '°.
1711 362 1721 378 ι
1752 352 1800 380 His

1006 399 1093 434 igitur
1105 399 1208 432 verbis,
1225 407 1290 436 qua:
1302 400 1435 436 propheta
1460 400 1542 432 dixit,
1558 399 1680 427 declarat
1707 399 1798 435 ipsum

1006 445 1182 472 conditorem
1215 445 1337 473 universi
1361 452 1409 480 per
1423 453 1455 474 os
1480 445 1567 481 ipsius
1583 446 1705 472 locutum
1726 452 1798 472 esse.

1006 489 1139 526 Hancque
1162 490 1197 518 ob
1211 497 1322 518 causam
1349 494 1452 518 certam
1484 491 1701 527 promissionem
1722 490 1796 518 fecit.

1042 536 1128 564 Vrsas.
1157 536 1203 564 21.
1232 536 1267 564 Ει
1289 536 1431 564 collocavit
1456 545 1516 564 eum
1541 538 1725 571 superiectum
1748 538 1800 565 uiri

1006 582 1066 611 Dei.
1093 581 1240 618 PerSpecta
1251 582 1353 610 virtute
1365 587 1393 610 ct
1419 582 1542 618 potentia
1565 583 1716 618 prophetae,
1732 592 1799 619 puc-

1005 636 1066 656 rum
1080 628 1162 656 etiam
1177 628 1231 655 vita
1244 627 1405 656 defunctum
1418 628 1542 664 speravit
1574 635 1798 657 resurrecturum

1004 681 1078 702 esse.

1041 718 1127 747 Vens.
1157 718 1202 747 26.
1217 717 1281 754 Ipsa
1307 723 1396 747 autem
1413 719 1483 746 dixit
1498 728 1507 747 :
1525 719 1597 747 Pax.
1625 721 1718 756 ipsum
1736 723 1799 751 volo

1005 765 1121 800 aﬂoquL

1041 811 1102 838 Pax
1114 811 1173 838 tibi.
1195 810 1249 839 Pro
1260 812 1352 844 καλῶς
1367 811 1492 846 διάγετε,
1509 811 1665 846 ύγιαίνεττ,
1693 812 1719 840 id
1744 820 1797 847 est,

1007 857 1070 884 bene
1079 858 1159 892 agite,
1172 857 1266 885 valete.

1044 902 1127 930 Vens.
1154 903 1200 931 27.
1218 903 1348 931 Dominus
1376 903 1545 930 abscondita
1561 911 1611 930 me.
1630 902 1689 930 Non
1723 905 1796 932 enim

156 945 268 981 ᾔδεισαν
279 946 304 972 οῑ
320 947 469 981 προφῆται,
484 946 543 973 ἀλλ’
561 946 634 982 ἅπερ
653 948 670 983 ἡ
685 947 745 975 θεία
767 948 845 983 χάρις
861 948 954 980 αὐτοῖς

1006 949 1099 975 omnia
1126 954 1265 976 noverunt
1295 949 1446 985 prophetae.
1468 948 1516 977 sed
1533 956 1565 976 ea
1578 949 1723 982 duntaxat,
1736 958 1799 985 que

157 990 361 1018 ἀπεκάλυπτεν.

192 1037 257 1063 Ὅτι
269 1037 308 1064 ἂν
325 1037 461 1073 εὑρήσῃς
487 1037 566 1071 τινὰ,
588 1037 631 1073 μὴ
655 1037 830 1073 εὐλογήσῃς
848 1038 952 1066 αὐτόν.

158 1083 236 1119 ᾜδει
246 1082 331 1110 αὑτοῦ
343 1083 375 1110 τὸ
393 1083 544 1120 φιλότιμον.
568 1084 601 1111 'H
614 1084 643 1111 δὲ
665 1083 814 1118 κενοδοξία,
827 1083 878 1120 τὴν
889 1083 955 1111 θαυ-

158 1129 328 1164 ματουργίαν
341 1129 453 1157 κωλύει.

192 1217 248 1245 Kal
255 1218 383 1253 ἐπέθηκε
399 1218 431 1246 τὸ
442 1219 606 1254 πρόσωπον
619 1218 713 1246 αὐτοῦ
735 1219 785 1246 ἐπι
795 1219 828 1246 τὸ
855 1220 953 1254 πρόσ-

157 1272 240 1291 ωπον
250 1264 356 1291 αὑτοῦ.
376 1264 434 1292 Ἰνα
456 1264 509 1300 τῆς
523 1264 577 1299 τοῦ]
589 1264 689 1297 ζῶντος
705 1265 720 1291 6
735 1264 850 1297 τεθνεὼς
868 1273 952 1300 μετα-

157 1306 228 1342 λάϐῃ
241 1307 314 1342 ζωῆς
325 1315 333 1323 ⁸
348 1307 400 1343 τῆς
413 1309 606 1344 πνευματικῆς
622 1307 703 1344 δῆλον
718 1310 760 1337 ὅτι
774 1310 887 1345 χάριτος
902 1310 953 1345 τὴν

157 1352 231 1388 ζωὴν
245 1353 428 1389 χορηγούσης.

191 1398 293 1425 Ειδάδ.
313 1399 534 1434 Ἐνεφύσησεν,
549 1401 739 1436 έρμήνευσαν.

191 1443 248 1470 Kal
261 1443 449 1472 ἐνέπνευσεν
472 1445 520 1472 ἐπ’
536 1446 640 1475 αὐτόν.
656 1446 688 1473 Ol
703 1446 803 1480 λοιποὶ,
818 1446 951 1475 συνεκὰ-

156 1491 268 1525 λυψιν.

193 1537 304 1572 Ὰριώθ.
322 1538 354 1565 Oi
367 1537 469 1572 λοιποὶ,
487 1537 704 1574 ἁῃοιολάχανα.

193 1626 304 1654 Λάϐετε
311 1627 451 1662 ἄλευρον,
467 1627 518 1655 καὶ
532 1627 696 1663 ἐμϐάλλετε
707 1627 751 1661 εις
762 1627 816 1655 τὸν
828 1627 951 1662 λέϐητα.
966 1613 988 1643 c

158 1673 212 1700 Τοῦ
231 1672 397 1710 δηλητηρίου
410 1674 461 1710 τὴν
486 1674 631 1709 ἐνέργειαν
653 1673 791 1709 ῆμσλυνεν
811 1673 860 1709 οὺχ
875 1674 892 1709 ἡ
907 1673 954 1700 τοῦ

157 1719 273 1755 ἀλεύρου
285 1719 378 1754 φύσις,
401 1719 460 1747 ἀλλ’
478 1721 495 1756 ἡ
507 1719 554 1746 τοῦ
570 1720 713 1755 προφήτου
729 1719 824 1755 χάρις.
846 1719 890 1752 Ὠς
908 1719 956 1746 καὶ

158 1766 207 1801 τῆς
224 1767 316 1802 πηγῆς
327 1766 424 1801 ἄγονον
436 1767 487 1802 οὐχ
501 1766 566 1799 ἅλες
582 1766 742 1802 μετέϐαλον.

460 1854 587 1883 ΚΕΦΑΛ.
605 1856 644 1883 Ε’.

196 1899 311 1927 Λοῦσαι
325 1900 361 1926 έν
373 1899 415 1933 τῷ
439 1900 569 1936 Ἰορδάνῃ
585 1900 724 1936 ἕϐδομον.
743 1900 819 1927 Ἰδεῖν
841 1900 891 1936 μὲν
903 1899 956 1927 αὖ-

159 1945 216 1978 τδν,
228 1946 265 1978 ὡς
280 1946 382 1982 λεπρὸν
404 1946 535 1982 ἠνέσχετο
545 1955 552 1962 ·
570 1947 609 1979 ὡς
631 1947 684 1974 ὑπὸ
696 1946 752 1973 τῶν
775 1946 866 1982 νόμων
879 1946 956 1973 πολι-

160 1992 316 2026 τευόμενος.
334 1993 503 2028 Προστὰττει
518 1992 548 2019 δὲ
564 1992 596 2019 τὸ
614 1992 808 2028 προκείμενον.
825 1991 956 2028 Σώματος

161 2037 216 2073 γὰρ
228 2036 263 2075 ἦν
279 2039 296 2074 ἡ
311 2038 411 2073 λέπρα,
434 2039 504 2074 ὅπερ
518 2040 551 2066 ἐκ
569 2039 625 2066 τῶν
648 2039 793 2075 τεσσάρων
813 2039 956 2075 στοιχείων

161 2084 338 2120 συνέστηκεν.
361 2084 448 2112 Ἑπτὰ
463 2085 491 2111 δὲ
507 2085 627 2120 ὴμέραις
639 2085 653 2112 ὁ
669 2085 767 2121 παρὼν
781 2085 838 2121 βίος
853 2085 956 2112 ἀνακυ-

160 2129 278 2156 κλείται.
295 2129 352 2165 Τῆς
367 2129 396 2156 δὲ
408 2130 499 2165 ψυχῆς
515 2131 532 2166 ὴ
545 2131 677 2167 κάθαρσις
687 2131 758 2160 κατά
776 2131 823 2158 τὸν
837 2131 955 2167 ἀριθμὸν

159 2175 210 2210 τῆς
230 2175 312 2209 ἁγίας
327 2175 504 2202 ἀποτελεῖται
521 2177 648 2212 Τριάὸος.

196 2223 251 2249 Kal
264 2222 400 2258 ἐθυμώθη
422 2222 570 2258 Νερμμάν.
586 2223 624 2250 οὐ
642 2224 721 2259 νοῶν,
738 2224 780 2252 ὅτι
801 2224 927 2260 Ἰωάννης
940 2230 953 2245 ⁸

160 2267 240 2303 ἡμῶν
254 2269 330 2295 ἐστιν
348 2270 363 2295 6
386 2268 529 2296 ἀπολούων
545 2271 608 2301 τοὺς
623 2269 668 2297 διὰ
683 2271 733 2306 τὴν
756 2270 862 2308 λέπραν
883 2272 954 2299 ἀκα-

161 2313 289 2349 θάρτουζ,
310 2314 358 2341 καὶ
374 2314 499 2350 ἰώμενος.
517 2315 663 2351 Προφήτου
687 2315 716 2343 δὲ
729 2316 823 2353 εργον,
848 2317 955 2353 πέμψαι

160 2360 208 2386 ἐπὶ
223 2360 269 2387 τὸν
283 2360 480 2394 θεραπεύοντα.
496 2362 533 2388 Τὸ
547 2362 576 2388 δὲ
593 2362 729 2390 ἐπιθεῖναι
739 2363 790 2398 τὴν
804 2363 893 2399 χεῖρα,
907 2364 956 2391 καὶ

160 2405 320 2442 καθαρίσαι,
335 2407 417 2442 μόνου
431 2407 479 2434 τοῦ
497 2407 601 2443 Κυρίου
617 2417 669 2444 μου
699 2408 789 2444 Ἰησοῦ
805 2409 888 2445 ἔργον
909 2406 955 2445 ἦν,

159 2451 239 2478 τοῦτο
265 2452 346 2487 μόνον
359 2453 482 2486 εἰπόντος
492 2454 533 2489 τῷ
543 2454 737 2481 πιστεύσαντι·
753 2454 853 2488 «Θέλω,
871 2455 957 2482 καθα-

161 2497 280 2533 ρίσθητι.
299 2507 310 2525 ι
324 2499 397 2534 Πρὸς
416 2499 472 2536 γὰρ
485 2499 524 2535 τῷ
542 2500 616 2536 λόγῳ
632 2501 680 2527 καὶ
693 2499 783 2536 ἥψατο
801 2500 895 2534 αὑτοῦ,
910 2501 957 2528 καὶ

160 2543 329 2580 ἐκαθαρίσθη
340 2544 397 2571 ἀπὸ
412 2544 463 2578 τῆς
477 2544 582 2580 λέπρας
595 2545 689 2573 αὑτοῦ.

196 2590 251 2617 Kal
266 2592 322 2618 οὑκ
335 2591 469 2626 ἠθέλησε
481 2592 594 2620 λαϐεῖν.
614 2592 644 2620 '0
657 2593 712 2628 γὰρ
741 2593 885 2628 προφήτης
906 2593 957 2628 τὴν

160 2636 349 2673 πολυπόθητον
373 2638 470 2665 πενίαν
484 2638 586 2671 παντὸς
610 2639 797 2675 προτετίμηκε
825 2639 953 2672 πλούτου,

160 2682 210 2718 τὴν
235 2683 424 2720 Εὐαγγελικὴν
449 2684 595 2721 προλαϐὼν
619 2684 798 2721 νομοθεσίαν)
816 2694 826 2712 t
844 2686 955 2722 Δωρεὰν

161 2728 282 2762 ἐλὰὄετε,
300 2730 403 2766 δωρεὰν
419 2731 491 2758 δότε.
510 2740 520 2757 ι

188 2799 211 2816 ⁵⁸
223 2799 291 2828 Gen.
306 2808 374 2833 xvlt,
397 2802 438 2829 l0.
479 2801 501 2817 ⁵¹
518 2801 615 2828 Matth.
632 2809 691 2832 vm,
706 2800 733 2827 5.

776 2799 799 2814 λ’
819 2798 912 2826 Matth.
928 2806 957 2832 χ,
971 2797 999 2826 8.

1004 997 1098 1024 divina
1112 997 1201 1032 gratia
1218 997 1287 1033 ipsis
1299 997 1443 1025 revelavit.

1040 1042 1126 1071 \‘Ens.
1139 1043 1186 1072 29.
1208 1042 1376 1071 Siinveneris
1392 1044 1518 1078 aliquem,
1544 1052 1598 1071 non
1614 1044 1753 1072 benedicas
1761 1045 1797 1072 ei.

1004 1085 1127 1120 Sciebat,
1158 1095 1242 1123 quam
1268 1087 1358 1116 laudis
1382 1087 1501 1123 cupidus
1524 1092 1609 1116 esset.
1620 1088 1702 1116 Vanae
1732 1092 1799 1116 ναι)

1003 1133 1099 1169 gloriae
1109 1133 1248 1162 allectalio
1275 1134 1392 1171 impedit
1418 1134 1580 1163 facultatem
1596 1135 1696 1164 edendi
1712 1135 1797 1163 mira-

1003 1179 1077 1207 cula.

1039 1225 1123 1254 Vnus.
1144 1225 1188 1254 54.
1206 1225 1287 1262 542
1301 1225 1395 1253 Posuit
1412 1225 1509 1262 faciem
1529 1234 1606 1253 suam
1617 1234 1696 1261 super
1703 1226 1799 1261 facient

1002 1273 1072 1306 ejus.
1093 1272 1128 1300 Ut
1139 1278 1265 1301 mortuus
1280 1273 1343 1300 vita:
1368 1273 1486 1300 viventis
1512 1272 1651 1308 particeps
1670 1272 1800 1301 reddere-

1003 1322 1067 1351 tur;
1083 1318 1220 1354 spirituali
1242 1315 1342 1353 nempe
1353 1318 1442 1354 gratia
1458 1318 1541 1345 vitam
1562 1319 1656 1346 dante.

1037 1402 1136 1429 Eidad.
1155 1401 1347 1438 Exposuerunt
1366 1402 1528 1439 ἐνεφύσησε,
1543 1404 1659 1438 inﬂavit.

1037 1447 1187 1482 Impirat-it
1202 1449 1230 1476 in
1251 1456 1322 1477 eum.
1343 1447 1454 1485 Reliqui
1483 1450 1603 1477 reddunt
1618 1449 1799 1486 συνεκάλυψε,

1003 1496 1130 1523 contexit.

1037 1539 1120 1568 Vens.
1138 1539 1183 1568 39.
1200 1540 1307 1569 Ariolli.
1324 1539 1434 1577 Reliqui
1451 1541 1571 1569 reddunt
1598 1541 1798 1578 ἀγριολάχανα,

1004 1586 1078 1614 olera
1100 1585 1242 1614 silvestria.

1041 1632 1127 1661 Vitas.
1153 1633 1198 1661 41.
1225 1633 1342 1668 Accipite
1356 1633 1485 1666 farinam,
1507 1638 1531 1660 et
1555 1634 1652 1662 mittite
1663 1634 1690 1661 in
1705 1635 1797 1664 lebele.

1005 1677 1067 1706 Non
1082 1679 1178 1706 farinae
1195 1678 1238 1706 vis
1263 1684 1291 1707 et
1307 1682 1416 1711 natura,
1432 1680 1480 1707 sed
1499 1681 1598 1714 gratia,
1610 1688 1666 1714 qua
1680 1683 1798 1716 pr0phe-

1006 1729 1033 1752 ta
1046 1724 1180 1760 praeditus
1196 1724 1259 1758 fuit,
1275 1725 1369 1752 herba:
1381 1724 1532 1752 mortiferae
1544 1724 1599 1751 vim
1627 1729 1654 1752 et
1666 1725 1796 1753 eil'ectunt

1005 1773 1156 1802 hebetavit.
1171 1774 1406 1807 Quemadmodum
1421 1773 1506 1801 fontis
1522 1773 1606 1800 etiam
1621 1773 1796 1802 sterilitatem

1005 1819 1046 1846 sal
1066 1826 1120 1846 non
1141 1819 1268 1846 mutavit.

1336 1865 1413 1893 CAP.
1425 1864 1459 1891 ν.

1042 1912 1127 1941 Vens.
1154 1912 1198 1940 10.
1218 1912 1320 1940 Lavare
1343 1912 1463 1939 Iordane
1487 1911 1592 1946 septies.
1611 1911 1703 1947 Ipsum
1736 1912 1799 1947 qui-

1005 1959 1080 1992 dem,
1101 1965 1130 1987 ut
1141 1961 1281 1995 leprosum
1294 1959 1389 1986 videre
1419 1959 1572 1992 sustinuit,
1587 1962 1616 1985 ut
1627 1958 1674 1993 qui
1691 1958 1798 1994 legibus

1006 2006 1150 2039 subjectus
1166 2012 1251 2034 esset.
1264 2005 1382 2040 Imperat
1399 2008 1491 2032 autem
1505 2004 1529 2030 ei
1544 2011 1601 2031 rem
1614 2003 1796 2039 propositam.

1005 2051 1137 2087 Corporis
1153 2051 1228 2079 enim
1245 2051 1321 2086 lepra
1333 2054 1404 2084 erat,
1417 2050 1491 2085 quod
1515 2057 1614 2085 corpus
1631 2057 1664 2077 ex
1678 2053 1799 2085 quatuor

1009 2097 1155 2125 elementis
1185 2100 1305 2124 constat.
1331 2094 1442 2131 Septem
1467 2102 1533 2122 vero
1554 2094 1654 2122 diebus
1674 2101 1798 2129 praesens

1008 2141 1065 2169 vita
1081 2141 1245 2169 revolvitur.
1263 2140 1349 2168 Porro
1361 2140 1460 2167 animae
1471 2139 1600 2175 purgatio
1609 2139 1690 2174 juxta
1701 2142 1799 2167 nume-

1005 2193 1067 2214 rum
1084 2190 1187 2214 sanctxe
1199 2185 1347 2214 Trinitatis
1360 2184 1514 2220 perﬁcitur.

1043 2232 1129 2260 Vens.
1143 2232 1189 2260 ΙΙ.
1202 2231 1238 2259 Et
1248 2232 1335 2259 iratus
1345 2236 1383 2259 est
1398 2230 1522 2259 Numen.
1548 2229 1609 2257 Non
1637 2230 1798 2266 intelligens

1006 2277 1142 2306 Joannem
1172 2282 1298 2306 nostrum
1329 2278 1407 2305 illum
1434 2284 1509 2309 esse,
1527 2276 1574 2312 qui
1591 2275 1798 2311 leprainl‘ectos

1007 2325 1097 2352 abluit
1120 2328 1148 2352 et
1172 2328 1261 2352 sanat.
1286 2323 1431 2357 Propheta
1455 2330 1522 2350 vero
1549 2321 1670 2349 ofﬁcium
1696 2326 1740 2349 est
1770 2326 1798 2348 et

1007 2377 1110 2398 munus
1123 2370 1267 2398 remittere
1280 2369 1315 2396 ad
1332 2369 1409 2396 illum
1437 2367 1484 2403 qui
1500 2372 1591 2395 sanat.
1610 2365 1720 2394 Manum
1731 2374 1798 2394 vero

1007 2416 1149 2451 imponere
1172 2419 1200 2443 et
1214 2415 1358 2447 mundare.
1372 2414 1460 2441 solius
1483 2413 1590 2441 Domini
1616 2412 1702 2440 nostri
1729 2411 1796 2440 Jesu

1007 2460 1110 2488 Christi
1127 2464 1199 2491 erat.
1216 2460 1262 2495 qui
1275 2459 1401 2488 credenti
1417 2459 1469 2486 hoc
1483 2459 1572 2486 solum
1586 2457 1658 2486 dixit
1674 2465 1680 2483 :
1693 2466 1702 2484 ι
1715 2456 1796 2492 Volo,

1007 2506 1047 2534 sis
1063 2506 1183 2534 mundus
1195 2505 1228 2533 υ.
1247 2515 1257 2532 ι
1272 2505 1305 2532 Ει
1320 2512 1353 2533 ac
1369 2505 1442 2532 hunc
1459 2510 1614 2531 sermonem
1639 2510 1703 2530 eum
1732 2503 1797 2530 atti-

1006 2553 1058 2588 git,
1069 2557 1097 2580 et
1112 2561 1128 2580 a
1148 2559 1199 2580 sua
1216 2552 1291 2587 lepra
1309 2552 1459 2579 mundatus
1471 2554 1526 2577 est.

1043 2597 1129 2626 Vens.
1144 2597 1188 2625 i6.
1205 2597 1239 2624 Et
1252 2597 1338 2625 noluit
1350 2597 1478 2627 accipere.
1494 2595 1631 2630 Propheta
1646 2594 1720 2624 enim
1729 2601 1797 2630 pau-

1007 2640 1143 2679 pertatem
1164 2649 1342 2678 summopere
1356 2640 1537 2676 expetendam
1553 2640 1683 2668 omnibus
1692 2639 1796 2667 divitiis

1007 2688 1177 2724 anteposuit,
1188 2693 1302 2716 secutus
1311 2686 1501 2722 evangelicum
1509 2691 1677 2722 praeceptum
1687 2693 1696 2713 :
1706 2695 1715 2711 ι
1727 2685 1798 2712 Gru-

1008 2734 1045 2762 tis
1059 2734 1219 2770 accepistis,
1234 2734 1322 2770 gratis
1343 2733 1407 2763 date
1420 2734 1454 2760 ".
1471 2740 1482 2758 ι

815 2844 935 2872 Vitille
952 2842 1163 2872 LECTIONES.

196 2894 210 2914 ἀ
225 2894 254 2922 In
266 2894 362 2922 codice
375 2894 499 2921 Lavalcri
525 2893 578 2922 fuit
593 2893 664 2928 ὥρα,
682 2892 786 2928 Recto;
799 2899 862 2928 nam
879 2892 916 2928 ita
931 2891 1158 2928 habent‘qnoque
1175 2890 1256 2928 LXX.

1297 2897 1309 2911 ο
1329 2890 1368 2918 lta
1384 2892 1468 2920 ctiam
1498 2893 1525 2921 in
1551 2892 1677 2921 Lavateri
1700 2892 1795 2920 codice

162 2929 225 2958 fuit.
241 2930 294 2958 Sed
311 2929 457 2965 legendum
469 2934 561 2958 tamen
595 2925 743 2964 Ἰορδάνης.
763 2926 830 2954 Nam
846 2927 879 2954 de
896 2925 1018 2955 Jordanc
1030 2925 1122 2954 ﬂuvio'
1141 2927 1231 2962 agitur
1243 2927 1296 2955 hoc
1314 2928 1385 2955 loco.
