2079 3161
270 204 336 236 1187

925 191 1100 223 PROCOPII
1120 189 1242 221 ὓΑΖίΕΙ

1834 185 1901 218 1188

305 259 386 286 Vens.
406 258 449 286 l8.
466 257 500 285 Et
513 261 620 292 propter
636 263 692 284 rem
707 255 788 282 istan:
803 252 934 289 propitius
948 251 982 277 sit
998 249 1062 276 mihi

1148 248 1201 274 Καὶ
1218 246 1286 281 περὶ
1303 246 1356 274 τοῦ
1370 246 1463 280 λόγου
1476 244 1614 272 ἰλὰσεταί
1634 252 1684 279 μοι
1700 243 1816 277 Κύριος.
1830 244 1903 277 Συγ-

271 307 408 334 Dominus.
432 303 546 331 Veniam
569 306 643 337 peto,
675 301 777 337 inquit,
791 299 816 328 si
837 296 959 326 mandati
990 294 1058 331 regii

270 351 435 380 necessitate
448 348 596 384 impulsus,
610 347 646 374 ad
666 345 767 374 falsum
796 344 878 373 deum
905 341 1057 378 ingrediar.

585 414 663 443 CAP.
683 413 728 442 Vl.

307 473 389 501 Vens.
401 472 443 499 15.
455 471 525 504 Heu,
538 470 660 503 Domine,
670 474 693 497 et
702 469 788 503 ipsum
802 472 893 494 mutuo
910 469 1056 500 acceptum.

271 517 439 549 Invocantis,
454 524 510 544 non
528 514 747 551 blaspliemantis
764 520 816 540 vox
843 516 905 545 est;
923 510 1058 546 quemad-

272 564 382 591 modum
397 562 464 590 illud
482 569 593 598 quoque
610 561 682 596 apud
696 560 826 588 Davidem
847 567 856 586 :
874 568 884 585 ‹
899 557 992 588 Salva,
1006 555 1059 583 Do-

272 609 356 641 mine,
389 608 459 635 bene
483 613 647 642 prosperare
664 605 698 632 ".
716 614 725 631 ι
752 604 867 632 Elisaeus
881 607 971 630 autem
993 608 1059 637 pro-

272 655 354 690 pheta
391 653 473 681 rebus
489 653 557 688 ipsis
573 651 732 685 declaravit,
765 650 874 678 ﬁrmum
890 648 938 676 Dei
951 655 1057 676 sermo-

273 707 351 732 nem,
376 698 505 734 quoniam
536 696 715 732 contemptim
733 695 866 730 rejectum
885 700 939 721 nou
951 693 1058 720 inveni-

272 753 345 777 mus,
383 751 434 771 nos
458 743 549 770 denuo
573 749 621 776 per
638 741 731 768 crucis
760 739 995 775 dispensationem
1015 745 1058 765 rc-

270 796 401 825 ccpturos
427 796 500 816 esse.
522 787 589 815 Nam
616 787 688 823 quod
716 786 830 814 verbum
842 785 889 812 Dei
901 784 992 812 simile
1022 784 1059 811 sit

271 836 374 869 securi,
404 834 524 862 Joannes
547 833 669 868 Baptista
697 832 797 864 innuit,
814 830 936 858 dicens:
957 837 967 855 ‹
997 828 1057 856 .lam

272 881 378 910 securis
405 881 439 907 ad
468 879 598 906 arborum
615 877 735 905 radicem
765 877 853 911 posita
868 879 911 903 cst
924 874 957 901 ⁸⁵.
974 883 984 900 ι
1011 873 1058 900 Sic

1110 293 1224 329 γνώμην
1252 292 1339 326 αἰτῶ,
1367 292 1444 327 φησὶ,
1469 291 1512 318 διὰ
1538 291 1589 326 τὴν
1617 289 1758 325 βασιλικὴν
1780 289 1902 325 ἀνάγκην

1110 339 1334 374 ἀναγκαζόμενος
1356 338 1424 375 πρὸς
1434 337 1479 364 τδν
1489 331 1666 372 ψευδώνυμον
1678 335 1739 363 θεὸν
1757 335 1900 362 εἰσελθεῖν.

1407 404 1534 431 uuam.
1556 402 1604 437 ς’.

1144 460 1183 490 ’Ὦ
1199 461 1248 496 δὴ.
1267 461 1371 496 Κύριε,
1388 461 1438 488 καὶ
1463 460 1537 487 αὐτὸ
1559 459 1753 495 κεχρημένον.
1772 460 1902 495 Ἑπικλή-
1949 474 1954 477 -

1111 517 1190 541 σεως,
1203 508 1234 535 οὗ
1250 507 1438 543 βλασφημίας,
1455 508 1469 534 ὁ
1484 507 1573 541 λόγος.
1583 506 1627 538 Ὠς
1644 506 1691 533 καὶ
1708 505 1785 541 παρὰ
1799 506 1838 541 τῷ
1852 508 1902 532 Δα-

1110 555 1154 582 6ὶδ
1178 554 1225 582 τό·
1256 552 1305 580 «Ὦ
1323 554 1420 589 Κύριε,
1437 552 1524 580 σῶσον
1538 553 1589 587 δή·
1612 551 1635 579 ὦ
1655 551 1752 587 Κύριε,
1769 552 1902 579 εὺὸδωσον

1108 602 1150 637 δή.
1170 611 1179 627 ι
1195 601 1245 629 Διὰ
1258 601 1287 628 δὲ
1304 601 1359 628 τῶν
1374 601 1462 635 ἔργων
1481 601 1495 627 ὁ
1517 600 1661 636 προφήτης
1678 599 1829 631 Ἐλισσαῖος
1848 600 1901 627 ᾶπ-

1110 647 1221 680 ἐδειξεν,
1235 647 1277 674 ὅτι
1293 647 1340 674 τὸν
1355 646 1464 681 στερεὸν
1479 645 1559 679 λόγον
1575 645 1622 671 τοῦ
1641 644 1711 671 Θεοῦ
1723 665 1730 676 ,
1747 644 1776 671 ὃν
1792 644 1902 680 ἀμελῶς

1109 694 1295 725 ἀποϐαλόντες
1318 693 1368 728 οὐχ
1393 692 1571 727 εὑρίσκομεν,
1593 690 1792 726 ἀποληψόμεθα
1819 691 1901 718 πάλιν

1108 739 1152 766 διὰ
1167 739 1217 775 τῆς
1232 739 1278 765 τοῦ
1295 738 1375 772 ξύλου
1393 737 1627 773 οἶκονομέας.”οτι
1645 736 1699 771 γὰρ
1722 736 1801 772 ἀξίνῃ
1828 745 1900 772 παρ-

1109 785 1198 812 έοικεν
1214 786 1228 811 ό
1241 784 1288 811 τοῦ
1303 783 1372 811 Θεοῦ
1387 783 1613 818 λόγος,’1ωάννης
1628 782 1642 808 ὁ
1658 782 1817 818 Βαπτιστής
1833 791 1900 817 φησι

1109 832 1183 868 περὶ.
1195 830 1278 858 αὑτοῦ
1291 839 1298 847 ·
1319 830 1406 865 (Ἤδη
1426 829 1454 856 δὲ
1474 829 1490 864 ἡ
1511 828 1588 863 ἀξίνη
1607 828 1676 863 πρὸς
1688 827 1737 863 τὴν
1752 827 1831 863 ῥίζαν
1846 827 1901 853 τῶν

1112 877 1229 912 δένδρων
1245 878 1345 904 κεῖται.
1362 885 1372 902 ι
1399 875 1455 902 Kal.
1470 870 1606 910 Ἱερεμίας
1634 874 1716 910 φησιν
1729 882 1737 890 ·
1755 883 1764 899 t
1777 874 1806 900 '0
1822 873 1900 908 λόγος

271 927 404 955 Jeremias
423 931 532 960 quoque
542 923 631 951 dicit:
652 932 661 949 ι
686 921 782 950 Sermo
803 920 910 948 Domini
922 919 1059 947 estinstar

1115 923 1216 958 Κυρίου
1234 922 1271 954 ὡς
1288 922 1372 955 πέλυξ
1386 921 1495 948 κόπτων
1513 921 1630 955 πέτραν.
1646 929 1656 946 ›
1675 919 1776 946 Τοῦτον
1792 918 1839 947 οὖν
1856 929 1901 946 κε-

273 973 389 1005 securis,
402 970 554 999 scindentis
568 973 675 1004 petram
685 968 719 995 ⁸⁵.
740 976 750 993 ›
779 966 837 994 Hoc
869 965 954 1001 igitur
980 964 1060 992 nobis

271 1018 462 1046 absconditum
479 1016 547 1052 ligni
563 1015 734 1051 dispensatio
761 1012 961 1040 manifestavit.
991 1010 1060 1038 Cum

271 1067 344 1102 enim
361 1073 410 1102 per
425 1065 528 1101 lignum
542 1063 655 1091 verbum
680 1059 864 1092 amiserimus,
883 1060 973 1088 denuo
987 1059 1061 1086 reci-

271 1105 364 1148 pim'us
377 1119 426 1147 per
441 1112 554 1147 lignum,
571 1108 755 1140 altitudinem,
772 1106 981 1141 longitudinem,
997 1105 1061 1132 lati-

271 1158 395 1185 tudinem
409 1161 436 1184 et
457 1155 673 1191 profunditatem
685 1152 724 1187 iin
738 1159 772 1180 eo
790 1150 951 1179 ostendens.
964 1149 1060 1176 Divina

271 1205 343 1233 enim
359 1211 491 1231 manuum
505 1201 666 1229 extensione
690 1199 759 1227 duos
775 1198 894 1234 populos
905 1196 958 1225 sub
975 1203 1060 1223 unum

271 1255 364 1286 caput,
381 1248 508 1277 videlicet
528 1244 844 1280 Palrem,congregavit.
861 1241 960 1270 «Unus
975 1242 1060 1274 enim,

271 1301 314 1324 est
329 1295 411 1328 Deus,
427 1294 474 1329 qui
492 1298 534 1321 est
559 1290 757 1327 superomnia,
782 1296 832 1324 per
854 1287 959 1320 omnia,
981 1290 1009 1314 et
1033 1287 1060 1314 in

272 1340 412 1369 Omnibus.
430 1349 439 1365 ι

311 1385 458 1413 ΡΙιριηιοηὶ.
485 1383 523 1410 Ac
548 1382 570 1411 si
588 1381 650 1417 quis
665 1381 751 1415 dicat,
765 1380 803 1412 in,
827 1378 869 1407 vel
882 1377 917 1406 ad
931 1377 1000 1404 Itum:
1021 1377 1062 1405 ιο-

272 1430 342 1449 cum.

309 1466 393 1494 Vens.
424 1465 471 1493 22.
497 1464 532 1491 Ει
552 1463 720 1491 remittemur
743 1461 778 1488 ad
796 1461 938 1488 Dominum
971 1468 1060 1488 suum.

274 1513 352 1546 Quod
371 1512 394 1539 si
410 1510 587 1542 occidantur,
616 1508 719 1544 inquit,
739 1508 836 1543 ingens
859 1507 911 1534 hoc
945 1506 1063 1534 miracu-

274 1560 330 1587 lum
345 1566 399 1586 non
429 1557 601 1588 innotescet;
625 1554 667 1582 sin
685 1561 752 1581 vero
774 1554 867 1580 denuo
878 1552 912 1579 ad
928 1552 1004 1579 illum
1020 1559 1063 1578 rc-

1111 968 1271 1005 κρυμμὲνον
1288 968 1335 1002 ἀφ’
1346 968 1426 1004 ήμῶν
1441 968 1457 1003 ή
1473 966 1520 993 τοῦ
1545 966 1625 998 ξύλου
1649 966 1847 1002 πεφανέρωχεν
1860 966 1901 992 ol-

1111 1014 1237 1050 κονομία.
1247 1014 1324 1040 Ἐπεὶ
1337 1014 1391 1049 γὰρ
1406 1013 1452 1040 διὰ
1467 1012 1547 1045 ξύλου
1563 1012 1737 1047 ἀπεϐάλομεν
1754 1012 1846 1044 αὐτὶν,
1856 1011 1900 1039 διὰ

1111 1060 1191 1093 ξύλου
1205 1061 1286 1088 πάλιν
1301 1060 1455 1095 εἰλήφαμεν
1465 1079 1473 1091 ,
1488 1058 1690 1089 ἐπιδεικνύντος
1704 1058 1734 1084 τι
1754 1056 1836 1092 ὕψος,
1853 1059 1900 1084 καὶ

1113 1105 1212 1141 μῆκος,
1238 1105 1285 1132 καὶ
1309 1105 1422 1136 πλάτος,
1438 1104 1486 1130 καὶ
1514 1103 1613 1139 βάθος,
1629 1103 1658 1130 ὲν
1680 1101 1764 1137 αὐτῷ.
1780 1102 1820 1138 Τῇ
1845 1103 1899 1137 γὰρ

1112 1151 1173 1187 θείᾳ
1188 1151 1243 1178 τῶν
1269 1152 1371 1188 χειρῶν
1396 1151 1506 1177 ἐκτάσει
1530 1150 1596 1181 τοὺς
1615 1149 1664 1176 δύο
1687 1149 1767 1181 λαοὺς
1781 1149 1820 1180 εἰς
1837 1149 1900 1184 μίαν

1112 1198 1251 1234 συνήγαγε
1268 1197 1392 1233 κεφαλὴν
1410 1197 1457 1224 τδν
1475 1195 1662 1231 Πατέρα.“¹οτι
1677 1191 1717 1227 εἷς
1735 1194 1813 1228 Θεδς,
1826 1195 1840 1221 ὸ
1855 1195 1903 1221 ἐπὶ

1111 1243 1233 1278 πάντων,
1249 1243 1296 1271 καὶ
1311 1243 1355 1270 διὰ
1369 1243 1491 1277 πάντων,
1510 1243 1559 1270 καὶ
1575 1242 1603 1270 ὲν
1618 1242 1712 1269 πᾶσιν.

1150 1364 1185 1391 Τὸ
1203 1364 1350 1398 Φελμωνί.
1367 1363 1412 1396 Ὧς
1425 1364 1458 1391 ἂν
1471 1363 1544 1391 εἴποι
1560 1372 1611 1396 τις,
1628 1365 1672 1397 εἰς
1685 1363 1774 1390 τόνδε
1790 1363 1843 1390 τόν
1857 1363 1904 1389 τό-

1112 1417 1183 1438 πον.

1147 1455 1202 1483 Kal
1218 1455 1480 1490 ἀποσταλήτωσαν
1492 1455 1537 1488 εις
1552 1454 1606 1482 τὸν
1619 1454 1730 1489 Κύριον
1741 1455 1851 1484 αὐτῶν.
1872 1456 1904 1482 Et

1113 1503 1320 1538 σφαγήσονται,
1338 1503 1439 1538 φησὶν,
1457 1502 1487 1528 οὗ
1511 1500 1701 1536 γνωσθήσεται
1726 1501 1775 1536 τῆς
1799 1501 1905 1536 θαυμα-

1114 1549 1243 1583 τουργίας
1257 1548 1287 1575 τὺ
1305 1548 1435 1584 μέγεθος·
1456 1549 1481 1575 εἰ
1500 1548 1529 1574 δὲ
1544 1547 1627 1575 πάλιν
1643 1547 1816 1574 ἐπανέλθοιεν
1837 1547 1906 1582 πρὸς

273 1606 428 1633 vertantur,
445 1600 493 1636 qui
512 1598 588 1626 misit
615 1605 676 1630 eos,
694 1600 853 1633 cognoscet,
865 1599 892 1623 et
911 1594 1063 1629 discetipse

1115 1592 1160 1618 τὸν
1185 1592 1351 1627 πέμψαντα,
1370 1592 1522 1628 μαθήσεται
1546 1593 1673 1624 κάκεῖνος
1695 1592 1742 1619 τοῦ
1765 1592 1833 1619 Θεοῦ
1858 1592 1906 1619 τοῦ

273 1656 386 1685 quoque
403 1647 448 1674 Dei
466 1645 553 1673 nostri
573 1643 738 1680 potentiam,
754 1646 782 1670 et
796 1643 939 1669 virtutem.

311 1693 393 1721 Vens.
404 1691 451 1719 ‘25.
463 1691 595 1718 Stercoris
612 1689 805 1716 columbarum.
822 1685 982 1715 Obsidionis
992 1686 1065 1714 enim

276 1739 441 1770 necessitas,
456 1737 518 1764 loco
536 1736 603 1764 salis
617 1739 743 1763 stercore
751 1740 800 1761 eos
821 1732 861 1760 uti
876 1732 981 1760 docuit.

316 1816 397 1844 Vens.
409 1815 455 1843 31.
476 1814 506 1842 Si
520 1813 600 1841 stabit
614 1817 694 1848 caput
711 1811 815 1839 Ειὶεωὶ,
833 1809 995 1846 Supplicare
1004 1816 1067 1845 pro-

277 1865 367 1900 pheta:
382 1870 445 1890 eum
476 1861 604 1894 decebat,
633 1863 664 1887 ut
681 1866 732 1895 pro
748 1858 809 1894 ipso
831 1857 902 1893 apud
919 1856 1003 1884 Deum
1024 1855 1067 1883 in-

277 1907 443 1936 tercederet.
469 1905 591 1933 Minatur
603 1909 694 1932 autem
724 1911 754 1932 se
767 1911 830 1932 eum
844 1901 1066 1933 interfecturum,

277 1954 365 1989 utqui
383 1953 519 1981 industria
535 1952 686 1979 maximam
707 1951 783 1978 illam
805 1949 992 1978 calamitatem
1018 1955 1069 1976 ne-

277 2001 362 2037 gligat
378 2003 407 2027 et
426 2003 601 2034 aspernetur.
615 1997 668 2025 Sed
682 1997 776 2025 statim
792 1995 892 2024 ductus
906 1994 1068 2030 poenitentia

279 2050 392 2074 secutus
419 2048 471 2077 est,
499 2048 529 2071 ut
559 2043 662 2071 caedem
689 2041 866 2078 prohiberet;
888 2040 915 2068 id
934 2040 1067 2073 declarat,

278 2092 351 2128 quod
371 2090 514 2126 Scriptura
522 2089 588 2117 dicit
610 2097 618 2116 :
636 2087 706 2116 Ecce
721 2095 815 2116 nonne
828 2086 961 2123 strepitus
969 2085 1069 2122 pedum

279 2137 389 2166 Domini
404 2135 514 2172 ipsius?

544 2190 622 2218 CAP.
638 2189 687 2217 vn
711 2188 805 2226 [VIII].

317 2237 404 2266 Vsus.
418 2236 447 2264 ‘2.
461 2235 601 2263 Habitavit
612 2236 637 2263 in
654 2240 725 2263 terra
756 2234 977 2262 Pola-uiuorum.
1009 2232 1068 2261 Non

281 2283 377 2318 utique
402 2283 559 2310 universam
582 2286 685 2309 terram
717 2280 805 2308 fames
834 2280 994 2316 premebat,
1020 2279 1068 2307 sed

283 2328 368 2357 lsrael
386 2331 493 2355 tantum
512 2327 602 2362 plagis
617 2326 751 2354 divinitus
777 2325 910 2353 immissis
922 2324 1072 2360 castigatus

283 2378 336 2407 est,
350 2378 413 2409 post
428 2377 529 2400 lautam
544 2371 690 2407 impiorum
717 2371 887 2406 diligentiam
917 2373 946 2398 et
963 2377 1070 2398 curam.

283 2420 419 2448 Caeterum
437 2418 517 2446 famis
537 2418 637 2453 duplex
669 2421 789 2452 tempus,
813 2416 949 2452 duplicem
967 2416 1071 2451 portio-

285 2473 347 2510 nem
379 2465 525 2498 donorum,
550 2471 611 2499 qua:
627 2462 726 2491 Eliszeo
750 2469 883 2491 concessa
897 2461 1019 2495 fuerunt,
1035 2463 1070 2490 si-

286 2509 405 2545 gniﬁcat.

322 2555 406 2583 Vsus.
420 2555 447 2582 7.
466 2554 500 2582 Et
518 2555 586 2582 venit
606 2554 722 2582 Eliswus
746 2554 774 2581 in
795 2554 972 2581 Damascum.
1000 2553 1073 2582 Elias

291 2600 472 2628 translatione
489 2600 516 2627 in
531 2598 616 2627 cmlos
641 2603 797 2635 praeventus
813 2599 902 2627 facere
919 2607 975 2627 non
984 2600 1074 2635 potuit

288 2653 350 2681 quae
360 2653 375 2672 a
388 2644 443 2672 Deo
458 2645 486 2672 in
505 2644 645 2672 mandatis
660 2644 798 2678 habebat;
827 2652 935 2680 nempe,
956 2648 988 2672 ut
1002 2645 1074 2673 Asa-

289 2691 490 2726 helem.regem
509 2689 605 2726 Syriae,
622 2694 650 2717 et
665 2690 735 2718 Jebu
753 2698 845 2726 regem
868 2690 976 2718 lsraelis
997 2691 1079 2720 inun-

289 2739 374 2770 geret.
391 2734 512 2769 ldipsnm
527 2742 602 2762 nunc
614 2733 731 2762 Elisaeus
746 2734 872 2763 facturus
889 2735 974 2769 venit,
983 2736 1080 2765 volens

290 2780 408 2815 primum
426 2780 572 2807 Asahelem
588 2780 732 2815 inungere.

324 2824 409 2852 Vens.
427 2824 470 2852 10.
482 2824 563 2860 543
576 2824 610 2852 Et
619 2825 661 2852 dic
669 2825 693 2852 ei
706 2833 715 2853 :
729 2824 844 2853 Viventio
854 2827 931 2854 vives.
946 2825 987 2854 Ne
995 2826 1079 2859 signi-

1116 1638 1252 1673 ήμετέρου
1271 1637 1322 1673 τήν
1341 1637 1471 1673 δύναμιν.

1151 1685 1271 1718 Κύπρου
1300 1684 1495 1719 περιστερῶν.
1523 1684 1557 1711 Ἦ
1588 1685 1644 1720 γὰρ
1670 1684 1721 1720 τῆς
1748 1684 1907 1720 πολιορκίας

1116 1730 1223 1764 ἀνάγκη
1240 1729 1448 1765 παρεσκεύαζεν
1462 1729 1564 1762 αὐτοὺς
1585 1729 1648 1758 ἀντὶ
1670 1729 1743 1757 ἀλῶν
1757 1729 1907 1766 κεχρῆσθαι

1116 1776 1150 1810 τῇ
1169 1776 1276 1811 κόπρῳ.

1152 1823 1187 1848 El
1198 1821 1344 1856 στήσεται
1361 1822 1380 1856 ἡ
1396 1821 1513 1856 κεφαλὴ
1533 1822 1700 1850 Ἐλισσαιέ,
1721 1822 1786 1848 Δέον
1802 1821 1907 1848 ἱκετεῦ-

1119 1876 1164 1893 σαι
1180 1867 1227 1894 τὸν
1243 1868 1388 1903 προφήτην
1400 1888 1408 1900 ,
1423 1868 1495 1894 ὥστε
1511 1867 1562 1903 τὴν
1576 1867 1646 1903 ὑπὲρ
1662 1868 1743 1894 αὑτοῦ
1758 1868 1910 1903 πρεηὸείαν

1119 1915 1318 1948 προσενεγκεῖν
1333 1914 1374 1950 τῷ
1389 1915 1460 1951 Θεῷ,
1477 1915 1627 1951 ἠπείλησεν
1642 1916 1766 1952 ἀναιρεῖν
1786 1916 1824 1947 ὡς
1845 1916 1908 1942 ἐπί-

1118 1958 1198 1993 τηδες
1212 1959 1376 1995 παρορῶντα
1389 1960 1439 1994 τῆς
1452 1961 1596 1996 συμφορᾶς
1605 1961 1655 1997 τὴν
1667 1961 1832 1997 ὑπερϐολὴν,
1845 1961 1910 1988 ἀλλ’

1118 2004 1201 2037 εὐθὺς
1228 2005 1446 2041 μεταμεληθεὶς,
1471 2006 1573 2042 ἔδραμε
1600 2007 1647 2034 τὸν
1673 2007 1755 2042 φόνον
1773 2009 1907 2043 ἐπισχεῖν.

1120 2048 1206 2075 Τοῦτο
1222 2049 1276 2085 γὰρ
1290 2049 1366 2084 δηλοῖ
1378 2050 1409 2077 τό
1420 2059 1427 2066 ·
1445 2051 1502 2078 Οὐκ
1518 2045 1575 2079 ἰδοῦ
1593 2051 1671 2088 φωνὴ
1683 2051 1738 2079 τῶν
1761 2053 1852 2080 ποδῶν
1863 2052 1911 2079 τοῦ

1119 2093 1224 2129 Κυρίου
1243 2093 1342 2128 αὐτοῦς
1851 2090 1858 2094 ”

1424 2195 1550 2224 ΚΕΦΔΛ.
1571 2196 1608 2224 Z'.

1155 2238 1211 2265 Kal
1223 2239 1351 2274 παρῴκει
1368 2240 1404 2268 ἐν
1417 2241 1456 2275 τῇ
1470 2241 1663 2276 ἀλλοφύλων.
1684 2241 1742 2269 Οὐκ
1755 2242 1810 2277 ἄρα
1821 2243 1910 2277 πέσῃς

1120 2283 1155 2320 ἦν
1169 2284 1220 2319 τῆς
1235 2285 1286 2320 γῆς
1299 2286 1313 2312 ὁ
1326 2285 1534 2323 λιμὸς,’1σραὴλ
1551 2287 1580 2314 δὲ
1592 2287 1672 2322 μόνος
1687 2287 1829 2322 θεηλάτοις
1838 2287 1908 2323 πλη-

1120 2331 1183 2364 γαῖς
1197 2331 1357 2358 ἐπαιδεύετο
1381 2332 1451 2367 μετὰ
1473 2333 1609 2368 τοσαύτην
1630 2333 1790 2368 ἐπιμέλειαν
1812 2334 1909 2360 δυσσε‹

1122 2376 1187 2404 σῶν,
1202 2377 1260 2412 Τῆς
1274 2377 1302 2404 δὲ
1314 2377 1363 2404 τοῦ
1379 2379 1519 2414 προφήτου
1533 2379 1645 2415 χάριτος
1658 2379 1689 2406 τὸ
1700 2379 1823 2412 διπλοῦν,
1833 2381 1848 2407 ὁ
1862 2379 1910 2407 τοῦ

1124 2422 1204 2458 λιμοῦ
1216 2423 1357 2462 διπλάσιος
1368 2424 1465 2460 χρόνος
1477 2424 1560 2460 δηλοῖ.

1160 2555 1215 2583 Kal
1229 2554 1323 2592 ἦλθεν
1338 2557 1493 2584 Ἐλισσαιὲ
1506 2558 1550 2590 εὶς
1563 2558 1733 2592 Δαμασκόν.
1748 2557 1781 2583 Ὀ
1797 2556 1852 2592 γὰρ
1865 2555 1915 2583 οὐκ

1125 2601 1246 2636 ἔφθασεν
1268 2602 1436 2638 ἀναληφθεὶς
1450 2603 1545 2634 Ἠλίας
1566 2602 1690 2638 ποιῆσαι,
1714 2601 1916 2638 προστάξαντος

1126 2647 1173 2675 τοῦ
1189 2647 1270 2681 Θεοῦ,
1284 2648 1329 2676 τόν
1341 2657 1371 2676 τε
1389 2649 1489 2682 Ἀζαὴλ
1504 2649 1598 2685 χρῖσαι
1614 2648 1661 2675 ἐπὶ
1675 2649 1776 2684 Συρίας
1786 2668 1794 2680 ,
1805 2648 1853 2675 καὶ
1870 2647 1917 2674 τὸν

1133 2694 1204 2730 Ἰηοῦ
1231 2694 1279 2721 ἐπὶ
1303 2694 1423 2731 Ἰσραὴλ,
1437 2694 1517 2721 τοῦτο
1532 2695 1579 2722 νῦν
1597 2695 1747 2726 Ἐλισσαῖος
1762 2694 1826 2729 ἥκει
1836 2693 1918 2728 ποιή-

1129 2748 1194 2773 σων,
1209 2739 1309 2767 ἐθέλων
1324 2739 1432 2776 πρῶτον
1449 2740 1543 2776 χρῖσαι
1559 2739 1606 2767 τὸν
1623 2739 1734 2775 Ἀζαήλ.

1163 2827 1216 2855 Kal
1228 2827 1293 2855 εἰπὲ
1303 2827 1393 2862 αὐτῷ,
1408 2828 1473 2856 Ζῶν
1487 2827 1575 2863 ζώσῃ.
1585 2828 1630 2863 Μὴ
1645 2827 1769 2864 μηνὺσης
1783 2827 1860 2862 αὺτῷ
1874 2826 1921 2853 τὸν

331 2903 356 2920 ⁸⁸
370 2902 431 2931 Psal
455 2903 597 2937 cxvuﬁii.
640 2903 664 2920 ”
674 2902 768 2931 Matth.
788 2912 829 2937 Ill,
846 2904 890 2931 10.
936 2902 1066 2932 "It-rem.
1083 2912 1161 2936 xxm.
1189 2904 1234 2932 29.
