2079 3161
169 201 236 234 1189

636 204 904 236 ΟΟΜΜΕΝΤΛΙΠΙ
938 205 979 236 ΙΝ
997 205 1070 236 LIB.
1089 206 1127 236 IV
1148 206 1295 236 REGUM.

1722 202 1790 236 1190

164 259 291 291 θάνατον,
308 259 406 294 φησὶν,
422 258 466 286 ἵνα
487 259 525 295 μὴ
541 260 600 295 μετ’
609 260 728 296 ἀθυμίας
747 261 890 293 ὑπεξέλθοι
905 261 950 288 τὸν

1010 263 1066 289 ices
1082 270 1144 289 eum
1169 264 1348 296 moriturum,
1379 261 1480 298 inquit,
1491 269 1526 290 ne
1546 268 1609 290 cutn
1633 267 1754 289 mmrore
1763 265 1791 287 et

165 303 234 338 βίον.

199 349 255 376 Kal
282 349 430 376 ἐπέϐαλεν
452 349 501 376 ἐπὶ
523 349 557 377 τὸ
584 350 749 384 πρόσωπον
772 351 885 382 αὑτοῦ,
903 350 954 378 καὶ

164 394 325 423 ἀπέθανεν.
339 393 406 421 Ἦν⁸
418 395 484 431 γὰρ,
505 396 589 431 φησὶν
606 396 776 431 Ἰώσηππος,
799 397 903 433 ἀσεϐής
925 406 953 424 τε

165 441 213 467 καὶ
230 440 383 476 μιαιφόνος.
400 441 486 473 Αὐτὸς
509 441 564 477 γὰρ
590 443 716 477 εἰρήκει·
735 452 745 468 ι
760 443 827 474 Θεὸς
841 443 925 479 ὀρέων
940 443 955 469 ὀ

164 486 231 518 Θεὸς
249 487 367 522 Ἰσραήλ.
383 496 392 512 ι
416 487 472 513 Καὶ
495 487 591 520 σωθεὶς
606 488 659 514 ὑπὸ
676 488 778 523 Ἀχαὰὸ
788 509 796 522 ,
809 489 955 524 ἀχάριστος

164 533 230 568 περὶ
243 533 289 559 τὸν
305 532 456 568 εὐεργέτην
473 533 667 570 ἐγένετο.”ορα
681 534 711 561 δὲ
724 535 774 571 τῆς
785 535 876 570 κακῆς
891 544 956 570 συγ-

164 578 273 612 γενείας
287 578 318 605 τὺ
333 579 418 610 τέλος.
438 578 503 611 Υἱὸς
518 579 572 615 γὰρ
587 578 625 606 ὢν
643 580 778 615 Ἰωσαφὰτ
798 581 894 617 ἀνδρὸς
907 582 954 607 εὺσ

165 622 261 654 σεσοῦς
277 623 390 659 Ἰωρὰμ.
404 624 457 651 ὑπὸ
470 624 519 660 τῆς
533 624 681 660 ὁμοζύγου,
695 625 832 662 θυγατρὸς
840 626 954 662 ‘Axa‘zo',

164 669 234 704 πρὸς
253 669 384 698 ἀσέϐειαν
398 669 516 698 ἔκλινεν.

199 759 254 787 Kal
268 760 420 788 ἐπέπεσεν
432 761 482 789 ἐπὶ
502 761 556 789 τὸν
573 762 678 798 Ἐδὼμ.
690 760 782 799 Ἦρχε
804 763 858 791 τῶν
875 763 956 790 Ἰδου-

166 806 256 841 μαίων
280 807 294 834 ὁ
318 807 369 842 τῆς
391 807 477 834 Ἰούδα
501 808 588 844 φυλῆς
612 808 749 844 βασιλεύς.
768 809 838 836 Ἀλλ’
863 809 956 837 Ἰσαὰκ

164 853 328 888 προειρήκει
353 854 418 889 περὶ
447 854 548 890 Ἑδώμ.
564 855 661 882 Ἔσται
687 855 786 891 καιρὺς
819 855 900 891 ἡνίκα
923 855 957 883 ἂν

164 897 294 934 καθέλῃς.
308 899 356 926 καὶ
369 899 486 936 ὲκλύσῃς
510 899 557 927 τὸν
570 900 653 935 ζυγὸν
664 900 748 928 αὑτοῦ
763 901 819 942 me
831 900 878 928 τοῦ
890 909 956 936 τρα-

1005 307 1059 334 vita
1072 307 1198 335 decedat.

1040 350 1124 379 Vens.
1153 351 1198 379 15.
1235 351 1328 379 Potuit
1347 352 1442 387 faciem
1466 352 1571 387 ejus,“
1596 356 1717 379 mortuus
1739 356 1788 378 est.

1005 396 1071 424 Erat
1084 397 1171 430 enim,
1188 401 1218 424 ut
1230 396 1367 433 Joscphus
1381 398 1458 431 dicit,
1476 398 1579 433 impius
1592 402 1619 425 et
1640 397 1788 424 homicida.

1005 443 1067 478 ipse
1091 444 1165 471 enim
1193 444 1302 472 dixerat
1334 453 1342 471 :
1374 454 1383 470 ε
1412 443 1485 472 Deus
1510 444 1645 471 montium
1661 447 1704 471 est
1717 442 1790 470 Deus

1005 488 1127 517 lsraelis.
1140 499 1151 517 ι
1166 489 1199 517 Ει
1211 490 1234 505 ³⁸
1249 490 1283 517 ab
1296 490 1409 518 Achabo
1433 494 1571 521 servatus,
1599 489 1724 524 ingratus
1738 487 1791 515 iuit

1005 535 1033 563 in
1045 535 1259 564 bcnel‘actorem.
1276 536 1343 564 Vide
1367 540 1457 563 autem
1470 556 1478 569 ,
1499 535 1605 571 qualem
1629 534 1732 562 exitum
1753 533 1792 560 af-

1008 581 1100 609 ﬁnitas
1116 589 1179 609 cum
1196 581 1275 609 malis
1289 586 1430 609 contracta
1457 572 1599 609 sortiatur.
1613 579 1693 613 Nam,
1726 579 1790 606 licet

1005 627 1109 660 Joram,
1140 627 1177 663 pii
1203 631 1230 655 et
1245 627 1368 663 religiosi
1391 628 1455 659 viri.
1468 627 1601 662 Josaphat
1619 626 1693 653 illius
1707 629 1789 656 esset,

1006 675 1097 700 tamen
1114 677 1225 708 propter
1236 680 1350 700 uxorem
1363 680 1440 700 suam
1454 673 1537 700 tiliam
1553 671 1658 700 Achabi
1685 671 1713 698 in
1741 670 1791 697 im-

1006 716 1135 752 pietatem
1150 716 1309 744 declinavit.

1042 760 1128 789 Vens.
1142 761 1188 788 20.
1209 761 1244 788 Et
1260 762 1340 788 irruit
1351 762 1378 788 in
1406 760 1500 788 Edam.
1523 761 1578 788 Rex
1600 760 1688 788 tribus
1719 758 1789 787 Juda

1006 805 1136 834 ldumaeis
1151 807 1306 841 imperavit.
1320 806 1395 834 Isaac
1417 814 1483 834 vero
1494 801 1533 834 'de
1560 805 1644 832 Edom
1660 804 1792 840 praedixe-

1007 855 1050 878 rat
1069 861 1077 880 :
1094 851 1213 887 Tempus
1225 853 1326 884 veniet,
1344 856 1374 878 ut
1388 852 1483 886 jugum
1498 851 1585 886 ipsius
1603 854 1739 880 conteras,
1763 853 1792 875 et

1008 893 1131 921 excutias
1148 893 1183 920 de
1197 893 1267 920 collo
1279 897 1337 920 tuo.
1359 893 1437 920 Nunc
1446 893 1518 920 enim
1534 892 1691 919 obtinentes
1707 891 1793 918 victo-

163 930 322 978 xhlounaou.
338 945 407 972 Νυνὶ
416 930 530 982 γὰρκαὶ
541 930 707 982 νικηθέντες,
719 936 851 984 ἄρχεσθαι
860 930 952 975 lotith

1007 939 1088 972 riam,
1108 930 1239 974 deinceps
1255 939 1401 975 imperium
1411 933 1475 974 ‘pati
1489 941 1662 966 recusarunt.

164 990 214 1016 οὐκ
233 990 392 1026 ἠνέσχοντο.

423 1054 427 1056 ›
463 1038 588 1066 ΚΕΦΑΛ.
609 1038 650 1066 Η’.

198 1081 253 1109 Kal
268 1082 342 1110 λάϐε
353 1082 407 1109 τὸν
424 1083 523 1118 φακὸν
536 1084 590 1111 τοῦ
603 1084 720 1113 ἐλαίου.
740 1087 779 1112 Δι’
789 1086 870 1114 ἄλλου
885 1095 954 1122 προ·

164 1128 250 1163 φήτου
269 1130 380 1164 κέχρικε
395 1130 442 1156 τὸν
463 1129 544 1165 Ἰηοῦ.
563 1130 658 1167 Λάθρα
674 1132 728 1169 γὰρ
741 1132 820 1160 τοῦτο
829 1133 955 1167 γενέσθαι

164 1173 413 1208 συνέφερεν.Ὥστε
431 1174 478 1200 καὶ
493 1174 634 1210 συντόμως
646 1176 822 1212 ἀναιρεθῆναι
840 1177 886 1203 τὸν
900 1177 955 1203 Ἰω-

165 1217 232 1252 ράμ.
250 1218 282 1244 Εἰ
299 1218 353 1254 γὰρ
370 1218 524 1254 προῄσθετο
535 1238 544 1252 ,
567 1219 613 1246 διὰ
636 1220 819 1256 παρατάξεως
841 1221 956 1253 πολλοὺς

163 1259 199 1297 ἦν
217 1262 325 1298 ἀνάγκη
345 1264 450 1290 πεσεῖν.

201 1307 256 1334 Καὶ
270 1308 379 1343 φεύξῃ,
397 1309 447 1335 καὶ
471 1309 528 1344 οὐχ
544 1309 715 1344 ὑπομενεῖς.
730 1311 789 1338 Ἵνα
804 1311 842 1346 μὴ
858 1310 955 1346 συλλη-

164 1353 243 1387 φθεὶς
258 1353 429 1390 κινδυνεύσῃ.
447 1354 577 1382 Βούλεται
599 1355 654 1391 γὰρ
680 1356 755 1391 ἡμᾶς
779 1357 794 1383 ὸ
817 1356 882 1388 Θεὸς
907 1359 955 1384 καὶ

163 1399 351 1435 ἀνθρωπίναις
364 1400 534 1435 οἰκονομίαις
553 1401 714 1437 κεχρῆσθαι.
731 1402 801 1433 Τοὺς
817 1402 872 1438 γὰρ
883 1402 955 1438 λόγῳ

163 1445 341 1480 τιμηθέντας,
356 1445 397 1478 εἰς
413 1445 474 1472 δέον
490 1448 624 1483 προσήκει
642 1447 794 1483 κεχρῆσθαι
806 1448 845 1484 τῷ
857 1448 938 1484 λόγῳ.

203 1535 233 1563 Tt
252 1535 297 1562 ὅτι
319 1534 464 1570 εἰσῆλθεν
480 1537 497 1562 ὀ
508 1535 676 1570 ἐπίληπτος
697 1533 787 1570 οὗτος
805 1538 882 1571 πρὸς
896 1536 956 1568 σέ;

171 1582 215 1613 Ὠς
231 1581 373 1613 δυσσεϐεῖς
389 1581 501 1617 ὕϐριζον
518 1581 565 1609 τοῦ
589 1582 658 1608 Θεοῦ
683 1583 747 1614 τοὺς
774 1582 955 1617 θεράποντας,
970 1601 992 1632 c

165 1628 214 1654 καὶ
228 1627 279 1662 τὴν
294 1627 385 1655 αὐτῶν
399 1628 558 1663 παρρησίαν
581 1628 680 1663 μανίαν
700 1628 826 1655 ἐκάλουν.
836 1628 905 1663 Ίηοῠ
928 1629 956 1654 δὲ

165 1673 215 1708 οὐχ
229 1671 267 1703 ὡς
284 1672 422 1706 παροινῶν
441 1672 590 1709 ἀδολέσχην
607 1673 738 1701 ἐκάλεσεν
748 1692 756 1707 ,
771 1673 913 1701 λανθάνειν
927 1673 956 1700 δὲ

166 1718 320 1754 πειραθείς.

207 1807 351 1842 Ἀραμείν.
371 1807 442 1839 Τοὺς
465 1806 570 1842 Σύρους
590 1807 678 1839 οὕτως
699 1807 957 1844 ὲκάλεσεν.’Δραμὰ

165 1853 230 1887 γὰρ,
246 1853 270 1878 ol
286 1852 376 1887 Σύροι.
393 1851 471 1879 Οὕτω
487 1852 515 1878 δὲ
529 1852 578 1879 καὶ
592 1853 618 1879 οἱ
631 1853 708 1880 ἄλλοι
724 1854 910 1888 ὲρμήνευσαν.

202 1898 256 1925 Kal
272 1897 291 1931 ὴ
304 1897 415 1932 ἀγωγὴ,
427 1897 527 1933 ἀγωγὴ
543 1898 634 1931 Ἰηοῦ.
656 1898 801 1934 Πόρρωθεν
814 1899 828 1925 ὀ
845 1898 955 1932 σκοπὸς,

167 1944 333 1979 Θεασάμενος
347 1943 384 1975 ὡς
398 1944 423 1970 οἱ
439 1944 488 1978 μὲν
500 1944 700 1976 ἀποσταλέντες
713 1945 762 1971 οὐκ
774 1945 955 1980 ἀνέστρεψαν,

165 1991 180 2016 ὀ
193 1989 222 2016 δὲ
235 1989 283 2016 τοῦ
293 1989 414 2023 πλήθους
429 1989 581 2025 ἡγούμενος
596 1989 686 2017 ἔοικεν
700 1988 771 2017 εἶναι
783 1989 957 2025 Ἰηοῦ.Τοῦτο

167 2035 222 2070 γὰρ
244 2034 276 2062 τὸ
300 2034 394 2070 σχῆμα
417 2034 525 2070 ἐδήλου.
541 2035 704 2070 Ἐμήνυσεν,
729 2036 797 2071 ὅπερ
823 2034 955 2070 ἑώρακεν.

167 2080 246 2106 Ἐνια
265 2079 356 2115 μέντοι
387 2080 443 2106 τῶν
455 2080 630 2116 ἀντιγράφων
644 2080 710 2116 ἔχει·
720 2081 775 2109 Καὶ
786 2082 803 2108 ό
812 2081 893 2117 ἄγων
903 2079 958 2116 ἦγε

165 2126 220 2153 τὸν
234 2125 313 2160 Ἰηοῦ
323 2126 339 2152 ό
351 2125 434 2159 Θεός.

469 2173 596 2200 ΚΕΦΔΛ.
616 2171 656 2200 Θ’.

208 2219 285 2247 Ἰδοὺ
297 2219 355 2255 ἐγὼ
364 2217 590 2252 συνεστράφην.
611 2217 693 2252 Ἐγὼ,
707 2216 800 2253 φησὶν,
808 2217 846 2250 ὡς
856 2226 957 2253 τυραν-

1283 1037 1361 1065 CAP.
1378 1036 1440 1065 vm
1455 1037 1526 1074 [IX].
1638 1071 1641 1074 ι

1042 1082 1126 1110 Vens.
1140 1083 1166 1110 l.
1185 1082 1256 1117 Cape
1271 1083 1425 1110 lenticulam
1439 1083 1501 1110 olei.
1513 1083 1566 1110 Per
1577 1083 1660 1110 alium
1677 1083 1793 1118 prophe«

1006 1132 1062 1156 tam
1079 1129 1158 1156 unxit
1171 1127 1252 1156 Jehu.
1267 1127 1339 1156 Utile
1350 1129 1423 1156 enim
1436 1132 1506 1160 erat,
1522 1132 1551 1155 ut
1581 1128 1632 1155 hoc
1645 1128 1715 1156 clam
1732 1136 1792 1163 per-

1007 1172 1146 1204 ﬁceretur,
1165 1172 1295 1199 utJoram
1310 1172 1392 1199 etiam
1401 1171 1475 1199 brevi
1489 1171 1700 1199 interﬁceretur.
1711 1171 1792 1202 Nam.

1007 1216 1031 1244 si
1047 1216 1241 1250 praescivisset,
1250 1216 1386 1244 instructa
1400 1216 1459 1243 acie
1468 1215 1569 1243 multos
1578 1216 1678 1243 cadere
1688 1215 1790 1243 luisset
1827 1215 1833 1220 “

1007 1267 1130 1287 necesse.

1043 1303 1126 1332 Vens.
1140 1304 1168 1332 5.
1183 1303 1217 1331 Ει
1230 1306 1324 1340 fugies.
1338 1309 1362 1332 et
1376 1313 1430 1333 non
1443 1304 1572 1332 manebit.
1600 1303 1640 1331 Ne
1666 1311 1794 1339 compre-

1007 1348 1111 1377 hensus
1138 1349 1290 1385 periculqu
1313 1350 1451 1377 incurras.
1469 1349 1534 1376 Vult
1549 1349 1623 1377 enim
1642 1348 1726 1382 Deus,
1763 1354 1794 1376 ut

1007 1394 1129 1422 humano
1157 1395 1266 1428 ordine,
1292 1398 1319 1422 et
1347 1394 1445 1422 mediis
1474 1401 1596 1422 utamur.
1626 1394 1690 1422 Illos
1706 1395 1792 1426 enim.

1007 1449 1077 1476 quos
1093 1441 1198 1468 ratione
1213 1442 1284 1470 Deus
1298 1442 1418 1473 ornavit,
1435 1445 1568 1477 quantum
1590 1449 1706 1470 necesse
1738 1448 1791 1474 est,

1008 1488 1047 1515 uti
1064 1487 1172 1515 ratione
1190 1487 1329 1515 convcnit.

1043 1533 1127 1562 Vens.
1144 1534 1188 1561 Η.
1204 1533 1292 1567 Quare
1304 1534 1437 1568 ingressus
1456 1537 1496 1560 est
1508 1533 1620 1560 insanus
1633 1533 1683 1560 iste
1694 1533 1729 1560 ad
1742 1538 1766 1561 te
1779 1534 1793 1561 2

1008 1580 1108 1608 Servos
1123 1579 1181 1611 Dei,
1195 1583 1324 1614 tanquam
1348 1578 1447 1614 impios
1460 1598 1468 1611 ,
1502 1579 1669 1606 contumelia
1695 1578 1794 1606 allicie-

1008 1626 1087 1659 bant;
1100 1629 1127 1653 et
1143 1625 1294 1652 libertatem
1309 1624 1448 1660 loquendi,
1466 1632 1519 1660 qua
1543 1625 1703 1655 utebantur.
1718 1625 1794 1653 insa-

1007 1673 1080 1701 niam
1091 1673 1274 1709 appellabant.
1294 1671 1364 1700 Jebu
1378 1679 1444 1700 vero
1473 1675 1634 1708 nugatorem
1645 1676 1673 1699 et
1696 1680 1792 1706 garru-

1007 1719 1063 1747 lum
1073 1719 1180 1746 vocavit
1197 1718 1374 1753 prophetam;
1392 1724 1447 1744 non
1471 1717 1545 1752 quod
1568 1717 1788 1745 contumeliosus

1007 1764 1034 1792 in
1060 1772 1121 1792 eum
1138 1770 1221 1797 esset,
1234 1763 1281 1790 sed
1291 1768 1320 1790 ut
1337 1763 1444 1790 occulte
1465 1763 1572 1790 lateret.

1042 1810 1187 1838 Arameim.
1215 1809 1299 1845 Syros
1321 1809 1374 1836 hoc
1394 1808 1476 1836 modo
1511 1808 1670 1843 appellavit.
1689 1809 1791 1837 Aratn't

1007 1856 1080 1884 enim
1093 1855 1169 1892 Syri;
1185 1856 1225 1883 sic
1236 1856 1318 1882 etiam
1339 1854 1385 1881 alii
1397 1857 1599 1890 exposuerunt.

1042 1902 1126 1930 Vens.
1141 1902 1183 1929 l5.
1204 1901 1314 1928 lnceuu
1332 1900 1411 1928 Jeltu.
1426 1901 1588 1935 Speculator
1599 1900 1672 1928 enim
1684 1900 1795 1936 conspi-

1007 1953 1095 1980 catus,
1107 1948 1179 1982 quod
1195 1947 1288 1974 emissi
1303 1954 1357 1974 non
1370 1949 1585 1979 reverterentur,
1597 1953 1715 1982 cumque
1738 1946 1793 1974 dux

1007 1992 1185 2025 turbmJehu
1203 1993 1302 2020 similis
1315 1998 1375 2019 esse
1399 1991 1541 2019 videretur
1568 1991 1689 2026 (habitus
1719 1993 1792 2020 enim

1007 2038 1034 2066 id
1043 2039 1209 2072 declarabat)
1225 2037 1390 2072 signiﬁcavit
1417 2036 1549 2072 quidnam
1564 2037 1690 2065 vidisset.
1707 2036 1789 2070 Quaa—

1006 2083 1069 2111 dam
1086 2083 1159 2110 enim
1184 2083 1351 2118 exemplaria
1384 2082 1511 2110 habent:
1533 2081 1606 2109 Deus
1631 2083 1687 2109 dua:
1716 2083 1794 2110 duxit

1007 2131 1092 2165 ipsum
1100 2130 1179 2158 Jehu.

1301 2174 1378 2202 car.
1395 2174 1429 2202 ις
1442 2173 1501 2210 [χ].

1042 2221 1126 2249 Vens.
1140 2221 1168 2249 2.
1195 2220 1263 2248 Ecce
1286 2228 1333 2255 ego
1364 2227 1504 2247 conversus
1516 2227 1585 2246 sum.
1603 2218 1669 2254 Ego,
1694 2220 1794 2255 inquit,

167 2265 249 2300 νῆσαι
267 2265 441 2301 βουλόμενος,
456 2264 562 2291 ἀνεῖλον
576 2263 622 2290 τὸν
632 2264 746 2299 Ἰωράμ.
764 2264 834 2295 Τοὺς
844 2264 873 2291 δὲ
883 2264 957 2291 ἀδελ.

1011 2271 1042 2294 ιιι
1055 2274 1166 2302 regnum
1183 2273 1314 2300 occupem
1327 2286 1334 2298 ,
1352 2265 1453 2292 sustuli
1467 2263 1561 2291 Joram
1576 2272 1583 2296 ;
1610 2263 1707 2291 fratres
1728 2272 1794 2292 vero

167 2312 233 2346 φοὺς
248 2311 345 2344 αὐτοῦ,
361 2311 548 2346 ἑϐδομήκοντα
564 2310 644 2341 ὂντας
657 2309 704 2336 τὸν
718 2309 845 2345 ἀριθμὸν,
860 2309 902 2341 τίς
913 2310 960 2336 ἀν-

166 2357 254 2391 εἰλενς
281 2357 337 2393 οὐχ
362 2358 378 2392 ἠ
402 2356 558 2391 θελήματος
583 2355 672 2391 ὀργὴ,
704 2356 762 2386 τοῖς
783 2355 961 2387 οἰκειοτάτοις

167 2402 317 2437 ὑπουργοϊς
327 2401 489 2438 χρησαμένη
500 2410 508 2435 ;
523 2400 664 2435 Ἀψευδείς
675 2400 730 2436 ἄρα
742 2399 796 2427 τῶν
810 2401 960 2436 προφητῶν

167 2449 195 2474 αἱ
215 2449 393 2483 προρρήσεις.

202 2493 258 2520 Kal
275 2492 393 2525 πάντας
414 2491 486 2524 τοὺς
505 2490 661 2526 γνωστοὺς
679 2490 782 2518 αὐτοῦ.
803 2490 873 2522 Τοὺς
888 2491 957 2526 μάνη

167 2548 233 2572 τεις,
247 2539 310 2570 τοὺς
324 2538 466 2573 οἰομένους
483 2537 582 2563 εἰδέναι
594 2537 629 2563 τὰ
643 2535 896 2571 μέλλοντα.⁸Ὠσπερ
905 2536 960 2572 γὰρ

167 2584 299 2618 ὁρῶντας
314 2583 364 2610 καὶ
379 2583 555 2615 βλέποντας
566 2601 574 2615 ,
591 2582 656 2614 τοὺς
675 2582 819 2618 προφήτας
833 2581 958 2614 ἐκάλουν,

167 2630 240 2657 οὕτω
253 2631 301 2657 καὶ
314 2629 438 2660 τούτους,
452 2629 490 2660 ὡς
505 2628 539 2655 τὰ
554 2628 686 2664 μέλλοντα
709 2627 791 2663 δῆθεν
806 2628 853 2655 καὶ
866 2629 900 2656 τὰ
915 2636 960 2654 κε-

168 2676 314 2712 ιρυμμὲνα
341 2674 537 2709 γινώσκοντας.

205 2765 260 2792 Kal
283 2761 353 2798 εὗρε
373 2763 428 2791 τὸν
444 2762 596 2790 Ἰωναδά6.
617 2762 739 2798 Εὐσεϐὴς
755 2762 824 2798 ἀνὴρ
840 2763 886 2789 καὶ
909 2763 958 2789 αὐ-

168 2811 213 2844 τὸς
224 2831 232 2844 ,
251 2809 298 2837 καὶ
314 2809 345 2836 τδ
362 2808 451 2844 γένος.
464 2809 510 2835 Ἐν
526 2809 638 2844 σκηναῖς
654 2809 709 2844 γὰρ
722 2809 874 2836 διετέλεσαν
891 2817 957 2836 κατ-

187 2899 212 2916 ε·
246 2897 277 2924 Ill
303 2898 370 2932 Reg.
389 2906 434 2932 xx,
453 2897 496 2925 28.

1009 2313 1096 2351 ipsius
1114 2319 1229 2339 numero
1256 2311 1430 2346 septuaginta
1444 2330 1452 2343 ,
1464 2310 1526 2345 quis
1550 2310 1683 2337 sustulit?
1703 2318 1794 2337 nonne

1009 2358 1165 2386 voluntaria
1189 2358 1239 2390 ira,
1265 2364 1326 2392 qua:
1353 2356 1511 2384 domesticis
1535 2355 1568 2383 ad
1586 2355 1638 2382 hoc
1659 2355 1794 2382 ministris

1007 2410 1056 2431 usa
1074 2403 1135 2430 est?
1148 2401 1207 2429 Non
1226 2402 1311 2437 igitur
1326 2409 1394 2428 vana
1415 2405 1479 2429 sunt
1501 2401 1694 2436 prophetarum
1723 2401 1792 2427 vati-

1006 2450 1088 2477 cinia.

1044 2492 1128 2521 Vens.
1140 2493 1166 2520 5.
1189 2492 1285 2520 Omnes
1303 2492 1414 2519 scientia
1434 2495 1459 2518 et
1478 2491 1626 2527 cognitione
1655 2490 1793 2525 praditos.

1008 2537 1060 2566 Per
1074 2538 1198 2573 γνὼστας
1215 2537 1343 2572 intelligit
1369 2545 1498 2572 augures.
1528 2542 1555 2565 et
1568 2537 1720 2572 aruspices,
1748 2538 1793 2572 qui

1009 2584 1102 2611 futura
1117 2583 1265 2619 providere
1278 2583 1457 2619 putabantur.
1472 2582 1540 2610 Nam
1560 2583 1792 2617 quemadmodum

1010 2629 1156 2665 prophetas
1170 2629 1295 2657 videntes
1313 2629 1445 2664 (ὁρῶντας
1458 2629 1507 2656 καὶ
1522 2629 1684 2664 βλέποντας)
1700 2631 1792 2664 appel-

1010 2675 1121 2708 labant,
1137 2675 1178 2703 sic
1193 2675 1255 2703 illos
1271 2682 1392 2711 quoque,
1410 2679 1440 2702 ut
1455 2674 1502 2709 qui
1532 2673 1624 2702 futura
1634 2678 1667 2713 _et
1693 2682 1792 2702 arcana

1011 2723 1220 2754 cognoscerent.

1047 2763 1130 2792 Vens.
1152 2764 1197 2792 15.
1213 2763 1246 2790 Ει
1260 2764 1357 2791 invenit
1368 2763 1502 2791 Ionadab.
1529 2763 1589 2792 Non
1603 2766 1662 2799 ipsc
1687 2767 1791 2791 tantum

1009 2809 1052 2837 vir
1067 2810 1126 2845 pius
1143 2813 1170 2838 ct
1186 2809 1330 2845 religiosus
1338 2814 1397 2837 erat
1406 2830 1413 2843 ,
1426 2810 1473 2838 sed
1485 2817 1518 2838 ex
1532 2810 1578 2846 pio
1588 2810 1669 2838 etiam
1676 2817 1790 2846 genete;
