  <div class='ocr_page' id='page_1' title='image "/cluster/home/n/w/nwhite01/storage/ocr_20150623/87, pt.1/njp.32101013202641/603.png"; bbox 0 0 2079 3161; ppageno 0'>
   <div class='ocr_carea' id='block_1_1' title="bbox 270 188 338 223">
    <p class='ocr_par' dir='ltr' id='par_1_1' title="bbox 270 188 338 223">
     <span class='ocr_line' id='line_1_1' title="bbox 270 188 338 223; baseline 0.015 -1"><span class='ocrx_word' id='word_1_1' title='bbox 270 188 338 223; x_wconf 79' lang='grc'><strong>1191</strong></span> 
     </span>
    </p>
   </div>
   <div class='ocr_carea' id='block_1_2' title="bbox 946 189 1264 221">
    <p class='ocr_par' dir='ltr' id='par_1_2' title="bbox 946 189 1264 221">
     <span class='ocr_line' id='line_1_2' title="bbox 946 189 1264 221; baseline 0.006 -2"><span class='ocrx_word' id='word_1_2' title='bbox 946 189 1124 220; x_wconf 82' lang='lat' dir='ltr'><strong>PROCOPII</strong></span> <span class='ocrx_word' id='word_1_3' title='bbox 1140 189 1264 221; x_wconf 67' lang='grc' dir='ltr'><strong>ΟΑΖΙΕΙ</strong></span> 
     </span>
    </p>
   </div>
   <div class='ocr_carea' id='block_1_3' title="bbox 1853 192 1921 225">
    <p class='ocr_par' dir='ltr' id='par_1_3' title="bbox 1853 192 1921 225">
     <span class='ocr_line' id='line_1_3' title="bbox 1853 192 1921 225; baseline 0.015 -1"><span class='ocrx_word' id='word_1_4' title='bbox 1853 192 1921 225; x_wconf 79' lang='lat'><strong>1192</strong></span> 
     </span>
    </p>
   </div>
   <div class='ocr_carea' id='block_1_4' title="bbox 271 245 1062 285">
    <p class='ocr_par' dir='ltr' id='par_1_4' title="bbox 271 245 1059 285">
     <span class='ocr_line' id='line_1_4' title="bbox 271 245 1059 285; baseline -0.004 -10"><span class='ocrx_word' id='word_1_5' title='bbox 271 248 299 276; x_wconf 84' lang='lat' dir='ltr'><strong>in</strong></span> <span class='ocrx_word' id='word_1_6' title='bbox 311 246 437 285; x_wconf 88' lang='lat' dir='ltr'><strong>tentoriis</strong></span> <span class='ocrx_word' id='word_1_7' title='bbox 452 245 526 274; x_wconf 87' lang='lat' dir='ltr'><strong>enim</strong></span> <span class='ocrx_word' id='word_1_8' title='bbox 559 249 692 282; x_wconf 88' lang='lat' dir='ltr'><strong>perpetuo</strong></span> <span class='ocrx_word' id='word_1_9' title='bbox 720 245 872 281; x_wconf 87' lang='lat' dir='ltr'><strong>degebant,</strong></span> <span class='ocrx_word' id='word_1_10' title='bbox 897 250 925 273; x_wconf 89' lang='lat' dir='ltr'><strong>et</strong></span> <span class='ocrx_word' id='word_1_11' title='bbox 950 246 985 273; x_wconf 91' lang='lat' dir='ltr'><strong>ab</strong></span> <span class='ocrx_word' id='word_1_12' title='bbox 1014 246 1059 273; x_wconf 92' lang='lat' dir='ltr'><strong>vin</strong></span> 
     </span>
    </p>
   </div>
   <div class='ocr_carea' id='block_1_5' title="bbox 1112 245 1918 285">
    <p class='ocr_par' dir='ltr' id='par_1_5' title="bbox 1123 245 1918 284">
     <span class='ocr_line' id='line_1_5' title="bbox 1123 245 1918 284; baseline 0.005 -11"><span class='ocrx_word' id='word_1_13' title='bbox 1123 245 1280 281; x_wconf 82' lang='grc' dir='ltr'>οικοῦντες,</span> <span class='ocrx_word' id='word_1_14' title='bbox 1293 246 1341 275; x_wconf 77' lang='grc' dir='ltr'>καὶ</span> <span class='ocrx_word' id='word_1_15' title='bbox 1365 246 1417 282; x_wconf 87' lang='grc' dir='ltr'>τῆς</span> <span class='ocrx_word' id='word_1_16' title='bbox 1439 245 1487 273; x_wconf 80' lang='grc' dir='ltr'>τοῦ</span> <span class='ocrx_word' id='word_1_17' title='bbox 1511 245 1585 273; x_wconf 80' lang='grc' dir='ltr'>οῐνου</span> <span class='ocrx_word' id='word_1_18' title='bbox 1608 245 1716 279; x_wconf 80' lang='grc' dir='ltr'>πόσεως</span> <span class='ocrx_word' id='word_1_19' title='bbox 1742 248 1918 284; x_wconf 81' lang='grc' dir='ltr'><strong>ἀπεχόμενοι.</strong></span> 
     </span>
    </p>
   </div>
   <div class='ocr_carea' id='block_1_6' title="bbox 269 290 1067 327">
    <p class='ocr_par' dir='ltr' id='par_1_6' title="bbox 269 290 1067 327">
     <span class='ocr_line' id='line_1_6' title="bbox 269 290 1067 327; baseline -0.004 -6"><span class='ocrx_word' id='word_1_20' title='bbox 269 301 322 321; x_wconf 88' lang='lat' dir='ltr'><strong>usu</strong></span> <span class='ocrx_word' id='word_1_21' title='bbox 333 292 518 320; x_wconf 88' lang='lat' dir='ltr'><strong>abstinebant.</strong></span> <span class='ocrx_word' id='word_1_22' title='bbox 538 290 682 319; x_wconf 82' lang='lat' dir='ltr'><strong>‘Jeremias</strong></span> <span class='ocrx_word' id='word_1_23' title='bbox 702 292 836 327; x_wconf 72' lang='lat' dir='ltr'><strong>propheta</strong></span> <span class='ocrx_word' id='word_1_24' title='bbox 873 291 983 319; x_wconf 93' lang='lat' dir='ltr'><strong>illorum</strong></span> <span class='ocrx_word' id='word_1_25' title='bbox 1003 298 1067 318; x_wconf 90' lang='lat' dir='ltr'><strong>cum</strong></span> 
     </span>
    </p>
   </div>
   <div class='ocr_carea' id='block_1_7' title="bbox 270 335 1067 371">
    <p class='ocr_par' dir='ltr' id='par_1_7' title="bbox 270 335 1067 371">
     <span class='ocr_line' id='line_1_7' title="bbox 270 335 1067 371; baseline -0.001 -6"><span class='ocrx_word' id='word_1_26' title='bbox 270 337 352 365; x_wconf 83' lang='lat' dir='ltr'><strong>laude</strong></span> <span class='ocrx_word' id='word_1_27' title='bbox 367 337 536 364; x_wconf 75' lang='lat' dir='ltr'><strong>mentionem</strong></span> <span class='ocrx_word' id='word_1_28' title='bbox 555 336 630 364; x_wconf 88' lang='lat' dir='ltr'><strong>fecit.</strong></span> <span class='ocrx_word' id='word_1_29' title='bbox 659 335 718 364; x_wconf 82' lang='lat' dir='ltr'><strong>Hoc</strong></span> <span class='ocrx_word' id='word_1_30' title='bbox 744 345 825 371; x_wconf 80' lang='lat' dir='ltr'><strong>vero,</strong></span> <span class='ocrx_word' id='word_1_31' title='bbox 841 337 982 365; x_wconf 87' lang='lat' dir='ltr'><strong>benedixit</strong></span> <span class='ocrx_word' id='word_1_32' title='bbox 991 343 1067 370; x_wconf 86' lang='lat' dir='ltr'><strong>eum,</strong></span> 
     </span>
    </p>
   </div>
   <div class='ocr_carea' id='block_1_8' title="bbox 269 383 822 418">
    <p class='ocr_par' dir='ltr' id='par_1_8' title="bbox 269 383 822 418">
     <span class='ocr_line' id='line_1_8' title="bbox 269 383 822 418; baseline 0 -7"><span class='ocrx_word' id='word_1_33' title='bbox 269 383 341 412; x_wconf 88' lang='lat' dir='ltr'><strong>idem</strong></span> <span class='ocrx_word' id='word_1_34' title='bbox 366 388 408 411; x_wconf 86' lang='lat' dir='ltr'><strong>est</strong></span> <span class='ocrx_word' id='word_1_35' title='bbox 430 383 520 418; x_wconf 88' lang='lat' dir='ltr'><strong>quod,</strong></span> <span class='ocrx_word' id='word_1_36' title='bbox 534 383 673 411; x_wconf 77' lang='lat' dir='ltr'><strong>allocutus</strong></span> <span class='ocrx_word' id='word_1_37' title='bbox 690 388 734 411; x_wconf 90' lang='lat' dir='ltr'><strong>est</strong></span> <span class='ocrx_word' id='word_1_38' title='bbox 748 391 822 411; x_wconf 88' lang='lat' dir='ltr'><strong>eum.</strong></span> 
     </span>
    </p>
   </div>
   <div class='ocr_carea' id='block_1_9' title="bbox 305 429 1068 466">
    <p class='ocr_par' dir='ltr' id='par_1_9' title="bbox 305 429 1068 466">
     <span class='ocr_line' id='line_1_9' title="bbox 305 429 1068 466; baseline 0 -9"><span class='ocrx_word' id='word_1_39' title='bbox 305 429 362 466; x_wconf 83' lang='lat' dir='ltr'><strong>Ego</strong></span> <span class='ocrx_word' id='word_1_40' title='bbox 374 429 489 457; x_wconf 73' lang='lat' dir='ltr'><strong>serviam</strong></span> <span class='ocrx_word' id='word_1_41' title='bbox 503 430 526 457; x_wconf 78' lang='lat' dir='ltr'><strong>ei</strong></span> <span class='ocrx_word' id='word_1_42' title='bbox 544 429 670 457; x_wconf 79' lang='lat' dir='ltr'><strong>multum.</strong></span> <span class='ocrx_word' id='word_1_43' title='bbox 682 429 835 457; x_wconf 86' lang='lat' dir='ltr'><strong>Consilium</strong></span> <span class='ocrx_word' id='word_1_44' title='bbox 848 433 875 458; x_wconf 90' lang='lat' dir='ltr'><strong>et</strong></span> <span class='ocrx_word' id='word_1_45' title='bbox 889 437 1003 466; x_wconf 87' lang='lat' dir='ltr'><strong>scopum</strong></span> <span class='ocrx_word' id='word_1_46' title='bbox 1018 429 1068 457; x_wconf 91' lang='lat' dir='ltr'><strong>ob-</strong></span> 
     </span>
    </p>
   </div>
   <div class='ocr_carea' id='block_1_10' title="bbox 269 476 1068 513">
    <p class='ocr_par' dir='ltr' id='par_1_10' title="bbox 269 476 1068 513">
     <span class='ocr_line' id='line_1_10' title="bbox 269 476 1068 513; baseline -0.003 -8"><span class='ocrx_word' id='word_1_47' title='bbox 269 485 380 505; x_wconf 88' lang='lat' dir='ltr'><strong>servare</strong></span> <span class='ocrx_word' id='word_1_48' title='bbox 393 481 518 512; x_wconf 82' lang='lat' dir='ltr'><strong>oportet;</strong></span> <span class='ocrx_word' id='word_1_49' title='bbox 547 476 613 504; x_wconf 87' lang='lat' dir='ltr'><strong>fecit</strong></span> <span class='ocrx_word' id='word_1_50' title='bbox 626 477 701 504; x_wconf 87' lang='lat' dir='ltr'><strong>enim</strong></span> <span class='ocrx_word' id='word_1_51' title='bbox 718 477 783 509; x_wconf 91' lang='lat' dir='ltr'><strong>hoc,</strong></span> <span class='ocrx_word' id='word_1_52' title='bbox 800 484 836 504; x_wconf 88' lang='lat' dir='ltr'><strong>ne</strong></span> <span class='ocrx_word' id='word_1_53' title='bbox 852 477 990 513; x_wconf 83' lang='lat' dir='ltr'><strong>quispiam</strong></span> <span class='ocrx_word' id='word_1_54' title='bbox 1018 483 1068 511; x_wconf 88' lang='lat' dir='ltr'><strong>per</strong></span> 
     </span>
    </p>
   </div>
   <div class='ocr_carea' id='block_1_11' title="bbox 269 523 1066 559">
    <p class='ocr_par' dir='ltr' id='par_1_11' title="bbox 269 523 1066 559">
     <span class='ocr_line' id='line_1_11' title="bbox 269 523 1066 559; baseline 0 -8"><span class='ocrx_word' id='word_1_55' title='bbox 269 523 363 559; x_wconf 90' lang='lat' dir='ltr'><strong>fugam</strong></span> <span class='ocrx_word' id='word_1_56' title='bbox 376 524 552 557; x_wconf 84' lang='lat' dir='ltr'><strong>elaberetur;</strong></span> <span class='ocrx_word' id='word_1_57' title='bbox 577 523 738 552; x_wconf 79' lang='lat' dir='ltr'><strong>sacerdotes</strong></span> <span class='ocrx_word' id='word_1_58' title='bbox 760 531 826 551; x_wconf 88' lang='lat' dir='ltr'><strong>vero</strong></span> <span class='ocrx_word' id='word_1_59' title='bbox 853 523 900 552; x_wconf 89' lang='lat' dir='ltr'><strong>Dei</strong></span> <span class='ocrx_word' id='word_1_60' title='bbox 935 528 1066 559; x_wconf 80' lang='lat' dir='ltr'><strong>tanquam</strong></span> 
     </span>
    </p>
   </div>
   <div class='ocr_carea' id='block_1_12' title="bbox 269 570 1066 606">
    <p class='ocr_par' dir='ltr' id='par_1_12' title="bbox 269 570 1066 606">
     <span class='ocr_line' id='line_1_12' title="bbox 269 570 1066 606; baseline 0.003 -9"><span class='ocrx_word' id='word_1_61' title='bbox 269 570 398 605; x_wconf 87' lang='lat' dir='ltr'><strong>indignos</strong></span> <span class='ocrx_word' id='word_1_62' title='bbox 413 570 521 606; x_wconf 86' lang='lat' dir='ltr'><strong>abegit;</strong></span> <span class='ocrx_word' id='word_1_63' title='bbox 540 577 643 598; x_wconf 86' lang='lat' dir='ltr'><strong>cavens</strong></span> <span class='ocrx_word' id='word_1_64' title='bbox 664 571 795 598; x_wconf 89' lang='lat' dir='ltr'><strong>nimirum</strong></span> <span class='ocrx_word' id='word_1_65' title='bbox 811 578 847 598; x_wconf 86' lang='lat' dir='ltr'><strong>ne</strong></span> <span class='ocrx_word' id='word_1_66' title='bbox 869 570 938 606; x_wconf 89' lang='lat' dir='ltr'><strong>quid</strong></span> <span class='ocrx_word' id='word_1_67' title='bbox 955 571 1066 599; x_wconf 80' lang='lat' dir='ltr'><strong>adversi</strong></span> 
     </span>
    </p>
   </div>
   <div class='ocr_carea' id='block_1_13' title="bbox 270 619 430 651">
    <p class='ocr_par' dir='ltr' id='par_1_13' title="bbox 270 619 430 651">
     <span class='ocr_line' id='line_1_13' title="bbox 270 619 430 651; baseline 0.006 -10"><span class='ocrx_word' id='word_1_68' title='bbox 270 619 430 651; x_wconf 84' lang='lat' dir='ltr'><strong>paterentur</strong></span> 
     </span>
    </p>
   </div>
   <div class='ocr_carea' id='block_1_14' title="bbox 306 659 1066 697">
    <p class='ocr_par' dir='ltr' id='par_1_14' title="bbox 306 659 1066 697">
     <span class='ocr_line' id='line_1_14' title="bbox 306 659 1066 697; baseline 0.003 -10"><span class='ocrx_word' id='word_1_69' title='bbox 306 659 391 688; x_wconf 97' lang='lat' dir='ltr'><strong>Vens.</strong></span> <span class='ocrx_word' id='word_1_70' title='bbox 408 660 454 687; x_wconf 75' lang='grc'><strong>21.</strong></span> <span class='ocrx_word' id='word_1_71' title='bbox 470 660 490 687; x_wconf 86' lang='grc' dir='ltr'><em>Α</em></span> <span class='ocrx_word' id='word_1_72' title='bbox 507 661 627 688; x_wconf 73' lang='lat' dir='ltr'><strong>sinistris</strong></span> <span class='ocrx_word' id='word_1_73' title='bbox 643 661 763 689; x_wconf 78' lang='lat' dir='ltr'><strong>Baulim.</strong></span> <span class='ocrx_word' id='word_1_74' title='bbox 778 660 825 694; x_wconf 80' lang='grc' dir='ltr'><strong>Ἐξ</strong></span> <span class='ocrx_word' id='word_1_75' title='bbox 852 661 1006 697; x_wconf 81' lang='grc' dir='ltr'><strong>ἀριστερῶν</strong></span> <span class='ocrx_word' id='word_1_76' title='bbox 1018 661 1066 689; x_wconf 78' lang='grc' dir='ltr'>τοῦ</span> 
     </span>
    </p>
   </div>
   <div class='ocr_carea' id='block_1_15' title="bbox 269 705 969 742">
    <p class='ocr_par' dir='ltr' id='par_1_15' title="bbox 269 705 969 742">
     <span class='ocr_line' id='line_1_15' title="bbox 269 705 969 742; baseline 0.004 -11"><span class='ocrx_word' id='word_1_77' title='bbox 269 705 388 742; x_wconf 77' lang='grc' dir='ltr'>Βααλιμ.</span> <span class='ocrx_word' id='word_1_78' title='bbox 407 706 551 742; x_wconf 85' lang='lat' dir='ltr'><strong>Templum</strong></span> <span class='ocrx_word' id='word_1_79' title='bbox 570 707 634 734; x_wconf 87' lang='lat' dir='ltr'><strong>Baal</strong></span> <span class='ocrx_word' id='word_1_80' title='bbox 647 707 699 734; x_wconf 92' lang='lat' dir='ltr'><strong>hoc</strong></span> <span class='ocrx_word' id='word_1_81' title='bbox 713 706 795 734; x_wconf 81' lang='lat' dir='ltr'><strong>modo</strong></span> <span class='ocrx_word' id='word_1_82' title='bbox 810 707 969 742; x_wconf 90' lang='lat' dir='ltr'><strong>appellavit.</strong></span> 
     </span>
    </p>
   </div>
   <div class='ocr_carea' id='block_1_16' title="bbox 525 752 734 788">
    <p class='ocr_par' dir='ltr' id='par_1_16' title="bbox 525 752 734 788">
     <span class='ocr_line' id='line_1_16' title="bbox 525 752 734 788; baseline 0.005 -9"><span class='ocrx_word' id='word_1_83' title='bbox 525 752 604 780; x_wconf 81' lang='lat' dir='ltr'><strong>CAP.</strong></span> <span class='ocrx_word' id='word_1_84' title='bbox 625 752 647 780; x_wconf 84' lang='lat' dir='ltr'><strong>x</strong></span> <span class='ocrx_word' id='word_1_85' title='bbox 663 752 734 788; x_wconf 75' lang='lat' dir='ltr'><strong>[XI].</strong></span> 
     </span>
    </p>
   </div>
   <div class='ocr_carea' id='block_1_17' title="bbox 304 797 1065 833">
    <p class='ocr_par' dir='ltr' id='par_1_17' title="bbox 304 797 1065 833">
     <span class='ocr_line' id='line_1_17' title="bbox 304 797 1065 833; baseline 0.001 -8"><span class='ocrx_word' id='word_1_86' title='bbox 304 798 386 826; x_wconf 77' lang='lat' dir='ltr'><strong>Vens.</strong></span> <span class='ocrx_word' id='word_1_87' title='bbox 406 798 433 825; x_wconf 90' lang='grc'><strong>1.</strong></span> <span class='ocrx_word' id='word_1_88' title='bbox 450 798 485 825; x_wconf 79' lang='lat' dir='ltr'><strong>Et</strong></span> <span class='ocrx_word' id='word_1_89' title='bbox 504 798 638 826; x_wconf 75' lang='lat' dir='ltr'><strong>Oclmzt&#39;as</strong></span> <span class='ocrx_word' id='word_1_90' title='bbox 656 798 690 825; x_wconf 82' lang='lat' dir='ltr'><strong>ad</strong></span> <span class='ocrx_word' id='word_1_91' title='bbox 708 798 850 826; x_wconf 65' lang='lat' dir='ltr'><strong>Ara/telam</strong></span> <span class='ocrx_word' id='word_1_92' title='bbox 870 797 1006 833; x_wconf 74' lang='lat' dir='ltr'><strong>profectus</strong></span> <span class='ocrx_word' id='word_1_93' title='bbox 1014 802 1065 826; x_wconf 79' lang='lat' dir='ltr'><strong>eu.</strong></span> 
     </span>
    </p>
   </div>
   <div class='ocr_carea' id='block_1_18' title="bbox 268 845 654 880">
    <p class='ocr_par' dir='ltr' id='par_1_18' title="bbox 268 845 654 880">
     <span class='ocr_line' id='line_1_18' title="bbox 268 845 654 880; baseline 0.003 -8"><span class='ocrx_word' id='word_1_94' title='bbox 268 845 374 872; x_wconf 81' lang='lat' dir='ltr'><strong>Achabi</strong></span> <span class='ocrx_word' id='word_1_95' title='bbox 387 845 461 872; x_wconf 91' lang='lat' dir='ltr'><strong>enim</strong></span> <span class='ocrx_word' id='word_1_96' title='bbox 477 853 564 880; x_wconf 87' lang='lat' dir='ltr'><strong>gener</strong></span> <span class='ocrx_word' id='word_1_97' title='bbox 583 848 654 873; x_wconf 88' lang='lat' dir='ltr'><strong>erat.</strong></span> 
     </span>
    </p>
   </div>
   <div class='ocr_carea' id='block_1_19' title="bbox 305 891 1066 928">
    <p class='ocr_par' dir='ltr' id='par_1_19' title="bbox 305 891 1066 928">
     <span class='ocr_line' id='line_1_19' title="bbox 305 891 1066 928; baseline 0.003 -10"><span class='ocrx_word' id='word_1_98' title='bbox 305 891 409 919; x_wconf 80' lang='lat' dir='ltr'><strong>Delem&#39;t</strong></span> <span class='ocrx_word' id='word_1_99' title='bbox 423 899 501 918; x_wconf 82' lang='lat' dir='ltr'><strong>omne</strong></span> <span class='ocrx_word' id='word_1_100' title='bbox 516 900 605 919; x_wconf 77' lang='lat' dir='ltr'><strong>semen</strong></span> <span class='ocrx_word' id='word_1_101' title='bbox 616 892 730 927; x_wconf 78' lang='lat' dir='ltr'><strong>regium.</strong></span> <span class='ocrx_word' id='word_1_102' title='bbox 754 891 842 928; x_wconf 88' lang='lat' dir='ltr'><strong>Impia</strong></span> <span class='ocrx_word' id='word_1_103' title='bbox 853 891 929 920; x_wconf 83' lang='lat' dir='ltr'><strong>enim</strong></span> <span class='ocrx_word' id='word_1_104' title='bbox 945 899 1008 920; x_wconf 89' lang='lat' dir='ltr'><strong>cum</strong></span> <span class='ocrx_word' id='word_1_105' title='bbox 1021 899 1066 920; x_wconf 87' lang='lat' dir='ltr'><strong>es-</strong></span> 
     </span>
    </p>
   </div>
   <div class='ocr_carea' id='block_1_20' title="bbox 268 921 1104 973">
    <p class='ocr_par' dir='ltr' id='par_1_20' title="bbox 268 921 1104 973">
     <span class='ocr_line' id='line_1_20' title="bbox 268 921 1104 973; baseline 0 -8"><span class='ocrx_word' id='word_1_106' title='bbox 268 940 321 970; x_wconf 82' lang='lat' dir='ltr'><strong>set,</strong></span> <span class='ocrx_word' id='word_1_107' title='bbox 332 941 360 965; x_wconf 90' lang='lat' dir='ltr'><strong>et</strong></span> <span class='ocrx_word' id='word_1_108' title='bbox 374 937 493 965; x_wconf 85' lang='lat' dir='ltr'><strong>subditis</strong></span> <span class='ocrx_word' id='word_1_109' title='bbox 519 921 687 973; x_wconf 69' lang='lat' dir='ltr'><strong>impietatem</strong></span> <span class='ocrx_word' id='word_1_110' title='bbox 714 921 866 966; x_wconf 74' lang='lat' dir='ltr'><strong>obtrudere</strong></span> <span class='ocrx_word' id='word_1_111' title='bbox 888 941 916 966; x_wconf 89' lang='lat' dir='ltr'><strong>et</strong></span> <span class='ocrx_word' id='word_1_112' title='bbox 932 939 1068 973; x_wconf 84' lang='lat' dir='ltr'><strong>imperare</strong></span> <span class='ocrx_word' id='word_1_113' title='bbox 1081 921 1104 950; x_wconf 71' lang='grc' dir='ltr'><strong><em>Β</em></strong></span> 
     </span>
    </p>
   </div>
   <div class='ocr_carea' id='block_1_21' title="bbox 267 982 1064 1019">
    <p class='ocr_par' dir='ltr' id='par_1_21' title="bbox 267 982 1064 1019">
     <span class='ocr_line' id='line_1_21' title="bbox 267 982 1064 1019; baseline -0.001 -9"><span class='ocrx_word' id='word_1_114' title='bbox 267 982 458 1017; x_wconf 78' lang='lat' dir='ltr'><strong>decrevisset;</strong></span> <span class='ocrx_word' id='word_1_115' title='bbox 492 990 579 1018; x_wconf 83' lang='lat' dir='ltr'><strong>genus</strong></span> <span class='ocrx_word' id='word_1_116' title='bbox 613 983 718 1018; x_wconf 84' lang='lat' dir='ltr'><strong>regale,</strong></span> <span class='ocrx_word' id='word_1_117' title='bbox 751 983 855 1019; x_wconf 88' lang='lat' dir='ltr'><strong>quippe</strong></span> <span class='ocrx_word' id='word_1_118' title='bbox 885 982 1064 1018; x_wconf 86' lang='lat' dir='ltr'><strong>religiosum,</strong></span> 
     </span>
    </p>
   </div>
   <div class='ocr_carea' id='block_1_22' title="bbox 267 1021 1065 1064">
    <p class='ocr_par' dir='ltr' id='par_1_22' title="bbox 267 1021 1065 1064">
     <span class='ocr_line' id='line_1_22' title="bbox 267 1021 1065 1064; baseline -0.001 -9"><span class='ocrx_word' id='word_1_119' title='bbox 267 1028 394 1056; x_wconf 89' lang='lat' dir='ltr'><strong>funditus</strong></span> <span class='ocrx_word' id='word_1_120' title='bbox 412 1028 504 1059; x_wconf 87' lang='lat' dir='ltr'><strong>delere</strong></span> <span class='ocrx_word' id='word_1_121' title='bbox 528 1032 557 1056; x_wconf 88' lang='lat' dir='ltr'><strong>et</strong></span> <span class='ocrx_word' id='word_1_122' title='bbox 571 1021 728 1064; x_wconf 77' lang='lat' dir='ltr'><strong>exstirpare</strong></span> <span class='ocrx_word' id='word_1_123' title='bbox 754 1028 855 1056; x_wconf 79' lang='lat' dir='ltr'><strong>voluit.</strong></span> <span class='ocrx_word' id='word_1_124' title='bbox 876 1027 949 1056; x_wconf 87' lang='lat' dir='ltr'><strong>Deus</strong></span> <span class='ocrx_word' id='word_1_125' title='bbox 961 1031 1065 1061; x_wconf 85' lang='lat' dir='ltr'><strong>autem,</strong></span> 
     </span>
    </p>
   </div>
   <div class='ocr_carea' id='block_1_23' title="bbox 267 1072 1066 1110">
    <p class='ocr_par' dir='ltr' id='par_1_23' title="bbox 267 1072 1066 1110">
     <span class='ocr_line' id='line_1_23' title="bbox 267 1072 1066 1110; baseline -0.001 -9"><span class='ocrx_word' id='word_1_126' title='bbox 267 1073 422 1108; x_wconf 63' lang='lat' dir='ltr'><strong>qui‘omnia</strong></span> <span class='ocrx_word' id='word_1_127' title='bbox 437 1074 580 1109; x_wconf 84' lang='lat' dir='ltr'><strong>sapienter</strong></span> <span class='ocrx_word' id='word_1_128' title='bbox 593 1074 734 1110; x_wconf 85' lang='lat' dir='ltr'><strong>gubernat</strong></span> <span class='ocrx_word' id='word_1_129' title='bbox 763 1078 792 1102; x_wconf 91' lang='lat' dir='ltr'><strong>et</strong></span> <span class='ocrx_word' id='word_1_130' title='bbox 806 1073 912 1110; x_wconf 88' lang='lat' dir='ltr'><strong>dirigit,</strong></span> <span class='ocrx_word' id='word_1_131' title='bbox 926 1072 1066 1101; x_wconf 85' lang='lat' dir='ltr'><strong>ordinavit</strong></span> 
     </span>
    </p>
   </div>
   <div class='ocr_carea' id='block_1_24' title="bbox 266 1119 1063 1155">
    <p class='ocr_par' dir='ltr' id='par_1_24' title="bbox 266 1119 1063 1155">
     <span class='ocr_line' id='line_1_24' title="bbox 266 1119 1063 1155; baseline -0.001 -9"><span class='ocrx_word' id='word_1_132' title='bbox 266 1119 377 1150; x_wconf 87' lang='lat' dir='ltr'><strong>iterum.</strong></span> <span class='ocrx_word' id='word_1_133' title='bbox 393 1123 423 1146; x_wconf 93' lang='lat' dir='ltr'><strong>ut</strong></span> <span class='ocrx_word' id='word_1_134' title='bbox 436 1119 510 1155; x_wconf 78' lang='lat' dir='ltr'><strong>regia</strong></span> <span class='ocrx_word' id='word_1_135' title='bbox 536 1119 643 1147; x_wconf 76' lang='lat' dir='ltr'><strong>familia</strong></span> <span class='ocrx_word' id='word_1_136' title='bbox 672 1119 841 1148; x_wconf 87' lang='lat' dir='ltr'><strong>sacerdotali</strong></span> <span class='ocrx_word' id='word_1_137' title='bbox 880 1119 1063 1152; x_wconf 86' lang='lat' dir='ltr'><strong>misceretur;</strong></span> 
     </span>
    </p>
   </div>
   <div class='ocr_carea' id='block_1_25' title="bbox 266 1163 1063 1202">
    <p class='ocr_par' dir='ltr' id='par_1_25' title="bbox 266 1163 1063 1202">
     <span class='ocr_line' id='line_1_25' title="bbox 266 1163 1063 1202; baseline -0.001 -10"><span class='ocrx_word' id='word_1_138' title='bbox 266 1163 451 1199; x_wconf 88' lang='lat' dir='ltr'><strong>utqueJoiada</strong></span> <span class='ocrx_word' id='word_1_139' title='bbox 464 1165 588 1200; x_wconf 84' lang='lat' dir='ltr'><strong>pontifex</strong></span> <span class='ocrx_word' id='word_1_140' title='bbox 601 1165 826 1202; x_wconf 87' lang='lat' dir='ltr'><strong>sapientissimus</strong></span> <span class='ocrx_word' id='word_1_141' title='bbox 838 1165 964 1193; x_wconf 63' lang='lat' dir='ltr'><strong>Josabeat</strong></span> <span class='ocrx_word' id='word_1_142' title='bbox 979 1164 1063 1192; x_wconf 85' lang='lat' dir='ltr'><strong>ﬁliam</strong></span> 
     </span>
    </p>
   </div>
   <div class='ocr_carea' id='block_1_26' title="bbox 265 1209 1064 1247">
    <p class='ocr_par' dir='ltr' id='par_1_26' title="bbox 265 1209 1064 1247">
     <span class='ocr_line' id='line_1_26' title="bbox 265 1209 1064 1247; baseline 0 -10"><span class='ocrx_word' id='word_1_143' title='bbox 265 1209 358 1237; x_wconf 79' lang='lat' dir='ltr'><strong>Joram</strong></span> <span class='ocrx_word' id='word_1_144' title='bbox 375 1217 492 1238; x_wconf 85' lang='lat' dir='ltr'><strong>uxorem</strong></span> <span class='ocrx_word' id='word_1_145' title='bbox 511 1210 638 1244; x_wconf 87' lang='lat' dir='ltr'><strong>duceret,</strong></span> <span class='ocrx_word' id='word_1_146' title='bbox 656 1216 685 1239; x_wconf 93' lang='lat' dir='ltr'><strong>ut</strong></span> <span class='ocrx_word' id='word_1_147' title='bbox 698 1210 851 1239; x_wconf 85' lang='lat' dir='ltr'><strong>scintillula</strong></span> <span class='ocrx_word' id='word_1_148' title='bbox 872 1211 940 1246; x_wconf 88' lang='lat' dir='ltr'><strong>regii</strong></span> <span class='ocrx_word' id='word_1_149' title='bbox 953 1210 1064 1247; x_wconf 75' lang='lat' dir='ltr'><strong>generis</strong></span> 
     </span>
    </p>
   </div>
   <div class='ocr_carea' id='block_1_27' title="bbox 265 1256 1063 1292">
    <p class='ocr_par' dir='ltr' id='par_1_27' title="bbox 265 1256 1063 1292">
     <span class='ocr_line' id='line_1_27' title="bbox 265 1256 1063 1292; baseline 0.003 -10"><span class='ocrx_word' id='word_1_150' title='bbox 265 1260 490 1284; x_wconf 85' lang='lat' dir='ltr'><strong>conservaretur.</strong></span> <span class='ocrx_word' id='word_1_151' title='bbox 512 1256 576 1292; x_wconf 88' lang='lat' dir='ltr'><strong>lpsa</strong></span> <span class='ocrx_word' id='word_1_152' title='bbox 595 1258 670 1285; x_wconf 90' lang='lat' dir='ltr'><strong>enim</strong></span> <span class='ocrx_word' id='word_1_153' title='bbox 687 1257 759 1285; x_wconf 88' lang='lat' dir='ltr'><strong>clam</strong></span> <span class='ocrx_word' id='word_1_154' title='bbox 780 1257 921 1285; x_wconf 81' lang='lat' dir='ltr'><strong>subtraxit</strong></span> <span class='ocrx_word' id='word_1_155' title='bbox 933 1261 1063 1292; x_wconf 83' lang='lat' dir='ltr'><strong>nepotem</strong></span> 
     </span>
    </p>
   </div>
   <div class='ocr_carea' id='block_1_28' title="bbox 264 1301 1064 1338">
    <p class='ocr_par' dir='ltr' id='par_1_28' title="bbox 264 1301 1064 1338">
     <span class='ocr_line' id='line_1_28' title="bbox 264 1301 1064 1338; baseline 0.003 -10"><span class='ocrx_word' id='word_1_156' title='bbox 264 1309 299 1329; x_wconf 76' lang='lat' dir='ltr'><strong>ex</strong></span> <span class='ocrx_word' id='word_1_157' title='bbox 312 1301 399 1329; x_wconf 82' lang='lat' dir='ltr'><strong>fratre</strong></span> <span class='ocrx_word' id='word_1_158' title='bbox 412 1301 501 1334; x_wconf 80' lang='lat' dir='ltr'><strong>Joam,</strong></span> <span class='ocrx_word' id='word_1_159' title='bbox 521 1310 603 1338; x_wconf 88' lang='lat' dir='ltr'><strong>quem</strong></span> <span class='ocrx_word' id='word_1_160' title='bbox 626 1303 749 1338; x_wconf 90' lang='lat' dir='ltr'><strong>prudens</strong></span> <span class='ocrx_word' id='word_1_161' title='bbox 776 1302 823 1331; x_wconf 91' lang='lat' dir='ltr'><strong>ille</strong></span> <span class='ocrx_word' id='word_1_162' title='bbox 839 1302 972 1331; x_wconf 83' lang='lat' dir='ltr'><strong>sacerdos</strong></span> <span class='ocrx_word' id='word_1_163' title='bbox 1000 1307 1064 1338; x_wconf 87' lang='lat' dir='ltr'><strong>post</strong></span> 
     </span>
    </p>
   </div>
   <div class='ocr_carea' id='block_1_29' title="bbox 265 1349 866 1385">
    <p class='ocr_par' dir='ltr' id='par_1_29' title="bbox 265 1349 866 1385">
     <span class='ocr_line' id='line_1_29' title="bbox 265 1349 866 1385; baseline 0.002 -10"><span class='ocrx_word' id='word_1_164' title='bbox 265 1353 372 1376; x_wconf 88' lang='lat' dir='ltr'><strong>sextum</strong></span> <span class='ocrx_word' id='word_1_165' title='bbox 389 1349 499 1376; x_wconf 88' lang='lat' dir='ltr'><strong>tandem</strong></span> <span class='ocrx_word' id='word_1_166' title='bbox 514 1356 616 1376; x_wconf 88' lang='lat' dir='ltr'><strong>annum</strong></span> <span class='ocrx_word' id='word_1_167' title='bbox 635 1356 719 1385; x_wconf 86' lang='lat' dir='ltr'><strong>regno</strong></span> <span class='ocrx_word' id='word_1_168' title='bbox 732 1349 866 1377; x_wconf 81' lang='lat' dir='ltr'><strong>restituit.</strong></span> 
     </span>
    </p>
   </div>
   <div class='ocr_carea' id='block_1_30' title="bbox 301 1393 1063 1427">
    <p class='ocr_par' dir='ltr' id='par_1_30' title="bbox 301 1393 1063 1427">
     <span class='ocr_line' id='line_1_30' title="bbox 301 1393 1063 1427; baseline -0.001 -6"><span class='ocrx_word' id='word_1_169' title='bbox 301 1394 386 1422; x_wconf 81' lang='lat' dir='ltr'><strong>Vens.</strong></span> <span class='ocrx_word' id='word_1_170' title='bbox 407 1394 435 1422; x_wconf 74' lang='grc'>4.</span> <span class='ocrx_word' id='word_1_171' title='bbox 455 1394 564 1427; x_wconf 76' lang='grc' dir='ltr'>ΟΙιοννί,</span> <span class='ocrx_word' id='word_1_172' title='bbox 586 1400 610 1422; x_wconf 83' lang='lat' dir='ltr'><strong>et</strong></span> <span class='ocrx_word' id='word_1_173' title='bbox 630 1394 732 1422; x_wconf 75' lang='lat' dir='ltr'><strong>Rusim.</strong></span> <span class='ocrx_word' id='word_1_174' title='bbox 747 1394 886 1423; x_wconf 84' lang='lat' dir='ltr'><strong>Cursores</strong></span> <span class='ocrx_word' id='word_1_175' title='bbox 907 1397 935 1422; x_wconf 90' lang='lat' dir='ltr'><strong>et</strong></span> <span class='ocrx_word' id='word_1_176' title='bbox 957 1393 1063 1421; x_wconf 84' lang='lat' dir='ltr'><strong>satelli-</strong></span> 
     </span>
    </p>
   </div>
   <div class='ocr_carea' id='block_1_31' title="bbox 265 1438 1061 1476">
    <p class='ocr_par' dir='ltr' id='par_1_31' title="bbox 265 1438 1061 1476">
     <span class='ocr_line' id='line_1_31' title="bbox 265 1438 1061 1476; baseline -0.004 -7"><span class='ocrx_word' id='word_1_177' title='bbox 265 1445 328 1476; x_wconf 90' lang='lat' dir='ltr'><strong>tes;</strong></span> <span class='ocrx_word' id='word_1_178' title='bbox 345 1442 392 1470; x_wconf 87' lang='lat' dir='ltr'><strong>alii</strong></span> <span class='ocrx_word' id='word_1_179' title='bbox 426 1441 577 1470; x_wconf 87' lang='lat' dir='ltr'><strong>scutiferos</strong></span> <span class='ocrx_word' id='word_1_180' title='bbox 614 1446 642 1469; x_wconf 91' lang='lat' dir='ltr'><strong>et</strong></span> <span class='ocrx_word' id='word_1_181' title='bbox 665 1441 799 1469; x_wconf 84' lang='lat' dir='ltr'><strong>satellites</strong></span> <span class='ocrx_word' id='word_1_182' title='bbox 814 1444 964 1476; x_wconf 87' lang='lat' dir='ltr'><strong>exponunt.</strong></span> <span class='ocrx_word' id='word_1_183' title='bbox 979 1438 1061 1467; x_wconf 79' lang='lat' dir='ltr'><strong>Juxta</strong></span> 
     </span>
    </p>
   </div>
   <div class='ocr_carea' id='block_1_32' title="bbox 263 1485 1061 1523">
    <p class='ocr_par' dir='ltr' id='par_1_32' title="bbox 263 1485 1061 1523">
     <span class='ocr_line' id='line_1_32' title="bbox 263 1485 1061 1523; baseline -0.005 -7"><span class='ocrx_word' id='word_1_184' title='bbox 263 1494 409 1517; x_wconf 87' lang='lat' dir='ltr'><strong>currentes</strong></span> <span class='ocrx_word' id='word_1_185' title='bbox 431 1496 498 1516; x_wconf 90' lang='lat' dir='ltr'><strong>vero</strong></span> <span class='ocrx_word' id='word_1_186' title='bbox 515 1492 597 1516; x_wconf 88' lang='lat' dir='ltr'><strong>vocat</strong></span> <span class='ocrx_word' id='word_1_187' title='bbox 617 1488 817 1523; x_wconf 61' lang='lat' dir='ltr'><strong>praecedentes.</strong></span> <span class='ocrx_word' id='word_1_188' title='bbox 843 1490 871 1514; x_wconf 93' lang='lat' dir='ltr'><strong>et</strong></span> <span class='ocrx_word' id='word_1_189' title='bbox 893 1485 1061 1514; x_wconf 89' lang='lat' dir='ltr'><strong>deducentes</strong></span> 
     </span>
    </p>
   </div>
   <div class='ocr_carea' id='block_1_33' title="bbox 263 1532 1060 1571">
    <p class='ocr_par' dir='ltr' id='par_1_33' title="bbox 263 1532 1060 1571">
     <span class='ocr_line' id='line_1_33' title="bbox 263 1532 1060 1571; baseline -0.005 -8"><span class='ocrx_word' id='word_1_190' title='bbox 263 1543 367 1571; x_wconf 87' lang='lat' dir='ltr'><strong>regem.</strong></span> <span class='ocrx_word' id='word_1_191' title='bbox 392 1534 456 1563; x_wconf 89' lang='lat' dir='ltr'><strong>Illos</strong></span> <span class='ocrx_word' id='word_1_192' title='bbox 471 1534 497 1562; x_wconf 90' lang='lat' dir='ltr'><strong>in</strong></span> <span class='ocrx_word' id='word_1_193' title='bbox 521 1538 578 1562; x_wconf 86' lang='lat' dir='ltr'><strong>tres</strong></span> <span class='ocrx_word' id='word_1_194' title='bbox 601 1534 713 1562; x_wconf 89' lang='lat' dir='ltr'><strong>ordines</strong></span> <span class='ocrx_word' id='word_1_195' title='bbox 727 1533 886 1566; x_wconf 88' lang='lat' dir='ltr'><strong>distribuit;</strong></span> <span class='ocrx_word' id='word_1_196' title='bbox 903 1532 972 1561; x_wconf 84' lang='lat' dir='ltr'><strong>alios</strong></span> <span class='ocrx_word' id='word_1_197' title='bbox 987 1532 1060 1560; x_wconf 88' lang='lat' dir='ltr'><strong>enim</strong></span> 
     </span>
    </p>
   </div>
   <div class='ocr_carea' id='block_1_34' title="bbox 1120 291 1919 332">
    <p class='ocr_par' dir='ltr' id='par_1_34' title="bbox 1120 291 1919 332">
     <span class='ocr_line' id='line_1_34' title="bbox 1120 291 1919 332; baseline 0.004 -13"><span class='ocrx_word' id='word_1_198' title='bbox 1120 291 1231 320; x_wconf 87' lang='grc' dir='ltr'><strong>Τούτων</strong></span> <span class='ocrx_word' id='word_1_199' title='bbox 1243 293 1292 322; x_wconf 76' lang='grc' dir='ltr'>καὶ</span> <span class='ocrx_word' id='word_1_200' title='bbox 1305 294 1319 320; x_wconf 83' lang='grc' dir='ltr'><strong>ὁ</strong></span> <span class='ocrx_word' id='word_1_201' title='bbox 1336 293 1482 329; x_wconf 81' lang='grc' dir='ltr'><strong>προφήτης</strong></span> <span class='ocrx_word' id='word_1_202' title='bbox 1498 292 1634 329; x_wconf 75' lang='grc' dir='ltr'><strong>Ἱερεμίας</strong></span> <span class='ocrx_word' id='word_1_203' title='bbox 1650 293 1680 320; x_wconf 75' lang='grc' dir='ltr'>ἐν</span> <span class='ocrx_word' id='word_1_204' title='bbox 1694 294 1817 327; x_wconf 75' lang='grc' dir='ltr'><strong>ἐπαίνοις</strong></span> <span class='ocrx_word' id='word_1_205' title='bbox 1834 296 1919 332; x_wconf 76' lang='grc' dir='ltr'>ἐμνή-</span> 
     </span>
    </p>
   </div>
   <div class='ocr_carea' id='block_1_35' title="bbox 1119 338 1908 377">
    <p class='ocr_par' dir='ltr' id='par_1_35' title="bbox 1119 338 1908 377">
     <span class='ocr_line' id='line_1_35' title="bbox 1119 338 1908 377; baseline 0.004 -12"><span class='ocrx_word' id='word_1_206' title='bbox 1119 338 1182 374; x_wconf 81' lang='grc' dir='ltr'>σθη.</span> <span class='ocrx_word' id='word_1_207' title='bbox 1197 338 1235 366; x_wconf 84' lang='grc' dir='ltr'><strong>Τό</strong></span> <span class='ocrx_word' id='word_1_208' title='bbox 1244 339 1285 372; x_wconf 79' lang='grc' dir='ltr'>δὲ,</span> <span class='ocrx_word' id='word_1_209' title='bbox 1302 339 1358 366; x_wconf 83' lang='grc' dir='ltr'><strong>Καὶ</strong></span> <span class='ocrx_word' id='word_1_210' title='bbox 1371 339 1521 375; x_wconf 78' lang='grc' dir='ltr'><strong>εὐλόγησεν</strong></span> <span class='ocrx_word' id='word_1_211' title='bbox 1534 338 1631 372; x_wconf 79' lang='grc' dir='ltr'>αὑτὸν,</span> <span class='ocrx_word' id='word_1_212' title='bbox 1648 339 1711 367; x_wconf 78' lang='grc' dir='ltr'>ἀντὶ</span> <span class='ocrx_word' id='word_1_213' title='bbox 1726 339 1774 367; x_wconf 83' lang='grc' dir='ltr'>τοῦ</span> <span class='ocrx_word' id='word_1_214' title='bbox 1785 359 1793 374; x_wconf 92' lang='lat'><strong>,</strong></span> <span class='ocrx_word' id='word_1_215' title='bbox 1809 344 1908 377; x_wconf 86' lang='grc' dir='ltr'>προσεῖ</span> 
     </span>
    </p>
   </div>
   <div class='ocr_carea' id='block_1_36' title="bbox 1122 385 1286 413">
    <p class='ocr_par' dir='ltr' id='par_1_36' title="bbox 1122 385 1286 413">
     <span class='ocr_line' id='line_1_36' title="bbox 1122 385 1286 413; baseline 0.012 -2"><span class='ocrx_word' id='word_1_216' title='bbox 1122 393 1175 411; x_wconf 86' lang='grc' dir='ltr'><strong>πεν</strong></span> <span class='ocrx_word' id='word_1_217' title='bbox 1195 385 1286 413; x_wconf 82' lang='grc' dir='ltr'>αὐτόν.</span> 
     </span>
    </p>
   </div>
   <div class='ocr_carea' id='block_1_37' title="bbox 1153 431 1919 467">
    <p class='ocr_par' dir='ltr' id='par_1_37' title="bbox 1153 431 1919 467">
     <span class='ocr_line' id='line_1_37' title="bbox 1153 431 1919 467; baseline 0.003 -9"><span class='ocrx_word' id='word_1_218' title='bbox 1153 431 1208 458; x_wconf 74' lang='lat' dir='ltr'><strong>Kal</strong></span> <span class='ocrx_word' id='word_1_219' title='bbox 1238 431 1296 466; x_wconf 75' lang='grc' dir='ltr'><strong>ἐγὼ</strong></span> <span class='ocrx_word' id='word_1_220' title='bbox 1322 431 1495 467; x_wconf 59' lang='grc' dir='ltr'>δουλεύσω-</span> <span class='ocrx_word' id='word_1_221' title='bbox 1507 431 1589 465; x_wconf 84' lang='grc' dir='ltr'>αὐτῷ</span> <span class='ocrx_word' id='word_1_222' title='bbox 1613 431 1726 460; x_wconf 69' lang='grc' dir='ltr'><strong>πολλά.</strong></span> <span class='ocrx_word' id='word_1_223' title='bbox 1745 432 1799 460; x_wconf 79' lang='grc' dir='ltr'><strong>Τὸν</strong></span> <span class='ocrx_word' id='word_1_224' title='bbox 1819 433 1919 460; x_wconf 76' lang='grc' dir='ltr'>σκοπὺν</span> 
     </span>
    </p>
   </div>
   <div class='ocr_carea' id='block_1_38' title="bbox 1117 476 1918 514">
    <p class='ocr_par' dir='ltr' id='par_1_38' title="bbox 1117 476 1918 514">
     <span class='ocr_line' id='line_1_38' title="bbox 1117 476 1918 514; baseline 0.001 -10"><span class='ocrx_word' id='word_1_225' title='bbox 1117 477 1241 511; x_wconf 81' lang='grc' dir='ltr'>ὀρατέον,</span> <span class='ocrx_word' id='word_1_226' title='bbox 1257 477 1282 503; x_wconf 74' lang='grc' dir='ltr'>εξ</span> <span class='ocrx_word' id='word_1_227' title='bbox 1303 476 1351 504; x_wconf 76' lang='grc' dir='ltr'><strong>καὶ</strong></span> <span class='ocrx_word' id='word_1_228' title='bbox 1372 477 1398 504; x_wconf 77' lang='grc' dir='ltr'>οἱ</span> <span class='ocrx_word' id='word_1_229' title='bbox 1419 477 1496 512; x_wconf 83' lang='grc' dir='ltr'>λόγοι</span> <span class='ocrx_word' id='word_1_230' title='bbox 1508 476 1616 512; x_wconf 83' lang='grc' dir='ltr'>ψεκτοί.</span> <span class='ocrx_word' id='word_1_231' title='bbox 1633 476 1720 504; x_wconf 82' lang='grc' dir='ltr'>Τοῦτο</span> <span class='ocrx_word' id='word_1_232' title='bbox 1733 477 1788 513; x_wconf 87' lang='grc' dir='ltr'><strong>γὰρ</strong></span> <span class='ocrx_word' id='word_1_233' title='bbox 1801 478 1870 514; x_wconf 76' lang='grc' dir='ltr'>πρὸς</span> <span class='ocrx_word' id='word_1_234' title='bbox 1885 479 1918 506; x_wconf 66' lang='grc' dir='ltr'><strong>τὸ</strong></span> 
     </span>
    </p>
   </div>
   <div class='ocr_carea' id='block_1_39' title="bbox 1119 522 1919 560">
    <p class='ocr_par' dir='ltr' id='par_1_39' title="bbox 1119 522 1919 560">
     <span class='ocr_line' id='line_1_39' title="bbox 1119 522 1919 560; baseline 0.003 -11"><span class='ocrx_word' id='word_1_235' title='bbox 1119 522 1224 557; x_wconf 80' lang='grc' dir='ltr'>μηδένα</span> <span class='ocrx_word' id='word_1_236' title='bbox 1233 522 1386 557; x_wconf 80' lang='grc' dir='ltr'>διαφυγεῖν,</span> <span class='ocrx_word' id='word_1_237' title='bbox 1395 523 1469 555; x_wconf 71' lang='grc' dir='ltr'>Τοὺς</span> <span class='ocrx_word' id='word_1_238' title='bbox 1477 523 1506 550; x_wconf 87' lang='grc' dir='ltr'>δὲ</span> <span class='ocrx_word' id='word_1_239' title='bbox 1521 523 1612 556; x_wconf 84' lang='grc' dir='ltr'>θείους</span> <span class='ocrx_word' id='word_1_240' title='bbox 1629 523 1729 560; x_wconf 77' lang='grc' dir='ltr'>ἱερέας,</span> <span class='ocrx_word' id='word_1_241' title='bbox 1740 524 1779 556; x_wconf 84' lang='grc' dir='ltr'>ὡς</span> <span class='ocrx_word' id='word_1_242' title='bbox 1789 524 1919 558; x_wconf 79' lang='grc' dir='ltr'>ἀναξίους</span> 
     </span>
    </p>
   </div>
   <div class='ocr_carea' id='block_1_40' title="bbox 1118 566 1817 603">
    <p class='ocr_par' dir='ltr' id='par_1_40' title="bbox 1118 566 1817 603">
     <span class='ocr_line' id='line_1_40' title="bbox 1118 566 1817 603; baseline 0.001 -9"><span class='ocrx_word' id='word_1_243' title='bbox 1118 567 1213 603; x_wconf 82' lang='grc' dir='ltr'>δῆθεν,</span> <span class='ocrx_word' id='word_1_244' title='bbox 1230 567 1370 603; x_wconf 80' lang='grc' dir='ltr'><strong>ἀπήλασε,</strong></span> <span class='ocrx_word' id='word_1_245' title='bbox 1383 567 1415 594; x_wconf 82' lang='grc' dir='ltr'><strong>τδ</strong></span> <span class='ocrx_word' id='word_1_246' title='bbox 1433 566 1472 603; x_wconf 83' lang='grc' dir='ltr'>μὴ</span> <span class='ocrx_word' id='word_1_247' title='bbox 1489 566 1588 595; x_wconf 84' lang='grc' dir='ltr'>παθεῖν</span> <span class='ocrx_word' id='word_1_248' title='bbox 1603 567 1817 603; x_wconf 80' lang='grc' dir='ltr'>φυλαττόμενος.</span> 
     </span>
    </p>
   </div>
   <div class='ocr_carea' id='block_1_41' title="bbox 1160 657 1916 694">
    <p class='ocr_par' dir='ltr' id='par_1_41' title="bbox 1160 657 1916 694">
     <span class='ocr_line' id='line_1_41' title="bbox 1160 657 1916 694; baseline 0 -9"><span class='ocrx_word' id='word_1_249' title='bbox 1160 658 1211 691; x_wconf 79' lang='grc' dir='ltr'><strong>Ἐξ</strong></span> <span class='ocrx_word' id='word_1_250' title='bbox 1225 658 1392 694; x_wconf 80' lang='grc' dir='ltr'>ἀριστερῶν</span> <span class='ocrx_word' id='word_1_251' title='bbox 1401 659 1454 687; x_wconf 81' lang='grc' dir='ltr'><strong>τοῦ</strong></span> <span class='ocrx_word' id='word_1_252' title='bbox 1466 659 1595 694; x_wconf 72' lang='grc' dir='ltr'>Βααλίμ.</span> <span class='ocrx_word' id='word_1_253' title='bbox 1615 658 1667 686; x_wconf 75' lang='grc' dir='ltr'><strong>Τὸν</strong></span> <span class='ocrx_word' id='word_1_254' title='bbox 1681 657 1730 686; x_wconf 82' lang='grc' dir='ltr'>τοῦ</span> <span class='ocrx_word' id='word_1_255' title='bbox 1745 658 1820 685; x_wconf 76' lang='grc' dir='ltr'>Βαὰλ</span> <span class='ocrx_word' id='word_1_256' title='bbox 1833 659 1916 694; x_wconf 75' lang='grc' dir='ltr'>σηκὸν</span> 
     </span>
    </p>
   </div>
   <div class='ocr_carea' id='block_1_42' title="bbox 1117 705 1362 737">
    <p class='ocr_par' dir='ltr' id='par_1_42' title="bbox 1117 705 1362 737">
     <span class='ocr_line' id='line_1_42' title="bbox 1117 705 1362 737; baseline 0 -5"><span class='ocrx_word' id='word_1_257' title='bbox 1117 705 1206 737; x_wconf 75' lang='grc' dir='ltr'>οὕτως</span> <span class='ocrx_word' id='word_1_258' title='bbox 1220 706 1362 734; x_wconf 75' lang='grc' dir='ltr'>ἐκάλεσεν.</span> 
     </span>
    </p>
   </div>
   <div class='ocr_carea' id='block_1_43' title="bbox 1429 753 1606 781">
    <p class='ocr_par' dir='ltr' id='par_1_43' title="bbox 1429 753 1606 781">
     <span class='ocr_line' id='line_1_43' title="bbox 1429 753 1606 781; baseline 0.006 -1"><span class='ocrx_word' id='word_1_259' title='bbox 1429 753 1558 781; x_wconf 77' lang='grc' dir='ltr'><strong>ΚΕΦᾹΛ.</strong></span> <span class='ocrx_word' id='word_1_260' title='bbox 1577 753 1606 781; x_wconf 89' lang='grc'><strong>1’.</strong></span> 
     </span>
    </p>
   </div>
   <div class='ocr_carea' id='block_1_44' title="bbox 1154 799 1914 834">
    <p class='ocr_par' dir='ltr' id='par_1_44' title="bbox 1154 799 1914 834">
     <span class='ocr_line' id='line_1_44' title="bbox 1154 799 1914 834; baseline -0.001 -8"><span class='ocrx_word' id='word_1_261' title='bbox 1154 799 1210 826; x_wconf 82' lang='lat' dir='ltr'><strong>Kal</strong></span> <span class='ocrx_word' id='word_1_262' title='bbox 1233 799 1380 834; x_wconf 76' lang='grc' dir='ltr'><strong>ἐπορεύθη</strong></span> <span class='ocrx_word' id='word_1_263' title='bbox 1398 799 1528 834; x_wconf 77' lang='grc' dir='ltr'>Ὁχοζῖας</span> <span class='ocrx_word' id='word_1_264' title='bbox 1546 799 1596 827; x_wconf 76' lang='grc' dir='ltr'><strong>ἐπὶ</strong></span> <span class='ocrx_word' id='word_1_265' title='bbox 1614 799 1735 833; x_wconf 72' lang='grc' dir='ltr'>Ἀζαήλ.</span> <span class='ocrx_word' id='word_1_266' title='bbox 1758 799 1821 826; x_wconf 80' lang='grc' dir='ltr'>Ὀτι</span> <span class='ocrx_word' id='word_1_267' title='bbox 1842 807 1914 834; x_wconf 88' lang='grc' dir='ltr'>γαμ-</span> 
     </span>
    </p>
   </div>
   <div class='ocr_carea' id='block_1_45' title="bbox 1117 843 1418 881">
    <p class='ocr_par' dir='ltr' id='par_1_45' title="bbox 1117 843 1418 881">
     <span class='ocr_line' id='line_1_45' title="bbox 1117 843 1418 881; baseline 0.007 -10"><span class='ocrx_word' id='word_1_268' title='bbox 1117 844 1184 880; x_wconf 73' lang='grc' dir='ltr'>ϐρὸς</span> <span class='ocrx_word' id='word_1_269' title='bbox 1200 843 1236 880; x_wconf 80' lang='grc' dir='ltr'>ἦν</span> <span class='ocrx_word' id='word_1_270' title='bbox 1253 845 1302 872; x_wconf 86' lang='grc' dir='ltr'>τοῦ</span> <span class='ocrx_word' id='word_1_271' title='bbox 1321 845 1418 881; x_wconf 78' lang='grc' dir='ltr'>Ἀχά6.</span> 
     </span>
    </p>
   </div>
   <div class='ocr_carea' id='block_1_46' title="bbox 1154 891 1913 927">
    <p class='ocr_par' dir='ltr' id='par_1_46' title="bbox 1154 891 1913 927">
     <span class='ocr_line' id='line_1_46' title="bbox 1154 891 1913 927; baseline -0.001 -9"><span class='ocrx_word' id='word_1_272' title='bbox 1154 891 1210 918; x_wconf 78' lang='grc' dir='ltr'><strong>Καὶ</strong></span> <span class='ocrx_word' id='word_1_273' title='bbox 1231 891 1372 919; x_wconf 72' lang='grc' dir='ltr'>ἀπώλεσε</span> <span class='ocrx_word' id='word_1_274' title='bbox 1387 891 1450 920; x_wconf 82' lang='grc' dir='ltr'><strong>πᾶν</strong></span> <span class='ocrx_word' id='word_1_275' title='bbox 1463 891 1504 923; x_wconf 80' lang='grc' dir='ltr'>,τὸ</span> <span class='ocrx_word' id='word_1_276' title='bbox 1524 891 1645 927; x_wconf 82' lang='grc' dir='ltr'>σπέρμα</span> <span class='ocrx_word' id='word_1_277' title='bbox 1664 891 1721 926; x_wconf 80' lang='grc' dir='ltr'>τῆς</span> <span class='ocrx_word' id='word_1_278' title='bbox 1739 891 1913 924; x_wconf 74' lang='grc' dir='ltr'>βασιλείας.</span> 
     </span>
    </p>
   </div>
   <div class='ocr_carea' id='block_1_47' title="bbox 1124 936 1914 974">
    <p class='ocr_par' dir='ltr' id='par_1_47' title="bbox 1124 936 1914 974">
     <span class='ocr_line' id='line_1_47' title="bbox 1124 936 1914 974; baseline -0.001 -11"><span class='ocrx_word' id='word_1_279' title='bbox 1124 936 1169 969; x_wconf 76' lang='grc' dir='ltr'>Ὠς</span> <span class='ocrx_word' id='word_1_280' title='bbox 1186 937 1298 973; x_wconf 75' lang='grc' dir='ltr'>ἀσεϐὴς,</span> <span class='ocrx_word' id='word_1_281' title='bbox 1313 938 1361 965; x_wconf 78' lang='grc' dir='ltr'>καὶ</span> <span class='ocrx_word' id='word_1_282' title='bbox 1375 938 1512 974; x_wconf 77' lang='grc' dir='ltr'><strong>κρατῦναι</strong></span> <span class='ocrx_word' id='word_1_283' title='bbox 1526 938 1640 965; x_wconf 80' lang='grc' dir='ltr'><strong>θέλουσα</strong></span> <span class='ocrx_word' id='word_1_284' title='bbox 1651 938 1708 970; x_wconf 83' lang='grc' dir='ltr'>τοῖς</span> <span class='ocrx_word' id='word_1_285' title='bbox 1722 937 1853 973; x_wconf 77' lang='grc' dir='ltr'>ὑπηκόοις</span> <span class='ocrx_word' id='word_1_286' title='bbox 1863 936 1914 971; x_wconf 76' lang='grc' dir='ltr'>τὴν</span> 
     </span>
    </p>
   </div>
   <div class='ocr_carea' id='block_1_48' title="bbox 1115 982 1914 1019">
    <p class='ocr_par' dir='ltr' id='par_1_48' title="bbox 1115 982 1914 1019">
     <span class='ocr_line' id='line_1_48' title="bbox 1115 982 1914 1019; baseline -0.001 -9"><span class='ocrx_word' id='word_1_287' title='bbox 1115 983 1260 1016; x_wconf 78' lang='grc' dir='ltr'>ἀσέϐειαν,</span> <span class='ocrx_word' id='word_1_288' title='bbox 1277 984 1316 1016; x_wconf 83' lang='grc' dir='ltr'>ὡς</span> <span class='ocrx_word' id='word_1_289' title='bbox 1333 984 1445 1016; x_wconf 73' lang='grc' dir='ltr'>εὺσεεὲς</span> <span class='ocrx_word' id='word_1_290' title='bbox 1464 984 1495 1011; x_wconf 60' lang='lat' dir='ltr'><strong>ea</strong></span> <span class='ocrx_word' id='word_1_291' title='bbox 1513 984 1655 1019; x_wconf 82' lang='grc' dir='ltr'>βασιλικὸν</span> <span class='ocrx_word' id='word_1_292' title='bbox 1674 983 1759 1019; x_wconf 81' lang='grc' dir='ltr'>ἄρδην</span> <span class='ocrx_word' id='word_1_293' title='bbox 1782 982 1914 1018; x_wconf 81' lang='grc' dir='ltr'>ἀφανίσαι</span> 
     </span>
    </p>
   </div>
   <div class='ocr_carea' id='block_1_49' title="bbox 1115 1028 1915 1066">
    <p class='ocr_par' dir='ltr' id='par_1_49' title="bbox 1115 1028 1915 1066">
     <span class='ocr_line' id='line_1_49' title="bbox 1115 1028 1915 1066; baseline -0.003 -10"><span class='ocrx_word' id='word_1_294' title='bbox 1115 1029 1195 1064; x_wconf 86' lang='grc' dir='ltr'>γένος</span> <span class='ocrx_word' id='word_1_295' title='bbox 1222 1029 1448 1066; x_wconf 79' lang='grc' dir='ltr'>ὴθέλησεν.“Δλλ“</span> <span class='ocrx_word' id='word_1_296' title='bbox 1463 1032 1477 1058; x_wconf 83' lang='grc' dir='ltr'><strong>ὀ</strong></span> <span class='ocrx_word' id='word_1_297' title='bbox 1501 1031 1592 1058; x_wconf 79' lang='grc' dir='ltr'>πάντα</span> <span class='ocrx_word' id='word_1_298' title='bbox 1614 1029 1704 1064; x_wconf 82' lang='grc' dir='ltr'>σοφῶς</span> <span class='ocrx_word' id='word_1_299' title='bbox 1728 1029 1826 1056; x_wconf 76' lang='grc' dir='ltr'>ἰθύνων</span> <span class='ocrx_word' id='word_1_300' title='bbox 1847 1028 1915 1060; x_wconf 76' lang='grc' dir='ltr'>Θεὸς</span> 
     </span>
    </p>
   </div>
   <div class='ocr_carea' id='block_1_50' title="bbox 1114 1075 1915 1114">
    <p class='ocr_par' dir='ltr' id='par_1_50' title="bbox 1114 1075 1915 1114">
     <span class='ocr_line' id='line_1_50' title="bbox 1114 1075 1915 1114; baseline -0.004 -11"><span class='ocrx_word' id='word_1_301' title='bbox 1114 1077 1324 1112; x_wconf 74' lang='grc' dir='ltr'>παρεσκεύασεν</span> <span class='ocrx_word' id='word_1_302' title='bbox 1340 1075 1420 1110; x_wconf 79' lang='grc' dir='ltr'>αὖθις</span> <span class='ocrx_word' id='word_1_303' title='bbox 1441 1079 1475 1113; x_wconf 81' lang='grc' dir='ltr'>τῇ</span> <span class='ocrx_word' id='word_1_304' title='bbox 1499 1077 1628 1113; x_wconf 83' lang='grc' dir='ltr'>βασιλικῇ</span> <span class='ocrx_word' id='word_1_305' title='bbox 1643 1077 1692 1114; x_wconf 85' lang='grc' dir='ltr'>τὴν</span> <span class='ocrx_word' id='word_1_306' title='bbox 1707 1075 1853 1111; x_wconf 80' lang='grc' dir='ltr'>ἱερατικὴν</span> <span class='ocrx_word' id='word_1_307' title='bbox 1870 1083 1915 1110; x_wconf 88' lang='grc' dir='ltr'>μι-</span> 
     </span>
    </p>
   </div>
   <div class='ocr_carea' id='block_1_51' title="bbox 1113 1121 1913 1159">
    <p class='ocr_par' dir='ltr' id='par_1_51' title="bbox 1113 1121 1913 1159">
     <span class='ocr_line' id='line_1_51' title="bbox 1113 1121 1913 1159; baseline -0.001 -10"><span class='ocrx_word' id='word_1_308' title='bbox 1113 1123 1198 1157; x_wconf 86' lang='grc' dir='ltr'>γῆναι</span> <span class='ocrx_word' id='word_1_309' title='bbox 1215 1123 1301 1159; x_wconf 83' lang='grc' dir='ltr'>φυλὴν</span> <span class='ocrx_word' id='word_1_310' title='bbox 1311 1145 1319 1157; x_wconf 87' lang='lat'><strong>,</strong></span> <span class='ocrx_word' id='word_1_311' title='bbox 1335 1123 1384 1151; x_wconf 78' lang='grc' dir='ltr'>καὶ</span> <span class='ocrx_word' id='word_1_312' title='bbox 1402 1124 1448 1151; x_wconf 71' lang='grc' dir='ltr'>τὸν</span> <span class='ocrx_word' id='word_1_313' title='bbox 1460 1124 1555 1151; x_wconf 75' lang='grc' dir='ltr'>ἰωδαὲ</span> <span class='ocrx_word' id='word_1_314' title='bbox 1566 1145 1573 1157; x_wconf 92' lang='grc'><strong>,</strong></span> <span class='ocrx_word' id='word_1_315' title='bbox 1589 1123 1636 1150; x_wconf 80' lang='grc' dir='ltr'><strong>τὸν</strong></span> <span class='ocrx_word' id='word_1_316' title='bbox 1653 1123 1812 1158; x_wconf 78' lang='grc' dir='ltr'>σοφώτατον</span> <span class='ocrx_word' id='word_1_317' title='bbox 1827 1121 1913 1156; x_wconf 82' lang='grc' dir='ltr'>ιερέα,</span> 
     </span>
    </p>
   </div>
   <div class='ocr_carea' id='block_1_52' title="bbox 1113 1168 1914 1206">
    <p class='ocr_par' dir='ltr' id='par_1_52' title="bbox 1113 1168 1914 1206">
     <span class='ocr_line' id='line_1_52' title="bbox 1113 1168 1914 1206; baseline -0.004 -10"><span class='ocrx_word' id='word_1_318' title='bbox 1113 1169 1202 1204; x_wconf 84' lang='grc' dir='ltr'>γῆμαι</span> <span class='ocrx_word' id='word_1_319' title='bbox 1222 1169 1272 1206; x_wconf 84' lang='grc' dir='ltr'>τὴν</span> <span class='ocrx_word' id='word_1_320' title='bbox 1286 1170 1428 1197; x_wconf 75' lang='grc' dir='ltr'>Ἱωσαὸεαὶ</span> <span class='ocrx_word' id='word_1_321' title='bbox 1450 1170 1498 1197; x_wconf 84' lang='grc' dir='ltr'>τοῦ</span> <span class='ocrx_word' id='word_1_322' title='bbox 1512 1169 1617 1206; x_wconf 79' lang='grc' dir='ltr'>Ἰωρὰμ</span> <span class='ocrx_word' id='word_1_323' title='bbox 1632 1169 1782 1205; x_wconf 84' lang='grc' dir='ltr'>θυγατέρα,</span> <span class='ocrx_word' id='word_1_324' title='bbox 1800 1168 1847 1196; x_wconf 86' lang='grc' dir='ltr'>ἶνα</span> <span class='ocrx_word' id='word_1_325' title='bbox 1861 1176 1914 1202; x_wconf 83' lang='grc' dir='ltr'>φυ-</span> 
     </span>
    </p>
   </div>
   <div class='ocr_carea' id='block_1_53' title="bbox 1112 1214 1914 1251">
    <p class='ocr_par' dir='ltr' id='par_1_53' title="bbox 1112 1214 1914 1251">
     <span class='ocr_line' id='line_1_53' title="bbox 1112 1214 1914 1251; baseline -0.002 -9"><span class='ocrx_word' id='word_1_326' title='bbox 1112 1214 1200 1251; x_wconf 84' lang='grc' dir='ltr'>λαχθῇ</span> <span class='ocrx_word' id='word_1_327' title='bbox 1216 1215 1264 1242; x_wconf 78' lang='grc' dir='ltr'>τοῦ</span> <span class='ocrx_word' id='word_1_328' title='bbox 1279 1215 1422 1250; x_wconf 81' lang='grc' dir='ltr'>βασιλικοῦ</span> <span class='ocrx_word' id='word_1_329' title='bbox 1443 1216 1540 1250; x_wconf 80' lang='grc' dir='ltr'>γένους</span> <span class='ocrx_word' id='word_1_330' title='bbox 1553 1215 1568 1242; x_wconf 78' lang='grc' dir='ltr'>ὁ</span> <span class='ocrx_word' id='word_1_331' title='bbox 1582 1214 1836 1251; x_wconf 79' lang='grc' dir='ltr'>σπινθήρ.¹Εκλεψε</span> <span class='ocrx_word' id='word_1_332' title='bbox 1858 1214 1914 1249; x_wconf 73' lang='grc' dir='ltr'><strong>γὰρ</strong></span> 
     </span>
    </p>
   </div>
   <div class='ocr_carea' id='block_1_54' title="bbox 1113 1260 1912 1298">
    <p class='ocr_par' dir='ltr' id='par_1_54' title="bbox 1113 1260 1912 1298">
     <span class='ocr_line' id='line_1_54' title="bbox 1113 1260 1912 1298; baseline -0.004 -9"><span class='ocrx_word' id='word_1_333' title='bbox 1113 1261 1183 1296; x_wconf 72' lang='grc' dir='ltr'>αὕτη</span> <span class='ocrx_word' id='word_1_334' title='bbox 1197 1262 1242 1289; x_wconf 77' lang='grc' dir='ltr'><strong>τὸν</strong></span> <span class='ocrx_word' id='word_1_335' title='bbox 1257 1262 1416 1298; x_wconf 77' lang='grc' dir='ltr'>ἀδελφιδοῦν</span> <span class='ocrx_word' id='word_1_336' title='bbox 1425 1262 1516 1294; x_wconf 77' lang='grc' dir='ltr'>Ἰωάς,</span> <span class='ocrx_word' id='word_1_337' title='bbox 1531 1262 1560 1289; x_wconf 76' lang='grc' dir='ltr'>ὃν</span> <span class='ocrx_word' id='word_1_338' title='bbox 1574 1262 1588 1288; x_wconf 76' lang='grc' dir='ltr'><strong>ὁ</strong></span> <span class='ocrx_word' id='word_1_339' title='bbox 1605 1261 1688 1296; x_wconf 80' lang='grc' dir='ltr'>σοφὸς</span> <span class='ocrx_word' id='word_1_340' title='bbox 1706 1262 1797 1297; x_wconf 75' lang='grc' dir='ltr'>ἱερεὺς</span> <span class='ocrx_word' id='word_1_341' title='bbox 1808 1262 1843 1296; x_wconf 81' lang='grc' dir='ltr'>τῇ</span> <span class='ocrx_word' id='word_1_342' title='bbox 1862 1260 1912 1296; x_wconf 52' lang='lat' dir='ltr'><strong>pa.</strong></span> 
     </span>
    </p>
   </div>
   <div class='ocr_carea' id='block_1_55' title="bbox 1113 1308 1616 1344">
    <p class='ocr_par' dir='ltr' id='par_1_55' title="bbox 1113 1308 1616 1344">
     <span class='ocr_line' id='line_1_55' title="bbox 1113 1308 1616 1344; baseline 0.002 -9"><span class='ocrx_word' id='word_1_343' title='bbox 1113 1308 1204 1344; x_wconf 79' lang='grc' dir='ltr'>σιλείᾳ</span> <span class='ocrx_word' id='word_1_344' title='bbox 1217 1308 1278 1343; x_wconf 79' lang='grc' dir='ltr'>μεθ’</span> <span class='ocrx_word' id='word_1_345' title='bbox 1292 1308 1372 1335; x_wconf 79' lang='grc' dir='ltr'>ἒκτον</span> <span class='ocrx_word' id='word_1_346' title='bbox 1389 1308 1450 1340; x_wconf 73' lang='grc' dir='ltr'>ἔτος</span> <span class='ocrx_word' id='word_1_347' title='bbox 1463 1308 1616 1336; x_wconf 77' lang='grc' dir='ltr'><strong>ἀπέδωκεν.</strong></span> 
     </span>
    </p>
   </div>
   <div class='ocr_carea' id='block_1_56' title="bbox 1150 1393 1912 1431">
    <p class='ocr_par' dir='ltr' id='par_1_56' title="bbox 1150 1393 1912 1431">
     <span class='ocr_line' id='line_1_56' title="bbox 1150 1393 1912 1431; baseline -0.004 -7"><span class='ocrx_word' id='word_1_348' title='bbox 1150 1397 1208 1424; x_wconf 85' lang='grc' dir='ltr'><strong>Τὸν</strong></span> <span class='ocrx_word' id='word_1_349' title='bbox 1220 1395 1320 1431; x_wconf 73' lang='grc' dir='ltr'>Χορῤὶ,</span> <span class='ocrx_word' id='word_1_350' title='bbox 1339 1395 1390 1423; x_wconf 71' lang='grc' dir='ltr'>καὶ</span> <span class='ocrx_word' id='word_1_351' title='bbox 1402 1395 1457 1423; x_wconf 78' lang='grc' dir='ltr'><strong>τὸν</strong></span> <span class='ocrx_word' id='word_1_352' title='bbox 1477 1395 1596 1431; x_wconf 85' lang='grc' dir='ltr'>Ῥασίμ.</span> <span class='ocrx_word' id='word_1_353' title='bbox 1618 1395 1690 1428; x_wconf 80' lang='grc' dir='ltr'>Τοὺς</span> <span class='ocrx_word' id='word_1_354' title='bbox 1714 1395 1837 1431; x_wconf 83' lang='grc' dir='ltr'>δρομεῖς.</span> <span class='ocrx_word' id='word_1_355' title='bbox 1862 1393 1912 1421; x_wconf 73' lang='grc' dir='ltr'>καὶ</span> 
     </span>
    </p>
   </div>
   <div class='ocr_carea' id='block_1_57' title="bbox 1111 1438 1911 1477">
    <p class='ocr_par' dir='ltr' id='par_1_57' title="bbox 1111 1438 1911 1477">
     <span class='ocr_line' id='line_1_57' title="bbox 1111 1438 1911 1477; baseline -0.005 -9"><span class='ocrx_word' id='word_1_356' title='bbox 1111 1441 1174 1474; x_wconf 77' lang='grc' dir='ltr'>τοὺς</span> <span class='ocrx_word' id='word_1_357' title='bbox 1193 1441 1372 1477; x_wconf 81' lang='grc' dir='ltr'>δορυφόρους,</span> <span class='ocrx_word' id='word_1_358' title='bbox 1385 1440 1465 1472; x_wconf 78' lang='grc' dir='ltr'>Τινὲς</span> <span class='ocrx_word' id='word_1_359' title='bbox 1479 1440 1519 1474; x_wconf 83' lang='grc' dir='ltr'>δὲ,</span> <span class='ocrx_word' id='word_1_360' title='bbox 1536 1440 1753 1476; x_wconf 80' lang='grc' dir='ltr'>ἀσπιδηφόρους,</span> <span class='ocrx_word' id='word_1_361' title='bbox 1770 1439 1818 1466; x_wconf 77' lang='grc' dir='ltr'>καὶ</span> <span class='ocrx_word' id='word_1_362' title='bbox 1831 1438 1911 1474; x_wconf 83' lang='grc' dir='ltr'>δορυ.</span> 
     </span>
    </p>
   </div>
   <div class='ocr_carea' id='block_1_58' title="bbox 1111 1484 1910 1524">
    <p class='ocr_par' dir='ltr' id='par_1_58' title="bbox 1111 1484 1910 1524">
     <span class='ocr_line' id='line_1_58' title="bbox 1111 1484 1910 1524; baseline -0.005 -10"><span class='ocrx_word' id='word_1_363' title='bbox 1111 1487 1223 1524; x_wconf 86' lang='grc' dir='ltr'>φόρους.</span> <span class='ocrx_word' id='word_1_364' title='bbox 1243 1487 1471 1523; x_wconf 82' lang='grc' dir='ltr'>Παρατρέχοντας</span> <span class='ocrx_word' id='word_1_365' title='bbox 1492 1486 1520 1513; x_wconf 83' lang='grc' dir='ltr'>δὲ</span> <span class='ocrx_word' id='word_1_366' title='bbox 1542 1486 1630 1520; x_wconf 81' lang='grc' dir='ltr'>λέγει,</span> <span class='ocrx_word' id='word_1_367' title='bbox 1652 1485 1717 1517; x_wconf 77' lang='grc' dir='ltr'>τοὺς</span> <span class='ocrx_word' id='word_1_368' title='bbox 1743 1484 1910 1520; x_wconf 77' lang='grc' dir='ltr'>ἡγουμένους</span> 
     </span>
    </p>
   </div>
   <div class='ocr_carea' id='block_1_59' title="bbox 1110 1530 1911 1570">
    <p class='ocr_par' dir='ltr' id='par_1_59' title="bbox 1110 1530 1911 1570">
     <span class='ocr_line' id='line_1_59' title="bbox 1110 1530 1911 1570; baseline -0.005 -9"><span class='ocrx_word' id='word_1_369' title='bbox 1110 1534 1158 1561; x_wconf 79' lang='grc' dir='ltr'>τοῦ</span> <span class='ocrx_word' id='word_1_370' title='bbox 1175 1533 1321 1570; x_wconf 81' lang='grc' dir='ltr'>βασιλέως,</span> <span class='ocrx_word' id='word_1_371' title='bbox 1337 1533 1451 1565; x_wconf 83' lang='grc' dir='ltr'>τούτους</span> <span class='ocrx_word' id='word_1_372' title='bbox 1467 1533 1550 1569; x_wconf 82' lang='grc' dir='ltr'>τριχῆ</span> <span class='ocrx_word' id='word_1_373' title='bbox 1560 1531 1666 1560; x_wconf 86' lang='grc' dir='ltr'>διελών.</span> <span class='ocrx_word' id='word_1_374' title='bbox 1678 1532 1750 1563; x_wconf 77' lang='grc' dir='ltr'>Τοὺς</span> <span class='ocrx_word' id='word_1_375' title='bbox 1775 1531 1835 1567; x_wconf 80' lang='grc' dir='ltr'>μὲν,</span> <span class='ocrx_word' id='word_1_376' title='bbox 1848 1530 1911 1557; x_wconf 72' lang='grc' dir='ltr'>ἐκέ-</span> 
     </span>
    </p>
   </div>
   <div class='ocr_carea' id='block_1_60' title="bbox 264 1576 1062 1626">
    <p class='ocr_par' dir='ltr' id='par_1_60' title="bbox 264 1578 1059 1617">
     <span class='ocr_line' id='line_1_60' title="bbox 264 1578 1059 1617; baseline -0.003 -9"><span class='ocrx_word' id='word_1_377' title='bbox 264 1581 366 1617; x_wconf 86' lang='lat' dir='ltr'><strong>regiam</strong></span> <span class='ocrx_word' id='word_1_378' title='bbox 382 1580 525 1609; x_wconf 90' lang='lat' dir='ltr'><strong>custodire</strong></span> <span class='ocrx_word' id='word_1_379' title='bbox 545 1579 647 1615; x_wconf 85' lang='lat' dir='ltr'><strong>jussit;</strong></span> <span class='ocrx_word' id='word_1_380' title='bbox 670 1579 741 1608; x_wconf 86' lang='lat' dir='ltr'><strong>alios</strong></span> <span class='ocrx_word' id='word_1_381' title='bbox 756 1578 853 1614; x_wconf 88' lang='lat' dir='ltr'><strong>templi</strong></span> <span class='ocrx_word' id='word_1_382' title='bbox 867 1578 1036 1607; x_wconf 82' lang='lat' dir='ltr'><strong>vestibulum</strong></span> <span class='ocrx_word' id='word_1_383' title='bbox 1050 1587 1059 1612; x_wconf 89' lang='lat'><strong>;</strong></span> 
     </span>
    </p>
   </div>
   <div class='ocr_carea' id='block_1_61' title="bbox 1112 1576 1908 1626">
    <p class='ocr_par' dir='ltr' id='par_1_61' title="bbox 1114 1576 1908 1616">
     <span class='ocr_line' id='line_1_61' title="bbox 1114 1576 1908 1616; baseline -0.005 -8"><span class='ocrx_word' id='word_1_384' title='bbox 1114 1581 1194 1608; x_wconf 83' lang='grc' dir='ltr'>λευσε</span> <span class='ocrx_word' id='word_1_385' title='bbox 1220 1580 1366 1616; x_wconf 81' lang='grc' dir='ltr'>φυλάττειν</span> <span class='ocrx_word' id='word_1_386' title='bbox 1389 1579 1438 1607; x_wconf 83' lang='grc' dir='ltr'>τοῦ</span> <span class='ocrx_word' id='word_1_387' title='bbox 1454 1579 1589 1615; x_wconf 85' lang='grc' dir='ltr'>βασιλέως</span> <span class='ocrx_word' id='word_1_388' title='bbox 1613 1579 1660 1606; x_wconf 76' lang='grc' dir='ltr'><strong>τὸν</strong></span> <span class='ocrx_word' id='word_1_389' title='bbox 1683 1576 1775 1605; x_wconf 80' lang='grc' dir='ltr'>οἷκον·</span> <span class='ocrx_word' id='word_1_390' title='bbox 1790 1578 1854 1609; x_wconf 80' lang='grc' dir='ltr'>τοὺς</span> <span class='ocrx_word' id='word_1_391' title='bbox 1868 1577 1908 1611; x_wconf 79' lang='grc' dir='ltr'>δὲ,</span> 
     </span>
    </p>
   </div>
   <div class='ocr_carea' id='block_1_62' title="bbox 264 1626 607 1662">
    <p class='ocr_par' dir='ltr' id='par_1_62' title="bbox 264 1626 607 1662">
     <span class='ocr_line' id='line_1_62' title="bbox 264 1626 607 1662; baseline -0.003 -8"><span class='ocrx_word' id='word_1_392' title='bbox 264 1626 334 1654; x_wconf 85' lang='lat' dir='ltr'><strong>alios</strong></span> <span class='ocrx_word' id='word_1_393' title='bbox 348 1631 456 1662; x_wconf 87' lang='lat' dir='ltr'><strong>portam</strong></span> <span class='ocrx_word' id='word_1_394' title='bbox 478 1626 607 1653; x_wconf 89' lang='lat' dir='ltr'><strong>alteram.</strong></span> 
     </span>
    </p>
   </div>
   <div class='ocr_carea' id='block_1_63' title="bbox 301 1669 1060 1707">
    <p class='ocr_par' dir='ltr' id='par_1_63' title="bbox 301 1669 1060 1707">
     <span class='ocr_line' id='line_1_63' title="bbox 301 1669 1060 1707; baseline -0.005 -7"><span class='ocrx_word' id='word_1_395' title='bbox 301 1672 415 1700; x_wconf 76' lang='lat' dir='ltr'><strong>Meuae.</strong></span> <span class='ocrx_word' id='word_1_396' title='bbox 442 1671 500 1700; x_wconf 87' lang='lat' dir='ltr'><strong>Hoc</strong></span> <span class='ocrx_word' id='word_1_397' title='bbox 517 1671 682 1700; x_wconf 88' lang='lat' dir='ltr'><strong>vocabulum</strong></span> <span class='ocrx_word' id='word_1_398' title='bbox 707 1671 807 1707; x_wconf 88' lang='lat' dir='ltr'><strong>reliqui</strong></span> <span class='ocrx_word' id='word_1_399' title='bbox 827 1671 883 1698; x_wconf 77' lang='grc' dir='ltr'><strong>ἀπὸ</strong></span> <span class='ocrx_word' id='word_1_400' title='bbox 897 1669 1060 1705; x_wconf 64' lang='grc' dir='ltr'>διαφθορᾶς,</span> 
     </span>
    </p>
   </div>
   <div class='ocr_carea' id='block_1_64' title="bbox 264 1716 1060 1753">
    <p class='ocr_par' dir='ltr' id='par_1_64' title="bbox 264 1716 1060 1753">
     <span class='ocr_line' id='line_1_64' title="bbox 264 1716 1060 1753; baseline -0.004 -8"><span class='ocrx_word' id='word_1_401' title='bbox 264 1717 292 1746; x_wconf 90' lang='lat' dir='ltr'><strong>id</strong></span> <span class='ocrx_word' id='word_1_402' title='bbox 314 1721 368 1750; x_wconf 88' lang='lat' dir='ltr'><strong>est,</strong></span> <span class='ocrx_word' id='word_1_403' title='bbox 387 1717 421 1745; x_wconf 91' lang='lat' dir='ltr'><strong>ab</strong></span> <span class='ocrx_word' id='word_1_404' title='bbox 437 1717 548 1746; x_wconf 84' lang='lat' dir='ltr'><strong>interitu</strong></span> <span class='ocrx_word' id='word_1_405' title='bbox 570 1721 771 1753; x_wconf 79' lang='lat' dir='ltr'><strong>exposuerunt.</strong></span> <span class='ocrx_word' id='word_1_406' title='bbox 799 1716 942 1752; x_wconf 83' lang='lat' dir='ltr'><strong>Significat</strong></span> <span class='ocrx_word' id='word_1_407' title='bbox 957 1720 1060 1748; x_wconf 80' lang='lat' dir='ltr'><strong>autem.</strong></span> 
     </span>
    </p>
   </div>
   <div class='ocr_carea' id='block_1_65' title="bbox 264 1761 1060 1791">
    <p class='ocr_par' dir='ltr' id='par_1_65' title="bbox 264 1761 1060 1791">
     <span class='ocr_line' id='line_1_65' title="bbox 264 1761 1060 1791; baseline -0.003 -1"><span class='ocrx_word' id='word_1_408' title='bbox 264 1763 370 1791; x_wconf 90' lang='lat' dir='ltr'><strong>nullum</strong></span> <span class='ocrx_word' id='word_1_409' title='bbox 385 1764 517 1790; x_wconf 86' lang='lat' dir='ltr'><strong>damnum</strong></span> <span class='ocrx_word' id='word_1_410' title='bbox 534 1763 630 1791; x_wconf 89' lang='lat' dir='ltr'><strong>domui</strong></span> <span class='ocrx_word' id='word_1_411' title='bbox 645 1762 694 1791; x_wconf 89' lang='lat' dir='ltr'><strong>Dei</strong></span> <span class='ocrx_word' id='word_1_412' title='bbox 714 1763 820 1790; x_wconf 87' lang='lat' dir='ltr'><strong>illatum</strong></span> <span class='ocrx_word' id='word_1_413' title='bbox 833 1770 905 1790; x_wconf 86' lang='lat' dir='ltr'><strong>esse.</strong></span> <span class='ocrx_word' id='word_1_414' title='bbox 923 1761 982 1789; x_wconf 87' lang='lat' dir='ltr'><strong>Hoc</strong></span> <span class='ocrx_word' id='word_1_415' title='bbox 993 1768 1060 1788; x_wconf 93' lang='lat' dir='ltr'><strong>vero</strong></span> 
     </span>
    </p>
   </div>
   <div class='ocr_carea' id='block_1_66' title="bbox 264 1807 1060 1845">
    <p class='ocr_par' dir='ltr' id='par_1_66' title="bbox 264 1807 1060 1845">
     <span class='ocr_line' id='line_1_66' title="bbox 264 1807 1060 1845; baseline -0.003 -9"><span class='ocrx_word' id='word_1_416' title='bbox 264 1810 326 1837; x_wconf 69' lang='lat' dir='ltr'><strong>dua:</strong></span> <span class='ocrx_word' id='word_1_417' title='bbox 359 1816 458 1837; x_wconf 90' lang='lat' dir='ltr'><strong>manus</strong></span> <span class='ocrx_word' id='word_1_418' title='bbox 489 1809 622 1843; x_wconf 82' lang='lat' dir='ltr'><strong>invobis.</strong></span> <span class='ocrx_word' id='word_1_419' title='bbox 649 1817 700 1844; x_wconf 88' lang='lat' dir='ltr'><strong>pro</strong></span> <span class='ocrx_word' id='word_1_420' title='bbox 717 1816 749 1837; x_wconf 92' lang='lat' dir='ltr'><strong>eo</strong></span> <span class='ocrx_word' id='word_1_421' title='bbox 766 1809 840 1845; x_wconf 90' lang='lat' dir='ltr'><strong>quod</strong></span> <span class='ocrx_word' id='word_1_422' title='bbox 874 1813 927 1841; x_wconf 85' lang='lat' dir='ltr'><strong>est,</strong></span> <span class='ocrx_word' id='word_1_423' title='bbox 957 1807 1060 1843; x_wconf 81' lang='lat' dir='ltr'><strong>integri</strong></span> 
     </span>
    </p>
   </div>
   <div class='ocr_carea' id='block_1_67' title="bbox 264 1854 1060 1889">
    <p class='ocr_par' dir='ltr' id='par_1_67' title="bbox 264 1854 1060 1889">
     <span class='ocr_line' id='line_1_67' title="bbox 264 1854 1060 1889; baseline -0.005 -5"><span class='ocrx_word' id='word_1_424' title='bbox 264 1856 343 1889; x_wconf 85' lang='lat' dir='ltr'><strong>estis,</strong></span> <span class='ocrx_word' id='word_1_425' title='bbox 356 1860 383 1884; x_wconf 90' lang='lat' dir='ltr'><strong>et</strong></span> <span class='ocrx_word' id='word_1_426' title='bbox 401 1855 474 1889; x_wconf 84' lang='lat' dir='ltr'><strong>sani,</strong></span> <span class='ocrx_word' id='word_1_427' title='bbox 492 1859 520 1884; x_wconf 85' lang='lat' dir='ltr'><strong>et</strong></span> <span class='ocrx_word' id='word_1_428' title='bbox 547 1855 638 1884; x_wconf 88' lang='lat' dir='ltr'><strong>idonei</strong></span> <span class='ocrx_word' id='word_1_429' title='bbox 663 1855 698 1883; x_wconf 87' lang='lat' dir='ltr'><strong>ad</strong></span> <span class='ocrx_word' id='word_1_430' title='bbox 723 1855 934 1884; x_wconf 83' lang='lat' dir='ltr'><strong>custodiendam</strong></span> <span class='ocrx_word' id='word_1_431' title='bbox 947 1854 1060 1882; x_wconf 88' lang='lat' dir='ltr'><strong>domum</strong></span> 
     </span>
    </p>
   </div>
   <div class='ocr_carea' id='block_1_68' title="bbox 265 1901 602 1937">
    <p class='ocr_par' dir='ltr' id='par_1_68' title="bbox 265 1901 602 1937">
     <span class='ocr_line' id='line_1_68' title="bbox 265 1901 602 1937; baseline 0 -8"><span class='ocrx_word' id='word_1_432' title='bbox 265 1901 326 1935; x_wconf 86' lang='lat' dir='ltr'><strong>Dei,</strong></span> <span class='ocrx_word' id='word_1_433' title='bbox 341 1905 368 1929; x_wconf 91' lang='lat' dir='ltr'><strong>et</strong></span> <span class='ocrx_word' id='word_1_434' title='bbox 382 1901 495 1929; x_wconf 91' lang='lat' dir='ltr'><strong>domum</strong></span> <span class='ocrx_word' id='word_1_435' title='bbox 517 1901 602 1937; x_wconf 87' lang='lat' dir='ltr'><strong>regis.</strong></span> 
     </span>
    </p>
   </div>
   <div class='ocr_carea' id='block_1_69' title="bbox 301 1945 1061 1982">
    <p class='ocr_par' dir='ltr' id='par_1_69' title="bbox 301 1945 1061 1982">
     <span class='ocr_line' id='line_1_69' title="bbox 301 1945 1061 1982; baseline -0.001 -8"><span class='ocrx_word' id='word_1_436' title='bbox 301 1946 387 1975; x_wconf 87' lang='lat' dir='ltr'><strong>Vens.</strong></span> <span class='ocrx_word' id='word_1_437' title='bbox 403 1947 431 1975; x_wconf 90' lang='lat'><strong>8.</strong></span> <span class='ocrx_word' id='word_1_438' title='bbox 450 1946 608 1982; x_wconf 76' lang='lat' dir='ltr'><strong>Ingrediens</strong></span> <span class='ocrx_word' id='word_1_439' title='bbox 625 1947 654 1974; x_wconf 83' lang='lat' dir='ltr'><strong>in</strong></span> <span class='ocrx_word' id='word_1_440' title='bbox 676 1946 800 1975; x_wconf 78' lang='lat' dir='ltr'><strong>Sideroth</strong></span> <span class='ocrx_word' id='word_1_441' title='bbox 818 1946 956 1974; x_wconf 83' lang='lat' dir='ltr'><strong>morielur.</strong></span> <span class='ocrx_word' id='word_1_442' title='bbox 979 1945 1061 1982; x_wconf 62' lang='lat' dir='ltr'><strong>5M</strong></span> 
     </span>
    </p>
   </div>
   <div class='ocr_carea' id='block_1_70' title="bbox 263 1991 1058 2029">
    <p class='ocr_par' dir='ltr' id='par_1_70' title="bbox 263 1991 1058 2029">
     <span class='ocr_line' id='line_1_70' title="bbox 263 1991 1058 2029; baseline -0.001 -8"><span class='ocrx_word' id='word_1_443' title='bbox 263 1993 294 2021; x_wconf 90' lang='lat' dir='ltr'><strong>ln</strong></span> <span class='ocrx_word' id='word_1_444' title='bbox 319 1993 390 2021; x_wconf 92' lang='lat' dir='ltr'><strong>libro</strong></span> <span class='ocrx_word' id='word_1_445' title='bbox 402 1994 634 2029; x_wconf 84' lang='lat' dir='ltr'><strong>Paralipomenon</strong></span> <span class='ocrx_word' id='word_1_446' title='bbox 650 1994 691 2021; x_wconf 91' lang='lat' dir='ltr'><strong>sic</strong></span> <span class='ocrx_word' id='word_1_447' title='bbox 705 1993 826 2021; x_wconf 86' lang='lat' dir='ltr'><strong>dicitur:</strong></span> <span class='ocrx_word' id='word_1_448' title='bbox 844 1991 1003 2028; x_wconf 85' lang='lat' dir='ltr'><strong>Ingrediens</strong></span> <span class='ocrx_word' id='word_1_449' title='bbox 1029 1994 1058 2020; x_wconf 92' lang='lat' dir='ltr'><strong>in</strong></span> 
     </span>
    </p>
   </div>
   <div class='ocr_carea' id='block_1_71' title="bbox 263 2039 1060 2076">
    <p class='ocr_par' dir='ltr' id='par_1_71' title="bbox 263 2039 1060 2076">
     <span class='ocr_line' id='line_1_71' title="bbox 263 2039 1060 2076; baseline -0.001 -8"><span class='ocrx_word' id='word_1_450' title='bbox 263 2040 376 2069; x_wconf 89' lang='lat' dir='ltr'><strong>domum</strong></span> <span class='ocrx_word' id='word_1_451' title='bbox 404 2041 550 2069; x_wconf 87' lang='lat' dir='ltr'><strong>morietur.</strong></span> <span class='ocrx_word' id='word_1_452' title='bbox 582 2041 717 2069; x_wconf 91' lang='lat' dir='ltr'><strong>Similiter</strong></span> <span class='ocrx_word' id='word_1_453' title='bbox 736 2041 819 2069; x_wconf 87' lang='lat' dir='ltr'><strong>etiam</strong></span> <span class='ocrx_word' id='word_1_454' title='bbox 844 2039 982 2076; x_wconf 69' lang='lat' dir='ltr'><strong>Iosephus</strong></span> <span class='ocrx_word' id='word_1_455' title='bbox 1010 2040 1060 2068; x_wconf 79' lang='lat' dir='ltr'><strong>lia-</strong></span> 
     </span>
    </p>
   </div>
   <div class='ocr_carea' id='block_1_72' title="bbox 262 2087 319 2114">
    <p class='ocr_par' dir='ltr' id='par_1_72' title="bbox 262 2087 319 2114">
     <span class='ocr_line' id='line_1_72' title="bbox 262 2087 319 2114; baseline 0 -1"><span class='ocrx_word' id='word_1_456' title='bbox 262 2087 319 2114; x_wconf 85' lang='lat' dir='ltr'><strong>bet.</strong></span> 
     </span>
    </p>
   </div>
   <div class='ocr_carea' id='block_1_73' title="bbox 299 2131 1058 2169">
    <p class='ocr_par' dir='ltr' id='par_1_73' title="bbox 299 2131 1058 2169">
     <span class='ocr_line' id='line_1_73' title="bbox 299 2131 1058 2169; baseline 0.003 -10"><span class='ocrx_word' id='word_1_457' title='bbox 299 2131 385 2159; x_wconf 84' lang='lat' dir='ltr'><strong>Vens.</strong></span> <span class='ocrx_word' id='word_1_458' title='bbox 411 2132 455 2159; x_wconf 90' lang='grc'><strong>11.</strong></span> <span class='ocrx_word' id='word_1_459' title='bbox 478 2131 516 2159; x_wconf 79' lang='lat' dir='ltr'><strong>Ab</strong></span> <span class='ocrx_word' id='word_1_460' title='bbox 536 2132 647 2160; x_wconf 81' lang='lat' dir='ltr'><strong>humero</strong></span> <span class='ocrx_word' id='word_1_461' title='bbox 665 2132 760 2160; x_wconf 76' lang='lat' dir='ltr'><strong>domus</strong></span> <span class='ocrx_word' id='word_1_462' title='bbox 775 2132 1058 2169; x_wconf 61' lang='lat' dir='ltr'><strong>dextero.Significat,</strong></span> 
     </span>
    </p>
   </div>
   <div class='ocr_carea' id='block_1_74' title="bbox 261 2177 1060 2213">
    <p class='ocr_par' dir='ltr' id='par_1_74' title="bbox 261 2177 1060 2213">
     <span class='ocr_line' id='line_1_74' title="bbox 261 2177 1060 2213; baseline 0.001 -9"><span class='ocrx_word' id='word_1_463' title='bbox 261 2177 336 2212; x_wconf 89' lang='lat' dir='ltr'><strong>quod</strong></span> <span class='ocrx_word' id='word_1_464' title='bbox 365 2177 467 2204; x_wconf 80' lang='lat' dir='ltr'><strong>Levin</strong></span> <span class='ocrx_word' id='word_1_465' title='bbox 494 2177 568 2204; x_wconf 72' lang='lat' dir='ltr'><strong>lunze</strong></span> <span class='ocrx_word' id='word_1_466' title='bbox 599 2177 628 2204; x_wconf 94' lang='lat' dir='ltr'><strong>in</strong></span> <span class='ocrx_word' id='word_1_467' title='bbox 662 2178 782 2213; x_wconf 85' lang='lat' dir='ltr'><strong>speciem</strong></span> <span class='ocrx_word' id='word_1_468' title='bbox 815 2177 929 2212; x_wconf 86' lang='lat' dir='ltr'><strong>figuram</strong></span> <span class='ocrx_word' id='word_1_469' title='bbox 953 2178 1060 2206; x_wconf 86' lang='lat' dir='ltr'><strong>consti-</strong></span> 
     </span>
    </p>
   </div>
   <div class='ocr_carea' id='block_1_75' title="bbox 263 2218 1060 2259">
    <p class='ocr_par' dir='ltr' id='par_1_75' title="bbox 263 2218 1060 2259">
     <span class='ocr_line' id='line_1_75' title="bbox 263 2218 1060 2259; baseline 0.001 -9"><span class='ocrx_word' id='word_1_470' title='bbox 263 2227 382 2257; x_wconf 84' lang='lat' dir='ltr'><strong>tuentes,</strong></span> <span class='ocrx_word' id='word_1_471' title='bbox 402 2230 508 2251; x_wconf 88' lang='lat' dir='ltr'><strong>cornua</strong></span> <span class='ocrx_word' id='word_1_472' title='bbox 536 2223 632 2251; x_wconf 88' lang='lat' dir='ltr'><strong>domui</strong></span> <span class='ocrx_word' id='word_1_473' title='bbox 660 2223 811 2259; x_wconf 83' lang='lat' dir='ltr'><strong>conjuncta</strong></span> <span class='ocrx_word' id='word_1_474' title='bbox 839 2218 1007 2258; x_wconf 85' lang='lat' dir='ltr'><strong>habuerunt,</strong></span> <span class='ocrx_word' id='word_1_475' title='bbox 1031 2228 1060 2252; x_wconf 88' lang='lat' dir='ltr'><strong>et</strong></span> 
     </span>
    </p>
   </div>
   <div class='ocr_carea' id='block_1_76' title="bbox 1114 1624 1907 1662">
    <p class='ocr_par' dir='ltr' id='par_1_76' title="bbox 1114 1624 1907 1662">
     <span class='ocr_line' id='line_1_76' title="bbox 1114 1624 1907 1662; baseline -0.004 -8"><span class='ocrx_word' id='word_1_476' title='bbox 1114 1626 1164 1660; x_wconf 78' lang='grc' dir='ltr'>τὴν</span> <span class='ocrx_word' id='word_1_477' title='bbox 1176 1627 1279 1654; x_wconf 75' lang='grc' dir='ltr'>εἴσοδον</span> <span class='ocrx_word' id='word_1_478' title='bbox 1289 1626 1337 1654; x_wconf 83' lang='grc' dir='ltr'>τοῦ</span> <span class='ocrx_word' id='word_1_479' title='bbox 1351 1625 1404 1653; x_wconf 88' lang='grc' dir='ltr'><strong>νεώ</strong></span> <span class='ocrx_word' id='word_1_480' title='bbox 1417 1634 1425 1642; x_wconf 88' lang='grc'>·</span> <span class='ocrx_word' id='word_1_481' title='bbox 1441 1626 1506 1658; x_wconf 85' lang='grc' dir='ltr'>τοὺς</span> <span class='ocrx_word' id='word_1_482' title='bbox 1519 1626 1557 1658; x_wconf 74' lang='grc' dir='ltr'>δὲ,</span> <span class='ocrx_word' id='word_1_483' title='bbox 1571 1625 1622 1662; x_wconf 82' lang='grc' dir='ltr'>τὴν</span> <span class='ocrx_word' id='word_1_484' title='bbox 1637 1625 1726 1661; x_wconf 83' lang='grc' dir='ltr'>πύλην</span> <span class='ocrx_word' id='word_1_485' title='bbox 1737 1624 1787 1660; x_wconf 83' lang='grc' dir='ltr'>τὴν</span> <span class='ocrx_word' id='word_1_486' title='bbox 1799 1624 1907 1659; x_wconf 78' lang='grc' dir='ltr'>ἑτέραν.</span> 
     </span>
    </p>
   </div>
   <div class='ocr_carea' id='block_1_77' title="bbox 1150 1669 1907 1705">
    <p class='ocr_par' dir='ltr' id='par_1_77' title="bbox 1150 1669 1907 1705">
     <span class='ocr_line' id='line_1_77' title="bbox 1150 1669 1907 1705; baseline -0.004 -6"><span class='ocrx_word' id='word_1_487' title='bbox 1150 1672 1284 1700; x_wconf 80' lang='grc' dir='ltr'>Μεσσαέ.</span> <span class='ocrx_word' id='word_1_488' title='bbox 1298 1671 1336 1699; x_wconf 84' lang='grc' dir='ltr'>Τδ</span> <span class='ocrx_word' id='word_1_489' title='bbox 1352 1672 1494 1699; x_wconf 76' lang='grc' dir='ltr'>«Μεσσαὲι</span> <span class='ocrx_word' id='word_1_490' title='bbox 1508 1671 1534 1698; x_wconf 77' lang='grc' dir='ltr'>οἱ</span> <span class='ocrx_word' id='word_1_491' title='bbox 1545 1671 1645 1704; x_wconf 82' lang='grc' dir='ltr'>λοιποὶ,</span> <span class='ocrx_word' id='word_1_492' title='bbox 1656 1671 1717 1698; x_wconf 84' lang='grc' dir='ltr'><strong>ἀπὸ</strong></span> <span class='ocrx_word' id='word_1_493' title='bbox 1731 1669 1907 1705; x_wconf 74' lang='grc' dir='ltr'>διαφθορᾶς,</span> 
     </span>
    </p>
   </div>
   <div class='ocr_carea' id='block_1_78' title="bbox 1114 1714 1907 1755">
    <p class='ocr_par' dir='ltr' id='par_1_78' title="bbox 1114 1714 1907 1755">
     <span class='ocr_line' id='line_1_78' title="bbox 1114 1714 1907 1755; baseline -0.006 -9"><span class='ocrx_word' id='word_1_494' title='bbox 1114 1719 1298 1755; x_wconf 81' lang='grc' dir='ltr'>έρμήνευσαν.</span> <span class='ocrx_word' id='word_1_495' title='bbox 1312 1718 1394 1754; x_wconf 85' lang='grc' dir='ltr'><strong>Δηλοῖ</strong></span> <span class='ocrx_word' id='word_1_496' title='bbox 1405 1717 1445 1750; x_wconf 83' lang='grc' dir='ltr'>δὲ,</span> <span class='ocrx_word' id='word_1_497' title='bbox 1458 1717 1529 1744; x_wconf 84' lang='grc' dir='ltr'>ὥστε</span> <span class='ocrx_word' id='word_1_498' title='bbox 1542 1717 1681 1753; x_wconf 86' lang='grc' dir='ltr'>μηδεμίαν</span> <span class='ocrx_word' id='word_1_499' title='bbox 1695 1714 1823 1750; x_wconf 82' lang='grc' dir='ltr'>γενέσθαι</span> <span class='ocrx_word' id='word_1_500' title='bbox 1839 1714 1907 1750; x_wconf 70' lang='grc' dir='ltr'><strong>βλά-</strong></span> 
     </span>
    </p>
   </div>
   <div class='ocr_carea' id='block_1_79' title="bbox 1112 1762 1906 1801">
    <p class='ocr_par' dir='ltr' id='par_1_79' title="bbox 1112 1762 1906 1801">
     <span class='ocr_line' id='line_1_79' title="bbox 1112 1762 1906 1801; baseline -0.006 -9"><span class='ocrx_word' id='word_1_501' title='bbox 1112 1766 1164 1801; x_wconf 76' lang='grc' dir='ltr'>ϐην</span> <span class='ocrx_word' id='word_1_502' title='bbox 1180 1766 1209 1792; x_wconf 80' lang='grc' dir='ltr'>ὲν</span> <span class='ocrx_word' id='word_1_503' title='bbox 1222 1764 1260 1801; x_wconf 84' lang='grc' dir='ltr'><strong>τῷ</strong></span> <span class='ocrx_word' id='word_1_504' title='bbox 1274 1764 1342 1800; x_wconf 74' lang='grc' dir='ltr'>οἴκῳ</span> <span class='ocrx_word' id='word_1_505' title='bbox 1351 1764 1390 1799; x_wconf 84' lang='grc' dir='ltr'>τῷ</span> <span class='ocrx_word' id='word_1_506' title='bbox 1406 1764 1482 1800; x_wconf 81' lang='grc' dir='ltr'>θείῳ.</span> <span class='ocrx_word' id='word_1_507' title='bbox 1497 1763 1534 1790; x_wconf 85' lang='grc' dir='ltr'><strong>Τὸ</strong></span> <span class='ocrx_word' id='word_1_508' title='bbox 1548 1763 1589 1798; x_wconf 74' lang='grc' dir='ltr'>δὲ,</span> <span class='ocrx_word' id='word_1_509' title='bbox 1604 1763 1651 1790; x_wconf 86' lang='grc' dir='ltr'><strong>δύο</strong></span> <span class='ocrx_word' id='word_1_510' title='bbox 1677 1764 1769 1798; x_wconf 84' lang='grc' dir='ltr'>χεῖρες</span> <span class='ocrx_word' id='word_1_511' title='bbox 1783 1763 1812 1789; x_wconf 78' lang='grc' dir='ltr'>ὲν</span> <span class='ocrx_word' id='word_1_512' title='bbox 1829 1762 1906 1796; x_wconf 79' lang='grc' dir='ltr'>ὑμῖν,</span> 
     </span>
    </p>
   </div>
   <div class='ocr_carea' id='block_1_80' title="bbox 1112 1808 1905 1848">
    <p class='ocr_par' dir='ltr' id='par_1_80' title="bbox 1112 1808 1905 1848">
     <span class='ocr_line' id='line_1_80' title="bbox 1112 1808 1905 1848; baseline -0.004 -10"><span class='ocrx_word' id='word_1_513' title='bbox 1112 1812 1174 1839; x_wconf 81' lang='grc' dir='ltr'>ἀντὶ</span> <span class='ocrx_word' id='word_1_514' title='bbox 1186 1811 1245 1845; x_wconf 82' lang='grc' dir='ltr'>τοῦ,</span> <span class='ocrx_word' id='word_1_515' title='bbox 1261 1810 1428 1848; x_wconf 58' lang='grc' dir='ltr'>ἄμιοιέστε,</span> <span class='ocrx_word' id='word_1_516' title='bbox 1439 1810 1487 1837; x_wconf 76' lang='grc' dir='ltr'>καὶ</span> <span class='ocrx_word' id='word_1_517' title='bbox 1498 1811 1595 1845; x_wconf 85' lang='grc' dir='ltr'>ὑγιεῖς,</span> <span class='ocrx_word' id='word_1_518' title='bbox 1611 1810 1658 1837; x_wconf 74' lang='grc' dir='ltr'>καὶ</span> <span class='ocrx_word' id='word_1_519' title='bbox 1676 1810 1765 1837; x_wconf 80' lang='grc' dir='ltr'>ῐκανοὶ</span> <span class='ocrx_word' id='word_1_520' title='bbox 1777 1808 1905 1843; x_wconf 71' lang='grc' dir='ltr'>φυλάξαι,</span> 
     </span>
    </p>
   </div>
   <div class='ocr_carea' id='block_1_81' title="bbox 1112 1854 1907 1892">
    <p class='ocr_par' dir='ltr' id='par_1_81' title="bbox 1112 1854 1907 1892">
     <span class='ocr_line' id='line_1_81' title="bbox 1112 1854 1907 1892; baseline -0.006 -5"><span class='ocrx_word' id='word_1_521' title='bbox 1112 1859 1213 1887; x_wconf 73' lang='grc' dir='ltr'>καὶτὸν</span> <span class='ocrx_word' id='word_1_522' title='bbox 1230 1856 1306 1886; x_wconf 77' lang='grc' dir='ltr'>οἷκον</span> <span class='ocrx_word' id='word_1_523' title='bbox 1320 1857 1368 1885; x_wconf 83' lang='grc' dir='ltr'>τοῦ</span> <span class='ocrx_word' id='word_1_524' title='bbox 1380 1857 1461 1892; x_wconf 83' lang='grc' dir='ltr'>Θεοῦ,</span> <span class='ocrx_word' id='word_1_525' title='bbox 1483 1857 1531 1885; x_wconf 80' lang='grc' dir='ltr'>καὶ</span> <span class='ocrx_word' id='word_1_526' title='bbox 1544 1857 1590 1884; x_wconf 76' lang='grc' dir='ltr'>τὸν</span> <span class='ocrx_word' id='word_1_527' title='bbox 1601 1854 1676 1884; x_wconf 89' lang='grc' dir='ltr'>οἷκον</span> <span class='ocrx_word' id='word_1_528' title='bbox 1691 1855 1739 1883; x_wconf 82' lang='grc' dir='ltr'>τοῦ</span> <span class='ocrx_word' id='word_1_529' title='bbox 1761 1855 1907 1891; x_wconf 75' lang='grc' dir='ltr'>βασιλέως.</span> 
     </span>
    </p>
   </div>
   <div class='ocr_carea' id='block_1_82' title="bbox 1155 1941 1907 1981">
    <p class='ocr_par' dir='ltr' id='par_1_82' title="bbox 1155 1941 1907 1981">
     <span class='ocr_line' id='line_1_82' title="bbox 1155 1941 1907 1981; baseline -0.007 -8"><span class='ocrx_word' id='word_1_530' title='bbox 1155 1945 1187 1973; x_wconf 87' lang='lat'><strong>&#39;0</strong></span> <span class='ocrx_word' id='word_1_531' title='bbox 1197 1946 1410 1981; x_wconf 74' lang='grc' dir='ltr'>εἰσερχόμενος</span> <span class='ocrx_word' id='word_1_532' title='bbox 1423 1946 1468 1978; x_wconf 82' lang='grc' dir='ltr'>εὶς</span> <span class='ocrx_word' id='word_1_533' title='bbox 1478 1944 1515 1972; x_wconf 79' lang='grc' dir='ltr'><em>τὰ</em></span> <span class='ocrx_word' id='word_1_534' title='bbox 1529 1943 1673 1978; x_wconf 80' lang='grc' dir='ltr'>Σιδηρὼθ,</span> <span class='ocrx_word' id='word_1_535' title='bbox 1686 1942 1736 1969; x_wconf 76' lang='grc' dir='ltr'>καὶ</span> <span class='ocrx_word' id='word_1_536' title='bbox 1748 1941 1907 1970; x_wconf 73' lang='grc' dir='ltr'>ἀποθανεῖ-</span> 
     </span>
    </p>
   </div>
   <div class='ocr_carea' id='block_1_83' title="bbox 1110 1987 1907 2027">
    <p class='ocr_par' dir='ltr' id='par_1_83' title="bbox 1110 1987 1907 2027">
     <span class='ocr_line' id='line_1_83' title="bbox 1110 1987 1907 2027; baseline -0.008 -8"><span class='ocrx_word' id='word_1_537' title='bbox 1110 2000 1169 2020; x_wconf 75' lang='grc' dir='ltr'>ται.</span> <span class='ocrx_word' id='word_1_538' title='bbox 1193 1991 1288 2024; x_wconf 81' lang='grc' dir='ltr'>Οὕτως</span> <span class='ocrx_word' id='word_1_539' title='bbox 1301 1992 1330 2019; x_wconf 78' lang='grc' dir='ltr'>ἐν</span> <span class='ocrx_word' id='word_1_540' title='bbox 1345 1990 1603 2027; x_wconf 82' lang='grc' dir='ltr'>Παραλειπομέναις</span> <span class='ocrx_word' id='word_1_541' title='bbox 1624 1988 1717 2024; x_wconf 81' lang='grc' dir='ltr'>φησίν·</span> <span class='ocrx_word' id='word_1_542' title='bbox 1735 1988 1805 2015; x_wconf 83' lang='grc' dir='ltr'><strong>(Καὶ</strong></span> <span class='ocrx_word' id='word_1_543' title='bbox 1821 1987 1835 2013; x_wconf 85' lang='grc' dir='ltr'><strong>ό</strong></span> <span class='ocrx_word' id='word_1_544' title='bbox 1849 1988 1907 2013; x_wconf 66' lang='grc' dir='ltr'>εἱσ-</span> 
     </span>
    </p>
   </div>
   <div class='ocr_carea' id='block_1_84' title="bbox 1112 2033 1905 2074">
    <p class='ocr_par' dir='ltr' id='par_1_84' title="bbox 1112 2033 1905 2074">
     <span class='ocr_line' id='line_1_84' title="bbox 1112 2033 1905 2074; baseline -0.008 -9"><span class='ocrx_word' id='word_1_545' title='bbox 1112 2039 1296 2074; x_wconf 82' lang='grc' dir='ltr'>πορευόμενος</span> <span class='ocrx_word' id='word_1_546' title='bbox 1310 2038 1351 2070; x_wconf 84' lang='grc' dir='ltr'>εἰς</span> <span class='ocrx_word' id='word_1_547' title='bbox 1359 2037 1405 2064; x_wconf 77' lang='grc' dir='ltr'>τὸν</span> <span class='ocrx_word' id='word_1_548' title='bbox 1417 2034 1492 2064; x_wconf 86' lang='grc' dir='ltr'>οἷκον</span> <span class='ocrx_word' id='word_1_549' title='bbox 1503 2035 1690 2063; x_wconf 77' lang='grc' dir='ltr'>ἀποθανεῖται.</span> <span class='ocrx_word' id='word_1_550' title='bbox 1698 2043 1708 2061; x_wconf 73' lang='grc' dir='ltr'><strong>ν</strong></span> <span class='ocrx_word' id='word_1_551' title='bbox 1725 2034 1780 2061; x_wconf 71' lang='grc' dir='ltr'>Καὶ.</span> <span class='ocrx_word' id='word_1_552' title='bbox 1788 2033 1905 2068; x_wconf 80' lang='grc' dir='ltr'>Ἰώσηπ-</span> 
     </span>
    </p>
   </div>
   <div class='ocr_carea' id='block_1_85' title="bbox 1111 2086 1294 2122">
    <p class='ocr_par' dir='ltr' id='par_1_85' title="bbox 1111 2086 1294 2122">
     <span class='ocr_line' id='line_1_85' title="bbox 1111 2086 1294 2122; baseline 0.005 -9"><span class='ocrx_word' id='word_1_553' title='bbox 1111 2095 1163 2118; x_wconf 86' lang='grc' dir='ltr'><strong>πος</strong></span> <span class='ocrx_word' id='word_1_554' title='bbox 1181 2086 1294 2122; x_wconf 78' lang='grc' dir='ltr'>ὁμοίως.</span> 
     </span>
    </p>
   </div>
   <div class='ocr_carea' id='block_1_86' title="bbox 1147 2126 1906 2166">
    <p class='ocr_par' dir='ltr' id='par_1_86' title="bbox 1147 2126 1906 2166">
     <span class='ocr_line' id='line_1_86' title="bbox 1147 2126 1906 2166; baseline -0.008 -8"><span class='ocrx_word' id='word_1_555' title='bbox 1147 2131 1216 2159; x_wconf 76' lang='grc' dir='ltr'><strong>Ἀπὸ</strong></span> <span class='ocrx_word' id='word_1_556' title='bbox 1228 2131 1285 2165; x_wconf 79' lang='grc' dir='ltr'><strong>τῆς</strong></span> <span class='ocrx_word' id='word_1_557' title='bbox 1298 2130 1392 2166; x_wconf 81' lang='grc' dir='ltr'>ὡμίας</span> <span class='ocrx_word' id='word_1_558' title='bbox 1405 2130 1460 2158; x_wconf 81' lang='grc' dir='ltr'><strong>τοῦ</strong></span> <span class='ocrx_word' id='word_1_559' title='bbox 1472 2129 1558 2157; x_wconf 82' lang='grc' dir='ltr'>οικου</span> <span class='ocrx_word' id='word_1_560' title='bbox 1569 2128 1626 2163; x_wconf 81' lang='grc' dir='ltr'>τῆς</span> <span class='ocrx_word' id='word_1_561' title='bbox 1641 2127 1755 2161; x_wconf 78' lang='grc' dir='ltr'>δεξιᾶς.</span> <span class='ocrx_word' id='word_1_562' title='bbox 1775 2127 1857 2161; x_wconf 86' lang='grc' dir='ltr'>Δηλοῖ</span> <span class='ocrx_word' id='word_1_563' title='bbox 1867 2126 1906 2158; x_wconf 85' lang='grc' dir='ltr'><strong>ὡς</strong></span> 
     </span>
    </p>
   </div>
   <div class='ocr_carea' id='block_1_87' title="bbox 1113 2173 1905 2214">
    <p class='ocr_par' dir='ltr' id='par_1_87' title="bbox 1113 2173 1905 2214">
     <span class='ocr_line' id='line_1_87' title="bbox 1113 2173 1905 2214; baseline -0.008 -9"><span class='ocrx_word' id='word_1_564' title='bbox 1113 2177 1254 2214; x_wconf 76' lang='grc' dir='ltr'>μηνοειδὲς</span> <span class='ocrx_word' id='word_1_565' title='bbox 1272 2177 1298 2203; x_wconf 85' lang='grc' dir='ltr'>οι</span> <span class='ocrx_word' id='word_1_566' title='bbox 1321 2175 1433 2204; x_wconf 78' lang='grc' dir='ltr'>Λευῖται</span> <span class='ocrx_word' id='word_1_567' title='bbox 1457 2176 1552 2211; x_wconf 83' lang='grc' dir='ltr'>σχῆμα</span> <span class='ocrx_word' id='word_1_568' title='bbox 1572 2175 1738 2210; x_wconf 81' lang='grc' dir='ltr'>ποιήσαντες</span> <span class='ocrx_word' id='word_1_569' title='bbox 1749 2173 1785 2200; x_wconf 81' lang='grc' dir='ltr'><strong>τὰ</strong></span> <span class='ocrx_word' id='word_1_570' title='bbox 1799 2173 1905 2208; x_wconf 80' lang='grc' dir='ltr'>κέρατα</span> 
     </span>
    </p>
   </div>
   <div class='ocr_carea' id='block_1_88' title="bbox 1111 2219 1906 2259">
    <p class='ocr_par' dir='ltr' id='par_1_88' title="bbox 1111 2219 1906 2259">
     <span class='ocr_line' id='line_1_88' title="bbox 1111 2219 1906 2259; baseline -0.006 -9"><span class='ocrx_word' id='word_1_571' title='bbox 1111 2223 1185 2259; x_wconf 76' lang='grc' dir='ltr'>εῐχον</span> <span class='ocrx_word' id='word_1_572' title='bbox 1197 2222 1360 2259; x_wconf 86' lang='grc' dir='ltr'>συνημμένα</span> <span class='ocrx_word' id='word_1_573' title='bbox 1374 2222 1415 2257; x_wconf 86' lang='grc' dir='ltr'>τῷ</span> <span class='ocrx_word' id='word_1_574' title='bbox 1427 2221 1506 2257; x_wconf 84' lang='grc' dir='ltr'>οἴκῳ.</span> <span class='ocrx_word' id='word_1_575' title='bbox 1528 2222 1573 2248; x_wconf 84' lang='grc' dir='ltr'>Ἐν</span> <span class='ocrx_word' id='word_1_576' title='bbox 1591 2221 1665 2257; x_wconf 86' lang='grc' dir='ltr'>μέσῳ</span> <span class='ocrx_word' id='word_1_577' title='bbox 1675 2219 1704 2247; x_wconf 77' lang='grc' dir='ltr'>δὲ</span> <span class='ocrx_word' id='word_1_578' title='bbox 1715 2220 1780 2246; x_wconf 77' lang='grc' dir='ltr'>ὅντα</span> <span class='ocrx_word' id='word_1_579' title='bbox 1795 2219 1841 2246; x_wconf 79' lang='grc' dir='ltr'>τὸν</span> <span class='ocrx_word' id='word_1_580' title='bbox 1856 2219 1906 2254; x_wconf 76' lang='grc' dir='ltr'><strong>βα-</strong></span> 
     </span>
    </p>
   </div>
   <div class='ocr_carea' id='block_1_89' title="bbox 260 2265 1062 2304">
    <p class='ocr_par' dir='ltr' id='par_1_89' title="bbox 260 2269 1059 2304">
     <span class='ocr_line' id='line_1_89' title="bbox 260 2269 1059 2304; baseline 0.001 -7"><span class='ocrx_word' id='word_1_581' title='bbox 260 2277 366 2304; x_wconf 83' lang='lat' dir='ltr'><strong>regem.</strong></span> <span class='ocrx_word' id='word_1_582' title='bbox 381 2269 429 2304; x_wconf 88' lang='lat' dir='ltr'><strong>qui</strong></span> <span class='ocrx_word' id='word_1_583' title='bbox 451 2270 480 2297; x_wconf 90' lang='lat' dir='ltr'><strong>in</strong></span> <span class='ocrx_word' id='word_1_584' title='bbox 496 2269 589 2297; x_wconf 88' lang='lat' dir='ltr'><strong>medio</strong></span> <span class='ocrx_word' id='word_1_585' title='bbox 603 2273 673 2303; x_wconf 88' lang='lat' dir='ltr'><strong>erat,</strong></span> <span class='ocrx_word' id='word_1_586' title='bbox 692 2269 896 2297; x_wconf 85' lang='lat' dir='ltr'><strong>custodiebant.</strong></span> <span class='ocrx_word' id='word_1_587' title='bbox 913 2269 1059 2298; x_wconf 75' lang='lat' dir='ltr'><strong>Exercitus</strong></span> 
     </span>
    </p>
   </div>
   <div class='ocr_carea' id='block_1_90' title="bbox 1112 2265 1905 2304">
    <p class='ocr_par' dir='ltr' id='par_1_90' title="bbox 1112 2265 1905 2304">
     <span class='ocr_line' id='line_1_90' title="bbox 1112 2265 1905 2304; baseline -0.006 -8"><span class='ocrx_word' id='word_1_588' title='bbox 1112 2268 1190 2296; x_wconf 83' lang='grc' dir='ltr'>σιλέα</span> <span class='ocrx_word' id='word_1_589' title='bbox 1203 2268 1366 2304; x_wconf 75' lang='grc' dir='ltr'>ἐφρούρουν.</span> <span class='ocrx_word' id='word_1_590' title='bbox 1387 2267 1417 2295; x_wconf 89' lang='lat'><strong>&#39;0</strong></span> <span class='ocrx_word' id='word_1_591' title='bbox 1435 2267 1464 2295; x_wconf 81' lang='grc' dir='ltr'>δὲ</span> <span class='ocrx_word' id='word_1_592' title='bbox 1483 2266 1599 2302; x_wconf 83' lang='grc' dir='ltr'>στρατὸς</span> <span class='ocrx_word' id='word_1_593' title='bbox 1612 2265 1774 2301; x_wconf 81' lang='grc' dir='ltr'>ὸπλοφορῶν</span> <span class='ocrx_word' id='word_1_594' title='bbox 1799 2265 1853 2298; x_wconf 77' lang='grc' dir='ltr'><strong>ἐξω</strong></span> <span class='ocrx_word' id='word_1_595' title='bbox 1866 2265 1905 2291; x_wconf 75' lang='grc' dir='ltr'><strong>εἱ-</strong></span> 
     </span>
    </p>
   </div>
   <div class='ocr_carea' id='block_1_91' title="bbox 260 2315 1058 2351">
    <p class='ocr_par' dir='ltr' id='par_1_91' title="bbox 260 2315 1058 2351">
     <span class='ocr_line' id='line_1_91' title="bbox 260 2315 1058 2351; baseline 0.003 -8"><span class='ocrx_word' id='word_1_596' title='bbox 260 2323 328 2344; x_wconf 81' lang='lat' dir='ltr'><strong>vero</strong></span> <span class='ocrx_word' id='word_1_597' title='bbox 341 2320 465 2343; x_wconf 86' lang='lat' dir='ltr'><strong>armatus</strong></span> <span class='ocrx_word' id='word_1_598' title='bbox 481 2315 550 2343; x_wconf 85' lang='lat' dir='ltr'><strong>foris</strong></span> <span class='ocrx_word' id='word_1_599' title='bbox 567 2315 670 2348; x_wconf 87' lang='lat' dir='ltr'><strong>stabat,</strong></span> <span class='ocrx_word' id='word_1_600' title='bbox 687 2321 865 2351; x_wconf 87' lang='lat' dir='ltr'><strong>exspectans,</strong></span> <span class='ocrx_word' id='word_1_601' title='bbox 880 2321 907 2344; x_wconf 89' lang='lat' dir='ltr'><strong>et</strong></span> <span class='ocrx_word' id='word_1_602' title='bbox 923 2316 1058 2345; x_wconf 84' lang='lat' dir='ltr'><strong>cohibens</strong></span> 
     </span>
    </p>
   </div>
   <div class='ocr_carea' id='block_1_92' title="bbox 260 2361 708 2397">
    <p class='ocr_par' dir='ltr' id='par_1_92' title="bbox 260 2361 708 2397">
     <span class='ocr_line' id='line_1_92' title="bbox 260 2361 708 2397; baseline 0 -8"><span class='ocrx_word' id='word_1_603' title='bbox 260 2361 335 2394; x_wconf 82' lang='lat' dir='ltr'><strong>illos.</strong></span> <span class='ocrx_word' id='word_1_604' title='bbox 352 2362 398 2397; x_wconf 90' lang='lat' dir='ltr'><strong>qui</strong></span> <span class='ocrx_word' id='word_1_605' title='bbox 420 2361 527 2395; x_wconf 80' lang='lat' dir='ltr'><strong>ingredi</strong></span> <span class='ocrx_word' id='word_1_606' title='bbox 553 2361 708 2389; x_wconf 85' lang='lat' dir='ltr'><strong>tentabant.</strong></span> 
     </span>
    </p>
   </div>
   <div class='ocr_carea' id='block_1_93' title="bbox 296 2406 1058 2442">
    <p class='ocr_par' dir='ltr' id='par_1_93' title="bbox 296 2406 1058 2442">
     <span class='ocr_line' id='line_1_93' title="bbox 296 2406 1058 2442; baseline 0.001 -8"><span class='ocrx_word' id='word_1_607' title='bbox 296 2406 380 2434; x_wconf 85' lang='lat' dir='ltr'><strong>Vens.</strong></span> <span class='ocrx_word' id='word_1_608' title='bbox 398 2407 443 2434; x_wconf 77' lang='grc'><strong>12.</strong></span> <span class='ocrx_word' id='word_1_609' title='bbox 462 2406 556 2434; x_wconf 75' lang='lat' dir='ltr'><strong>Posuit</strong></span> <span class='ocrx_word' id='word_1_610' title='bbox 573 2415 652 2440; x_wconf 73' lang='lat' dir='ltr'><strong>super</strong></span> <span class='ocrx_word' id='word_1_611' title='bbox 672 2415 732 2434; x_wconf 86' lang='lat' dir='ltr'><strong>eum</strong></span> <span class='ocrx_word' id='word_1_612' title='bbox 758 2407 1002 2442; x_wconf 82' lang='lat' dir='ltr'><strong>sanctiﬁcationem</strong></span> <span class='ocrx_word' id='word_1_613' title='bbox 1031 2413 1058 2435; x_wconf 84' lang='lat' dir='ltr'><strong>et</strong></span> 
     </span>
    </p>
   </div>
   <div class='ocr_carea' id='block_1_94' title="bbox 262 2452 1057 2490">
    <p class='ocr_par' dir='ltr' id='par_1_94' title="bbox 262 2452 1057 2490">
     <span class='ocr_line' id='line_1_94' title="bbox 262 2452 1057 2490; baseline 0.001 -10"><span class='ocrx_word' id='word_1_614' title='bbox 262 2453 454 2480; x_wconf 80' lang='lat' dir='ltr'><strong>testimonium.</strong></span> <span class='ocrx_word' id='word_1_615' title='bbox 475 2452 558 2480; x_wconf 84' lang='lat' dir='ltr'><strong>Liber</strong></span> <span class='ocrx_word' id='word_1_616' title='bbox 571 2452 800 2488; x_wconf 87' lang='lat' dir='ltr'><strong>Paralipomenon</strong></span> <span class='ocrx_word' id='word_1_617' title='bbox 816 2453 908 2486; x_wconf 86' lang='lat' dir='ltr'><strong>habet,</strong></span> <span class='ocrx_word' id='word_1_618' title='bbox 924 2453 955 2480; x_wconf 82' lang='grc' dir='ltr'><strong>τὺ</strong></span> <span class='ocrx_word' id='word_1_619' title='bbox 978 2454 1057 2490; x_wconf 80' lang='grc' dir='ltr'>βασί-</span> 
     </span>
    </p>
   </div>
   <div class='ocr_carea' id='block_1_95' title="bbox 260 2499 1058 2536">
    <p class='ocr_par' dir='ltr' id='par_1_95' title="bbox 260 2499 1058 2536">
     <span class='ocr_line' id='line_1_95' title="bbox 260 2499 1058 2536; baseline 0.003 -11"><span class='ocrx_word' id='word_1_620' title='bbox 260 2499 331 2526; x_wconf 89' lang='grc' dir='ltr'>λειον</span> <span class='ocrx_word' id='word_1_621' title='bbox 347 2519 355 2532; x_wconf 88' lang='grc'><strong>,</strong></span> <span class='ocrx_word' id='word_1_622' title='bbox 389 2500 499 2535; x_wconf 88' lang='lat' dir='ltr'><strong>signum</strong></span> <span class='ocrx_word' id='word_1_623' title='bbox 529 2499 619 2533; x_wconf 82' lang='lat' dir='ltr'><strong>regale</strong></span> <span class='ocrx_word' id='word_1_624' title='bbox 647 2504 674 2526; x_wconf 90' lang='lat' dir='ltr'><strong>et</strong></span> <span class='ocrx_word' id='word_1_625' title='bbox 701 2499 896 2527; x_wconf 89' lang='lat' dir='ltr'><strong>testimonium.</strong></span> <span class='ocrx_word' id='word_1_626' title='bbox 918 2499 1058 2536; x_wconf 82' lang='grc' dir='ltr'>’Δγίασμα</span> 
     </span>
    </p>
   </div>
   <div class='ocr_carea' id='block_1_96' title="bbox 259 2543 1056 2579">
    <p class='ocr_par' dir='ltr' id='par_1_96' title="bbox 259 2543 1056 2579">
     <span class='ocr_line' id='line_1_96' title="bbox 259 2543 1056 2579; baseline 0.003 -9"><span class='ocrx_word' id='word_1_627' title='bbox 259 2543 372 2571; x_wconf 79' lang='lat' dir='ltr'><strong>quidem</strong></span> <span class='ocrx_word' id='word_1_628' title='bbox 391 2543 549 2571; x_wconf 89' lang='lat' dir='ltr'><strong>unctionem</strong></span> <span class='ocrx_word' id='word_1_629' title='bbox 573 2543 731 2578; x_wconf 86' lang='lat' dir='ltr'><strong>significat;</strong></span> <span class='ocrx_word' id='word_1_630' title='bbox 753 2543 906 2579; x_wconf 83' lang='grc' dir='ltr'>μαρτύριον</span> <span class='ocrx_word' id='word_1_631' title='bbox 926 2552 992 2572; x_wconf 88' lang='lat' dir='ltr'><strong>vero</strong></span> <span class='ocrx_word' id='word_1_632' title='bbox 1007 2551 1056 2572; x_wconf 87' lang='lat' dir='ltr'><strong>co-</strong></span> 
     </span>
    </p>
   </div>
   <div class='ocr_carea' id='block_1_97' title="bbox 259 2587 1058 2624">
    <p class='ocr_par' dir='ltr' id='par_1_97' title="bbox 259 2587 1058 2624">
     <span class='ocr_line' id='line_1_97' title="bbox 259 2587 1058 2624; baseline 0.003 -10"><span class='ocrx_word' id='word_1_633' title='bbox 259 2594 355 2614; x_wconf 84' lang='lat' dir='ltr'><strong>rouam</strong></span> <span class='ocrx_word' id='word_1_634' title='bbox 371 2587 485 2623; x_wconf 86' lang='lat' dir='ltr'><strong>regiam;</strong></span> <span class='ocrx_word' id='word_1_635' title='bbox 499 2587 649 2623; x_wconf 84' lang='grc' dir='ltr'>σύνδεσμον</span> <span class='ocrx_word' id='word_1_636' title='bbox 659 2591 752 2615; x_wconf 88' lang='lat' dir='ltr'><strong>autem</strong></span> <span class='ocrx_word' id='word_1_637' title='bbox 764 2587 948 2623; x_wconf 83' lang='lat' dir='ltr'><strong>tyrannidem,</strong></span> <span class='ocrx_word' id='word_1_638' title='bbox 961 2596 1058 2624; x_wconf 84' lang='lat' dir='ltr'><strong>quem-</strong></span> 
     </span>
    </p>
   </div>
   <div class='ocr_carea' id='block_1_98' title="bbox 259 2633 1056 2667">
    <p class='ocr_par' dir='ltr' id='par_1_98' title="bbox 259 2633 1056 2667">
     <span class='ocr_line' id='line_1_98' title="bbox 259 2633 1056 2667; baseline 0.001 -7"><span class='ocrx_word' id='word_1_639' title='bbox 259 2633 408 2661; x_wconf 84' lang='lat' dir='ltr'><strong>admodum</strong></span> <span class='ocrx_word' id='word_1_640' title='bbox 431 2637 496 2660; x_wconf 87' lang='lat' dir='ltr'><strong>ante</strong></span> <span class='ocrx_word' id='word_1_641' title='bbox 510 2633 579 2667; x_wconf 84' lang='lat' dir='ltr'><strong>dixi,</strong></span> <span class='ocrx_word' id='word_1_642' title='bbox 604 2633 796 2661; x_wconf 90' lang='lat' dir='ltr'><strong>nominabant.</strong></span> <span class='ocrx_word' id='word_1_643' title='bbox 811 2633 882 2661; x_wconf 89' lang='lat' dir='ltr'><strong>Dicit</strong></span> <span class='ocrx_word' id='word_1_644' title='bbox 898 2639 990 2662; x_wconf 88' lang='lat' dir='ltr'><strong>autem</strong></span> <span class='ocrx_word' id='word_1_645' title='bbox 1007 2642 1056 2662; x_wconf 82' lang='lat' dir='ltr'><strong>ex-</strong></span> 
     </span>
    </p>
   </div>
   <div class='ocr_carea' id='block_1_99' title="bbox 201 2670 1053 2713">
    <p class='ocr_par' dir='ltr' id='par_1_99' title="bbox 201 2670 1053 2713">
     <span class='ocr_line' id='line_1_99' title="bbox 201 2670 1053 2713; baseline 0.005 -10"><span class='ocrx_word' id='word_1_646' title='bbox 201 2670 205 2674; x_wconf 76' lang='grc'><strong>’</strong></span> <span class='ocrx_word' id='word_1_647' title='bbox 258 2682 301 2705; x_wconf 83' lang='lat' dir='ltr'><strong>tra</strong></span> <span class='ocrx_word' id='word_1_648' title='bbox 329 2675 458 2706; x_wconf 81' lang='lat' dir='ltr'><strong>Sideroth</strong></span> <span class='ocrx_word' id='word_1_649' title='bbox 477 2678 610 2706; x_wconf 80' lang='lat' dir='ltr'><strong>Attaliam</strong></span> <span class='ocrx_word' id='word_1_650' title='bbox 631 2677 749 2706; x_wconf 79' lang='lat' dir='ltr'><strong>interﬁci</strong></span> <span class='ocrx_word' id='word_1_651' title='bbox 767 2679 930 2713; x_wconf 85' lang='lat' dir='ltr'><strong>imperasse.</strong></span> <span class='ocrx_word' id='word_1_652' title='bbox 960 2678 991 2707; x_wconf 91' lang='lat' dir='ltr'><strong>ln</strong></span> <span class='ocrx_word' id='word_1_653' title='bbox 1017 2679 1053 2708; x_wconf 91' lang='lat' dir='ltr'><strong>li-</strong></span> 
     </span>
    </p>
   </div>
   <div class='ocr_carea' id='block_1_100' title="bbox 258 2724 977 2760">
    <p class='ocr_par' dir='ltr' id='par_1_100' title="bbox 258 2724 977 2760">
     <span class='ocr_line' id='line_1_100' title="bbox 258 2724 977 2760; baseline 0.001 -8"><span class='ocrx_word' id='word_1_654' title='bbox 258 2724 309 2752; x_wconf 82' lang='lat' dir='ltr'><strong>bro</strong></span> <span class='ocrx_word' id='word_1_655' title='bbox 325 2724 555 2760; x_wconf 70' lang='lat' dir='ltr'><strong>Paralipomenon</strong></span> <span class='ocrx_word' id='word_1_656' title='bbox 577 2733 586 2751; x_wconf 83' lang='grc' dir='ltr'><strong>ι</strong></span> <span class='ocrx_word' id='word_1_657' title='bbox 612 2730 690 2752; x_wconf 91' lang='lat' dir='ltr'><strong>extra</strong></span> <span class='ocrx_word' id='word_1_658' title='bbox 714 2724 826 2752; x_wconf 91' lang='lat' dir='ltr'><strong>domum</strong></span> <span class='ocrx_word' id='word_1_659' title='bbox 853 2734 862 2751; x_wconf 79' lang='grc' dir='ltr'><strong>ι</strong></span> <span class='ocrx_word' id='word_1_660' title='bbox 881 2725 977 2760; x_wconf 92' lang='lat' dir='ltr'><strong>inquit.</strong></span> 
     </span>
    </p>
   </div>
   <div class='ocr_carea' id='block_1_101' title="bbox 294 2768 1049 2807">
    <p class='ocr_par' dir='ltr' id='par_1_101' title="bbox 294 2768 1049 2807">
     <span class='ocr_line' id='line_1_101' title="bbox 294 2768 1049 2807; baseline 0.004 -11"><span class='ocrx_word' id='word_1_661' title='bbox 294 2769 376 2799; x_wconf 75' lang='lat' dir='ltr'><strong>Vens.</strong></span> <span class='ocrx_word' id='word_1_662' title='bbox 413 2771 458 2798; x_wconf 87' lang='grc'><strong>17.</strong></span> <span class='ocrx_word' id='word_1_663' title='bbox 477 2768 576 2797; x_wconf 69' lang='lat' dir='ltr'><strong>Fiedus</strong></span> <span class='ocrx_word' id='word_1_664' title='bbox 607 2769 760 2807; x_wconf 82' lang='grc' dir='ltr'>(διαθήκην)</span> <span class='ocrx_word' id='word_1_665' title='bbox 793 2771 863 2798; x_wconf 77' lang='lat' dir='ltr'><strong>inter</strong></span> <span class='ocrx_word' id='word_1_666' title='bbox 895 2771 1049 2799; x_wconf 84' lang='lat' dir='ltr'><strong>Dominum.</strong></span> 
     </span>
    </p>
   </div>
   <div class='ocr_carea' id='block_1_102' title="bbox 1107 2312 1756 2350">
    <p class='ocr_par' dir='ltr' id='par_1_102' title="bbox 1107 2312 1756 2350">
     <span class='ocr_line' id='line_1_102' title="bbox 1107 2312 1756 2350; baseline -0.005 -9"><span class='ocrx_word' id='word_1_667' title='bbox 1107 2314 1214 2350; x_wconf 81' lang='grc' dir='ltr'>στήκει,</span> <span class='ocrx_word' id='word_1_668' title='bbox 1228 2315 1291 2346; x_wconf 81' lang='grc' dir='ltr'>τοὺς</span> <span class='ocrx_word' id='word_1_669' title='bbox 1303 2314 1416 2341; x_wconf 79' lang='grc' dir='ltr'>είσιέναι</span> <span class='ocrx_word' id='word_1_670' title='bbox 1432 2313 1622 2348; x_wconf 81' lang='grc' dir='ltr'>πειρωμένους</span> <span class='ocrx_word' id='word_1_671' title='bbox 1637 2312 1756 2347; x_wconf 76' lang='grc' dir='ltr'>ἐπέχων.</span> 
     </span>
    </p>
   </div>
   <div class='ocr_carea' id='block_1_103' title="bbox 1141 2400 1904 2438">
    <p class='ocr_par' dir='ltr' id='par_1_103' title="bbox 1141 2400 1904 2438">
     <span class='ocr_line' id='line_1_103' title="bbox 1141 2400 1904 2438; baseline -0.008 -6"><span class='ocrx_word' id='word_1_672' title='bbox 1141 2404 1198 2433; x_wconf 74' lang='grc' dir='ltr'><strong>Καὶ</strong></span> <span class='ocrx_word' id='word_1_673' title='bbox 1213 2405 1327 2432; x_wconf 76' lang='grc' dir='ltr'>ἔδωκεν</span> <span class='ocrx_word' id='word_1_674' title='bbox 1337 2404 1385 2431; x_wconf 79' lang='grc' dir='ltr'><strong>ἐπ’</strong></span> <span class='ocrx_word' id='word_1_675' title='bbox 1402 2404 1497 2431; x_wconf 77' lang='grc' dir='ltr'>αὐτὸν</span> <span class='ocrx_word' id='word_1_676' title='bbox 1511 2404 1546 2430; x_wconf 80' lang='grc' dir='ltr'>τὸ</span> <span class='ocrx_word' id='word_1_677' title='bbox 1559 2405 1702 2438; x_wconf 76' lang='grc' dir='ltr'>ατίασμα,</span> <span class='ocrx_word' id='word_1_678' title='bbox 1719 2400 1770 2428; x_wconf 74' lang='grc' dir='ltr'>καὶ</span> <span class='ocrx_word' id='word_1_679' title='bbox 1786 2400 1818 2427; x_wconf 79' lang='grc' dir='ltr'>τὸ</span> <span class='ocrx_word' id='word_1_680' title='bbox 1827 2407 1904 2434; x_wconf 82' lang='grc' dir='ltr'>μαρ-</span> 
     </span>
    </p>
   </div>
   <div class='ocr_carea' id='block_1_104' title="bbox 1105 2445 1904 2486">
    <p class='ocr_par' dir='ltr' id='par_1_104' title="bbox 1105 2445 1904 2486">
     <span class='ocr_line' id='line_1_104' title="bbox 1105 2445 1904 2486; baseline -0.009 -8"><span class='ocrx_word' id='word_1_681' title='bbox 1105 2451 1219 2485; x_wconf 81' lang='grc' dir='ltr'>τύριον.</span> <span class='ocrx_word' id='word_1_682' title='bbox 1232 2451 1279 2477; x_wconf 81' lang='grc' dir='ltr'>Ἐν</span> <span class='ocrx_word' id='word_1_683' title='bbox 1291 2450 1552 2486; x_wconf 80' lang='grc' dir='ltr'>Παραλειπομέναις</span> <span class='ocrx_word' id='word_1_684' title='bbox 1567 2449 1625 2484; x_wconf 73' lang='grc' dir='ltr'>ἔχει</span> <span class='ocrx_word' id='word_1_685' title='bbox 1637 2448 1669 2475; x_wconf 76' lang='grc' dir='ltr'>τὸ</span> <span class='ocrx_word' id='word_1_686' title='bbox 1689 2447 1836 2482; x_wconf 84' lang='grc' dir='ltr'>βασίλειον,</span> <span class='ocrx_word' id='word_1_687' title='bbox 1855 2445 1904 2472; x_wconf 84' lang='grc' dir='ltr'><strong>καὶ</strong></span> 
     </span>
    </p>
   </div>
   <div class='ocr_carea' id='block_1_105' title="bbox 1105 2493 1901 2533">
    <p class='ocr_par' dir='ltr' id='par_1_105' title="bbox 1105 2493 1901 2533">
     <span class='ocr_line' id='line_1_105' title="bbox 1105 2493 1901 2533; baseline -0.008 -9"><span class='ocrx_word' id='word_1_688' title='bbox 1105 2497 1137 2524; x_wconf 80' lang='grc' dir='ltr'><strong>τὸ</strong></span> <span class='ocrx_word' id='word_1_689' title='bbox 1150 2496 1311 2533; x_wconf 84' lang='grc' dir='ltr'>μαρτύριον.</span> <span class='ocrx_word' id='word_1_690' title='bbox 1323 2496 1405 2531; x_wconf 90' lang='grc' dir='ltr'><strong>Δηλοῖ</strong></span> <span class='ocrx_word' id='word_1_691' title='bbox 1422 2496 1451 2522; x_wconf 79' lang='grc' dir='ltr'>δὲ</span> <span class='ocrx_word' id='word_1_692' title='bbox 1467 2496 1497 2522; x_wconf 70' lang='grc' dir='ltr'><strong>τὸ</strong></span> <span class='ocrx_word' id='word_1_693' title='bbox 1515 2495 1565 2531; x_wconf 81' lang='grc' dir='ltr'>μὲν</span> <span class='ocrx_word' id='word_1_694' title='bbox 1574 2495 1718 2529; x_wconf 75' lang='grc' dir='ltr'>ἁγίασμα,</span> <span class='ocrx_word' id='word_1_695' title='bbox 1737 2493 1769 2520; x_wconf 86' lang='grc' dir='ltr'><strong>τὺ</strong></span> <span class='ocrx_word' id='word_1_696' title='bbox 1781 2493 1901 2528; x_wconf 76' lang='grc' dir='ltr'>χρίσμα“</span> 
     </span>
    </p>
   </div>
   <div class='ocr_carea' id='block_1_106' title="bbox 1108 2539 1904 2579">
    <p class='ocr_par' dir='ltr' id='par_1_106' title="bbox 1108 2539 1904 2579">
     <span class='ocr_line' id='line_1_106' title="bbox 1108 2539 1904 2579; baseline -0.006 -9"><span class='ocrx_word' id='word_1_697' title='bbox 1108 2543 1259 2579; x_wconf 80' lang='grc' dir='ltr'>μαρτύριον</span> <span class='ocrx_word' id='word_1_698' title='bbox 1273 2543 1313 2576; x_wconf 83' lang='grc' dir='ltr'>δὲ,</span> <span class='ocrx_word' id='word_1_699' title='bbox 1329 2542 1376 2569; x_wconf 76' lang='grc' dir='ltr'><strong>τὸν</strong></span> <span class='ocrx_word' id='word_1_700' title='bbox 1394 2541 1534 2577; x_wconf 79' lang='grc' dir='ltr'>βασιλικὸν</span> <span class='ocrx_word' id='word_1_701' title='bbox 1557 2541 1701 2576; x_wconf 83' lang='grc' dir='ltr'>στέφανον.</span> <span class='ocrx_word' id='word_1_702' title='bbox 1725 2539 1904 2573; x_wconf 79' lang='grc' dir='ltr'>Σύνδεσμον</span> 
     </span>
    </p>
   </div>
   <div class='ocr_carea' id='block_1_107' title="bbox 1106 2585 1902 2624">
    <p class='ocr_par' dir='ltr' id='par_1_107' title="bbox 1106 2585 1902 2624">
     <span class='ocr_line' id='line_1_107' title="bbox 1106 2585 1902 2624; baseline -0.008 -8"><span class='ocrx_word' id='word_1_703' title='bbox 1106 2589 1135 2615; x_wconf 78' lang='grc' dir='ltr'>δὲ</span> <span class='ocrx_word' id='word_1_704' title='bbox 1147 2588 1196 2624; x_wconf 86' lang='grc' dir='ltr'>τὴν</span> <span class='ocrx_word' id='word_1_705' title='bbox 1212 2588 1372 2624; x_wconf 81' lang='grc' dir='ltr'>τυραννίδα,</span> <span class='ocrx_word' id='word_1_706' title='bbox 1389 2587 1462 2615; x_wconf 72' lang='grc' dir='ltr'><strong>καθά</strong></span> <span class='ocrx_word' id='word_1_707' title='bbox 1481 2588 1623 2624; x_wconf 80' lang='grc' dir='ltr'>προεῖπον,</span> <span class='ocrx_word' id='word_1_708' title='bbox 1641 2585 1794 2621; x_wconf 78' lang='grc' dir='ltr'>ὠνόμαζον.</span> <span class='ocrx_word' id='word_1_709' title='bbox 1812 2585 1902 2616; x_wconf 66' lang='grc' dir='ltr'><strong>Ἔξωυ</strong></span> 
     </span>
    </p>
   </div>
   <div class='ocr_carea' id='block_1_108' title="bbox 1107 2631 1904 2670">
    <p class='ocr_par' dir='ltr' id='par_1_108' title="bbox 1107 2631 1904 2670">
     <span class='ocr_line' id='line_1_108' title="bbox 1107 2631 1904 2670; baseline -0.008 -8"><span class='ocrx_word' id='word_1_710' title='bbox 1107 2635 1154 2662; x_wconf 86' lang='grc' dir='ltr'><strong>οεν</strong></span> <span class='ocrx_word' id='word_1_711' title='bbox 1168 2635 1207 2667; x_wconf 76' lang='grc' dir='ltr'>δὲ,</span> <span class='ocrx_word' id='word_1_712' title='bbox 1224 2635 1311 2670; x_wconf 73' lang='grc' dir='ltr'>φησὶ,</span> <span class='ocrx_word' id='word_1_713' title='bbox 1330 2634 1386 2661; x_wconf 84' lang='grc' dir='ltr'><strong>τῶν</strong></span> <span class='ocrx_word' id='word_1_714' title='bbox 1409 2633 1532 2670; x_wconf 86' lang='grc' dir='ltr'>Σιδηρὼθ</span> <span class='ocrx_word' id='word_1_715' title='bbox 1557 2632 1736 2668; x_wconf 81' lang='grc' dir='ltr'>ἀναιρεθῆναι</span> <span class='ocrx_word' id='word_1_716' title='bbox 1755 2631 1806 2666; x_wconf 81' lang='grc' dir='ltr'>τὴν</span> <span class='ocrx_word' id='word_1_717' title='bbox 1821 2631 1904 2657; x_wconf 83' lang='grc' dir='ltr'>Γοθο-</span> 
     </span>
    </p>
   </div>
   <div class='ocr_carea' id='block_1_109' title="bbox 1106 2676 1903 2716">
    <p class='ocr_par' dir='ltr' id='par_1_109' title="bbox 1106 2676 1903 2716">
     <span class='ocr_line' id='line_1_109' title="bbox 1106 2676 1903 2716; baseline -0.006 -8"><span class='ocrx_word' id='word_1_718' title='bbox 1106 2680 1166 2708; x_wconf 89' lang='grc' dir='ltr'>λίαν</span> <span class='ocrx_word' id='word_1_719' title='bbox 1190 2680 1199 2700; x_wconf 68' lang='grc' dir='ltr'>ί</span> <span class='ocrx_word' id='word_1_720' title='bbox 1228 2680 1409 2716; x_wconf 82' lang='grc' dir='ltr'>προσέταξεν.</span> <span class='ocrx_word' id='word_1_721' title='bbox 1435 2680 1478 2706; x_wconf 88' lang='grc' dir='ltr'>Ἐν</span> <span class='ocrx_word' id='word_1_722' title='bbox 1495 2680 1524 2707; x_wconf 75' lang='grc' dir='ltr'>δὲ</span> <span class='ocrx_word' id='word_1_723' title='bbox 1549 2679 1608 2711; x_wconf 89' lang='grc' dir='ltr'>ταῖς</span> <span class='ocrx_word' id='word_1_724' title='bbox 1631 2676 1903 2714; x_wconf 76' lang='grc' dir='ltr'>Παραλειπομέναις,</span> 
     </span>
    </p>
   </div>
   <div class='ocr_carea' id='block_1_110' title="bbox 1109 2726 1500 2762">
    <p class='ocr_par' dir='ltr' id='par_1_110' title="bbox 1109 2726 1500 2762">
     <span class='ocr_line' id='line_1_110' title="bbox 1109 2726 1500 2762; baseline 0 -8"><span class='ocrx_word' id='word_1_725' title='bbox 1109 2737 1119 2754; x_wconf 85' lang='grc' dir='ltr'><strong>ι</strong></span> <span class='ocrx_word' id='word_1_726' title='bbox 1138 2727 1217 2759; x_wconf 83' lang='grc' dir='ltr'>ἐκτὸς</span> <span class='ocrx_word' id='word_1_727' title='bbox 1231 2727 1278 2754; x_wconf 84' lang='grc' dir='ltr'>τοῦ</span> <span class='ocrx_word' id='word_1_728' title='bbox 1291 2728 1366 2754; x_wconf 78' lang='grc' dir='ltr'>οἴκου</span> <span class='ocrx_word' id='word_1_729' title='bbox 1385 2736 1395 2753; x_wconf 70' lang='grc' dir='ltr'><strong>ι</strong></span> <span class='ocrx_word' id='word_1_730' title='bbox 1407 2726 1500 2762; x_wconf 78' lang='grc' dir='ltr'>φησίν.</span> 
     </span>
    </p>
   </div>
   <div class='ocr_carea' id='block_1_111' title="bbox 1141 2769 1902 2810">
    <p class='ocr_par' dir='ltr' id='par_1_111' title="bbox 1141 2769 1902 2810">
     <span class='ocr_line' id='line_1_111' title="bbox 1141 2769 1902 2810; baseline 0.001 -10"><span class='ocrx_word' id='word_1_731' title='bbox 1141 2774 1294 2809; x_wconf 75' lang='grc' dir='ltr'>Διαθήκην</span> <span class='ocrx_word' id='word_1_732' title='bbox 1308 2773 1366 2801; x_wconf 83' lang='grc' dir='ltr'>ἀνὰ</span> <span class='ocrx_word' id='word_1_733' title='bbox 1378 2773 1476 2810; x_wconf 80' lang='grc' dir='ltr'>μέσον</span> <span class='ocrx_word' id='word_1_734' title='bbox 1488 2775 1611 2809; x_wconf 80' lang='grc' dir='ltr'>Κυρίου.</span> <span class='ocrx_word' id='word_1_735' title='bbox 1630 2771 1806 2806; x_wconf 74' lang='grc' dir='ltr'>Συνθήκην.</span> <span class='ocrx_word' id='word_1_736' title='bbox 1826 2769 1864 2801; x_wconf 79' lang='grc' dir='ltr'>ὼς</span> <span class='ocrx_word' id='word_1_737' title='bbox 1876 2769 1902 2796; x_wconf 75' lang='grc' dir='ltr'><strong>οἱ</strong></span> 
     </span>
    </p>
   </div>
   <div class='ocr_carea' id='block_1_112' title="bbox 904 2860 1254 2890">
    <p class='ocr_par' dir='ltr' id='par_1_112' title="bbox 904 2860 1254 2890">
     <span class='ocr_line' id='line_1_112' title="bbox 904 2860 1254 2890; baseline 0.006 -2"><span class='ocrx_word' id='word_1_738' title='bbox 904 2860 1024 2889; x_wconf 70' lang='lat' dir='ltr'><strong>VARUE</strong></span> <span class='ocrx_word' id='word_1_739' title='bbox 1050 2861 1254 2890; x_wconf 81' lang='lat' dir='ltr'><strong>LECTIONES.</strong></span> 
     </span>
    </p>
   </div>
   <div class='ocr_carea' id='block_1_113' title="bbox 286 2913 979 2943">
    <p class='ocr_par' dir='ltr' id='par_1_113' title="bbox 286 2913 979 2943">
     <span class='ocr_line' id='line_1_113' title="bbox 286 2913 979 2943; baseline 0.003 -2"><span class='ocrx_word' id='word_1_740' title='bbox 286 2914 294 2933; x_wconf 81' lang='grc' dir='ltr'>ί</span> <span class='ocrx_word' id='word_1_741' title='bbox 315 2913 344 2942; x_wconf 91' lang='lat' dir='ltr'><strong>ln</strong></span> <span class='ocrx_word' id='word_1_742' title='bbox 361 2913 485 2942; x_wconf 84' lang='lat' dir='ltr'><strong>Lavateri</strong></span> <span class='ocrx_word' id='word_1_743' title='bbox 501 2913 596 2943; x_wconf 88' lang='lat' dir='ltr'><strong>codice</strong></span> <span class='ocrx_word' id='word_1_744' title='bbox 619 2914 727 2943; x_wconf 87' lang='lat' dir='ltr'><strong>videtur</strong></span> <span class='ocrx_word' id='word_1_745' title='bbox 743 2914 829 2942; x_wconf 84' lang='lat' dir='ltr'><strong>fuisse</strong></span> <span class='ocrx_word' id='word_1_746' title='bbox 840 2915 979 2943; x_wconf 81' lang='grc' dir='ltr'>’Λθαλίαν.</span> 
     </span>
    </p>
   </div>
  </div>
