2079 3161
172 160 240 193 1193

666 161 936 194 COMMENTARII
962 161 1002 191 IN
1024 160 1098 190 LIB.
1113 160 1151 191 IV
1164 159 1311 190 REGUM.

1732 157 1799 189 1194

167 220 256 248 λοιποὶ
270 219 323 246 τῶν
348 219 540 255 Ἐρμηνευτῶν
558 219 692 252 ἐξέδωκαν
710 219 837 255 ἀλλαχοῦ.
856 219 957 254 Ὅρους

1020 227 1160 263 ἰυνθήκην,
1176 226 1227 254 lioc
1245 231 1288 254 est
1304 226 1405 259 fmdus,
1419 231 1447 254 et
1463 230 1584 262 pactum,
1601 231 1630 254 ut
1646 224 1743 261 reliqui
1757 227 1799 253 in-

167 267 223 302 γέιρ
239 266 342 299 αὐτοῖς,
355 266 401 292 καὶ.
414 265 524 301 νόμους,
537 266 679 301 παρέδωκε
691 266 829 293 δουλεύειν
849 265 956 300 Κυρίῳ.

167 312 227 344 Φῶς
237 311 277 344 δὲ,
293 311 331 342 ὡς
346 310 465 345 ἀληθῶς,
477 310 639 343 διδάσκαλος
653 311 766 345 ἀγαθός.
791 308 827 338 Ob
845 309 956 343 ζῶντος,

168 359 313 394 ὲλάτρευον
326 357 365 393 τῷ
376 357 446 393 Θεῷ.
472 357 544 393 Πλὴν
564 359 612 384 καὶ
635 357 721 390 οὕτως
746 355 816 392 ἦσαν
841 356 956 389 ἀτελεῖς,

168 404 280 436 θύοντες
302 404 348 430 ἐπὶ
361 403 415 430 τῶν
431 402 542 438 ὑψηλῶν
567 402 606 439 τῷ
623 403 694 439 Θεῷ,
707 403 756 430 καὶ
772 403 822 429 οὐκ
835 403 864 429 ὲν
882 401 958 437 νόμῳ

169 450 208 486 τῷ
221 449 292 486 Θεῷ,
308 449 380 477 καθὰ
392 449 514 482 διέταξεν
526 449 540 475 ὁ
554 449 646 485 νόμος.

461 548 586 576 ΚΕΦΛΛ.
616 548 668 574 lA'.

203 596 357 632 Ἀργύριον
376 594 587 629 συντιμήσεως
611 594 732 628 ἀνδρός.
759 593 831 630 Ἔφη
851 593 905 629 γὰρ
930 594 959 620 ὲν

170 641 384 676 Δευτερονομῐῳ,
401 640 464 671 τοὺς
477 640 548 675 ὑπὲρ
564 639 668 666 έαῡτῶν
691 639 863 674 παρέχοντας
876 638 959 674 τιμὴν

170 686 210 722 τῷ
220 686 289 722 Θεῷ,
304 685 405 717 πόσους
419 684 527 716 σίκλους
539 685 673 720 προσήκει
683 684 795 713 διδόναι.
809 685 898 720 Ὅπερ
912 683 960 712 νῦν

172 733 306 769 ἀργύριον
325 731 403 763 Ἰωὰς
427 731 577 767 προσέταξε
591 731 656 762 τοὺς
674 730 766 766 ἱερέας
782 730 958 766 κομίσασθαι,

171 779 220 807 καὶ
233 777 396 815 θεραπεύειν
410 777 444 804 τὰ
463 777 604 812 πάσχοντα
620 776 668 803 τοῦ
684 776 759 808 ναοῦ,
775 775 961 812 φθειρομένων

172 825 269 859 ξύλων,
279 824 296 859 ἢ
309 824 401 850 λίθων.
420 822 506 850 Τοῦτο
516 823 571 858 γὰρ
584 822 660 858 δηλοῖ
688 821 748 849 τόδε
770 822 834 854 Βὲκ,
847 823 915 858 ὅπερ
931 822 961 848 ἐν

173 869 429 906 Παραλειπομέναις
440 867 622 894 ἐπισκευάσαι
645 866 691 893 τὸν
706 865 780 893 οἷκον
799 865 902 902 Κυρίου
917 866 961 894 λέ-

173 925 228 951 γει,
246 915 294 942 καὶ
308 913 401 947 πάλιν,
418 912 466 940 τοῦ
482 912 651 948 Θεραπεῦσαι
662 912 708 938 τὸν
722 910 796 938 οἶκον
811 911 925 947 Κυρίου.

465 959 592 986 ΚΕΦΑΛ.
610 958 659 985 lB’.

209 1004 266 1032 Kal
283 1001 471 1039 μετεμελήθη
485 1003 602 1037 Κύριος,
617 1003 666 1029 καὶ
680 1003 826 1037 oluepr
841 1002 962 1036 αὐτούς,

175 1049 367 1085 Μεταμέλειαν
379 1047 457 1074 καλεῖ
470 1046 519 1082 τὴν
537 1047 592 1073 ἀπὸ
612 1047 661 1081 τῆς
674 1046 840 1082 δυσκληρίας
857 1047 896 1078 εἰς
918 1046 964 1073 εὑ-

175 1097 243 1132 κληρ
250 1095 292 1122 ίαν
309 1093 473 1131 μεταϐολήν.

211 1141 289 1170 Λάϐε
316 1140 408 1173 τόξον
429 1139 479 1166 καὶ
497 1139 640 1172 βολίδας.
662 1139 718 1175 Οὐχ
733 1138 804 1166 οὕτω
828 1138 883 1174 γὰρ
906 1138 965 1165 ἑπι-

178 1195 271 1214 στευον
292 1188 349 1218 τοῖς
364 1185 466 1220 λόγοις,
486 1185 525 1217 ὡς
536 1186 595 1216 ταῖς
618 1184 650 1211 δι’
663 1184 751 1220 ἔργων
768 1184 964 1220 προρρήσεσιν.

180 1232 341 1260 ’Υπολαὸὼν
353 1232 391 1264 δὲ,
403 1232 440 1263 ὡς
455 1231 608 1264 αὐτόματος
618 1231 719 1266 ἀφήσει
735 1230 798 1266 βέλη
810 1229 906 1262 πολλὰ,
919 1228 966 1256 τοῦ

177 1279 288 1315 πρώτου
305 1278 487 1314 πεμφθέντος,
504 1276 568 1312 ἔφη,
586 1276 663 1312 βέλος
678 1277 815 1312 σωτηρίας
828 1296 836 1309 ,
861 1275 909 1302 καὶ
932 1275 968 1302 τὰ

162 1326 253 1361 ’ὲξῆς.
274 1325 318 1356 Ὧς
328 1324 357 1351 δὲ
369 1323 435 1359 τρία
448 1323 516 1358 μόνα
527 1321 693 1357 ἐξέπεμψεν,
707 1321 839 1358 ἠχθέσθη,
857 1321 896 1353 ὡς
917 1322 968 1356 τῆς

177 1372 280 1407 Συρίας
295 1371 387 1407 τριτον
400 1369 567 1406 ἡττημένης,
580 1368 638 1395 ἀλλ’
648 1367 678 1395 οὐ
692 1367 881 1404 πανωλεθρίαν
893 1368 968 1403 δεχο-

179 1417 276 1453 μένης-

474 1556 601 1584 ΚΕΦΑΛ.
625 1556 676 1584 [τι.

219 1602 251 1630 '0
267 1602 367 1637 ἀκχὰν
378 1603 398 1630 δ
413 1601 449 1629 ἐν
463 1573 814 1637 τᾙιΛιϐὥιἍμεσσιας,
827 1599 883 1627 τῶν
902 1599 969 1625 'lou-
982 1573 1004 1602 ο

178 1650 262 1678 δαίων
276 1650 352 1686 νόμῳ
365 1648 484 1684 πολέμου
498 1649 650 1684 κρατήσας,
664 1648 764 1684 ἤλπισε
775 1646 824 1674 καὶ
839 1647 890 1678 τὰς
902 1645 969 1672 δέκα

179 1698 302 1732 νικήσειν
315 1696 413 1732 φυλάς.
441 1696 497 1723 Καὶ
524 1694 702 1730 προεκαλεῖτο
722 1694 791 1730 πρὸς
816 1693 906 1729 μάχην
924 1693 970 1720 τὸν

179 1743 295 1779 βασιλέα
304 1742 354 1771 τοῦ
372 1741 492 1778 Ἰσραήλ.
514 1741 542 1768 ὐ
555 1741 584 1768 δὲ
594 1740 643 1777 τὴν
653 1739 806 1776 παροιμίαν
820 1739 970 1775 ἐδήλωσεν,

180 1789 262 1816 αὐτὸν
277 1789 432 1821 ἀπεικάσας
447 1790 480 1825 τῇ
495 1788 595 1825 κέδρῳ,
610 1789 715 1816 ἐκεῖνον
730 1787 759 1814 δὲ
771 1786 810 1823 τῷ
822 1786 921 1822 ἀκχάν.

217 1879 273 1906 Kal
289 1877 361 1912 τοὺς
378 1877 465 1911 υἱοὺς
480 1878 540 1905 τῶν
549 1874 973 1912 συμμιξεωντῶνβὸελυγμά-

182 1933 252 1952 των.
264 1924 404 1957 Τουτέττι,
422 1925 486 1956 τοὺς
499 1923 554 1950 τῶν
567 1922 752 1959 ψευδωνύμων
777 1921 846 1949 θεῶν
871 1921 972 1956 ἱερέας,

182 1971 213 1998 τὺ
223 1971 341 1998 ἄτακτον
354 1970 446 1998 αὐτῶν
462 1970 564 2006 πλῆθος
582 1969 680 2003 δηλῶν.

221 2015 282 2049 Τὴν
290 2014 400 2050 Αιλώμ.
415 2015 471 2050 Τὴν
484 2014 531 2042 νῦν
546 2013 751 2049 ὀνομαζομένην
762 2012 865 2043 Ἀἳλὰν,
880 2009 974 2046 ὶπὶτῷ

184 2060 300 2095 στόματι
313 2059 359 2086 τοῦ
378 2058 524 2095 ’Δραΰικοῦ
539 2059 639 2086 κόλπου
652 2058 793 2093 κειμένην,
802 2055 973 2092 ὃνῈρυθρὰν

184 2104 420 2141 προσαγορεύουσι
435 2104 582 2132 θάλατταν.

486 2150 613 2179 ΚΕΦΑΑ.
631 2150 679 2177 1Δ¹.

220 2197 275 2224 Kal
289 2197 389 2233 ἥψατο
405 2198 514 2232 Κύριος
537 2196 592 2224 τοῦ
609 2197 776 2229 βασιλέως.
803 2195 974 2230 Σαφέστερον

184 2242 216 2270 τὸ
231 2243 303 2271 κατὰ
321 2243 414 2270 τοῦτον
427 2245 457 2270 ὲν
476 2242 733 2279 Παραλειπομέναις
748 2242 841 2277 φησιν.

227 2289 275 2317 Ἐν
284 2288 357 2321 aluo)
378 2289 561 2324 Ὰπφουσώθ.
574 2289 606 2316 0t
616 2289 705 2314 λοιποὶ
717 2287 868 2322 κρυφαίως
878 2286 974 2320 ἐξέδω-

187 2343 250 2362 καν.

479 2381 607 2408 ΚΕΦΑΛ.
634 2380 685 2407 lE'.

221 2429 278 2455 Kal
295 2427 367 2461 τοὺς
393 2427 478 2461 υἱοὺς
490 2427 585 2454 αὐτοῦ
601 2426 706 2462 διῆγεν
719 2426 754 2453 ἐν
776 2427 859 2462 πηοί.
882 2425 974 2453 Ἔοικι

185 2472 283 2508 δηλοῦν
293 2471 324 2498 τὸ
335 2471 431 2507 μέχρις
443 2471 523 2507 ἡμῶν
536 2471 643 2506 φθάσαν
653 2471 703 2505 τῆς
716 2470 821 2506 πλάνης
834 2468 913 2502 εῐδος.
928 2470 977 2496 Ἐν

186 2526 241 2545 τισι
252 2517 307 2553 γὰρ
323 2517 435 2545 πόλεσιν
449 2517 524 2550 ἅπαξ
538 2516 585 2544 τοῦ
604 2512 681 2549 ἔτους
707 2518 737 2544 ὲν
753 2517 814 2549 ταῖς
833 2516 977 2548 πλατείαις

188 2564 344 2598 ἁπτομένας
357 2564 448 2599 πυρὰς
463 2563 610 2591 ὲθεάσαντό
624 2571 707 2595 τινες,
719 2563 767 2590 καὶ
779 2563 881 2594 ταύτας
891 2562 978 2598 ὕπερ-

189 2609 351 2645 αλλομένους
368 2610 455 2641 τινὰς,
470 2609 518 2636 καὶ
542 2609 695 2644 πηδῶντας,
716 2609 747 2636 οὺ
764 2608 845 2644 μόνον
869 2607 978 2641 παῖδας,

189 2655 258 2682 ἀλλὰ
285 2656 334 2681 καὶ
349 2655 457 2691 ἄνδρας·
471 2654 506 2682 τὰ
521 2654 550 2681 δὲ
568 2654 657 2690 βρέφη
678 2654 755 2690 παρὰ
774 2654 828 2681 τῶν
853 2654 980 2689 μητέρων

190 2700 405 2736 παραφερόμενα
417 2700 462 2727 διὰ
475 2701 526 2736 τῆς
540 2700 648 2735 φλογὸς,
665 2700 734 2735 πρὸς
756 2699 979 2735 ἀποτροπιασμδν

189 2745 281 2780 δῆθεν,
296 2746 345 2773 καὶ
359 2746 505 2785 κάθαρσιν.
524 2746 678 2780 Ἰώσηππος
689 2745 718 2772 δὲ
734 2745 781 2772 καὶ
797 2745 843 2772 τὸν
860 2745 908 2772 ἕνα
925 2745 981 2772 τῶν

192 2791 257 2819 υἱῶν
276 2791 463 2819 ὁλοκαυτῶσαι
479 2800 556 2827 φησι,
569 2791 616 2819 τὸν
634 2791 717 2827 ’Δχὰς
731 2791 769 2827 τῷ
783 2791 869 2820 Βαάλ.

227 2890 283 2918 Kal
300 2888 362 2918 εἵδε
380 2891 414 2918 τὸ
437 2890 665 2925 θυσιαστήριον.
691 2891 798 2918 Ἔοικεν
813 2891 844 2919 οὐ
870 2891 909 2928 τῷ
924 2891 980 2920 τῶν

352 2939 491 2969 Pareat.
515 2938 575 2968 Gn.
594 2937 787 2970 LXXXVII.

1010 276 1144 308 terpretes
1167 272 1268 307 ubique
1291 271 1481 300 reddiderunt.
1509 271 1641 306 Regulam
1675 273 1748 300 enim
1771 276 1799 300 et

1012 319 1083 355 leges
1103 318 1280 354 praescripsit,
1310 322 1340 344 ut
1365 317 1419 345 Deo
1440 319 1588 346 servirent.
1615 317 1684 345 Vere
1707 322 1798 345 autem

1012 365 1100 392 bonus
1125 365 1256 400 magister
1284 364 1328 390 lux
1355 367 1416 397 est;
1443 371 1499 399 quo
1523 364 1630 391 vivente
1654 363 1799 391 Dominum

1012 411 1168 439 coluerunt.
1192 410 1268 438 Adeo
1301 414 1391 437 lamen
1418 415 1497 437 erant
1526 409 1689 445 imperfecti,
1712 415 1742 437 ιιι
1772 410 1800 437 in

1012 457 1129 485 excelsis
1147 456 1203 484 Deo
1218 456 1417 488 sacrificarent.
1432 460 1460 484 et
1481 464 1535 484 non
1552 457 1579 484 in
1600 457 1713 492 templo,
1730 458 1801 485 sicut

1014 502 1041 530 in
1055 503 1113 538 lege
1128 506 1187 531 erat
1200 502 1403 538 praescriptum.

1283 546 1361 574 CAP.
1381 546 1428 575 XI.
1447 546 1531 583 [qu-

1048 593 1131 621 Vsus.
1151 593 1179 621 ι.
1197 593 1343 628 Argentum
1359 593 1545 620 cestimationis
1567 593 1627 621 viri.
1646 592 1717 621 Dicit
1728 593 1802 621 enim

1014 640 1041 668 in
1059 639 1272 667 Deuteronomio
1293 638 1328 667 de
1348 639 1414 672 illis,
1435 639 1483 674 qui
1497 646 1547 666 sua
1560 645 1658 675 sponte
1686 639 1802 668 Domino

1014 692 1114 712 munus
1134 683 1291 717 conferunt,
1306 688 1374 719 quot
1391 684 1476 712 siclos
1491 691 1539 712 eos
1551 684 1617 712 dare
1633 685 1801 719 conveniat;

1014 738 1096 765 quam
1121 730 1267 766 pecuniam
1294 729 1360 758 Joas
1387 738 1461 758 nunc
1491 731 1650 760 sacerdotes
1674 732 1804 767 colligere

1014 777 1154 811 praecepit,
1178 779 1205 803 et
1231 775 1346 804 reﬁcere
1365 777 1450 811 ligna.
1468 780 1495 804 et
1513 777 1619 812 lapides
1638 778 1666 805 in
1688 779 1802 814 templo.

1015 821 1072 849 Hoc
1089 822 1162 850 enim
1186 821 1325 857 signiﬁcat
1345 822 1412 850 illud
1441 822 1505 856 Bck,
1528 823 1602 858 quod
1623 823 1650 852 in
1678 823 1802 861 Paralip.

1015 870 1081 897 dicit
1094 877 1247 906 praeparare
1259 870 1391 906 templum
1416 870 1536 905 Domini,
1550 876 1577 900 et
1593 873 1691 901 iterum
1705 880 1804 901 curare

978 904 999 932 Β
1014 913 1124 942 domum
1140 904 1260 942 Domini.

1261 960 1338 989 CAP.
1358 961 1427 990 .xu.
1457 961 1554 999 [XIILJ

1021 1031 1025 1035 ,
1047 1006 1131 1034 Vsus.
1153 1006 1180 1034 4.
1201 1007 1236 1034 Ει
1260 1008 1416 1043 paenitentia
1440 1009 1535 1037 ductus
1559 1014 1597 1037 est
1620 1009 1760 1043 Dominus.
1776 1016 1802 1038 et

1015 1053 1137 1080 misertus
1158 1058 1197 1080 est
1223 1062 1325 1082 eorum.
1349 1054 1542 1084 Paenitentiam
1571 1061 1649 1084 vocat
1674 1057 1804 1085 mutatio-

1015 1106 1076 1125 nem
1098 1099 1267 1127 infelicitatis
1289 1100 1314 1127 in
1332 1099 1501 1129 felicitatem.

1051 1144 1134 1172 Vens.
1162 1146 1206 1173 15.
1226 1146 1321 1181 Accipe
1351 1155 1444 1174 arcum
1459 1152 1484 1174 et
1496 1149 1622 1183 sagittas.
1649 1148 1708 1176 Non
1729 1149 1803 1177 enim
1829 1181 1834 1185 ι

1016 1194 1120 1218 tantum
1150 1192 1298 1220 credebant
1333 1194 1415 1221 nudis
1444 1195 1641 1228 sermonibus,
1667 1199 1802 1230 quantum

1016 1237 1243 1272 praedictionibus
1276 1247 1338 1274 quae
1360 1247 1409 1275 per
1425 1248 1508 1275 opera
1524 1240 1686 1268 edebantur.
1703 1240 1806 1268 Existi-

1016 1290 1094 1310 mans
1110 1289 1201 1311 autem
1222 1292 1272 1312 sua
1293 1291 1391 1320 sponte
1410 1287 1568 1322 complures
1586 1289 1701 1323 sagittas
1723 1287 1807 1315 emis-

1017 1335 1122 1363 surum,
1139 1330 1228 1365 prima
1246 1331 1348 1359 emissa
1361 1350 1368 1363 .
1388 1331 1467 1365 dixit,
1496 1333 1595 1368 sagitta
1619 1333 1728 1365 salutis,
1750 1339 1806 1363 etc.

1017 1373 1165 1409 Postquam
1183 1383 1248 1402 vero
1276 1381 1332 1403 tres
1352 1377 1441 1405 solum
1466 1378 1568 1410 emisit,
1583 1378 1676 1406 dolore
1694 1378 1808 1407 affectus

1017 1423 1069 1452 est,
1082 1427 1114 1447 eo
1132 1421 1203 1455 quod
1219 1422 1300 1449 tertio
1316 1421 1397 1458 Syria
1413 1424 1523 1458 quidem
1548 1424 1706 1460 superanda
1722 1429 1806 1459 esset,

1018 1467 1181 1495 nontamen
1207 1469 1320 1496 omnino
1343 1469 1542 1498 exscindenda.

1271 1558 1349 1586 CAP.
1370 1559 1437 1588 xm.
1465 1559 1562 1597 [x1v.]

1057 1603 1141 1632 Vsus.
1175 1605 1203 1632 9.
1237 1604 1363 1633 ϐατάνια
1391 1606 1419 1633 in
1443 1606 1558 1634 Libano.
1586 1607 1723 1642 Amesias,
1750 1609 1810 1645 lege

1021 1649 1084 1677 belli
1102 1649 1129 1677 in
1144 1649 1255 1678 Iudaeas
1280 1650 1425 1686 imperium
1444 1655 1552 1686 tenens,
1575 1655 1696 1689 speravit
1714 1662 1743 1682 se
1768 1655 1812 1682 de-

1022 1701 1080 1722 cem
1104 1703 1216 1731 quoque
1238 1696 1330 1724 tribus
1348 1696 1527 1731 domiturum,
1544 1703 1570 1725 et
1591 1706 1682 1735 regem
1702 1699 1811 1728 lsraelis

1021 1740 1056 1767 ad
1085 1748 1202 1776 pugnam
1222 1742 1399 1776 provocabat.
1424 1743 1472 1771 Ille
1503 1751 1570 1771 vero
1598 1744 1755 1779 parabolam
1784 1746 1811 1773 ei

1023 1787 1177 1821 proposuit,
1194 1787 1317 1823 seipsum
1343 1788 1426 1816 cedro
1441 1796 1617 1822 comparans,
1643 1791 1720 1818 illum
1747 1799 1812 1819 vero

1023 1833 1138 1862 carduo.

1060 1877 1142 1906 Vens.
1164 1878 1209 1906 M.
1237 1877 1272 1905 Et
1296 1878 1368 1912 ﬁlios
1393 1880 1608 1909 commistione»:
1634 1881 1812 1910 abominatio-

1024 1932 1097 1952 num.
1116 1923 1172 1951 Hoc
1191 1928 1245 1956 est,
1269 1923 1402 1952 falsorum
1421 1926 1534 1954 deorum
1558 1927 1727 1960 sacerdotes,
1751 1935 1814 1963 pro-

1025 1971 1159 1998 miscuam
1180 1971 1301 2005 ipsorum
1319 1972 1523 2000 multitudinem
1536 1974 1707 2009 significans.

1059 2015 1142 2044 Vens.
1166 2016 1211 2043 22.
1233 2016 1336 2045 Ai'lom.
1361 2017 1428 2051 Quae
1452 2018 1533 2046 hodie
1557 2020 1616 2046 Aila
1644 2021 1813 2054 nominatur,

1025 2062 1077 2090 sita
1106 2061 1184 2097 juxta
1201 2063 1303 2090 ostium
1328 2063 1405 2092 sinus
1426 2064 1546 2097 Arabici,
1565 2073 1646 2100 quem
1667 2073 1742 2093 mare
1755 2065 1813 2092 ιιι.-

1025 2107 1106 2135 brum
1124 2108 1273 2143 appellant.

1270 2153 1347 2182 CAP.
1378 2153 1449 2181 xw.
1482 2154 1565 2191 [xv]

1061 2198 1146 2227 Vens.
1167 2199 1194 2227 5.
1215 2198 1250 2226 Et
1278 2200 1362 2235 tetigit
1386 2200 1513 2227 Dominus
1537 2209 1633 2236 regem.
1651 2202 1763 2230 Planius
1782 2202 1816 2230 de

989 2263 1011 2290 ι)
1025 2248 1107 2276 rebus
1122 2248 1205 2282 hujus
1223 2248 1293 2283 regis
1308 2248 1430 2284 loquitur
1446 2249 1493 2276 lib.
1515 2249 1636 2286 Paralip.

1061 2294 1094 2322 In
1107 2294 1185 2321 domo
1205 2294 1370 2329 App/«usam.
1390 2295 1497 2330 Reliqui
1519 2297 1671 2332 κρυφαίως,
1693 2298 1815 2331 latenter,

1025 2344 1222 2376 exposuerunt.

1278 2387 1356 2415 CAP.
1374 2387 1434 2416 xv.
1450 2387 1550 2425 {xm

1064 2431 1147 2460 Vens.
1168 2433 1195 2460 5.
1215 2432 1250 2460 El
1267 2433 1339 2468 ﬁlios
1356 2442 1417 2462 suo;
1433 2434 1554 2462 traduxit
1565 2443 1611 2470 per
1622 2436 1718 2471 ignem.
1738 2436 1818 2464 Vide-

1027 2483 1071 2505 tur
1082 2478 1240 2513 significare
1253 2479 1374 2514 speciem
1391 2481 1505 2513 erroris,
1513 2481 1561 2516 qui
1571 2481 1604 2508 ad
1618 2485 1714 2509 nostra
1730 2490 1818 2518 usque

1027 2529 1150 2560 tempora
1165 2527 1298 2560 pervenit.
1318 2525 1346 2553 In
1367 2526 1534 2561 quibusdam
1551 2527 1624 2555 enim
1645 2528 1759 2557 urbibus
1775 2537 1819 2556 se-

1029 2571 1081 2598 mel
1109 2571 1135 2598 in
1163 2579 1236 2599 anno
1251 2579 1384 2599 accensas
1402 2580 1485 2608 pyras
1511 2580 1559 2608 per
1574 2573 1680 2608 plateas
1706 2574 1817 2610 quidam

1028 2616 1219 2652 inspexerunt,
1234 2622 1262 2645 et
1278 2625 1327 2653 per
1340 2617 1402 2645 illas
1417 2619 1617 2652 transilientes,
1634 2624 1661 2647 et
1674 2620 1817 2653 saltantes.

1029 2671 1083 2690 non
1097 2671 1198 2699 pueros
1219 2663 1312 2696 modo,
1329 2664 1377 2692 sed
1400 2665 1483 2692 etiam
1506 2665 1599 2699 viros;
1629 2666 1752 2694 infantes
1767 2674 1818 2694 au-

1029 2713 1083 2736 tem
1111 2717 1125 2737 a
1142 2709 1278 2737 matribus
1303 2713 1426 2745 gestatos
1449 2718 1498 2743 per
1514 2712 1663 2744 ﬂammam,
1690 2712 1820 2739 nimirum

1030 2758 1142 2790 propter
1162 2755 1350 2790 depulsionem
1380 2756 1529 2790 malorum,
1556 2761 1583 2784 et
1614 2757 1819 2787 lustrationem.

1031 2800 1168 2836 Iosephus
1185 2806 1275 2828 autem
1296 2801 1374 2834 dicit,
1387 2803 1478 2830 Acha:
1496 2811 1580 2831 unum
1596 2812 1629 2832 es
1653 2804 1716 2832 filiis
1734 2808 1820 2832 totum

1031 2846 1083 2883 ipsi
1101 2846 1165 2873 Baal
1179 2847 1379 2876 combussisse.

1069 2890 1218 2921 Vens.12.
1239 2892 1274 2920 Et
1290 2893 1353 2921 uidi!
1384 2893 1482 2923 altare.
1512 2894 1572 2922 Non
1600 2894 1668 2926 Deo,
1699 2893 1821 2922 universi

1626 2941 1665 2972 38
