2079 3161
276 141 345 174 1195

929 143 1104 173 PROCOPI]
1126 143 1247 174 GAZ/EI

1841 143 1902 175 1196

272 197 423 230 conditori,
440 197 547 225 videtur
575 201 764 225 constructum
794 198 890 231 fuisse,
917 198 964 225 sed
993 198 1065 225 idolo

1122 199 1186 226 ὅλων
1196 198 1256 234 Θεῷ
1265 197 1344 226 τοῦτο
1357 197 1550 232 πεποιηκέναι,
1565 196 1624 224 ἀλλ’
1634 196 1735 233 εἰδώλῳ
1751 197 1814 224 τινί.
1825 197 1904 224 Τουτο

274 244 395 271 cuidam.
411 243 470 271 Hoc
486 244 560 271 enim
577 244 604 271 in
619 243 692 272 libro
711 243 945 279 Paralipomenon
970 243 1062 271 innui-

276 297 331 324 tur.
349 290 497 326 inquiens;
520 300 529 316 ι
556 289 588 317 Ει
606 290 712 318 addidit
734 291 838 321 Achaz,
856 294 886 316 ut
899 298 913 317 a
928 289 985 317 Deo
997 290 1064 317 deii-

275 342 361 371 ceret,
379 347 388 364 ν
408 341 436 365 et
455 336 547 365 dixit:
568 345 577 362 ι
594 336 720 369 Quaeram
735 336 801 364 deos
821 335 947 362 Damasci
965 342 1065 370 percu-

275 385 375 412 tientcs
388 391 442 416 me,
460 392 470 409 ι
487 387 541 411 etc.

310 429 393 456 Vsus.
416 429 458 455 12.
479 428 597 457 ίΕηειιηι
613 430 709 456 altare.
731 427 809 461 Quod
823 426 969 455 aediﬁcavit
986 425 1065 454 Solo-

275 484 350 503 mon.
1012 485 1015 487 '

312 522 396 549 Vsus.
417 521 461 549 18.
478 521 621 550 Catltedra:
635 521 826 549 Sabbatorum.
846 519 917 546 Ante
936 518 1065 554 templum

275 567 365 594 locum
382 567 511 598 habebat.
528 567 574 594 ubi
588 572 651 594 ante
665 571 774 600 tempus
788 564 999 596 sacriﬁciorum,
1020 568 1067 591 aut

274 613 318 641 his
333 614 416 641 etiam
435 612 558 648 peractis
578 613 691 641 sedebat
707 621 715 646 ;
729 612 805 639 illum
821 611 849 638 in
864 610 967 645 templo
980 609 1066 637 collo-

275 659 358 690 cavit,
376 663 402 686 et
427 665 522 693 regum
538 658 641 686 ostiutn
669 657 822 689 transtulit,
851 655 996 684 introitum
1020 662 1068 690 per

275 705 449 732 sacerdotum
466 703 599 731 ambitum
626 703 731 730 faciens
745 711 752 730 :
769 702 890 738 idipsum
913 702 996 730 etiam
1015 701 1068 729 im-

275 751 350 786 pium
366 754 436 777 erat.
452 749 559 777 Idcirco
582 755 674 777 autem
689 749 743 777 hoc
760 749 837 782 fecit,
860 751 900 782 ut,
917 747 941 776 si
957 747 1068 783 quando

276 797 348 832 regia
370 796 514 824 obsidione
537 795 705 832 cingeretur,
737 799 830 830 posset
857 794 962 829 absque
993 796 1068 820 metu

275 847 302 869 et
327 842 450 878 periculo
475 842 605 877 templum
630 841 749 876 ingredi,
775 840 938 875 adiunctum
964 839 1069 867 habens

1116 245 1170 281 γὰρ
1190 247 1219 272 ὲν
1243 244 1496 280 Παραλειπομὲναις
1516 243 1684 276 αἰνίττεται,
1699 243 1803 278 λέγων·
1827 253 1837 270 ι
1854 244 1905 271 Καὶ

1117 292 1289 327 προσέθηκεν
1306 290 1391 326 ’Λχὰξ
1418 290 1466 317 τοῦ
1492 289 1648 325 ἀποστῆναι
1673 290 1788 325 Κυρίου.
1820 299 1828 316 ι
1855 290 1906 316 Καὶ

1117 337 1209 364 εἶπεν·
1230 347 1239 364 ι
1266 338 1382 373 Ζητήσω
1405 337 1468 368 τοὺς
1495 336 1574 368 Θεοὺς
1592 336 1753 372 Δαμασκοῦ,
1783 337 1845 368 τοὺς
1862 335 1904 362 τύ-

1118 384 1235 416 πτοντάς
1257 393 1303 419 με,
1325 393 1333 409 ι
1350 383 1397 410 καὶ
1409 383 1443 410 τὰ
1458 382 1533 418 ἑξῆς.

1156 430 1190 456 Τὸ
1204 429 1238 456 δὲ
1254 430 1392 465 χαλκοῦν
1415 428 1646 463 θυσιαστήριον.
1669 430 1701 456 '0
1722 428 1905 456 κατεσκεύασε

1118 475 1255 511 Σολομῶν.

1156 521 1215 555 Τῆς
1232 520 1378 554 καθέδρας
1390 520 1450 547 τῶν
1460 520 1628 548 Σαϐϐἁτων.
1642 521 1700 556 Πρὸ
1710 520 1757 548 τοῦ
1769 520 1820 547 νεὼ
1833 520 1910 547 τόπον

1118 564 1202 602 εἶχεν,
1215 565 1279 592 ἔνθα
1293 566 1348 601 πρὸ
1363 565 1410 592 τοῦ
1430 565 1529 601 καιροῦ
1545 565 1599 592 τῶν
1612 565 1723 598 θυσιῶν,
1746 565 1762 601 ἢ
1781 565 1827 592 καὶ
1844 565 1909 599 μετά

1118 613 1230 645 ταύτας,
1244 611 1398 644 ἐκαθέζετο.
1427 611 1527 638 Τοῦτον
1551 611 1599 639 νῦν
1623 611 1698 638 ἔνδον
1717 611 1845 646 ἐποίησεν
1866 610 1909 637 τοῦ

1119 658 1195 691 ναοῦ,
1212 657 1326 685 καὶτῶν
1351 658 1498 693 βασιλείων
1519 658 1570 694 τὴν
1586 657 1672 694 θύραν
1688 658 1850 693 μετέστησε,
1864 657 1910 690 τὴν

1117 703 1204 730 δίοδον
1222 703 1266 730 διὰ
1283 703 1337 729 τῶν
1356 703 1438 739 ἱερῶν
1467 703 1620 740 περιϐόλων
1642 703 1825 739 ποιούμενος·
1847 703 1911 738 ὅπερ

1119 747 1152 785 ἦν
1166 749 1290 776 καὶαύτὸ
1302 750 1410 782 ἀσεῦές.
1428 750 1515 776 Τοῦτο
1533 750 1561 776 δὲ
1577 751 1713 785 πεποίηκε
1732 750 1822 784 δῆθεν,
1839 750 1871 776 ἵν’
1889 752 1909 776 εἰ

1120 795 1293 831 πολιορκοῖτο
1307 796 1341 822 τὰ
1357 795 1490 831 βασίλεια,
1503 796 1612 824 δύναιτο
1638 797 1682 823 ἐπ’
1701 796 1796 828 ἀδείας
1814 797 1853 828 είς
1869 797 1913 822 τὸν

1121 840 1190 867 νεὼν
1204 840 1330 873 εἰσιέναι,
1343 841 1520 876 συνημμένην
1534 841 1604 876 ἔχων
1614 841 1664 877 τὴν
1676 841 1781 868 εἴσοδον
1791 849 1798 856 ·
1817 840 1831 866 ὅ
1842 840 1912 875 δηλοῖ

276 887 432 914 introitum.
454 887 512 914 Hoc
539 886 612 914 enim
630 886 698 914 illud
715 885 863 921 signiﬁcat,
889 885 964 922 quod
992 885 1068 918 dicit,

1122 886 1161 912 τό·
1183 885 1250 912 Ἀπὸ
1266 886 1416 922 προσώπου
1430 886 1478 913 τοῦ
1495 887 1630 922 βασιλέως
1645 886 1812 922 ’Δσσυρίων.

274 933 297 960 Α
314 933 383 961 facie
399 933 472 969 regis
485 932 675 968 Assyriorum.

505 979 582 1006 CAP.
622 978 692 1006 xvr.
730 978 839 1015 [κνῆ]

311 1024 396 1052 Vsus.
421 1023 466 1050 lO.
487 1023 610 1056 Statuas,
629 1029 654 1051 et
671 1024 757 1051 lucos.
774 1023 884 1059 Reliqui
905 1023 1009 1059 ubique
1027 1023 1070 1050 lu-

275 1079 338 1100 cum
349 1071 478 1098 Astaroth
491 1070 721 1106 interpretantur.
734 1070 792 1098 Hoc
808 1078 873 1098 vero
881 1070 961 1107 545
975 1071 1071 1098 Astar-

277 1123 321 1145 ten
345 1117 492 1152 signiﬁcat,
509 1116 617 1144 scilicet
642 1116 788 1144 Venerem.
819 1116 891 1144 Dicit
928 1121 1017 1144 autem
1042 1117 1069 1143 in

275 1163 352 1190 omni
394 1163 454 1190 loco
500 1162 599 1189 altaria
655 1162 826 1190 daemonibus
868 1166 960 1190 erecta
997 1169 1069 1195 esse,

277 1216 331 1236 non
349 1208 430 1235 modo
458 1207 486 1235 in
519 1208 634 1236 urbibus
658 1212 685 1236 et
710 1208 799 1240 vicis,
819 1208 865 1236 sed
893 1208 921 1235 in
947 1207 1071 1235 turribus

277 1255 359 1282 etiam
374 1255 452 1290 juxta
467 1254 539 1282 viam
554 1255 653 1290 positis
665 1275 672 1287 ,
689 1255 716 1282 in
738 1255 839 1290 quibus
856 1255 934 1290 pauci
957 1254 1070 1289 quidam

277 1300 432 1328 custodiam
448 1304 612 1328 nocturnam
625 1307 716 1336 agere,
733 1304 760 1327 et
778 1299 884 1327 facibus
901 1299 1016 1327 elevatis
1031 1298 1071 1326 si-

276 1355 360 1383 gnum
381 1346 449 1374 dare
470 1352 682 1374 corisueverant.
710 1345 767 1373 lloc
791 1350 882 1373 autem
910 1346 971 1372 loco
994 1345 1071 1373 lucos

277 1394 431 1421 dmmonum
451 1393 559 1420 excelsa
576 1393 733 1428 appellavit.

312 1438 394 1466 Vsus.
414 1438 457 1465 ΙΙ.
482 1437 659 1473 Ειέίινυετιιιιι
687 1436 1071 1472 participes.Conscns-ionem

277 1492 340 1512 cum
357 1483 486 1519 gentibus
502 1484 555 1511 hoc
577 1484 657 1512 modo
677 1484 788 1512 videtur
804 1485 954 1520 appellare,
971 1489 998 1511 et
1013 1491 1072 1511 om-

277 1539 329 1559 nes
353 1530 428 1562 illos,
445 1534 583 1567 quotquot
598 1538 646 1558 eos
671 1531 841 1564 impietatem
857 1530 1024 1562 docuerunt.
1042 1533 1073 1556 ut

278 1578 307 1604 in
342 1576 522 1612 sequentibus
556 1576 673 1603 latenter
709 1576 844 1603 innuitur.
881 1575 915 1602 Et
946 1575 1072 1603 fecerunt

278 1622 374 1658 prod
394 1626 488 1656 aptum
509 1621 736 1655 praadictionibus
752 1628 899 1656 augurum,
913 1620 995 1648 etiam
1012 1620 1073 1654 ipse

278 1669 384 1701 ludas;
414 1675 469 1695 non
508 1667 618 1703 quidem
643 1671 758 1702 propter
792 1667 869 1702 regni
896 1667 1071 1700 divisionem,

281 1714 514 1751 quemadmodum
528 1715 621 1742 dicere
641 1715 743 1749 aliquis
759 1718 872 1749 posset;
890 1719 927 1745 et,
946 1713 1020 1749 quod
1032 1713 1073 1741 Je-

283 1762 404 1790 rusalem
430 1762 527 1797 procul
553 1762 675 1793 abesset.
702 1761 803 1796 impius
819 1760 872 1788 fuit
897 1761 1073 1794 lsrael,eum

283 1808 342 1843 ipse
362 1807 444 1834 etiam
460 1805 547 1834 Jutlas
560 1807 625 1834 talis
640 1806 734 1833 fuerit.

313 1853 395 1881 Vens.
412 1853 457 1880 2'5.
476 1852 510 1879 Et
534 1854 681 1879 translatus
707 1856 746 1879 est
768 1851 858 1880 Israel
883 1852 916 1879 de
939 1857 1013 1879 terra
1023 1859 1074 1878 sua

282 1901 311 1927 in
327 1899 453 1934 Assyrios
470 1906 552 1934 usque
568 1898 603 1925 ad
629 1897 697 1924 hunc
714 1898 796 1925 diem.
813 1898 872 1925 Hoc
889 1899 973 1925 etiam
989 1897 1075 1932 signi-

283 1946 358 1977 ﬁcat,
377 1945 542 1979 scriptorem
574 1943 756 1979 posteriorem
785 1951 818 1970 ex
847 1943 1000 1978 prophetis,
1025 1942 1074 1978 qui

283 1991 522 2026 conscripserunt,
547 1997 608 2024 qua:
623 1990 682 2017 suis
704 1989 877 2024 temporibus
900 1988 1073 2021 acciderunt,

283 2036 426 2063 historiam
462 2035 687 2070 transcripsisse.
720 2034 872 2063 Evitlenter
910 2040 1002 2062 autem
1030 2041 1075 2062 res

284 2082 532 2115 Samaritanorum,
561 2082 608 2117 qui
624 2089 698 2108 nunc
720 2085 796 2113 sunt,
822 2081 983 2116 descripsit,
1000 2080 1076 2108 unde

285 2130 351 2157 sint.
369 2134 397 2157 ct
412 2129 553 2165 quomodo
580 2134 613 2156 ex
634 2129 802 2156 necessitate
819 2128 905 2164 legem
922 2127 1008 2164 Moysi
1024 2135 1075 2154 cu-

284 2178 459 2205 stodiverint.

1415 975 1541 1002 ΚΕΦΑΛ.
1563 975 1620 1009 Iq'.

1157 1020 1286 1054 Στήλας,
1308 1020 1357 1047 καὶ
1373 1020 1466 1055 ἄλση.
1481 1021 1626 1056 Πανταχοῦ
1642 1022 1673 1048 τὸ
1688 1016 1772 1053 ἆλσοέ
1792 1023 1818 1049 οῑ
1830 1022 1911 1050 λοιποὶ

1128 1065 1268 1101 ’Λσταρὼθ
1281 1065 1490 1101 ἑρμηνεύουσιν,
1503 1066 1586 1101 Δηλοί
1603 1066 1631 1093 δὲ
1647 1066 1728 1093 τοῦτο
1738 1067 1788 1103 τὴν
1801 1067 1911 1103 Ἀστάρ-

1121 1121 1182 1148 την,
1209 1113 1293 1148 ἤγουν
1322 1112 1498 1147 Ἀφροδίτην·
1529 1113 1560 1138 ἐν
1584 1114 1666 1139 παντὶ
1692 1112 1721 1139 δὲ
1747 1114 1823 1149 τόπῳ
1852 1116 1914 1149 φησι

1123 1158 1233 1194 βωμοὺς
1246 1157 1441 1194 ᾠκοδομῆσθαι
1459 1159 1517 1189 τοῖς
1532 1157 1655 1193 δαίμοσι,
1673 1159 1725 1185 καὶ
1741 1160 1773 1186 οὑ
1796 1160 1871 1195 μόνον
1887 1162 1914 1186 έν

1123 1205 1227 1237 πόλεσι,
1246 1205 1294 1232 καὶ
1312 1205 1431 1240 κώμαις,
1445 1204 1514 1231 ἀλλὰ
1526 1205 1574 1232 καὶ
1585 1205 1614 1230 ἐν
1635 1206 1693 1237 τοῖς
1709 1206 1783 1233 κατὰ
1797 1206 1845 1242 τὴν
1859 1206 1914 1234 ὁδόν

1123 1252 1250 1287 πύργοις,
1265 1252 1294 1278 ὲν
1308 1250 1349 1283 οἷς
1374 1251 1460 1285 ὀλίγοι
1483 1250 1557 1282 τινὲς
1576 1250 1710 1278 εἰώθεσαν
1735 1253 1911 1287 φρυκτωρεῖν.

1129 1297 1263 1325 Ἐνταῦοα
1281 1297 1310 1324 δὲ
1331 1297 1423 1332 ὑψηλὰ
1444 1297 1478 1324 τὰ
1496 1297 1601 1333 τεμένη
1624 1297 1679 1325 τῶν
1701 1297 1838 1334 δαιμόνων
1851 1298 1912 1325 ἐκά-

1123 1345 1211 1373 λεσεν.

1159 1449 1214 1475 Kal
1238 1449 1389 1483 ἐποίησαν
1413 1452 1586 1485 κοινωνούς.
1614 1454 1694 1480 Δοκεῖ
1721 1454 1772 1490 τὴν
1796 1454 1861 1490 πρὸς
1882 1454 1913 1480 τὰ

1125 1494 1190 1530 ἔθνη
1208 1496 1368 1531 συμφωνίαν
1381 1496 1453 1524 οὕτω
1472 1497 1576 1530 καλεῖν,
1589 1499 1635 1526 καὶ
1650 1501 1715 1532 τοὺς
1736 1501 1793 1527 ὅσοι
1809 1500 1913 1530 τούτους

1087 1548 1108 1578 c
1125 1540 1248 1574 ἐδίδαξαν
1264 1541 1386 1574 ἀσεϐεῖν,
1404 1542 1442 1574 ὡς
1455 1543 1520 1578 ἑξῆς
1535 1544 1736 1573 ὑπαινίττεται.
1756 1547 1810 1573 Καὶ
1826 1545 1913 1580 ἐποίη-

1125 1595 1175 1613 σαν
1192 1587 1300 1622 Ἐφοὺδ,
1313 1588 1344 1614 τὸ
1363 1589 1423 1619 ταῖς
1445 1591 1591 1623 μαντικαῖς
1614 1591 1753 1626 ἁρμόττον
1768 1591 1911 1628 προρρήσε-

1125 1642 1176 1660 σιν.
1195 1633 1250 1661 Καί
1266 1643 1298 1669 γε
1314 1635 1363 1661 καὶ
1385 1635 1484 1667 Ἰούδας
1501 1636 1594 1668 αὑτός.
1610 1637 1668 1663 Οὺκ
1685 1637 1742 1672 ἄρα
1752 1638 1797 1664 διὰ
1810 1637 1854 1673 τὴν
1868 1637 1912 1670 τῆς

1125 1679 1275 1716 βασιλείας,
1295 1680 1333 1712 ὡς
1348 1681 1381 1708 ἄν
1400 1690 1442 1713 τις
1461 1682 1543 1716 εῐποι,
1561 1682 1706 1718 διαίρεσιν,
1723 1684 1813 1711 καὶτὸ
1826 1684 1911 1719 πόρρω

1123 1726 1251 1760 γενέσθαι
1265 1726 1315 1761 τῆς
1336 1726 1526 1762 Ἰερουσαλὴμ,
1546 1727 1684 1763 ἠσέϐησεν
1706 1729 1828 1764 Ἰσραὴλ,
1851 1728 1910 1755 ὅπου

1124 1772 1173 1800 καὶ
1193 1772 1294 1804 Ἰούδας
1310 1772 1404 1804 αὐτός.

1159 1860 1215 1887 Kal
1229 1860 1386 1895 ἀπῳκίσθη
1405 1861 1525 1895 Ἰσραὴλ
1544 1861 1606 1889 ἀπὸ
1619 1860 1673 1896 τῆς
1688 1861 1748 1897 γῆς
1769 1861 1858 1890 αὐτοῦ
1873 1861 1911 1893 εἰς

1131 1906 1313 1941 Ἀσσυρίους
1336 1907 1393 1940 ἕως
1415 1907 1472 1941 τῆς
1489 1907 1602 1942 ἡμέρας
1627 1909 1751 1942 ταύτης.
1777 1909 1853 1943 Δηλοί
1871 1907 1912 1934 καὶ

1125 1954 1214 1988 τοῦτο,
1241 1953 1287 1980 τὸν
1309 1955 1472 1990 συγγραφέα
1492 1955 1726 1991 μεταγενέστερον
1742 1957 1774 1983 ὲκ
1793 1955 1845 1982 τῶν
1857 1962 1912 1989 προ-

1126 2000 1231 2036 φητῶν,
1249 2001 1303 2028 τῶν
1321 2001 1543 2037 συγγραψάντων
1553 2001 1587 2028 τὰ
1602 2002 1665 2029 καθ’
1678 2002 1796 2029 ἕκαστον
1815 2001 1910 2036 καιρὸν,

1127 2046 1317 2081 μεταλαϐόντα
1333 2047 1384 2082 τὴν
1403 2048 1534 2083 ἱστορίαν.
1561 2047 1660 2083 Σαφῶς
1683 2048 1713 2074 δὲ
1736 2048 1831 2075 καὶτὰ
1851 2045 1912 2073 κατὰ

1125 2093 1190 2124 τοὺς
1206 2092 1254 2119 νῦν
1274 2092 1449 2128 Σαμαρείτας
1470 2093 1617 2128 ἐδήλωσεν,
1636 2093 1698 2120 ὅθεν
1714 2095 1779 2127 εἰσὶ,
1802 2094 1847 2120 καὶ
1862 2091 1912 2121 πῶς

1126 2138 1172 2165 τὸν
1189 2139 1271 2174 νόμον
1292 2139 1338 2166 τὸν
1355 2139 1495 2171 Μωῡσέως
1515 2139 1546 2172 ἐξ
1562 2139 1687 2175 ἀνάγκης
1702 2140 1848 2174 ἐφύλαξαν.

314 2222 398 2250 Vsus.
428 2223 474 2250 Q6.
501 2221 564 2249 Non
596 2228 773 2258 cognoverunt
799 2221 879 2256 legem
906 2220 954 2248 Dei
984 2225 1071 2249 terra.

1167 2230 1227 2256 Οὐκ
1253 2229 1392 2265 ἔγνωσαν
1418 2230 1471 2257 τὸν
1496 2230 1591 2265 νόμον
1610 2230 1664 2258 τοῦ
1691 2230 1766 2258 Θεοῦ
1784 2227 1836 2262 τῆς
1854 2226 1911 2262 γῆς·

284 2268 505 2303 Suspicabanlur
533 2268 607 2296 enim
639 2269 761 2295 universi
796 2267 968 2295 conditorem
1000 2275 1077 2302 μερι-

284 2316 343 2348 κὴν,
373 2315 586 2350 particularem;
616 2315 642 2342 id
673 2318 724 2347 est,
754 2318 832 2341 certo
869 2313 929 2341 loco
956 2312 1076 2340 adﬁxum

285 2369 355 2389 CSSC-
622 2366 626 2371 ’

515 2405 592 2434 CAP.
609 2405 691 2432 XVII.
709 2404 829 2442 [XVIIL]

321 2453 406 2481 Vsus.
428 2453 454 2480 4.
469 2452 620 2487 Serpentem
649 2461 762 2486 renuunt,
775 2461 849 2488 quem
881 2452 943 2487 fecit
959 2451 1076 2487 Moyses.

286 2499 343 2526 Non
378 2503 406 2526 ut
431 2499 614 2532 adoraretur;
653 2499 713 2532 sed,
743 2503 773 2526 ut
808 2499 908 2526 salutis
939 2499 1078 2533 negotium

286 2546 482 2578 adumbraret;
500 2545 577 2579 huic,
603 2545 705 2580 inquit,
730 2544 850 2580 populus
866 2548 998 2579 perpetuo
1012 2544 1078 2571 odo-

285 2599 330 2619 res
349 2590 482 2618 incendit.

314 2637 349 2666 Et
367 2637 510 2672 appellavit
532 2646 590 2665 eum
608 2637 721 2664 Euhan.
737 2637 767 2664 In
788 2636 1013 2671 interpretatione
1030 2643 1079 2663 no-

287 2686 390 2713 minum
409 2685 607 2713 Ilebraicorum
629 2685 742 2720 ponitur
764 2692 812 2711 aes.
828 2683 898 2710 llinc
914 2688 979 2718 puto
994 2682 1080 2718 Ophi-

288 2735 329 2758 tas
346 2735 400 2765 (est
418 2736 509 2758 autem
537 2730 700 2765 impiissima
720 2730 778 2757 haec
800 2729 926 2765 haeresis)
944 2729 1079 2758 Esthenos

288 2777 391 2804 vocari.

321 2822 405 2849 Vsus.
431 2820 473 2848 ιο.
498 2820 540 2847 Ad
558 2821 637 2855 ﬁnem
658 2821 740 2848 trium
766 2829 909 2848 annorum.
927 2820 996 2850 Tres
1013 2828 1080 2850 con-

289 2869 379 2897 tinuos
393 2873 483 2894 annos
501 2865 614 2894 obsidio
632 2865 765 2894 Samaria:
778 2866 898 2894 duravit.

1137 2275 1287 2308 Ἐτόπαξον
1300 2276 1366 2312 γὰρ,
1382 2276 1497 2312 μερικὸν
1511 2274 1582 2304 εἶναι
1592 2276 1646 2303 τῶν
1656 2276 1725 2303 ὅλων
1739 2276 1784 2303 τὸν
1798 2274 1912 2310 ποιητήν.

1427 2411 1552 2439 ΚΕΦΑΛ.
1578 2412 1627 2438 ΙΖ’.

1170 2454 1225 2481 Τὸν
1238 2454 1309 2490 ὅφιν
1332 2456 1386 2482 τὸν
1403 2456 1552 2491 χαλκοῦν,
1576 2456 1614 2483 ὃν
1637 2457 1763 2491 ἐποίησε
1785 2452 1914 2486 Μωυσῆς-

1131 2500 1187 2535 Ούχ
1207 2501 1250 2527 ῐνα
1275 2502 1477 2537 προσκυνῆται,
1495 2503 1553 2529 ἀλλ’
1568 2502 1614 2530 ἵνα
1632 2502 1804 2539 προτυπώσῃ
1819 2501 1848 2528 τὸ
1867 2509 1913 2526 σω-

1130 2545 1225 2581 τήριον
1241 2546 1338 2579 πάθος.
1353 2547 1457 2582 Τούτῳ,
1475 2548 1569 2583 φησιν,
1585 2549 1599 2574 ό
1613 2547 1676 2579 λαὸς
1691 2547 1796 2582 θυμιῶν
1806 2543 1914 2572 διετέλε-

1132 2599 1187 2617 σεν.

1168 2637 1222 2664 Καὶ
1245 2637 1394 2665 ἐκάλεσεν
1410 2639 1505 2666 αὐτὸν
1519 2640 1640 2668 Ἑσθάν.
1670 2640 1715 2667 Ἐν
1743 2639 1775 2673 τῇ
1792 2634 1915 2672 ἑρμηνείᾳ

1131 2681 1185 2708 τῶν
1208 2683 1360 2718 Ἑϐραϊκῶν
1377 2684 1518 2719 ὀνομάτων
1543 2687 1644 2718 κεῖται,
1656 2685 1766 2721 χαλκός.
1784 2681 1915 2709 Ἐντεῦθεν

1132 2725 1210 2763 οἶμαι
1226 2729 1289 2761 τοὺς
1305 2730 1415 2764 Ὀφίτας
1434 2731 1552 2767 (αἵρεσις
1567 2731 1596 2758 δὲ
1609 2731 1680 2767 αὕτη
1699 2726 1915 2762 δυσσεϐεστάτη),

1131 2775 1279 2810 Ἐσθηνοὺς
1292 2776 1487 2812 ὀνομάζεσθαι.

1167 2822 1220 2854 Εἲς
1237 2821 1324 2855 τέλος
1339 2823 1428 2857 τριῶν
1443 2823 1528 2851 ἐτῶν.
1549 2825 1617 2861 Ἐτη
1636 2825 1700 2862 τρία
1712 2823 1800 2851 τέλεια
1815 2821 1862 2856 τῆς
1870 2819 1916 2846 Σα-

1134 2866 1250 2903 μαρείας
1262 2867 1279 2905 ὴ
1291 2867 1435 2905 πολιορκία
1453 2870 1594 2905 κατέσχεν.
