2079 3161
196 165 262 197 1197

656 161 923 193 COMMENTARII
946 160 983 190 IN
1001 159 1071 189 LlB.
1096 157 1133 187 IV
1154 153 1299 185 REGUM.

1761 145 1829 178 1198

235 219 416 255 Ἡμάρτηκα,
441 218 653 254 ἀποστράφηθι
678 219 729 246 ἀπ’
750 217 832 252 ἐμοῦ.
852 215 935 251 ’Λχὰζ
948 237 954 248 ,
976 215 990 241 ὁ

1077 211 1161 238 Vens.
1179 210 1222 236 ll.
1249 206 1371 237 l’ercnvi,
1385 209 1501 232 avertere
1522 212 1538 231 a
1559 211 1609 231 me.
1628 203 1732 234 Achnz,
1750 205 1829 236 pater

193 268 286 303 πατὴρ
302 265 436 298 Ἐζεκίου,
460 266 506 292 τὸν
526 265 727 300 Θαλλαφαλσὰρ
741 266 753 284 ε
776 265 815 296 είς
830 262 989 298 συμμαχίαν

193 314 265 341 κατὰ
275 315 331 340 τῶν
352 312 447 348 Σύρων
464 312 594 344 καλέσας,
611 313 694 348 φόρον
708 311 829 337 τελέσειν
845 309 988 343 ὑπέσχετο,

192 360 241 385 καὶ
252 359 348 385 τοῦτον
363 359 469 390 ἐκεῖνος
483 357 621 385 διετέλεσε
635 357 775 392 παρέχων,
787 357 801 382 ὁ
812 355 840 381 δὲ
852 354 987 392 Ἐζεχίας,

193 405 239 432 τὸν
258 404 433 440 ἐπικείμενον
450 403 555 438 δασμὸν
580 403 631 430 οὐκ
653 403 776 435 ἐξέτισε·
795 402 844 437 τὴν
860 401 889 427 δέ
907 408 990 436 στρα-

198 451 255 477 τιὰν
271 450 342 483 ἰδὼν,
361 450 459 477 δώσειν
476 450 622 485 ὑπέσχετο.

230 498 288 530 Τὰς
302 498 394 531 θύρας
407 497 461 523 τοῦ
477 496 555 523 ναοῦ
578 496 699 529 Κυρίου.
716 495 754 521 Οὐ
770 494 825 530 γὰρ
846 495 948 529 ῆρκουν
964 493 989 519 οἱ

195 543 331 580 βασιλικοὶ
358 543 502 578 θησαυροὶ,
526 542 588 569 ὅθεν
613 541 659 568 ἐπὶ
679 541 745 572 τοὺς
766 541 856 576 ἱεροὺς
876 540 948 567 κατά
964 548 990 566 τι

196 590 255 621 έθος
270 589 303 616 δι’
317 589 442 624 ἀνάγκην
456 588 601 623 ἐτράπετο,
620 587 664 614 ἵνα
681 586 719 622 μὴ
731 587 778 614 καὶ
792 586 837 613 τὸν
850 585 914 613 ναὺν
943 586 991 612 καὶ

198 635 244 670 τὴν
270 635 349 661 πόλιν
378 634 565 669 ἐμπρήσωσιν
583 633 608 659 οι
634 633 771 668 πολέμιοι.
796 631 874 659 Μετὰ
898 631 927 657 δέ
942 631 991 666 τὴν

196 681 302 717 χρείαν,
319 680 495 716 ἀναπληροῦν
509 680 608 711 αὐτοὺς
627 679 661 706 ἐκ
679 679 736 705 τῶν
756 679 883 714 πολέμων
898 677 992 704 εἰώθε-

197 736 257 754 σαν.
278 727 348 754 Νυνὶ
368 726 397 753 δὲ
413 727 461 753 καὶ
485 726 535 758 τὰς
557 726 642 762 θύρας
658 725 794 760 ἐχώνευσε
810 725 860 757 τὰς
875 725 990 760 χρυσᾶς,

196 772 228 804 ἃς
243 771 366 807 ἐποίησε,
383 771 430 798 καὶ
448 770 512 802 τοὺς
527 771 630 797 τούτων
644 770 794 805 σταθμούς.

233 818 295 844 Οὐκ
308 816 482 851 ἀπέστησεν
496 817 533 843 τὰ
544 816 650 851 ὑψηλὰ
664 816 758 843 αὐτοῦ
768 824 777 848 ;
789 816 871 851 Δηλοῖ
883 815 963 843 πάλιν
978 816 992 842 ό

197 863 385 900 συγγραφεὺς.
409 863 450 889 ὅτι
464 863 495 889 οὐ
513 862 592 898 μόνον
614 863 649 890 τὰ
665 862 769 898 τεμένη
784 862 839 889 τῶν
856 862 992 898 δαιμόνων

196 910 380 944 ὀνομάζουσιν
399 908 500 943 ὑψηλὰ,
518 907 586 935 ἀλλὰ
606 909 654 935 καὶ
668 908 703 934 τὰ
723 907 763 943 τῷ
778 907 837 943 Θεῷ
852 908 907 934 τῶν
924 907 992 934 ὅλων

197 956 226 982 ἐν
238 957 294 987 τοῖς
314 955 426 991 ὑψηλοῖς
442 955 535 986 τόποις
553 954 729 990 δεδηλωμένα
746 954 938 989 θυσιαστήρια.

232 1002 288 1029 Kal
302 999 367 1028 εἷπε
381 1000 421 1034 τῷ
442 1000 545 1035 Ἰούδᾳ,
560 1000 609 1027 καὶ
620 999 658 1034 τῇ
679 999 885 1035 Ἰερουσαλήμ.
901 998 993 1026 Ταῦτα

199 1047 291 1081 ἔλεγεν
307 1048 321 1074 ὁ
341 1045 491 1081 Ῥαψάκης,
511 1045 637 1081 Ἐὕραῖος
651 1045 699 1079 ὣν,
711 1045 749 1077 ὡς
761 1046 845 1078 είκὺς,
863 1045 909 1072 καὶ
926 1045 994 1080 πρὸς

199 1093 321 1124 ἐκείνους
338 1092 540 1128 αὐτομολήσας,
563 1092 622 1127 ἦτοι
644 1091 910 1127 ἐξανδραποδισοεὶς,
933 1091 993 1124 καὶ,

199 1140 238 1172 ὡς
264 1139 372 1166 εὖνοιαν
399 1139 490 1171 δείξας
517 1140 572 1170 τοῖς
598 1138 763 1174 ’Δσσυρίοις,
790 1138 840 1174 τὴν
865 1139 994 1174 στρατιὰν

200 1185 358 1222 θαρῤηθείς.
373 1185 411 1220 Τῇ
425 1185 480 1220 γὰρ
501 1184 622 1220 Ἐϐραΐδι
635 1184 787 1220 χρώμενος,
803 1184 920 1211 ἐποιεῖτο
931 1185 995 1215 τοὺς

200 1233 307 1267 λόγους.

494 1277 620 1303 ΚΕΦΛΛ.
645 1277 699 1303 lH’.

237 1322 301 1349 Ὀτι
317 1320 413 1358 ἦλθον
438 1323 465 1349 οι
489 1321 549 1348 υἱοὶ
588 1321 644 1355 ἓως
669 1321 794 1349 ὠδίνων.
825 1322 995 1358 Φλεγόμεθα,

202 1369 281 1403 φησὶ,
298 1368 336 1404 τῷ
357 1367 448 1404 θυμῷ,
463 1367 519 1394 τῶν
537 1367 667 1403 ἀρρήτων
685 1368 798 1395 ἐκείνων
817 1368 996 1404 βλασφημιῶν

202 1414 416 1446 ἐπακούσαντες.
446 1413 569 1441 Κολάσαι
597 1413 626 1440 δὲ
651 1414 714 1445 τοὺς
743 1414 843 1449 ἄνδρας
863 1415 995 1446 ἐκείνους,

202 1461 266 1492 τοὺς
279 1459 433 1492 δυσσεϐεῖς,
452 1459 484 1487 οὐ
506 1459 657 1496 δυνάμεθα.
681 1460 763 1488 Ὂοεν
778 1461 937 1496 ἱκετεύομεν
951 1461 996 1488 τὸν

203 1506 257 1532 τῶν
287 1505 467 1541 βλασφημιῶν
491 1505 602 1533 ἐκείνων
631 1507 768 1542 ἀκηκοότα
791 1507 867 1538 Θεὸν,
894 1507 996 1539 διδάξαι

203 1552 267 1584 τοὺς
295 1552 429 1585 ἀνοσίους,
451 1552 490 1584 ὡς
505 1552 555 1580 οὐκ
572 1552 645 1580 ἐστιν
670 1550 710 1585 εἷς
741 1552 797 1580 τῶν
821 1554 996 1589 καλουμένων

204 1598 283 1626 Θεῶν.

245 1646 324 1674 ἰδοὺ
337 1646 395 1681 ἐγὼ
412 1646 516 1681 δίδωμι
528 1645 648 1681 πνεῦμα
667 1646 703 1674 ἐν
718 1645 809 1680 αὐτῷ.
837 1647 945 1675 Δειλίαν
960 1645 999 1674 ol-

206 1701 256 1728 μαι
269 1693 376 1728 δηλοῦν.
393 1693 448 1719 Καὶ
463 1693 518 1728 γὰρ
535 1694 548 1719 ὀ
561 1692 632 1725 θεῖος
655 1693 820 1726 Ἀπόστολος
832 1693 918 1726 οὕτως
935 1694 997 1730 ἔφη,

209 1747 219 1764 ι
236 1739 273 1766 οὐ
289 1739 344 1774 γὰρ
358 1739 458 1766 ἔδωκεν
472 1739 537 1774 ἡμῖν
550 1738 658 1774 πνεῦμα
671 1739 782 1771 δειλίας.
799 1749 809 1766 ι

241 1785 297 1812 Καὶ
311 1784 409 1820 ἀπῆρε
424 1786 627 1820 Σενναχειρίμ.
649 1785 678 1812 Ὀ
697 1786 878 1822 Σενναχειρὶμ
892 1787 937 1814 τὸν
952 1786 1000 1814 θά-

205 1839 285 1858 νατον
299 1830 451 1866 τηνικαῦτα
461 1830 598 1866 διέφυγεν,
614 1831 657 1857 ἵνα
671 1832 739 1859 πᾶσι
756 1833 876 1868 μηνύσῃ,
890 1833 940 1868 ὅση
951 1832 999 1859 τοῦ

205 1876 274 1903 Θεοῦ
285 1877 421 1904 Ἰουδαίων
433 1878 450 1912 ἡ
461 1876 586 1912 δύναμις.
597 1877 685 1910 Εὐθὺς
701 1878 730 1905 δὲ
742 1878 816 1914 παρὰ
827 1879 882 1906 τῶν
895 1879 999 1906 παίδων

206 1923 316 1957 ἐδέξατο
329 1923 378 1959 τὴν
394 1923 500 1950 δικαίαν
515 1923 635 1959 σφαγήν.

244 2011 305 2046 Τὴν
324 2010 459 2046 Ἀραράτ.
476 2010 532 2046 Τὴν
545 2010 701 2046 ⁹Αρμενίαν.

499 2057 623 2084 ΚΕΦΑΛ.
652 2057 702 2084 1Θ¹.

240 2103 295 2130 Kal
325 2102 512 2137 ἀρθήσονται
537 2102 634 2130 πάντα
661 2102 697 2130 τὰ
721 2103 755 2130 ἐν
771 2103 812 2137 τῷ
830 2105 903 2139 οἴκῳ
926 2113 996 2133 σου.

207 2147 268 2175 Ὀτι
283 2148 342 2175 δέον
360 2148 408 2175 τοῦ
421 2148 488 2175 Θεοῦ
501 2148 605 2182 διδάξαι
622 2149 672 2184 τὴν
685 2148 810 2185 δύναμιν,
823 2151 870 2178 καὶ
883 2151 934 2187 τὴν
945 2160 996 2187 κη-

205 2194 342 2229 δεμονίαν,
361 2192 395 2230 ἦς
410 2194 498 2230 ἔτυχε,
514 2195 560 2221 τὸν
576 2195 692 2222 πλοῦτον
707 2196 842 2229 ὑπέδειξε,
858 2198 904 2224 τὸν
921 2198 997 2226 οὐδὲν

206 2241 301 2275 ἔχοντα
315 2240 437 2276 μόνιμον,

509 2291 634 2318 ΚΕΦΔΛ.
653 2292 695 2320 Κ’.

241 2335 295 2362 Καὶ
313 2335 440 2370 ἐποίησε
464 2337 636 2372 Μανασσῆς
657 2338 690 2365 τὸ
719 2338 862 2372 πονηρόν.
880 2339 940 2366 ’Ότι
964 2340 994 2366 οὐ

206 2380 286 2413 φύσις
299 2382 327 2408 ἐν
343 2382 399 2413 τοῖς
414 2382 550 2417 ψυχικοῖς,
569 2382 636 2410 ἀλλὰ
653 2383 748 2419 γνώμη
766 2385 874 2419 κρατεῖ,
888 2393 995 2420 μαρτυ-

206 2428 249 2461 ρεῖ
271 2427 432 2464 Μανασσῆς,
453 2429 503 2464 τὴν
524 2429 625 2465 εὐσεϐῆ
649 2429 696 2456 τοῦ
721 2431 839 2466 πατέρος
855 2431 993 2458 πολιτείαν

206 2473 374 2506 καταλιπὼν,
388 2475 435 2500 καὶ
445 2474 494 2511 τὴν
509 2475 633 2503 ἐναντίαν
648 2475 771 2508 ὁδεύσας.

240 2611 328 2645 [Idan
343 2611 381 2645 τῇ
396 2612 522 2647 στρατιᾷ
539 2613 593 2641 τοῦ
606 2615 747 2649 οὐρανοῦ.
767 2615 862 2652 Ἡλίῳ,
887 2617 934 2644 καὶ
953 2627 998 2645 σε-

204 2655 282 2692 λήνῃ,
299 2657 346 2683 καὶ
362 2657 504 2692 ἀστράσιν.

246 2702 370 2736 Ἠχῆσαι
389 2703 542 2738 ἀμφότερα
555 2706 592 2732 τὰ
611 2703 681 2734 ὦτα.
697 2707 900 2744 Ἐκπληκτικὴν
917 2710 994 2744 ήγεῦ

205 2747 267 2774 σθαι
281 2748 329 2784 τὴν
348 2749 442 2782 ἀκοήν.

258 2805 280 2821 ιθ
294 2805 302 2832 ι
315 2805 387 2833 Tim.
405 2813 424 2840 ι,
440 2805 466 2833 7.

1042 256 1176 286 Ezechiae.
1194 251 1430 287 Thcladphalasar
1453 250 1481 276 in
1505 248 1640 276 auxilium
1665 252 1760 275 contra
1778 247 1830 281 δν-

1042 310 1088 330 ros
1103 307 1219 332 vocans.
1234 306 1264 325 se
1279 297 1319 324 illi
1339 295 1473 323 tributum
1498 295 1628 321 daturum
1647 293 1787 328 promisit.
1804 297 1831 319 et

1042 351 1176 383 perpetuo
1196 344 1283 373 dedit.
1302 342 1436 370 Ezechias
1452 344 1542 368 autem
1566 340 1725 375 impositum
1742 339 1832 366 tribu-

1041 398 1099 420 tum
1119 399 1173 420 non
1191 389 1344 427 persolvit:
1365 395 1428 415 cum
1445 391 1538 414 autem
1563 389 1727 421 apparatum
1753 384 1833 412 belli-

1042 447 1104 466 cum
1119 437 1238 468 videret,
1256 443 1286 464 se
1308 433 1515 470 persoluturum
1532 431 1671 467 promisit.

1075 483 1159 511 Vens.
1175 481 1333 510 16.1anuas
1355 479 1447 514 templi
1461 478 1578 505 Domini.
1596 476 1655 505 Non
1672 476 1744 504 enim
1758 475 1833 503 suill-

1042 531 1153 558 ciebant
1177 527 1301 557 thesauri
1330 525 1397 561 regii
1415 533 1423 558 ;
1441 531 1528 559 quare
1559 531 1609 558 pro
1633 530 1720 555 more,
1742 522 1832 557 aliqua

1043 576 1200 612 impellente
1216 573 1392 604 necessitate,
1418 571 1452 598 ad
1476 577 1522 598 res
1544 576 1639 597 sacras
1655 568 1833 596 converteba-

1043 628 1099 656 tur,
1125 630 1160 650 ne
1185 622 1278 649 hostes
1300 619 1394 646 urbem
1428 621 1456 645 ct
1477 616 1613 651 templum
1640 615 1832 643 incenderent.

1043 671 1191 704 Postquam
1220 674 1287 695 vero
1306 666 1348 693 usi
1376 668 1481 697 essent,
1510 667 1606 699 postea
1630 663 1777 690 restituere
1800 669 1833 688 ex

1043 716 1121 744 hellis
1150 713 1287 742 solebant.
1319 710 1398 738 Nunc
1425 709 1507 737 etiam
1521 709 1623 744 januas
1640 714 1749 741 aureas,
1764 715 1833 743 quas

1043 760 1118 792 fecit,
1135 763 1162 787 et
1178 757 1308 785 cardines
1323 755 1433 782 illarum
1447 752 1589 781 conllavil.

1075 804 1159 832 Vens.
1176 803 1221 830 2‘2.
1237 801 1333 828 Nonne
1346 799 1480 826 destruxit
1499 797 1605 825 excelsa
1618 797 1699 831 ejus?
1716 795 1835 824 Histori-

1044 859 1094 879 cus
1111 850 1210 878 iterum
1231 846 1381 882 signiﬁcat,
1398 844 1470 880 quod
1493 852 1547 872 non
1563 844 1653 871 solum
1675 843 1752 870 lucos
1781 843 1836 870 da:-

1009 890 1029 917 Β
1046 902 1157 923 mouum
1173 893 1283 921 excelsa
1302 891 1432 926 appellet,
1452 889 1501 917 sed
1521 889 1604 916 etiam
1621 888 1720 915 altaria
1741 888 1767 914 in
1785 895 1834 914 ex-

1044 942 1125 970 celsis
1143 940 1211 968 locis
1240 938 1307 971 Deo,
1334 937 1457 965 universi
1486 934 1633 967 conditori,
1658 938 1833 962 c0nsecrata.

1076 986 1151 1013 Dixit
1179 983 1214 1011 ad
1241 982 1326 1016 ἐκάη,
1361 986 1386 1009 et
1419 980 1582 1008 Jerusalem.
1605 979 1669 1007 llaec
1695 978 1835 1014 Rapsaces

1044 1033 1128 1065 dixit,
1143 1038 1224 1067 quem
1238 1028 1388 1057 verisimile
1404 1032 1447 1055 est
1463 1027 1608 1054 Hebraeum
1625 1025 1722 1058 fuisse,
1741 1028 1779 1057 et,
1792 1024 1836 1051 vel

1044 1084 1144 1115 sponte
1161 1077 1195 1105 ad
1213 1076 1342 1112 Assyrios
1365 1073 1532 1110 profugisse.
1561 1072 1603 1100 vel
1628 1071 1701 1099 bello
1724 1075 1834 1105 captum

1044 1134 1126 1158 esse;
1153 1128 1191 1158 et,
1209 1129 1237 1151 ut
1251 1122 1374 1158 Assyriis
1391 1128 1471 1149 suam
1493 1119 1714 1148 benevolentiam
1740 1122 1836 1145 osten-

1044 1172 1132 1204 deret,
1149 1169 1300 1198 exercitnm
1325 1167 1517 1196 conﬁrmasse.
1544 1165 1678 1193 llebraica
1694 1164 1767 1192 enim
1784 1162 1837 1190 lin-

1044 1226 1096 1255 gua
1114 1225 1181 1245 usus
1197 1215 1351 1244 orationem
1365 1213 1472 1241 habuit.

1291 1259 1368 1287 CAP.
1381 1257 1476 1285 XVIII.
1489 1256 1586 1293 [XIX]

1080 1309 1162 1336 Vens.
1179 1309 1206 1335 5.
1236 1306 1369 1334 Venerunt
1385 1305 1437 1337 ﬁlii
1454 1313 1535 1340 usque
1559 1303 1593 1331 ad
1610 1302 1715 1330 dolores
1731 1306 1834 1337 partus.

1047 1354 1172 1387 Urimur,
1195 1353 1295 1388 inquit,
1318 1351 1411 1378 animo
1445 1350 1590 1378 audientes
1615 1348 1747 1376 nelnndas
1775 1347 1838 1374 illus

1047 1400 1255 1436 blaspltemias;
1280 1402 1409 1426 caeterum
1433 1404 1530 1432 poenas
1555 1397 1666 1431 exigere
1688 1395 1722 1422 ab
1745 1395 1838 1428 impiis

1047 1447 1101 1474 illis
1127 1445 1285 1473 hominibus
1310 1451 1365 1470 non
1392 1450 1551 1478 possumus.
1568 1442 1659 1476 Quare
1677 1441 1774 1474 Deum,
1789 1439 1838 1475 qui

1047 1493 1152 1522 audivit
1175 1486 1370 1528 blasphemias'
1390 1490 1462 1522 illas,
1496 1496 1619 1521 oramus,
1645 1492 1674 1515 ut
1707 1487 1838 1523 profanos

1050 1540 1112 1566 illos
1137 1537 1246 1569 doceat,
1273 1544 1307 1563 ne
1326 1543 1411 1563 unum
1424 1534 1534 1570 quidem
1546 1541 1608 1562 esse
1631 1533 1742 1561 illorum
1767 1538 1837 1567 quos

1049 1586 1116 1614 deos
1132 1584 1281 1620 appellant.

1082 1632 1165 1659 Vens.
1184 1631 1209 1658 7.
1228 1629 1298 1657 Ecca
1313 1636 1360 1664 ego
1375 1628 1409 1656 do
1424 1628 1549 1663 spiritum
1564 1627 1592 1654 in
1609 1635 1649 1654 eo.
1663 1625 1837 1661 Signitlcnns.

1049 1683 1126 1715 puto,
1142 1678 1280 1705 timorem.
1297 1675 1383 1703 Divus
1414 1674 1488 1702 enim
1513 1675 1663 1709 Apostolus
1691 1672 1781 1708 inquit
1793 1672 1838 1701 ":

1052 1736 1061 1752 ι
1078 1724 1139 1752 Non
1156 1724 1231 1752 dedit
1246 1722 1326 1750 nobis
1344 1721 1471 1756 spiritum
1492 1719 1613 1748 timoris.
1630 1729 1639 1745 ι

1085 1769 1233 1806 Vens.146.
1247 1769 1280 1796 Et
1299 1767 1479 1796 Semtacherib
1500 1765 1632 1794 discessit.
1649 1763 1840 1792 Sennncherib

1049 1823 1115 1846 tunc
1131 1817 1241 1852 quidem
1267 1820 1383 1843 mortem
1409 1813 1515 1849 effugit,
1535 1817 1564 1840 ut
1587 1811 1718 1840 omnibus
1743 1815 1840 1840 notum

1049 1865 1152 1893 faceret
1182 1865 1286 1898 quanta
1312 1862 1403 1889 virtus
1428 1864 1503 1888 esset
1527 1864 1554 1886 et
1569 1859 1692 1894 potentia
1719 1857 1765 1885 Dei
1790 1856 1840 1884 Ju-

1048 1910 1182 1938 daeorum.
1215 1907 1278 1936 Mox
1307 1914 1373 1934 vero
1391 1913 1406 1933 a
1422 1905 1486 1933 liliis
1509 1905 1662 1940 jugulatus,
1677 1903 1766 1940 justas
1780 1909 1839 1938 pa:-

1049 1963 1098 1983 nas
1117 1954 1203 1982 dedit.

1086 2000 1169 2028 Vsus.
1187 1998 1232 2026 57.
1249 1998 1361 2025 Ararat.
1378 1996 1546 2024 Armeniam.

1312 2061 1378 2089 CAP
1399 2060 1471 2087 XIX.
1492 2059 1576 2096 [xx.]

1083 2110 1168 2138 Vens.
1191 2108 1395 2143 l7.Capientur
1425 2107 1515 2134 omnia
1530 2114 1589 2142 quae
1613 2109 1675 2133 sunt
1701 2106 1728 2132 in
1758 2104 1837 2131 domo

1050 2161 1106 2183 tua.
1123 2155 1194 2189 Quia
1221 2153 1268 2182 Dei
1294 2154 1443 2189 potentiam
1457 2156 1484 2180 et
1499 2159 1593 2179 curam
1613 2151 1712 2178 docere
1727 2154 1836 2185 oporte-

1048 2202 1107 2234 bat,
1129 2200 1252 2229 ostendit
1282 2206 1360 2233 opes,
1388 2205 1458 2233 quas
1484 2201 1651 2225 consecutus
1677 2199 1745 2225 erat.
1770 2194 1838 2221 nihil

1016 2243 1036 2270 ι)
1051 2248 1159 2276 ﬁrmum
1189 2246 1292 2274 habere
1307 2249 1334 2272 et
1350 2244 1462 2272 stabile.

1301 2289 1378 2317 CAP.
1395 2289 1455 2317 xx.
1476 2287 1561 2325 [χχι]

1083 2338 1168 2367 Vans.
1193 2338 1221 2365 2.
1241 2337 1276 2364 Et
1301 2337 1362 2369 fecit
1389 2336 1530 2363 Manasses
1558 2334 1671 2362 malum.
1696 2333 1840 2360 Mauasscs

1046 2389 1164 2413 testatur
1190 2387 1316 2411 naturam
1345 2383 1373 2409 in
1399 2381 1531 2409 animatis
1561 2388 1614 2408 non
1642 2380 1763 2410 vincere.
1787 2379 1838 2405 sed

1045 2431 1214 2458 voluntatem
1240 2433 1268 2456 et
1290 2427 1438 2463 judicium.
1458 2427 1526 2453 Nam
1555 2426 1726 2457 institutum,
1752 2428 1779 2451 et
1792 2432 1835 2451 ra-

1047 2479 1151 2506 tionem
1166 2477 1241 2509 vitae,
1267 2475 1386 2510 itemque
1398 2473 1612 2501 administrandi
1626 2471 1837 2506 rempublicam,

1046 2531 1100 2559 qua
1116 2526 1192 2558 pater
1218 2528 1286 2548 usus
1311 2525 1382 2553 erat,
1409 2520 1584 2555 relinquens,
1606 2518 1775 2546 contrariam
1792 2525 1837 2544 sc-

1046 2574 1128 2597 cutus
1144 2572 1195 2595 CSL

1079 2614 1162 2641 Vsus.
1189 2613 1216 2640 5.
1245 2610 1325 2640 Omni
1350 2611 1481 2638 exercitui
1508 2611 1579 2638 cteli.
1607 2610 1676 2642 Soli,
1704 2610 1785 2641 lunae,
1810 2613 1837 2635 et

1046 2659 1145 2687 stellis.

1078 2704 1162 2732 Vens.
1191 2703 1236 2730 12.
1263 2702 1298 2730 Ut
1324 2707 1417 2730 sonent
1433 2703 1519 2730 ambw
1537 2710 1626 2730 aures.
1653 2701 1776 2737 Intelligo
1795 2701 1834 2728 fa-

1049 2759 1132 2783 mam,
1149 2758 1209 2786 quae
1233 2755 1368 2778 terrorem
1388 2754 1415 2777 et
1431 2751 1572 2778 horrorem
1604 2750 1710 2777 allen-at.

841 2842 957 2871 VABM‘.‘
979 2843 1182 2872 LECTIONES.

241 2887 254 2906 ε
268 2885 298 2913 ln
321 2887 415 2916 codice
430 2886 557 2916 Lavateri
572 2887 798 2922 Θελαδφαλασάρ.
