  <div class='ocr_page' id='page_1' title='image "/cluster/home/n/w/nwhite01/storage/ocr_20150623/87, pt.1/njp.32101013202641/607.png"; bbox 0 0 2079 3161; ppageno 0'>
   <div class='ocr_carea' id='block_1_1' title="bbox 255 156 1896 196">
    <p class='ocr_par' dir='ltr' id='par_1_1' title="bbox 255 156 1896 196">
     <span class='ocr_line' id='line_1_1' title="bbox 255 156 1896 196; baseline -0.009 0"><span class='ocrx_word' id='word_1_1' title='bbox 255 163 324 196; x_wconf 83' lang='grc'><strong>1199</strong></span> <span class='ocrx_word' id='word_1_2' title='bbox 930 157 1111 189; x_wconf 82' lang='lat' dir='ltr'><strong>PROCOPII</strong></span> <span class='ocrx_word' id='word_1_3' title='bbox 1128 156 1251 187; x_wconf 65' lang='lat' dir='ltr'><strong>GAZzEl</strong></span> <span class='ocrx_word' id='word_1_4' title='bbox 1831 156 1896 189; x_wconf 67' lang='lat' dir='ltr'><strong>12m</strong></span> 
     </span>
    </p>
   </div>
   <div class='ocr_carea' id='block_1_2' title="bbox 284 212 1105 251">
    <p class='ocr_par' dir='ltr' id='par_1_2' title="bbox 284 215 1086 251">
     <span class='ocr_line' id='line_1_2' title="bbox 284 215 1086 251; baseline -0.007 -3"><span class='ocrx_word' id='word_1_5' title='bbox 284 219 366 248; x_wconf 71' lang='lat' dir='ltr'><strong>Vens.</strong></span> <span class='ocrx_word' id='word_1_6' title='bbox 387 219 428 247; x_wconf 79' lang='lat' dir='ltr'><strong>l3.</strong></span> <span class='ocrx_word' id='word_1_7' title='bbox 447 218 602 246; x_wconf 73' lang='lat' dir='ltr'><strong>Mensarum</strong></span> <span class='ocrx_word' id='word_1_8' title='bbox 627 217 770 249; x_wconf 64' lang='lat' dir='ltr'><strong>Samaria,</strong></span> <span class='ocrx_word' id='word_1_9' title='bbox 788 221 812 244; x_wconf 81' lang='lat' dir='ltr'><strong>et</strong></span> <span class='ocrx_word' id='word_1_10' title='bbox 835 215 939 251; x_wconf 75' lang='lat' dir='ltr'><strong>pondus</strong></span> <span class='ocrx_word' id='word_1_11' title='bbox 955 216 1050 243; x_wconf 71' lang='lat' dir='ltr'><strong>domu:</strong></span> <span class='ocrx_word' id='word_1_12' title='bbox 1064 218 1086 246; x_wconf 80' lang='grc' dir='ltr'><strong>Α</strong></span> 
     </span>
    </p>
   </div>
   <div class='ocr_carea' id='block_1_3' title="bbox 1074 212 1895 251">
    <p class='ocr_par' dir='ltr' id='par_1_3' title="bbox 1074 212 1895 248">
     <span class='ocr_line' id='line_1_3' title="bbox 1074 212 1895 248; baseline -0.001 -7"><span class='ocrx_word' id='word_1_13' title='bbox 1074 218 1086 245; x_wconf 70' lang='grc' dir='ltr'><strong>ι</strong></span> <span class='ocrx_word' id='word_1_14' title='bbox 1138 214 1174 241; x_wconf 87' lang='grc' dir='ltr'><strong>Τὸ</strong></span> <span class='ocrx_word' id='word_1_15' title='bbox 1184 212 1295 248; x_wconf 81' lang='grc' dir='ltr'>μέτρον</span> <span class='ocrx_word' id='word_1_16' title='bbox 1315 213 1491 247; x_wconf 81' lang='grc' dir='ltr'>Σαμαρείας,</span> <span class='ocrx_word' id='word_1_17' title='bbox 1514 212 1563 239; x_wconf 75' lang='grc' dir='ltr'>καὶ</span> <span class='ocrx_word' id='word_1_18' title='bbox 1582 213 1636 240; x_wconf 75' lang='grc' dir='ltr'>τὸν</span> <span class='ocrx_word' id='word_1_19' title='bbox 1657 213 1794 248; x_wconf 73' lang='grc' dir='ltr'>σταθμὸν</span> <span class='ocrx_word' id='word_1_20' title='bbox 1813 214 1895 240; x_wconf 82' lang='grc' dir='ltr'><strong>οἴκου</strong></span> 
     </span>
    </p>
   </div>
   <div class='ocr_carea' id='block_1_4' title="bbox 253 258 1074 296">
    <p class='ocr_par' dir='ltr' id='par_1_4' title="bbox 253 263 1046 296">
     <span class='ocr_line' id='line_1_4' title="bbox 253 263 1046 296; baseline -0.006 -1"><span class='ocrx_word' id='word_1_21' title='bbox 253 268 365 296; x_wconf 77' lang='lat' dir='ltr'><strong>Achabi.</strong></span> <span class='ocrx_word' id='word_1_22' title='bbox 393 266 491 294; x_wconf 98' lang='lat' dir='ltr'><strong>lisdem</strong></span> <span class='ocrx_word' id='word_1_23' title='bbox 515 265 578 292; x_wconf 87' lang='lat' dir='ltr'><strong>illos</strong></span> <span class='ocrx_word' id='word_1_24' title='bbox 594 265 678 293; x_wconf 90' lang='lat' dir='ltr'><strong>etiam</strong></span> <span class='ocrx_word' id='word_1_25' title='bbox 704 264 786 291; x_wconf 86' lang='lat' dir='ltr'><strong>malis</strong></span> <span class='ocrx_word' id='word_1_26' title='bbox 815 263 1046 291; x_wconf 81' lang='lat' dir='ltr'><strong>circumveniam:</strong></span> 
     </span>
    </p>
   </div>
   <div class='ocr_carea' id='block_1_5' title="bbox 1075 258 1896 296">
    <p class='ocr_par' dir='ltr' id='par_1_5' title="bbox 1106 258 1896 295">
     <span class='ocr_line' id='line_1_5' title="bbox 1106 258 1896 295; baseline 0.001 -8"><span class='ocrx_word' id='word_1_27' title='bbox 1106 258 1228 294; x_wconf 75' lang='grc' dir='ltr'>Ἀχαάὅ.</span> <span class='ocrx_word' id='word_1_28' title='bbox 1248 259 1315 290; x_wconf 84' lang='grc' dir='ltr'>Ταῖς</span> <span class='ocrx_word' id='word_1_29' title='bbox 1326 258 1424 290; x_wconf 83' lang='grc' dir='ltr'>αὑταῖς</span> <span class='ocrx_word' id='word_1_30' title='bbox 1442 259 1489 285; x_wconf 80' lang='grc' dir='ltr'>καὶ</span> <span class='ocrx_word' id='word_1_31' title='bbox 1507 259 1620 291; x_wconf 72' lang='grc' dir='ltr'>τούτους</span> <span class='ocrx_word' id='word_1_32' title='bbox 1633 259 1777 295; x_wconf 74' lang='grc' dir='ltr'>περιϐαλῶ</span> <span class='ocrx_word' id='word_1_33' title='bbox 1793 269 1896 295; x_wconf 67' lang='grc' dir='ltr'>συμφοη-</span> 
     </span>
    </p>
   </div>
   <div class='ocr_carea' id='block_1_6' title="bbox 252 304 1073 345">
    <p class='ocr_par' dir='ltr' id='par_1_6' title="bbox 252 309 1047 345">
     <span class='ocr_line' id='line_1_6' title="bbox 252 309 1047 345; baseline -0.008 -4"><span class='ocrx_word' id='word_1_34' title='bbox 252 318 284 342; x_wconf 86' lang='grc' dir='ltr'><strong>ιιι</strong></span> <span class='ocrx_word' id='word_1_35' title='bbox 299 314 409 341; x_wconf 87' lang='lat' dir='ltr'><strong>illorum</strong></span> <span class='ocrx_word' id='word_1_36' title='bbox 438 312 509 340; x_wconf 84' lang='lat' dir='ltr'><strong>alios</strong></span> <span class='ocrx_word' id='word_1_37' title='bbox 536 311 638 344; x_wconf 80' lang='lat' dir='ltr'><strong>fames,</strong></span> <span class='ocrx_word' id='word_1_38' title='bbox 666 311 735 338; x_wconf 87' lang='lat' dir='ltr'><strong>alios</strong></span> <span class='ocrx_word' id='word_1_39' title='bbox 750 309 853 337; x_wconf 89' lang='lat' dir='ltr'><strong>bellum</strong></span> <span class='ocrx_word' id='word_1_40' title='bbox 872 309 1047 345; x_wconf 71' lang='lat' dir='ltr'><strong>assumpsit,</strong></span> 
     </span>
    </p>
   </div>
   <div class='ocr_carea' id='block_1_7' title="bbox 1075 304 1896 345">
    <p class='ocr_par' dir='ltr' id='par_1_7' title="bbox 1100 304 1896 341">
     <span class='ocr_line' id='line_1_7' title="bbox 1100 304 1896 341; baseline 0 -9"><span class='ocrx_word' id='word_1_41' title='bbox 1100 306 1174 340; x_wconf 80' lang='grc' dir='ltr'>ραίς.</span> <span class='ocrx_word' id='word_1_42' title='bbox 1198 305 1236 337; x_wconf 88' lang='grc' dir='ltr'><strong>ώς</strong></span> <span class='ocrx_word' id='word_1_43' title='bbox 1260 304 1374 331; x_wconf 79' lang='grc' dir='ltr'><strong>ἐκείνων</strong></span> <span class='ocrx_word' id='word_1_44' title='bbox 1393 305 1456 335; x_wconf 68' lang='grc' dir='ltr'>τοὺς</span> <span class='ocrx_word' id='word_1_45' title='bbox 1474 305 1523 339; x_wconf 83' lang='grc' dir='ltr'><strong>μὲν</strong></span> <span class='ocrx_word' id='word_1_46' title='bbox 1537 304 1627 340; x_wconf 64' lang='grc' dir='ltr'>λιμὸς,</span> <span class='ocrx_word' id='word_1_47' title='bbox 1649 305 1714 337; x_wconf 81' lang='grc' dir='ltr'>τοὺς</span> <span class='ocrx_word' id='word_1_48' title='bbox 1731 305 1760 332; x_wconf 70' lang='grc' dir='ltr'>δὲ</span> <span class='ocrx_word' id='word_1_49' title='bbox 1783 306 1896 341; x_wconf 78' lang='grc' dir='ltr'>πόλεμος</span> 
     </span>
    </p>
   </div>
   <div class='ocr_carea' id='block_1_8' title="bbox 253 350 1074 393">
    <p class='ocr_par' dir='ltr' id='par_1_8' title="bbox 253 353 1048 393">
     <span class='ocr_line' id='line_1_8' title="bbox 253 353 1048 393; baseline -0.008 -8"><span class='ocrx_word' id='word_1_50' title='bbox 253 357 353 393; x_wconf 85' lang='lat' dir='ltr'><strong>reliqui</strong></span> <span class='ocrx_word' id='word_1_51' title='bbox 377 364 444 384; x_wconf 87' lang='lat' dir='ltr'><strong>vero</strong></span> <span class='ocrx_word' id='word_1_52' title='bbox 462 357 490 383; x_wconf 90' lang='lat' dir='ltr'><strong>in</strong></span> <span class='ocrx_word' id='word_1_53' title='bbox 507 355 698 391; x_wconf 74' lang='lat' dir='ltr'><strong>captivitatem</strong></span> <span class='ocrx_word' id='word_1_54' title='bbox 727 353 810 390; x_wconf 67' lang='grc'><strong>546</strong></span> <span class='ocrx_word' id='word_1_55' title='bbox 829 353 942 381; x_wconf 86' lang='lat' dir='ltr'><strong>abducti</strong></span> <span class='ocrx_word' id='word_1_56' title='bbox 969 357 1048 385; x_wconf 86' lang='lat' dir='ltr'><strong>sunt,</strong></span> 
     </span>
    </p>
   </div>
   <div class='ocr_carea' id='block_1_9' title="bbox 1076 350 1897 393">
    <p class='ocr_par' dir='ltr' id='par_1_9' title="bbox 1099 350 1897 386">
     <span class='ocr_line' id='line_1_9' title="bbox 1099 350 1897 386; baseline 0 -8"><span class='ocrx_word' id='word_1_57' title='bbox 1099 351 1284 386; x_wconf 73' lang='grc' dir='ltr'>ἐδαπάνησεν,</span> <span class='ocrx_word' id='word_1_58' title='bbox 1309 351 1335 377; x_wconf 75' lang='grc' dir='ltr'>οἱ</span> <span class='ocrx_word' id='word_1_59' title='bbox 1350 350 1389 383; x_wconf 81' lang='grc' dir='ltr'><strong>δὲ,</strong></span> <span class='ocrx_word' id='word_1_60' title='bbox 1410 350 1562 386; x_wconf 68' lang='grc' dir='ltr'>ληφθέντες</span> <span class='ocrx_word' id='word_1_61' title='bbox 1580 350 1765 386; x_wconf 79' lang='grc' dir='ltr'><strong>ἀπήχθησαν,</strong></span> <span class='ocrx_word' id='word_1_62' title='bbox 1782 352 1839 386; x_wconf 74' lang='grc' dir='ltr'>καὶ,</span> <span class='ocrx_word' id='word_1_63' title='bbox 1861 352 1897 384; x_wconf 80' lang='grc' dir='ltr'><strong>ὡς</strong></span> 
     </span>
    </p>
   </div>
   <div class='ocr_carea' id='block_1_10' title="bbox 252 395 1073 436">
    <p class='ocr_par' dir='ltr' id='par_1_10' title="bbox 252 398 1048 436">
     <span class='ocr_line' id='line_1_10' title="bbox 252 398 1048 436; baseline -0.005 -6"><span class='ocrx_word' id='word_1_64' title='bbox 252 407 280 430; x_wconf 89' lang='lat' dir='ltr'><strong>et</strong></span> <span class='ocrx_word' id='word_1_65' title='bbox 306 401 540 436; x_wconf 82' lang='lat' dir='ltr'><strong>quemadmodum</strong></span> <span class='ocrx_word' id='word_1_66' title='bbox 566 400 680 427; x_wconf 91' lang='lat' dir='ltr'><strong>domum</strong></span> <span class='ocrx_word' id='word_1_67' title='bbox 703 399 811 431; x_wconf 81' lang='lat' dir='ltr'><strong>Achab,</strong></span> <span class='ocrx_word' id='word_1_68' title='bbox 838 398 967 426; x_wconf 81' lang='lat' dir='ltr'><strong>funditus</strong></span> <span class='ocrx_word' id='word_1_69' title='bbox 999 405 1048 426; x_wconf 78' lang='lat' dir='ltr'><strong>eos</strong></span> 
     </span>
    </p>
   </div>
   <div class='ocr_carea' id='block_1_11' title="bbox 907 395 1728 436">
    <p class='ocr_par' dir='ltr' id='par_1_11' title="bbox 910 395 1728 432">
     <span class='ocr_line' id='line_1_11' title="bbox 910 395 1728 432; baseline -0.002 -6"><span class='ocrx_word' id='word_1_70' title='bbox 910 398 967 426; x_wconf 89' lang='lat' dir='ltr'><strong>itus</strong></span> <span class='ocrx_word' id='word_1_71' title='bbox 999 405 1048 426; x_wconf 80' lang='lat' dir='ltr'><strong>eos</strong></span> <span class='ocrx_word' id='word_1_72' title='bbox 1099 397 1146 425; x_wconf 78' lang='grc' dir='ltr'><strong>τὸν</strong></span> <span class='ocrx_word' id='word_1_73' title='bbox 1161 395 1238 424; x_wconf 80' lang='grc' dir='ltr'>οἷκον</span> <span class='ocrx_word' id='word_1_74' title='bbox 1254 396 1370 432; x_wconf 79' lang='grc' dir='ltr'><strong>Ἀχαὰϐ,</strong></span> <span class='ocrx_word' id='word_1_75' title='bbox 1383 395 1560 432; x_wconf 70' lang='grc' dir='ltr'>πανωλεθρίᾳ</span> <span class='ocrx_word' id='word_1_76' title='bbox 1572 397 1728 432; x_wconf 76' lang='grc' dir='ltr'>παρέδωκα.</span> 
     </span>
    </p>
   </div>
   <div class='ocr_carea' id='block_1_12' title="bbox 253 447 354 475">
    <p class='ocr_par' dir='ltr' id='par_1_12' title="bbox 253 447 354 475">
     <span class='ocr_line' id='line_1_12' title="bbox 253 447 354 475; baseline -0.02 0"><span class='ocrx_word' id='word_1_77' title='bbox 253 447 354 475; x_wconf 81' lang='lat' dir='ltr'><strong>delevi.</strong></span> 
     </span>
    </p>
   </div>
   <div class='ocr_carea' id='block_1_13' title="bbox 287 488 1108 528">
    <p class='ocr_par' dir='ltr' id='par_1_13' title="bbox 287 491 1048 528">
     <span class='ocr_line' id='line_1_13' title="bbox 287 491 1048 528; baseline -0.004 -7"><span class='ocrx_word' id='word_1_78' title='bbox 287 493 370 521; x_wconf 78' lang='lat' dir='ltr'><strong>Vens.</strong></span> <span class='ocrx_word' id='word_1_79' title='bbox 396 492 440 520; x_wconf 84' lang='lat'><strong>‘16.</strong></span> <span class='ocrx_word' id='word_1_80' title='bbox 468 493 634 528; x_wconf 85' lang='lat' dir='ltr'><strong>Sanguinem</strong></span> <span class='ocrx_word' id='word_1_81' title='bbox 659 492 731 519; x_wconf 81' lang='lat' dir='ltr'><strong>enim</strong></span> <span class='ocrx_word' id='word_1_82' title='bbox 763 492 932 518; x_wconf 71' lang='lat' dir='ltr'><strong>innocente»:</strong></span> <span class='ocrx_word' id='word_1_83' title='bbox 951 491 1048 526; x_wconf 72' lang='lat' dir='ltr'><strong>effudit</strong></span> 
     </span>
    </p>
   </div>
   <div class='ocr_carea' id='block_1_14' title="bbox 1077 488 1898 528">
    <p class='ocr_par' dir='ltr' id='par_1_14' title="bbox 1135 488 1898 524">
     <span class='ocr_line' id='line_1_14' title="bbox 1135 488 1898 524; baseline 0 -8"><span class='ocrx_word' id='word_1_84' title='bbox 1135 489 1191 517; x_wconf 84' lang='grc' dir='ltr'>Καί</span> <span class='ocrx_word' id='word_1_85' title='bbox 1203 497 1237 524; x_wconf 79' lang='grc' dir='ltr'><strong>γε</strong></span> <span class='ocrx_word' id='word_1_86' title='bbox 1258 488 1332 524; x_wconf 78' lang='grc' dir='ltr'>αἷμα</span> <span class='ocrx_word' id='word_1_87' title='bbox 1355 488 1455 517; x_wconf 80' lang='grc' dir='ltr'>ἀθῶον</span> <span class='ocrx_word' id='word_1_88' title='bbox 1481 488 1584 524; x_wconf 77' lang='grc' dir='ltr'><strong>ἐξέχεε</strong></span> <span class='ocrx_word' id='word_1_89' title='bbox 1607 489 1789 523; x_wconf 80' lang='grc' dir='ltr'><strong>Μανασσῆς.</strong></span> <span class='ocrx_word' id='word_1_90' title='bbox 1805 490 1898 524; x_wconf 80' lang='grc' dir='ltr'>Διαφε-</span> 
     </span>
    </p>
   </div>
   <div class='ocr_carea' id='block_1_15' title="bbox 253 535 1074 572">
    <p class='ocr_par' dir='ltr' id='par_1_15' title="bbox 253 535 1048 571">
     <span class='ocr_line' id='line_1_15' title="bbox 253 535 1048 571; baseline -0.004 -6"><span class='ocrx_word' id='word_1_91' title='bbox 253 537 404 565; x_wconf 66' lang='lat' dir='ltr'><strong>Manum.</strong></span> <span class='ocrx_word' id='word_1_92' title='bbox 422 537 486 565; x_wconf 85' lang='lat' dir='ltr'><strong>Illos</strong></span> <span class='ocrx_word' id='word_1_93' title='bbox 501 537 575 564; x_wconf 90' lang='lat' dir='ltr'><strong>enim</strong></span> <span class='ocrx_word' id='word_1_94' title='bbox 589 536 711 564; x_wconf 79' lang='lat' dir='ltr'><strong>maxime</strong></span> <span class='ocrx_word' id='word_1_95' title='bbox 724 543 740 563; x_wconf 92' lang='lat' dir='ltr'><strong>e</strong></span> <span class='ocrx_word' id='word_1_96' title='bbox 752 536 844 563; x_wconf 86' lang='lat' dir='ltr'><strong>medio</strong></span> <span class='ocrx_word' id='word_1_97' title='bbox 857 536 986 568; x_wconf 86' lang='lat' dir='ltr'><strong>tollebat,</strong></span> <span class='ocrx_word' id='word_1_98' title='bbox 999 535 1048 571; x_wconf 86' lang='lat' dir='ltr'><strong>qui</strong></span> 
     </span>
    </p>
   </div>
   <div class='ocr_carea' id='block_1_16' title="bbox 1077 535 1898 572">
    <p class='ocr_par' dir='ltr' id='par_1_16' title="bbox 1100 535 1898 572">
     <span class='ocr_line' id='line_1_16' title="bbox 1100 535 1898 572; baseline 0 -10"><span class='ocrx_word' id='word_1_99' title='bbox 1100 535 1202 571; x_wconf 80' lang='grc' dir='ltr'>ρόντως</span> <span class='ocrx_word' id='word_1_100' title='bbox 1216 536 1272 571; x_wconf 82' lang='grc' dir='ltr'><strong>γὰρ</strong></span> <span class='ocrx_word' id='word_1_101' title='bbox 1283 536 1379 571; x_wconf 80' lang='grc' dir='ltr'><strong>ἀνῄρει</strong></span> <span class='ocrx_word' id='word_1_102' title='bbox 1395 536 1457 567; x_wconf 86' lang='grc' dir='ltr'>τοὺς</span> <span class='ocrx_word' id='word_1_103' title='bbox 1468 536 1517 571; x_wconf 83' lang='grc' dir='ltr'>τῆς</span> <span class='ocrx_word' id='word_1_104' title='bbox 1533 535 1675 567; x_wconf 78' lang='grc' dir='ltr'>εὐσεϐείας</span> <span class='ocrx_word' id='word_1_105' title='bbox 1687 536 1898 572; x_wconf 70' lang='grc' dir='ltr'>ἀπεχομένους,</span> 
     </span>
    </p>
   </div>
   <div class='ocr_carea' id='block_1_17' title="bbox 252 579 1073 620">
    <p class='ocr_par' dir='ltr' id='par_1_17' title="bbox 252 579 1048 617">
     <span class='ocr_line' id='line_1_17' title="bbox 252 579 1048 617; baseline -0.004 -8"><span class='ocrx_word' id='word_1_106' title='bbox 252 590 315 610; x_wconf 88' lang='lat' dir='ltr'><strong>sese</strong></span> <span class='ocrx_word' id='word_1_107' title='bbox 331 581 468 617; x_wconf 89' lang='lat' dir='ltr'><strong>impietati</strong></span> <span class='ocrx_word' id='word_1_108' title='bbox 484 584 669 616; x_wconf 86' lang='lat' dir='ltr'><strong>opponerent,</strong></span> <span class='ocrx_word' id='word_1_109' title='bbox 690 585 718 607; x_wconf 90' lang='lat' dir='ltr'><strong>et</strong></span> <span class='ocrx_word' id='word_1_110' title='bbox 733 579 803 607; x_wconf 84' lang='lat' dir='ltr'><strong>iram</strong></span> <span class='ocrx_word' id='word_1_111' title='bbox 822 579 945 607; x_wconf 82' lang='lat' dir='ltr'><strong>divinam</strong></span> <span class='ocrx_word' id='word_1_112' title='bbox 961 579 985 607; x_wconf 86' lang='lat' dir='ltr'><strong>ei</strong></span> <span class='ocrx_word' id='word_1_113' title='bbox 1000 580 1048 607; x_wconf 87' lang='lat' dir='ltr'><strong>de-</strong></span> 
     </span>
    </p>
   </div>
   <div class='ocr_carea' id='block_1_18' title="bbox 1076 579 1897 620">
    <p class='ocr_par' dir='ltr' id='par_1_18' title="bbox 1100 582 1897 620">
     <span class='ocr_line' id='line_1_18' title="bbox 1100 582 1897 620; baseline -0.003 -10"><span class='ocrx_word' id='word_1_114' title='bbox 1100 584 1148 610; x_wconf 85' lang='grc' dir='ltr'>καὶ</span> <span class='ocrx_word' id='word_1_115' title='bbox 1164 584 1228 616; x_wconf 79' lang='grc' dir='ltr'>τοὺς</span> <span class='ocrx_word' id='word_1_116' title='bbox 1241 583 1291 620; x_wconf 81' lang='grc' dir='ltr'><strong>τὴν</strong></span> <span class='ocrx_word' id='word_1_117' title='bbox 1310 584 1386 610; x_wconf 83' lang='grc' dir='ltr'>θείαν</span> <span class='ocrx_word' id='word_1_118' title='bbox 1404 583 1490 618; x_wconf 82' lang='grc' dir='ltr'>ὀργὴν</span> <span class='ocrx_word' id='word_1_119' title='bbox 1503 583 1577 618; x_wconf 74' lang='grc' dir='ltr'>αὐτῷ</span> <span class='ocrx_word' id='word_1_120' title='bbox 1593 582 1813 619; x_wconf 81' lang='grc' dir='ltr'>προμηνύοντας.</span> <span class='ocrx_word' id='word_1_121' title='bbox 1828 582 1897 609; x_wconf 83' lang='grc' dir='ltr'><strong>Τοῦ-</strong></span> 
     </span>
    </p>
   </div>
   <div class='ocr_carea' id='block_1_19' title="bbox 253 626 1074 665">
    <p class='ocr_par' dir='ltr' id='par_1_19' title="bbox 253 626 1048 662">
     <span class='ocr_line' id='line_1_19' title="bbox 253 626 1048 662; baseline -0.004 -6"><span class='ocrx_word' id='word_1_122' title='bbox 253 630 426 656; x_wconf 89' lang='lat' dir='ltr'><strong>nuntiarent.</strong></span> <span class='ocrx_word' id='word_1_123' title='bbox 458 627 538 656; x_wconf 86' lang='lat' dir='ltr'><strong>llunc</strong></span> <span class='ocrx_word' id='word_1_124' title='bbox 563 627 647 660; x_wconf 58' lang='lat' dir='ltr'><strong>aiunt)</strong></span> <span class='ocrx_word' id='word_1_125' title='bbox 668 626 779 654; x_wconf 83' lang='lat' dir='ltr'><strong>Esaiam</strong></span> <span class='ocrx_word' id='word_1_126' title='bbox 802 634 913 662; x_wconf 86' lang='lat' dir='ltr'><strong>quoque</strong></span> <span class='ocrx_word' id='word_1_127' title='bbox 928 626 1048 662; x_wconf 87' lang='lat' dir='ltr'><strong>prophe-</strong></span> 
     </span>
    </p>
   </div>
   <div class='ocr_carea' id='block_1_20' title="bbox 1076 626 1897 665">
    <p class='ocr_par' dir='ltr' id='par_1_20' title="bbox 1098 628 1897 665">
     <span class='ocr_line' id='line_1_20' title="bbox 1098 628 1897 665; baseline -0.001 -9"><span class='ocrx_word' id='word_1_128' title='bbox 1098 629 1144 656; x_wconf 88' lang='grc' dir='ltr'><strong>τόν</strong></span> <span class='ocrx_word' id='word_1_129' title='bbox 1162 638 1228 664; x_wconf 86' lang='grc' dir='ltr'>φασι</span> <span class='ocrx_word' id='word_1_130' title='bbox 1258 629 1306 657; x_wconf 77' lang='grc' dir='ltr'>καὶ</span> <span class='ocrx_word' id='word_1_131' title='bbox 1322 629 1368 656; x_wconf 83' lang='grc' dir='ltr'>τὸν</span> <span class='ocrx_word' id='word_1_132' title='bbox 1384 630 1529 665; x_wconf 64' lang='grc' dir='ltr'>προφήτην</span> <span class='ocrx_word' id='word_1_133' title='bbox 1547 629 1662 656; x_wconf 77' lang='grc' dir='ltr'>Ἦσαῑαν</span> <span class='ocrx_word' id='word_1_134' title='bbox 1679 629 1771 665; x_wconf 85' lang='grc' dir='ltr'>πρίονι</span> <span class='ocrx_word' id='word_1_135' title='bbox 1790 628 1897 655; x_wconf 83' lang='grc' dir='ltr'><strong>διελεῖν.</strong></span> 
     </span>
    </p>
   </div>
   <div class='ocr_carea' id='block_1_21' title="bbox 252 673 1073 712">
    <p class='ocr_par' dir='ltr' id='par_1_21' title="bbox 252 673 1049 704">
     <span class='ocr_line' id='line_1_21' title="bbox 252 673 1049 704; baseline -0.004 -1"><span class='ocrx_word' id='word_1_136' title='bbox 252 681 308 703; x_wconf 82' lang='lat' dir='ltr'><strong>tam</strong></span> <span class='ocrx_word' id='word_1_137' title='bbox 335 683 412 704; x_wconf 87' lang='lat' dir='ltr'><strong>serra</strong></span> <span class='ocrx_word' id='word_1_138' title='bbox 438 675 575 703; x_wconf 82' lang='lat' dir='ltr'><strong>secuisse.</strong></span> <span class='ocrx_word' id='word_1_139' title='bbox 605 674 763 702; x_wconf 86' lang='lat' dir='ltr'><strong>Manassem</strong></span> <span class='ocrx_word' id='word_1_140' title='bbox 792 681 858 702; x_wconf 81' lang='lat' dir='ltr'><strong>vero</strong></span> <span class='ocrx_word' id='word_1_141' title='bbox 882 673 950 702; x_wconf 80' lang='lat' dir='ltr'><strong>dicit</strong></span> <span class='ocrx_word' id='word_1_142' title='bbox 979 673 1049 700; x_wconf 86' lang='lat' dir='ltr'><strong>liber</strong></span> 
     </span>
    </p>
   </div>
   <div class='ocr_carea' id='block_1_22' title="bbox 1080 673 1901 712">
    <p class='ocr_par' dir='ltr' id='par_1_22' title="bbox 1099 675 1901 712">
     <span class='ocr_line' id='line_1_22' title="bbox 1099 675 1901 712; baseline -0.001 -10"><span class='ocrx_word' id='word_1_143' title='bbox 1099 675 1201 702; x_wconf 83' lang='grc' dir='ltr'>Τοῦτον</span> <span class='ocrx_word' id='word_1_144' title='bbox 1213 676 1243 702; x_wconf 74' lang='grc' dir='ltr'>δέ</span> <span class='ocrx_word' id='word_1_145' title='bbox 1260 684 1354 711; x_wconf 80' lang='grc' dir='ltr'>φησιν,</span> <span class='ocrx_word' id='word_1_146' title='bbox 1367 677 1395 702; x_wconf 82' lang='grc' dir='ltr'>ὲν</span> <span class='ocrx_word' id='word_1_147' title='bbox 1410 675 1667 712; x_wconf 78' lang='grc' dir='ltr'>Παραλειπομέναις</span> <span class='ocrx_word' id='word_1_148' title='bbox 1680 695 1687 709; x_wconf 89' lang='grc'><em>,</em></span> <span class='ocrx_word' id='word_1_149' title='bbox 1703 685 1713 701; x_wconf 79' lang='lat' dir='ltr'><strong>I</strong></span> <span class='ocrx_word' id='word_1_150' title='bbox 1732 675 1901 711; x_wconf 68' lang='grc' dir='ltr'><strong>μεταμελείᾳ</strong></span> 
     </span>
    </p>
   </div>
   <div class='ocr_carea' id='block_1_23' title="bbox 254 713 1075 759">
    <p class='ocr_par' dir='ltr' id='par_1_23' title="bbox 254 713 1048 758">
     <span class='ocr_line' id='line_1_23' title="bbox 254 713 1048 758; baseline -0.004 -8"><span class='ocrx_word' id='word_1_151' title='bbox 254 722 499 758; x_wconf 78' lang='lat' dir='ltr'><strong>Paralipomenon,</strong></span> <span class='ocrx_word' id='word_1_152' title='bbox 522 729 532 748; x_wconf 83' lang='grc' dir='ltr'><strong>ι</strong></span> <span class='ocrx_word' id='word_1_153' title='bbox 552 728 616 748; x_wconf 90' lang='lat' dir='ltr'><strong>cum</strong></span> <span class='ocrx_word' id='word_1_154' title='bbox 632 713 824 756; x_wconf 58' lang='lat' dir='ltr'><strong>paenitentiam</strong></span> <span class='ocrx_word' id='word_1_155' title='bbox 840 724 946 756; x_wconf 73' lang='lat' dir='ltr'><strong>ageret,</strong></span> <span class='ocrx_word' id='word_1_156' title='bbox 963 721 1048 748; x_wconf 84' lang='lat' dir='ltr'><strong>resti-</strong></span> 
     </span>
    </p>
   </div>
   <div class='ocr_carea' id='block_1_24' title="bbox 866 713 1687 759">
    <p class='ocr_par' dir='ltr' id='par_1_24' title="bbox 866 721 1687 759">
     <span class='ocr_line' id='line_1_24' title="bbox 866 721 1687 759; baseline 0.001 -11"><span class='ocrx_word' id='word_1_157' title='bbox 866 724 946 756; x_wconf 66' lang='lat' dir='ltr'><strong>geret,</strong></span> <span class='ocrx_word' id='word_1_158' title='bbox 963 721 1048 748; x_wconf 83' lang='lat' dir='ltr'><strong>resti-</strong></span> <span class='ocrx_word' id='word_1_159' title='bbox 1100 723 1288 759; x_wconf 81' lang='grc' dir='ltr'><strong>χρησάμενον,</strong></span> <span class='ocrx_word' id='word_1_160' title='bbox 1303 724 1395 758; x_wconf 83' lang='grc' dir='ltr'>τυχεῖν</span> <span class='ocrx_word' id='word_1_161' title='bbox 1407 722 1458 758; x_wconf 78' lang='grc' dir='ltr'><strong>τῆς</strong></span> <span class='ocrx_word' id='word_1_162' title='bbox 1472 722 1660 759; x_wconf 81' lang='grc' dir='ltr'>ἀνακλήσεως.</span> <span class='ocrx_word' id='word_1_163' title='bbox 1679 731 1687 749; x_wconf 87' lang='grc' dir='ltr'><strong>ι</strong></span> 
     </span>
    </p>
   </div>
   <div class='ocr_carea' id='block_1_25' title="bbox 255 773 460 796">
    <p class='ocr_par' dir='ltr' id='par_1_25' title="bbox 255 773 460 796">
     <span class='ocr_line' id='line_1_25' title="bbox 255 773 460 796; baseline -0.005 -1"><span class='ocrx_word' id='word_1_164' title='bbox 255 773 344 796; x_wconf 91' lang='lat' dir='ltr'><strong>tutum</strong></span> <span class='ocrx_word' id='word_1_165' title='bbox 361 775 433 796; x_wconf 87' lang='lat' dir='ltr'><strong>esse.</strong></span> <span class='ocrx_word' id='word_1_166' title='bbox 450 777 460 794; x_wconf 71' lang='lat' dir='ltr'>D</span> 
     </span>
    </p>
   </div>
   <div class='ocr_carea' id='block_1_26' title="bbox 507 809 1328 849">
    <p class='ocr_par' dir='ltr' id='par_1_26' title="bbox 507 811 807 849">
     <span class='ocr_line' id='line_1_26' title="bbox 507 811 807 849; baseline -0.007 -8"><span class='ocrx_word' id='word_1_167' title='bbox 507 813 586 841; x_wconf 84' lang='lat' dir='ltr'><strong>CAP.</strong></span> <span class='ocrx_word' id='word_1_168' title='bbox 602 812 676 841; x_wconf 78' lang='lat' dir='ltr'><strong>XXI.</strong></span> <span class='ocrx_word' id='word_1_169' title='bbox 694 811 807 849; x_wconf 79' lang='lat' dir='ltr'><strong>[XXIL]</strong></span> 
     </span>
    </p>
   </div>
   <div class='ocr_carea' id='block_1_27' title="bbox 786 809 1607 849">
    <p class='ocr_par' dir='ltr' id='par_1_27' title="bbox 787 809 1607 848">
     <span class='ocr_line' id='line_1_27' title="bbox 787 809 1607 848; baseline -0.001 -9"><span class='ocrx_word' id='word_1_170' title='bbox 787 811 807 848; x_wconf 78' lang='lat'><strong>.1</strong></span> <span class='ocrx_word' id='word_1_171' title='bbox 1385 809 1515 837; x_wconf 80' lang='grc' dir='ltr'><strong>ΚΕΦΛΛ.</strong></span> <span class='ocrx_word' id='word_1_172' title='bbox 1541 809 1607 838; x_wconf 78' lang='lat' dir='ltr'><strong>KA&#39;.</strong></span> 
     </span>
    </p>
   </div>
   <div class='ocr_carea' id='block_1_28' title="bbox 284 853 1105 892">
    <p class='ocr_par' dir='ltr' id='par_1_28' title="bbox 284 859 1078 892">
     <span class='ocr_line' id='line_1_28' title="bbox 284 859 1078 892; baseline -0.004 -3"><span class='ocrx_word' id='word_1_173' title='bbox 284 861 368 889; x_wconf 74' lang='lat' dir='ltr'><strong>Vens.</strong></span> <span class='ocrx_word' id='word_1_174' title='bbox 387 861 413 888; x_wconf 90' lang='lat'><strong>8.</strong></span> <span class='ocrx_word' id='word_1_175' title='bbox 433 860 544 888; x_wconf 79' lang='lat' dir='ltr'><strong>Librum</strong></span> <span class='ocrx_word' id='word_1_176' title='bbox 560 861 657 888; x_wconf 78' lang='lat' dir='ltr'><strong>inveni.</strong></span> <span class='ocrx_word' id='word_1_177' title='bbox 682 859 938 887; x_wconf 77' lang='lat' dir='ltr'><strong>Deuteronomium.</strong></span> <span class='ocrx_word' id='word_1_178' title='bbox 1065 890 1078 892; x_wconf 14' lang='grc' dir='ltr'><strong>ς</strong></span> 
     </span>
    </p>
   </div>
   <div class='ocr_carea' id='block_1_29' title="bbox 866 853 1687 892">
    <p class='ocr_par' dir='ltr' id='par_1_29' title="bbox 871 853 1687 892">
     <span class='ocr_line' id='line_1_29' title="bbox 871 853 1687 892; baseline -0.004 -5"><span class='ocrx_word' id='word_1_179' title='bbox 871 859 938 887; x_wconf 91' lang='lat' dir='ltr'><strong>ium.</strong></span> <span class='ocrx_word' id='word_1_180' title='bbox 1065 890 1078 892; x_wconf 14' lang='grc' dir='ltr'><strong>ξ</strong></span> <span class='ocrx_word' id='word_1_181' title='bbox 1135 856 1260 883; x_wconf 74' lang='grc' dir='ltr'>Βιϐλίον</span> <span class='ocrx_word' id='word_1_182' title='bbox 1272 853 1376 890; x_wconf 84' lang='grc' dir='ltr'>εὖρον.</span> <span class='ocrx_word' id='word_1_183' title='bbox 1393 856 1448 882; x_wconf 82' lang='grc' dir='ltr'><strong>Τοῦ</strong></span> <span class='ocrx_word' id='word_1_184' title='bbox 1466 857 1687 892; x_wconf 81' lang='grc' dir='ltr'>Δευτερονομίου.</span> 
     </span>
    </p>
   </div>
   <div class='ocr_carea' id='block_1_30' title="bbox 494 890 1315 940">
    <p class='ocr_par' dir='ltr' id='par_1_30' title="bbox 494 890 1107 940">
     <span class='ocr_line' id='line_1_30' title="bbox 494 890 1107 940; baseline -0.013 -8"><span class='ocrx_word' id='word_1_185' title='bbox 494 905 572 932; x_wconf 80' lang='lat' dir='ltr'><strong>CAP.</strong></span> <span class='ocrx_word' id='word_1_186' title='bbox 589 904 673 932; x_wconf 84' lang='lat' dir='ltr'><strong>xxn.</strong></span> <span class='ocrx_word' id='word_1_187' title='bbox 692 904 813 940; x_wconf 67' lang='grc' dir='ltr'>[χχιιι]</span> <span class='ocrx_word' id='word_1_188' title='bbox 906 920 909 924; x_wconf 90' lang='grc'><strong>.</strong></span> <span class='ocrx_word' id='word_1_189' title='bbox 1064 890 1085 918; x_wconf 81' lang='grc' dir='ltr'><strong>Β</strong></span> <span class='ocrx_word' id='word_1_190' title='bbox 1103 894 1107 898; x_wconf 84' lang='grc'><strong>”</strong></span> 
     </span>
    </p>
   </div>
   <div class='ocr_carea' id='block_1_31' title="bbox 793 890 1614 940">
    <p class='ocr_par' dir='ltr' id='par_1_31' title="bbox 793 890 1614 940">
     <span class='ocr_line' id='line_1_31' title="bbox 793 890 1614 940; baseline -0.004 -8"><span class='ocrx_word' id='word_1_191' title='bbox 793 904 813 940; x_wconf 89' lang='grc'>.]</span> <span class='ocrx_word' id='word_1_192' title='bbox 906 920 909 924; x_wconf 93' lang='grc'><strong>-</strong></span> <span class='ocrx_word' id='word_1_193' title='bbox 1064 890 1085 918; x_wconf 73' lang='grc' dir='ltr'>Β</span> <span class='ocrx_word' id='word_1_194' title='bbox 1103 894 1107 898; x_wconf 86' lang='grc'><strong>’</strong></span> <span class='ocrx_word' id='word_1_195' title='bbox 1395 903 1523 930; x_wconf 81' lang='grc' dir='ltr'>ΚΕΦΑΔ.</span> <span class='ocrx_word' id='word_1_196' title='bbox 1551 890 1614 930; x_wconf 69' lang='lat' dir='ltr'><strong>iur.</strong></span> 
     </span>
    </p>
   </div>
   <div class='ocr_carea' id='block_1_32' title="bbox 279 948 1100 985">
    <p class='ocr_par' dir='ltr' id='par_1_32' title="bbox 279 949 1046 981">
     <span class='ocr_line' id='line_1_32' title="bbox 279 949 1046 981; baseline -0.004 -2"><span class='ocrx_word' id='word_1_197' title='bbox 279 951 365 979; x_wconf 81' lang='lat' dir='ltr'><strong>Vens.</strong></span> <span class='ocrx_word' id='word_1_198' title='bbox 386 951 412 978; x_wconf 85' lang='lat'><strong>5.</strong></span> <span class='ocrx_word' id='word_1_199' title='bbox 432 949 586 978; x_wconf 72' lang='lat' dir='ltr'><strong>Maruruth.</strong></span> <span class='ocrx_word' id='word_1_200' title='bbox 622 950 714 978; x_wconf 75' lang='lat' dir='ltr'><strong>Stellae</strong></span> <span class='ocrx_word' id='word_1_201' title='bbox 729 957 830 977; x_wconf 86' lang='lat' dir='ltr'><strong>nomen</strong></span> <span class='ocrx_word' id='word_1_202' title='bbox 841 952 897 981; x_wconf 86' lang='lat' dir='ltr'><strong>est.</strong></span> <span class='ocrx_word' id='word_1_203' title='bbox 915 949 1046 976; x_wconf 85' lang='lat' dir='ltr'><strong>nimirum</strong></span> 
     </span>
    </p>
   </div>
   <div class='ocr_carea' id='block_1_33' title="bbox 1080 948 1901 985">
    <p class='ocr_par' dir='ltr' id='par_1_33' title="bbox 1135 948 1901 985">
     <span class='ocr_line' id='line_1_33' title="bbox 1135 948 1901 985; baseline -0.001 -8"><span class='ocrx_word' id='word_1_204' title='bbox 1135 949 1191 977; x_wconf 81' lang='lat' dir='ltr'><strong>Kal</strong></span> <span class='ocrx_word' id='word_1_205' title='bbox 1209 949 1272 983; x_wconf 83' lang='grc' dir='ltr'>τοῖς</span> <span class='ocrx_word' id='word_1_206' title='bbox 1288 949 1457 984; x_wconf 80' lang='grc' dir='ltr'>Μαζουρώθ.</span> <span class='ocrx_word' id='word_1_207' title='bbox 1475 949 1605 984; x_wconf 84' lang='grc' dir='ltr'><strong>Ἀστέρος</strong></span> <span class='ocrx_word' id='word_1_208' title='bbox 1627 948 1725 985; x_wconf 75' lang='grc' dir='ltr'>δνομα,</span> <span class='ocrx_word' id='word_1_209' title='bbox 1749 951 1788 982; x_wconf 86' lang='grc' dir='ltr'>ὡς</span> <span class='ocrx_word' id='word_1_210' title='bbox 1816 949 1901 982; x_wconf 75' lang='grc' dir='ltr'>εἰκὸς,</span> 
     </span>
    </p>
   </div>
   <div class='ocr_carea' id='block_1_34' title="bbox 254 995 1075 1031">
    <p class='ocr_par' dir='ltr' id='par_1_34' title="bbox 254 999 388 1028">
     <span class='ocr_line' id='line_1_34' title="bbox 254 999 388 1028; baseline -0.007 -1"><span class='ocrx_word' id='word_1_211' title='bbox 254 999 388 1028; x_wconf 72' lang='lat' dir='ltr'><strong>Luciferi.</strong></span> 
     </span>
    </p>
   </div>
   <div class='ocr_carea' id='block_1_35' title="bbox 513 995 1334 1031">
    <p class='ocr_par' dir='ltr' id='par_1_35' title="bbox 1097 995 1334 1031">
     <span class='ocr_line' id='line_1_35' title="bbox 1097 995 1334 1031; baseline 0 -9"><span class='ocrx_word' id='word_1_212' title='bbox 1097 995 1147 1022; x_wconf 81' lang='grc' dir='ltr'>τοῦ</span> <span class='ocrx_word' id='word_1_213' title='bbox 1167 995 1334 1031; x_wconf 74' lang='grc' dir='ltr'>Ἑωσφόρου.</span> 
     </span>
    </p>
   </div>
   <div class='ocr_carea' id='block_1_36' title="bbox 286 1040 1107 1080">
    <p class='ocr_par' dir='ltr' id='par_1_36' title="bbox 286 1043 1048 1080">
     <span class='ocr_line' id='line_1_36' title="bbox 286 1043 1048 1080; baseline -0.004 -7"><span class='ocrx_word' id='word_1_214' title='bbox 286 1045 368 1075; x_wconf 78' lang='lat' dir='ltr'><strong>Vens.</strong></span> <span class='ocrx_word' id='word_1_215' title='bbox 386 1047 412 1073; x_wconf 91' lang='lat'><strong>7.</strong></span> <span class='ocrx_word' id='word_1_216' title='bbox 431 1045 545 1073; x_wconf 84' lang='lat' dir='ltr'><strong>Domum</strong></span> <span class='ocrx_word' id='word_1_217' title='bbox 569 1044 706 1073; x_wconf 72' lang='lat' dir='ltr'><strong>Caderim.</strong></span> <span class='ocrx_word' id='word_1_218' title='bbox 729 1044 883 1080; x_wconf 61' lang='lat' dir='ltr'><strong>IEquivoce</strong></span> <span class='ocrx_word' id='word_1_219' title='bbox 905 1043 1048 1071; x_wconf 67' lang='lat' dir='ltr'><strong>daemonas</strong></span> 
     </span>
    </p>
   </div>
   <div class='ocr_carea' id='block_1_37' title="bbox 1082 1040 1903 1080">
    <p class='ocr_par' dir='ltr' id='par_1_37' title="bbox 1138 1040 1903 1077">
     <span class='ocr_line' id='line_1_37' title="bbox 1138 1040 1903 1077; baseline -0.004 -7"><span class='ocrx_word' id='word_1_220' title='bbox 1138 1042 1195 1070; x_wconf 76' lang='grc' dir='ltr'><strong>Τὸν</strong></span> <span class='ocrx_word' id='word_1_221' title='bbox 1215 1040 1301 1070; x_wconf 76' lang='grc' dir='ltr'>οἶκον</span> <span class='ocrx_word' id='word_1_222' title='bbox 1324 1041 1379 1069; x_wconf 78' lang='grc' dir='ltr'>τὸν</span> <span class='ocrx_word' id='word_1_223' title='bbox 1403 1041 1551 1076; x_wconf 81' lang='grc' dir='ltr'>Καδησίν.</span> <span class='ocrx_word' id='word_1_224' title='bbox 1573 1040 1746 1077; x_wconf 83' lang='grc' dir='ltr'><strong>ὀμωνύμως</strong></span> <span class='ocrx_word' id='word_1_225' title='bbox 1771 1041 1903 1068; x_wconf 71' lang='grc' dir='ltr'>ἐκάλεσεν</span> 
     </span>
    </p>
   </div>
   <div class='ocr_carea' id='block_1_38' title="bbox 253 1088 1074 1127">
    <p class='ocr_par' dir='ltr' id='par_1_38' title="bbox 253 1088 1049 1127">
     <span class='ocr_line' id='line_1_38' title="bbox 253 1088 1049 1127; baseline -0.006 -7"><span class='ocrx_word' id='word_1_226' title='bbox 253 1097 367 1120; x_wconf 72' lang='lat' dir='ltr'><strong>sanctos</strong></span> <span class='ocrx_word' id='word_1_227' title='bbox 389 1091 546 1127; x_wconf 84' lang='lat' dir='ltr'><strong>appellavit.</strong></span> <span class='ocrx_word' id='word_1_228' title='bbox 570 1089 660 1118; x_wconf 77' lang='lat' dir='ltr'><strong>Gades</strong></span> <span class='ocrx_word' id='word_1_229' title='bbox 680 1089 754 1118; x_wconf 87' lang='lat' dir='ltr'><strong>cnim</strong></span> <span class='ocrx_word' id='word_1_230' title='bbox 781 1094 909 1117; x_wconf 83' lang='lat' dir='ltr'><strong>sanctum</strong></span> <span class='ocrx_word' id='word_1_231' title='bbox 942 1088 1049 1124; x_wconf 74' lang='lat' dir='ltr'><strong>signiti-</strong></span> 
     </span>
    </p>
   </div>
   <div class='ocr_carea' id='block_1_39' title="bbox 1081 1088 1902 1127">
    <p class='ocr_par' dir='ltr' id='par_1_39' title="bbox 1101 1088 1902 1124">
     <span class='ocr_line' id='line_1_39' title="bbox 1101 1088 1902 1124; baseline 0 -9"><span class='ocrx_word' id='word_1_232' title='bbox 1101 1088 1196 1124; x_wconf 83' lang='grc' dir='ltr'><strong>ἁγίους</strong></span> <span class='ocrx_word' id='word_1_233' title='bbox 1209 1089 1274 1121; x_wconf 83' lang='grc' dir='ltr'>τοὺς</span> <span class='ocrx_word' id='word_1_234' title='bbox 1292 1088 1435 1123; x_wconf 82' lang='grc' dir='ltr'>δαίμονας.</span> <span class='ocrx_word' id='word_1_235' title='bbox 1457 1088 1551 1124; x_wconf 82' lang='grc' dir='ltr'>Κάδης</span> <span class='ocrx_word' id='word_1_236' title='bbox 1572 1089 1638 1124; x_wconf 78' lang='grc' dir='ltr'>γὰρ,</span> <span class='ocrx_word' id='word_1_237' title='bbox 1660 1089 1691 1115; x_wconf 80' lang='grc' dir='ltr'>τὸ</span> <span class='ocrx_word' id='word_1_238' title='bbox 1713 1088 1802 1123; x_wconf 81' lang='grc' dir='ltr'>ἆγιον,</span> <span class='ocrx_word' id='word_1_239' title='bbox 1819 1089 1857 1116; x_wconf 81' lang='grc' dir='ltr'><strong>Τὸ</strong></span> <span class='ocrx_word' id='word_1_240' title='bbox 1875 1089 1902 1116; x_wconf 74' lang='grc' dir='ltr'>δὲ</span> 
     </span>
    </p>
   </div>
   <div class='ocr_carea' id='block_1_40' title="bbox 253 1133 1074 1172">
    <p class='ocr_par' dir='ltr' id='par_1_40' title="bbox 253 1133 1048 1170">
     <span class='ocr_line' id='line_1_40' title="bbox 253 1133 1048 1170; baseline -0.005 -6"><span class='ocrx_word' id='word_1_241' title='bbox 253 1143 315 1170; x_wconf 71' lang='lat' dir='ltr'><strong>rat;</strong></span> <span class='ocrx_word' id='word_1_242' title='bbox 341 1137 435 1164; x_wconf 87' lang='lat' dir='ltr'><strong>lucum</strong></span> <span class='ocrx_word' id='word_1_243' title='bbox 448 1143 527 1168; x_wconf 81' lang='lat' dir='ltr'><strong>vero,</strong></span> <span class='ocrx_word' id='word_1_244' title='bbox 543 1139 574 1162; x_wconf 92' lang='lat' dir='ltr'><strong>ut</strong></span> <span class='ocrx_word' id='word_1_245' title='bbox 595 1134 701 1162; x_wconf 87' lang='lat' dir='ltr'><strong>dictum</strong></span> <span class='ocrx_word' id='word_1_246' title='bbox 727 1138 780 1167; x_wconf 85' lang='lat' dir='ltr'><strong>est,</strong></span> <span class='ocrx_word' id='word_1_247' title='bbox 802 1134 904 1170; x_wconf 87' lang='lat' dir='ltr'><strong>reliqui</strong></span> <span class='ocrx_word' id='word_1_248' title='bbox 917 1133 1048 1167; x_wconf 82' lang='lat' dir='ltr'><strong>Aserotb,</strong></span> 
     </span>
    </p>
   </div>
   <div class='ocr_carea' id='block_1_41' title="bbox 1080 1133 1901 1172">
    <p class='ocr_par' dir='ltr' id='par_1_41' title="bbox 1101 1134 1901 1172">
     <span class='ocr_line' id='line_1_41' title="bbox 1101 1134 1901 1172; baseline -0.001 -10"><span class='ocrx_word' id='word_1_249' title='bbox 1101 1135 1194 1168; x_wconf 78' lang='grc' dir='ltr'>ἄλσος,</span> <span class='ocrx_word' id='word_1_250' title='bbox 1215 1135 1253 1166; x_wconf 81' lang='grc' dir='ltr'>ὼς</span> <span class='ocrx_word' id='word_1_251' title='bbox 1278 1135 1400 1172; x_wconf 73' lang='grc' dir='ltr'>εἴρηται,</span> <span class='ocrx_word' id='word_1_252' title='bbox 1421 1135 1447 1161; x_wconf 80' lang='grc' dir='ltr'><strong>οἱ</strong></span> <span class='ocrx_word' id='word_1_253' title='bbox 1469 1135 1558 1162; x_wconf 73' lang='grc' dir='ltr'>λοιποὶ</span> <span class='ocrx_word' id='word_1_254' title='bbox 1573 1134 1698 1170; x_wconf 83' lang='grc' dir='ltr'>Ἀσηρὼο</span> <span class='ocrx_word' id='word_1_255' title='bbox 1723 1134 1901 1170; x_wconf 75' lang='grc' dir='ltr'>ῆἋσταρὼθ</span> 
     </span>
    </p>
   </div>
   <div class='ocr_carea' id='block_1_42' title="bbox 255 1179 1076 1218">
    <p class='ocr_par' dir='ltr' id='par_1_42' title="bbox 255 1179 1049 1216">
     <span class='ocr_line' id='line_1_42' title="bbox 255 1179 1049 1216; baseline -0.003 -8"><span class='ocrx_word' id='word_1_256' title='bbox 255 1183 298 1210; x_wconf 73' lang='lat' dir='ltr'><strong>vel</strong></span> <span class='ocrx_word' id='word_1_257' title='bbox 326 1183 456 1210; x_wconf 81' lang='lat' dir='ltr'><strong>Astaroth</strong></span> <span class='ocrx_word' id='word_1_258' title='bbox 485 1185 640 1216; x_wconf 80' lang='lat' dir='ltr'><strong>exponunt,</strong></span> <span class='ocrx_word' id='word_1_259' title='bbox 659 1180 733 1216; x_wconf 86' lang='lat' dir='ltr'><strong>quod</strong></span> <span class='ocrx_word' id='word_1_260' title='bbox 751 1182 882 1208; x_wconf 80' lang='lat' dir='ltr'><strong>Astarten</strong></span> <span class='ocrx_word' id='word_1_261' title='bbox 899 1179 1049 1216; x_wconf 78' lang='lat' dir='ltr'><strong>signiﬁcat.</strong></span> 
     </span>
    </p>
   </div>
   <div class='ocr_carea' id='block_1_43' title="bbox 1080 1179 1901 1218">
    <p class='ocr_par' dir='ltr' id='par_1_43' title="bbox 1102 1181 1901 1218">
     <span class='ocr_line' id='line_1_43' title="bbox 1102 1181 1901 1218; baseline -0.001 -9"><span class='ocrx_word' id='word_1_262' title='bbox 1102 1181 1315 1218; x_wconf 74' lang='grc' dir='ltr'>ἑρμηνεύουσιν,</span> <span class='ocrx_word' id='word_1_263' title='bbox 1326 1182 1340 1208; x_wconf 78' lang='grc' dir='ltr'><strong>ὃ</strong></span> <span class='ocrx_word' id='word_1_264' title='bbox 1351 1182 1402 1217; x_wconf 85' lang='grc' dir='ltr'><strong>τὴν</strong></span> <span class='ocrx_word' id='word_1_265' title='bbox 1416 1182 1571 1217; x_wconf 79' lang='grc' dir='ltr'><strong>Ἀστάρτην</strong></span> <span class='ocrx_word' id='word_1_266' title='bbox 1585 1181 1670 1217; x_wconf 76' lang='grc' dir='ltr'>δηλοῖ.</span> <span class='ocrx_word' id='word_1_267' title='bbox 1688 1181 1744 1216; x_wconf 81' lang='grc' dir='ltr'><strong>Τῆς</strong></span> <span class='ocrx_word' id='word_1_268' title='bbox 1759 1181 1790 1208; x_wconf 78' lang='grc' dir='ltr'>δὲ</span> <span class='ocrx_word' id='word_1_269' title='bbox 1802 1181 1901 1216; x_wconf 74' lang='grc' dir='ltr'>’Δφρο-</span> 
     </span>
    </p>
   </div>
   <div class='ocr_carea' id='block_1_44' title="bbox 254 1226 1075 1264">
    <p class='ocr_par' dir='ltr' id='par_1_44' title="bbox 254 1226 1052 1261">
     <span class='ocr_line' id='line_1_44' title="bbox 254 1226 1052 1261; baseline -0.003 -6"><span class='ocrx_word' id='word_1_270' title='bbox 254 1228 371 1256; x_wconf 71' lang='lat' dir='ltr'><strong>Veneris</strong></span> <span class='ocrx_word' id='word_1_271' title='bbox 399 1232 492 1255; x_wconf 85' lang='lat' dir='ltr'><strong>autem</strong></span> <span class='ocrx_word' id='word_1_272' title='bbox 516 1231 638 1256; x_wconf 85' lang='lat' dir='ltr'><strong>statuam</strong></span> <span class='ocrx_word' id='word_1_273' title='bbox 654 1228 731 1254; x_wconf 89' lang='lat' dir='ltr'><strong>intus</strong></span> <span class='ocrx_word' id='word_1_274' title='bbox 752 1226 780 1254; x_wconf 91' lang='lat' dir='ltr'><strong>in</strong></span> <span class='ocrx_word' id='word_1_275' title='bbox 799 1226 847 1254; x_wconf 84' lang='lat' dir='ltr'><strong>Dei</strong></span> <span class='ocrx_word' id='word_1_276' title='bbox 863 1226 967 1261; x_wconf 90' lang='lat' dir='ltr'><strong>templo</strong></span> <span class='ocrx_word' id='word_1_277' title='bbox 981 1234 1052 1254; x_wconf 78' lang='lat' dir='ltr'><strong>con-</strong></span> 
     </span>
    </p>
   </div>
   <div class='ocr_carea' id='block_1_45' title="bbox 1082 1226 1903 1264">
    <p class='ocr_par' dir='ltr' id='par_1_45' title="bbox 1102 1227 1903 1264">
     <span class='ocr_line' id='line_1_45' title="bbox 1102 1227 1903 1264; baseline -0.001 -9"><span class='ocrx_word' id='word_1_278' title='bbox 1102 1228 1179 1264; x_wconf 84' lang='grc' dir='ltr'>δίτης</span> <span class='ocrx_word' id='word_1_279' title='bbox 1197 1228 1228 1255; x_wconf 80' lang='grc' dir='ltr'>τὸ</span> <span class='ocrx_word' id='word_1_280' title='bbox 1244 1228 1339 1260; x_wconf 81' lang='grc' dir='ltr'>ξόανον</span> <span class='ocrx_word' id='word_1_281' title='bbox 1360 1227 1435 1254; x_wconf 69' lang='grc' dir='ltr'>ἔνδον</span> <span class='ocrx_word' id='word_1_282' title='bbox 1459 1227 1580 1263; x_wconf 73' lang='grc' dir='ltr'>ἔστησαν</span> <span class='ocrx_word' id='word_1_283' title='bbox 1599 1228 1629 1254; x_wconf 71' lang='grc' dir='ltr'>ἐν</span> <span class='ocrx_word' id='word_1_284' title='bbox 1649 1227 1689 1263; x_wconf 85' lang='grc' dir='ltr'>τῷ</span> <span class='ocrx_word' id='word_1_285' title='bbox 1706 1227 1771 1263; x_wconf 82' lang='grc' dir='ltr'>θείῳ</span> <span class='ocrx_word' id='word_1_286' title='bbox 1785 1227 1852 1263; x_wconf 84' lang='grc' dir='ltr'>νεῷ.</span> <span class='ocrx_word' id='word_1_287' title='bbox 1867 1228 1903 1254; x_wconf 78' lang='grc' dir='ltr'>Τδ</span> 
     </span>
    </p>
   </div>
   <div class='ocr_carea' id='block_1_46' title="bbox 254 1270 1075 1309">
    <p class='ocr_par' dir='ltr' id='par_1_46' title="bbox 254 1271 1050 1306">
     <span class='ocr_line' id='line_1_46' title="bbox 254 1271 1050 1306; baseline -0.006 -4"><span class='ocrx_word' id='word_1_288' title='bbox 254 1276 415 1302; x_wconf 82' lang='lat' dir='ltr'><strong>stituerunt.</strong></span> <span class='ocrx_word' id='word_1_289' title='bbox 442 1272 514 1301; x_wconf 82' lang='lat' dir='ltr'><strong>Illud</strong></span> <span class='ocrx_word' id='word_1_290' title='bbox 539 1280 618 1305; x_wconf 85' lang='lat' dir='ltr'><strong>vero,</strong></span> <span class='ocrx_word' id='word_1_291' title='bbox 648 1272 677 1299; x_wconf 80' lang='lat' dir='ltr'><strong>in</strong></span> <span class='ocrx_word' id='word_1_292' title='bbox 700 1280 751 1306; x_wconf 86' lang='lat' dir='ltr'><strong>quo</strong></span> <span class='ocrx_word' id='word_1_293' title='bbox 763 1271 888 1298; x_wconf 69' lang='lat' dir='ltr'><strong>muliere:</strong></span> <span class='ocrx_word' id='word_1_294' title='bbox 915 1271 1050 1304; x_wconf 72' lang='lat' dir='ltr'><strong>texebant,</strong></span> 
     </span>
    </p>
   </div>
   <div class='ocr_carea' id='block_1_47' title="bbox 1081 1270 1902 1309">
    <p class='ocr_par' dir='ltr' id='par_1_47' title="bbox 1102 1270 1902 1309">
     <span class='ocr_line' id='line_1_47' title="bbox 1102 1270 1902 1309; baseline -0.003 -8"><span class='ocrx_word' id='word_1_295' title='bbox 1102 1274 1142 1306; x_wconf 81' lang='grc' dir='ltr'><strong>δὲ,</strong></span> <span class='ocrx_word' id='word_1_296' title='bbox 1156 1274 1192 1301; x_wconf 84' lang='grc' dir='ltr'>ἐν</span> <span class='ocrx_word' id='word_1_297' title='bbox 1204 1270 1229 1308; x_wconf 83' lang='grc' dir='ltr'><strong>ᾧ</strong></span> <span class='ocrx_word' id='word_1_298' title='bbox 1243 1275 1273 1300; x_wconf 80' lang='grc' dir='ltr'>αι</span> <span class='ocrx_word' id='word_1_299' title='bbox 1288 1273 1431 1309; x_wconf 76' lang='grc' dir='ltr'>γυναῖκες</span> <span class='ocrx_word' id='word_1_300' title='bbox 1449 1273 1590 1308; x_wconf 67' lang='grc' dir='ltr'>ὕφαινον,</span> <span class='ocrx_word' id='word_1_301' title='bbox 1613 1273 1730 1304; x_wconf 79' lang='grc' dir='ltr'><strong>Ἀκύλας</strong></span> <span class='ocrx_word' id='word_1_302' title='bbox 1750 1272 1839 1304; x_wconf 80' lang='grc' dir='ltr'>οὕτως</span> <span class='ocrx_word' id='word_1_303' title='bbox 1857 1273 1902 1308; x_wconf 80' lang='grc' dir='ltr'><strong>ἐρ-</strong></span> 
     </span>
    </p>
   </div>
   <div class='ocr_carea' id='block_1_48' title="bbox 255 1316 1076 1357">
    <p class='ocr_par' dir='ltr' id='par_1_48' title="bbox 255 1316 1051 1356">
     <span class='ocr_line' id='line_1_48' title="bbox 255 1316 1051 1356; baseline -0.005 -8"><span class='ocrx_word' id='word_1_304' title='bbox 255 1320 355 1356; x_wconf 82' lang='lat' dir='ltr'><strong>Aquila</strong></span> <span class='ocrx_word' id='word_1_305' title='bbox 383 1320 423 1348; x_wconf 89' lang='lat' dir='ltr'><strong>sic</strong></span> <span class='ocrx_word' id='word_1_306' title='bbox 441 1320 642 1354; x_wconf 87' lang='lat' dir='ltr'><strong>interpretatus</strong></span> <span class='ocrx_word' id='word_1_307' title='bbox 667 1324 728 1346; x_wconf 84' lang='lat' dir='ltr'><strong>est:</strong></span> <span class='ocrx_word' id='word_1_308' title='bbox 748 1317 800 1346; x_wconf 85' lang='lat' dir='ltr'><strong>Ubi</strong></span> <span class='ocrx_word' id='word_1_309' title='bbox 821 1317 984 1345; x_wconf 83' lang='lat' dir='ltr'><strong>indumenta</strong></span> <span class='ocrx_word' id='word_1_310' title='bbox 1010 1316 1051 1345; x_wconf 74' lang='lat' dir='ltr'><strong>fa-</strong></span> 
     </span>
    </p>
   </div>
   <div class='ocr_carea' id='block_1_49' title="bbox 1081 1316 1902 1357">
    <p class='ocr_par' dir='ltr' id='par_1_49' title="bbox 1104 1317 1902 1357">
     <span class='ocr_line' id='line_1_49' title="bbox 1104 1317 1902 1357; baseline -0.003 -9"><span class='ocrx_word' id='word_1_311' title='bbox 1104 1321 1251 1357; x_wconf 79' lang='grc' dir='ltr'>μήνευσεν,</span> <span class='ocrx_word' id='word_1_312' title='bbox 1265 1317 1304 1347; x_wconf 74' lang='grc' dir='ltr'>Οὗ</span> <span class='ocrx_word' id='word_1_313' title='bbox 1326 1321 1436 1347; x_wconf 83' lang='grc' dir='ltr'>ἐποίουν</span> <span class='ocrx_word' id='word_1_314' title='bbox 1459 1319 1596 1354; x_wconf 82' lang='grc' dir='ltr'><strong>ἐνδύματα</strong></span> <span class='ocrx_word' id='word_1_315' title='bbox 1611 1321 1668 1352; x_wconf 76' lang='grc' dir='ltr'>τοῖς</span> <span class='ocrx_word' id='word_1_316' title='bbox 1690 1319 1902 1356; x_wconf 73' lang='grc' dir='ltr'>ὲκπορνεύουσιν</span> 
     </span>
    </p>
   </div>
   <div class='ocr_carea' id='block_1_50' title="bbox 254 1363 1075 1404">
    <p class='ocr_par' dir='ltr' id='par_1_50' title="bbox 254 1363 961 1401">
     <span class='ocr_line' id='line_1_50' title="bbox 254 1363 961 1401; baseline -0.006 -7"><span class='ocrx_word' id='word_1_317' title='bbox 254 1367 365 1395; x_wconf 87' lang='lat' dir='ltr'><strong>ciebant</strong></span> <span class='ocrx_word' id='word_1_318' title='bbox 381 1366 449 1398; x_wconf 85' lang='lat' dir='ltr'><strong>illis,</strong></span> <span class='ocrx_word' id='word_1_319' title='bbox 471 1365 518 1401; x_wconf 90' lang='lat' dir='ltr'><strong>qui</strong></span> <span class='ocrx_word' id='word_1_320' title='bbox 536 1372 552 1392; x_wconf 85' lang='lat' dir='ltr'><strong>a</strong></span> <span class='ocrx_word' id='word_1_321' title='bbox 572 1364 690 1392; x_wconf 86' lang='lat' dir='ltr'><strong>Domino</strong></span> <span class='ocrx_word' id='word_1_322' title='bbox 707 1363 838 1390; x_wconf 77' lang='lat' dir='ltr'><strong>fornicati</strong></span> <span class='ocrx_word' id='word_1_323' title='bbox 856 1367 961 1391; x_wconf 81' lang='lat' dir='ltr'><strong>essent.</strong></span> 
     </span>
    </p>
   </div>
   <div class='ocr_carea' id='block_1_51' title="bbox 471 1363 1292 1404">
    <p class='ocr_par' dir='ltr' id='par_1_51' title="bbox 471 1363 1292 1404">
     <span class='ocr_line' id='line_1_51' title="bbox 471 1363 1292 1404; baseline -0.001 -12"><span class='ocrx_word' id='word_1_324' title='bbox 471 1365 518 1401; x_wconf 90' lang='lat' dir='ltr'><strong>qui</strong></span> <span class='ocrx_word' id='word_1_325' title='bbox 536 1372 552 1392; x_wconf 85' lang='lat' dir='ltr'><strong>a</strong></span> <span class='ocrx_word' id='word_1_326' title='bbox 572 1364 690 1392; x_wconf 86' lang='lat' dir='ltr'><strong>Domino</strong></span> <span class='ocrx_word' id='word_1_327' title='bbox 707 1363 838 1390; x_wconf 77' lang='lat' dir='ltr'><strong>fornicati</strong></span> <span class='ocrx_word' id='word_1_328' title='bbox 856 1367 961 1391; x_wconf 85' lang='lat' dir='ltr'><strong>essent.</strong></span> <span class='ocrx_word' id='word_1_329' title='bbox 1103 1368 1158 1395; x_wconf 83' lang='grc' dir='ltr'><strong>ἀπὸ</strong></span> <span class='ocrx_word' id='word_1_330' title='bbox 1174 1368 1292 1404; x_wconf 80' lang='grc' dir='ltr'>Κυρίου,</span> 
     </span>
    </p>
   </div>
   <div class='ocr_carea' id='block_1_52' title="bbox 287 1409 1108 1448">
    <p class='ocr_par' dir='ltr' id='par_1_52' title="bbox 287 1409 1052 1441">
     <span class='ocr_line' id='line_1_52' title="bbox 287 1409 1052 1441; baseline -0.005 0"><span class='ocrx_word' id='word_1_331' title='bbox 287 1413 370 1441; x_wconf 73' lang='lat' dir='ltr'><strong>Vens.</strong></span> <span class='ocrx_word' id='word_1_332' title='bbox 386 1413 413 1440; x_wconf 86' lang='lat'><strong>9.</strong></span> <span class='ocrx_word' id='word_1_333' title='bbox 431 1412 484 1439; x_wconf 80' lang='lat' dir='ltr'><strong>Sed</strong></span> <span class='ocrx_word' id='word_1_334' title='bbox 499 1411 650 1439; x_wconf 73' lang='lat' dir='ltr'><strong>sacerdotes</strong></span> <span class='ocrx_word' id='word_1_335' title='bbox 661 1409 828 1438; x_wconf 72' lang='lat' dir='ltr'><strong>excelsorum</strong></span> <span class='ocrx_word' id='word_1_336' title='bbox 842 1409 878 1437; x_wconf 83' lang='lat' dir='ltr'><strong>ad</strong></span> <span class='ocrx_word' id='word_1_337' title='bbox 897 1410 986 1437; x_wconf 80' lang='lat' dir='ltr'><strong>altare</strong></span> <span class='ocrx_word' id='word_1_338' title='bbox 1003 1409 1052 1437; x_wconf 85' lang='lat' dir='ltr'><strong>Dei</strong></span> 
     </span>
    </p>
   </div>
   <div class='ocr_carea' id='block_1_53' title="bbox 1081 1409 1902 1448">
    <p class='ocr_par' dir='ltr' id='par_1_53' title="bbox 1138 1412 1902 1448">
     <span class='ocr_line' id='line_1_53' title="bbox 1138 1412 1902 1448; baseline -0.001 -8"><span class='ocrx_word' id='word_1_339' title='bbox 1138 1413 1226 1448; x_wconf 72' lang='grc' dir='ltr'><strong>Πλὴν</strong></span> <span class='ocrx_word' id='word_1_340' title='bbox 1235 1415 1290 1440; x_wconf 79' lang='grc' dir='ltr'>οὐκ</span> <span class='ocrx_word' id='word_1_341' title='bbox 1302 1413 1459 1447; x_wconf 76' lang='grc' dir='ltr'>ἀνέϐησαν</span> <span class='ocrx_word' id='word_1_342' title='bbox 1475 1414 1503 1440; x_wconf 88' lang='lat' dir='ltr'><strong>ol</strong></span> <span class='ocrx_word' id='word_1_343' title='bbox 1513 1412 1600 1448; x_wconf 81' lang='grc' dir='ltr'>ιερεῖς</span> <span class='ocrx_word' id='word_1_344' title='bbox 1609 1412 1669 1440; x_wconf 79' lang='grc' dir='ltr'>τῶν</span> <span class='ocrx_word' id='word_1_345' title='bbox 1683 1412 1814 1448; x_wconf 67' lang='grc' dir='ltr'><em>ὑψηλῶν</em></span> <span class='ocrx_word' id='word_1_346' title='bbox 1829 1412 1902 1447; x_wconf 74' lang='grc' dir='ltr'>πρὸς·</span> 
     </span>
    </p>
   </div>
   <div class='ocr_carea' id='block_1_54' title="bbox 255 1457 1076 1496">
    <p class='ocr_par' dir='ltr' id='par_1_54' title="bbox 255 1457 1052 1492">
     <span class='ocr_line' id='line_1_54' title="bbox 255 1457 1052 1492; baseline -0.006 -4"><span class='ocrx_word' id='word_1_347' title='bbox 255 1469 307 1488; x_wconf 85' lang='lat' dir='ltr'><strong>non</strong></span> <span class='ocrx_word' id='word_1_348' title='bbox 336 1458 522 1487; x_wconf 75' lang='lat' dir='ltr'><strong>ascenderunt.</strong></span> <span class='ocrx_word' id='word_1_349' title='bbox 547 1457 664 1486; x_wconf 82' lang='lat' dir='ltr'><strong>Excelsa</strong></span> <span class='ocrx_word' id='word_1_350' title='bbox 690 1458 792 1486; x_wconf 90' lang='lat' dir='ltr'><strong>iterum</strong></span> <span class='ocrx_word' id='word_1_351' title='bbox 821 1464 877 1484; x_wconf 91' lang='lat' dir='ltr'><strong>non</strong></span> <span class='ocrx_word' id='word_1_352' title='bbox 903 1457 1052 1492; x_wconf 87' lang='lat' dir='ltr'><strong>appellavit</strong></span> 
     </span>
    </p>
   </div>
   <div class='ocr_carea' id='block_1_55' title="bbox 1079 1457 1900 1496">
    <p class='ocr_par' dir='ltr' id='par_1_55' title="bbox 1104 1459 1900 1496">
     <span class='ocr_line' id='line_1_55' title="bbox 1104 1459 1900 1496; baseline 0 -9"><span class='ocrx_word' id='word_1_353' title='bbox 1104 1460 1138 1487; x_wconf 85' lang='grc' dir='ltr'>τὸ</span> <span class='ocrx_word' id='word_1_354' title='bbox 1147 1460 1369 1495; x_wconf 79' lang='grc' dir='ltr'><strong>θυσιαστήριον</strong></span> <span class='ocrx_word' id='word_1_355' title='bbox 1384 1460 1439 1487; x_wconf 84' lang='grc' dir='ltr'>τοῦ</span> <span class='ocrx_word' id='word_1_356' title='bbox 1454 1460 1577 1495; x_wconf 83' lang='grc' dir='ltr'><strong>Κυρίου.</strong></span> <span class='ocrx_word' id='word_1_357' title='bbox 1601 1459 1709 1496; x_wconf 79' lang='grc' dir='ltr'>’Υψηλὰ</span> <span class='ocrx_word' id='word_1_358' title='bbox 1724 1460 1806 1487; x_wconf 79' lang='grc' dir='ltr'>πάλιν</span> <span class='ocrx_word' id='word_1_359' title='bbox 1819 1460 1852 1487; x_wconf 83' lang='grc' dir='ltr'>οὐ</span> <span class='ocrx_word' id='word_1_360' title='bbox 1868 1461 1900 1487; x_wconf 72' lang='grc' dir='ltr'>τὰ</span> 
     </span>
    </p>
   </div>
   <div class='ocr_carea' id='block_1_56' title="bbox 255 1503 1076 1542">
    <p class='ocr_par' dir='ltr' id='par_1_56' title="bbox 255 1503 1053 1539">
     <span class='ocr_line' id='line_1_56' title="bbox 255 1503 1053 1539; baseline -0.008 -4"><span class='ocrx_word' id='word_1_361' title='bbox 255 1507 355 1535; x_wconf 81' lang='lat' dir='ltr'><strong>altaria</strong></span> <span class='ocrx_word' id='word_1_362' title='bbox 378 1506 528 1539; x_wconf 90' lang='lat' dir='ltr'><strong>idolorum,</strong></span> <span class='ocrx_word' id='word_1_363' title='bbox 558 1505 606 1533; x_wconf 86' lang='lat' dir='ltr'><strong>sed</strong></span> <span class='ocrx_word' id='word_1_364' title='bbox 624 1504 684 1536; x_wconf 89' lang='lat' dir='ltr'><strong>Dei,</strong></span> <span class='ocrx_word' id='word_1_365' title='bbox 706 1511 768 1539; x_wconf 67' lang='lat' dir='ltr'><strong>quae</strong></span> <span class='ocrx_word' id='word_1_366' title='bbox 784 1503 812 1531; x_wconf 92' lang='lat' dir='ltr'><strong>in</strong></span> <span class='ocrx_word' id='word_1_367' title='bbox 829 1503 950 1531; x_wconf 86' lang='lat' dir='ltr'><strong>excelsis</strong></span> <span class='ocrx_word' id='word_1_368' title='bbox 972 1507 1053 1530; x_wconf 79' lang='lat' dir='ltr'><strong>erant</strong></span> 
     </span>
    </p>
   </div>
   <div class='ocr_carea' id='block_1_57' title="bbox 1080 1503 1901 1542">
    <p class='ocr_par' dir='ltr' id='par_1_57' title="bbox 1104 1505 1901 1542">
     <span class='ocr_line' id='line_1_57' title="bbox 1104 1505 1901 1542; baseline 0 -10"><span class='ocrx_word' id='word_1_369' title='bbox 1104 1505 1160 1532; x_wconf 86' lang='grc' dir='ltr'>τῶν</span> <span class='ocrx_word' id='word_1_370' title='bbox 1179 1505 1310 1537; x_wconf 84' lang='grc' dir='ltr'>εἰδώλων,</span> <span class='ocrx_word' id='word_1_371' title='bbox 1342 1505 1410 1533; x_wconf 83' lang='grc' dir='ltr'>ἀλλὰ</span> <span class='ocrx_word' id='word_1_372' title='bbox 1443 1507 1479 1533; x_wconf 78' lang='grc' dir='ltr'>τὰ</span> <span class='ocrx_word' id='word_1_373' title='bbox 1501 1505 1550 1532; x_wconf 81' lang='grc' dir='ltr'><strong>τοῦ</strong></span> <span class='ocrx_word' id='word_1_374' title='bbox 1575 1505 1644 1533; x_wconf 82' lang='grc' dir='ltr'><strong>Θεοῦ</strong></span> <span class='ocrx_word' id='word_1_375' title='bbox 1661 1505 1846 1542; x_wconf 83' lang='grc' dir='ltr'>θυσιαστήρια</span> <span class='ocrx_word' id='word_1_376' title='bbox 1857 1507 1901 1532; x_wconf 84' lang='grc' dir='ltr'><strong>κέ-</strong></span> 
     </span>
    </p>
   </div>
   <div class='ocr_carea' id='block_1_58' title="bbox 255 1549 1076 1594">
    <p class='ocr_par' dir='ltr' id='par_1_58' title="bbox 255 1549 1076 1594">
     <span class='ocr_line' id='line_1_58' title="bbox 255 1549 1076 1594; baseline -0.007 -12"><span class='ocrx_word' id='word_1_377' title='bbox 255 1557 429 1583; x_wconf 83' lang='lat' dir='ltr'><strong>constructa.</strong></span> <span class='ocrx_word' id='word_1_378' title='bbox 447 1552 512 1580; x_wconf 90' lang='lat' dir='ltr'><strong>lllos</strong></span> <span class='ocrx_word' id='word_1_379' title='bbox 523 1559 600 1584; x_wconf 88' lang='lat' dir='ltr'><strong>vero,</strong></span> <span class='ocrx_word' id='word_1_380' title='bbox 613 1551 660 1586; x_wconf 85' lang='lat' dir='ltr'><strong>qui</strong></span> <span class='ocrx_word' id='word_1_381' title='bbox 685 1558 719 1578; x_wconf 86' lang='lat' dir='ltr'><strong>ex</strong></span> <span class='ocrx_word' id='word_1_382' title='bbox 737 1550 869 1586; x_wconf 83' lang='lat' dir='ltr'><strong>prosapia</strong></span> <span class='ocrx_word' id='word_1_383' title='bbox 883 1549 1050 1577; x_wconf 83' lang='lat' dir='ltr'><strong>sacerdotali</strong></span> <span class='ocrx_word' id='word_1_384' title='bbox 1066 1564 1076 1594; x_wconf 49' lang='grc' dir='ltr'><strong>ε</strong></span> 
     </span>
    </p>
   </div>
   <div class='ocr_carea' id='block_1_59' title="bbox 1080 1549 1901 1594">
    <p class='ocr_par' dir='ltr' id='par_1_59' title="bbox 1080 1551 1901 1594">
     <span class='ocr_line' id='line_1_59' title="bbox 1080 1551 1901 1594; baseline 0.001 -16"><span class='ocrx_word' id='word_1_385' title='bbox 1080 1563 1089 1594; x_wconf 56' lang='grc' dir='ltr'><strong>ι</strong></span> <span class='ocrx_word' id='word_1_386' title='bbox 1105 1551 1203 1587; x_wconf 84' lang='grc' dir='ltr'>κληκε,</span> <span class='ocrx_word' id='word_1_387' title='bbox 1215 1551 1250 1578; x_wconf 83' lang='grc' dir='ltr'>τὰ</span> <span class='ocrx_word' id='word_1_388' title='bbox 1262 1552 1291 1578; x_wconf 75' lang='grc' dir='ltr'>ὲν</span> <span class='ocrx_word' id='word_1_389' title='bbox 1302 1552 1358 1584; x_wconf 78' lang='grc' dir='ltr'>τοῖς</span> <span class='ocrx_word' id='word_1_390' title='bbox 1378 1551 1503 1587; x_wconf 80' lang='grc' dir='ltr'>ὑψηλοῖς.</span> <span class='ocrx_word' id='word_1_391' title='bbox 1518 1552 1588 1584; x_wconf 82' lang='grc' dir='ltr'><strong>Τοὺς</strong></span> <span class='ocrx_word' id='word_1_392' title='bbox 1613 1551 1644 1584; x_wconf 73' lang='grc' dir='ltr'><strong>ἐξ</strong></span> <span class='ocrx_word' id='word_1_393' title='bbox 1661 1552 1801 1587; x_wconf 72' lang='grc' dir='ltr'>ἱερατικοῦ</span> <span class='ocrx_word' id='word_1_394' title='bbox 1817 1552 1847 1579; x_wconf 80' lang='grc' dir='ltr'>δὲ</span> <span class='ocrx_word' id='word_1_395' title='bbox 1857 1552 1901 1586; x_wconf 81' lang='grc' dir='ltr'><strong>γέ-</strong></span> 
     </span>
    </p>
   </div>
   <div class='ocr_carea' id='block_1_60' title="bbox 254 1596 1075 1636">
    <p class='ocr_par' dir='ltr' id='par_1_60' title="bbox 254 1596 1049 1633">
     <span class='ocr_line' id='line_1_60' title="bbox 254 1596 1049 1633; baseline -0.009 -4"><span class='ocrx_word' id='word_1_396' title='bbox 254 1604 345 1633; x_wconf 82' lang='lat' dir='ltr'><strong>erant,</strong></span> <span class='ocrx_word' id='word_1_397' title='bbox 366 1600 399 1628; x_wconf 88' lang='lat' dir='ltr'><strong>ad</strong></span> <span class='ocrx_word' id='word_1_398' title='bbox 416 1599 503 1627; x_wconf 89' lang='lat' dir='ltr'><strong>altare</strong></span> <span class='ocrx_word' id='word_1_399' title='bbox 525 1597 647 1631; x_wconf 88' lang='lat' dir='ltr'><strong>Domini,</strong></span> <span class='ocrx_word' id='word_1_400' title='bbox 666 1596 741 1632; x_wconf 91' lang='lat' dir='ltr'><strong>quod</strong></span> <span class='ocrx_word' id='word_1_401' title='bbox 762 1596 963 1632; x_wconf 87' lang='lat' dir='ltr'><strong>Hierosolymis</strong></span> <span class='ocrx_word' id='word_1_402' title='bbox 977 1599 1049 1630; x_wconf 85' lang='lat' dir='ltr'><strong>erat,</strong></span> 
     </span>
    </p>
   </div>
   <div class='ocr_carea' id='block_1_61' title="bbox 1079 1596 1900 1636">
    <p class='ocr_par' dir='ltr' id='par_1_61' title="bbox 1104 1599 1900 1636">
     <span class='ocr_line' id='line_1_61' title="bbox 1104 1599 1900 1636; baseline 0 -10"><span class='ocrx_word' id='word_1_403' title='bbox 1104 1607 1168 1630; x_wconf 82' lang='lat' dir='ltr'><strong>vou;</strong></span> <span class='ocrx_word' id='word_1_404' title='bbox 1182 1599 1234 1626; x_wconf 82' lang='grc' dir='ltr'><strong>οὒκ</strong></span> <span class='ocrx_word' id='word_1_405' title='bbox 1248 1599 1356 1634; x_wconf 85' lang='grc' dir='ltr'>ἀφῆκεν</span> <span class='ocrx_word' id='word_1_406' title='bbox 1371 1600 1412 1631; x_wconf 85' lang='grc' dir='ltr'><strong>είς</strong></span> <span class='ocrx_word' id='word_1_407' title='bbox 1432 1600 1463 1626; x_wconf 78' lang='grc' dir='ltr'>τὸ</span> <span class='ocrx_word' id='word_1_408' title='bbox 1481 1600 1678 1636; x_wconf 73' lang='grc' dir='ltr'><strong>θυσιαστήριον</strong></span> <span class='ocrx_word' id='word_1_409' title='bbox 1704 1600 1827 1628; x_wconf 72' lang='grc' dir='ltr'>ἀνελθεῖν</span> <span class='ocrx_word' id='word_1_410' title='bbox 1855 1600 1900 1627; x_wconf 78' lang='grc' dir='ltr'>τοῦ</span> 
     </span>
    </p>
   </div>
   <div class='ocr_carea' id='block_1_62' title="bbox 255 1641 1076 1683">
    <p class='ocr_par' dir='ltr' id='par_1_62' title="bbox 255 1641 1050 1679">
     <span class='ocr_line' id='line_1_62' title="bbox 255 1641 1050 1679; baseline -0.008 -5"><span class='ocrx_word' id='word_1_411' title='bbox 255 1645 405 1674; x_wconf 82' lang='lat' dir='ltr'><strong>ascendere</strong></span> <span class='ocrx_word' id='word_1_412' title='bbox 421 1652 475 1672; x_wconf 93' lang='lat' dir='ltr'><strong>non</strong></span> <span class='ocrx_word' id='word_1_413' title='bbox 494 1643 632 1679; x_wconf 89' lang='lat' dir='ltr'><strong>permisit,</strong></span> <span class='ocrx_word' id='word_1_414' title='bbox 661 1643 715 1670; x_wconf 91' lang='lat' dir='ltr'><strong>nisi</strong></span> <span class='ocrx_word' id='word_1_415' title='bbox 732 1649 830 1678; x_wconf 84' lang='lat' dir='ltr'><strong>azyma</strong></span> <span class='ocrx_word' id='word_1_416' title='bbox 846 1641 1050 1670; x_wconf 79' lang='lat' dir='ltr'><strong>comedissent.</strong></span> 
     </span>
    </p>
   </div>
   <div class='ocr_carea' id='block_1_63' title="bbox 1077 1641 1898 1683">
    <p class='ocr_par' dir='ltr' id='par_1_63' title="bbox 1102 1645 1898 1683">
     <span class='ocr_line' id='line_1_63' title="bbox 1102 1645 1898 1683; baseline 0.003 -11"><span class='ocrx_word' id='word_1_417' title='bbox 1102 1645 1219 1681; x_wconf 81' lang='grc' dir='ltr'>Κυρίου,</span> <span class='ocrx_word' id='word_1_418' title='bbox 1243 1645 1273 1672; x_wconf 76' lang='grc' dir='ltr'><strong>τὸ</strong></span> <span class='ocrx_word' id='word_1_419' title='bbox 1296 1647 1325 1672; x_wconf 83' lang='grc' dir='ltr'>ὲν</span> <span class='ocrx_word' id='word_1_420' title='bbox 1351 1646 1541 1682; x_wconf 69' lang='grc' dir='ltr'>Ἰερουσαλὴμ,</span> <span class='ocrx_word' id='word_1_421' title='bbox 1574 1648 1599 1674; x_wconf 80' lang='grc' dir='ltr'>εἰ</span> <span class='ocrx_word' id='word_1_422' title='bbox 1625 1647 1663 1683; x_wconf 85' lang='grc' dir='ltr'><strong>μὴ</strong></span> <span class='ocrx_word' id='word_1_423' title='bbox 1680 1646 1782 1681; x_wconf 68' lang='grc' dir='ltr'>ἔφαγον</span> <span class='ocrx_word' id='word_1_424' title='bbox 1796 1646 1898 1682; x_wconf 73' lang='grc' dir='ltr'>ἄζυμα.</span> 
     </span>
    </p>
   </div>
   <div class='ocr_carea' id='block_1_64' title="bbox 254 1688 1075 1728">
    <p class='ocr_par' dir='ltr' id='par_1_64' title="bbox 254 1688 1050 1726">
     <span class='ocr_line' id='line_1_64' title="bbox 254 1688 1050 1726; baseline -0.006 -6"><span class='ocrx_word' id='word_1_425' title='bbox 254 1692 335 1726; x_wconf 83' lang='lat' dir='ltr'><strong>Quod</strong></span> <span class='ocrx_word' id='word_1_426' title='bbox 352 1693 374 1720; x_wconf 91' lang='lat' dir='ltr'><strong>si</strong></span> <span class='ocrx_word' id='word_1_427' title='bbox 391 1691 474 1719; x_wconf 83' lang='lat' dir='ltr'><strong>idolis</strong></span> <span class='ocrx_word' id='word_1_428' title='bbox 491 1690 711 1723; x_wconf 83' lang='lat' dir='ltr'><strong>sacriﬁcassent,</strong></span> <span class='ocrx_word' id='word_1_429' title='bbox 730 1696 787 1717; x_wconf 89' lang='lat' dir='ltr'><strong>non</strong></span> <span class='ocrx_word' id='word_1_430' title='bbox 808 1688 907 1724; x_wconf 91' lang='lat' dir='ltr'><strong>utique</strong></span> <span class='ocrx_word' id='word_1_431' title='bbox 923 1689 987 1724; x_wconf 88' lang='lat' dir='ltr'><strong>pius</strong></span> <span class='ocrx_word' id='word_1_432' title='bbox 1003 1695 1050 1716; x_wconf 89' lang='lat' dir='ltr'><strong>rex</strong></span> 
     </span>
    </p>
   </div>
   <div class='ocr_carea' id='block_1_65' title="bbox 1079 1688 1900 1728">
    <p class='ocr_par' dir='ltr' id='par_1_65' title="bbox 1102 1692 1900 1728">
     <span class='ocr_line' id='line_1_65' title="bbox 1102 1692 1900 1728; baseline 0.001 -9"><span class='ocrx_word' id='word_1_433' title='bbox 1102 1693 1134 1719; x_wconf 87' lang='lat' dir='ltr'><strong>El</strong></span> <span class='ocrx_word' id='word_1_434' title='bbox 1154 1693 1184 1720; x_wconf 69' lang='grc' dir='ltr'>δὲ</span> <span class='ocrx_word' id='word_1_435' title='bbox 1202 1694 1260 1725; x_wconf 85' lang='grc' dir='ltr'>τοῖς</span> <span class='ocrx_word' id='word_1_436' title='bbox 1288 1692 1411 1725; x_wconf 83' lang='grc' dir='ltr'><strong>εἰδώλοις</strong></span> <span class='ocrx_word' id='word_1_437' title='bbox 1439 1693 1622 1728; x_wconf 73' lang='grc' dir='ltr'>ἐλάτρευσαν,</span> <span class='ocrx_word' id='word_1_438' title='bbox 1647 1693 1698 1720; x_wconf 76' lang='grc' dir='ltr'>οὐκ.</span> <span class='ocrx_word' id='word_1_439' title='bbox 1717 1693 1750 1720; x_wconf 82' lang='grc' dir='ltr'>ἂν</span> <span class='ocrx_word' id='word_1_440' title='bbox 1770 1693 1869 1725; x_wconf 82' lang='grc' dir='ltr'>αὐτοὺς</span> <span class='ocrx_word' id='word_1_441' title='bbox 1887 1694 1900 1720; x_wconf 81' lang='grc' dir='ltr'><strong><em>ὁ</em></strong></span> 
     </span>
    </p>
   </div>
   <div class='ocr_carea' id='block_1_66' title="bbox 255 1738 1076 1776">
    <p class='ocr_par' dir='ltr' id='par_1_66' title="bbox 255 1738 504 1775">
     <span class='ocr_line' id='line_1_66' title="bbox 255 1738 504 1775; baseline 0 -9"><span class='ocrx_word' id='word_1_442' title='bbox 255 1739 408 1775; x_wconf 73' lang='lat' dir='ltr'><strong>ignovisset</strong></span> <span class='ocrx_word' id='word_1_443' title='bbox 424 1738 504 1774; x_wconf 84' lang='lat' dir='ltr'><strong>ipsls.</strong></span> 
     </span>
    </p>
   </div>
   <div class='ocr_carea' id='block_1_67' title="bbox 866 1738 1687 1776">
    <p class='ocr_par' dir='ltr' id='par_1_67' title="bbox 1103 1739 1687 1776">
     <span class='ocr_line' id='line_1_67' title="bbox 1103 1739 1687 1776; baseline 0.002 -10"><span class='ocrx_word' id='word_1_444' title='bbox 1103 1739 1219 1774; x_wconf 75' lang='grc' dir='ltr'>εὐσεϐὴς</span> <span class='ocrx_word' id='word_1_445' title='bbox 1230 1739 1359 1774; x_wconf 81' lang='grc' dir='ltr'>βασιλεὺς</span> <span class='ocrx_word' id='word_1_446' title='bbox 1373 1739 1543 1776; x_wconf 81' lang='grc' dir='ltr'>συγγνώμης</span> <span class='ocrx_word' id='word_1_447' title='bbox 1557 1739 1687 1774; x_wconf 71' lang='grc' dir='ltr'>ἠξίωσεν.</span> 
     </span>
    </p>
   </div>
   <div class='ocr_carea' id='block_1_68' title="bbox 287 1781 1108 1822">
    <p class='ocr_par' dir='ltr' id='par_1_68' title="bbox 287 1781 1050 1816">
     <span class='ocr_line' id='line_1_68' title="bbox 287 1781 1050 1816; baseline -0.007 -3"><span class='ocrx_word' id='word_1_448' title='bbox 287 1784 370 1813; x_wconf 77' lang='lat' dir='ltr'><strong>Vens.</strong></span> <span class='ocrx_word' id='word_1_449' title='bbox 397 1785 442 1812; x_wconf 79' lang='grc'><strong>10.</strong></span> <span class='ocrx_word' id='word_1_450' title='bbox 469 1783 505 1811; x_wconf 81' lang='lat' dir='ltr'><strong>Et</strong></span> <span class='ocrx_word' id='word_1_451' title='bbox 527 1782 720 1810; x_wconf 76' lang='lat' dir='ltr'><strong>contaminavit</strong></span> <span class='ocrx_word' id='word_1_452' title='bbox 747 1781 860 1816; x_wconf 80' lang='lat' dir='ltr'><strong>Apheth.</strong></span> <span class='ocrx_word' id='word_1_453' title='bbox 891 1781 1050 1810; x_wconf 90' lang='lat' dir='ltr'><strong>Secundum</strong></span> 
     </span>
    </p>
   </div>
   <div class='ocr_carea' id='block_1_69' title="bbox 1079 1781 1900 1822">
    <p class='ocr_par' dir='ltr' id='par_1_69' title="bbox 1138 1785 1900 1822">
     <span class='ocr_line' id='line_1_69' title="bbox 1138 1785 1900 1822; baseline 0.001 -10"><span class='ocrx_word' id='word_1_454' title='bbox 1138 1785 1194 1813; x_wconf 72' lang='grc' dir='ltr'><strong>Καὶ</strong></span> <span class='ocrx_word' id='word_1_455' title='bbox 1208 1785 1312 1820; x_wconf 76' lang='grc' dir='ltr'>ἐμίανε</span> <span class='ocrx_word' id='word_1_456' title='bbox 1324 1786 1356 1813; x_wconf 82' lang='grc' dir='ltr'>τὸ</span> <span class='ocrx_word' id='word_1_457' title='bbox 1377 1786 1477 1820; x_wconf 70' lang='grc' dir='ltr'><strong>Ἀφέθ.</strong></span> <span class='ocrx_word' id='word_1_458' title='bbox 1496 1785 1575 1813; x_wconf 85' lang='grc' dir='ltr'>Κατὰ</span> <span class='ocrx_word' id='word_1_459' title='bbox 1583 1787 1633 1822; x_wconf 84' lang='grc' dir='ltr'>τὴν</span> <span class='ocrx_word' id='word_1_460' title='bbox 1645 1785 1795 1822; x_wconf 80' lang='grc' dir='ltr'>Ἐσραῖκὴν</span> <span class='ocrx_word' id='word_1_461' title='bbox 1815 1787 1900 1822; x_wconf 76' lang='grc' dir='ltr'>ἑρμη-</span> 
     </span>
    </p>
   </div>
   <div class='ocr_carea' id='block_1_70' title="bbox 256 1827 1077 1868">
    <p class='ocr_par' dir='ltr' id='par_1_70' title="bbox 256 1827 1053 1865">
     <span class='ocr_line' id='line_1_70' title="bbox 256 1827 1053 1865; baseline -0.006 -6"><span class='ocrx_word' id='word_1_462' title='bbox 256 1831 420 1859; x_wconf 76' lang='lat' dir='ltr'><strong>llebraicam</strong></span> <span class='ocrx_word' id='word_1_463' title='bbox 441 1829 700 1865; x_wconf 82' lang='lat' dir='ltr'><strong>interpretationem</strong></span> <span class='ocrx_word' id='word_1_464' title='bbox 716 1835 814 1856; x_wconf 84' lang='lat' dir='ltr'><strong>casum</strong></span> <span class='ocrx_word' id='word_1_465' title='bbox 831 1828 982 1863; x_wconf 75' lang='lat' dir='ltr'><strong>signiﬁcat.</strong></span> <span class='ocrx_word' id='word_1_466' title='bbox 999 1827 1053 1854; x_wconf 76' lang='lat' dir='ltr'><strong>Lo-</strong></span> 
     </span>
    </p>
   </div>
   <div class='ocr_carea' id='block_1_71' title="bbox 1078 1827 1899 1868">
    <p class='ocr_par' dir='ltr' id='par_1_71' title="bbox 1103 1829 1899 1868">
     <span class='ocr_line' id='line_1_71' title="bbox 1103 1829 1899 1868; baseline 0 -9"><span class='ocrx_word' id='word_1_467' title='bbox 1103 1831 1190 1864; x_wconf 85' lang='grc' dir='ltr'>νείαν,</span> <span class='ocrx_word' id='word_1_468' title='bbox 1209 1832 1314 1859; x_wconf 86' lang='grc' dir='ltr'>πτῶσιν</span> <span class='ocrx_word' id='word_1_469' title='bbox 1347 1833 1489 1868; x_wconf 82' lang='grc' dir='ltr'>σημαίνει.</span> <span class='ocrx_word' id='word_1_470' title='bbox 1505 1833 1594 1864; x_wconf 83' lang='grc' dir='ltr'>Τόπος</span> <span class='ocrx_word' id='word_1_471' title='bbox 1612 1833 1641 1859; x_wconf 74' lang='grc' dir='ltr'><strong>δι</strong></span> <span class='ocrx_word' id='word_1_472' title='bbox 1660 1829 1705 1868; x_wconf 73' lang='grc' dir='ltr'>ἦν,</span> <span class='ocrx_word' id='word_1_473' title='bbox 1724 1833 1754 1859; x_wconf 77' lang='grc' dir='ltr'>ὲν</span> <span class='ocrx_word' id='word_1_474' title='bbox 1773 1830 1796 1868; x_wconf 84' lang='grc' dir='ltr'>ᾧ</span> <span class='ocrx_word' id='word_1_475' title='bbox 1809 1833 1899 1868; x_wconf 83' lang='grc' dir='ltr'>διῆγον</span> 
     </span>
    </p>
   </div>
   <div class='ocr_carea' id='block_1_72' title="bbox 256 1873 1077 1914">
    <p class='ocr_par' dir='ltr' id='par_1_72' title="bbox 256 1873 1052 1911">
     <span class='ocr_line' id='line_1_72' title="bbox 256 1873 1052 1911; baseline -0.008 -5"><span class='ocrx_word' id='word_1_476' title='bbox 256 1886 307 1906; x_wconf 88' lang='lat' dir='ltr'><strong>cus</strong></span> <span class='ocrx_word' id='word_1_477' title='bbox 323 1885 388 1905; x_wconf 84' lang='lat' dir='ltr'><strong>vero</strong></span> <span class='ocrx_word' id='word_1_478' title='bbox 404 1881 475 1909; x_wconf 81' lang='lat' dir='ltr'><strong>erat,</strong></span> <span class='ocrx_word' id='word_1_479' title='bbox 491 1876 539 1904; x_wconf 91' lang='lat' dir='ltr'><strong>ubi</strong></span> <span class='ocrx_word' id='word_1_480' title='bbox 561 1882 667 1911; x_wconf 85' lang='lat' dir='ltr'><strong>pueros</strong></span> <span class='ocrx_word' id='word_1_481' title='bbox 689 1882 739 1910; x_wconf 87' lang='lat' dir='ltr'><strong>per</strong></span> <span class='ocrx_word' id='word_1_482' title='bbox 754 1874 845 1910; x_wconf 75' lang='lat' dir='ltr'><strong>ignem</strong></span> <span class='ocrx_word' id='word_1_483' title='bbox 864 1873 1052 1902; x_wconf 83' lang='lat' dir='ltr'><strong>traducebant</strong></span> 
     </span>
    </p>
   </div>
   <div class='ocr_carea' id='block_1_73' title="bbox 1076 1873 1897 1914">
    <p class='ocr_par' dir='ltr' id='par_1_73' title="bbox 1102 1877 1897 1914">
     <span class='ocr_line' id='line_1_73' title="bbox 1102 1877 1897 1914; baseline 0.001 -10"><span class='ocrx_word' id='word_1_484' title='bbox 1102 1878 1133 1904; x_wconf 83' lang='grc' dir='ltr'>ὲν</span> <span class='ocrx_word' id='word_1_485' title='bbox 1147 1877 1186 1912; x_wconf 84' lang='grc' dir='ltr'>τῷ</span> <span class='ocrx_word' id='word_1_486' title='bbox 1196 1878 1265 1913; x_wconf 74' lang='grc' dir='ltr'>πυρὶ</span> <span class='ocrx_word' id='word_1_487' title='bbox 1281 1877 1316 1904; x_wconf 85' lang='grc' dir='ltr'>τὰ</span> <span class='ocrx_word' id='word_1_488' title='bbox 1325 1877 1419 1905; x_wconf 85' lang='grc' dir='ltr'>παιδία</span> <span class='ocrx_word' id='word_1_489' title='bbox 1434 1878 1473 1913; x_wconf 87' lang='grc' dir='ltr'><strong>τῷ</strong></span> <span class='ocrx_word' id='word_1_490' title='bbox 1484 1878 1601 1914; x_wconf 78' lang='grc' dir='ltr'>Μελχδλ,</span> <span class='ocrx_word' id='word_1_491' title='bbox 1619 1878 1775 1913; x_wconf 86' lang='grc' dir='ltr'>’Δμανιτῶν</span> <span class='ocrx_word' id='word_1_492' title='bbox 1788 1878 1897 1913; x_wconf 76' lang='grc' dir='ltr'>εἰδώλῳ.</span> 
     </span>
    </p>
   </div>
   <div class='ocr_carea' id='block_1_74' title="bbox 256 1920 1077 1961">
    <p class='ocr_par' dir='ltr' id='par_1_74' title="bbox 256 1920 1051 1954">
     <span class='ocr_line' id='line_1_74' title="bbox 256 1920 1051 1954; baseline -0.006 -2"><span class='ocrx_word' id='word_1_493' title='bbox 256 1923 374 1952; x_wconf 83' lang='lat' dir='ltr'><strong>Melchol</strong></span> <span class='ocrx_word' id='word_1_494' title='bbox 399 1923 474 1950; x_wconf 91' lang='lat' dir='ltr'><strong>idolo</strong></span> <span class='ocrx_word' id='word_1_495' title='bbox 500 1921 734 1949; x_wconf 82' lang='lat' dir='ltr'><strong>Ammonitarum.</strong></span> <span class='ocrx_word' id='word_1_496' title='bbox 765 1920 884 1948; x_wconf 85' lang='lat' dir='ltr'><strong>Pbaruri</strong></span> <span class='ocrx_word' id='word_1_497' title='bbox 908 1927 986 1954; x_wconf 88' lang='lat' dir='ltr'><strong>vero,</strong></span> <span class='ocrx_word' id='word_1_498' title='bbox 1002 1928 1051 1946; x_wconf 84' lang='lat' dir='ltr'><strong>cu-</strong></span> 
     </span>
    </p>
   </div>
   <div class='ocr_carea' id='block_1_75' title="bbox 1079 1920 1900 1961">
    <p class='ocr_par' dir='ltr' id='par_1_75' title="bbox 1103 1924 1900 1961">
     <span class='ocr_line' id='line_1_75' title="bbox 1103 1924 1900 1961; baseline 0.003 -11"><span class='ocrx_word' id='word_1_499' title='bbox 1103 1924 1141 1951; x_wconf 82' lang='grc' dir='ltr'>Τὸ</span> <span class='ocrx_word' id='word_1_500' title='bbox 1166 1924 1195 1950; x_wconf 82' lang='grc' dir='ltr'>δὲ</span> <span class='ocrx_word' id='word_1_501' title='bbox 1210 1925 1342 1960; x_wconf 76' lang='grc' dir='ltr'>Φαρουρὶ,</span> <span class='ocrx_word' id='word_1_502' title='bbox 1367 1924 1420 1952; x_wconf 81' lang='grc' dir='ltr'><strong>τοῦ</strong></span> <span class='ocrx_word' id='word_1_503' title='bbox 1446 1925 1589 1960; x_wconf 70' lang='grc' dir='ltr'>φρουροῦ,</span> <span class='ocrx_word' id='word_1_504' title='bbox 1614 1925 1779 1961; x_wconf 84' lang='grc' dir='ltr'>παρέδωκαν</span> <span class='ocrx_word' id='word_1_505' title='bbox 1795 1925 1900 1960; x_wconf 75' lang='grc' dir='ltr'>οἱπερὶ</span> 
     </span>
    </p>
   </div>
   <div class='ocr_carea' id='block_1_76' title="bbox 256 1967 1077 2006">
    <p class='ocr_par' dir='ltr' id='par_1_76' title="bbox 256 1967 925 2006">
     <span class='ocr_line' id='line_1_76' title="bbox 256 1967 925 2006; baseline -0.009 -7"><span class='ocrx_word' id='word_1_506' title='bbox 256 1971 341 1999; x_wconf 74' lang='lat' dir='ltr'><strong>uadis</strong></span> <span class='ocrx_word' id='word_1_507' title='bbox 369 1970 427 2006; x_wconf 77' lang='grc' dir='ltr'><strong>(τοῦ</strong></span> <span class='ocrx_word' id='word_1_508' title='bbox 439 1968 573 2005; x_wconf 58' lang='grc' dir='ltr'>φρουρὼ)</span> <span class='ocrx_word' id='word_1_509' title='bbox 589 1968 712 1996; x_wconf 84' lang='lat' dir='ltr'><strong>reddidit</strong></span> <span class='ocrx_word' id='word_1_510' title='bbox 728 1967 925 2003; x_wconf 87' lang='lat' dir='ltr'><strong>Symmachus.</strong></span> 
     </span>
    </p>
   </div>
   <div class='ocr_carea' id='block_1_77' title="bbox 448 1967 1269 2006">
    <p class='ocr_par' dir='ltr' id='par_1_77' title="bbox 448 1967 1269 2005">
     <span class='ocr_line' id='line_1_77' title="bbox 448 1967 1269 2005; baseline 0.001 -9"><span class='ocrx_word' id='word_1_511' title='bbox 448 1968 573 2005; x_wconf 74' lang='grc' dir='ltr'>ρρουροῦ)</span> <span class='ocrx_word' id='word_1_512' title='bbox 589 1968 712 1996; x_wconf 84' lang='lat' dir='ltr'><strong>reddidit</strong></span> <span class='ocrx_word' id='word_1_513' title='bbox 728 1967 925 2003; x_wconf 87' lang='lat' dir='ltr'><strong>Symmachus.</strong></span> <span class='ocrx_word' id='word_1_514' title='bbox 1106 1970 1269 2005; x_wconf 89' lang='grc' dir='ltr'>Σύμμαχον.</span> 
     </span>
    </p>
   </div>
   <div class='ocr_carea' id='block_1_78' title="bbox 288 2015 1537 2051">
    <p class='ocr_par' dir='ltr' id='par_1_78' title="bbox 288 2015 1537 2051">
     <span class='ocr_line' id='line_1_78' title="bbox 288 2015 1537 2051; baseline -0.002 -7"><span class='ocrx_word' id='word_1_515' title='bbox 288 2016 455 2044; x_wconf 79' lang='lat' dir='ltr'><strong>Ameuaoth.</strong></span> <span class='ocrx_word' id='word_1_516' title='bbox 475 2015 620 2042; x_wconf 84' lang='lat' dir='ltr'><strong>lnteritus.</strong></span> <span class='ocrx_word' id='word_1_517' title='bbox 1145 2016 1326 2050; x_wconf 82' lang='grc' dir='ltr'>Ἀμεσσοάθ.</span> <span class='ocrx_word' id='word_1_518' title='bbox 1355 2016 1537 2051; x_wconf 75' lang='grc' dir='ltr'>’Λφανισμοῦ.</span> 
     </span>
    </p>
   </div>
   <div class='ocr_carea' id='block_1_79' title="bbox 288 2055 1109 2098">
    <p class='ocr_par' dir='ltr' id='par_1_79' title="bbox 288 2059 1052 2095">
     <span class='ocr_line' id='line_1_79' title="bbox 288 2059 1052 2095; baseline -0.008 -4"><span class='ocrx_word' id='word_1_519' title='bbox 288 2064 372 2091; x_wconf 77' lang='lat' dir='ltr'><strong>Vsus.</strong></span> <span class='ocrx_word' id='word_1_520' title='bbox 399 2063 442 2090; x_wconf 79' lang='grc'><strong>18.</strong></span> <span class='ocrx_word' id='word_1_521' title='bbox 463 2062 496 2089; x_wconf 86' lang='grc' dir='ltr'>Ει</span> <span class='ocrx_word' id='word_1_522' title='bbox 511 2066 618 2089; x_wconf 76' lang='lat' dir='ltr'><strong>servata</strong></span> <span class='ocrx_word' id='word_1_523' title='bbox 638 2065 701 2088; x_wconf 79' lang='lat' dir='ltr'><strong>sunt</strong></span> <span class='ocrx_word' id='word_1_524' title='bbox 722 2068 785 2087; x_wconf 76' lang='lat' dir='ltr'><strong>ossa</strong></span> <span class='ocrx_word' id='word_1_525' title='bbox 808 2060 945 2095; x_wconf 63' lang='lat' dir='ltr'><strong>propheta:</strong></span> <span class='ocrx_word' id='word_1_526' title='bbox 960 2059 1052 2086; x_wconf 72' lang='grc' dir='ltr'>εεηὶο-</span> 
     </span>
    </p>
   </div>
   <div class='ocr_carea' id='block_1_80' title="bbox 1078 2055 1899 2098">
    <p class='ocr_par' dir='ltr' id='par_1_80' title="bbox 1139 2055 1899 2098">
     <span class='ocr_line' id='line_1_80' title="bbox 1139 2055 1899 2098; baseline 0.004 -11"><span class='ocrx_word' id='word_1_527' title='bbox 1139 2055 1193 2088; x_wconf 74' lang='grc' dir='ltr'><strong>Καὶ</strong></span> <span class='ocrx_word' id='word_1_528' title='bbox 1209 2061 1336 2095; x_wconf 83' lang='grc' dir='ltr'>διεσώθη</span> <span class='ocrx_word' id='word_1_529' title='bbox 1349 2061 1386 2088; x_wconf 84' lang='grc' dir='ltr'>τὰ</span> <span class='ocrx_word' id='word_1_530' title='bbox 1403 2061 1479 2089; x_wconf 82' lang='grc' dir='ltr'>ὀστᾶ</span> <span class='ocrx_word' id='word_1_531' title='bbox 1491 2061 1550 2096; x_wconf 41' lang='grc' dir='ltr'>,τοῦ</span> <span class='ocrx_word' id='word_1_532' title='bbox 1570 2063 1728 2098; x_wconf 68' lang='grc' dir='ltr'>προφήτου</span> <span class='ocrx_word' id='word_1_533' title='bbox 1751 2063 1804 2091; x_wconf 80' lang='grc' dir='ltr'><strong>τοῦ</strong></span> <span class='ocrx_word' id='word_1_534' title='bbox 1832 2071 1899 2098; x_wconf 72' lang='grc' dir='ltr'>,πρε-</span> 
     </span>
    </p>
   </div>
   <div class='ocr_carea' id='block_1_81' title="bbox 257 2105 1078 2145">
    <p class='ocr_par' dir='ltr' id='par_1_81' title="bbox 257 2105 1050 2144">
     <span class='ocr_line' id='line_1_81' title="bbox 257 2105 1050 2144; baseline -0.008 -6"><span class='ocrx_word' id='word_1_535' title='bbox 257 2112 305 2138; x_wconf 72' lang='lat' dir='ltr'><strong>ris.</strong></span> <span class='ocrx_word' id='word_1_536' title='bbox 322 2110 382 2137; x_wconf 88' lang='lat' dir='ltr'><strong>Non</strong></span> <span class='ocrx_word' id='word_1_537' title='bbox 403 2110 500 2144; x_wconf 89' lang='lat' dir='ltr'><strong>utique</strong></span> <span class='ocrx_word' id='word_1_538' title='bbox 516 2106 761 2144; x_wconf 85' lang='lat' dir='ltr'><strong>pscudopropheta</strong></span> <span class='ocrx_word' id='word_1_539' title='bbox 786 2105 850 2138; x_wconf 76' lang='lat' dir='ltr'><strong>fuit,</strong></span> <span class='ocrx_word' id='word_1_540' title='bbox 872 2113 962 2140; x_wconf 86' lang='lat' dir='ltr'><strong>neque</strong></span> <span class='ocrx_word' id='word_1_541' title='bbox 976 2105 1050 2132; x_wconf 85' lang='lat' dir='ltr'><strong>enim</strong></span> 
     </span>
    </p>
   </div>
   <div class='ocr_carea' id='block_1_82' title="bbox 1078 2105 1899 2145">
    <p class='ocr_par' dir='ltr' id='par_1_82' title="bbox 1103 2107 1899 2145">
     <span class='ocr_line' id='line_1_82' title="bbox 1103 2107 1899 2145; baseline 0.004 -12"><span class='ocrx_word' id='word_1_542' title='bbox 1103 2107 1264 2141; x_wconf 79' lang='grc' dir='ltr'>σϐυτέρου.</span> <span class='ocrx_word' id='word_1_543' title='bbox 1280 2107 1337 2134; x_wconf 80' lang='grc' dir='ltr'>Οὐκ</span> <span class='ocrx_word' id='word_1_544' title='bbox 1352 2107 1406 2142; x_wconf 80' lang='grc' dir='ltr'>ἄρα</span> <span class='ocrx_word' id='word_1_545' title='bbox 1417 2107 1649 2144; x_wconf 72' lang='grc' dir='ltr'>ψευδοπροφήτης</span> <span class='ocrx_word' id='word_1_546' title='bbox 1658 2110 1790 2145; x_wconf 73' lang='grc' dir='ltr'>ὑπῆρχεν.</span> <span class='ocrx_word' id='word_1_547' title='bbox 1801 2110 1840 2136; x_wconf 72' lang='grc' dir='ltr'><strong>Οὐ</strong></span> <span class='ocrx_word' id='word_1_548' title='bbox 1852 2110 1899 2144; x_wconf 79' lang='grc' dir='ltr'><strong>γὰρ</strong></span> 
     </span>
    </p>
   </div>
   <div class='ocr_carea' id='block_1_83' title="bbox 257 2153 1078 2190">
    <p class='ocr_par' dir='ltr' id='par_1_83' title="bbox 257 2154 814 2190">
     <span class='ocr_line' id='line_1_83' title="bbox 257 2154 814 2190; baseline -0.007 -6"><span class='ocrx_word' id='word_1_549' title='bbox 257 2157 328 2184; x_wconf 88' lang='lat' dir='ltr'><strong>alias</strong></span> <span class='ocrx_word' id='word_1_550' title='bbox 345 2163 406 2183; x_wconf 85' lang='lat' dir='ltr'><strong>ossa</strong></span> <span class='ocrx_word' id='word_1_551' title='bbox 421 2154 510 2190; x_wconf 88' lang='lat' dir='ltr'><strong>ipsius</strong></span> <span class='ocrx_word' id='word_1_552' title='bbox 527 2157 693 2182; x_wconf 85' lang='lat' dir='ltr'><strong>conservata</strong></span> <span class='ocrx_word' id='word_1_553' title='bbox 708 2156 814 2181; x_wconf 87' lang='lat' dir='ltr'><strong>essent.</strong></span> 
     </span>
    </p>
   </div>
   <div class='ocr_carea' id='block_1_84' title="bbox 692 2153 1513 2190">
    <p class='ocr_par' dir='ltr' id='par_1_84' title="bbox 692 2153 1513 2190">
     <span class='ocr_line' id='line_1_84' title="bbox 692 2153 1513 2190; baseline 0.002 -11"><span class='ocrx_word' id='word_1_554' title='bbox 692 2175 693 2179; x_wconf 51' lang='grc' dir='ltr'><strong>η</strong></span> <span class='ocrx_word' id='word_1_555' title='bbox 708 2156 814 2181; x_wconf 87' lang='lat' dir='ltr'><strong>essent.</strong></span> <span class='ocrx_word' id='word_1_556' title='bbox 1103 2153 1136 2181; x_wconf 81' lang='grc' dir='ltr'>ἂν</span> <span class='ocrx_word' id='word_1_557' title='bbox 1151 2153 1236 2180; x_wconf 82' lang='grc' dir='ltr'>αὐτοῦ</span> <span class='ocrx_word' id='word_1_558' title='bbox 1255 2153 1290 2180; x_wconf 86' lang='grc' dir='ltr'>τὰ</span> <span class='ocrx_word' id='word_1_559' title='bbox 1305 2154 1375 2181; x_wconf 79' lang='grc' dir='ltr'>δστᾶ</span> <span class='ocrx_word' id='word_1_560' title='bbox 1386 2154 1513 2190; x_wconf 87' lang='grc' dir='ltr'>διεσώθη.</span> 
     </span>
    </p>
   </div>
   <div class='ocr_carea' id='block_1_85' title="bbox 294 2197 1115 2236">
    <p class='ocr_par' dir='ltr' id='par_1_85' title="bbox 294 2197 1052 2234">
     <span class='ocr_line' id='line_1_85' title="bbox 294 2197 1052 2234; baseline -0.005 -5"><span class='ocrx_word' id='word_1_561' title='bbox 294 2203 379 2231; x_wconf 75' lang='lat' dir='ltr'><strong>Vens.</strong></span> <span class='ocrx_word' id='word_1_562' title='bbox 393 2201 440 2229; x_wconf 75' lang='grc'><strong>25.</strong></span> <span class='ocrx_word' id='word_1_563' title='bbox 461 2201 568 2229; x_wconf 76' lang='lat' dir='ltr'><strong>Similis</strong></span> <span class='ocrx_word' id='word_1_564' title='bbox 584 2200 609 2228; x_wconf 83' lang='lat' dir='ltr'><strong>ei</strong></span> <span class='ocrx_word' id='word_1_565' title='bbox 623 2207 672 2228; x_wconf 65' lang='lat' dir='ltr'><strong>res;</strong></span> <span class='ocrx_word' id='word_1_566' title='bbox 687 2199 814 2234; x_wconf 78' lang='lat' dir='ltr'><strong>nonfuit.</strong></span> <span class='ocrx_word' id='word_1_567' title='bbox 834 2199 899 2226; x_wconf 64' lang='lat' dir='ltr'><strong>Hmc</strong></span> <span class='ocrx_word' id='word_1_568' title='bbox 914 2199 999 2226; x_wconf 86' lang='lat' dir='ltr'><strong>etiam</strong></span> <span class='ocrx_word' id='word_1_569' title='bbox 1016 2197 1052 2226; x_wconf 91' lang='lat' dir='ltr'><strong>de</strong></span> 
     </span>
    </p>
   </div>
   <div class='ocr_carea' id='block_1_86' title="bbox 1078 2197 1899 2236">
    <p class='ocr_par' dir='ltr' id='par_1_86' title="bbox 1139 2199 1899 2236">
     <span class='ocr_line' id='line_1_86' title="bbox 1139 2199 1899 2236; baseline 0.001 -10"><span class='ocrx_word' id='word_1_570' title='bbox 1139 2199 1263 2235; x_wconf 83' lang='grc' dir='ltr'>Ὀμοιος</span> <span class='ocrx_word' id='word_1_571' title='bbox 1292 2199 1373 2233; x_wconf 85' lang='grc' dir='ltr'>αὐτῷ</span> <span class='ocrx_word' id='word_1_572' title='bbox 1395 2202 1450 2228; x_wconf 83' lang='grc' dir='ltr'>οὐκ</span> <span class='ocrx_word' id='word_1_573' title='bbox 1473 2201 1593 2236; x_wconf 61' lang='lat' dir='ltr'><strong>ere-raw</strong></span> <span class='ocrx_word' id='word_1_574' title='bbox 1619 2201 1781 2235; x_wconf 73' lang='grc' dir='ltr'>βασιλεύς.</span> <span class='ocrx_word' id='word_1_575' title='bbox 1807 2201 1899 2228; x_wconf 85' lang='grc' dir='ltr'>Ταῦτα</span> 
     </span>
    </p>
   </div>
   <div class='ocr_carea' id='block_1_87' title="bbox 258 2241 1079 2284">
    <p class='ocr_par' dir='ltr' id='par_1_87' title="bbox 258 2241 1079 2283">
     <span class='ocr_line' id='line_1_87' title="bbox 258 2241 1079 2283; baseline -0.009 -7"><span class='ocrx_word' id='word_1_576' title='bbox 258 2249 375 2276; x_wconf 80' lang='lat' dir='ltr'><strong>Ezechia</strong></span> <span class='ocrx_word' id='word_1_577' title='bbox 398 2255 482 2283; x_wconf 82' lang='lat' dir='ltr'><strong>supra</strong></span> <span class='ocrx_word' id='word_1_578' title='bbox 508 2247 589 2279; x_wconf 90' lang='lat' dir='ltr'><strong>dixit,</strong></span> <span class='ocrx_word' id='word_1_579' title='bbox 613 2246 687 2281; x_wconf 88' lang='lat' dir='ltr'><strong>quod</strong></span> <span class='ocrx_word' id='word_1_580' title='bbox 709 2250 771 2281; x_wconf 86' lang='lat' dir='ltr'><strong>post</strong></span> <span class='ocrx_word' id='word_1_581' title='bbox 793 2246 884 2280; x_wconf 90' lang='lat' dir='ltr'><strong>ipsum</strong></span> <span class='ocrx_word' id='word_1_582' title='bbox 907 2245 970 2273; x_wconf 91' lang='lat' dir='ltr'><strong>talis</strong></span> <span class='ocrx_word' id='word_1_583' title='bbox 995 2241 1079 2272; x_wconf 78' lang='lat' dir='ltr'><strong>non!</strong></span> 
     </span>
    </p>
   </div>
   <div class='ocr_carea' id='block_1_88' title="bbox 1079 2241 1900 2284">
    <p class='ocr_par' dir='ltr' id='par_1_88' title="bbox 1079 2242 1900 2284">
     <span class='ocr_line' id='line_1_88' title="bbox 1079 2242 1900 2284; baseline 0.001 -11"><span class='ocrx_word' id='word_1_584' title='bbox 1079 2242 1090 2268; x_wconf 90' lang='grc'>)</span> <span class='ocrx_word' id='word_1_585' title='bbox 1104 2247 1151 2273; x_wconf 75' lang='grc' dir='ltr'>καὶ</span> <span class='ocrx_word' id='word_1_586' title='bbox 1167 2246 1232 2282; x_wconf 82' lang='grc' dir='ltr'>περὶ</span> <span class='ocrx_word' id='word_1_587' title='bbox 1255 2246 1378 2275; x_wconf 77' lang='grc' dir='ltr'>Ἐζεκίου</span> <span class='ocrx_word' id='word_1_588' title='bbox 1392 2249 1534 2283; x_wconf 76' lang='grc' dir='ltr'>προεῖπεν,</span> <span class='ocrx_word' id='word_1_589' title='bbox 1550 2247 1598 2275; x_wconf 76' lang='grc' dir='ltr'>καὶ</span> <span class='ocrx_word' id='word_1_590' title='bbox 1614 2248 1656 2275; x_wconf 83' lang='grc' dir='ltr'>ὅτι</span> <span class='ocrx_word' id='word_1_591' title='bbox 1683 2248 1742 2284; x_wconf 83' lang='grc' dir='ltr'>μετ’</span> <span class='ocrx_word' id='word_1_592' title='bbox 1758 2248 1841 2275; x_wconf 77' lang='grc' dir='ltr'>αὐτὸν</span> <span class='ocrx_word' id='word_1_593' title='bbox 1853 2248 1900 2274; x_wconf 79' lang='grc' dir='ltr'><strong>οὐκ</strong></span> 
     </span>
    </p>
   </div>
   <div class='ocr_carea' id='block_1_89' title="bbox 258 2289 1079 2329">
    <p class='ocr_par' dir='ltr' id='par_1_89' title="bbox 258 2289 1054 2326">
     <span class='ocr_line' id='line_1_89' title="bbox 258 2289 1054 2326; baseline -0.008 -3"><span class='ocrx_word' id='word_1_594' title='bbox 258 2295 391 2324; x_wconf 78' lang='lat' dir='ltr'><strong>surrexit.</strong></span> <span class='ocrx_word' id='word_1_595' title='bbox 408 2294 476 2320; x_wconf 72' lang='lat' dir='ltr'><strong>(lum</strong></span> <span class='ocrx_word' id='word_1_596' title='bbox 490 2300 557 2321; x_wconf 88' lang='lat' dir='ltr'><strong>vero</strong></span> <span class='ocrx_word' id='word_1_597' title='bbox 577 2299 654 2320; x_wconf 86' lang='lat' dir='ltr'><strong>nunc</strong></span> <span class='ocrx_word' id='word_1_598' title='bbox 684 2290 792 2319; x_wconf 81' lang='lat' dir='ltr'><strong>Josiam</strong></span> <span class='ocrx_word' id='word_1_599' title='bbox 814 2291 854 2318; x_wconf 90' lang='lat' dir='ltr'><strong>illi</strong></span> <span class='ocrx_word' id='word_1_600' title='bbox 880 2289 1009 2326; x_wconf 75' lang='lat' dir='ltr'><strong>przeferat</strong></span> <span class='ocrx_word' id='word_1_601' title='bbox 1027 2294 1054 2318; x_wconf 74' lang='lat' dir='ltr'><strong>ct</strong></span> 
     </span>
    </p>
   </div>
   <div class='ocr_carea' id='block_1_90' title="bbox 1077 2289 1898 2329">
    <p class='ocr_par' dir='ltr' id='par_1_90' title="bbox 1105 2291 1898 2329">
     <span class='ocr_line' id='line_1_90' title="bbox 1105 2291 1898 2329; baseline 0 -11"><span class='ocrx_word' id='word_1_602' title='bbox 1105 2292 1206 2327; x_wconf 81' lang='grc' dir='ltr'>ἀνέστη</span> <span class='ocrx_word' id='word_1_603' title='bbox 1233 2291 1365 2324; x_wconf 83' lang='grc' dir='ltr'>τοιοῦτος.</span> <span class='ocrx_word' id='word_1_604' title='bbox 1396 2293 1426 2319; x_wconf 81' lang='lat' dir='ltr'><strong>Et</strong></span> <span class='ocrx_word' id='word_1_605' title='bbox 1459 2293 1488 2319; x_wconf 76' lang='grc' dir='ltr'>δὲ</span> <span class='ocrx_word' id='word_1_606' title='bbox 1510 2292 1558 2320; x_wconf 77' lang='grc' dir='ltr'>νῦν</span> <span class='ocrx_word' id='word_1_607' title='bbox 1583 2293 1638 2329; x_wconf 74' lang='grc' dir='ltr'><strong>πρὸ</strong></span> <span class='ocrx_word' id='word_1_608' title='bbox 1653 2293 1736 2320; x_wconf 80' lang='grc' dir='ltr'>αὑτοῦ</span> <span class='ocrx_word' id='word_1_609' title='bbox 1753 2294 1898 2329; x_wconf 79' lang='grc' dir='ltr'>προτάττει</span> 
     </span>
    </p>
   </div>
   <div class='ocr_carea' id='block_1_91' title="bbox 258 2333 1079 2376">
    <p class='ocr_par' dir='ltr' id='par_1_91' title="bbox 258 2337 1053 2376">
     <span class='ocr_line' id='line_1_91' title="bbox 258 2337 1053 2376; baseline -0.005 -8"><span class='ocrx_word' id='word_1_610' title='bbox 258 2344 419 2376; x_wconf 78' lang='lat' dir='ltr'><strong>anteponat,</strong></span> <span class='ocrx_word' id='word_1_611' title='bbox 450 2339 628 2367; x_wconf 77' lang='lat' dir='ltr'><strong>manifestum</strong></span> <span class='ocrx_word' id='word_1_612' title='bbox 652 2342 706 2372; x_wconf 83' lang='lat' dir='ltr'><strong>est,</strong></span> <span class='ocrx_word' id='word_1_613' title='bbox 732 2345 796 2366; x_wconf 86' lang='lat' dir='ltr'><strong>eum</strong></span> <span class='ocrx_word' id='word_1_614' title='bbox 812 2338 909 2372; x_wconf 89' lang='lat' dir='ltr'><strong>utique</strong></span> <span class='ocrx_word' id='word_1_615' title='bbox 932 2341 960 2365; x_wconf 84' lang='lat' dir='ltr'><strong>ct</strong></span> <span class='ocrx_word' id='word_1_616' title='bbox 985 2337 1053 2365; x_wconf 81' lang='lat' dir='ltr'><strong>Eze-</strong></span> 
     </span>
    </p>
   </div>
   <div class='ocr_carea' id='block_1_92' title="bbox 1077 2333 1898 2376">
    <p class='ocr_par' dir='ltr' id='par_1_92' title="bbox 1105 2333 1898 2372">
     <span class='ocr_line' id='line_1_92' title="bbox 1105 2333 1898 2372; baseline 0.003 -9"><span class='ocrx_word' id='word_1_617' title='bbox 1105 2336 1151 2363; x_wconf 76' lang='grc' dir='ltr'>τὸν</span> <span class='ocrx_word' id='word_1_618' title='bbox 1172 2336 1289 2369; x_wconf 85' lang='grc' dir='ltr'>Ἰωσίαν,</span> <span class='ocrx_word' id='word_1_619' title='bbox 1298 2335 1376 2372; x_wconf 87' lang='grc' dir='ltr'>δῆλον</span> <span class='ocrx_word' id='word_1_620' title='bbox 1385 2337 1427 2364; x_wconf 73' lang='grc' dir='ltr'><strong>ὅτι</strong></span> <span class='ocrx_word' id='word_1_621' title='bbox 1442 2338 1491 2364; x_wconf 72' lang='grc' dir='ltr'>καὶ</span> <span class='ocrx_word' id='word_1_622' title='bbox 1512 2338 1646 2372; x_wconf 76' lang='grc' dir='ltr'>Ἐζεκίου,</span> <span class='ocrx_word' id='word_1_623' title='bbox 1663 2339 1712 2366; x_wconf 75' lang='grc' dir='ltr'>καὶ</span> <span class='ocrx_word' id='word_1_624' title='bbox 1736 2339 1783 2366; x_wconf 77' lang='grc' dir='ltr'><strong>τοῦ</strong></span> <span class='ocrx_word' id='word_1_625' title='bbox 1807 2333 1898 2371; x_wconf 71' lang='grc' dir='ltr'>Δαὸὶδ,</span> 
     </span>
    </p>
   </div>
   <div class='ocr_carea' id='block_1_93' title="bbox 258 2382 1079 2421">
    <p class='ocr_par' dir='ltr' id='par_1_93' title="bbox 258 2384 1054 2420">
     <span class='ocr_line' id='line_1_93' title="bbox 258 2384 1054 2420; baseline -0.003 -7"><span class='ocrx_word' id='word_1_626' title='bbox 258 2387 338 2419; x_wconf 62' lang='lat' dir='ltr'><strong>enim,</strong></span> <span class='ocrx_word' id='word_1_627' title='bbox 355 2391 382 2413; x_wconf 91' lang='lat' dir='ltr'><strong>ct</strong></span> <span class='ocrx_word' id='word_1_628' title='bbox 400 2385 497 2412; x_wconf 89' lang='lat' dir='ltr'><strong>Davidi</strong></span> <span class='ocrx_word' id='word_1_629' title='bbox 512 2385 647 2420; x_wconf 80' lang='lat' dir='ltr'><strong>praeponi.</strong></span> <span class='ocrx_word' id='word_1_630' title='bbox 673 2384 734 2412; x_wconf 83' lang='lat' dir='ltr'><strong>Non</strong></span> <span class='ocrx_word' id='word_1_631' title='bbox 750 2384 837 2419; x_wconf 74' lang='lat' dir='ltr'><strong>igitur</strong></span> <span class='ocrx_word' id='word_1_632' title='bbox 853 2384 916 2412; x_wconf 89' lang='lat' dir='ltr'><strong>illos</strong></span> <span class='ocrx_word' id='word_1_633' title='bbox 933 2384 1006 2411; x_wconf 84' lang='lat' dir='ltr'><strong>inter</strong></span> <span class='ocrx_word' id='word_1_634' title='bbox 1024 2391 1054 2411; x_wconf 87' lang='lat' dir='ltr'><strong>se</strong></span> 
     </span>
    </p>
   </div>
   <div class='ocr_carea' id='block_1_94' title="bbox 1079 2382 1900 2421">
    <p class='ocr_par' dir='ltr' id='par_1_94' title="bbox 1105 2382 1900 2421">
     <span class='ocr_line' id='line_1_94' title="bbox 1105 2382 1900 2421; baseline 0.001 -12"><span class='ocrx_word' id='word_1_635' title='bbox 1105 2383 1291 2418; x_wconf 81' lang='grc' dir='ltr'>ἀμφοτέρους.</span> <span class='ocrx_word' id='word_1_636' title='bbox 1316 2383 1374 2410; x_wconf 87' lang='grc' dir='ltr'><strong>Νῦν</strong></span> <span class='ocrx_word' id='word_1_637' title='bbox 1403 2382 1449 2411; x_wconf 84' lang='grc' dir='ltr'>οὖν</span> <span class='ocrx_word' id='word_1_638' title='bbox 1477 2385 1528 2411; x_wconf 84' lang='grc' dir='ltr'><strong>οὐκ</strong></span> <span class='ocrx_word' id='word_1_639' title='bbox 1549 2385 1675 2421; x_wconf 79' lang='grc' dir='ltr'>ἀλλήλοις</span> <span class='ocrx_word' id='word_1_640' title='bbox 1700 2385 1812 2416; x_wconf 78' lang='grc' dir='ltr'>τούτους</span> <span class='ocrx_word' id='word_1_641' title='bbox 1839 2393 1900 2411; x_wconf 87' lang='grc' dir='ltr'>συν-</span> 
     </span>
    </p>
   </div>
   <div class='ocr_carea' id='block_1_95' title="bbox 259 2429 1080 2467">
    <p class='ocr_par' dir='ltr' id='par_1_95' title="bbox 259 2431 1053 2467">
     <span class='ocr_line' id='line_1_95' title="bbox 259 2431 1053 2467; baseline -0.003 -7"><span class='ocrx_word' id='word_1_642' title='bbox 259 2441 333 2460; x_wconf 89' lang='lat' dir='ltr'><strong>nunc</strong></span> <span class='ocrx_word' id='word_1_643' title='bbox 358 2432 488 2464; x_wconf 86' lang='lat' dir='ltr'><strong>contulit,</strong></span> <span class='ocrx_word' id='word_1_644' title='bbox 516 2432 563 2459; x_wconf 90' lang='lat' dir='ltr'><strong>sed</strong></span> <span class='ocrx_word' id='word_1_645' title='bbox 577 2439 641 2459; x_wconf 89' lang='lat' dir='ltr'><strong>cum</strong></span> <span class='ocrx_word' id='word_1_646' title='bbox 665 2432 739 2464; x_wconf 84' lang='lat' dir='ltr'><strong>aliis,</strong></span> <span class='ocrx_word' id='word_1_647' title='bbox 758 2433 805 2467; x_wconf 88' lang='lat' dir='ltr'><strong>qui</strong></span> <span class='ocrx_word' id='word_1_648' title='bbox 823 2440 872 2465; x_wconf 85' lang='lat' dir='ltr'><strong>pro</strong></span> <span class='ocrx_word' id='word_1_649' title='bbox 892 2431 946 2466; x_wconf 85' lang='lat' dir='ltr'><strong>piis</strong></span> <span class='ocrx_word' id='word_1_650' title='bbox 967 2431 1053 2459; x_wconf 78' lang='lat' dir='ltr'><strong>habiti</strong></span> 
     </span>
    </p>
   </div>
   <div class='ocr_carea' id='block_1_96' title="bbox 1078 2429 1899 2467">
    <p class='ocr_par' dir='ltr' id='par_1_96' title="bbox 1108 2429 1899 2466">
     <span class='ocr_line' id='line_1_96' title="bbox 1108 2429 1899 2466; baseline 0.004 -11"><span class='ocrx_word' id='word_1_651' title='bbox 1108 2429 1227 2464; x_wconf 83' lang='grc' dir='ltr'>έκρινεν,</span> <span class='ocrx_word' id='word_1_652' title='bbox 1239 2429 1308 2456; x_wconf 84' lang='grc' dir='ltr'>ἀλλὰ</span> <span class='ocrx_word' id='word_1_653' title='bbox 1326 2431 1382 2462; x_wconf 81' lang='grc' dir='ltr'>τοῖς</span> <span class='ocrx_word' id='word_1_654' title='bbox 1394 2430 1495 2464; x_wconf 77' lang='grc' dir='ltr'>ἄλλοις,</span> <span class='ocrx_word' id='word_1_655' title='bbox 1511 2433 1567 2463; x_wconf 85' lang='grc' dir='ltr'>τοῖς</span> <span class='ocrx_word' id='word_1_656' title='bbox 1581 2431 1692 2464; x_wconf 73' lang='grc' dir='ltr'>δόξασιν</span> <span class='ocrx_word' id='word_1_657' title='bbox 1713 2431 1848 2464; x_wconf 76' lang='grc' dir='ltr'>εὐσεσεῖν,</span> <span class='ocrx_word' id='word_1_658' title='bbox 1862 2430 1899 2466; x_wconf 79' lang='grc' dir='ltr'>τῷ</span> 
     </span>
    </p>
   </div>
   <div class='ocr_carea' id='block_1_97' title="bbox 260 2475 1081 2514">
    <p class='ocr_par' dir='ltr' id='par_1_97' title="bbox 260 2477 961 2513">
     <span class='ocr_line' id='line_1_97' title="bbox 260 2477 961 2513; baseline -0.003 -7"><span class='ocrx_word' id='word_1_659' title='bbox 260 2483 334 2510; x_wconf 83' lang='lat' dir='ltr'><strong>sunt,</strong></span> <span class='ocrx_word' id='word_1_660' title='bbox 352 2478 435 2506; x_wconf 84' lang='lat' dir='ltr'><strong>veluti</strong></span> <span class='ocrx_word' id='word_1_661' title='bbox 447 2486 509 2506; x_wconf 88' lang='lat' dir='ltr'><strong>cum</strong></span> <span class='ocrx_word' id='word_1_662' title='bbox 526 2478 592 2510; x_wconf 85' lang='lat' dir='ltr'><strong>Asa,</strong></span> <span class='ocrx_word' id='word_1_663' title='bbox 607 2477 754 2513; x_wconf 80' lang='lat' dir='ltr'><strong>Josapliat,</strong></span> <span class='ocrx_word' id='word_1_664' title='bbox 771 2482 798 2506; x_wconf 87' lang='lat' dir='ltr'><strong>et</strong></span> <span class='ocrx_word' id='word_1_665' title='bbox 809 2477 961 2505; x_wconf 62' lang='lat' dir='ltr'><strong>Jonatban.</strong></span> 
     </span>
    </p>
   </div>
   <div class='ocr_carea' id='block_1_98' title="bbox 922 2475 1743 2514">
    <p class='ocr_par' dir='ltr' id='par_1_98' title="bbox 922 2475 1743 2514">
     <span class='ocr_line' id='line_1_98' title="bbox 922 2475 1743 2514; baseline 0.004 -11"><span class='ocrx_word' id='word_1_666' title='bbox 922 2485 961 2504; x_wconf 75' lang='lat' dir='ltr'><strong>in.</strong></span> <span class='ocrx_word' id='word_1_667' title='bbox 1113 2475 1191 2507; x_wconf 82' lang='grc' dir='ltr'><strong>’Λσὰ,</strong></span> <span class='ocrx_word' id='word_1_668' title='bbox 1207 2476 1254 2502; x_wconf 72' lang='grc' dir='ltr'>καὶ</span> <span class='ocrx_word' id='word_1_669' title='bbox 1269 2476 1308 2512; x_wconf 82' lang='grc' dir='ltr'>τῷ</span> <span class='ocrx_word' id='word_1_670' title='bbox 1330 2476 1474 2511; x_wconf 78' lang='grc' dir='ltr'>Ἰωσαφὰτ,</span> <span class='ocrx_word' id='word_1_671' title='bbox 1494 2478 1540 2504; x_wconf 82' lang='grc' dir='ltr'>καὶ</span> <span class='ocrx_word' id='word_1_672' title='bbox 1555 2478 1595 2514; x_wconf 81' lang='grc' dir='ltr'>τῷ</span> <span class='ocrx_word' id='word_1_673' title='bbox 1613 2478 1743 2514; x_wconf 76' lang='grc' dir='ltr'>Ἰωαθάμ.</span> 
     </span>
    </p>
   </div>
   <div class='ocr_carea' id='block_1_99' title="bbox 290 2521 1111 2560">
    <p class='ocr_par' dir='ltr' id='par_1_99' title="bbox 290 2523 1055 2560">
     <span class='ocr_line' id='line_1_99' title="bbox 290 2523 1055 2560; baseline -0.003 -8"><span class='ocrx_word' id='word_1_674' title='bbox 290 2525 372 2552; x_wconf 81' lang='lat' dir='ltr'><strong>Vsns.</strong></span> <span class='ocrx_word' id='word_1_675' title='bbox 404 2525 449 2552; x_wconf 74' lang='lat'><strong>50.</strong></span> <span class='ocrx_word' id='word_1_676' title='bbox 470 2525 562 2552; x_wconf 64' lang='lat' dir='ltr'><strong>Acha:</strong></span> <span class='ocrx_word' id='word_1_677' title='bbox 581 2525 668 2560; x_wconf 81' lang='lat' dir='ltr'><strong>ﬁlium</strong></span> <span class='ocrx_word' id='word_1_678' title='bbox 687 2524 782 2552; x_wconf 64' lang='lat' dir='ltr'><strong>Iasiae.</strong></span> <span class='ocrx_word' id='word_1_679' title='bbox 802 2524 856 2552; x_wconf 76' lang='lat' dir='ltr'><strong>Res</strong></span> <span class='ocrx_word' id='word_1_680' title='bbox 876 2524 980 2557; x_wconf 80' lang='lat' dir='ltr'><strong>Achaz,</strong></span> <span class='ocrx_word' id='word_1_681' title='bbox 994 2523 1055 2551; x_wconf 81' lang='lat' dir='ltr'><strong>Jon-</strong></span> 
     </span>
    </p>
   </div>
   <div class='ocr_carea' id='block_1_100' title="bbox 1078 2521 1899 2560">
    <p class='ocr_par' dir='ltr' id='par_1_100' title="bbox 1148 2521 1899 2559">
     <span class='ocr_line' id='line_1_100' title="bbox 1148 2521 1899 2559; baseline 0 -10"><span class='ocrx_word' id='word_1_682' title='bbox 1148 2521 1239 2556; x_wconf 61' lang='grc' dir='ltr'><strong>Ἆχὰζῖ</strong></span> <span class='ocrx_word' id='word_1_683' title='bbox 1249 2523 1303 2549; x_wconf 84' lang='grc' dir='ltr'>τὸν</span> <span class='ocrx_word' id='word_1_684' title='bbox 1321 2523 1388 2550; x_wconf 79' lang='grc' dir='ltr'><strong>υὶὸν</strong></span> <span class='ocrx_word' id='word_1_685' title='bbox 1403 2524 1529 2551; x_wconf 83' lang='grc' dir='ltr'>Ἰωσίου.</span> <span class='ocrx_word' id='word_1_686' title='bbox 1539 2524 1579 2551; x_wconf 75' lang='grc' dir='ltr'><strong>Τὰ</strong></span> <span class='ocrx_word' id='word_1_687' title='bbox 1597 2524 1675 2551; x_wconf 84' lang='grc' dir='ltr'>κατὰ.</span> <span class='ocrx_word' id='word_1_688' title='bbox 1685 2524 1731 2551; x_wconf 80' lang='grc' dir='ltr'><strong>τὸν</strong></span> <span class='ocrx_word' id='word_1_689' title='bbox 1749 2523 1844 2559; x_wconf 77' lang='grc' dir='ltr'><strong>Ἀχὰζ,</strong></span> <span class='ocrx_word' id='word_1_690' title='bbox 1855 2523 1899 2551; x_wconf 65' lang='grc' dir='ltr'>καὶ</span> 
     </span>
    </p>
   </div>
   <div class='ocr_carea' id='block_1_101' title="bbox 260 2569 1081 2605">
    <p class='ocr_par' dir='ltr' id='par_1_101' title="bbox 260 2570 1054 2604">
     <span class='ocr_line' id='line_1_101' title="bbox 260 2570 1054 2604; baseline -0.003 -5"><span class='ocrx_word' id='word_1_691' title='bbox 260 2572 344 2604; x_wconf 84' lang='lat' dir='ltr'><strong>chim,</strong></span> <span class='ocrx_word' id='word_1_692' title='bbox 380 2571 530 2604; x_wconf 69' lang='lat' dir='ltr'><strong>Jechoniaa,</strong></span> <span class='ocrx_word' id='word_1_693' title='bbox 553 2576 580 2599; x_wconf 87' lang='lat' dir='ltr'><strong>et</strong></span> <span class='ocrx_word' id='word_1_694' title='bbox 600 2571 742 2599; x_wconf 69' lang='lat' dir='ltr'><strong>Sedechiae</strong></span> <span class='ocrx_word' id='word_1_695' title='bbox 775 2571 891 2599; x_wconf 89' lang='lat' dir='ltr'><strong>uberius</strong></span> <span class='ocrx_word' id='word_1_696' title='bbox 916 2570 1054 2598; x_wconf 80' lang='lat' dir='ltr'><strong>Jeremias</strong></span> 
     </span>
    </p>
   </div>
   <div class='ocr_carea' id='block_1_102' title="bbox 1076 2569 1897 2605">
    <p class='ocr_par' dir='ltr' id='par_1_102' title="bbox 1106 2569 1897 2605">
     <span class='ocr_line' id='line_1_102' title="bbox 1106 2569 1897 2605; baseline 0.001 -10"><span class='ocrx_word' id='word_1_697' title='bbox 1106 2569 1152 2595; x_wconf 74' lang='grc' dir='ltr'><strong>τὸν</strong></span> <span class='ocrx_word' id='word_1_698' title='bbox 1166 2569 1293 2604; x_wconf 75' lang='grc' dir='ltr'><strong>Ἱωακὶμ,</strong></span> <span class='ocrx_word' id='word_1_699' title='bbox 1304 2570 1351 2596; x_wconf 66' lang='grc' dir='ltr'>καὶ</span> <span class='ocrx_word' id='word_1_700' title='bbox 1364 2570 1409 2596; x_wconf 65' lang='grc' dir='ltr'><strong>τὴν</strong></span> <span class='ocrx_word' id='word_1_701' title='bbox 1425 2570 1564 2605; x_wconf 84' lang='grc' dir='ltr'>Ἰεχονίαν,</span> <span class='ocrx_word' id='word_1_702' title='bbox 1582 2572 1629 2598; x_wconf 76' lang='grc' dir='ltr'>καὶ</span> <span class='ocrx_word' id='word_1_703' title='bbox 1644 2571 1783 2604; x_wconf 83' lang='grc' dir='ltr'>Σεδεκίαν,</span> <span class='ocrx_word' id='word_1_704' title='bbox 1802 2570 1897 2598; x_wconf 73' lang='grc' dir='ltr'>πλατύ-</span> 
     </span>
    </p>
   </div>
   <div class='ocr_carea' id='block_1_103' title="bbox 261 2615 1082 2653">
    <p class='ocr_par' dir='ltr' id='par_1_103' title="bbox 261 2615 1052 2652">
     <span class='ocr_line' id='line_1_103' title="bbox 261 2615 1052 2652; baseline -0.001 -8"><span class='ocrx_word' id='word_1_705' title='bbox 261 2617 420 2652; x_wconf 88' lang='lat' dir='ltr'><strong>descripsit.</strong></span> <span class='ocrx_word' id='word_1_706' title='bbox 445 2617 572 2646; x_wconf 81' lang='lat' dir='ltr'><strong>Joacliim</strong></span> <span class='ocrx_word' id='word_1_707' title='bbox 597 2625 665 2645; x_wconf 89' lang='lat' dir='ltr'><strong>vero</strong></span> <span class='ocrx_word' id='word_1_708' title='bbox 683 2616 819 2645; x_wconf 83' lang='lat' dir='ltr'><strong>Joachimi</strong></span> <span class='ocrx_word' id='word_1_709' title='bbox 835 2617 932 2649; x_wconf 78' lang='lat' dir='ltr'><strong>ﬁliuni,</strong></span> <span class='ocrx_word' id='word_1_710' title='bbox 949 2615 1052 2644; x_wconf 79' lang='lat' dir='ltr'><strong>Jeclio-</strong></span> 
     </span>
    </p>
   </div>
   <div class='ocr_carea' id='block_1_104' title="bbox 1077 2615 1898 2653">
    <p class='ocr_par' dir='ltr' id='par_1_104' title="bbox 1103 2616 1898 2653">
     <span class='ocr_line' id='line_1_104' title="bbox 1103 2616 1898 2653; baseline 0.004 -12"><span class='ocrx_word' id='word_1_711' title='bbox 1103 2624 1181 2651; x_wconf 82' lang='grc' dir='ltr'>τερον</span> <span class='ocrx_word' id='word_1_712' title='bbox 1205 2616 1341 2652; x_wconf 78' lang='grc' dir='ltr'>Ἱερεμίας</span> <span class='ocrx_word' id='word_1_713' title='bbox 1369 2617 1552 2653; x_wconf 80' lang='grc' dir='ltr'>συνέγραψεν.</span> <span class='ocrx_word' id='word_1_714' title='bbox 1581 2618 1634 2644; x_wconf 74' lang='grc' dir='ltr'><strong>Τὸν</strong></span> <span class='ocrx_word' id='word_1_715' title='bbox 1660 2618 1689 2644; x_wconf 73' lang='grc' dir='ltr'>δὲ</span> <span class='ocrx_word' id='word_1_716' title='bbox 1708 2618 1834 2653; x_wconf 79' lang='grc' dir='ltr'><strong>Ἰωακὶμ,</strong></span> <span class='ocrx_word' id='word_1_717' title='bbox 1853 2617 1898 2643; x_wconf 75' lang='grc' dir='ltr'>τὸν</span> 
     </span>
    </p>
   </div>
   <div class='ocr_carea' id='block_1_105' title="bbox 264 2660 1085 2698">
    <p class='ocr_par' dir='ltr' id='par_1_105' title="bbox 264 2660 1052 2698">
     <span class='ocr_line' id='line_1_105' title="bbox 264 2660 1052 2698; baseline -0.003 -8"><span class='ocrx_word' id='word_1_718' title='bbox 264 2663 478 2698; x_wconf 67' lang='lat' dir='ltr'><strong>niamappellat,</strong></span> <span class='ocrx_word' id='word_1_719' title='bbox 495 2663 566 2691; x_wconf 87' lang='lat' dir='ltr'><strong>liber</strong></span> <span class='ocrx_word' id='word_1_720' title='bbox 589 2671 655 2691; x_wconf 88' lang='lat' dir='ltr'><strong>vero</strong></span> <span class='ocrx_word' id='word_1_721' title='bbox 686 2662 890 2698; x_wconf 80' lang='lat' dir='ltr'><strong>Paralipomen.</strong></span> <span class='ocrx_word' id='word_1_722' title='bbox 913 2660 1052 2689; x_wconf 85' lang='lat' dir='ltr'><strong>Joacbim.</strong></span> 
     </span>
    </p>
   </div>
   <div class='ocr_carea' id='block_1_106' title="bbox 1078 2660 1899 2698">
    <p class='ocr_par' dir='ltr' id='par_1_106' title="bbox 1103 2660 1899 2698">
     <span class='ocr_line' id='line_1_106' title="bbox 1103 2660 1899 2698; baseline 0.004 -11"><span class='ocrx_word' id='word_1_723' title='bbox 1103 2661 1149 2687; x_wconf 80' lang='grc' dir='ltr'><strong>τοῦ</strong></span> <span class='ocrx_word' id='word_1_724' title='bbox 1169 2660 1283 2696; x_wconf 80' lang='grc' dir='ltr'><strong>Ἰωακὶμ</strong></span> <span class='ocrx_word' id='word_1_725' title='bbox 1301 2662 1368 2694; x_wconf 80' lang='grc' dir='ltr'>υἰὺν,</span> <span class='ocrx_word' id='word_1_726' title='bbox 1388 2662 1519 2698; x_wconf 83' lang='grc' dir='ltr'>Ἰεχονίαν</span> <span class='ocrx_word' id='word_1_727' title='bbox 1532 2663 1622 2690; x_wconf 82' lang='grc' dir='ltr'>καλεῖ.</span> <span class='ocrx_word' id='word_1_728' title='bbox 1645 2663 1678 2690; x_wconf 84' lang='grc' dir='ltr'><em>Ἦ</em></span> <span class='ocrx_word' id='word_1_729' title='bbox 1694 2663 1723 2690; x_wconf 78' lang='grc' dir='ltr'>δὲ</span> <span class='ocrx_word' id='word_1_730' title='bbox 1738 2663 1791 2690; x_wconf 84' lang='grc' dir='ltr'>τῶν</span> <span class='ocrx_word' id='word_1_731' title='bbox 1808 2664 1899 2697; x_wconf 76' lang='grc' dir='ltr'>Παρα-</span> 
     </span>
    </p>
   </div>
   <div class='ocr_carea' id='block_1_107' title="bbox 264 2699 1085 2745">
    <p class='ocr_par' dir='ltr' id='par_1_107' title="bbox 264 2699 1051 2744">
     <span class='ocr_line' id='line_1_107' title="bbox 264 2699 1051 2744; baseline -0.005 -8"><span class='ocrx_word' id='word_1_732' title='bbox 264 2709 341 2737; x_wconf 86' lang='lat' dir='ltr'><strong>llunc</strong></span> <span class='ocrx_word' id='word_1_733' title='bbox 367 2707 499 2744; x_wconf 82' lang='lat' dir='ltr'><strong>Assyrius</strong></span> <span class='ocrx_word' id='word_1_734' title='bbox 523 2716 539 2736; x_wconf 87' lang='lat' dir='ltr'><strong>e</strong></span> <span class='ocrx_word' id='word_1_735' title='bbox 553 2699 667 2736; x_wconf 70' lang='lat' dir='ltr'><strong>carcere</strong></span> <span class='ocrx_word' id='word_1_736' title='bbox 690 2707 849 2740; x_wconf 85' lang='lat' dir='ltr'><strong>liberatum,</strong></span> <span class='ocrx_word' id='word_1_737' title='bbox 876 2712 1051 2734; x_wconf 86' lang='lat' dir='ltr'><strong>commensa-</strong></span> 
     </span>
    </p>
   </div>
   <div class='ocr_carea' id='block_1_108' title="bbox 1078 2699 1899 2745">
    <p class='ocr_par' dir='ltr' id='par_1_108' title="bbox 1104 2705 1899 2745">
     <span class='ocr_line' id='line_1_108' title="bbox 1104 2705 1899 2745; baseline 0.004 -13"><span class='ocrx_word' id='word_1_738' title='bbox 1104 2705 1275 2740; x_wconf 83' lang='grc' dir='ltr'>λειπομένων</span> <span class='ocrx_word' id='word_1_739' title='bbox 1300 2707 1392 2743; x_wconf 75' lang='grc' dir='ltr'>βίϐλος</span> <span class='ocrx_word' id='word_1_740' title='bbox 1414 2707 1541 2744; x_wconf 83' lang='grc' dir='ltr'>Ίωακίμ.</span> <span class='ocrx_word' id='word_1_741' title='bbox 1565 2708 1675 2736; x_wconf 85' lang='grc' dir='ltr'>Τούτων</span> <span class='ocrx_word' id='word_1_742' title='bbox 1706 2711 1721 2737; x_wconf 82' lang='grc' dir='ltr'><strong>ὸ</strong></span> <span class='ocrx_word' id='word_1_743' title='bbox 1747 2709 1899 2745; x_wconf 79' lang='grc' dir='ltr'>Ἀσσύριος,</span> 
     </span>
    </p>
   </div>
   <div class='ocr_carea' id='block_1_109' title="bbox 261 2752 1082 2791">
    <p class='ocr_par' dir='ltr' id='par_1_109' title="bbox 261 2753 1054 2789">
     <span class='ocr_line' id='line_1_109' title="bbox 261 2753 1054 2789; baseline -0.003 -9"><span class='ocrx_word' id='word_1_744' title='bbox 261 2754 315 2781; x_wconf 85' lang='lat' dir='ltr'><strong>tem</strong></span> <span class='ocrx_word' id='word_1_745' title='bbox 340 2754 447 2788; x_wconf 82' lang='lat' dir='ltr'><strong>habuit,</strong></span> <span class='ocrx_word' id='word_1_746' title='bbox 462 2753 591 2786; x_wconf 85' lang='lat' dir='ltr'><strong>Domino,</strong></span> <span class='ocrx_word' id='word_1_747' title='bbox 614 2761 629 2780; x_wconf 85' lang='lat' dir='ltr'><strong>a</strong></span> <span class='ocrx_word' id='word_1_748' title='bbox 646 2761 701 2789; x_wconf 90' lang='lat' dir='ltr'><strong>quo</strong></span> <span class='ocrx_word' id='word_1_749' title='bbox 725 2760 875 2789; x_wconf 86' lang='lat' dir='ltr'><strong>percussus</strong></span> <span class='ocrx_word' id='word_1_750' title='bbox 898 2755 970 2785; x_wconf 86' lang='lat' dir='ltr'><strong>erat,</strong></span> <span class='ocrx_word' id='word_1_751' title='bbox 991 2759 1054 2779; x_wconf 89' lang='lat' dir='ltr'><strong>eum</strong></span> 
     </span>
    </p>
   </div>
   <div class='ocr_carea' id='block_1_110' title="bbox 1079 2752 1900 2791">
    <p class='ocr_par' dir='ltr' id='par_1_110' title="bbox 1105 2752 1900 2791">
     <span class='ocr_line' id='line_1_110' title="bbox 1105 2752 1900 2791; baseline 0.005 -14"><span class='ocrx_word' id='word_1_752' title='bbox 1105 2752 1155 2786; x_wconf 83' lang='grc' dir='ltr'><strong>τῆς</strong></span> <span class='ocrx_word' id='word_1_753' title='bbox 1170 2752 1285 2788; x_wconf 72' lang='grc' dir='ltr'>εἱρκτῆς</span> <span class='ocrx_word' id='word_1_754' title='bbox 1299 2753 1469 2787; x_wconf 73' lang='grc' dir='ltr'>ἀπαλλάξας,</span> <span class='ocrx_word' id='word_1_755' title='bbox 1487 2755 1642 2788; x_wconf 77' lang='grc' dir='ltr'>ὁμοδίαιτον</span> <span class='ocrx_word' id='word_1_756' title='bbox 1655 2753 1739 2791; x_wconf 73' lang='grc' dir='ltr'>εἶχεν,</span> <span class='ocrx_word' id='word_1_757' title='bbox 1766 2755 1814 2782; x_wconf 75' lang='grc' dir='ltr'><strong>τοῦ</strong></span> <span class='ocrx_word' id='word_1_758' title='bbox 1833 2754 1900 2790; x_wconf 75' lang='grc' dir='ltr'><strong>πλή-</strong></span> 
     </span>
    </p>
   </div>
   <div class='ocr_carea' id='block_1_111' title="bbox 262 2798 1083 2836">
    <p class='ocr_par' dir='ltr' id='par_1_111' title="bbox 262 2800 633 2836">
     <span class='ocr_line' id='line_1_111' title="bbox 262 2800 633 2836; baseline 0.003 -10"><span class='ocrx_word' id='word_1_759' title='bbox 262 2801 425 2830; x_wconf 83' lang='lat' dir='ltr'><strong>restituente</strong></span> <span class='ocrx_word' id='word_1_760' title='bbox 441 2802 468 2829; x_wconf 88' lang='lat' dir='ltr'><strong>in</strong></span> <span class='ocrx_word' id='word_1_761' title='bbox 483 2800 633 2836; x_wconf 74' lang='lat' dir='ltr'><strong>integrum.</strong></span> 
     </span>
    </p>
   </div>
   <div class='ocr_carea' id='block_1_112' title="bbox 749 2798 1570 2836">
    <p class='ocr_par' dir='ltr' id='par_1_112' title="bbox 1109 2798 1570 2836">
     <span class='ocr_line' id='line_1_112' title="bbox 1109 2798 1570 2836; baseline 0.004 -11"><span class='ocrx_word' id='word_1_762' title='bbox 1109 2798 1204 2830; x_wconf 80' lang='grc' dir='ltr'>ξαντος</span> <span class='ocrx_word' id='word_1_763' title='bbox 1221 2799 1303 2826; x_wconf 75' lang='grc' dir='ltr'>αὐτὸν</span> <span class='ocrx_word' id='word_1_764' title='bbox 1320 2800 1470 2836; x_wconf 74' lang='grc' dir='ltr'>ἰασαμένου</span> <span class='ocrx_word' id='word_1_765' title='bbox 1490 2800 1570 2827; x_wconf 78' lang='grc' dir='ltr'>Θεοῦ.</span> 
     </span>
    </p>
   </div>
  </div>
