2079 3161
195 171 260 206 12(1

687 178 956 209 COMMENTARII
974 168 1015 208 ΙΝ
1033 179 1106 209 LIB.
1126 178 1140 209 I
1169 176 1343 209 PARALIP.

1769 175 1838 209 1202

197 321 320 378 ΕΙΣ
357 322 517 379 ΤΗΝ
548 321 862 381 ΠΡΩΤΗΝ
891 323 1043 381 ΤΩΝ
1082 318 1835 381 ΠΑΡΑΛΕΙΠΟΜΕΝΩΝ.

266 518 348 580 ΙΝ
380 518 696 584 PRIMUM
725 520 1031 586 LIBRUM

1067 520 1772 586 PARALIPOMENON.

710 637 843 666 Ludovico
859 637 990 666 Lavutero
1018 639 1147 675 Tigurino
1174 641 1326 675 interprete.

495 793 701 821 HPOOIMION.

238 838 310 865 Ὅσα
337 837 489 873 παρέλιπεν
508 839 522 865 ὁ
537 838 588 871 τὰς
613 838 759 871 Βασιλείας
776 839 991 875 συγγεγραφὼς,

202 883 288 911 ταῦτα
302 884 475 911 συντέθεικεν
489 884 503 910 ὁ
519 884 568 919 τὴν
596 885 738 920 παροῦσαν
754 885 884 912 ὑπόθεσιν
898 886 994 921 ἐνστη-

203 931 331 965 σάμενος.
354 930 399 962 '0:
423 931 471 957 καὶ
488 929 609 965 τοῦνομα
634 930 681 957 τοῦ
697 930 802 966 βιϐλίου
816 931 904 966 δηλοῖ,
920 932 994 967 ειπερ

202 977 235 1003 ἐκ
254 976 389 1003 πλείστων
400 976 578 1012 προφητικῶν
606 977 777 1010 συνελέξατο.
801 977 892 1005 Πολλά
906 978 934 1005 δὲ
948 978 997 1005 καὶ.

202 1022 258 1050 τῶν
288 1023 317 1049 ἐν
341 1023 402 1054 ταῖς
430 1022 587 1055 Βασιλείαις
614 1022 722 1054 τούτοις
743 1024 913 1059 συνήρμοσε,
930 1024 997 1060 μίαν

205 1069 346 1104 συνέχειαν
363 1068 507 1104 φυλάττειν
520 1068 837 1101 ὲσπουδακώς.¹Ανωθεν
855 1069 885 1096 δὲ
898 1078 996 1104 γενεα-

205 1114 282 1148 λογεῖ
311 1114 363 1149 τὴν
388 1115 480 1142 πᾶσαν
502 1114 534 1147 ἐξ
559 1114 619 1146 ἐνὸς
643 1114 754 1146 δεικνὺς
780 1115 997 1151 ἅνθρωπότητα.

212 1160 323 1196 Ἐπειδὴ
336 1160 365 1187 δὲ
382 1160 467 1196 μόνης
481 1161 532 1196 τῆς
543 1160 633 1188 Ἰούδα
651 1160 792 1196 βασιλείας
814 1163 933 1189 ποιεῖται
945 1162 998 1197 τὴν

208 1207 329 1242 μνήμην.
346 1206 480 1238 διδάσκει,
495 1207 569 1238 τίνες
584 1206 689 1234 τούτων
715 1208 743 1234 at
757 1207 861 1240 κῶμαι,
881 1207 929 1235 καὶ
947 1207 998 1234 πό-

206 1253 273 1285 λεις,
294 1254 341 1280 καὶ
356 1253 440 1280 πόθεν
459 1253 626 1289 ἐκλήθησαν.
647 1252 789 1280 Ἐντεῦθεν
813 1254 998 1289 μανθάνομεν,

207 1299 244 1331 ὡς
259 1299 366 1339 Ναθάν,
379 1299 409 1332 ἐξ
436 1296 468 1327 οῦ
491 1299 538 1326 τὸν
565 1299 686 1335 Χριστὸν
703 1300 810 1332 Λουκᾶς
829 1300 999 1335 γενεαλογεῖ,

208 1347 319 1381 γνήσιος
330 1344 364 1381 ἦν
382 1346 498 1381 ἀδελφὸς
525 1346 711 1381 Σολομῶντος,
727 1347 760 1373 ἐκ
772 1346 855 1373 Δαδὶδ
869 1347 915 1373 καὶ
928 1346 1001 1382 Βηρ-

208 1393 315 1421 σαϐαιέ.
337 1393 393 1419 Καὶ
406 1392 453 1420 τὸν
471 1392 574 1429 Ῥηχὰσ
590 1393 631 1425 δὲ,
651 1393 698 1420 τὸν
712 1392 849 1428 πολλαχοῦ
864 1393 913 1428 τῆς
927 1393 1002 1428 Γρα-

207 1439 261 1474 φῆς
273 1439 483 1474 ἐπαινούμενον,
505 1436 556 1465 ὧδε
571 1439 711 1465 δείκνυσιν
730 1439 762 1466 ἐκ
786 1439 837 1474 τῆς
853 1438 941 1466 Ὶούδα
952 1447 1002 1473 φυ-

207 1485 265 1520 λῆς.
283 1485 366 1520 Λέγει
392 1473 422 1511 δὲ
446 1484 494 1511 καὶ
514 1483 629 1519 Ῥουϐὴν
657 1484 713 1511 τῶν
729 1483 937 1519 πρωτοτοκείων
952 1483 1000 1510 ὲκ·
1018 1473 1038 1500 Β

207 1531 394 1564 πεπτωκέναι,
418 1531 467 1558 τοῦ
495 1530 600 1566 πατρὸς
628 1529 678 1566 τὴν
708 1530 803 1564 κοίτην
844 1529 999 1563 μιάναντα·

207 1577 295 1605 ταῦτα
307 1578 336 1604 δὲ
352 1577 399 1604 τὸν
420 1577 519 1613 Ἰωσὴφ
535 1577 688 1612 εἰληφέναι.
705 1577 758 1603 Τὸν
782 1576 811 1603 δὲ
834 1576 940 1603 Ἰούδαν
960 1576 1001 1607 είς

208 1624 359 1660 ἠγεμονίαν
388 1623 607 1660 προτιμηθῆναι,
631 1623 676 1650 διὰ
704 1622 754 1658 τὴν
770 1622 998 1657 ὑπερϐάλλουσαν

208 1669 292 1697 αὑτοῦ
317 1669 443 1704 δύναμιν.
462 1669 592 1696 Μάλιστα
602 1669 644 1701 δὲ,
661 1669 706 1696 διὰ
719 1668 764 1695 τδν
782 1667 812 1700 ἐξ
832 1667 917 1694 αὑτοῦ
930 1668 1003 1695 κατὰ

209 1716 299 1751 σάρκα
327 1715 518 1751 βλαστήσαντα
530 1715 650 1750 Κύριον,
680 1715 768 1742 Τοῦτο
783 1715 839 1750 γὰρ
866 1714 943 1749 δηλοῖ
958 1714 1000 1747 τὸ,

207 1763 251 1795 είς
267 1762 437 1796 ἡγούμενον
453 1761 488 1794 ἐξ
503 1761 608 1789 αὐτοῦ.
625 1761 656 1787 Οῑ
675 1760 724 1795 μὲν
738 1760 793 1796 γὰρ
809 1760 895 1792 ἄλλοι,
916 1760 1002 1795 πρόσ-

208 1815 319 1842 καιρον
353 1804 432 1837 οὗτος
458 1806 498 1840 δὲ,
517 1806 599 1841 μόνος
623 1807 653 1840 ἐξ
670 1805 754 1833 αὐτοῦ
774 1806 923 1841 προῆλθεν,
936 1806 1002 1833 αἰώ-

208 1862 264 1885 νιος
277 1853 315 1880 ὢν
333 1852 471 1888 βασιλεὺς.
485 1852 613 1880 Διδάσκει
632 1852 660 1879 δὲ
679 1852 726 1879 καὶ
738 1852 776 1884 ὡς
791 1852 818 1879 αἰ
833 1852 921 1887 πέραν
935 1852 1003 1887 Ἰορ-

208 1900 289 1927 δάνου
305 1899 386 1934 φυλαὶ
397 1899 460 1931 τοὺς
477 1898 645 1934 ἀλλοφύλους
662 1898 805 1932 ἐνίκησαν,
821 1898 862 1929 είς
877 1898 943 1925 Θεὸν
957 1898 1005 1924 καὶ

212 1946 292 1980 μόνον
308 1945 463 1973 ἐλπίσασαι.
480 1945 640 1979 ιἐνεαλογεῖ
649 1944 677 1971 δὲ
694 1945 742 1971 καὶ
756 1944 818 1976 τοὺς
837 1944 937 1980 ἱερέας,
955 1943 1005 1970 καὶ

210 1993 273 2022 τοὺς
289 1992 418 2023 Λευττας.
433 1990 490 2018 Καὶ
515 1991 646 2023 Σαδδοῦκ,
663 1990 710 2017 τὸν
727 1990 775 2018 ἐπὶ
797 1990 845 2017 τοῦ
860 1989 942 2017 Δαόὶδ
954 1990 1005 2025 ἁρ-

209 2037 434 2074 χιερατεύσαντα,
460 2037 599 2065 δείκνυσιν
630 2037 773 2064 ἑνδέκατον
793 2036 847 2064 ἀπὸ
871 2035 997 2072 Ἀαρών·

211 2086 259 2112 καὶ
277 2085 322 2112 τὸν
332 2085 452 2111 Σαδδοὺκ
464 2084 578 2118 ἔκγονον
603 2083 734 2120 Ἀζαρίαν
752 2083 862 2119 πρῶτον
877 2082 1005 2119 ίερατεῦ-

212 2139 268 2161 σαι,
279 2130 357 2179 ,μετὰ
369 2129 419 2165 τὴν
436 2130 489 2156 ὖπδ
496 2130 669 2166 Σολομῶντος
679 2130 852 2165 κατασκευὴν
866 2129 913 2156 τοῦ
926 2129 1003 2158 ναοῦ.
1019 2149 1040 2179 c

217 2175 263 2207 Ἐξ
275 2172 313 2202 ὧν
323 2174 357 2211 ἦν
379 2175 515 2209 Ἰωσεδὲκ,
529 2176 543 2202 ὁ
558 2175 628 2211 μετὰ
643 2176 693 2212 τὴν
705 2176 807 2203 ἆλωσιν
817 2175 952 2211 ἀπαχθεὶς
965 2176 1006 2208 είς

212 2217 471 2257 Βαϐυλῶνα.οῦπερ
482 2220 515 2257 ἦν
533 2222 591 2253 υἱὸς
613 2221 728 2257 Ἰησοῦς.
739 2223 753 2249 ὁ
769 2222 859 2257 ἱερεὺς
872 2223 886 2249 ὁ
907 2222 1006 2257 μέγας.

212 2270 226 2295 ὁ
239 2268 302 2300 τοὺς
315 2267 506 2303 αἰχμαλώτους
537 2269 587 2296 σὺν
612 2268 651 2304 τῷ
678 2267 833 2304 Ζοροϐάϐελ
847 2267 1006 2303 ἀναγαγών.

218 2314 359 2341 Ἐντεῦθεν
389 2314 574 2350 μανθάνομεν,
591 2315 629 2346 ὡς
653 2314 668 2340 ὁ
693 2313 851 2346 ἐπαναστὰς
880 2313 952 2349 Κορὲ
968 2314 1007 2350 τῷ

213 2361 326 2387 Μωῦσεϊ
340 2359 504 2395 ἀνεψιαδοῦς
527 2360 651 2395 ὑπῆρχεν
673 2359 758 2395 αὐτῷ,
780 2359 828 2386 τοῦ
853 2359 945 2396 ’ῐσαὰρ
959 2359 1007 2387 ἐκ·

213 2415 302 2439 γονος,
329 2405 390 2433 υῑοῦ
418 2406 469 2441 μὲν
498 2406 590 2438 Καὰθ.
622 2405 737 2441 ἀδελφοῦ
759 2406 788 2433 δὲ
805 2407 930 2442 Ἀμράμ,
958 2407 1007 2434 τοῦ

213 2452 354 2483 Μωῦσέως
370 2452 485 2487 πατρός.
499 2451 554 2478 Καὶ
569 2451 607 2484 ὡς
629 2451 653 2478 οἱ
666 2451 763 2478 τούτου
783 2452 880 2484 παῖδες
895 2452 945 2487 τῆς
958 2451 1007 2479 τοῦ

214 2497 317 2533 πατρὸς
332 2497 363 2524 οὐ
389 2497 577 2533 μετεσχήκασι
595 2497 685 2533 δίκης.
710 2497 839 2533 Σαμουὴλ
854 2497 920 2532 γοῦν
932 2499 946 2525 ὁ
961 2498 1008 2532 μέ-

213 2553 264 2579 γας
277 2545 308 2578 ἐξ
320 2544 403 2572 αὑτοῦ
415 2545 532 2579 κατάγει
544 2545 576 2572 τὸ
588 2546 677 2580 γένος,
686 2546 734 2572 καὶ
747 2546 859 2580 Ᾱίμὰνὸ
867 2545 1008 2581 ψαλτῳδὺς

214 2590 327 2624 ἔκγονος
351 2587 385 2625 ἦν
411 2590 552 2626 Σαμουὴλ.
578 2590 644 2622 Tib;
667 2591 722 2626 γὰρ
738 2588 772 2626 ἦν
794 2590 871 2626 Ὶωὴλ
881 2591 929 2617 τοῦ
948 2591 1007 2618 υίοῦ

214 2636 353 2672 Σαμουὴλ.
378 2636 465 2671 ’Δζὰφ
496 2636 524 2663 δὲ
554 2638 569 2663 ὁ
595 2636 734 2671 ψαλτῳδὺς
748 2638 781 2664 ὲκ
798 2635 846 2663 τοῦ
863 2637 977 2671 Γεδσὼμ
992 2638 1007 2657 h

215 2682 318 2717 κατῆγε
348 2682 379 2709 τὸ
407 2682 496 2716 γένος,
512 2681 571 2709 υἱοῦ
597 2681 673 2715 Δευτ,
691 2682 809 2716 ἀδελφοῦ
834 2682 924 2711 Καάθ.
952 2683 1008 2710 Καὶ

222 2727 311 2763 Ἐθὰμ
333 2727 363 2755 δὲ
374 2748 382 2760 ,
396 2728 453 2755 τῶν
480 2727 599 2763 ᾀδόντων
614 2725 666 2760 εἷς,
698 2729 730 2755 ὲκ
755 2727 803 2755 τοῦ
820 2729 940 2764 Μεραρὶ,
958 2729 1007 2756 τοῦ

215 2772 292 2805 Λευτ,
314 2773 420 2808 κατῆγε
436 2773 468 2800 τὺ
490 2773 580 2807 γένος.
600 2772 684 2808 Λέγει
715 2773 744 2800 δὲ
765 2774 812 2801 καὶ
836 2774 943 2810 ἱερέων,
959 2775 1007 2802 καὶ

217 2818 348 2853 Λευῖτῶν,
359 2819 391 2846 τὸ
404 2819 544 2856 διάφορον.
572 2820 655 2854 Λέγει
681 2819 710 2847 δὲ
735 2820 783 2848 καὶ
800 2821 849 2856 τῆς
862 2821 1007 2857 αἱχμαλω-
1025 2822 1047 2849 υ

1009 796 1032 825 Δ

1333 793 1546 823 ΡΒΟἝΜΙυΜ.

1079 842 1184 869 Auctor
1223 842 1270 877 qui
1298 849 1420 877 praesens
1442 844 1637 876 argumentum
1666 841 1842 868 tractandum

1044 889 1178 923 suscepit,
1194 895 1238 920 ea,
1251 895 1312 923 qua:
1330 895 1344 914 a
1364 887 1501 922 scriptore
1516 886 1640 914 historiae
1653 887 1760 922 Regum
1774 894 1844 921 prae-

1047 935 1175 963 termissa
1201 939 1278 968 sunt,
1294 935 1338 962 his
1363 933 1443 961 libris
1469 933 1655 969 persequitur.
1672 933 1700 960 ld
1720 932 1794 968 quod
1810 932 1843 959 ti-

1047 982 1120 1009 tulus
1134 981 1199 1008 libri
1215 982 1299 1009 etiam
1327 981 1461 1009 ostendit.
1482 980 1619 1008 Caeterum
1638 980 1697 1008 haec
1717 987 1748 1007 ex
1776 980 1844 1007 mul-

1048 1027 1084 1055 tis
1100 1027 1299 1062 prophetarum
1320 1027 1435 1062 scriptis
1460 1027 1582 1062 collegit.
1606 1026 1690 1054 Multa
1719 1031 1843 1061 qusque.

1048 1080 1110 1108 quae,
1125 1072 1152 1100 in
1168 1072 1249 1100 libris
1265 1071 1370 1108 Regum
1395 1072 1538 1108 leguntur,
1555 1072 1600 1099 his
1616 1071 1775 1106 conjunxit.
1794 1071 1845 1098 Dc-

1048 1119 1090 1146 dit
1118 1118 1194 1146 enim
1220 1125 1334 1153 operam
1352 1139 1359 1150 ,
1388 1123 1418 1145 ut
1443 1118 1604 1146 continuam
1631 1121 1657 1145 et
1685 1120 1843 1152 perpetuam

1048 1164 1173 1193 historia:
1187 1164 1288 1192 seriem
1304 1168 1494 1192 conservaret.
1512 1164 1602 1192 Porro
1615 1171 1699 1200 supra
1715 1168 1844 1198 repetens

1050 1210 1252 1246 genealogiam,
1269 1218 1303 1237 ex
1321 1218 1377 1238 uno
1393 1210 1506 1238 homine
1528 1215 1616 1238 totum
1639 1218 1727 1246 genus
1744 1210 1844 1237 huma-

1051 1263 1117 1283 num
1132 1255 1253 1283 deducit.
1271 1254 1316 1288 Et,
1333 1263 1396 1283 cum
1420 1255 1578 1291 reguiJuda
1600 1260 1706 1283 tantum
1728 1255 1846 1282 mentio-

1052 1310 1114 1330 nem
1132 1301 1227 1333 faciat,
1244 1302 1337 1334 docet,
1351 1310 1422 1337 quos
1450 1310 1547 1337 pagos,
1564 1306 1591 1329 et
1612 1310 1682 1337 quas
1699 1301 1782 1329 urbes
1798 1301 1846 1328 ha-

1053 1348 1125 1380 beat,
1153 1351 1181 1374 et
1195 1347 1268 1374 unde
1295 1355 1394 1375 nomen
1419 1348 1591 1383 acceperint.
1618 1348 1756 1375 Discimns
1782 1347 1846 1374 hinc

1053 1391 1174 1424 Nathan,
1193 1400 1228 1420 ex
1246 1399 1303 1427 quo
1325 1391 1415 1420 Lucas
1429 1393 1618 1428 genealogiam
1632 1392 1736 1420 Christi
1757 1391 1845 1418 dedu-

1055 1439 1105 1471 cit,
1126 1438 1214 1466 fuisse
1233 1447 1393 1474 germanum
1419 1439 1531 1466 fratrem
1558 1439 1723 1472 Salomonis,
1749 1447 1780 1466 cx
1798 1438 1847 1465 Da-

1053 1484 1115 1512 vide
1143 1488 1171 1512 et
1198 1485 1363 1512 Bethsabea.
1392 1484 1424 1511 Et
1438 1484 1562 1516 Rechab,
1592 1492 1674 1520 quem
1701 1484 1846 1518 Scriptura

1052 1531 1155 1566 passim
1171 1531 1305 1564 celebrat,
1318 1539 1351 1559 ex
1370 1531 1444 1558 tribu
1467 1530 1538 1558 Juda
1557 1530 1643 1559 fuisse
1656 1530 1788 1558 ostendit.
1804 1529 1846 1556 Ad

1053 1578 1112 1605 haec
1129 1577 1237 1610 Ruben,
1255 1585 1289 1605 eo
1309 1582 1381 1612 quod
1402 1577 1492 1613 patris
1506 1578 1610 1605 lectum
1627 1577 1736 1605 inci-stu
1752 1581 1847 1604 conla-

1053 1623 1198 1656 minosset,
1225 1624 1272 1658 jus
1306 1624 1534 1659 primogenitum
1566 1623 1712 1657 amisisse,
1743 1623 1848 1657 Joscph

1053 1668 1134 1705 547
1149 1677 1215 1696 vero
1230 1669 1319 1704 ipsius
1330 1669 1392 1696 loco
1409 1669 1553 1704 accepisse
1567 1668 1695 1697 docetur.
1718 1667 1783 1695 Item
1803 1666 1849 1694 Ju-

1053 1715 1095 1742 da:
1122 1715 1257 1743 honorem
1299 1715 1488 1751 principatus,
1521 1719 1634 1751 propter
1664 1715 1850 1742 excellentem

1054 1769 1132 1788 suam
1156 1761 1285 1789 virtutem
1309 1761 1434 1788 habitum
1457 1769 1533 1795 e559,
1554 1761 1674 1789 maxime
1697 1768 1763 1788 vero
1786 1767 1851 1795 pro-

1055 1811 1116 1843 pter
1134 1807 1323 1841 Servatorem,
1339 1807 1387 1842 qui
1400 1815 1433 1835 ex
1447 1816 1480 1835 eo
1497 1807 1654 1835 secundum
1672 1814 1783 1833 carnem
1799 1806 1849 1832 dc-

1055 1852 1176 1881 scendit.
1205 1852 1234 1881 ld
1257 1853 1302 1881 his
1324 1854 1418 1881 verbis
1456 1853 1625 1885 declaratur,
1650 1853 1679 1880 in
1706 1852 1799 1879 ducent
1818 1859 1852 1878 ea;

1055 1900 1122 1934 ipso.
1150 1899 1256 1935 Reliqui
1278 1900 1353 1928 enim
1379 1899 1542 1935 temporarii
1556 1899 1687 1932 fuerunt;
1714 1899 1760 1926 hic
1784 1906 1850 1926 vero

1055 1954 1089 1974 ex
1117 1947 1180 1983 ipso
1206 1946 1362 1978 descendit,
1384 1946 1432 1982 qui
1458 1946 1535 1975 solus
1551 1946 1715 1974 saculorum
1736 1953 1783 1973 rex
1796 1949 1852 1972 est.

1056 1992 1141 2021 Docet
1154 1993 1248 2026 etiam,
1266 1992 1407 2028 quomodo
1419 1993 1520 2024 tribus,
1537 2000 1599 2027 qua:
1616 1991 1687 2019 ultra
1699 1991 1849 2018 Iordanem

1056 2044 1131 2071 sunt,
1148 2041 1176 2068 in
1202 2040 1262 2068 solo
1281 2040 1338 2067 Deo
1360 2039 1419 2074 spei
1435 2038 1564 2074 prtesidio
1591 2039 1693 2074 posito,
1716 2037 1849 2072 alienige-

1055 2093 1106 2114 nas
1119 2085 1250 2113 vicerint.
1281 2084 1444 2119 Catalogum
1471 2087 1600 2112 recenset
1622 2082 1733 2118 generis
1758 2089 1851 2109 sacer-

1057 2133 1153 2160 dotum
1180 2135 1207 2159 et
1235 2130 1409 2158 Levitarum.
1445 2129 1607 2162 Sadocum,
1639 2127 1685 2163 qui
1718 2131 1850 2162 regnante

1059 2177 1161 2205 Davide
1177 2183 1314 2204 summum
1330 2175 1523 2210 pontiﬁcatum
1539 2174 1638 2211 gessit,
1656 2172 1778 2201 ostendit
1797 2180 1850 2199 uu-

1058 2223 1194 2251 decimum
1223 2223 1259 2250 ab
1281 2222 1391 2249 Aarone
1416 2220 1514 2254 fuisse,
1538 2225 1566 2248 et
1595 2218 1694 2247 Sadoci
1722 2223 1850 2253 nepotem

1057 2270 1185 2297 Azariam
1226 2269 1346 2304 primum
1381 2267 1541 2296 sacerdotis
1578 2272 1680 2292 munus
1717 2263 1850 2294 obivisse.

1057 2318 1202 2350 postquam
1219 2312 1351 2348 templum
1361 2319 1377 2339 a
1389 2311 1536 2339 Salomone
1548 2310 1647 2338 fuisset
1660 2312 1830 2337 exstructum
1842 2315 1849 2340 ;

1057 2369 1092 2388 ex
1115 2361 1217 2396 quibus
1243 2359 1327 2387 etiam
1354 2357 1474 2386 Josedek
1501 2361 1573 2391 erat,
1591 2357 1638 2393 qui
1665 2360 1745 2391 capta
1770 2354 1850 2387 urbe,

1057 2406 1223 2442 Babylonem
1249 2404 1388 2432 abductus
1408 2407 1461 2432 est.
1488 2403 1577 2438 Hujus
1596 2402 1671 2429 [ilius
1689 2399 1742 2427 fuit
1759 2398 1849 2430 Jesus,

1058 2459 1184 2480 summus
1199 2450 1336 2486 pontifex,
1352 2449 1400 2485 qui
1427 2448 1552 2484 captivos
1567 2455 1620 2475 una
1644 2454 1706 2474 cum
1727 2445 1849 2472 Zoroba—

1058 2499 1119 2525 bele
1139 2497 1261 2525 reduxit.
1287 2495 1360 2523 Hinc
1387 2494 1558 2530 colligimus,
1584 2491 1749 2520 seditiosum
1779 2490 1851 2517 Core

1058 2544 1212 2579 patruelem
1226 2542 1329 2579 Moysis
1353 2541 1452 2573 fuisse,
1468 2540 1554 2568 ﬁlium
1574 2539 1671 2571 lsaari,
1689 2538 1737 2565 lilii
1752 2537 1849 2568 Caelii,

1059 2589 1155 2617 fratris
1185 2596 1255 2616 vero
1277 2588 1403 2620 Amram,
1426 2586 1515 2622 patris
1538 2585 1653 2621 Moysis.
1682 2582 1751 2611 Item
1780 2582 1851 2609 filios

1058 2635 1148 2671 ipsius
1162 2639 1285 2670 paternae
1305 2641 1394 2669 ptenae
1419 2640 1475 2660 non
1499 2632 1587 2660 fuisse
1602 2630 1764 2666 participes.
1795 2627 1851 2654 Ma-

1058 2689 1129 2718 gnus
1147 2681 1220 2709 enim
1235 2681 1281 2708 ille
1292 2683 1426 2716 propheta
1447 2678 1559 2706 Samuel
1576 2678 1610 2705 ab
1631 2677 1682 2704 hoc
1699 2683 1787 2712 genus
1801 2675 1852 2701 du-

1058 2729 1108 2762 cit,
1124 2732 1152 2756 et
1167 2727 1282 2756 “emam
1306 2727 1408 2763 psaltes
1422 2733 1510 2762 nepos
1535 2725 1586 2752 fuit
1606 2723 1755 2756 Samuelis,
1773 2722 1845 2762 titius

1057 2774 1154 2806 Joelis.
1171 2774 1219 2801 ﬂlii
1243 2772 1391 2801 Samuelis.
1413 2771 1505 2807 Asaph
1527 2777 1593 2799 vero
1618 2774 1714 2797 cantOr
1726 2776 1759 2796 ex
1779 2766 1850 2795 Ger—

1062 2830 1111 2850 sou
1135 2821 1201 2848 tiilio
1225 2820 1301 2854 Levi,
1327 2819 1410 2847 fratre
1431 2818 1529 2852 Canth,
1543 2825 1629 2853 genus
1649 2815 1737 2845 duxit.
1753 2813 1853 2841 Etham

864 2877 984 2905 VARME
1003 2877 1206 2907 LECTIONES.

255 2920 269 2940 ¹¹
288 2920 412 2958 Γεδσὼμ.
431 2922 559 2952 Lavateri
580 2922 673 2951 Codex
692 2922 801 2956 habuit,
817 2922 947 2958 Γερσώμ.
