2079 3161
251 203 318 234 1203
899 189 1212 237 Pnocomt‘eAzan
1815 201 1886 234 1204

245 261 329 290 etiam
346 270 418 290 unus
446 270 477 289 ex
495 262 668 295 cantoribus,
695 271 726 291 ex
752 264 851 292 Morari
872 264 937 293 Levi
968 265 1035 297 tilio,
1052 270 1066 296 Α

1066 264 1152 296 ισίας
1174 264 1224 300 τὴν
1238 263 1327 290 αἰτίαν
1347 265 1361 290 ὁ
1383 262 1568 298 συγγραφεὺς,
1595 261 1633 294 ὠς
1646 262 1680 289 ἄν
1702 261 1763 296 μετ’
1778 261 1887 296 ἐκείνην

246 310 401 338 descendit.
425 309 506 337 Ponit
524 309 606 336 etiam
635 311 811 339 sacerdotum
830 315 857 339 et
879 311 1038 339 Levitarutn

1090 310 1249 344 γενόμενος.
1274 309 1318 336 Ἐν
1339 308 1471 343 ἱστορίαις
1487 308 1542 343 γὰρ
1563 307 1613 334 οὐκ
1631 307 1705 333 ἔστιν
1725 307 1816 342 εὑρεῖν
1832 307 1885 333 τῶν

246 356 406 383 discrimen.
430 355 567 384 Praeterea
603 356 755 386 historicus
784 358 955 393 captivitatis
972 366 1039 385 cau—

1092 355 1245 390 μελλόντων
1270 354 1421 389 ἀφήγησιν.
1450 353 1577 379 Διδάσκει
1594 352 1622 378 δὲ
1647 352 1705 384 καὶ,
1730 352 1768 383 ὡς
1783 352 1808 377 oi.
1826 360 1885 377 συνί-

247 409 294 429 sas
321 401 467 432 describit,
492 409 555 428 nam
577 406 638 437 post
664 403 854 438 captivitatem
882 403 987 430 floruit.
1009 403 1038 430 In

1090 402 1253 437 οικήσαντες
1272 401 1364 432 αὐτοῖς
1393 400 1449 426 τῶν
1476 399 1636 434 ἀλλοφύλων
1661 398 1789 432 γεγόνασι
1809 398 1886 432 δορυ-

247 447 373 474 historiis
389 447 461 474 enim
478 455 571 474 rerum
595 447 751 475 futurarum
771 448 892 475 narratio
918 456 972 475 non
997 455 1039 475 rc-

1090 447 1199 475 ἀλωτοι.
1224 446 1340 481 Ὁμοίως
1358 445 1387 472 δὲ
1405 445 1558 481 καὶίερεῖς,
1586 443 1709 476 Λευῖται,
1730 443 1776 470 καὶ
1800 443 1885 469 Ναοι-

247 493 363 528 peritur.
382 492 463 520 Docet
488 493 582 526 etiam,
599 494 738 529 quomodo
762 494 812 526 illi,
828 495 874 530 qui
893 502 955 522 cum
971 495 1039 529 ipsis

1090 494 1173 525 ναῖοι,
1187 492 1235 524 οὒς
1266 492 1340 524 εἰκὸς
1368 491 1537 527 ίεροδούλους
1556 490 1702 526 ὑπάρχειν.
1721 489 1817 516 Πολλοὶ
1830 489 1883 524 γὰρ

246 539 439 572 versabantur,
462 538 673 567 Palasstinorum
690 540 790 575 captivi
812 540 927 568 fuerint.
944 540 1038 574 Docet,

1090 541 1190 572 αὐτοὺς
1207 539 1254 566 καὶ
1268 539 1321 565 τῶν
1333 538 1422 565 ἄλλων
1448 536 1541 572 φυλῶν
1568 536 1700 572 ἀφιέρουν
1725 536 1766 566 είς
1783 535 1833 566 τὰς
1848 535 1885 560 ἱε-

247 585 385 619 quomodo
412 585 582 620 alienigenis,
613 585 744 613 Israelitis
767 585 977 620 cuhabitantcs,
994 594 1040 613 ar-

1091 587 1160 623 ρέων
1178 586 1226 612 καὶ
1251 584 1371 612 Λευῖτῶν
1399 583 1571 619 ὑπουργίας·
1596 582 1752 617 ὑδροφόροι,
1777 582 1824 608 καὶ
1839 580 1885 612 ξυ-

247 633 300 659 mis
315 639 411 660 eorum
439 632 565 668 oppressi
589 632 654 660 sint.
679 632 785 660 Pariter
821 637 916 660 autem
951 640 1041 660 sacer-

1090 632 1214 663 λοκὸποι,
1243 630 1395 665 γενόμενοι.
1421 629 1452 656 Εί
1481 629 1535 664 γὰρ
1557 629 1581 655 οι
1603 628 1786 658 Γαϐαωνῖται,
1809 624 1884 659 ’νόσῳ

247 679 337 711 dotes,
365 678 485 712 chitas,
511 683 538 707 et
563 679 736 712 Nathinazos,
763 684 793 707 ut
819 687 868 715 par
894 683 964 712 erat,
984 679 1040 707 Deo

1092 678 1193 714 μᾶλλον
1207 677 1285 704 αὐτοί
1297 685 1304 709 ;
1323 676 1354 703 τὸ
1367 675 1507 703 Ναοιναϊοι
1522 675 1562 707 δὲ,
1578 674 1643 709 παρ’
1655 674 1793 707 Ἐὕραίσ.ς
1808 672 1882 700 Θεοῦ

248 725 425 752 ministrasse
446 726 554 752 scribit.
576 724 653 752 Multi
667 725 740 752 enim
756 732 789 752 ex
803 725 866 753 aliis
889 726 971 753 etiam
989 725 1040 752 tri-

1090 724 1178 756 δόσις
1190 723 1381 758 ἑρμηνεύεται.
1394 721 1477 756 Λέγει
1489 720 1516 747 δὲ
1531 721 1578 747 καὶ
1594 721 1656 751 τοὺς
1672 720 1818 754 οἰκήτορας
1834 718 1882 745 Ἱε-

248 767 339 795 huius
354 771 462 804 seipsos
486 769 661 797 sacerdotum
685 774 713 798 et
733 769 889 797 Levitarum
913 770 1037 798 minisle-

1093 768 1235 805 ρουσαλὴμ.
1262 767 1293 800 ἐξ
1320 767 1417 798 Ἰούδα,
1449 767 1498 793 ’καὶ
1517 765 1658 799 Βενιαμὶν,
1684 764 1732 791 καὶ
1749 762 1881 798 Ἐφραῖμ,

249 814 290 840 rio
320 814 499 847 addixerunt,
534 819 673 850 gestantes
699 823 809 850 aquam,
845 818 873 843 ct
901 816 1039 844 caedentes

1090 815 1238 849 Μανασσῆ,
1252 813 1298 840 καὶ
1326 813 1402 840 Λευΐ.
1437 812 1577 846 Κορηνοὺς
1599 811 1643 843 δὲ,
1664 810 1712 837 τοῦ
1729 809 1802 845 Κορὲ
1821 809 1883 841 τοὺς

249 859 334 893 ligna.
368 860 395 887 Si
422 861 495 888 enim
523 860 693 893 Gabaonitae,
721 865 827 896 quanto
850 862 939 897 magis
966 862 1040 897 ipsi?

1091 861 1243 895 ἀπογόνους
1268 858 1356 885 καλεῖ.
1372 857 1418 890 Ἐξ
1444 854 1481 884 ὦν
1513 865 1579 891 φησι
1600 855 1743 891 πυλωροὺς
1763 854 1817 881 ὑπὸ
1831 855 1883 880 Δα-

250 903 307 931 Vox
331 912 421 932 autem
452 906 498 933 illa
524 906 659 934 Nathinrei
676 907 746 942 apud
769 906 901 935 Hebraeos
920 907 967 934 Dei
991 908 1040 935 do-
1055 938 1071 942 _

1062 938 1073 942 _
1092 907 1136 933 ϐὶδ
1148 905 1301 941 γεγονέναι,
1322 905 1368 931 καὶ
1387 904 1434 930 τοῦ
1451 904 1590 938 Σαμουὴλ.
1613 902 1659 929 Ἐν
1686 902 1740 933 τοῖς
1764 900 1784 926 δ’
1800 901 1883 935 ἐμνή-

249 959 312 978 num
328 953 488 986 exponitur.
513 953 583 980 Dicit
609 957 700 981 autem
718 954 823 981 inet-las
841 955 923 982 etiam
952 955 1039 983 fuisse
1055 938 1070 967 II

1060 938 1076 967 Β
1092 953 1141 988 σθη
1223 951 1335 986 σκηνῆς.
1353 950 1437 977 Οὔπω
1451 951 1505 985 γὰρ
1521 948 1556 985 ἦν
1571 947 1757 983 οἰκοδομηθεὶς
1771 949 1784 974 ὁ
1805 946 1881 978 νεώς.

248 995 385 1024 Ilicrosol.
403 1006 436 1025 ex
453 997 534 1031 Juda,
558 999 713 1034 Benjamin,
741 1000 882 1035 Ephraim,
902 1000 1038 1035 Manasse,

1091 999 1173 1034 Δηλοῖ
1187 999 1215 1025 δὲ
1231 999 1278 1025 καὶ
1291 998 1340 1029 τὰς
1361 996 1526 1032 ἐφημερίας,
1547 996 1580 1022 δι’
1600 994 1748 1030 ὲὸδομάδος
1769 993 1882 1030 ἡμερῶν

248 1047 276 1070 et
299 1043 376 1071 Levi.
389 1044 512 1072 Corcnos
533 1053 607 1077 vero,
625 1046 695 1073 Core
715 1046 786 1074 filios
811 1051 839 1073 et
864 1051 976 1082 nepotes
993 1056 1040 1082 ap-

1090 1045 1250 1080 γενομένας.
1282 1043 1322 1070 Τὰ
1355 1043 1384 1069 δὲ
1412 1043 1498 1077 σκεύη
1529 1042 1579 1076 τῆς
1598 1041 1770 1076 λειτουργίας
1787 1040 1881 1070 ἄλλοι,

247 1091 350 1125 pellat;
368 1099 399 1118 ex
417 1091 519 1126 quibus
540 1100 555 1119 a
572 1092 685 1125 Davide,
701 1096 728 1120 et
743 1092 881 1124 Samnele.
903 1094 1040 1129 janitores

1091 1090 1185 1127 φησὶν,
1197 1090 1385 1116 ὲπιστεύοντο·
1404 1088 1450 1115 καὶ
1464 1088 1514 1114 ὅσα
1527 1087 1583 1114 τῶν
1606 1086 1718 1121 ἀψύχων
1737 1085 1776 1121 τῷ
1798 1084 1883 1120 βωμῷ

248 1137 317 1163 dicit
334 1138 590 1167 esse'constitruos.
609 1139 639 1166 In
656 1144 756 1174 quarto
777 1139 951 1167 tabernaculi
968 1148 1041 1167 men-

1092 1137 1295 1173 προσεφέρετο·
1315 1135 1363 1162 καὶ
1389 1134 1426 1166 ὡς
1449 1135 1532 1169 ἱερεῖς
1557 1132 1759 1164 κατεσκεύαζον
1784 1131 1815 1158 τὸ
1835 1131 1881 1157 θυ-

249 1180 288 1208 tio
304 1180 376 1208 facta
393 1187 444 1213 est.
463 1191 496 1210 eo
512 1184 585 1218 quod
601 1184 733 1219 templum
749 1184 873 1212 nondum
887 1188 961 1212 esset
973 1192 1041 1212 con-

1093 1185 1194 1220 μίαμα.
1211 1183 1268 1211 Καὶ
1299 1183 1333 1209 τὰ
1350 1182 1415 1218 περὶ
1431 1181 1479 1208 τοῦ
1494 1181 1581 1215 τάφου
1605 1180 1691 1207 Σαοὺλ
1715 1178 1882 1213 σαφέστερον

249 1230 396 1253 structum.
413 1226 541 1255 Ostendit
556 1228 639 1255 etiam
657 1237 704 1263 per
721 1229 912 1257 hebdomadas
929 1230 1038 1257 dierum

1091 1229 1208 1257 ἐνταῦθα
1238 1229 1458 1263 συγγέγραπται.
1480 1226 1525 1256 Ὠς
1555 1225 1636 1260 ὲτέοη
1663 1224 1715 1250 ὑπὸ
1744 1223 1792 1259 τὴν
1818 1222 1882 1258 δρῦν

247 1271 324 1298 vices
341 1271 427 1300 factas
447 1281 519 1301 esse.
537 1273 609 1301 Vasa
623 1280 715 1302 autem
733 1275 883 1302 ministerii
897 1275 959 1303 aliis
971 1283 1039 1303 con-

1092 1276 1199 1308 Ἰαὸείς.
1214 1275 1283 1302 Ὑπδ
1295 1275 1343 1310 τὴν
1360 1274 1480 1309 ἄρουραν
1494 1273 1548 1308 γὰρ
1560 1271 1671 1302 Ὶαῦεὶς,
1684 1271 1713 1296 ὲν
1726 1268 1882 1298 Βασιλείαις

248 1317 353 1344 credita
376 1323 466 1349 erant.
491 1319 556 1346 item
578 1320 672 1347 omnia
691 1320 841 1347 inanimata
867 1329 1041 1356 qurecunque

1092 1322 1184 1357 φησίν.
1198 1321 1252 1347 Καὶ
1268 1320 1301 1347 τὰ
1316 1320 1366 1355 τῆς
1380 1317 1614 1353 ὲγγαστριμύθου.
1629 1316 1812 1352 Ἀπεκρίνατο
1827 1313 1883 1350 γὰρ

249 1363 436 1391 alferehantur
457 1365 489 1391 ad
524 1365 619 1392 altare.
642 1365 789 1401 Sepultura
811 1374 920 1401 quoque
947 1366 1040 1395 Saulis

1091 1366 1177 1402 αὐτῷ,
1194 1366 1272 1402 φησὶ,
1289 1363 1415 1400 Σαμουὴλ
1430 1365 1444 1391 ὁ
1469 1364 1624 1399 προφήτης.
1652 1361 1706 1388 Τοῦ
1723 1360 1791 1387 Θεοῦ
1808 1359 1883 1394 γενέ-

249 1408 359 1442 planius
387 1409 432 1436 hic
458 1410 596 1445 descripta
630 1415 682 1443 est,
716 1415 746 1438 ut
782 1412 892 1446 positus
921 1412 958 1440 sit
987 1413 1040 1441 sub

1093 1413 1156 1440 σθαι
1168 1412 1249 1448 δῆλον
1261 1412 1302 1438 ὅτι
1328 1411 1503 1446 ποιήσαντος,
1517 1409 1532 1435 ὂ
1546 1409 1618 1436 κατὰ
1636 1407 1765 1442 γοητείαν
1778 1407 1882 1437 ἐκεῖνος

248 1461 352 1488 quercu
371 1453 465 1482 .Iabcs.
489 1454 557 1482 Nam
578 1456 629 1484 sub
647 1463 712 1484 arvo
730 1457 759 1484 in
781 1455 873 1490 Jabes,
901 1457 999 1493 legitur
1013 1458 1040 1485 in

1092 1460 1232 1495 ἐζήτησεν.
1245 1458 1301 1494 Τὴν
1313 1455 1361 1484 οὖν
1374 1457 1503 1492 τοιαύτην
1519 1455 1592 1491 ὄψιν,
1609 1454 1736 1489 Σαμουὴλ
1755 1452 1882 1480 ἐκάλεσεν

249 1500 328 1529 libris
355 1500 472 1537 Regum.
503 1502 570 1530 item
602 1503 637 1530 de
667 1504 854 1539 ventriloqua.
889 1503 1042 1539 Respondit

1091 1507 1108 1541 ή
1122 1505 1216 1540 Γραφή
1230 1513 1237 1519 ·
1254 1503 1319 1540 παρ’
1331 1501 1361 1531 οὗ
1374 1503 1421 1530 καὶ
1439 1503 1534 1538 μαθεῖν
1549 1502 1684 1537 ἐζήτησεν
1699 1501 1713 1527 ὁ
1730 1499 1828 1530 Σαοὺλ,
1843 1498 1881 1525 el—

249 1547 323 1574 enim
350 1548 387 1581 ei,
417 1549 517 1584 inquit,
546 1548 656 1577 Samuel
687 1550 832 1585 propheta.
861 1549 1040 1578 Manifestum

1091 1559 1122 1576 τε
1134 1550 1205 1581 τινὸς
1221 1549 1341 1584 ἀγγέλου
1355 1547 1509 1578 δεικνύντος
1520 1546 1550 1573 τὺ
1563 1546 1666 1581 σχῆμα,
1687 1545 1743 1571 εἴτε
1767 1544 1818 1578 τῆς
1834 1541 1881 1569 τοῦ

249 1598 292 1620 est
306 1593 364 1621 Deo
381 1594 419 1620 ita
434 1601 602 1628 procurante
624 1595 650 1622 id
667 1595 770 1624 factum
793 1604 868 1630 esse,
883 1597 957 1630 quod
974 1596 1041 1624 Saul
1055 1614 1070 1643 (τ

1061 1614 1076 1643 Β
1093 1596 1235 1632 προφήτου
1267 1594 1375 1630 ψυχῆς·
1401 1593 1448 1621 τοῦ
1472 1592 1541 1620 Θεοῦ
1564 1593 1597 1628 τῇ
1621 1589 1836 1643 ὲγγαστριμύθιρ
1851 1587 1882 1614 τὸ

250 1647 300 1674 per
329 1639 467 1675 przestigia
496 1642 635 1675 qumsivit.
661 1642 756 1669 Talem
782 1642 866 1677 igitur
891 1631 1071 1674 visionem.“

1060 1631 1076 1643 υ
1097 1631 1193 1678 μέλλον
1214 1641 1387 1678 δηλώσαντος
1400 1660 1408 1674 ,
1429 1640 1468 1672 ὡς
1490 1639 1530 1674 τῷ
1555 1637 1655 1674 Φαραὼ
1681 1637 1731 1672 τὴν
1744 1635 1881 1670 εὐθηνίαν,

251 1685 407 1714 Samuelem
437 1687 584 1722 appellavit
608 1687 770 1722 Scriptura;
799 1696 832 1715 ex
859 1695 915 1723 quo
941 1696 1043 1723 cogno-

1095 1689 1143 1717 καὶ
1158 1689 1203 1716 τὸν
1218 1688 1299 1723 λιμόν
1311 1696 1317 1703 ’
1329 1688 1377 1714 καὶ
1390 1686 1429 1722 τῷ
1445 1683 1690 1720 Ναϐουχοδονόσορ,
1706 1682 1756 1714 τὰς
1772 1681 1882 1716 γενικὰς

251 1740 329 1760 scere
353 1733 444 1761 futura
470 1733 575 1768 cupivit
603 1733 685 1767 Saul;
708 1734 767 1761 sive
781 1734 896 1769 quidam
927 1735 1042 1770 angelus

554 1733 575 1761 it
603 1733 685 1767 Saul;
708 1734 767 1761 sive
781 1734 896 1769 quidam
927 1735 1042 1770 angelus
1097 1733 1233 1770 βασιλείας
1247 1733 1298 1768 τῆς
1313 1732 1375 1767 γῆς.

252 1779 368 1806 formam
390 1780 463 1807 illam
484 1780 648 1813 ostenderit,
678 1780 737 1808 sive
750 1780 824 1809 Deus
842 1788 891 1816 per
918 1781 1037 1808 animam
1057 1781 1201 1816 propheta:
1214 1779 1396 1814 ventriloquaa
1411 1785 1455 1805 res
1475 1776 1584 1804 futuras
1618 1773 1771 1811 aperuerit,
1792 1782 1886 1809 quem-

251 1826 399 1854 admodum
433 1827 569 1855 Pharaoni
616 1827 787 1856 fertilitatem
826 1833 854 1857 ει
892 1828 1011 1861 famem;
1052 1834 1080 1857 et
1121 1826 1393 1857 Nabuchodonosori
1415 1847 1423 1860 ,
1460 1824 1667 1853 successionem
1705 1823 1886 1858 imperiorum

251 1871 357 1900 mundi.

569 1921 646 1950 CAP.
674 1922 718 1950 ΧΙ.
1386 1927 1513 1954 ΚΕΦΑΔ.
1530 1927 1584 1954 IA’.

569 1927 646 1950 ΕΑΒ.
674 1927 718 1950 XI.

289 1965 373 1993 Vsus.
391 1965 418 1994 9.
437 1966 566 1995 Dominus
580 1970 745 2005 omnipotens
768 1975 828 1997 erat
843 1978 904 1998 cum
919 1979 960 1998 eo.
973 1969 1043 1998 San-

1386 1927 1513 1955 ΚΕΦΑΛ.
1530 1927 1584 1954 IA’.

1126 1977 1181 2006 Καὶ
1193 1977 1301 2012 Κύριος
1315 1973 1526 2008 παντοκράτωρ
1536 1972 1600 2007 μετ’
1613 1971 1717 1999 αὑτοῦ.
1730 1969 1797 1997 Θεδν
1811 1976 1881 1996 παν.

253 2018 330 2039 ctnm
348 2012 482 2048 Spiritum
496 2015 644 2050 appellavit
661 2016 744 2044 Deum
761 2017 989 2052 omnipotentem.

887 2020 989 2045 θηιθῐη·
1089 2024 1245 2060 τοκρὰτορα
1257 2022 1288 2048 τὸ
1304 2020 1437 2054 πανάγιον
1452 2019 1566 2046 ἐκάλεσε
1582 2017 1706 2052 Πνεῦμα.

289 2059 372 2087 Vsus.
389 2060 435 2087 25.
456 2060 577 2096 Quinque
596 2061 755 2090 cubitorum.
781 2063 897 2096 Quidam
919 2062 1044 2090 homines

1128 2059 1324 2102 Πενταπήχη.
1343 2065 1564 2101 ’Υπερμεγέθεις
1580 2064 1635 2100 ἄρα
1646 2062 1720 2094 τινὲς
1740 2061 1886 2097 γεγόνασιν

253 2106 355 2141 ingenti
366 2112 440 2135 certe
459 2108 585 2143 corporis
606 2109 794 2144 magnitudine
811 2108 932 2137 fuerunt.
1091 2114 1242 2150 ἄνθρωποι.

570 2165 648 2192 CAP.
672 2165 728 2192 XII.

1392 2167 1517 2194 ΚΕΦᾹΛ.
1535 2165 1585 2193 IB'.

289 2222 363 2248 Adur
378 2221 612 2249 Amelechitarum.
631 2221 681 2249 Ubi
700 2222 726 2249 in
744 2222 823 2249 libris
835 2223 939 2256 Regum
952 2222 1044 2257 posuit

1131 2227 1172 2255 Τὰ
1192 2225 1297 2260 Ἀδοὺρ
1328 2224 1389 2252 τῶν·
1425 2221 1640 2258 Ἀμαληκιτῶν.
1668 2221 1705 2247 Τὸ
1730 2220 1885 2254 σύστημα,

254 2267 427 2303 σύστρεμμα,
447 2275 521 2295 nunc
538 2267 615 2303 ponit
637 2267 774 2305 σύστημα,
803 2268 883 2301 idest,
903 2272 1005 2295 turma.
1061 2300 1075 2309 δ

903 2272 1005 2295 ιιιΠητΙ·
1061 2300 1081 2309 Ἀ
1096 2275 1164 2309 ὅπερ
1179 2274 1208 2300 ὲν
1225 2271 1380 2302 Βασιλείαις
1392 2270 1502 2306 εἴρηται
1519 2269 1707 2302 σύστρεμμα.

288 2313 374 2341 Vens.
388 2314 433 2341 52.
461 2314 514 2347 Qui
535 2318 697 2349 cognoscunt
725 2314 907 2347 prudentiam.
927 2315 1045 2350 Propter
1061 2310 1083 2327 υ

1065 2310 1083 2327 υ
1132 2318 1340 2350 Γινώσκοντες
1358 2317 1489 2344 σύνεσιν·
1503 2316 1547 2348 εἰς
1572 2313 1644 2347 τοὺς
1680 2311 1803 2346 καιροὺς
1832 2310 1886 2338 αὺ-

252 2361 415 2395 sapicntiam
433 2360 496 2387 illos
509 2359 664 2388 admiratus
679 2363 734 2393 est,
748 2365 775 2387 et
791 2368 824 2387 eo
843 2361 917 2395 quod
939 2360 1042 2392 futura,

1096 2366 1164 2393 τῶν.
1182 2365 1246 2392 Ἐπὶ
1263 2363 1346 2399 σοφίᾳ
1356 2363 1469 2394 τούτους
1484 2360 1638 2396 ἐθαύμασε.
1674 2359 1723 2385 καὶ
1747 2357 1787 2393 τῷ
1816 2365 1885 2391 προ·

253 2414 308 2432 non
319 2406 429 2440 quidem
459 2413 510 2440 per
536 2405 723 2440 prophetiam,
749 2405 797 2433 sed
813 2406 1000 2441 prudentiam,
1017 2411 1045 2433 et

869 2406 1000 2439 dentiam,
1017 2411 1045 2433 et
1096 2412 1218 2444 ϐλέπειν,
1234 2411 1263 2438 οὐ
1278 2409 1467 2446 προφητικῶς,
1486 2407 1554 2435 ἀλλὰ
1572 2405 1690 2437 συνετῶς

255 2460 334 2479 usum
347 2460 440 2479 rerum
456 2452 654 2487 intelligerent.
1596 2448 1603 2459 ’

571 2510 648 2538 CAP.
666 2510 736 2538 XIII.
1388 2510 1392 2534 l

1388 2507 1516 2534 ΚΕΦΑΛ.
1538 2506 1586 2533 1Γ¹.

290 2566 361 2594 Vnus
381 2566 425 2593 I0.
440 2566 472 2592 Et
490 2566 619 2594 Dominus
637 2567 679 2594 ira
705 2572 851 2594 commotus
877 2572 927 2594 est.
945 2567 1045 2594 I.e\'it:e

1131 2569 1186 2597 Καὶ
1200 2569 1335 2603 ἐθυμώθη
1354 2566 1428 2601 ὀργῇ
1440 2567 1549 2600 Κύριος
1558 2564 1608 2592 ἐπὶ
1623 2563 1700 2594 Ὀζᾶ.
1715 2562 1818 2598 Λευῖτῃ
1828 2561 1884 2596 γὰρ

254 2614 326 2642 enim
356 2621 410 2640 non
443 2613 542 2641 licebat
570 2622 662 2641 arcam
687 2613 888 2648 attingere;id
920 2619 1044 2640 metuens

1095 2616 1145 2643 οὐκ
1162 2615 1226 2651 ὲξῆν
1241 2614 1364 2650 ἅψασθαι
1378 2613 1428 2648 τῆς
1441 2611 1570 2640 κιϐωτοῦ.
1592 2612 1625 2638 "0
1640 2610 1732 2641 δείσας
1749 2609 1763 2635 ὁ
1789 2607 1883 2639 Δαεὶδ,

255 2660 352 2692 David,
371 2659 462 2686 nonin
480 2660 582 2695 regiam
598 2661 721 2692 domum,
742 2660 790 2688 sed
805 2660 833 2687 in
847 2661 957 2686 doumm
971 2659 1044 2687 Obe-

1096 2665 1136 2696 εἰς
1152 2663 1197 2689 τὸν
1215 2661 1350 2697 βασίλειον
1369 2659 1455 2694 αὐτὴν
1470 2659 1520 2685 οὐκ
1537 2657 1687 2692 εἰσήγαγεν
1704 2652 1790 2686 οἶκον,
1825 2653 1885 2680 ἀλλ’

255 2706 365 2737 dedom,
395 2706 558 2734 introduxit.
588 2705 721 2733 Dcininus
757 2713 821 2733 vero
848 2706 999 2733 Ostendens
1016 2713 1046 2733 se

1096 2711 1136 2742 είς
1153 2710 1199 2736 τὸν
1211 2708 1257 2735 τοῦ
1275 2706 1430 2734 Ἀϐεδδαδά.
1447 2705 1513 2737 Θεὸς
1524 2704 1564 2736 δὲ,
1579 2703 1699 2735 δεικνὺς,
1715 2702 1754 2733 ὡς
1768 2701 1818 2728 οὐκ
1829 2697 1885 2727 οἵδε

255 2753 364 2780 nescire
380 2752 531 2779 discrimen
553 2753 624 2779 inter
640 2752 827 2787 alienigenam
837 2757 864 2780 et
877 2752 1044 2784 lsraelitam,

1095 2755 1225 2790 διαφορὰν
1247 2752 1420 2788 Ἰσραηλιτῶν
1431 2751 1479 2778 καὶ
1488 2748 1742 2784 ἁλλοφύλου,υζητε’ί
1757 2748 1785 2775 δὲ
1800 2747 1886 2783 μόνην

255 2799 302 2826 sed
319 2799 404 2825 solam
429 2798 513 2825 animi
542 2798 671 2832 pietatem
704 2805 839 2833 quaerere.
866 2798 951 2826 variis
981 2806 1044 2826 eum

1095 2801 1251 2833 εὐσέϐειαν,
1264 2799 1414 2826 ἐπέκλυσεν
1443 2797 1526 2824 αὐτὸν
1545 2795 1730 2826 παντοδαπαῖς
1758 2794 1885 2829 δωρεαῖς.

257 2844 378 2880 przcmiis
390 2844 490 2870 alTecit.
521 2843 601 2876 Quod
631 2851 691 2870 cum
709 2844 822 2871 vidisset
842 2844 937 2877 David,
953 2851 1044 2871 arcam

1098 2847 1131 2871 Ἴ)
1146 2844 1312 2879 θεασάμενος
1330 2844 1344 2870 ὁ
1356 2842 1449 2874 Δαϐὶδ,
1465 2842 1506 2874 εἰς
1518 2841 1553 2868 τὰ
1571 2840 1696 2876 βασίλεια
1712 2839 1815 2874 ταύτην
1828 2839 1886 2865 εισ-

257 2893 283 2920 in
298 2891 413 2926 regiam,
429 2897 482 2917 non
501 2891 632 2926 plaustro,
649 2890 697 2918 sed
718 2890 796 2924 juxta
823 2891 889 2926 legis
919 2891 1044 2926 prtrscri-

1096 2891 1210 2924 ἢγαγεν,
1238 2889 1269 2915 οὐ
1291 2888 1324 2915 δι’
1341 2887 1449 2924 ἀμάξης
1461 2907 1467 2920 ,
1481 2886 1560 2920 ἀλλὰ,
1576 2885 1648 2913 κατὰ
1662 2885 1708 2913 τδν
1727 2885 1821 2920 νόμον,
1842 2883 1886 2910 διὰ

259 2944 345 2967 Hum.
364 2935 540 2964 sacerdotum
557 2942 640 2970 opera
658 2935 810 2962 transtulit.

448 2935 540 2963 [totum
557 2942 640 2970 opera
658 2935 810 2962 transtulit.
1096 2934 1150 2962 τῶν
1165 2934 1269 2969 ἱερέων.
