2079 3161
206 178 273 211 1205
683 181 952 213 COMMENTARII
972 181 1013 212 IN

501 237 628 264 ΚΕΦΑΛ.
642 237 693 265 1Ε’.
1012 237 1036 265 Δ

241 283 296 311 Καί
310 283 359 310 ἐπὶ
380 283 469 310 Δαϐὶδ
485 283 580 318 ἐφοὺδ
596 283 703 318 μόνον,
726 284 783 310 Καὶ
817 283 870 319 μὴν
894 282 945 309 οὐκ
963 278 997 317 ἦν

206 329 306 366 ἱερεύς.
326 330 355 356 '0
373 330 423 364 μὲν
437 327 483 355 οὖν
507 329 625 360 Ἀκύλας
636 330 820 364 ὴρμήνευσεν,
832 329 996 364 ἐπένδυμιι.

207 373 353 409 Σύμμαχος
367 373 406 405 δὲ,
422 373 565 408 ἐπωμίδα.
588 373 669 400 Ἀλλὰ
681 374 768 401 ταῦτα
797 375 844 401 καὶ
873 373 999 409 ἱερατικὰ

206 417 252 454 ἦν,
265 419 313 446 καὶ
331 419 418 446 κοινά.
439 418 573 454 Θεοσεὸὴς
586 416 633 445 οὖν
647 418 685 445 ὢν
721 420 736 446 6
765 419 857 452 Δαϐὶδ,
888 419 999 454 ἐχόρευε

207 465 261 500 πρὸ
279 465 329 499 τῆς
341 465 469 492 κιϐωτοῦ,
482 465 519 491 Τὸ
532 465 561 491 δὲ
577 465 717 500 βασιλικὸν
735 465 904 501 ἀποθέμενος
934 465 1000 501 σχῆ-

210 519 257 545 μα,
277 510 361 546 μόνην
374 510 403 537 δὲ
418 510 510 546 φορῶν
528 510 653 546 ἐπωμίδα
668 511 773 546 κοινὴν,
789 512 823 547 ἢν
838 511 886 538 νῦν
902 510 1000 538 καλοῦ-

208 563 251 581 σιν
272 555 445 590 Ἀρκαδικὴν.
460 555 523 587 Πῶς
540 555 595 591 γὰρ
622 556 667 589 ἂν,
701 556 829 591 Θεοσεὸὴς
856 556 997 592 ὑπάρχων,

207 601 316 636 παρέϐη
334 601 380 627 τὸν
394 601 475 636 νόμον
490 609 497 634 ;

507 647 634 675 ΚΕΦΑΛ.
652 646 711 682 Iq'.

241 693 362 727 Χελχὰλ
383 693 485 727 ἄρτου.
521 693 564 720 Ἐν
583 695 644 726 ταῖς
673 694 828 727 Βασιλείαις
854 695 1000 732 κολλυρίδα

208 739 286 774 φησί.

244 786 313 812 Τότε
325 786 412 818 ἔταξε
423 786 512 813 Δαόὶδ
525 787 560 814 ἐν
572 787 651 822 ἀρχῇ
666 787 719 815 τοῦ
739 788 838 815 αἰνεῖν
858 788 914 815 τὸν
938 788 996 815 Κύ-

204 831 319 865 piari-1'
344 831 418 866 χειρὶ
440 831 538 867 Ἀζῖιφ.
568 834 618 860 καὶ
650 833 710 860 τῶν
728 833 870 868 ἀδελφῶν
893 834 998 861 αὑτοῦ.

207 877 461 908 Τουτέστι,τούτων
476 878 647 913 ἡγουμένων.
665 879 818 906 Αίνίττεται
831 879 919 912 δὲ,ὡς
936 879 999 906 πάν-

1046 181 1120 212 LIB.
1156 182 1170 210 Ι
1197 183 1371 214 PARALIP.

1367 237 1444 266 CAP.
1461 237 1519 266 XV.

1085 281 1169 310 Vens.
1196 283 1222 310 l.
1250 283 1337 311 David
1359 284 1416 312 solo
1437 283 1522 319 ephod
1549 283 1657 312 indutus
1670 289 1738 311 erat.
1756 283 1839 319 Atqui

1050 327 1182 356 sacerdos
1201 336 1255 356 non
1265 334 1333 356 erat.
1351 330 1451 365 Aquila
1480 329 1619 365 ὲπένδυμα
1643 330 1841 365 interpretatus

1050 378 1106 408 est;
1126 374 1314 411 Symmachus
1329 384 1396 404 vero
1424 377 1562 412 ἐπωμίδα.
1579 376 1716 404 Caeterum
1734 376 1800 409 hac,
1814 380 1841 403 et

1050 418 1243 452 sacerdotalia,
1274 424 1302 448 et
1327 421 1486 448 communia
1517 425 1608 449 erant.
1627 420 1712 448 David
1736 420 1840 455 itaque,

1050 468 1080 492 ut
1094 465 1141 500 qui
1158 465 1305 500 religiosus
1329 470 1400 498 erat,
1421 466 1533 494 saltavit
1559 469 1624 494 ante
1642 472 1745 498 arcam,
1766 465 1842 500 regio

1050 509 1146 538 habitu
1180 510 1327 546 deposito,
1358 511 1448 538 solam
1478 511 1633 546 epomidem
1665 517 1840 538 communem

1050 559 1174 590 gestans,
1202 563 1286 590 quam
1314 563 1389 583 nunc
1422 556 1588 584 Arcadicam
1617 555 1767 590 appellant.
1784 555 1840 582 Cur

1050 600 1136 632 enim,
1149 600 1212 636 pius
1222 607 1285 628 cum
1298 599 1488 636 fuerit,legem
1505 604 1699 636 transgressus
1713 600 1806 628 esset?

1367 646 1443 674 CAP.
1461 646 1533 674 XVI.

1086 692 1169 729 548
1189 693 1272 722 Vens.
1286 694 1312 722 5.
1329 693 1465 727 Cltelchal,
1493 698 1592 722 tortam
1615 694 1704 729 panic.
1716 692 1745 720 In
1769 692 1842 720 libro

1052 738 1155 773 [ivgum
1171 739 1317 774 κολλυρίδα
1334 739 1413 767 dicit.

1086 783 1171 811 Vens.
1187 785 1214 812 7.
1244 785 1318 812 Tunc
1342 785 1460 812 instituit
1485 785 1571 813 David
1593 786 1622 813 in
1641 785 1842 821 principiolau-

1051 831 1136 859 dandi
1163 831 1309 859 Dominum
1333 832 1360 859 in
1370 840 1451 859 manu
1480 832 1582 867 Asaph‘,
1597 838 1622 860 et
1639 833 1753 868 fratrum
1772 832 1841 867 ejus.

1054 877 1110 905 lloc
1121 881 1174 911 est,
1191 878 1246 906 illis
1265 878 1566 913 prmeuntibuannuit
1577 884 1681 912 autem,
1700 883 1729 906 ut
1747 886 1843 906 omnes

1771 175 1837 214 1206

205 931 250 955 τες
265 923 313 950 τοῦ
325 924 408 950 Δαὸὶδ
424 924 448 950 οΙ
464 912 648 958 Ψαλμοί.Καὶ
664 925 770 957 τούτοις
784 926 881 957 αὐτοὺς
895 926 997 961 ἐνεχεί-

1054 923 1177 951 Psalmos
1201 912 1314 951 Davidis
1326 924 1451 959 aggressi
1475 925 1548 957 sint;
1580 924 1607 952 id
1623 924 1697 952 enim
1709 925 1841 955 declarat,

207 979 282 1005 ρισεν
294 991 301 1003 ,
317 970 355 1002 ὡς
369 971 446 1006 δηλοῖ
458 970 498 1003 τὺ,
514 971 550 998 ἐν
565 972 640 1006 χειρί
651 980 656 986 ·
675 971 724 1007 τὴν
740 971 900 1007 ψαλμῳδίαν
914 972 941 998 δὲ
955 972 999 1000 διὰ

207 1017 307 1048 παντὸς
321 1017 477 1048 ἐπετέλουν,
494 1018 527 1052 τῇ
540 1017 647 1053 διαδοχῇ
672 1019 736 1050 τοὺς
767 1018 865 1050 πόνους
891 1019 1000 1045 ἐπικου-

207 1064 340 1096 φίζοντες.
363 1064 409 1090 ‘Ev
426 1063 539 1091 Γαϐαὼν
554 1064 582 1091 δὲ
594 1061 656 1100 ἦνὴ
685 1065 782 1100 σκηνή.
809 1064 857 1091 Διὸ
881 1065 999 1092 Σαδδοὺκ

206 1110 265 1135 ἐκεῖ
275 1110 324 1141 τὰς
341 1109 437 1141 Θυσίας
451 1110 633 1145 προσέφερεν.
659 1111 720 1142 Πῶς
735 1110 782 1137 οὖν
806 1110 999 1146 θυσιαστήριον

205 1155 220 1182 ὁ
235 1155 317 1182 Δαδὶδ
336 1157 364 1182 ὲν
378 1157 411 1190 τῇ
428 1156 485 1192 ἆλῳ
500 1156 634 1191 πεποίηκε
646 1156 693 1183 τοῦ
713 1157 804 1191 Ὁρνᾶ,
817 1157 866 1192 τῆς
880 1156 998 1184 κιῦωτοῦ

207 1201 245 1236 μὴ
257 1201 341 1236 οὔσης
355 1202 428 1234 ὲκείς
464 1202 545 1229 Ἀλλὰ
561 1203 605 1230 διὰ
629 1203 678 1239 τὴν
697 1203 745 1230 τοῦ
773 1203 838 1231 λαοῦ
862 1203 999 1239 τιμωρίαν

205 1247 321 1283 ἐπείχθη
338 1248 384 1274 τὸν
394 1248 461 1275 Θεὸν
477 1248 658 1276 ἱλεώσασθαι.
669 1251 708 1276 Δι’
721 1250 735 1276 ὃ
750 1259 834 1284 φησιν
846 1250 862 1285 ἡ
881 1250 998 1286 ἱστορία,

205 1295 261 1321 Καὶ
267 1295 316 1321 οὐκ
329 1295 450 1331 ἠδυνήθη
460 1296 542 1323 Δαὸὶδ
553 1297 719 1332 πορευθῆναι
731 1296 887 1332 ἔμπροσθεν
902 1296 997 1330 αὑτοῦ,

205 1339 252 1366 τοῦ
273 1340 423 1375 ὲκζητῆσαι
431 1341 476 1368 τὸν
488 1341 602 1377 Κύριον,
612 1342 654 1368 ὄτι
662 1342 848 1369 κατέσπευσεν
857 1342 911 1369 ἀπὸ
919 1351 1000 1377 προσ·
1017 1364 1021 1370 ,

205 1385 281 1412 ώπου
294 1386 342 1421 τῆς
352 1387 489 1422 ῥομφαίας
500 1388 619 1422 ἀγγέλου
629 1388 744 1423 Κυρίου.
757 1388 803 1414 Διὸ
812 1389 858 1414 καὶ
864 1388 909 1414 τὸν
919 1389 1000 1415 τόπον

205 1431 255 1466 τῆς
265 1432 359 1463 θυσίας
366 1434 405 1465 είς
416 1433 483 1460 νεὼν
493 1433 657 1469 ἀφιέρωσεν.
665 1434 701 1460 τὸ
707 1434 734 1460 δὲ
741 1434 842 1469 ταύτης
849 1433 999 1469 εὐπρόσδε-

206 1485 270 1504 κτον
278 1477 361 1510 ἔδειξε
371 1478 402 1504 τὸ
410 1478 439 1511 se
447 1478 562 1513 οὐρανοῦ
571 1478 636 1515 πῦρ,
648 1479 662 1505 ὃ
674 1479 723 1514 τὴν
733 1479 829 1506 ουσίαν
837 1479 999 1506 κατέκαυσε.

498 1524 625 1552 ΚΕΦΑΛ.
643 1525 709 1551 ΚΒ¹.

1051 969 1123 1005 quod
1153 969 1232 1002 dicit,
1247 970 1274 996 in
1302 978 1393 997 manu.
1426 969 1552 998 Psalmos
1583 974 1677 997 autem
1711 975 1843 1005 perpetuo
1878 1003 1880 1006 _

1050 1015 1208 1043 tractabant
1220 1015 1398 1043 successione
1409 1015 1531 1043 laborem
1545 1015 1678 1043 levantes.
1690 1015 1718 1042 In
1730 1015 1842 1042 Gabaon

1051 1065 1143 1088 autem
1171 1065 1232 1088 erat
1246 1060 1466 1094 tabernaculum,
1490 1061 1762 1096 quapropterZaulok
1790 1061 1842 1088 ibi-

1051 1106 1112 1134 dem
1141 1105 1277 1134 sacriﬁcia
1302 1106 1414 1134 obtulit.
1438 1106 1584 1140 Quomodo
1614 1107 1697 1142 igitur
1717 1105 1800 1134 David
1815 1107 1842 1134 in

1051 1162 1115 1182 area
1130 1153 1232 1182 Ornam
1254 1155 1342 1182 altare
1367 1154 1538 1188 construxit,
1560 1161 1623 1182 cum
1640 1155 1772 1182 arcaillic
1789 1162 1843 1182 non

1050 1200 1146 1229 esset?
1160 1201 1356 1228 Verumtamen
1375 1205 1491 1236 propter
1501 1207 1610 1236 pmnam
1626 1200 1718 1236 populi
1738 1201 1770 1228 ad
1784 1200 1842 1234 pla-

1051 1245 1169 1273 candum
1186 1245 1270 1272 Dcmn
1292 1246 1428 1280 impulsus
1456 1250 1509 1272 est.
1527 1245 1597 1273 Hinc
1621 1245 1704 1273 habet
1717 1243 1842 1272 historia:

1051 1292 1083 1320 Et
1095 1300 1149 1320 non
1164 1292 1252 1327 potuit
1273 1292 1358 1320 David
1375 1293 1414 1321 ire
1429 1296 1493 1320 ante
1518 1300 1579 1320 cum
1596 1292 1630 1320 ad
1642 1291 1844 1320 consulendum

1052 1339 1151 1372 Deum,
1168 1339 1232 1374 quia
1247 1338 1388 1366 festinavit
1402 1347 1416 1366 a
1435 1339 1504 1367 facie
1519 1339 1601 1374 gladii
1617 1339 1705 1374 angeli
1723 1337 1840 1365 Domini.

1052 1386 1236 1420 Quamobrem
1260 1387 1341 1413 etiam
1371 1387 1462 1414 locum
1491 1386 1621 1414 sacriﬁcii
1651 1386 1783 1420 templum
1797 1385 1844 1412 de-

1052 1433 1182 1468 signavit.
1201 1431 1279 1465 Quod
1304 1432 1330 1460 ei
1347 1437 1457 1468 gratum
1472 1437 1675 1468 acceptumque
1687 1440 1758 1463 esse,
1773 1431 1844 1466 ignis

1051 1485 1067 1506 e
1079 1477 1150 1505 uelo
1164 1478 1330 1505 sacriﬁcium
1342 1478 1491 1507 absumens
1513 1481 1540 1505 et
1553 1478 1699 1509 devorans,
1711 1477 1841 1505 ostendit.

1354 1523 1431 1551 CAP.
1459 1519 1542 1550 XXI].

242 1569 304 1596 Ὅτι
338 1571 447 1604 αἵματα
478 1570 580 1597 πολλὰ
615 1570 750 1605 ἐξέχεας.
788 1571 1001 1606 Ἀποτρεπτικὸν

1089 1569 1172 1598 Vens.
1183 1570 1207 1596 l.
1219 1569 1289 1602 Quia
1304 1569 1418 1596 multum
1432 1569 1570 1604 sanguinis
1581 1569 1710 1603 eﬂ'udiati.
1721 1568 1846 1596 Deterret

209 1615 375 1650 μιαιφονίας.
392 1615 428 1642 Οὐ
447 1615 501 1651 γὰρ
519 1615 554 1643 ἂν
572 1616 653 1650 φόνον
668 1616 814 1651 ἐμέμψατο
830 1616 947 1648 δίκαιον,
972 1617 1001 1648 ὃς

207 1661 254 1688 ὲπὶ
269 1660 316 1687 τοῦ
339 1661 432 1693 Φινεὲς
449 1661 547 1688 θυσίαν
559 1661 654 1688 τοῦτον
667 1662 808 1689 ἐκάλεσεν.
825 1662 894 1698 Περὶ
908 1658 938 1689 οὗ
951 1671 1001 1697 φη-

209 1715 251 1733 σιν
266 1708 280 1733 6
295 1707 393 1733 Δαδίδ”
410 1707 464 1734 Καὶ
479 1706 544 1743 ἔστη
561 1708 665 1740 Φινεὲς,
684 1708 732 1734 καὶ
761 1707 916 1741 ὲξιλάσατο,
945 1708 1002 1735 Καὶ

208 1753 329 1787 Μωῦσῆς
344 1753 383 1785 δὲ,
401 1754 448 1779 καὶ
463 1754 485 1780 οἱ
504 1752 616 1780 Λευῖται
632 1774 639 1786 ,
661 1754 729 1789 μετὰ
743 1754 794 1789 τὴν
823 1754 1002 1789 μοσχοποιίαν

209 1799 375 1834 τρισχιλίους
390 1799 550 1826 ἀπέκτεινον
560 1808 567 1815 ·
586 1801 634 1827 καὶ
653 1799 781 1835 Σαμουὴλ
797 1800 943 1827 ἀπέκτεινε
955 1800 1001 1827 τὸν

215 1844 318 1879 Ἀγάγ’
336 1845 384 1872 καὶ
404 1845 497 1877 ἸΙλίας
519 1846 565 1872 ων’
585 1847 593 1866 i
614 1846 660 1873 τοῦ
678 1846 752 1873 Βαὰλ
767 1846 829 1878 τοὺς
849 1847 1001 1882 προφήτας.

211 1891 285 1918 Ἔδει
300 1889 345 1918 οὖν
361 1892 407 1918 τὸν
426 1893 565 1928 εἰρηνικὸν
592 1892 754 1928 Σολομῶντα
785 1892 871 1919 τύπον
885 1893 1003 1927 φέροντα

210 1936 256 1963 τοῦ
270 1936 400 1972 Χριστοῦ,
417 1936 447 1968 ὃς
462 1937 563 1972 ἤμελλε
578 1937 629 1969 τὰς
645 1937 716 1963 κατὰ
730 1938 820 1964 πᾶσαν
847 1937 897 1971 τὴν
913 1938 1003 1964 οἰκου-

213 1982 297 2017 μένην
313 1982 461 2017 ἐκκλησίας
471 1983 635 2019 οἰκοδομεῖν,
653 1983 700 2009 καὶ
715 1983 759 2010 τὸν
781 1982 926 2010 Ἰουδαϊκὸν
933 1983 1004 2010 οικο-

210 2029 328 2063 δομῆσαι
345 2029 418 2056 ναόν.
435 2029 515 2057 Κατὰ
529 2030 585 2065 γὰρ
601 2029 708 2056 Παῦλον
722 2029 802 2061 αὑτός
815 2029 891 2056 ἐστιν
918 2029 936 2064 ἡ
963 2030 1003 2056 εἱ-

213 2075 281 2110 ρήνη
299 2074 389 2110 ήμῶν,
402 2074 416 2101 6
428 2075 545 2111 ποιήσας
558 2076 593 2103 τὰ
609 2076 752 2112 ἀμφότερα
766 2075 805 2103 ἓν.

499 2168 629 2196 ΚΕΦΑΛ.
658 2168 721 2195 Kl".

248 2214 303 2241 Kal
316 2214 528 2249 ἠριθμήθησαν
541 2215 569 2242 ol
586 2214 716 2242 Λευῖται.
734 2214 815 2250 Δηλοῖ
828 2213 932 2242 τούτων
958 2214 1005 2241 τὸν

1054 1624 1104 1643 nos
1133 1623 1148 1643 a
1171 1616 1255 1643 caede.
1268 1615 1328 1642 Non
1347 1619 1439 1642 autem
1450 1615 1552 1650 justam
1567 1615 1669 1643 eadem
1693 1615 1738 1642 ille
1753 1622 1846 1650 repre-

1054 1663 1159 1696 hendit,
1180 1663 1228 1698 qui
1249 1661 1349 1690 factam
1367 1670 1381 1689 a
1401 1661 1503 1689 Pliinee
1522 1662 1688 1690 sacriﬁciqu
1714 1662 1845 1697 appellat.

1054 1708 1090 1736 De
1107 1717 1161 1744 quo
1185 1709 1270 1737 David
1298 1708 1336 1735 ita
1359 1708 1498 1744 loquitur:
1515 1708 1548 1736 Et
1570 1708 1664 1736 stabat
1679 1707 1807 1740 Pbinees,
1820 1711 1848 1735 et

1054 1754 1172 1790 placavit
1189 1754 1287 1782 Deum.
1314 1753 1424 1790 Moyses
1467 1754 1550 1781 etiam
1578 1758 1606 1781 et
1642 1753 1756 1787 Levita},
1783 1760 1847 1780 cum

1053 1801 1187 1829 israclitze
1209 1801 1328 1828 vitulum
1356 1800 1533 1833 erexissent,
1551 1808 1585 1828 ex
1609 1800 1650 1828 eis
1679 1801 1730 1828 tria
1762 1800 1848 1827 millia

1054 1846 1257 1874 interfecerunt
1269 1867 1277 1879 ,
1294 1845 1406 1873 Samuel
1421 1845 1562 1873 interfecit
1585 1846 1671 1882 Agag,
1688 1846 1763 1873 Elias
1778 1853 1847 1880 qua-

1055 1892 1217 1927 dringentos
1231 1892 1431 1927 quinquaginta
1442 1892 1604 1920 sacerdotes
1615 1891 1690 1919 Baal.
1698 1891 1850 1926 Oportebat

1055 1937 1140 1972 igitur
1155 1937 1331 1964 Solomouem
1349 1936 1495 1971 paciﬁcum
1511 1940 1606 1972 typum
1616 1944 1713 1972 gerere
1726 1935 1826 1964 Christi
1840 1955 1848 1968 ,

1055 1986 1103 2019 qui
1119 1993 1216 2012 omnes
1228 1992 1276 2020 per
1298 1985 1459 2012 universum
1475 1988 1613 2011 terrarum
1634 1984 1729 2011 orbem
1760 1983 1850 2010 eccle-

1056 2030 1124 2062 sias,
1134 2034 1161 2057 et
1185 2030 1317 2065 templum
1329 2029 1474 2057 Iudaicum
1489 2030 1675 2057 aediﬁcaturus
1687 2034 1755 2057 erat.
1769 2028 1848 2061 Nam,

1056 2077 1209 2104 secundum
1226 2076 1353 2110 Paulum,
1369 2076 1428 2111 ipse
1443 2080 1486 2104 est
1503 2083 1554 2112 pax
1572 2080 1719 2109 nostra,ex
1733 2079 1850 2111 utroque

1057 2133 1143 2153 unum
1167 2125 1280 2153 faciens.

1352 2171 1432 2198 CAP.
1455 2171 1551 2198 XXIII.

1094 2217 1178 2245 Vens.
1197 2217 1224 2245 5.
1241 2216 1275 2243 Et
1287 2217 1421 2244 numerati
1436 2221 1497 2244 sunt
1513 2216 1621 2243 Leuitw.
1633 2215 1788 2244 Levilarnm
1800 2224 1851 2243 nu-

213 2261 342 2297 ἀριθμὸν,
361 2261 409 2288 καὶ
424 2261 484 2293 πῶς
501 2261 602 2293 αὐτοὺς
617 2262 657 2293 είς
669 2261 817 2297 διαφόρους
831 2261 1001 2296 λειτουργίας

1059 2271 1166 2291 merum
1190 2263 1278 2298 ponit,
1312 2267 1396 2298 utque
1416 2262 1492 2289 varia
1525 2270 1641 2289 munera
1668 2262 1797 2288 aDavidc
1810 2262 1851 2289 eis

212 2307 361 2340 κατέταξεν
374 2308 389 2333 6
404 2307 486 2334 Δαϐίδ
496 2316 503 2322 ·
517 2307 566 2334 καὶ
579 2307 617 2338 ὼς
631 2308 656 2333 οἱ
666 2307 714 2334 τοῦ
725 2308 864 2337 Μωῦσέως
879 2307 1010 2341 ἀπόγονοι

211 2353 318 2385 τούτοις
332 2353 555 2388 ὲχκατελέγησαν
571 2361 579 2368 ·
600 2353 646 2380 καὶ
659 2353 697 2384 ὡς
713 2353 844 2385 Σαδδοὺκ,
869 2354 884 2380 ὁ
916 2353 1011 2388 ἀρχιεο

214 2399 289 2434 ρεὺς,
303 2399 351 2426 τοῦ
372 2399 505 2434 Ἐλεάζαρ
522 2399 657 2434 ἀπόγονος
673 2397 708 2435 ἦν
720 2419 727 2432 ,
752 2399 767 2425 6
795 2399 824 2425 δὲ
849 2399 1006 2434 Ἀϐιμέλεχ,

211 2445 259 2472 τοῦ
273 2445 403 2480 Ἰθίιμαρ’
417 2446 465 2472 καὶ
476 2446 516 2472 ὅτι
528 2447 583 2478 τοῖς
598 2445 654 2472 ἀπὸ
667 2445 774 2477 τούτου,
787 2445 908 2472 πλείοσιν
917 2444 1004 2477 οὖσιν,

213 2491 260 2518 δύο
286 2491 382 2526 μοίρας
396 2492 425 2518 ὲν
438 2492 499 2524 ταῖς
514 2492 680 2527 ὲφημερίαις
711 2492 845 2526 ἀπένειμε
860 2511 868 2524 ,
894 2492 949 2522 τοῖς
974 2491 1002 2518 δὲ

212 2536 262 2563 τοῦ
283 2536 410 2572 Ἰθάμαρ,
429 2537 504 2572 μίαν.
535 2537 596 2564 Τῶν
619 2537 648 2564 δὲ
676 2537 837 2572 ὲφημεριῶν
868 2537 1001 2572 μέμνηται

215 2583 263 2610 καὶ
278 2583 385 2614 Λουκᾶς
403 2582 432 2609 ὲν
445 2583 614 2617 Εὐαγγελίῳ,
629 2583 674 2610 τὸν
697 2582 834 2618 Ζαχαρίαν
864 2582 952 2616 λέγων
979 2582 1009 2614 ἐξ

215 2629 369 2665 ἐφημερίας
388 2629 477 2657 Ἀϐιά.
497 2629 598 2656 Τοῦτον
617 2629 645 2656 δὲ
669 2630 715 2656 τὸν
752 2629 833 2656 Ἀδιὰ
861 2629 977 2664 ἕϐδομον
996 2635 1002 2653 l

214 2675 354 2712 εἰληφέναι
368 2676 468 2712 κλῆρον
483 2676 499 2711 ἡ
518 2675 686 2711 προκειμένη
703 2675 793 2710 βίϐλος
810 2675 896 2711 δηλοῖ.

502 2722 627 2748 ΚΕΦΑιΛ.
656 2721 720 2748 κε’.

252 2767 309 2796 Τὸν
330 2769 439 2803 Ἀσὰφ,
453 2767 503 2795 καὶ
511 2767 616 2803 Αὶμίιν,
624 2767 674 2794 καὶ
688 2767 828 2802 Ἰδιθοὺμ,
838 2767 898 2794 τῶν
908 2768 1006 2802 ψαλτ-

1060 2309 1163 2336 iuerint
1175 2309 1328 2343 assignata;
1344 2307 1485 2343 quomodo
1497 2307 1600 2342 posteri
1624 2307 1727 2343 Moysis
1745 2307 1777 2334 ad
1794 2307 1851 2334 hanc

1060 2355 1161 2382 delecti
1190 2355 1304 2386 fuerint,
1345 2353 1484 2389 quomodo
1506 2354 1571 2382 item
1589 2353 1715 2381 Sadocus
1726 2360 1851 2380 summus

1061 2400 1195 2437 pontifex,
1226 2400 1350 2428 Eleazari
1376 2408 1462 2435 nepos
1495 2400 1588 2433 fuerit,
1612 2400 1771 2428 Abimelech
1789 2408 1852 2427 vero

1062 2445 1218 2480 ltliamari;
1249 2446 1388 2481 quomodo
1409 2446 1464 2474 illis
1480 2467 1488 2479 ,
1512 2446 1559 2481 qui
1593 2453 1626 2474 ex
1658 2446 1707 2473 bor,
1737 2446 1852 2474 descen-

1065 2492 1144 2525 dunt,
1157 2497 1185 2520 ut
1204 2492 1250 2527 qui
1273 2493 1365 2527 plures
1392 2496 1483 2525 erant,
1500 2492 1571 2520 duas
1594 2493 1668 2520 vices
1679 2493 1826 2527 assignant
1845 2501 1852 2524 -,

1059 2538 1186 2565 lthamari
1219 2542 1310 2565 autem
1331 2538 1452 2573 posteris
1474 2545 1557 2565 unam
1591 2537 1735 2565 duntaxat.
1766 2537 1852 2572 Hujus

1060 2583 1166 2611 ordinis
1182 2583 1309 2610 meminit
1322 2585 1405 2610 etiam
1417 2583 1507 2611 Lucas
1530 2575 1559 2611 in
1574 2583 1736 2619 Evangelia,
1748 2583 1853 2611 Zacha-

1062 2631 1130 2657 riam
1148 2629 1291 2664 appellans
1307 2629 1341 2656 de
1353 2629 1412 2656 vice
1440 2630 1521 2663 Abia,
1550 2637 1632 2665 quem
1656 2630 1753 2656 Abiam
1767 2630 1853 2665 scpti-

1061 2683 1131 2702 mam
1152 2675 1296 2710 accepisse
1312 2679 1417 2702 sortem
1432 2683 1553 2710 praesens
1567 2676 1635 2704 liber
1649 2676 1780 2704 ostendit.

1365 2721 1444 2749 CAP.
1466 2721 1550 2750 XXV.

1099 2767 1183 2795 Vens.
1202 2768 1340 2803 LAsuph,
1372 2767 1484 2801 IEman,
1499 2773 1524 2797 et
1550 2768 1681 2801 {dit/mm,
1714 2774 1852 2796 cantarunt

853 2825 969 2854 VARUE
990 2825 1190 2854 LECTIONES.

255 2874 261 2894 ί
279 2872 307 2900 In
326 2873 453 2901 analcri
476 2873 571 2902 codice
590 2874 701 2901 videtur
718 2873 803 2901 fuisse
830 2872 950 2909 υνζΝἱιι.
983 2872 1053 2900 llist.
1071 2872 1174 2908 Regum
1191 2873 1238 2901 lib.
1265 2873 1308 2907 ill,
1329 2881 1390 2909 cap.
1407 2881 1472 2902 xv“.
1515 2872 1522 2898 i
1548 2874 1588 2901 Ita
1605 2873 1687 2901 etiam
1699 2872 1726 2900 in
1738 2870 1850 2898 Lavatc-

218 2910 242 2937 ri
259 2910 352 2937 codice
365 2909 434 2942 fuit;
452 2910 499 2938 sed
509 2910 621 2938 omnino
637 2909 814 2937 scribendum
828 2908 934 2943 ὄγδοον.
