2079 3161
195 171 204 199 i
210 170 263 202 209

269 227 1225 243 Ἦ

662 175 930 207 COMMENTARII
946 178 987 208 ΙΝ
1007 179 1080 210 LIB.
1098 179 1127 210 II
1149 181 1323 214 PARALIP.

1754 185 1822 220 1210

1251 237 1804 253 ..ἡ-,Ἦ

193 305 314 377 ΕΙΣ
332 299 491 363 ΤΗΝ
520 306 904 366 ΔΕΥΤΕΡΑΝ
923 311 1074 369 ΤΩΝ
1094 311 1822 377 ΠΑΡΑΛΕΙΠΟΜΕΝΩΝ

227 514 308 576 ΙΝ
333 512 756 578 SECUNDUM
779 514 1086 581 LIBRUM
1110 518 1778 588 PARALIPOMENON

744 636 914 664 Har-(manna
933 635 1116 673 Ilambcrgero
1129 638 1283 675 interprete.

495 791 622 819 ΚΕΦΛΛ.
645 791 683 820 B’.

231 833 285 861 Kal
304 835 350 868 τίς
366 836 465 871 ίσχύει
479 837 675 872 οἰκοδομῆσαι
690 838 771 871 αὐτῷ
784 839 886 872 vim;
903 840 982 875 Δηλοῖ

194 878 234 914 τῷ
253 879 347 915 Χιρὰμ
365 880 416 916 τὴν
427 881 531 908 οἰκείαν
543 881 719 912 θεογνωσίαν.
735 883 784 915 Τίς
803 883 868 919 γὰρ,
887 885 982 919 φησὶν,

193 924 270 956 ἄξιον
286 924 361 955 οἷκον
381 927 509 964 ἀνεγερεί
526 927 564 963 τῷ
579 928 649 962 Θεῷ,
662 929 693 956 ὃν
713 929 764 956 οὐκ
781 929 838 965 ἔχει
855 931 955 966 χωρεῖν
970 931 984 957 ό

194 970 310 1005 οὐρανὸς
339 971 354 998 ό
371 972 539 1008 ὑπέρτεροςς
575 974 649 1010 Πλὴν
672 975 743 1002 κατὰ
769 975 886 1012 δύναμιν
910 976 985 1012 αὺτῷ

195 1017 328 1051 προσάγω
346 1017 440 1052 σέϐας,
462 1019 510 1046 καὶ
537 1021 631 1056 τιμήν.
647 1022 729 1048 Ὅσον
748 1022 777 1048 δὲ
793 1022 847 1049 τῶν
863 1023 986 1050 εὐσεὸὢν

194 1060 318 1096 ὀνίνησιν
334 1062 350 1097 ή
366 1063 453 1096 φιλία,
467 1063 620 1099 δεδήλωκεν
635 1065 650 1092 ὁ
661 1066 767 1101 Χιρὰμ,
788 1067 889 1101 λέγων·
910 1077 920 1094 ‹
934 1068 985 1094 Εὑ-

194 1104 310 1141 λογητδς
331 1107 445 1144 Κύριος,
471 1109 486 1136 ό
510 1109 578 1141 Θεὸς
593 1110 721 1147 Ἰσραὴλ,
746 1112 775 1144 ὃς
797 1113 912 1147 ἐποίησε
939 1113 986 1140 τὸν

192 1151 328 1186 ορρανὸν,
362 1154 409 1181 καὶ
444 1155 495 1190 τὴν
522 1156 574 1191 γῆν
592 1164 600 1172 ”
625 1166 635 1183 ι
660 1157 701 1189 ὼς
728 1157 761 1193 δὴ
789 1159 925 1194 προγνοὺς
954 1160 987 1186 ὲκ

195 1197 288 1229 Δασιδ,
307 1198 345 1231 ὡς
360 1200 374 1226 ὁ
391 1200 457 1232 Θεὸς
473 1200 583 1237 Ἰσραήλ
605 1203 664 1229 ἐστι
683 1203 798 1239 ποιητὴς
817 1204 934 1240 οὐρανοῦ
954 1213 986 1232 τε

195 1243 244 1270 καὶ
261 1245 323 1280 γῆς.
340 1245 370 1272 '0
385 1245 415 1273 δὲ
432 1246 488 1274 τῶν
506 1247 615 1284 μέτρων
633 1249 753 1285 ἀριθμὸς
771 1250 819 1277 τοῦ
836 1250 900 1277 ναοῦ
920 1251 986 1278 δια-

195 1290 301 1324 φωνίαν
315 1291 366 1318 οὒκ
384 1291 442 1327 ἔχει
461 1293 531 1329 πρὸς
552 1294 599 1321 τὸν
616 1295 646 1322 ιν
664 1297 724 1328 ταις
746 1296 902 1328 Βασιλείαις
913 1305 920 1312 ·
937 1297 986 1325 ἐὰν

195 1343 237 1367 τις
253 1336 311 1368 τοῖς
343 1337 393 1372 μὲν
415 1338 625 1373 τεσσαράκοντα
649 1341 767 1376 πήχεσιν
794 1341 842 1368 τοῦ
867 1343 984 1378 μήκους,

195 1382 301 1418 προσθῇ
315 1383 378 1415 τοὺς
401 1383 489 1411 εἰκοσι
505 1384 552 1412 τοῦ
569 1385 670 1422 Δαϐείρ
680 1393 687 1401 ⁶
703 1387 760 1419 τοῖς
788 1387 817 1414 δὲ
831 1387 913 1414 πέντε
938 1389 986 1415 καὶ

192 1426 284 1454 εἴκοσι
307 1427 410 1463 ὕψους,
433 1429 489 1457 τῶν
505 1429 665 1466 διωρόφων,
691 1432 740 1460 καὶ
765 1433 929 1470 τριωρόφων
950 1434 985 1461 τὰ

193 1471 296 1508 μίτραι

237 1604 289 1633 Ἕκ
306 1607 426 1641 πόλεως
443 1608 543 1636 Δασίδ.
565 1609 622 1646 Τὴν
643 1610 713 1638 Σιὼν
731 1610 804 1639 οὕτω
831 1611 921 1646 καλεῖ,
952 1612 986 1649 ἢν

193 1649 337 1686 ὠχύρωσε,
354 1652 476 1688 τειχίσας
489 1654 518 1681 ἐν
535 1654 604 1691 αὐτῇ
617 1655 652 1682 τὰ
667 1656 800 1691 βασίλεια.

231 1696 284 1724 Ἐν
300 1697 338 1732 τῇ
360 1699 460 1733 ἑορτῇ.
477 1700 565 1735 Δῆλον
585 1702 628 1729 ὃτι
644 1702 700 1729 τῶν
725 1703 933 1740 σκηνοπηγιῶν.
955 1703 985 1731 '0

197 1740 251 1776 μὴν
265 1742 329 1777 γὰρ,
348 1743 444 1778 φησὶν,
461 1743 587 1779 ἓόδομος.

495 1791 621 1820 ΚΕΦΔΛ.
650 1793 688 1821 Γ¹.

230 1833 346 1868 Δαϐείρ.
374 1833 412 1861 To
439 1835 535 1863 ἄδυτον
560 1838 608 1864 καὶ
638 1838 777 1874 ἄψαυστον
798 1838 872 1867 οὕτω
893 1841 983 1875 καλεῖ,

195 1875 263 1913 ὅπερ
284 1877 369 1913 Ἅγια
397 1879 484 1914 ἁγίων
511 1880 572 1914 ἔθος
600 1882 745 1919 ὀνομάζειν
770 1885 804 1920 τῇ
831 1885 891 1921 θείᾳ
912 1886 984 1922 Γρα-

197 1925 245 1959 φῇ-

495 1973 622 2002 ΚΕΦΑΔ.
643 1975 680 2002 Ζ¹.

233 2016 326 2052 ᾮδῶν
347 2018 473 2053 Κυρίου,
498 2016 541 2046 ὧν
566 2020 711 2054 ἐποίησεν
732 2023 749 2049 ό
773 2023 872 2052 Δαϐίδ.
900 2025 984 2052 Πάλιν

198 2062 328 2097 ἑδίδαεεν,
346 2064 384 2097 ὼς
403 2065 486 2092 Δαὸίδ
513 2067 583 2093 εἰσιν
594 2067 619 2093 οἱ
648 2068 771 2103 Ψαλμοί.
798 2070 927 2098 Εὑσεόὦν
954 2071 984 2098 δὲ

197 2108 338 2144 Σαλομὼν,
356 2109 407 2137 οὐκ
421 2110 527 2145 ἀφῆκεν
540 2112 625 2138 οἰκεῖν
640 2113 670 2139 ὲν
685 2112 752 2147 οἴκῳ
773 2114 855 2142 Δασὶδ
869 2116 919 2152 τὴν
935 2116 985 2143 θυ-

197 2154 301 2190 γατέρι
321 2155 368 2181 τοῦ
388 2156 497 2191 Φαραώ.
523 2157 600 2192 Ἀγία
627 2159 692 2194 γὰρ,
712 2156 790 2192 οὗτός
814 2169 893 2198 φησι,
915 2162 984 2190 Θεοῦ

197 2199 322 2235 είσῆλθεν
343 2202 401 2228 ἐκεῖ
419 2203 436 2237 ὴ
460 2202 576 2236 κιόωτὺς
589 2204 706 2240 Κυρίου.
736 2206 778 2233 Τὰ
801 2207 830 2234 δὲ
851 2208 982 2244 ἀγώγιμα

199 2245 265 2279 ξύλα
279 2246 394 2274 πεύκινα
411 2248 544 2283 κέκληκεν
560 2249 575 2275 ό
597 2249 760 2285 Ἰώσηππος,
781 2252 854 2289 ἅπερ
876 2255 905 2281 ὲν
930 2255 985 2282 Βα-

199 2291 315 2324 σιλείαις
332 2293 561 2330 ὐποστηρίγματα
575 2295 623 2322 τοῦ
649 2296 727 2324 οῐκου
754 2298 858 2333 Κυρίου
887 2301 983 2335 φησὶν.

197 2338 244 2364 καὶ
257 2337 305 2364 τοῦ
327 2338 403 2366 οἴκου
419 2339 466 2367 τοῦ
485 2339 632 2374 Βασιλέως.
651 2343 706 2370 Καὶ
722 2343 752 2370 ὃν
767 2344 910 2381 ἄνθρωπον
926 2348 986 2374 ὲκετ

197 2391 265 2419 φησι
278 2383 326 2410 τοῦ
355 2384 422 2412 Θεοῦ
450 2385 591 2421 βρωθέντα
607 2387 659 2414 ὑπὸ
686 2388 734 2416 τοῦ
760 2389 884 2424 λέοντος,
906 2391 985 2428 Ἰωήλ

198 2429 328 2458 ἐνταῦθα.

506 2479 633 2507 ΚΕΦΑΛ.
653 2480 682 2507 Ι’.

235 2521 289 2549 Καὶ
307 2522 363 2549 οὐκ
376 2521 511 2556 ἤκουσεν
525 2525 541 2551 ό
550 2525 702 2559 βασιλεὺς
715 2527 770 2554 τοῦ
783 2528 872 2561 λαοῦ,
887 2528 932 2556 ὅτι
946 2526 986 2564 ἦν

195 2568 390 2602 μεταστροφὴ
407 2569 467 2596 ἀπὸ
480 2570 533 2597 τοῦ
545 2570 628 2598 Θεοῦ.
646 2567 696 2598 Ὧν
713 2572 768 2609 γὰρ
781 2574 895 2609 κήδεται
908 2575 984 2608 Θεὸς,

199 2614 310 2645 τούτους
323 2614 359 2641 τὰ
377 2615 503 2650 πρακτέα
522 2616 638 2649 σοφίζει.
656 2618 759 2646 Τούτου
778 2619 807 2646 δέ
827 2629 869 2652 τις
889 2629 987 2657 στερη-

200 2659 306 2694 ρηθεὶς,
326 2659 364 2692 ὡς
395 2660 500 2696 ἔτυχεν,
525 2662 649 2696 φέρεται.
686 2665 780 2697 Ἔδοξε
810 2665 839 2692 δὲ
865 2666 903 2702 τῷ
926 2667 986 2704 Θεῷ

199 2705 295 2732 διελεῖν
310 2706 361 2741 τὴν
388 2705 537 2741 βασιλείαν,
557 2707 615 2734 ἀνθ’
639 2704 676 2735 ὧν
702 2709 830 2745 Σολομὼν
845 2712 988 2749 ἐπλημμέ-

199 2750 276 2785 λησε.
295 2750 350 2778 Τοῦ
364 2751 394 2778 δὲ
416 2751 484 2778 Θεοῦ
499 2751 545 2778 τὸν
565 2751 628 2779 λαὸν
652 2753 810 2790 ἀποστήσας
833 2756 985 2795 Ἱεροὸοὰμ,

201 2796 248 2823 καὶ
260 2798 323 2828 τοὺς
337 2798 420 2832 ίερεζς
431 2797 526 2832 αὐτοῦ,
539 2798 586 2825 καὶ
599 2798 726 2834 Acut-31¢,
738 2801 888 2839 ἀπήλασεν,
903 2805 986 2839 ἐδίους

220 2884 243 2901 ³·
259 2883 334 2914 Psat.
342 2892 423 2921 cur,
433 2885 461 2914 6.

998 795 1021 822 Δ

997 2135 1019 2165 ο

1314 797 1396 834 549
1421 798 1497 826 cap.
1514 799 1545 827 ιι.

1072 841 1153 870 Vens.
1165 842 1192 876 ϐ,
1204 843 1270 877 Quis
1285 852 1345 872 vero
1362 850 1438 872 tanta
1454 845 1582 880 praeditus
1603 847 1717 878 uirtute,
1737 852 1765 874 ut
1783 847 1826 874 illi

1034 888 1144 916 domum
1159 889 1287 924 aedificet?
1297 889 1380 918 Suam
1398 892 1431 918 de
1447 892 1502 919 Deo
1522 893 1649 920 notitiam
1666 892 1718 928 ipsi
1732 892 1824 920 iliram

1036 932 1181 968 patefacit.
1211 933 1280 967 Quis
1305 936 1389 968 enim,
1416 936 1515 971 inquit,
1543 937 1709 972 condignam
1739 937 1826 965 aedem

1035 983 1191 1007 exstrueret
1202 980 1267 1012 Deo.
1282 989 1363 1016 quem
1379 985 1520 1010 extremus
1546 983 1608 1010 coeli
1621 983 1756 1010 circuitus
1770 990 1824 1010 non

1035 1028 1126 1059 potest
1138 1026 1373 1060 comprehendere
1384 1027 1396 1054 2
1413 1027 1611 1055 Verumtamen
1625 1035 1675 1063 pro
1682 1035 1742 1056 mea
1753 1028 1825 1056 virili

1037 1070 1216 1097 reverentiam
1231 1075 1259 1099 et
1275 1071 1408 1099 honorem
1435 1072 1475 1100 illi
1500 1073 1609 1101 deferre
1628 1081 1723 1101 conor.
1740 1073 1827 1101 Caete-

1037 1119 1243 1150 rumquantum
1263 1117 1392 1143 utilitatis
1406 1124 1438 1144 ex
1464 1117 1570 1152 piorutn
1592 1117 1735 1144 hominum
1758 1125 1826 1144 con-

1037 1160 1186 1188 suetudine
1216 1161 1321 1194 redeat,
1354 1161 1462 1189 clarum
1482 1161 1526 1188 his
1554 1154 1646 1189 vei-bis
1669 1161 1746 1193 fecit,
1762 1169 1825 1188 cum

1036 1207 1142 1242 inquit:
1162 1217 1171 1233 ι
1199 1207 1364 1235 Benedictum
1397 1207 1530 1235 Dominus
1558 1208 1630 1235 Deus
1659 1207 1754 1239 isrnel,
1779 1207 1826 1242 qui

1036 1252 1102 1280 fecit
1118 1252 1219 1280 cmlnm
1242 1258 1270 1280 et
1286 1256 1399 1280 terram.
1418 1262 1427 1278 ι
1447 1252 1524 1280 Unde
1540 1253 1613 1280 enim
1625 1252 1690 1279 huic
1710 1252 1768 1279 haec
1779 1252 1826 1280 Dei

1035 1298 1147 1328 notitia.
1169 1297 1224 1325 nisi
1247 1297 1321 1333 quod
1340 1297 1399 1333 ipso
1425 1297 1529 1326 Davide
1549 1306 1617 1327 usus
1631 1303 1674 1326 est
1683 1297 1827 1325 familiari-

1035 1345 1101 1372 ter?
1118 1344 1207 1372 Porro
1236 1352 1370 1372 numerus
1400 1353 1433 1372 ac
1456 1346 1607 1380 proport‘o.
1621 1345 1827 1373 dimensionum

1037 1391 1130 1425 templi
1159 1390 1242 1424 hujus
1263 1390 1333 1417 nihil
1363 1390 1502 1425 discrepat
1531 1391 1566 1418 ab
1577 1391 1649 1426 ejus.
1674 1391 1709 1418 de
1725 1398 1782 1426 quo
1798 1389 1827 1416 in

1035 1433 1141 1470 Regum
1169 1435 1250 1462 libris
1267 1435 1407 1462 memoria:
1423 1435 1563 1470 proditum
1574 1441 1635 1468 est;
1651 1436 1748 1471 siquis
1760 1443 1829 1470 qua-

1036 1481 1163 1516 draginta
1192 1481 1302 1515 quidem
1331 1481 1433 1509 cubitis
1449 1481 1644 1516 longitudinis,
1666 1481 1764 1516 viginti
1778 1489 1828 1508 cu-

1037 1526 1109 1554 bitos
1121 1525 1216 1553 Sancti
1245 1529 1405 1553 sanctorum
1429 1525 1530 1558 addat;
1547 1526 1645 1561 viginti
1665 1533 1731 1553 vero
1747 1525 1828 1562 quin-

1035 1579 1090 1606 que
1103 1570 1256 1598 altitudinis
1275 1571 1379 1598 cubitis
1393 1578 1540 1598 mensuras
1552 1571 1741 1606 fastigiorum,

1069 1618 1111 1645 Ea:
1124 1617 1231 1645 ciuitate
1242 1617 1341 1645 David.
1353 1616 1419 1644 Sion
1435 1617 1537 1650 innuit,
1551 1625 1634 1654 quam
1650 1617 1826 1646 munitiorem

1035 1663 1114 1694 fecit.
1132 1667 1160 1691 et
1175 1663 1251 1698 regia
1266 1662 1433 1690 nobilitavit.

1069 1709 1103 1737 In
1115 1709 1194 1744 festo.
1209 1709 1344 1737 Nimirum
1371 1709 1632 1743 tabernaculorum;
1647 1708 1674 1737 id
1690 1708 1764 1737 enim
1773 1706 1826 1738 sibi

1036 1757 1096 1784 vult
1111 1758 1213 1785 mensis
1231 1756 1377 1792 septimus.

1364 1801 1443 1830 CAP.
1454 1801 1502 1830 Ill.

1068 1846 1163 1874 Dabir.
1175 1846 1295 1883 Adytnm
1311 1846 1363 1874 hoc
1377 1850 1457 1875 vocat
1471 1847 1593 1880 nomine.
1608 1847 1682 1882 quod
1695 1847 1826 1876 Sanctum

1034 1896 1197 1920 sanctorum
1223 1892 1369 1928 Scriptura
1396 1892 1490 1920 divina
1512 1893 1660 1929 consuevit
1676 1893 1825 1928 appellare.

1356 1976 1434 2004 CAP.
1447 1976 1506 2005 VII.

1068 2020 1154 2050 Vsus.
1167 2022 1194 2050 6.
1212 2022 1333 2050 Laudttm
1351 2022 1460 2049 Domini
1467 2031 1533 2057 quas
1552 2023 1671 2050 carmine
1684 2022 1825 2050 celebravit

1035 2066 1132 2095 Dauid.
1151 2067 1210 2095 Hoc
1226 2068 1299 2096 aliud
1320 2068 1509 2096 testimonium
1528 2072 1581 2101 est.
1603 2068 1729 2096 Psalmos
1743 2069 1825 2096 David

1036 2113 1137 2140 habere
1147 2116 1300 2140 auctorem.
1310 2113 1445 2141 Caeterum
1457 2112 1602 2145 Solomon.
1610 2113 1719 2148 pietatis
1736 2113 1827 2141 adlme

1038 2159 1192 2192 studiosus,
1210 2159 1274 2186 lilia:
1285 2158 1439 2187 Pharaonis
1465 2159 1571 2186 nullum
1590 2159 1681 2186 locum
1702 2159 1729 2186 in
1743 2159 1826 2186 domo

1039 2204 1152 2232 Davidis
1166 2204 1295 2239 reliquit;
1321 2209 1504 2232 sacrosancta
1526 2204 1615 2236 enim,
1648 2204 1748 2239 inquit,
1779 2203 1826 2231 Dei

1039 2258 1103 2278 arca
1120 2250 1147 2278 in
1162 2258 1223 2278 eam
1235 2255 1279 2278 est
1291 2251 1426 2286 ingressa.
1439 2250 1526 2278 l‘orro
1537 2250 1623 2285 ligna,
1637 2258 1699 2285 qua:
1711 2249 1825 2278 advecta

1038 2299 1114 2328 sunt,
1127 2296 1242 2331 abiegna
1262 2295 1372 2323 vocavit
1387 2294 1537 2330 Iosephus.
1555 2303 1588 2322 ex
1603 2295 1706 2330 quibus
1714 2294 1826 2330 quidem

1039 2341 1194 2377 pavimenta
1204 2342 1303 2369 domus
1328 2340 1435 2369 Domini
1449 2346 1532 2376 atque
1546 2342 1631 2377 regite
1654 2341 1725 2369 facta
1741 2344 1825 2373 sunt,

1038 2391 1070 2414 ut
1078 2392 1121 2415 est
1136 2387 1163 2414 in
1180 2387 1258 2415 libris
1267 2387 1383 2422 Regum.
1402 2388 1526 2422 Denique
1537 2387 1689 2418 hominem,
1702 2387 1751 2423 qui
1769 2387 1826 2415 illic

1038 2441 1054 2461 a
1071 2433 1150 2462 leone
1164 2432 1314 2461 devoratus
1331 2432 1446 2464 dicitur,
1459 2432 1517 2460 Joel
1535 2433 1580 2460 hic
1591 2436 1683 2460 vocat.

1367 2477 1447 2506 CAP.
1463 2477 1498 2505 Χ.

1072 2534 1156 2563 Vsus.
1172 2535 1217 2563 lii.
1233 2535 1288 2563 Nec
1301 2534 1405 2562 audiuit
1419 2543 1466 2562 rex
1477 2534 1616 2570 populum,
1628 2534 1755 2569 quoniam
1769 2538 1827 2561 erat

1040 2580 1167 2608 revolutio
1182 2589 1199 2607 a
1228 2580 1291 2608 Deo.
1320 2580 1442 2613 Quorum
1455 2579 1528 2607 enim
1556 2587 1652 2607 curam
1671 2580 1744 2607 Deus
1759 2579 1827 2615 agit,

1039 2625 1151 2654 eosdem
1167 2625 1249 2652 etiam
1278 2624 1312 2653 de
1335 2625 1421 2653 rebus
1434 2625 1563 2660 gerendis
1580 2624 1712 2658 instruit;
1726 2625 1828 2660 quibus

1039 2677 1106 2698 vero
1117 2669 1242 2696 eamdem
1255 2668 1406 2701 subtrahit,
1437 2676 1489 2697 suo
1504 2668 1636 2704 relinquit
1654 2667 1744 2703 genio.
1764 2666 1828 2694 Sta-

1040 2714 1093 2742 tuit
1109 2722 1174 2742 vero
1198 2714 1271 2742 Deus
1298 2721 1412 2749 regnum
1439 2712 1571 2741 dirimere
1600 2716 1713 2748 propter
1729 2712 1829 2739 delicta

1041 2760 1210 2789 Solomonis.
1225 2760 1360 2789 Cteterum
1385 2767 1448 2789 cum
1468 2760 1600 2795 populum
1621 2758 1678 2795 jam
1691 2758 1724 2786 ad
1736 2757 1828 2785 deiec-

1041 2806 1144 2835 tionem
1165 2805 1212 2835 Dei
1240 2805 1387 2835 Jeroboam
1412 2804 1630 2838 commovisset,
1662 2803 1827 2832 sacerdotes
