2079 3161
187 187 254 220 1213

665 192 933 223 COMMENTARII
955 193 996 223 ΙΝ
1018 193 1092 223 LIB.
1113 193 1143 223 II
1164 192 1338 223 PARALIP.

1757 187 1822 220 12M

188 245 221 273 Et
238 245 292 281 γὰρ
309 246 485 281 ἐπίστευσας,
514 248 611 283 φησὶν,
636 248 722 285 ἄρδην
746 249 779 277 ἂν
796 250 902 282 πάντας
929 250 977 277 ἀπ-

1035 249 1133 277 lsruel.
1152 250 1198 283 At,
1223 250 1246 278 si
1263 250 1291 278 in
1319 249 1375 278 Deo
1393 248 1573 282 conﬁdisses,
1599 247 1689 282 inquit
1704 267 1712 280 ,
1728 255 1824 275 omnes

186 293 322 324 ἔκτεινας.

487 339 615 366 ΚΕΦΑΛ.
629 340 678 367 lZ'.

225 383 291 410 Ὅτι
303 383 451 418 ἐπορεύθη
465 384 500 411 ἐν
519 385 602 417 ὁδοῖς
625 386 714 413 Δασιδ
728 386 783 414 τοῦ
795 387 907 421 πατρὸς
927 387 980 415 αὐ-

185 429 240 457 τοῦ
259 429 324 462 ταῖς
342 429 481 464 πρώταις.
507 431 650 465 Τουτέστι,
661 434 722 460 κατ’
732 433 821 469 ἀρχὰς
835 432 883 460 τοῦ
896 433 980 461 Δαὸὶδ

185 475 283 511 ἐζήλου
294 475 343 510 τὴν
354 476 467 511 ἀρετήν.

219 520 275 547 Καὶ
299 519 404 554 ὑψώθη
424 521 443 555 ἡ
459 521 568 556 καρδία
588 523 694 550 αὐτοῦ.
712 523 757 550 Ἐν
769 524 876 560 ἐπαίνῳ
899 524 979 552 τοῦτό

186 575 280 602 φησιν.
299 567 456 601 Ἐπήγαγεν
467 567 521 602 γὰρ
530 567 565 594 ἐν
579 568 661 602 ὁδοῖς
675 571 797 604 Κυρίου.

228 611 474 648 Ἐκουσιαζόμενον
488 613 515 640 δὲ
529 614 604 648 λέγει
613 613 653 649 τῷ
663 615 770 651 Κυρίῳ,
783 616 830 643 τὸν
844 616 894 652 οὐχ
908 616 979 653 ὑπὲρ

185 656 396 692 ἁμαρτημάτων
412 658 617 694 προσφέροντα,
633 659 710 695 δῶρα
719 660 747 687 δὲ
758 661 980 697 προσχομίζοντα

187 703 226 739 τῷ
243 703 313 739 Θεῷ.

485 797 612 825 ΚΕΦΛΛ.
624 797 676 825 ιεγ.

231 843 314 871 Ἀλλ’
330 844 349 879 ἢ
363 844 448 880 λόγοι
483 845 588 880 ἀγαθοὶ
615 844 786 879 εὑρέθησαν
805 845 841 873 ἐν
856 845 917 874 σοι.
933 847 980 873 Δι-

185 890 291 921 δάσκει,
311 890 349 923 ὡς
369 890 477 917 ἐλαττοῖ
489 890 540 922 τὰς
563 891 609 917 ἐπὶ
618 891 675 922 τοῖς
691 890 875 926 ἁμαρτήμασι
889 899 978 926 τιμω-

1029 297 1195 325 occidisses.

1330 341 1407 371 CAP.
1429 341 1513 369 XVII.

1066 389 1150 418 Vsus.
1170 390 1198 417 3.
1219 388 1355 421 Quoniam
1369 389 1479 416 incessit
1494 389 1522 416 in
1535 388 1654 424 vestigiis
1674 386 1759 414 David
1776 395 1823 421 pa-

1031 436 1080 463 tris
1093 436 1136 463 sui
1148 436 1290 471 prioribus.
1304 435 1363 464 Hoc
1378 441 1431 470 est,
1450 435 1529 464 initio
1550 435 1680 463 virtutem
1712 433 1824 462 Davidis

1029 488 1072 511 est
1086 482 1244 510 aemulatus.

1065 528 1149 557 Vens.
1168 528 1194 556 6.
1218 528 1375 556 Exaltatum
1390 532 1430 556 est
1445 536 1492 555 cor
1507 528 1583 562 ejus.
1602 527 1690 555 Laudi
1709 526 1763 555 hoc
1782 526 1823 554 illi

1030 575 1145 608 tribuit,
1169 576 1313 611 subjunxit
1327 576 1400 603 enim
1416 575 1443 602 in
1460 574 1509 602 viis
1526 574 1645 602 Domini.

1066 620 1153 648 Porro
1180 628 1243 648 cum
1263 625 1363 656 sponte
1394 627 1443 648 sua
1472 626 1586 647 munera
1613 618 1749 646 obtulisse
1767 617 1823 645 Deo

1030 665 1164 694 dicuntur
1186 666 1326 698 homines,
1343 673 1398 692 non
1417 665 1586 693 sacriﬁcium
1610 672 1662 700 pro
1684 664 1822 700 peccatis,

1029 719 1126 738 verum
1151 719 1268 739 munera
1304 716 1457 747 spontanea
1482 710 1537 738 Deo
1565 709 1700 738 obtulisse
1722 708 1823 737 intelli-

1030 757 1149 791 gendum
1164 760 1217 784 est.

1343 801 1419 829 CAP.
1439 799 1509 827 XIX.

1067 847 1149 875 Vens.
1167 847 1195 875 3.
1221 847 1404 875 Verumtamen
1423 856 1465 874 res
1482 847 1557 874 bona:
1584 847 1697 874 inventa:
1720 845 1823 872 suntin

1032 897 1065 920 te.
1086 892 1192 920 lndicat
1202 893 1248 920 hic
1280 893 1368 925 locus,
1385 893 1459 928 quod
1475 893 1592 920 virtutes
1608 895 1742 918 anteactae
1757 898 1822 925 pec-

187 937 248 972 ρίας
263 936 297 963 τὰ
312 937 454 971 φθάσαντα
477 936 681 972 κατορθώματα
695 945 703 953 ’
719 925 812 963 ταυτα
833 936 888 972 γὰρ
905 936 977 963 ὲκεί-

1029 942 1154 966 catorum
1196 938 1309 965 merilas
1351 938 1434 966 etiam
1463 945 1559 973 pmnas
1594 937 1746 968 minuunt;
1774 942 1822 963 eas

185 991 242 1014 νοις
266 983 428 1018 ἀντιμετρεῖ
437 992 444 1000 ·
458 983 506 1010 καὶ
519 983 557 1015 ὡς
569 983 609 1010 δεῖ
623 983 735 1018 φεύγειν
753 984 844 1011 πᾶσαν
868 983 976 1010 ἀσεὸὡν

185 1027 277 1062 φιλίαν
289 1036 317 1054 τε
334 1028 382 1055 καὶ
410 1028 581 1063 συγγένειαν.
599 1029 753 1065 Δεξάμενος
767 1030 795 1056 δὲ
806 1029 851 1056 τὸν
865 1029 976 1064 ἔλεγχον

184 1074 200 1101 δ
215 1074 353 1110 βασιλεὺς,
371 1075 402 1101 οὐ
424 1076 504 1110 μόνον
534 1076 688 1108 εὐσεϐείας,
708 1076 778 1104 ἀλλὰ
812 1078 860 1104 καὶ
884 1077 976 1113 πάσης

186 1121 317 1156 εὐνομίας
343 1122 498 1157 ἐφρόντισε,
522 1123 700 1158 καταστήσας
717 1123 814 1158 κριτὰς
830 1124 860 1150 ὲν
873 1124 977 1156 πάσαις

184 1167 245 1198 ταῖς
257 1166 362 1199 πόλεσι,
380 1167 427 1193 καὶ
439 1167 618 1203 παραινέσεις
631 1168 722 1200 αὐτοῖς
735 1168 897 1200 δικαστικὰς
911 1169 978 1195 ὑπο-

184 1210 310 1246 θέμενος,
327 1211 375 1238 καὶ
390 1212 542 1247 ἐπιστήσας
553 1212 644 1245 αὐτοῖς
667 1213 803 1249 Ἀμορίαν
817 1213 864 1239 τὸν
889 1213 976 1248 ἱερέα,

183 1257 218 1284 δι’
236 1254 268 1284 οὗ
282 1257 336 1284 τῶν
347 1257 540 1294 ἀγνοουμένων
557 1258 710 1293 γνώσονται
727 1259 777 1294 τὴν
790 1257 883 1294 ψῆφον
901 1260 977 1295 παρὰ

183 1303 270 1330 θεοῦ*
299 1304 347 1331 καὶ
378 1305 527 1338 Ζαῦαδίαν,
546 1306 586 1337 είς
601 1305 632 1332 τὸ
648 1306 712 1341 περὶ
737 1305 791 1332 τῶν
822 1305 977 1333 δοκούντων

184 1350 278 1382 αὐτοῖς
294 1350 481 1385 ἐπαναφέρειν
497 1350 537 1385 τῷ
552 1351 658 1386 βασιλεί
672 1360 680 1367 ο
695 1351 742 1378 xui.
762 1353 826 1384 τοὺς
846 1352 975 1386 Λευῖτας,

184 1397 225 1428 είς
239 1397 416 1424 διδασκαλίαν
439 1396 486 1424 τοῦ
508 1398 603 1434 νόμου.
620 1399 690 1430 Τοὺς
711 1398 766 1434 γὰρ
786 1398 975 1431 διδάσκοντας,

184 1443 368 1479 γραμματέας
381 1443 526 1472 ἐκάλεσαν.

1025 985 1100 1012 enim
1121 984 1174 1012 sibi
1197 985 1310 1019 opponit
1328 984 1457 1011 invicem.
1480 983 1617 1011 Praeterea
1632 982 1711 1010 docet
1728 1003 1736 1016 ,
1761 989 1822 1009 om-

1025 1039 1060 1059 ne
1076 1031 1224 1067 impiorum
1256 1030 1426 1058 consortium
1445 1036 1472 1058 et
1501 1030 1651 1058 afﬁnitates
1668 1029 1764 1065 procul
1780 1036 1823 1056 re—

1025 1076 1174 1112 fngiendas
1191 1084 1263 1104 esse.
1280 1076 1418 1104 Caeterum
1432 1085 1440 1109 ,
1456 1081 1604 1111 p0stquam
1625 1079 1703 1103 esset
1727 1081 1822 1109 repre4

1025 1123 1140 1156 hcnsus,
1155 1130 1188 1150 ac
1205 1123 1239 1150 de
1253 1130 1348 1151 errore
1360 1123 1430 1150 satis
1444 1122 1611 1158 redargutus
1625 1129 1685 1154 rex,
1697 1120 1822 1149 sedulam

1027 1175 1140 1204 operam
1158 1168 1268 1196 navavit
1282 1190 1289 1201 ,
1304 1173 1331 1196 et
1343 1168 1371 1196 in
1397 1169 1500 1204 pietate
1511 1167 1702 1204 promovenda
1716 1185 1724 1198 .
1740 1170 1767 1194 et
1794 1165 1823 1193 in

1027 1216 1111 1243 rebus
1128 1216 1258 1243 omnibus
1273 1215 1300 1242 in
1316 1215 1441 1243 ordinem
1460 1223 1541 1242 suum
1559 1213 1730 1249 rcdigendis.
1749 1212 1823 1240 Con-

1026 1262 1118 1289 stituit
1135 1261 1230 1297 itaque
1242 1261 1270 1289 in
1293 1262 1424 1289 omnibus
1443 1261 1560 1289 urbibus
1585 1260 1705 1296 judices,
1721 1259 1825 1294 qnibul

1026 1309 1109 1336 etiam
1128 1308 1213 1336 ofﬁcii
1229 1309 1343 1336 crebras
1357 1307 1526 1336 monitiones
1557 1307 1704 1339 adhibuit,
1725 1307 1824 1341 eisque

1031 1353 1172 1381 Amariam
1189 1354 1364 1382 sacerdotem
1389 1353 1511 1389 praefecit
1532 1361 1582 1388 per
1595 1360 1677 1388 quem
1695 1352 1723 1379 in
1741 1351 1824 1378 rebus

1030 1400 1123 1428 dubiis
1140 1408 1172 1428 ac
1195 1401 1320 1432 incertis,
1335 1400 1369 1428 de
1398 1399 1534 1435 suliraglo
1549 1399 1657 1427 Domini
1682 1398 1825 1426 erudiren-

1030 1451 1093 1479 tur;
1108 1454 1158 1474 nec
1175 1454 1230 1474 non
1247 1446 1407 1478 Snbadiam,
1417 1446 1463 1481 qui
1477 1453 1574 1473 eorum
1587 1444 1715 1479 suffragia
1728 1442 1762 1470 ad
1779 1450 1824 1470 re-

183 1498 244 1526 gem
266 1490 395 1519 referret:
413 1491 532 1527 denique
550 1491 633 1518 etiam
649 1491 769 1524 Levilas,
786 1498 820 1518 ne
851 1490 920 1527 legis
949 1491 1097 1526 disciplina
1121 1497 1250 1521 carerent
1285 1500 1318 1520 ac
1343 1492 1472 1519 doctores
1504 1491 1565 1527 ejus
1584 1490 1692 1519 scribas
1721 1496 1825 1516 nuncu-

184 1536 270 1572 pavit.

219 1583 272 1610 Καὶ
286 1582 372 1610 ἐσται
387 1583 493 1617 Κύριος
502 1583 578 1618 μετὰ
592 1582 646 1611 τοῦ
656 1582 782 1619 ἀγαθοῦ.
800 1583 856 1619 Οὐχ
881 1582 975 1615 ἁπλῶς

184 1628 250 1665 ἔφη,
266 1628 326 1664 μεθ’
337 1627 426 1664 ὑμῶν.

504 1676 631 1703 ΚΕΦΑΛ.
644 1676 688 1703 K’.

229 1720 286 1748 Kal
314 1720 430 1754 ἔδωκας
460 1721 559 1756 αὐτὴν
589 1721 629 1754 τῷ
663 1720 812 1756 σπέρματι
849 1722 978 1756 Ἀϐραὰμ

183 1766 239 1794 τοῦ
257 1767 350 1801 φίλου
375 1775 445 1794 σου.
474 1767 622 1803 Ἀνέμνησε
646 1766 694 1794 τοῦ
718 1767 904 1803 προπάτορος,
935 1767 978 1794 ἵνα

184 1813 230 1840 διὰ
258 1813 310 1848 τῆς
330 1813 400 1848 πρὸς
423 1814 530 1840 ἐκεῖνον
559 1813 728 1848 ἐπαγγελίας
750 1812 820 1850 τύχῃ
840 1813 890 1849 τῆς
915 1813 980 1849 βοη-

185 1858 272 1891 θείας.

222 1905 265 1932 Οῠ
280 1904 390 1939 κρινεῖς
397 1904 431 1931 ἐν
443 1904 563 1937 αὐτοῖς;
577 1904 684 1940 Ἔρωτη
689 1905 825 1940 ματικῶς.
835 1905 980 1940 Ὁμολογεῖ

185 1951 214 1978 δὲ
230 1950 278 1978 καὶ
290 1950 340 1986 τὴν
363 1951 433 1978 ἰδίαν
448 1951 602 1978 ἀσθένειαν.

228 2036 398 2070 Ἀκούσατε,
423 2036 484 2070 πᾶς
496 2037 607 2070 Ἰούδα,
636 2037 686 2064 καὶ
714 2038 741 2064 ot
766 2037 980 2070 κατοικοῦντες

193 2081 400 2117 Ἰερουσαλὴμ,
431 2083 670 2116 καὶόβασιλεὺς
695 2083 854 2118 Ἰωσαφάτ.
883 2083 979 2119 Τιμῶν

187 2127 284 2155 διεῖλεν
315 2128 370 2155 ἀπὺ
392 2128 447 2155 τῶν
469 2128 558 2157 ἄλλων
571 2149 579 2161 ,
603 2129 743 2164 ἐξαίρετον
765 2129 907 2165 ὀνομάζων
929 2129 978 2156 αὑ-

186 2174 245 2201 τόν.
266 2174 469 2207 Κατοικοῦντας
486 2175 515 2202 δὲ
529 2175 616 2210 λέγει,
643 2175 708 2207 τοὺς
730 2175 786 2202 ἀπὸ
814 2176 869 2203 τῶν
889 2175 978 2203 ἄλλων

187 2221 291 2256 φυλῶν.

406 2267 598 2304 ψαλτῳδούς.
615 2267 732 2299 Δευττας
744 2266 898 2302 ὑμνοῦντας
910 2287 918 2302 ,
929 2267 980 2303 οὐχ

186 2316 366 2352 ὁπλοφόρους,
381 2316 528 2352 προτάττει
538 2315 588 2350 τῆς
603 2314 744 2350 στρατιᾶς.

227 2409 276 2436 ‘Er
293 2407 411 2435 Γεσιὼν
427 2406 532 2441 Γαϐἐρ.
546 2405 593 2442 Τῷ
609 2403 715 2440 Ἰνδικῷ
745 2403 860 2439 πελάγει
889 2403 982 2440 παρά-

187 2463 289 2487 κειται,
305 2454 438 2490 Βερονίκη
450 2453 617 2489 καλουμένη.

228 2500 277 2534 Ὠς
289 2499 450 2535 ὲφιλίασας
464 2498 504 2532 τῷ
523 2499 661 2534 Ὀχοσίᾳ.
672 2499 744 2535 Ὅρα
759 2498 814 2535 γὰρ
830 2498 880 2533 τῆς
891 2496 982 2532 κακῆς

188 2545 351 2580 συγγενείας
366 2544 397 2571 τὸ
411 2544 498 2576 τέλος.
517 2544 622 2580 Ἰωρὰμ
634 2545 700 2580 γὰρ,
709 2546 723 2571 ό
738 2544 834 2571 τούτου
844 2545 920 2576 παῖς,
932 2542 979 2570 τοῦ

189 2591 322 2628 κηδεστοῦ
346 2591 450 2627 ’Λχαὰὸ
472 2591 594 2626 ἐζήλωσε
607 2591 657 2627 τὴν
674 2590 814 2624 ἀσέϐειαν,
839 2591 888 2617 καὶ
916 2590 980 2621 τοὺς

187 2638 322 2673 ἀδελφοὺς
337 2638 441 2670 πάντας
455 2637 603 2665 ἀπέκτεινε
616 2646 623 2654 ι
639 2638 687 2665 καὶ
700 2637 735 2664 τὰ
746 2637 828 2664 λοιπὰ
840 2658 847 2670 ,
864 2636 946 2672 φησὶν
962 2637 979 2671 ὴ

188 2685 300 2722 Γραφή.

474 2730 602 2757 ΚΕΦΑΔ.
614 2729 683 2758 KA’.

224 2777 277 2805 Διὰ
295 2776 353 2811 τὴν
365 2775 527 2811 διαθήκην,
549 2775 590 2810 ἢν
600 2774 714 2804 διέθετο
724 2774 764 2808 τῷ
772 2775 871 2803 Δαϐίδ.
888 2774 981 2807 Οὕτως

188 2824 290 2860 ὠφελεῖ
301 2824 442 2860 προγόνων
456 2823 594 2851 εὐσέδεια.

1064 1581 1146 1608 Vens.
1169 1580 1213 1608 Η.
1230 1580 1342 1615 Eritque
1355 1579 1487 1607 Dominus
1502 1586 1563 1605 cum
1575 1586 1606 1605 eo
1620 1578 1666 1613 qui
1683 1578 1747 1605 bene
1765 1585 1824 1613 ege-

988 1626 1072 1665 Cn’t.
1087 1625 1146 1653 Non
1158 1625 1329 1661 simpliciter,
1345 1625 1500 1657 vobiscum,
1515 1624 1615 1659 inquit.

1345 1671 1422 1698 CAP.
1441 1669 1501 1698 XX.

1064 1717 1146 1746 Vsus.
1168 1717 1195 1744 7.
1216 1716 1373 1753 Dedistique
1391 1725 1449 1744 eam
1479 1716 1576 1744 semini
1601 1715 1718 1743 Abralue
1745 1714 1824 1742 amici

1029 1765 1069 1792 tui
1084 1769 1218 1800 perpetuo.
1242 1763 1407 1791 Mentionem
1440 1763 1578 1798 majorum
1603 1761 1670 1789 facit
1691 1764 1721 1789 ut
1743 1768 1824 1797 prop-

1029 1815 1072 1838 ter
1102 1809 1319 1846 promissionem
1347 1809 1405 1837 illis
1437 1808 1538 1836 factam
1559 1802 1708 1836 auxilium
1737 1807 1825 1842 impe-

1029 1860 1094 1885 tret.

1067 1902 1148 1931 Vens.
1171 1903 1215 1930 l2.
1237 1902 1308 1930 Deus
1332 1907 1432 1935 noster,
1451 1910 1485 1929 an
1510 1909 1562 1929 non
1610 1900 1732 1928 udicabis
1763 1900 1826 1927 eos?

1029 1947 1087 1975 Hac
1115 1947 1302 1983 interrogandi
1328 1947 1416 1974 forma
1441 1953 1520 1980 suam
1547 1945 1733 1974 infirmitatem
1759 1951 1827 1971 con-

1029 1994 1135 2022 litetur.

1066 2042 1148 2069 VEns.
1170 2040 1326 2073 £5.Audite,
1340 2040 1426 2067 omnis
1434 2038 1519 2070 Iuda,
1532 2042 1558 2066 et
1571 2037 1733 2065 habitatores
1743 2035 1826 2063 leru-

1029 2088 1163 2120 xalem,et
1186 2092 1214 2114 tu
1235 2094 1283 2114 rex
1318 2085 1461 2120 Iosophat.
1482 2084 1599 2112 Honoris
1621 2085 1708 2118 gratia
1734 2089 1824 2117 regem

1030 2141 1157 2162 seorsum
1177 2133 1313 2160 nominat.
1338 2131 1389 2160 Per
1410 2132 1579 2159 habitatores
1612 2137 1679 2158 vero
1696 2127 1825 2163 intelligit

1030 2188 1078 2209 eos
1103 2180 1151 2216 qui
1165 2187 1198 2208 ex
1221 2179 1286 2207 aliis
1310 2179 1442 2207 tribubus
1462 2183 1553 2207 erant.

1066 2267 1148 2297 Vsus.
1167 2268 1213 2296 2L
1235 2266 1382 2295 Collocavit
1405 2267 1572 2302 psalmistas.
1606 2264 1720 2298 Levitis,
1740 2271 1774 2291 ac
1790 2263 1825 2292 iis

994 2311 1019 2340 D
1032 2313 1079 2348 qui
1094 2314 1249 2346 laudarent,
1264 2321 1322 2341 non
1338 2314 1468 2346 armatis,
1496 2313 1604 2349 primos
1628 2312 1740 2340 ordines
1755 2317 1824 2338 con-

1031 2359 1115 2387 cedit.

1066 2404 1151 2432 Vsns.
1173 2404 1217 2432 56.
1240 2404 1272 2432 In
1288 2405 1387 2432 (ἱειὶοη
1407 2404 1505 2432 Gabar.
1529 2403 1733 2440 ContingitIad
1750 2410 1825 2431 mare

1030 2451 1169 2484 indicum,
1186 2456 1214 2479 et
1231 2456 1350 2478 vocatur
1364 2451 1506 2478 Bcronice.

1065 2497 1150 2525 Vsus.
1171 2498 1216 2526 57.
1239 2498 1279 2524 Eo
1291 2497 1361 2533 quod
1382 2498 1538 2525 societatem
1554 2497 1640 2524 iniisti
1653 2504 1714 2523 cum
1739 2495 1825 2524 Ocho-

1030 2544 1082 2572 εἰει.
1097 2543 1136 2571 En
1151 2551 1216 2571 vero
1232 2543 1363 2578 improba:
1393 2543 1467 2571 illius
1500 2543 1646 2570 afﬁnitatis
1682 2548 1823 2570 eventura.

1031 2591 1120 2617 loram
1136 2589 1210 2618 enim
1238 2589 1322 2625 hujus
1342 2589 1426 2621 ﬁlius.
1443 2589 1533 2618 soceri
1558 2590 1600 2616 sui
1619 2589 1713 2616 Achab
1727 2589 1825 2623 impie-

1032 2640 1116 2663 tatem
1131 2640 1173 2664 est
1188 2639 1322 2666 sectatus.
1344 2639 1372 2663 et
1391 2635 1491 2662 fratres
1509 2643 1576 2663 suos
1595 2635 1704 2663 necavit
1715 2635 1825 2670 aliaque

1032 2681 1193 2718 bujusmodi
1212 2681 1334 2712 admisit.
1353 2685 1382 2708 ut
1402 2681 1481 2709 testis
1491 2685 1534 2709 est
1548 2681 1703 2716 Scriptura.

1341 2727 1420 2755 CAP.
1442 2726 1512 2755 XXI.

1069 2774 1152 2803 Vens.
1173 2774 1200 2801 7.
1220 2773 1334 2809 Propter
1359 2772 1456 2808 fndus,
1473 2772 1542 2807 quod
1563 2771 1661 2799 inierat
1689 2779 1748 2798 cum
1768 2770 1825 2797 Da-

1034 2821 1103 2850 vide.
1125 2821 1281 2857 Tantopere
1295 2819 1528 2853 conducitpictas
1553 2817 1699 2853 majorum.

829 2867 946 2896 VARUS
957 2867 1160 2896 LECTIONES.

227 2923 246 2938 ω
257 2917 387 2952 Ἔστησε
398 2915 588 2952 ψαλτῳδούς.
597 2913 749 2944 Confundit
759 2913 803 2943 hic
815 2913 941 2950 Procopii
958 2915 1041 2943 verba
1050 2922 1112 2942 cum
1128 2918 1204 2943 textu
1221 2913 1306 2943 codex
1322 2911 1458 2941 Lavateri.
1470 2911 1570 2940 Noster
1582 2913 1657 2938 recte
1666 2908 1820 2946 distinguit-
