2079 3161
187 163 254 196 1217

662 161 931 193 COMMENTARII
952 161 994 191 IN
1026 160 1100 191 LIB.
1123 160 1155 190 II
1179 160 1355 192 PARALIP.

1755 160 1822 193 1218

221 220 274 248 Kal
292 219 494 247 artsMé’orto
517 218 618 246 αὐτῶν
641 220 668 246 al
691 218 818 253 ἀδελφοὶ
839 217 941 245 αὐτῶν
950 219 973 244 ol

1066 215 1151 244 Vsus.
1166 215 1211 242 54.
1231 217 1264 242 At
1281 216 1381 250 fratres
1398 223 1490 243 eorum
1501 215 1601 244 Levita:
1616 225 1688 252 opem
1704 217 1822 244 tulerunt

185 266 316 294 Λευῖται.
326 265 425 299 Ὀλίγοι
438 262 509 300 ἦσαν
519 264 575 291 τῶν
585 264 681 300 ιερέων
694 265 783 299 ἁγνοὶ,
792 265 840 291 καὶ
849 263 899 291 οὐκ
914 263 977 290 ἀντ-

184 313 258 348 εῖχον
276 311 345 347 πρὸς
362 312 412 347 τὴν
424 310 565 347 ἱερατικὴν
572 309 757 345 λειτουργίαν.
771 310 852 336 Ὅθεν
862 309 887 336 οἱ
897 307 974 336 Λευῗ-

184 367 230 385 ται
245 356 483 394 (προηγνίσθησαν
503 355 571 392 γὰρ)
597 355 776 382 ἅντελάὄοντο
802 355 856 382 τῶν
884 353 976 390 ἱερῶν.

184 403 271 431 Τοῦτο
281 403 310 430 δὲ
321 403 369 430 καὶ
383 402 442 436 νῦν,
458 402 536 436 φασὶ,
551 402 712 437 γιγνόμενον
725 401 800 428 ἐστιν
815 401 890 428 ἰδεῖν.
904 402 977 438 Πρε-

186 450 318 485 σὸυτέρου
331 449 385 484 γὰρ
398 449 428 475 οὺ
440 448 587 484 παρόντος,
603 448 651 474 καὶ
670 447 721 482 τῆς
736 447 832 484 χρείας
848 456 977 474 κατεπει-

183 494 297 530 γούσης,
320 494 507 528 ἀναγκάζεται
533 493 579 519 καὶ
601 492 726 525 διάκονος
745 492 913 528 προσφέρειν
936 492 977 528 τῷ

183 539 305 575 δεομένῳ
325 539 356 565 τὸ
371 538 527 574 βάπτισμα.

221 596 277 624 Καὶ
288 594 390 632 προῖὼν
399 595 427 623 δὲ
440 595 523 629 λέξει,
535 595 605 629 πῶς,
617 595 716 622 πολλοῦ
723 595 895 627 συνελθόντος
904 595 976 630 πλή-

185 643 258 674 οους,
274 642 348 669 θύειν
363 641 577 677 ἡναγκάσθησαν
596 642 620 668 οί
638 641 761 674 Λευῖται,
780 640 913 677 μηδαμῶς
927 642 976 676 ἁρ-

185 687 306 714 κούντων
325 686 380 713 τῶν
397 686 503 721 ἱερέων.
529 685 578 713 Διὰ
602 686 631 713 δὲ
651 686 682 712 τὸ
695 685 825 721 ἐξαπίνης
842 685 975 722 κληθῆναι

183 734 248 764 τοὺς
265 733 294 766 ἐξ
318 732 437 769 Ἰσραὴλ,
452 733 477 758 οἱ
495 731 606 764 πλείους
622 732 677 759 τῶν
691 731 883 764 συνελθόντων,
899 732 976 766 ἁγνι-

184 779 281 814 σθῆναι
299 778 338 814 μὴ
352 778 524 813 φθάσαντες,
540 778 642 814 ἔφαγον
665 778 697 811 τὸ
719 779 827 814 πάσχα,
842 779 890 805 καὶ
908 786 975 812 συγ-

182 824 296 860 γνώμης
306 825 412 860 ἕτυχον.
426 825 471 852 διὰ
479 825 529 862 τὴν
542 825 589 852 τοῦ
602 825 737 861 βασιλέως
749 825 901 859 εὐσέϐειαν,
913 825 976 852 καί·

183 881 237 908 περ
254 872 512 909 παρανομήσαντες.

477 940 604 967 ΚΕΦΔΔ.
621 939 683 967 AB’.

216 1006 298 1033 Μετὰ
315 1006 352 1033 δὲ
364 1006 436 1040 τοὺς
452 1007 566 1041 λόγους
593 1007 718 1039 τούτους
728 1028 736 1040 ,
753 1007 804 1034 καί
826 1006 883 1041 τὴν
899 1007 976 1041 ἀλή-

183 1053 266 1078 θειαν
286 1052 414 1086 ταύτην,
436 1050 512 1087 ἦλθε
533 1054 744 1088 Σενναχερρίμ.
766 1053 894 1080 Διδάσκει
915 1054 974 1088 νῦν,

182 1097 224 1124 ὅτι
236 1098 283 1124 καὶ
294 1098 358 1130 τοὺς
367 1097 505 1130 θεοσεϐεῖς
516 1098 615 1134 ἄνδρας
629 1099 785 1133 δοκιμάζων
802 1101 816 1126 ὁ
827 1100 892 1133 Θεὸς
903 1109 974 1136 συμ-

182 1143 278 1177 φοραῖς
292 1144 454 1178 περιπεσεῖν
464 1145 613 1179 συγχωρεῖ,
626 1144 672 1171 καὶ
684 1144 787 1172 διαλύει
797 1145 832 1173 τὰ
842 1145 972 1182 δυσχερῆο

182 1188 230 1214 καὶ
257 1188 298 1215 ὅτι
312 1189 352 1214 δεῖ
368 1188 428 1224 Θεῷ
453 1188 623 1224 θαρροῦντας
643 1190 681 1226 μὴ
690 1191 825 1226 καθῆσθαι
835 1193 973 1228 διακενῆς,

183 1235 373 1270 συνεισφέρειν
387 1234 416 1261 δὲ
432 1235 481 1262 καὶ
495 1235 529 1262 τὰ
549 1236 615 1271 παρ’
632 1236 748 1264 ἑαυτῶν.
765 1237 872 1273 Ὥσπερ
898 1239 974 1271 Ἐζε-

182 1279 244 1311 κίας
271 1280 342 1315 πρὸς
366 1280 412 1307 τὸν
437 1280 556 1317 πόλεμον
581 1282 776 1318 ηὐτρεπισατο,
791 1284 838 1311 καὶ
863 1285 931 1320 μετὰ
942 1284 974 1312 τὸ

182 1326 272 1352 πάντα
288 1326 412 1361 ποιῆσαι,
428 1327 506 1362 φησὶ,
521 1326 590 1354 Μετ’
600 1328 685 1355 αὐτοῦ
715 1329 860 1365 βραχίονες
875 1331 974 1366 σάρκι-

182 1381 237 1405 νοι,
253 1372 312 1407 μεθ’
328 1373 408 1408 ἡμῶν
421 1373 460 1406 δὲ,
475 1373 578 1409 Κύριος
590 1375 605 1401 ό
618 1374 684 1406 Θεὸς
696 1375 792 1410 ἡμῶν·
806 1376 837 1403 τὸ
866 1376 974 1412 ἄμαχον

180 1418 289 1450 δεικνὺς
313 1418 360 1445 τοῦ
379 1419 459 1452 Θεοῦ,
476 1420 524 1446 καὶ
546 1420 600 1447 τῶν
622 1420 776 1456 ἀνθρώπων
788 1421 819 1449 τὸ
833 1423 933 1460 σαθρόν
942 1433 973 1451 τε

180 1465 229 1490 καὶ
255 1464 434 1500 πρόσκαιρον.
449 1465 576 1501 Νικήσας
591 1467 630 1499 δὲ,
649 1467 697 1493 καὶ
713 1467 843 1502 ὑψωθεὶς,
860 1469 972 1497 ἐταπει-

180 1510 263 1546 νώθη.
296 1511 368 1538 κατά
393 1511 434 1544 τὸ,
458 1512 486 1538 '0
500 1512 576 1548 ὑψῶν
595 1513 707 1546 ἑαυτὸν,
724 1515 972 1552 ταπεινωθήσεται.

1029 261 1096 288 illis.
1115 259 1279 288 Sacerdotes
1296 261 1442 296 pauciores
1458 266 1539 290 erant
1556 263 1720 296 consecrati,
1739 271 1821 298 quam

1030 309 1059 332 ut
1082 304 1238 332 ministerio
1263 306 1430 333 sacerdotali
1453 305 1581 334 sullicere
1604 311 1727 342 possent.
1745 307 1822 335 Unde

1029 351 1131 378 Levita:
1142 372 1151 384 ,
1172 351 1251 386 prius
1270 351 1458 385 sanctiﬁcati,
1474 353 1667 381 sacerdotibus
1681 354 1822 388 suppetias

1028 398 1163 429 tulerunt.
1179 397 1253 432 quod
1268 397 1419 424 etiatnnum
1439 397 1498 425 ﬁeri
1511 397 1645 426 videmus.
1662 398 1730 426 Cum
1747 400 1821 426 enim

1029 443 1176 479 presbyter
1186 451 1240 470 non
1252 447 1354 479 praesto
1363 448 1416 475 est.
1424 451 1456 471 ac
1467 452 1535 472 usus
1545 444 1822 480 postulal,diaconus

1029 490 1201 525 baptismum
1214 490 1412 518 administrare
1425 487 1559 526 cogitur.-

1063 589 1151 617 Porro
1168 598 1233 617 vero
1244 609 1251 620 ,
1270 589 1379 624 inquit,
1406 597 1470 617 cum
1487 589 1619 626 frequens
1639 591 1736 619 concio
1753 599 1822 618 con-

1027 637 1160 668 venisset,
1174 635 1275 663 Levita:
1285 635 1446 663 sacriﬁcare
1458 637 1547 663 coacti
1562 642 1638 670 sunt,
1652 645 1716 664 cum
1730 637 1821 671 inopia

1027 677 1155 710 verorum
1173 681 1369 709 sacriﬁcorum
1387 687 1471 710 esset.
1492 683 1629 716 Quoniam
1647 691 1711 711 vero
1727 683 1821 710 multi-

1027 729 1122 756 tudine
1148 729 1304 756 lsraeliticaa
1327 729 1471 756 concionis
1492 730 1574 756 citius
1593 734 1687 757 essent
1711 730 1820 762 obruti,

1026 780 1109 808 quam
1126 777 1156 800 ut
1177 780 1208 801 se
1230 772 1262 800 ad
1281 779 1359 800 sacra
1385 778 1497 808 possent
1517 774 1664 808 accingere
1679 794 1686 805 .
1715 774 1817 809 pascha

1026 818 1174 847 comedere
1189 826 1244 846 non
1259 823 1324 846 sunt
1348 819 1444 851 veriti,
1469 826 1502 846 ac
1518 819 1611 846 delicti
1638 820 1744 846 veniam
1762 828 1817 848 mer

966 888 969 889 ,
990 891 1011 901 ἢ
1026 868 1153 898 ruerunt,
1171 870 1286 901 propter
1301 864 1375 900 regis
1389 868 1540 900 spectatam
1556 865 1698 901 pietatem.

1318 930 1396 958 CAP.
1415 929 1530 963 XXXII.

1061 993 1145 1023 Vsus.
1165 994 1192 1022 7.
1211 994 1277 1022 Post
1303 995 1352 1022 illa
1369 999 1466 1030 gesta,
1490 1000 1514 1022 et
1538 995 1618 1030 ﬁdem
1633 996 1730 1028 illam,
1750 997 1819 1023 lenit

1027 1039 1222 1068 Smnacherib.
1251 1041 1337 1069 Docet
1349 1049 1426 1069 nunc
1457 1049 1539 1076 quam
1567 1042 1652 1070 variis
1668 1043 1746 1070 malis
1765 1043 1820 1070 cir-

1027 1091 1192 1114 cumventos
1207 1094 1275 1115 suos
1288 1087 1410 1115 eultores
1423 1087 1494 1114 Deus
1511 1087 1620 1122 probct.
1633 1096 1665 1115 ac
1685 1089 1816 1123 probatos

1025 1132 1135 1160 demum
1161 1137 1289 1166 asserat;
1315 1133 1381 1161 ilem
1419 1133 1558 1168 quomodo
1583 1134 1713 1162 omnibus
1737 1135 1819 1163 rehus

1026 1177 1194 1212 posthabitis
1206 1197 1214 1210 ,
1242 1177 1344 1204 Iiducia
1361 1177 1449 1205 solida
1464 1177 1491 1204 in
1510 1176 1565 1204 Deo
1581 1178 1758 1211 collocanda,
1784 1185 1818 1205 ac

1025 1222 1135 1250 interim
1152 1227 1242 1250 tamen
1259 1230 1355 1250 omnes
1370 1227 1488 1250 conatus
1522 1227 1603 1258 atque
1617 1224 1689 1251 vircs
1704 1224 1819 1251 all‘eren—

1024 1267 1076 1296 dte.
1099 1267 1336 1301 Quemadmodum
1361 1268 1495 1297 Ezechias
1520 1269 1621 1296 bellum
1649 1269 1792 1297 adornavit
1809 1291 1817 1303 ,

1024 1314 1166 1350 rebusque
1180 1315 1311 1342 omnibus
1333 1315 1384 1342 rite
1398 1315 1492 1348 obitis,
1516 1315 1622 1350 inquit,
1641 1316 1747 1343 Carnea
1765 1317 1818 1344 illis

1024 1363 1128 1391 adsunt
1145 1364 1270 1395 brachia,
1289 1365 1368 1393 nobis
1383 1372 1449 1392 vero
1465 1365 1599 1394 Dominus
1614 1366 1687 1394 Deus
1711 1372 1816 1395 noster.

1024 1409 1133 1442 Quibus
1151 1410 1243 1438 verbis
1265 1410 1370 1438 indicat
1384 1431 1392 1444 ,
1422 1412 1496 1447 quod
1523 1411 1571 1440 Dei
1596 1413 1671 1441 vires
1693 1413 1819 1442 infracta;

1024 1455 1091 1488 sint,
1117 1455 1260 1483 hominum
1296 1464 1362 1484 vero
1383 1456 1464 1485 (Iuste
1495 1465 1527 1485 ac
1554 1458 1707 1487 instabiles.
1732 1458 1819 1487 Porro

1024 1508 1086 1528 cum
1104 1509 1137 1528 ex
1161 1501 1277 1529 victoria
1299 1502 1454 1536 cﬁcrretur,
1479 1503 1641 1532 humiliatus
1656 1509 1718 1537 est.
1737 1505 1818 1540 juxta

182 1557 286 1592 Ὅμως,
307 1557 352 1585 διὰ
378 1559 429 1592 τὴν
448 1547 607 1591 εὐσέϐειαν,
624 1560 763 1596 αὐτόπτης
790 1561 841 1588 οὐκ
864 1547 973 1596 ἐγένετο

1027 1547 1104 1579 Illud,
1116 1547 1167 1580 Qui
1181 1556 1242 1575 sese
1256 1548 1345 1581 cIIert,
1362 1549 1566 1577 Itumiliabitur.
1581 1549 1747 1586 Quanquam
1773 1552 1818 1579 in-

179 1602 235 1629 τῶν
249 1602 391 1638 λυπηρῶν,
407 1602 574 1639 τελευτήσας
596 1603 664 1639 πρὶν
685 1605 749 1636 τοὺς
766 1605 912 1640 πολεμίους
931 1606 975 1633 ἑλ-

181 1648 248 1676 οιτν.
258 1648 383 1676 Διδάσκει
393 1648 422 1675 δὲ
438 1650 455 1684 ἡ
485 1649 594 1685 Γραφὴ,
609 1649 648 1681 ὡς
672 1649 718 1676 διὰ
730 1650 776 1676 τὸν
790 1651 974 1686 ὰναποδισμὺν

183 1694 231 1721 τοῦ
243 1694 320 1729 ἡλίου
345 1694 492 1722 ἀπέστειλε
520 1695 588 1730 πρὸς
603 1695 684 1722 αὐτὸν
697 1695 752 1723 τῶν
764 1696 943 1724 Βαὸυλωνίων
959 1698 974 1724 ὁ

181 1739 320 1773 βασιλεὺς,
334 1738 382 1766 τοῦ
401 1739 535 1768 πυθέσθαι
555 1741 622 1776 παρ’
636 1741 719 1768 αὐτοῦ
730 1742 760 1768 τὸ
774 1741 867 1778 τέρας,
882 1741 897 1768 ὃ
910 1743 973 1777 ἐγέ-

181 1793 242 1811 νετο
260 1785 309 1812 ἐπὶ
322 1786 373 1821 τῆς
387 1786 451 1822 γῆς.

222 1886 314 1920 Ὶηών.
332 1887 384 1915 Τὸν
399 1887 502 1923 Σιλοὰμ
518 1887 591 1916 οὕτω
609 1890 696 1918 καλεῖ.

215 1943 270 1970 Καὶ
300 1943 497 1979 ἐγκατέλιπεν
517 1946 612 1974 αὐτὸν
627 1948 643 1974 ὁ
664 1948 772 1982 Κύριος
799 1949 853 1978 τοῦ
870 1951 972 1986 πειρά-

180 1995 233 2014 σιιι
259 1990 363 2017 αὐτόν.
391 1990 473 2025 Δηλοῖ
487 1991 501 2017 ὁ
516 1990 606 2025 λόγος,
624 1992 665 2019 ὃτι
692 1993 806 2028 ἄμεινον
832 1995 862 2022 ἐν
875 1996 971 2032 Κυρίῳ

180 2033 346 2068 καυχᾶσθαι.
361 2035 427 2062 Δέον
438 2036 493 2072 γὰρ
507 2037 589 2063 αὑτὸν
604 2038 668 2073 περὶ
682 2038 732 2074 τῆς
742 2039 818 2071 θείας
829 2040 970 2077 δυνάμεως

179 2079 381 2115 διηγήσασθαι,
397 2082 443 2109 τὸν
455 2083 572 2110 πλοῦτον
602 2085 774 2113 ὑποδεικνύει
806 2088 853 2114 τὸν
883 2089 970 2124 πρόσ-

180 2133 286 2159 καιρον.
299 2125 335 2152 Τὸ
346 2125 386 2157 δὲ.
415 2127 560 2161 Πειράσαι
587 2129 682 2156 αὑτὸν
700 2130 811 2159 εἰδέναι
829 2135 866 2160 τὰ
881 2133 916 2160 ἐν
932 2133 970 2169 τῇ

179 2170 285 2204 καρδίᾳ
310 2171 415 2205 αὐτοῦ,
432 2173 492 2199 ἀντὶ
507 2173 566 2204 τοῦ.
591 2174 722 2211 Ἠθὲλησε
738 2177 883 2213 γυμνῶσαι
905 2181 969 2212 τοὺς

1029 1593 1109 1621 terim
1123 1594 1267 1628 praemium
1281 1603 1338 1623 sua:
1352 1595 1462 1631 pictatis
1480 1597 1547 1624 illud
1561 1597 1633 1630 tulit,
1649 1602 1678 1625 ut
1693 1598 1819 1626 miseria-
1854 1603 1858 1605 '

1036 1647 1096 1667 rum
1120 1647 1183 1675 quae
1207 1646 1363 1669 consecutae
1388 1646 1476 1675 sunt,
1496 1649 1557 1670 'non
1584 1644 1665 1670 fuerit
1689 1645 1817 1672 oculatus

1025 1685 1196 1719 speculator;
1224 1694 1318 1713 verum
1346 1691 1435 1715 morte
1461 1689 1662 1723 grassationem
1697 1690 1816 1718 hostimn

1024 1732 1216 1759 anteverterit.
1233 1731 1340 1759 Iudicat
1352 1740 1416 1760 vero
1430 1732 1586 1769 Scriptura,
1600 1735 1674 1770 quod
1690 1736 1816 1772 diligenti

981 1798 983 1802 ι
1023 1777 1091 1805 solis
1104 1778 1293 1812 recognitione
1302 1779 1409 1814 habita,
1422 1787 1468 1808 rex
1481 1780 1696 1816 Babyloniorum
1712 1783 1818 1818 legatos

1023 1823 1059 1851 ad
1075 1831 1138 1851 eum
1157 1824 1278 1857 miserit,
1295 1832 1327 1852 ac
1343 1825 1378 1853 de
1394 1830 1524 1862 portento
1537 1827 1612 1856 edilo
1634 1830 1816 1858 consuluerit.

1059 1880 1156 1909 Gihon.
1178 1881 1225 1910 Sic
1239 1888 1318 1910 vocat
1334 1882 1449 1912 Siloam.

1055 1935 1139 1965 Vsus.
1153 1937 1198 1965 51.
1218 1938 1368 1974 Dereliquit
1382 1949 1443 1968 eum
1463 1941 1534 1969 Deus
1545 1963 1552 1976 ,
1569 1948 1599 1970 ut
1617 1949 1730 1972 tentaret
1744 1953 1815 1973 eum.

1023 1981 1162 2011 Docemur
1175 1984 1228 2012 hoc
1240 1986 1379 2022 exemplo,
1399 1987 1569 2016 tutissimum
1582 1998 1642 2018 csse
1657 1991 1684 2018 in
1702 1991 1817 2021 Domino

1022 2029 1148 2065 gloriari.
1173 2030 1292 2059 Decebat
1313 2032 1386 2060 enim
1405 2033 1495 2069 ipsum
1509 2055 1517 2067 ,
1539 2035 1640 2063 divinat
1665 2037 1817 2072 majestatis

1023 2075 1140 2111 gloriam
1155 2077 1256 2111 potius,
1271 2086 1354 2113 quam
1370 2087 1438 2115 opes
1449 2079 1537 2108 ﬂuxas
1564 2087 1591 2109 et
1606 2082 1726 2110 incertas
1741 2091 1817 2111 com-

1022 2121 1271 2158 Inemorare.552
1301 2122 1455 2160 Notumque
1481 2126 1556 2161 ﬁeret
1590 2127 1718 2162 quidquid
1749 2133 1816 2156 esset

1020 2167 1048 2194 in
1067 2167 1242 2202 cordeipsius.
1271 2169 1328 2197 Iloc
1342 2175 1398 2202 est,
1416 2171 1479 2199 aliis
1500 2173 1623 2200 revelare
1650 2175 1734 2201 voluit
1768 2183 1816 2201 cn-

178 2215 328 2251 λογισμοὺς
341 2217 425 2244 αὐτοῦ
441 2219 499 2250 τοῖς
515 2219 617 2252 ἄλλοις.
652 2221 739 2254 Αὐτὸς
761 2223 816 2259 γὰρ
839 2225 969 2259 γινώσκει

1024 2213 1167 2248 gitationes
1183 2214 1281 2249 ipsius.
1297 2215 1363 2251 {Ipse
1381 2217 1453 2244 enim
1477 2219 1553 2246 solus
1574 2219 1657 2247 corda
1675 2220 1815 2248 hominum

178 2259 227 2291 τὰς
244 2261 359 2296 καρδίας
374 2261 428 2289 τῶν
447 2262 600 2299 ἀνθρώπων
613 2265 778 2300 μονώτατος.

479 2331 605 2359 ΚΕΦΔΛ.
627 2332 690 2360 AI".

215 2386 271 2414 Kal
284 2386 361 2422 ἔγνω
379 2388 563 2422 Μανασσῆς,
582 2389 627 2416 ὅτι
644 2390 753 2423 Κύριος
778 2391 870 2425 αὐτός
883 2392 970 2420 ἐστιν

178 2434 195 2459 ὁ
214 2433 297 2467 Θεός.
326 2433 420 2467 Οὕτως
441 2435 459 2470 η
486 2435 596 2463 παιδεία
620 2436 685 2468 τοὺς
711 2436 893 2473 βουλομένους
914 2439 970 2466 ὀνί-

178 2486 267 2514 νησιν.

214 2623 300 2656 Πλὴν
319 2624 364 2650 ἔτι
379 2625 482 2658 ἀλαὸς
494 2625 544 2653 ἐπὶ
563 2625 623 2653 τῶν
644 2628 775 2662 ὑψηλῶν
797 2629 966 2661 ἐθυσίιιζεν.

178 2668 240 2695 Ὅτι
255 2671 319 2705 περὶ
332 2670 386 2697 τῶν
400 2670 519 2698 θυόντων
534 2673 564 2698 ἐν
579 2673 692 2708 ὑψηλοῖς
705 2674 745 2710 τῷ
758 2676 853 2712 Κυρίῳ
872 2679 965 2713 φησὶν,

179 2714 268 2749 δῆλον.
289 2716 428 2751 Ἑπήγαγε
443 2718 507 2753 γὰρ,
525 2718 601 2754 Πλὴν
625 2719 666 2751 είς
693 2721 772 2747 κενὸν
787 2722 827 2758 τῷ
841 2722 900 2759 Θεῷ
918 2725 966 2750 αὒ-

178 2768 232 2786 των
235 2779 242 2787 ι

472 2819 602 2848 ΚΕΦΑΛ.
619 2821 679 2848 ΔΔ’.

184 2873 233 2900 Ἐν
247 2875 387 2904 Μοσανά.
399 2876 560 2913 Σύμμαχος,
575 2878 611 2906 ἐν
630 2879 668 2915 τῇ
686 2879 874 2916 δευτερὼσει.

1021 2260 1225 2295 cognitahabet.

1310 2326 1387 2356 CAP.
1409 2328 1530 2358 XXXIII.

1058 2380 1145 2410 Vsus.
1161 2380 1206 2410 I5.
1229 2383 1296 2410 Tum
1308 2385 1428 2419 cognovit
1442 2385 1592 2419 Manassae,
1603 2387 1673 2422 quod
1685 2387 1815 2416 Dominus

1021 2434 1090 2456 esset
1111 2429 1191 2457 Deus.
1217 2429 1284 2457 Tam
1301 2432 1435 2467 frugifera
1449 2436 1492 2460 est
1507 2433 1664 2469 disciplina,
1690 2442 1752 2462 sese
1774 2435 1814 2463 illi

1023 2475 1318 2511 accommodantibus;
1340 2478 1467 2514 nihilque
1480 2479 1548 2506 adeo
1565 2479 1651 2507 ferunt
1667 2485 1725 2513 est,
1739 2482 1814 2516 quod

1022 2528 1078 2548 non
1095 2521 1241 2549 mitescere
1265 2523 1368 2557 possit,
1394 2524 1418 2552 si
1434 2525 1516 2552 modo
1538 2525 1647 2553 cultura
1663 2527 1813 2561 paticntem

1019 2567 1175 2595 commodet
1190 2576 1296 2596 aurem.

1057 2625 1140 2655 Vens.
1155 2628 1199 2654 Π.
1223 2627 1410 2656 Verumtamen
1423 2629 1535 2665 populus
1553 2631 1640 2659 adhuc
1654 2633 1681 2660 in
1701 2634 1814 2662 excelsis

1019 2673 1156 2702 adolebat.
1171 2674 1229 2702 Deo
1244 2675 1399 2703 adolevisse
1410 2696 1418 2708 ,
1433 2684 1554 2712 sequens
1577 2678 1682 2707 indicat
1702 2682 1792 2708 oratio
1805 2690 1812 2709 :

1020 2719 1136 2748 Frustra
1154 2725 1247 2748 tamen
1265 2720 1383 2749 Domino
1397 2721 1454 2750 Deo
1468 2730 1529 2751 suo.

1310 2833 1387 2862 CAP.
1409 2833 1530 2862 XXXIV.

1055 2887 1087 2916 In
1102 2887 1230 2919 Mosana.
1247 2889 1449 2926 Symmachus,
1465 2892 1492 2919 in
1510 2892 1655 2921 traditione
1668 2893 1800 2928 majorum
