2079 3161
262 161 328 193 1219
911 161 1083 221 PROCOlzll

1079 162 1090 192 Ι
1130 161 1255 192 GAZrEI
1833 157 1900 190 12Ξο

550 216 760 244 car.xxxv.
1044 215 1090 257 ἠ

1044 215 1090 257 ἠ
1412 215 1613 244 ΚΕΦΛΛ.ΛΕΩ

294 261 329 290 Ut
345 268 469 298 ponerent
491 271 584 290 arcam
602 269 723 290 sanctam
741 264 768 290 in
789 263 871 291 Domo
889 264 947 292 Dei.
969 264 1053 291 Nimi-

1143 265 1199 292 Τοῦ
1216 263 1323 292 δοῦναι
1343 262 1400 297 τὴν
1419 262 1546 290 κιϐωτὸν
1558 261 1616 296 τὴν
1624 261 1715 295 ἁγίαν·
1725 260 1761 286 ὲν
1779 259 1819 294 τῷ
1830 260 1902 292 οικφ

257 317 318 337 rum
338 308 444 345 jamdiu
478 309 669 340 exsulavcrat.
697 309 740 336 vel
764 310 798 337 ab
823 310 937 345 Assyrio
973 315 1053 345 capta

1107 311 1232 345 Κυρίου.
1267 310 1322 337 Καὶ
1347 309 1400 345 μὴν
1430 310 1462 336 ὲκ
1480 307 1606 339 πλείονος
1623 307 1681 333 ἐκεῖ
1703 307 1899 342 προαπέκειτο.

258 357 327 384 urbe
354 356 407 384 sub
423 356 551 384 Manasse
574 361 710 390 extracta,
730 358 770 385 vel
794 358 828 385 ab
852 358 936 393 lmpio
960 358 1055 393 aliquo

1107 358 1217 384 Ἔοικεν
1229 355 1277 384 οὖν
1293 357 1310 393 ἢ
1325 358 1339 383 ὁ
1357 355 1512 390 Ἀσσύριος,
1536 354 1586 390 τὴν
1601 354 1679 380 πόλιν
1692 353 1764 380 ἐλὼν
1778 354 1826 380 ἐπὶ
1841 353 1897 380 Μα-

259 411 334 437 rege.
720 410 725 414 ‘
1106 403 1205 438 νασσῆ,
1220 403 1268 438 τὴν
1298 402 1415 430 meum
1442 399 1589 434 ἐξαγαγεῖν
1615 399 1733 432 ἔνδοθεν,
1748 400 1766 435 ἦ
1785 408 1828 431 τις
1846 398 1902 425 τῶν

1105 450 1246 477 δυσσεσῶν
1267 449 1411 484 βασιλέων.

295 492 438 520 Clteresim.
460 493 596 526 Quoniam
611 501 673 520 eum
698 493 883 529 ventriloquis
898 494 995 522 sciolis
1023 501 1055 521 ac

1142 496 1282 530 Χερεσίμ.
1298 494 1375 526 Εἶδος
1390 494 1477 521 ἔοικεν
1501 490 1572 518 εἶναι
1595 491 1737 526 μαντείας.
1762 491 1901 527 Συνῆπται

260 538 425 573 'l‘liernphim
440 539 622 571 coniunctum
643 544 709 572 stat,
728 548 815 576 genus
831 539 968 574 quoddam
985 540 1055 567 (11νί-

1106 542 1161 577 γὰρ
1174 543 1229 573 τοῖς
1242 539 1488 575 ἑγγαστριμύθοις,
1501 538 1548 564 καὶ
1557 537 1614 568 τοῖς
1625 537 1772 571 γνώςταις,
1785 538 1832 563 καὶ
1846 538 1900 569 τοῖς

261 585 383 611 nationis
401 594 463 612 csso
477 586 546 612 viJel
553 594 597 613 ur.

436 594 463 611 se
477 586 597 613 viJelur.
1107 588 1253 624 Θεραφεὶν.

296 629 379 658 Vsus.
403 631 438 658 ‘25
464 630 619 666 Composuit
657 637 745 659 autem
775 631 909 659 Ieremia;
947 633 1056 668 lugubre

1143 635 1199 662 Kal
1211 634 1382 669 ἐθρήνησεν
1399 633 1541 668 Ἱερεμίας
1561 633 1609 660 ἐπὶ
1631 631 1758 659 Ἰωσίαν.
1775 629 1899 664 Τοσαύτη

260 686 366 704 carmen
384 677 416 704 de
431 677 520 705 Josia.
542 678 630 705 Tanta
645 686 709 706 vero
727 679 849 706 hominis
872 678 960 706 virttis
975 683 1035 705 erat
1047 699 1055 710 ,

1107 678 1141 716 ἦν
1155 681 1172 715 ὴ
1183 680 1230 707 τοῦ
1248 680 1344 716 ἀνδρὸς
1359 681 1455 716 ἁρετὴ,
1471 681 1513 707 ὅτι
1525 680 1571 706 καὶ
1588 680 1633 706 τδν
1646 678 1744 714 θρῆνον
1752 679 1810 709 τοῖς
1821 677 1901 712 ᾠδοῖς

261 728 291 751 ut
306 724 469 752 cantoribus
501 729 528 752 et
549 725 750 752 cantatricibns
773 725 942 752 lamentandi
967 725 1056 760 ipsum

1107 727 1217 759 δέδωκε,
1234 727 1282 753 καὶ
1304 728 1365 758 ταῖς
1384 726 1524 762 ᾀδούσαις,
1543 726 1614 753 ὥστε
1630 725 1726 752 τοῦτον
1749 724 1823 760 ᾄδειν
1840 723 1899 750 καθ’

261 778 378 805 persona
391 771 428 798 sit
448 771 590 805 imposita,
611 779 643 798 ac
659 771 780 806 singulis
796 771 878 798 anuis
895 771 980 806 ipsius
999 779 1057 798 me-

1107 773 1224 799 ἕκαστον
1241 772 1384 804 ἐνιαυτὸν,
1403 772 1597 804 ἐπιτελοῦντας
1612 772 1662 807 τὴν
1682 772 1803 806 μνήμην.
1819 770 1860 796 Τὰ
1873 770 1900 795 δὲ

262 816 349 843 moria
363 816 399 843 sit
410 815 561 844 celebrata.
580 817 667 844 Porro
682 817 852 851 reliquorum
871 825 965 851 regum
979 821 1056 852 gesta

1109 819 1180 846 κατὰ
1204 819 1268 850 τοὺς
1285 819 1397 850 λοιποὺς
1418 818 1547 853 βασιλέας
1563 820 1577 845 ὁ
1600 819 1743 854 προφήτης
1766 816 1901 852 Ἱερεμίας

261 861 396 890 Jeremias
415 863 548 897 propheta
569 863 697 897 pluribus
715 862 866 890 recensuit.
892 862 971 890 llanc
991 871 1056 890 vero

1109 865 1153 892 διὰ
1164 865 1296 892 πλειόνων
1314 864 1445 897 ἐδίδαξεν.
1463 865 1524 892 Ὀτι
1535 864 1563 891 δὲ
1578 865 1596 900 ἡ
1612 863 1739 899 παροῦσα
1755 861 1901 897 συγγραφὴ

263 911 423 942 ργᾶιεεηιοιη
441 907 608 940 historiam,
635 907 726 943 longis
747 912 812 942 post
832 908 1007 942 temporibus
1021 916 1054 935 ex
1073 900 1084 927 ί

1080 900 1093 927 Β
1109 911 1180 947 μετὰ
1208 911 1335 938 πλεῖστον
1362 912 1458 946 χρόνον
1477 911 1509 938 ἐκ
1530 911 1586 937 τῶν
1608 909 1786 946 προφητικῶν
1803 908 1901 944 βίϐλων

263 955 431 990 propheticis
456 956 569 991 scriptis
595 963 657 984 esse
679 955 844 987 collectam,
872 955 937 982 hinc
961 959 1056 991 patet,

1111 957 1290 989 συνείλεκται,
1304 957 1384 993 δῆλον
1400 957 1430 990 ἐξ
1439 955 1477 984 ὧν
1499 958 1639 993 μέμνηται
1664 957 1766 992 Κύρου,
1793 956 1838 983 καὶ
1853 955 1903 988 τῆς

262 1001 337 1037 quod
352 1001 427 1038 Cyri,
442 1007 469 1029 et
483 1003 590 1031 reditus
604 1002 790 1037 captivorum,
809 1002 856 1037 qui
879 1001 968 1037 longis
982 1006 1056 1030 retro

1109 1004 1242 1031 ἐπανόδου
1266 1004 1320 1031 τῶν
1339 1004 1534 1040 αἰχμαλώτων,
1550 1005 1619 1040 μετὰ
1642 1003 1736 1040 χρόνον
1752 1002 1903 1037 γεγενημέ-

263 1050 371 1077 saeculis
387 1049 507 1082 fuerunt,
525 1050 692 1077 mentionem
709 1048 787 1076 facit.
1109 1058 1173 1077 νων.

936 1243 1228 1289 MONlTUM

633 1348 670 1378 ΙΝ
690 1346 992 1379 COMMENTARIOS
1007 1346 1057 1376 AD
1076 1345 1296 1377 PROVERBIA
1315 1345 1363 1376 ET
1375 1345 1548 1376 CANTICA.

809 1421 890 1457 (Aug.
903 1420 981 1452 MAL,
996 1419 1086 1448 Class.
1111 1420 1191 1447 Auct.
1218 1424 1239 1447 t.
1254 1418 1300 1452 lx,
1315 1420 1355 1452 ν.)

300 1588 431 1624 Procopii
446 1588 536 1617 Gazaei
558 1587 692 1621 rhetoris,
704 1588 864 1616 Justiniauo
883 1588 1038 1623 imperante
1054 1587 1133 1620 clari,
1151 1587 1240 1623 stylus
1259 1587 1385 1622 elegans.
1402 1585 1562 1614 Christiana
1588 1586 1687 1621 pietas,
1709 1586 1750 1614 vis
1766 1585 1905 1621 exegelica

266 1646 321 1667 non
337 1638 472 1674 vulgaris.
489 1637 531 1665 sic
543 1645 586 1665 me
602 1636 710 1672 jamdiu
728 1636 918 1669 delectarunt,
935 1640 965 1663 ut
985 1635 1121 1671 quidquid
1140 1635 1174 1662 ab
1188 1642 1222 1663 eo
1238 1635 1374 1670 scriptum
1395 1634 1423 1662 in
1445 1635 1651 1669 exemplaribus
1677 1635 1779 1670 priscis
1804 1640 1906 1663 nactus

266 1691 340 1717 sum,
353 1683 380 1711 id
393 1683 590 1719 dignissimum
613 1683 721 1710 honore
737 1688 866 1718 typorum
887 1689 998 1717 semper
1011 1681 1210 1716 judicaverim.
1229 1680 1325 1716 Itaque
1343 1686 1443 1716 praeter
1464 1688 1495 1708 ea
1526 1688 1586 1714 qua:
1613 1681 1641 1707 in
1658 1681 1847 1716 superioribus
1864 1685 1909 1709 to-

266 1732 320 1760 nis
335 1731 422 1765 edidi,
438 1740 513 1759 nunc
525 1733 589 1766 ejus
607 1731 828 1766 pulcherrimum
843 1734 872 1758 et
887 1729 1162 1766 Χριστιανικώτατον
1181 1729 1215 1757 ad
1230 1729 1390 1758 Salomonis
1403 1729 1555 1758 Pr0verbia
1573 1730 1804 1758 commentarium
1817 1731 1908 1758 divul-

266 1788 332 1817 gare
346 1788 401 1808 non
415 1780 553 1813 dubitavi,
566 1787 648 1815 quem
661 1780 690 1807 in
705 1779 803 1807 codice
819 1778 953 1806 Vaticano
969 1782 1087 1806 servatui

1086 1786 1121 1810 ιη,
1138 1783 1166 1806 et
1187 1786 1272 1806 utanu
1288 1777 1408 1805 Matthaai
1425 1778 1535 1806 Devarii
1559 1777 1648 1806 (ἓνκαὶ
1673 1778 1906 1813 Ιιοςηίιιίεζεηιεη-

266 1828 375 1859 datum,
393 1827 497 1855 vidisse
511 1835 553 1854 me
574 1831 649 1854 recte
666 1826 861 1859 memineram,
875 1831 902 1854 et
914 1825 980 1853 huic
995 1825 1157 1853 collectioni
1177 1826 1381 1860 locupletaudae
1396 1825 1570 1853 addixeram.
1588 1825 1790 1860 lnterpretaudi
1808 1833 1906 1861 genus.

266 1873 341 1908 quod
360 1872 514 1908 Procopius
529 1873 667 1908 sequitur,
682 1872 788 1900 morale
801 1877 845 1900 est
864 1878 892 1900 et
913 1873 1076 1908 mysticum,
1093 1873 1176 1907 quale
1192 1873 1301 1900 scilicet
1322 1872 1454 1900 Ecclesia:
1472 1872 1569 1900 Patres
1587 1872 1621 1900 ab
1636 1873 1799 1908 apostolicis
1821 1880 1909 1908 usque

268 1921 442 1956 temporibus
453 1928 563 1956 semper
573 1921 741 1949 adamartmt
760 1930 766 1949 :
783 1928 840 1957 quo
854 1928 939 1956 super
954 1921 999 1956 pio
1015 1925 1181 1955 argumento
1199 1921 1332 1955 praclare
1348 1927 1404 1955 pne
1414 1921 1524 1947 caeteris
1539 1919 1692 1956 disputavit
1704 1918 1837 1947 Nicolaus
1850 1921 1909 1946 An-

268 1967 390 1995 tonellus
406 1967 434 1994 in
456 1967 621 2002 pnel'atione
639 1967 674 1995 ad
693 1967 925 1995 commentarium
943 1967 973 1994 S.
990 1968 1135 1995 Athanasii
1155 1968 1182 1994 in
1196 1966 1334 1995 Psalmos.
1350 1966 1458 2002 Rcapse
1476 1967 1520 1994 hic
1538 1971 1580 1994 est
1592 1968 1749 2003 praecipuus
1766 1975 1909 1996 sacrorum

267 2013 421 2041 Bibliorum
439 2014 562 2046 fructus,
579 2022 659 2050 quem
673 2016 732 2041 sola
750 2014 828 2041 rudis
845 2015 1028 2049 grammatica
1044 2022 1186 2050 nunquam
1210 2014 1294 2050 parit.

303 2062 336 2089 Et
358 2063 385 2090 in
403 2063 455 2091 hoc
471 2062 583 2098 quidem
601 2062 635 2090 ad
651 2062 804 2090 Proverbia
824 2063 1040 2095 commentario,
1061 2070 1110 2091 ore
1128 2063 1298 2098 ingenioque
1311 2061 1424 2097 proprio
1443 2061 1598 2096 Procopius
1621 2062 1757 2097 loquitur.
1776 2061 1907 2089 Sedenim

267 2111 296 2136 et
308 2108 394 2137 altera
412 2110 478 2137 mihi
498 2109 621 2137 occurrit
643 2109 671 2137 in
688 2108 836 2137 Vaticanis
853 2109 998 2137 codicibus
1012 2110 1142 2144 Procopii
1161 2109 1287 2144 ejusdem
1311 2109 1425 2137 nomine
1448 2109 1582 2144 inscripta
1605 2109 1777 2141 lucubratio,
1803 2110 1886 2136 scilic-
1899 2105 1910 2127 ι

269 2156 427 2192 priscorum
446 2156 558 2183 Patrum
574 2155 601 2183 in
617 2155 768 2183 Canticum
789 2155 947 2184 Salomonis
968 2155 1083 2188 Catena,
1102 2164 1185 2191 quam
1205 2156 1264 2190 ipse
1289 2159 1397 2183 retento
1417 2155 1591 2190 singulorum
1616 2160 1761 2183 auctorum
1781 2162 1910 2183 sernwue

269 2208 353 2239 atque
367 2203 539 2236 nominibus,
558 2203 685 2238 sapiente
701 2202 811 2230 delectu
828 2203 983 2230 contexuit.
1007 2203 1112 2230 llorum
1129 2203 1181 2231 etsi
1205 2203 1317 2237 aliquos
1334 2203 1361 2230 iu
1377 2203 1499 2236 propriis
1524 2210 1639 2237 operum
1652 2202 1834 2235 editionitius,
1855 2209 1910 2229 non

272 2251 330 2278 sine
344 2251 430 2278 multa
449 2251 597 2283 varietate,
619 2251 753 2287 legimus;
770 2251 818 2279 alii
835 2256 938 2282 tamen,
959 2255 987 2278 et
1003 2251 1115 2286 quidem
1130 2251 1257 2286 prmclari
1273 2255 1300 2278 et
1319 2251 1428 2281 uberes.
1442 2252 1469 2278 in
1486 2251 1631 2285 impressis
1651 2249 1731 2278 libris
1749 2249 1910 2277 desiderau-

271 2290 327 2322 lur.
342 2295 375 2322 Et
395 2295 509 2330 quidem
524 2303 538 2322 a
554 2296 645 2331 magni
660 2296 790 2332 Origenis
807 2296 950 2331 hexaplari
964 2300 1042 2323 textu
1057 2296 1208 2324 varietates
1233 2305 1320 2324 novas
1337 2297 1518 2332 antiquarum
1537 2297 1690 2324 editionum
1710 2296 1910 2324 nanciscimur.

271 2339 344 2376 Ergo
361 2341 428 2368 utile
439 2340 599 2368 existimavi
613 2343 753 2377 pretiosas
768 2342 819 2370 has
832 2341 946 2369 Patrum
959 2342 1092 2382 reliquias
1107 2343 1134 2369 in
1148 2342 1280 2370 Ecclesia:
1292 2348 1447 2378 conspectu
1462 2351 1614 2378 exponere,
1627 2351 1782 2378 gravesque
1795 2347 1823 2370 et
1836 2343 1912 2378 opti-

271 2393 332 2413 mos
351 2385 447 2413 divino
465 2385 580 2413 Cantico
598 2386 765 2421 interpretes
780 2387 920 2414 suscitare
937 2387 1040 2421 :cujus
1058 2388 1170 2422 quidem
1195 2388 1335 2422 genuinus
1351 2393 1378 2416 et
1400 2389 1500 2416 unicus
1512 2397 1614 2417 sensus
1631 2389 1674 2416 his
1697 2388 1822 2424 Gregorii
1837 2389 1910 2424 Nys-

271 2434 330 2462 seni
344 2434 436 2462 verbis
452 2438 527 2461 totus
544 2435 713 2469 exprimitur
734 2444 741 2463 :
760 2435 804 2462 ‘Ev
828 2435 1011 2470 ὲπιθαλαμιου
1035 2435 1092 2471 τρό·

1088 2444 1131 2470 πῳ
1143 2435 1193 2471 τὴν
1209 2436 1278 2471 πρὸς
1291 2436 1322 2462 τὸ
1343 2437 1422 2463 Θεῖον
1438 2437 1590 2472 ἀνάκραςιν
1604 2438 1653 2472 τῆς
1668 2437 1844 2474 ἀνθρωπίνης
1864 2438 1909 2469 ἐξ·

271 2482 380 2516 ηγεῖται
397 2481 498 2517 ψυχῆς·
512 2481 569 2510 Sub
590 2483 760 2516 epithalamii
774 2483 858 2517 specie
870 2482 1084 2517 ronjunctionem
1096 2482 1219 2510 humana:
1236 2484 1336 2511 anima‘
1344 2492 1403 2510 cum
1423 2484 1476 2511 Deo
1492 2491 1586 2512 auctor
1603 2485 1739 2512 describit.
1751 2484 1829 2513 Nilus
1839 2494 1911 2520 (1υο-

272 2536 326 2563 que
344 2529 488 2564 eleganter
512 2536 540 2558 et
564 2538 628 2558 vere
645 2530 804 2558 Salomonis
826 2531 961 2558 Cauticon
989 2531 1176 2558 ornatissima:
1192 2537 1327 2559 matronas
1343 2533 1492 2563 assimilat.
1520 2533 1602 2568 cujus
1629 2534 1741 2568 quidem
1764 2533 1912 2561 muliebris

273 2575 394 2603 mundus
410 2576 601 2612 imprudentes
614 2583 786 2613 spectatores
803 2579 923 2606 fortasse
936 2579 1075 2614 percellit,
1090 2586 1151 2606 mos
1165 2583 1256 2606 tamen
1269 2579 1393 2614 ejusdem
1413 2581 1543 2608 familiari
1558 2581 1761 2609 consuetudine
1771 2582 1911 2617 cognitus.

272 2626 300 2650 et
313 2622 402 2649 latens
418 2623 446 2650 in
468 2624 561 2651 animo
577 2624 723 2659 pudicitia,
739 2625 820 2660 longe
837 2626 918 2652 aliam
936 2626 977 2653 rei
999 2629 1129 2652 naturam
1144 2633 1206 2653 esse
1219 2627 1408 2655 demonstrat.
1427 2627 1478 2655 llic
1492 2633 1535 2657 est
1551 2629 1731 2657 Christianus
1742 2629 1830 2656 divini
1848 2629 1910 2656 libri

273 2676 392 2702 sensus;
410 2678 495 2705 quem
512 2670 673 2700 Judreorum
695 2681 807 2709 quoque
826 2674 965 2708 sapientes
984 2673 1173 2701 indubitanter
1184 2674 1316 2708 fatentur,
1333 2675 1405 2703 duce
1422 2677 1577 2711 praesertim
1587 2678 1913 2712 Eben-Esra.Quivero,

273 2717 428 2753 praesertim
441 2726 473 2745 ex
491 2719 710 2754 recentioribus,
735 2720 817 2748 aliter
837 2720 973 2755 sentiunt,
988 2719 1016 2748 lii
1031 2720 1131 2756 partim
1151 2720 1226 2748 inani
1239 2720 1346 2757 abrepti
1371 2723 1539 2751 curiositate
1557 2730 1704 2760 vagantur,
1723 2725 1824 2760 partim
1845 2732 1913 2753 vexo

273 2764 415 2802 impietate
431 2765 558 2793 subversi
576 2766 603 2794 in
619 2774 741 2803 praeceps
755 2771 853 2796 ruunt.
