  <div class='ocr_page' id='page_1' title='image "/cluster/home/n/w/nwhite01/storage/ocr_20150623/87, pt.1/njp.32101013202641/618.png"; bbox 0 0 2079 3161; ppageno 0'>
   <div class='ocr_carea' id='block_1_1' title="bbox 189 138 254 172">
    <p class='ocr_par' dir='ltr' id='par_1_1' title="bbox 189 138 254 172">
     <span class='ocr_line' id='line_1_1' title="bbox 189 138 254 172; baseline 0.015 -1"><span class='ocrx_word' id='word_1_1' title='bbox 189 138 254 172; x_wconf 76' lang='grc'><strong>1221</strong></span> 
     </span>
    </p>
   </div>
   <div class='ocr_carea' id='block_1_2' title="bbox 506 285 981 344">
    <p class='ocr_par' dir='ltr' id='par_1_2' title="bbox 506 285 981 344">
     <span class='ocr_line' id='line_1_2' title="bbox 506 285 981 344; baseline -0.004 0"><span class='ocrx_word' id='word_1_2' title='bbox 506 285 981 344; x_wconf 88' lang='grc' dir='ltr'><strong>ΠΡΟΚΟΠΙΟΥ</strong></span> 
     </span>
    </p>
   </div>
   <div class='ocr_carea' id='block_1_3' title="bbox 705 141 1283 174">
    <p class='ocr_par' dir='ltr' id='par_1_3' title="bbox 705 141 1283 174">
     <span class='ocr_line' id='line_1_3' title="bbox 705 141 1283 174; baseline 0.003 -2"><span class='ocrx_word' id='word_1_3' title='bbox 705 141 973 172; x_wconf 82' lang='lat' dir='ltr'><strong>COMMENTARII</strong></span> <span class='ocrx_word' id='word_1_4' title='bbox 993 141 1034 172; x_wconf 84' lang='lat' dir='ltr'><strong>IN</strong></span> <span class='ocrx_word' id='word_1_5' title='bbox 1054 142 1283 174; x_wconf 79' lang='lat' dir='ltr'><strong>PROVERBIA.</strong></span> 
     </span>
    </p>
   </div>
   <div class='ocr_carea' id='block_1_4' title="bbox 1751 147 1819 180">
    <p class='ocr_par' dir='ltr' id='par_1_4' title="bbox 1751 147 1819 180">
     <span class='ocr_line' id='line_1_4' title="bbox 1751 147 1819 180; baseline 0.029 -2"><span class='ocrx_word' id='word_1_6' title='bbox 1751 147 1819 180; x_wconf 74' lang='lat'><strong>1‘2‘2‘2</strong></span> 
     </span>
    </p>
   </div>
   <div class='ocr_carea' id='block_1_5' title="bbox 1035 285 1500 346">
    <p class='ocr_par' dir='ltr' id='par_1_5' title="bbox 1035 285 1500 346">
     <span class='ocr_line' id='line_1_5' title="bbox 1035 285 1500 346; baseline 0.011 -5"><span class='ocrx_word' id='word_1_7' title='bbox 1035 285 1500 346; x_wconf 86' lang='grc' dir='ltr'><strong>ΧΡΙΣΤΙΑΝΟΥ</strong></span> 
     </span>
    </p>
   </div>
   <div class='ocr_carea' id='block_1_6' title="bbox 855 398 1138 441">
    <p class='ocr_par' dir='ltr' id='par_1_6' title="bbox 855 398 1138 441">
     <span class='ocr_line' id='line_1_6' title="bbox 855 398 1138 441; baseline 0 -1"><span class='ocrx_word' id='word_1_8' title='bbox 855 398 1138 441; x_wconf 86' lang='grc' dir='ltr'><strong>ΕΡΜΗΝΕΙΑ</strong></span> 
     </span>
    </p>
   </div>
   <div class='ocr_carea' id='block_1_7' title="bbox 804 487 1198 518">
    <p class='ocr_par' dir='ltr' id='par_1_7' title="bbox 804 487 1198 518">
     <span class='ocr_line' id='line_1_7' title="bbox 804 487 1198 518; baseline 0.01 -4"><span class='ocrx_word' id='word_1_9' title='bbox 804 487 859 515; x_wconf 85' lang='grc' dir='ltr'><strong>ΕΙΣ</strong></span> <span class='ocrx_word' id='word_1_10' title='bbox 897 488 965 514; x_wconf 90' lang='grc' dir='ltr'><strong>ΤΔΣ</strong></span> <span class='ocrx_word' id='word_1_11' title='bbox 996 488 1198 518; x_wconf 79' lang='grc' dir='ltr'><strong>ΠᾹΡΟΙΜΙΑΣ.</strong></span> 
     </span>
    </p>
   </div>
   <div class='ocr_carea' id='block_1_8' title="bbox 592 626 1391 716">
    <p class='ocr_par' dir='ltr' id='par_1_8' title="bbox 592 626 1391 716">
     <span class='ocr_line' id='line_1_8' title="bbox 592 626 1391 716; baseline 0.006 -5"><span class='ocrx_word' id='word_1_12' title='bbox 592 653 928 713; x_wconf 82' lang='lat' dir='ltr'><strong>PROCOPII</strong></span> <span class='ocrx_word' id='word_1_13' title='bbox 969 626 1391 716; x_wconf 77' lang='lat' dir='ltr'><strong>CHRISTIANI</strong></span> 
     </span>
    </p>
   </div>
   <div class='ocr_carea' id='block_1_9' title="bbox 543 773 1446 824">
    <p class='ocr_par' dir='ltr' id='par_1_9' title="bbox 543 773 1446 824">
     <span class='ocr_line' id='line_1_9' title="bbox 543 773 1446 824; baseline 0 -2"><span class='ocrx_word' id='word_1_14' title='bbox 543 773 970 822; x_wconf 83' lang='lat' dir='ltr'><strong>COMMENTABII</strong></span> <span class='ocrx_word' id='word_1_15' title='bbox 1012 776 1074 822; x_wconf 89' lang='lat' dir='ltr'><strong>IN</strong></span> <span class='ocrx_word' id='word_1_16' title='bbox 1103 775 1446 824; x_wconf 81' lang='lat' dir='ltr'><strong>PBOVERBIA</strong></span> 
     </span>
    </p>
   </div>
   <div class='ocr_carea' id='block_1_10' title="bbox 390 1026 1015 1059">
    <p class='ocr_par' dir='ltr' id='par_1_10' title="bbox 390 1026 1015 1059">
     <span class='ocr_line' id='line_1_10' title="bbox 390 1026 1015 1059; baseline -0.002 -5"><span class='ocrx_word' id='word_1_17' title='bbox 390 1026 590 1054; x_wconf 77' lang='grc' dir='ltr'><strong>ΚΕΦΔΛΑΙΟΝ</strong></span> <span class='ocrx_word' id='word_1_18' title='bbox 606 1026 755 1054; x_wconf 85' lang='grc' dir='ltr'><strong>ΠΡΩΤΟΝ.</strong></span> <span class='ocrx_word' id='word_1_19' title='bbox 990 1029 1015 1059; x_wconf 86' lang='grc' dir='ltr'>Α</span> 
     </span>
    </p>
   </div>
   <div class='ocr_carea' id='block_1_11' title="bbox 219 1071 979 1108">
    <p class='ocr_par' dir='ltr' id='par_1_11' title="bbox 219 1071 979 1108">
     <span class='ocr_line' id='line_1_11' title="bbox 219 1071 979 1108; baseline 0 -10"><span class='ocrx_word' id='word_1_20' title='bbox 219 1072 326 1099; x_wconf 78' lang='grc' dir='ltr'><strong>Σκοπὸν</strong></span> <span class='ocrx_word' id='word_1_21' title='bbox 347 1071 418 1107; x_wconf 81' lang='grc' dir='ltr'><strong>ἔχων</strong></span> <span class='ocrx_word' id='word_1_22' title='bbox 435 1071 579 1107; x_wconf 80' lang='grc' dir='ltr'>Σαλομὼν,</span> <span class='ocrx_word' id='word_1_23' title='bbox 607 1072 655 1098; x_wconf 80' lang='grc' dir='ltr'><strong>τὸν</strong></span> <span class='ocrx_word' id='word_1_24' title='bbox 671 1072 754 1099; x_wconf 81' lang='grc' dir='ltr'>πόθον</span> <span class='ocrx_word' id='word_1_25' title='bbox 774 1071 855 1107; x_wconf 84' lang='grc' dir='ltr'>ὴμῶν</span> <span class='ocrx_word' id='word_1_26' title='bbox 869 1073 979 1108; x_wconf 81' lang='grc' dir='ltr'><strong>κινῆσαι</strong></span> 
     </span>
    </p>
   </div>
   <div class='ocr_carea' id='block_1_12' title="bbox 187 1117 980 1153">
    <p class='ocr_par' dir='ltr' id='par_1_12' title="bbox 187 1117 980 1153">
     <span class='ocr_line' id='line_1_12' title="bbox 187 1117 980 1153; baseline 0 -9"><span class='ocrx_word' id='word_1_27' title='bbox 187 1117 255 1153; x_wconf 77' lang='grc' dir='ltr'>πρὸς</span> <span class='ocrx_word' id='word_1_28' title='bbox 270 1118 301 1144; x_wconf 81' lang='grc' dir='ltr'>τὸ</span> <span class='ocrx_word' id='word_1_29' title='bbox 315 1118 456 1153; x_wconf 79' lang='grc' dir='ltr'><strong>ἄφραστον</strong></span> <span class='ocrx_word' id='word_1_30' title='bbox 473 1118 572 1150; x_wconf 84' lang='grc' dir='ltr'>κάλλος</span> <span class='ocrx_word' id='word_1_31' title='bbox 588 1117 635 1144; x_wconf 82' lang='grc' dir='ltr'>τοῦ</span> <span class='ocrx_word' id='word_1_32' title='bbox 661 1117 735 1144; x_wconf 81' lang='grc' dir='ltr'>θείου</span> <span class='ocrx_word' id='word_1_33' title='bbox 750 1118 935 1153; x_wconf 84' lang='grc' dir='ltr'>χαρακτῆρος,</span> <span class='ocrx_word' id='word_1_34' title='bbox 951 1118 980 1150; x_wconf 84' lang='grc' dir='ltr'>ὅς</span> 
     </span>
    </p>
   </div>
   <div class='ocr_carea' id='block_1_13' title="bbox 185 1163 980 1199">
    <p class='ocr_par' dir='ltr' id='par_1_13' title="bbox 185 1163 980 1199">
     <span class='ocr_line' id='line_1_13' title="bbox 185 1163 980 1199; baseline 0 -9"><span class='ocrx_word' id='word_1_35' title='bbox 185 1164 260 1191; x_wconf 76' lang='grc' dir='ltr'>ἐστιν</span> <span class='ocrx_word' id='word_1_36' title='bbox 283 1164 297 1190; x_wconf 84' lang='grc' dir='ltr'><strong>ό</strong></span> <span class='ocrx_word' id='word_1_37' title='bbox 320 1163 367 1191; x_wconf 84' lang='grc' dir='ltr'>τοῦ</span> <span class='ocrx_word' id='word_1_38' title='bbox 391 1163 459 1190; x_wconf 79' lang='grc' dir='ltr'>Θεοῦ</span> <span class='ocrx_word' id='word_1_39' title='bbox 485 1164 534 1191; x_wconf 76' lang='grc' dir='ltr'>καὶ</span> <span class='ocrx_word' id='word_1_40' title='bbox 557 1163 665 1199; x_wconf 73' lang='grc' dir='ltr'>Πατρὸς</span> <span class='ocrx_word' id='word_1_41' title='bbox 694 1164 842 1199; x_wconf 78' lang='grc' dir='ltr'>μονογενὴς</span> <span class='ocrx_word' id='word_1_42' title='bbox 855 1164 918 1196; x_wconf 72' lang='grc' dir='ltr'>Υἱὸς</span> <span class='ocrx_word' id='word_1_43' title='bbox 933 1164 980 1191; x_wconf 80' lang='grc' dir='ltr'>καὶ</span> 
     </span>
    </p>
   </div>
   <div class='ocr_carea' id='block_1_14' title="bbox 185 1209 979 1246">
    <p class='ocr_par' dir='ltr' id='par_1_14' title="bbox 185 1209 979 1246">
     <span class='ocr_line' id='line_1_14' title="bbox 185 1209 979 1246; baseline 0 -9"><span class='ocrx_word' id='word_1_44' title='bbox 185 1209 283 1244; x_wconf 83' lang='grc' dir='ltr'>Λόγος,</span> <span class='ocrx_word' id='word_1_45' title='bbox 307 1210 324 1246; x_wconf 78' lang='grc' dir='ltr'><strong>η</strong></span> <span class='ocrx_word' id='word_1_46' title='bbox 346 1209 530 1242; x_wconf 79' lang='grc' dir='ltr'>ἐνυπόστατος</span> <span class='ocrx_word' id='word_1_47' title='bbox 542 1209 625 1236; x_wconf 85' lang='grc' dir='ltr'>αὐτοῦ</span> <span class='ocrx_word' id='word_1_48' title='bbox 648 1209 764 1245; x_wconf 83' lang='grc' dir='ltr'>δύναμις</span> <span class='ocrx_word' id='word_1_49' title='bbox 784 1209 833 1237; x_wconf 81' lang='grc' dir='ltr'>καὶ</span> <span class='ocrx_word' id='word_1_50' title='bbox 855 1210 947 1244; x_wconf 80' lang='grc' dir='ltr'>σοφία.</span> <span class='ocrx_word' id='word_1_51' title='bbox 962 1211 979 1246; x_wconf 84' lang='grc' dir='ltr'>ἡ</span> 
     </span>
    </p>
   </div>
   <div class='ocr_carea' id='block_1_15' title="bbox 184 1255 978 1292">
    <p class='ocr_par' dir='ltr' id='par_1_15' title="bbox 184 1255 978 1292">
     <span class='ocr_line' id='line_1_15' title="bbox 184 1255 978 1292; baseline 0 -10"><span class='ocrx_word' id='word_1_52' title='bbox 184 1255 229 1283; x_wconf 81' lang='grc' dir='ltr'>διὰ</span> <span class='ocrx_word' id='word_1_53' title='bbox 241 1255 295 1282; x_wconf 83' lang='grc' dir='ltr'><strong>τῶν</strong></span> <span class='ocrx_word' id='word_1_54' title='bbox 313 1256 486 1291; x_wconf 79' lang='grc' dir='ltr'><strong>φαινομένων</strong></span> <span class='ocrx_word' id='word_1_55' title='bbox 497 1255 536 1288; x_wconf 86' lang='grc' dir='ltr'>ὠς</span> <span class='ocrx_word' id='word_1_56' title='bbox 553 1255 598 1282; x_wconf 76' lang='grc' dir='ltr'><strong>διὰ</strong></span> <span class='ocrx_word' id='word_1_57' title='bbox 623 1255 767 1291; x_wconf 77' lang='grc' dir='ltr'>συμϐόλων</span> <span class='ocrx_word' id='word_1_58' title='bbox 779 1256 978 1292; x_wconf 82' lang='grc' dir='ltr'>κηρυττομένη,</span> 
     </span>
    </p>
   </div>
   <div class='ocr_carea' id='block_1_16' title="bbox 186 1299 979 1337">
    <p class='ocr_par' dir='ltr' id='par_1_16' title="bbox 186 1299 979 1337">
     <span class='ocr_line' id='line_1_16' title="bbox 186 1299 979 1337; baseline -0.003 -9"><span class='ocrx_word' id='word_1_59' title='bbox 186 1300 342 1337; x_wconf 76' lang='grc' dir='ltr'><strong>ὑπογράφει</strong></span> <span class='ocrx_word' id='word_1_60' title='bbox 354 1309 383 1327; x_wconf 88' lang='grc' dir='ltr'><strong>τε</strong></span> <span class='ocrx_word' id='word_1_61' title='bbox 396 1300 591 1336; x_wconf 84' lang='grc' dir='ltr'>παροιμιωδῶς</span> <span class='ocrx_word' id='word_1_62' title='bbox 609 1299 659 1331; x_wconf 85' lang='grc' dir='ltr'><strong>τὰς</strong></span> <span class='ocrx_word' id='word_1_63' title='bbox 674 1299 788 1334; x_wconf 84' lang='grc' dir='ltr'>χάριτας</span> <span class='ocrx_word' id='word_1_64' title='bbox 806 1299 902 1334; x_wconf 83' lang='grc' dir='ltr'>αὐτῆς,</span> <span class='ocrx_word' id='word_1_65' title='bbox 918 1300 979 1326; x_wconf 88' lang='grc' dir='ltr'>ἐπι-</span> 
     </span>
    </p>
   </div>
   <div class='ocr_carea' id='block_1_17' title="bbox 186 1345 980 1382">
    <p class='ocr_par' dir='ltr' id='par_1_17' title="bbox 186 1345 980 1382">
     <span class='ocr_line' id='line_1_17' title="bbox 186 1345 980 1382; baseline -0.003 -9"><span class='ocrx_word' id='word_1_66' title='bbox 186 1346 330 1382; x_wconf 83' lang='grc' dir='ltr'><strong>σπώμενος</strong></span> <span class='ocrx_word' id='word_1_67' title='bbox 343 1346 533 1382; x_wconf 76' lang='grc' dir='ltr'>εισαγωγικῶς</span> <span class='ocrx_word' id='word_1_68' title='bbox 551 1346 621 1382; x_wconf 76' lang='grc' dir='ltr'>πρὸς</span> <span class='ocrx_word' id='word_1_69' title='bbox 635 1345 682 1372; x_wconf 81' lang='grc' dir='ltr'>τδν</span> <span class='ocrx_word' id='word_1_70' title='bbox 700 1346 785 1378; x_wconf 66' lang='grc' dir='ltr'>ὅντως</span> <span class='ocrx_word' id='word_1_71' title='bbox 801 1346 919 1381; x_wconf 77' lang='grc' dir='ltr'>ἐραστὴν</span> <span class='ocrx_word' id='word_1_72' title='bbox 930 1345 980 1381; x_wconf 80' lang='grc' dir='ltr'><strong>τὴν</strong></span> 
     </span>
    </p>
   </div>
   <div class='ocr_carea' id='block_1_18' title="bbox 184 1390 978 1428">
    <p class='ocr_par' dir='ltr' id='par_1_18' title="bbox 184 1390 978 1428">
     <span class='ocr_line' id='line_1_18' title="bbox 184 1390 978 1428; baseline -0.001 -9"><span class='ocrx_word' id='word_1_73' title='bbox 184 1390 280 1428; x_wconf 69' lang='grc' dir='ltr'>ἔφεσιν</span> <span class='ocrx_word' id='word_1_74' title='bbox 291 1391 340 1419; x_wconf 82' lang='grc' dir='ltr'>τοῦ</span> <span class='ocrx_word' id='word_1_75' title='bbox 357 1391 396 1419; x_wconf 77' lang='grc' dir='ltr'><strong>ἐτι</strong></span> <span class='ocrx_word' id='word_1_76' title='bbox 409 1392 459 1427; x_wconf 84' lang='grc' dir='ltr'>τὴν</span> <span class='ocrx_word' id='word_1_77' title='bbox 479 1391 550 1419; x_wconf 80' lang='grc' dir='ltr'>κατὰ</span> <span class='ocrx_word' id='word_1_78' title='bbox 563 1391 651 1427; x_wconf 76' lang='grc' dir='ltr'>ψυχὴν</span> <span class='ocrx_word' id='word_1_79' title='bbox 666 1391 774 1426; x_wconf 74' lang='grc' dir='ltr'>ἡλικίαν</span> <span class='ocrx_word' id='word_1_80' title='bbox 788 1390 978 1426; x_wconf 75' lang='grc' dir='ltr'>νηπιάζοντος,</span> 
     </span>
    </p>
   </div>
   <div class='ocr_carea' id='block_1_19' title="bbox 184 1436 980 1472">
    <p class='ocr_par' dir='ltr' id='par_1_19' title="bbox 184 1436 980 1472">
     <span class='ocr_line' id='line_1_19' title="bbox 184 1436 980 1472; baseline 0 -8"><span class='ocrx_word' id='word_1_81' title='bbox 184 1436 230 1465; x_wconf 80' lang='grc' dir='ltr'>διὰ</span> <span class='ocrx_word' id='word_1_82' title='bbox 253 1436 309 1464; x_wconf 77' lang='grc' dir='ltr'><strong>τῶν</strong></span> <span class='ocrx_word' id='word_1_83' title='bbox 333 1438 399 1472; x_wconf 78' lang='grc' dir='ltr'>ἡμῖν</span> <span class='ocrx_word' id='word_1_84' title='bbox 421 1437 553 1464; x_wconf 85' lang='grc' dir='ltr'>ποθεινῶν</span> <span class='ocrx_word' id='word_1_85' title='bbox 575 1438 604 1464; x_wconf 78' lang='grc' dir='ltr'>ἐν</span> <span class='ocrx_word' id='word_1_86' title='bbox 628 1437 753 1472; x_wconf 76' lang='grc' dir='ltr'><strong>αἰσθήσει</strong></span> <span class='ocrx_word' id='word_1_87' title='bbox 776 1436 911 1472; x_wconf 81' lang='grc' dir='ltr'><strong>τερπνῶν,</strong></span> <span class='ocrx_word' id='word_1_88' title='bbox 932 1437 980 1464; x_wconf 79' lang='grc' dir='ltr'>καὶ</span> 
     </span>
    </p>
   </div>
   <div class='ocr_carea' id='block_1_20' title="bbox 184 1482 980 1526">
    <p class='ocr_par' dir='ltr' id='par_1_20' title="bbox 184 1482 980 1526">
     <span class='ocr_line' id='line_1_20' title="bbox 184 1482 980 1526; baseline -0.003 -15"><span class='ocrx_word' id='word_1_89' title='bbox 184 1483 289 1519; x_wconf 77' lang='grc' dir='ltr'><strong>ἠθικῶς</strong></span> <span class='ocrx_word' id='word_1_90' title='bbox 313 1482 448 1517; x_wconf 83' lang='grc' dir='ltr'><strong>παιδεύει,</strong></span> <span class='ocrx_word' id='word_1_91' title='bbox 477 1483 572 1511; x_wconf 84' lang='grc' dir='ltr'>παθῶν</span> <span class='ocrx_word' id='word_1_92' title='bbox 595 1482 845 1519; x_wconf 77' lang='grc' dir='ltr'>ἐπανορθούμενος,</span> <span class='ocrx_word' id='word_1_93' title='bbox 874 1483 922 1526; x_wconf 60' lang='grc' dir='ltr'>καὶ</span> <span class='ocrx_word' id='word_1_94' title='bbox 945 1482 980 1509; x_wconf 71' lang='grc' dir='ltr'><strong>τὰ</strong></span> 
     </span>
    </p>
   </div>
   <div class='ocr_carea' id='block_1_21' title="bbox 185 1529 907 1566">
    <p class='ocr_par' dir='ltr' id='par_1_21' title="bbox 185 1529 907 1566">
     <span class='ocr_line' id='line_1_21' title="bbox 185 1529 907 1566; baseline -0.001 -10"><span class='ocrx_word' id='word_1_95' title='bbox 185 1530 312 1566; x_wconf 76' lang='grc' dir='ltr'><strong>πρακτέα</strong></span> <span class='ocrx_word' id='word_1_96' title='bbox 325 1529 474 1563; x_wconf 68' lang='grc' dir='ltr'>ὑποτιθεὶς,</span> <span class='ocrx_word' id='word_1_97' title='bbox 490 1529 537 1556; x_wconf 88' lang='grc' dir='ltr'><strong>καί</strong></span> <span class='ocrx_word' id='word_1_98' title='bbox 557 1537 640 1564; x_wconf 86' lang='grc' dir='ltr'>φησιν</span> <span class='ocrx_word' id='word_1_99' title='bbox 652 1529 691 1560; x_wconf 84' lang='grc' dir='ltr'><strong>ὡς</strong></span> <span class='ocrx_word' id='word_1_100' title='bbox 710 1530 739 1555; x_wconf 79' lang='grc' dir='ltr'><strong>ὲν</strong></span> <span class='ocrx_word' id='word_1_101' title='bbox 754 1529 907 1565; x_wconf 84' lang='grc' dir='ltr'>ἐπιγραφῇ·</span> 
     </span>
    </p>
   </div>
   <div class='ocr_carea' id='block_1_22' title="bbox 221 1617 980 1653">
    <p class='ocr_par' dir='ltr' id='par_1_22' title="bbox 221 1617 980 1653">
     <span class='ocr_line' id='line_1_22' title="bbox 221 1617 980 1653; baseline -0.003 -7"><span class='ocrx_word' id='word_1_102' title='bbox 221 1618 255 1646; x_wconf 85' lang='grc' dir='ltr'><strong>α’.</strong></span> <span class='ocrx_word' id='word_1_103' title='bbox 272 1618 428 1653; x_wconf 82' lang='grc' dir='ltr'><strong>Παροιμίαι</strong></span> <span class='ocrx_word' id='word_1_104' title='bbox 450 1617 645 1652; x_wconf 71' lang='grc' dir='ltr'><strong>Σολομῶντος</strong></span> <span class='ocrx_word' id='word_1_105' title='bbox 664 1617 733 1645; x_wconf 86' lang='grc' dir='ltr'><strong>υιοῦ</strong></span> <span class='ocrx_word' id='word_1_106' title='bbox 746 1617 846 1651; x_wconf 77' lang='grc' dir='ltr'><strong>Δαόὶὸ,</strong></span> <span class='ocrx_word' id='word_1_107' title='bbox 862 1617 896 1651; x_wconf 76' lang='grc' dir='ltr'>ὃς</span> <span class='ocrx_word' id='word_1_108' title='bbox 912 1617 980 1644; x_wconf 81' lang='grc' dir='ltr'>ἐϐα-</span> 
     </span>
    </p>
   </div>
   <div class='ocr_carea' id='block_1_23' title="bbox 184 1663 978 1700">
    <p class='ocr_par' dir='ltr' id='par_1_23' title="bbox 184 1663 978 1700">
     <span class='ocr_line' id='line_1_23' title="bbox 184 1663 978 1700; baseline -0.001 -9"><span class='ocrx_word' id='word_1_109' title='bbox 184 1664 332 1692; x_wconf 76' lang='grc' dir='ltr'>σίλευσεν</span> <span class='ocrx_word' id='word_1_110' title='bbox 349 1664 385 1691; x_wconf 78' lang='grc' dir='ltr'><strong>ἐν</strong></span> <span class='ocrx_word' id='word_1_111' title='bbox 404 1663 610 1699; x_wconf 73' lang='grc' dir='ltr'>Ἰερουσαλήμ.</span> <span class='ocrx_word' id='word_1_112' title='bbox 631 1664 713 1698; x_wconf 81' lang='grc' dir='ltr'><strong>Λόγοι</strong></span> <span class='ocrx_word' id='word_1_113' title='bbox 729 1664 806 1699; x_wconf 76' lang='grc' dir='ltr'>παρὰ</span> <span class='ocrx_word' id='word_1_114' title='bbox 826 1665 917 1691; x_wconf 75' lang='grc' dir='ltr'>πᾶσαν</span> <span class='ocrx_word' id='word_1_115' title='bbox 929 1665 978 1700; x_wconf 84' lang='grc' dir='ltr'>τὴν</span> 
     </span>
    </p>
   </div>
   <div class='ocr_carea' id='block_1_24' title="bbox 184 1710 978 1747">
    <p class='ocr_par' dir='ltr' id='par_1_24' title="bbox 184 1710 978 1747">
     <span class='ocr_line' id='line_1_24' title="bbox 184 1710 978 1747; baseline 0 -9"><span class='ocrx_word' id='word_1_116' title='bbox 184 1711 244 1738; x_wconf 80' lang='grc' dir='ltr'><strong>ὁδὸν</strong></span> <span class='ocrx_word' id='word_1_117' title='bbox 257 1711 306 1746; x_wconf 75' lang='grc' dir='ltr'>τῆς</span> <span class='ocrx_word' id='word_1_118' title='bbox 323 1710 467 1746; x_wconf 74' lang='grc' dir='ltr'><strong>παρούσης</strong></span> <span class='ocrx_word' id='word_1_119' title='bbox 490 1710 565 1746; x_wconf 78' lang='grc' dir='ltr'>ζωῆς</span> <span class='ocrx_word' id='word_1_120' title='bbox 590 1710 815 1746; x_wconf 87' lang='grc' dir='ltr'>χρησιμεύοντες,</span> <span class='ocrx_word' id='word_1_121' title='bbox 843 1711 875 1738; x_wconf 79' lang='grc' dir='ltr'>οὐ</span> <span class='ocrx_word' id='word_1_122' title='bbox 898 1711 978 1747; x_wconf 87' lang='grc' dir='ltr'>μόνον</span> 
     </span>
    </p>
   </div>
   <div class='ocr_carea' id='block_1_25' title="bbox 183 1755 979 1793">
    <p class='ocr_par' dir='ltr' id='par_1_25' title="bbox 183 1755 979 1793">
     <span class='ocr_line' id='line_1_25' title="bbox 183 1755 979 1793; baseline 0.001 -10"><span class='ocrx_word' id='word_1_123' title='bbox 183 1756 222 1789; x_wconf 82' lang='grc' dir='ltr'><strong>ὡς</strong></span> <span class='ocrx_word' id='word_1_124' title='bbox 239 1757 269 1783; x_wconf 74' lang='grc' dir='ltr'><strong>τὸ</strong></span> <span class='ocrx_word' id='word_1_125' title='bbox 286 1755 352 1792; x_wconf 80' lang='grc' dir='ltr'>ἦθος</span> <span class='ocrx_word' id='word_1_126' title='bbox 367 1756 446 1792; x_wconf 79' lang='grc' dir='ltr'><strong>ἡμῶν</strong></span> <span class='ocrx_word' id='word_1_127' title='bbox 461 1757 529 1793; x_wconf 80' lang='grc' dir='ltr'>πρὸς</span> <span class='ocrx_word' id='word_1_128' title='bbox 542 1757 571 1783; x_wconf 78' lang='grc' dir='ltr'>τὸ</span> <span class='ocrx_word' id='word_1_129' title='bbox 586 1757 688 1790; x_wconf 79' lang='grc' dir='ltr'><strong>ἀγαυὸν</strong></span> <span class='ocrx_word' id='word_1_130' title='bbox 704 1757 892 1793; x_wconf 80' lang='grc' dir='ltr'>ρυθμίζοντες,</span> <span class='ocrx_word' id='word_1_131' title='bbox 910 1758 979 1785; x_wconf 83' lang='grc' dir='ltr'><strong>ἀλλὰ</strong></span> 
     </span>
    </p>
   </div>
   <div class='ocr_carea' id='block_1_26' title="bbox 185 1803 979 1839">
    <p class='ocr_par' dir='ltr' id='par_1_26' title="bbox 185 1803 979 1839">
     <span class='ocr_line' id='line_1_26' title="bbox 185 1803 979 1839; baseline 0.001 -10"><span class='ocrx_word' id='word_1_132' title='bbox 185 1803 233 1830; x_wconf 72' lang='grc' dir='ltr'>καὶ</span> <span class='ocrx_word' id='word_1_133' title='bbox 247 1803 284 1834; x_wconf 80' lang='grc' dir='ltr'>ὡς</span> <span class='ocrx_word' id='word_1_134' title='bbox 303 1803 445 1837; x_wconf 74' lang='grc' dir='ltr'>ἐνάγοντες</span> <span class='ocrx_word' id='word_1_135' title='bbox 462 1803 536 1838; x_wconf 78' lang='grc' dir='ltr'>ἡμᾶς</span> <span class='ocrx_word' id='word_1_136' title='bbox 557 1803 626 1838; x_wconf 76' lang='grc' dir='ltr'>πρὸς</span> <span class='ocrx_word' id='word_1_137' title='bbox 641 1804 692 1839; x_wconf 80' lang='grc' dir='ltr'>τὴν</span> <span class='ocrx_word' id='word_1_138' title='bbox 707 1803 735 1830; x_wconf 79' lang='grc' dir='ltr'>ἐν</span> <span class='ocrx_word' id='word_1_139' title='bbox 748 1804 883 1838; x_wconf 79' lang='grc' dir='ltr'>πνεύματι</span> <span class='ocrx_word' id='word_1_140' title='bbox 899 1813 979 1838; x_wconf 78' lang='grc' dir='ltr'>φυσι-</span> 
     </span>
    </p>
   </div>
   <div class='ocr_carea' id='block_1_27' title="bbox 185 1846 979 1884">
    <p class='ocr_par' dir='ltr' id='par_1_27' title="bbox 185 1846 979 1884">
     <span class='ocr_line' id='line_1_27' title="bbox 185 1846 979 1884; baseline 0.001 -9"><span class='ocrx_word' id='word_1_141' title='bbox 185 1849 236 1884; x_wconf 80' lang='grc' dir='ltr'>κὴν</span> <span class='ocrx_word' id='word_1_142' title='bbox 250 1849 367 1884; x_wconf 82' lang='grc' dir='ltr'><strong>θεωρίαν</strong></span> <span class='ocrx_word' id='word_1_143' title='bbox 384 1849 439 1875; x_wconf 81' lang='grc' dir='ltr'><strong>τῶν</strong></span> <span class='ocrx_word' id='word_1_144' title='bbox 459 1849 543 1876; x_wconf 75' lang='grc' dir='ltr'>ὄντων</span> <span class='ocrx_word' id='word_1_145' title='bbox 554 1857 561 1864; x_wconf 92' lang='grc'><strong>·</strong></span> <span class='ocrx_word' id='word_1_146' title='bbox 574 1846 612 1876; x_wconf 83' lang='grc' dir='ltr'><strong>ὧν</strong></span> <span class='ocrx_word' id='word_1_147' title='bbox 626 1850 686 1881; x_wconf 88' lang='grc' dir='ltr'>ταῖς</span> <span class='ocrx_word' id='word_1_148' title='bbox 701 1850 884 1884; x_wconf 79' lang='grc' dir='ltr'>ἐπιφανείαις,</span> <span class='ocrx_word' id='word_1_149' title='bbox 898 1850 935 1882; x_wconf 85' lang='grc' dir='ltr'>ὡς</span> <span class='ocrx_word' id='word_1_150' title='bbox 950 1851 979 1876; x_wconf 87' lang='grc' dir='ltr'>ἐν</span> 
     </span>
    </p>
   </div>
   <div class='ocr_carea' id='block_1_28' title="bbox 185 1895 979 1932">
    <p class='ocr_par' dir='ltr' id='par_1_28' title="bbox 185 1895 979 1932">
     <span class='ocr_line' id='line_1_28' title="bbox 185 1895 979 1932; baseline 0 -10"><span class='ocrx_word' id='word_1_151' title='bbox 185 1895 331 1932; x_wconf 75' lang='grc' dir='ltr'>ἐσόπτροις</span> <span class='ocrx_word' id='word_1_152' title='bbox 350 1896 397 1923; x_wconf 81' lang='grc' dir='ltr'>καὶ</span> <span class='ocrx_word' id='word_1_153' title='bbox 422 1896 577 1931; x_wconf 69' lang='grc' dir='ltr'>αἰνίγμασι,</span> <span class='ocrx_word' id='word_1_154' title='bbox 604 1896 638 1923; x_wconf 80' lang='grc' dir='ltr'><strong>τὰ</strong></span> <span class='ocrx_word' id='word_1_155' title='bbox 654 1896 701 1923; x_wconf 82' lang='grc' dir='ltr'>τοῦ</span> <span class='ocrx_word' id='word_1_156' title='bbox 724 1896 792 1923; x_wconf 83' lang='grc' dir='ltr'>Θεοῦ</span> <span class='ocrx_word' id='word_1_157' title='bbox 810 1895 979 1932; x_wconf 79' lang='grc' dir='ltr'>ἱστοροῦνται</span> 
     </span>
    </p>
   </div>
   <div class='ocr_carea' id='block_1_29' title="bbox 185 1941 980 1978">
    <p class='ocr_par' dir='ltr' id='par_1_29' title="bbox 185 1941 980 1978">
     <span class='ocr_line' id='line_1_29' title="bbox 185 1941 980 1978; baseline 0 -10"><span class='ocrx_word' id='word_1_158' title='bbox 185 1941 338 1978; x_wconf 77' lang='grc' dir='ltr'>θελήματα,</span> <span class='ocrx_word' id='word_1_159' title='bbox 356 1942 394 1974; x_wconf 86' lang='grc' dir='ltr'>ὼς</span> <span class='ocrx_word' id='word_1_160' title='bbox 410 1941 486 1976; x_wconf 85' lang='grc' dir='ltr'>λόγοι</span> <span class='ocrx_word' id='word_1_161' title='bbox 501 1941 554 1968; x_wconf 84' lang='grc' dir='ltr'>τῶν</span> <span class='ocrx_word' id='word_1_162' title='bbox 573 1941 669 1973; x_wconf 73' lang='grc' dir='ltr'>ὅντων,</span> <span class='ocrx_word' id='word_1_163' title='bbox 690 1941 751 1968; x_wconf 83' lang='grc' dir='ltr'>καθ’</span> <span class='ocrx_word' id='word_1_164' title='bbox 772 1941 817 1973; x_wconf 83' lang='grc' dir='ltr'>οὓς</span> <span class='ocrx_word' id='word_1_165' title='bbox 833 1943 868 1969; x_wconf 83' lang='grc' dir='ltr'>τὰ</span> <span class='ocrx_word' id='word_1_166' title='bbox 890 1943 980 1969; x_wconf 74' lang='grc' dir='ltr'>πάντα</span> 
     </span>
    </p>
   </div>
   <div class='ocr_carea' id='block_1_30' title="bbox 184 1987 978 2023">
    <p class='ocr_par' dir='ltr' id='par_1_30' title="bbox 184 1987 978 2023">
     <span class='ocr_line' id='line_1_30' title="bbox 184 1987 978 2023; baseline 0 -10"><span class='ocrx_word' id='word_1_167' title='bbox 184 1987 333 2022; x_wconf 83' lang='grc' dir='ltr'>γεγόνασιν</span> <span class='ocrx_word' id='word_1_168' title='bbox 349 1994 357 2002; x_wconf 89' lang='grc'><strong>·</strong></span> <span class='ocrx_word' id='word_1_169' title='bbox 385 1987 447 2013; x_wconf 77' lang='grc' dir='ltr'><strong>(Τὰ</strong></span> <span class='ocrx_word' id='word_1_170' title='bbox 469 1987 524 2023; x_wconf 87' lang='grc' dir='ltr'><strong>γὰρ</strong></span> <span class='ocrx_word' id='word_1_171' title='bbox 548 1987 653 2022; x_wconf 82' lang='grc' dir='ltr'>ἀόρατα</span> <span class='ocrx_word' id='word_1_172' title='bbox 677 1987 759 2013; x_wconf 84' lang='grc' dir='ltr'>αὑτοῦ</span> <span class='ocrx_word' id='word_1_173' title='bbox 785 1987 839 2014; x_wconf 80' lang='grc' dir='ltr'>ἀπὸ</span> <span class='ocrx_word' id='word_1_174' title='bbox 863 1988 978 2018; x_wconf 75' lang='grc' dir='ltr'>κτίσεως</span> 
     </span>
    </p>
   </div>
   <div class='ocr_carea' id='block_1_31' title="bbox 186 2032 978 2069">
    <p class='ocr_par' dir='ltr' id='par_1_31' title="bbox 186 2032 978 2069">
     <span class='ocr_line' id='line_1_31' title="bbox 186 2032 978 2069; baseline 0.003 -10"><span class='ocrx_word' id='word_1_175' title='bbox 186 2033 300 2068; x_wconf 71' lang='grc' dir='ltr'>κόσμου,</span> <span class='ocrx_word' id='word_1_176' title='bbox 326 2034 385 2065; x_wconf 87' lang='grc' dir='ltr'>τοῖς</span> <span class='ocrx_word' id='word_1_177' title='bbox 401 2034 537 2069; x_wconf 82' lang='grc' dir='ltr'>ποιήμασι</span> <span class='ocrx_word' id='word_1_178' title='bbox 553 2033 698 2069; x_wconf 81' lang='grc' dir='ltr'>νοούμενα,</span> <span class='ocrx_word' id='word_1_179' title='bbox 723 2033 873 2069; x_wconf 83' lang='grc' dir='ltr'>καθορᾶται</span> <span class='ocrx_word' id='word_1_180' title='bbox 886 2042 910 2061; x_wconf 79' lang='grc' dir='ltr'><strong>ἰ</strong></span> <span class='ocrx_word' id='word_1_181' title='bbox 933 2032 978 2061; x_wconf 74' lang='grc' dir='ltr'>οἷα</span> 
     </span>
    </p>
   </div>
   <div class='ocr_carea' id='block_1_32' title="bbox 185 2079 978 2116">
    <p class='ocr_par' dir='ltr' id='par_1_32' title="bbox 185 2079 978 2116">
     <span class='ocr_line' id='line_1_32' title="bbox 185 2079 978 2116; baseline 0.004 -11"><span class='ocrx_word' id='word_1_182' title='bbox 185 2079 241 2105; x_wconf 84' lang='grc' dir='ltr'>τῶν</span> <span class='ocrx_word' id='word_1_183' title='bbox 257 2079 387 2106; x_wconf 83' lang='grc' dir='ltr'>τοιούτων</span> <span class='ocrx_word' id='word_1_184' title='bbox 404 2079 502 2114; x_wconf 88' lang='grc' dir='ltr'>λόγων,</span> <span class='ocrx_word' id='word_1_185' title='bbox 519 2080 613 2115; x_wconf 70' lang='grc' dir='ltr'>ἕτερον</span> <span class='ocrx_word' id='word_1_186' title='bbox 639 2080 689 2115; x_wconf 80' lang='grc' dir='ltr'><strong>μὲν</strong></span> <span class='ocrx_word' id='word_1_187' title='bbox 708 2081 779 2107; x_wconf 80' lang='grc' dir='ltr'>κατὰ</span> <span class='ocrx_word' id='word_1_188' title='bbox 797 2081 825 2108; x_wconf 84' lang='grc' dir='ltr'>τδ</span> <span class='ocrx_word' id='word_1_189' title='bbox 846 2081 978 2116; x_wconf 80' lang='grc' dir='ltr'>φαινόμε-</span> 
     </span>
    </p>
   </div>
   <div class='ocr_carea' id='block_1_33' title="bbox 185 2125 977 2162">
    <p class='ocr_par' dir='ltr' id='par_1_33' title="bbox 185 2125 977 2162">
     <span class='ocr_line' id='line_1_33' title="bbox 185 2125 977 2162; baseline 0.003 -10"><span class='ocrx_word' id='word_1_190' title='bbox 185 2134 242 2157; x_wconf 88' lang='grc' dir='ltr'>νον,</span> <span class='ocrx_word' id='word_1_191' title='bbox 264 2125 359 2161; x_wconf 75' lang='grc' dir='ltr'>ἕτερον</span> <span class='ocrx_word' id='word_1_192' title='bbox 387 2126 416 2152; x_wconf 77' lang='grc' dir='ltr'>δὲ</span> <span class='ocrx_word' id='word_1_193' title='bbox 431 2126 503 2154; x_wconf 84' lang='grc' dir='ltr'>κατὰ</span> <span class='ocrx_word' id='word_1_194' title='bbox 526 2126 556 2153; x_wconf 79' lang='grc' dir='ltr'><strong>τὸ</strong></span> <span class='ocrx_word' id='word_1_195' title='bbox 572 2127 715 2162; x_wconf 83' lang='grc' dir='ltr'>νοούμενον</span> <span class='ocrx_word' id='word_1_196' title='bbox 731 2127 958 2162; x_wconf 74' lang='grc' dir='ltr'>ἀπαγγελλὸντων</span> <span class='ocrx_word' id='word_1_197' title='bbox 970 2136 977 2144; x_wconf 72' lang='grc' dir='ltr'>σ</span> 
     </span>
    </p>
   </div>
   <div class='ocr_carea' id='block_1_34' title="bbox 186 2169 979 2210">
    <p class='ocr_par' dir='ltr' id='par_1_34' title="bbox 186 2169 979 2210">
     <span class='ocr_line' id='line_1_34' title="bbox 186 2169 979 2210; baseline 0.004 -12"><span class='ocrx_word' id='word_1_198' title='bbox 186 2171 242 2198; x_wconf 79' lang='grc' dir='ltr'>εἰσὶ</span> <span class='ocrx_word' id='word_1_199' title='bbox 255 2171 282 2198; x_wconf 73' lang='grc' dir='ltr'>δὲ</span> <span class='ocrx_word' id='word_1_200' title='bbox 306 2169 379 2199; x_wconf 72' lang='grc' dir='ltr'>οὗτοι</span> <span class='ocrx_word' id='word_1_201' title='bbox 399 2173 423 2199; x_wconf 75' lang='grc' dir='ltr'>οἱ</span> <span class='ocrx_word' id='word_1_202' title='bbox 436 2172 511 2207; x_wconf 85' lang='grc' dir='ltr'>λόγοι</span> <span class='ocrx_word' id='word_1_203' title='bbox 534 2172 580 2200; x_wconf 78' lang='grc' dir='ltr'>τοῦ</span> <span class='ocrx_word' id='word_1_204' title='bbox 601 2173 634 2200; x_wconf 84' lang='grc' dir='ltr'><strong>δι’</strong></span> <span class='ocrx_word' id='word_1_205' title='bbox 663 2173 752 2200; x_wconf 83' lang='grc' dir='ltr'>αὐτῶν</span> <span class='ocrx_word' id='word_1_206' title='bbox 776 2174 979 2210; x_wconf 76' lang='grc' dir='ltr'>ἐπιχειροῦντος</span> 
     </span>
    </p>
   </div>
   <div class='ocr_carea' id='block_1_35' title="bbox 186 2216 979 2253">
    <p class='ocr_par' dir='ltr' id='par_1_35' title="bbox 186 2216 979 2253">
     <span class='ocr_line' id='line_1_35' title="bbox 186 2216 979 2253; baseline 0.003 -10"><span class='ocrx_word' id='word_1_207' title='bbox 186 2216 339 2253; x_wconf 75' lang='grc' dir='ltr'>εἰρηνεύειν</span> <span class='ocrx_word' id='word_1_208' title='bbox 354 2218 428 2252; x_wconf 84' lang='grc' dir='ltr'>ἡμᾶς</span> <span class='ocrx_word' id='word_1_209' title='bbox 444 2217 513 2252; x_wconf 84' lang='grc' dir='ltr'>πρός</span> <span class='ocrx_word' id='word_1_210' title='bbox 525 2226 555 2244; x_wconf 87' lang='grc' dir='ltr'><strong>τε</strong></span> <span class='ocrx_word' id='word_1_211' title='bbox 572 2218 685 2249; x_wconf 76' lang='grc' dir='ltr'>ἑαυτοὺς</span> <span class='ocrx_word' id='word_1_212' title='bbox 709 2218 756 2245; x_wconf 76' lang='grc' dir='ltr'>καὶ</span> <span class='ocrx_word' id='word_1_213' title='bbox 773 2219 908 2253; x_wconf 80' lang='grc' dir='ltr'>ἀγγέλους</span> <span class='ocrx_word' id='word_1_214' title='bbox 932 2219 979 2246; x_wconf 75' lang='grc' dir='ltr'>καὶ</span> 
     </span>
    </p>
   </div>
   <div class='ocr_carea' id='block_1_36' title="bbox 186 2263 978 2300">
    <p class='ocr_par' dir='ltr' id='par_1_36' title="bbox 186 2263 978 2300">
     <span class='ocr_line' id='line_1_36' title="bbox 186 2263 978 2300; baseline 0.001 -10"><span class='ocrx_word' id='word_1_215' title='bbox 186 2263 233 2290; x_wconf 80' lang='grc' dir='ltr'><strong>τὸν</strong></span> <span class='ocrx_word' id='word_1_216' title='bbox 256 2263 336 2296; x_wconf 74' lang='grc' dir='ltr'>Θεὸν,</span> <span class='ocrx_word' id='word_1_217' title='bbox 359 2263 533 2299; x_wconf 78' lang='grc' dir='ltr'>Σολομῶντος</span> <span class='ocrx_word' id='word_1_218' title='bbox 551 2264 723 2300; x_wconf 80' lang='grc' dir='ltr'>(είρηνικὸς</span> <span class='ocrx_word' id='word_1_219' title='bbox 740 2264 794 2300; x_wconf 83' lang='grc' dir='ltr'><strong>γὰρ</strong></span> <span class='ocrx_word' id='word_1_220' title='bbox 817 2266 831 2291; x_wconf 80' lang='grc' dir='ltr'>ὁ</span> <span class='ocrx_word' id='word_1_221' title='bbox 852 2264 978 2300; x_wconf 82' lang='grc' dir='ltr'>Σολομὼν</span> 
     </span>
    </p>
   </div>
   <div class='ocr_carea' id='block_1_37' title="bbox 185 2309 977 2347">
    <p class='ocr_par' dir='ltr' id='par_1_37' title="bbox 185 2309 977 2347">
     <span class='ocr_line' id='line_1_37' title="bbox 185 2309 977 2347; baseline 0.001 -11"><span class='ocrx_word' id='word_1_222' title='bbox 185 2310 393 2346; x_wconf 80' lang='grc' dir='ltr'>ἑρμηνεύεται),</span> <span class='ocrx_word' id='word_1_223' title='bbox 401 2309 529 2342; x_wconf 82' lang='grc' dir='ltr'>λαϐόντος</span> <span class='ocrx_word' id='word_1_224' title='bbox 542 2310 617 2346; x_wconf 74' lang='grc' dir='ltr'>παρὰ</span> <span class='ocrx_word' id='word_1_225' title='bbox 628 2310 697 2337; x_wconf 81' lang='grc' dir='ltr'>Θεοῦ</span> <span class='ocrx_word' id='word_1_226' title='bbox 709 2311 805 2345; x_wconf 83' lang='grc' dir='ltr'>σοφίαν</span> <span class='ocrx_word' id='word_1_227' title='bbox 815 2311 861 2337; x_wconf 83' lang='grc' dir='ltr'>καὶ</span> <span class='ocrx_word' id='word_1_228' title='bbox 874 2311 977 2347; x_wconf 82' lang='grc' dir='ltr'>φρόνη-</span> 
     </span>
    </p>
   </div>
   <div class='ocr_carea' id='block_1_38' title="bbox 187 2355 1013 2404">
    <p class='ocr_par' dir='ltr' id='par_1_38' title="bbox 187 2355 1013 2404">
     <span class='ocr_line' id='line_1_38' title="bbox 187 2355 1013 2404; baseline 0.002 -22"><span class='ocrx_word' id='word_1_229' title='bbox 187 2364 240 2388; x_wconf 86' lang='grc' dir='ltr'>σιν,</span> <span class='ocrx_word' id='word_1_230' title='bbox 259 2356 307 2384; x_wconf 67' lang='lat' dir='ltr'><strong>xui.</strong></span> <span class='ocrx_word' id='word_1_231' title='bbox 322 2356 397 2388; x_wconf 77' lang='grc' dir='ltr'>ὂντος</span> <span class='ocrx_word' id='word_1_232' title='bbox 411 2355 471 2383; x_wconf 82' lang='grc' dir='ltr'><strong>υἱοῦ</strong></span> <span class='ocrx_word' id='word_1_233' title='bbox 488 2356 580 2388; x_wconf 75' lang='grc' dir='ltr'>Δαὸὶδ,</span> <span class='ocrx_word' id='word_1_234' title='bbox 603 2356 650 2404; x_wconf 57' lang='grc' dir='ltr'><strong>τού</strong></span> <span class='ocrx_word' id='word_1_235' title='bbox 677 2358 706 2383; x_wconf 84' lang='grc' dir='ltr'>ἐν</span> <span class='ocrx_word' id='word_1_236' title='bbox 723 2356 904 2392; x_wconf 80' lang='grc' dir='ltr'>Ἰερουσαλὴμ</span> <span class='ocrx_word' id='word_1_237' title='bbox 930 2358 977 2392; x_wconf 82' lang='grc' dir='ltr'><strong>βα-</strong></span> <span class='ocrx_word' id='word_1_238' title='bbox 993 2375 1013 2404; x_wconf 77' lang='lat' dir='ltr'>c</span> 
     </span>
    </p>
   </div>
   <div class='ocr_carea' id='block_1_39' title="bbox 188 2400 977 2438">
    <p class='ocr_par' dir='ltr' id='par_1_39' title="bbox 188 2400 977 2438">
     <span class='ocr_line' id='line_1_39' title="bbox 188 2400 977 2438; baseline 0.003 -10"><span class='ocrx_word' id='word_1_239' title='bbox 188 2401 361 2433; x_wconf 76' lang='grc' dir='ltr'>σιλεύπαντος</span> <span class='ocrx_word' id='word_1_240' title='bbox 373 2410 381 2418; x_wconf 82' lang='lat'><strong><em>&#39;</em></strong></span> <span class='ocrx_word' id='word_1_241' title='bbox 401 2402 565 2438; x_wconf 78' lang='grc' dir='ltr'>ἐξετέθησαν</span> <span class='ocrx_word' id='word_1_242' title='bbox 577 2402 599 2429; x_wconf 80' lang='grc' dir='ltr'><strong>δ’</strong></span> <span class='ocrx_word' id='word_1_243' title='bbox 622 2400 694 2430; x_wconf 74' lang='grc' dir='ltr'>οὗτοι</span> <span class='ocrx_word' id='word_1_244' title='bbox 716 2403 782 2438; x_wconf 86' lang='grc' dir='ltr'>παρ’</span> <span class='ocrx_word' id='word_1_245' title='bbox 798 2402 893 2435; x_wconf 78' lang='grc' dir='ltr'>αὑτοῦ,</span> <span class='ocrx_word' id='word_1_246' title='bbox 907 2403 977 2430; x_wconf 82' lang='grc' dir='ltr'>ὥστε</span> 
     </span>
    </p>
   </div>
   <div class='ocr_carea' id='block_1_40' title="bbox 186 2447 557 2483">
    <p class='ocr_par' dir='ltr' id='par_1_40' title="bbox 186 2447 557 2483">
     <span class='ocr_line' id='line_1_40' title="bbox 186 2447 557 2483; baseline 0.005 -9"><span class='ocrx_word' id='word_1_247' title='bbox 186 2447 233 2474; x_wconf 78' lang='grc' dir='ltr'><strong>τὸν</strong></span> <span class='ocrx_word' id='word_1_248' title='bbox 246 2447 358 2479; x_wconf 78' lang='grc' dir='ltr'>τούτους</span> <span class='ocrx_word' id='word_1_249' title='bbox 377 2448 557 2483; x_wconf 82' lang='grc' dir='ltr'>μανθάνοντα,</span> 
     </span>
    </p>
   </div>
   <div class='ocr_carea' id='block_1_41' title="bbox 223 2492 982 2529">
    <p class='ocr_par' dir='ltr' id='par_1_41' title="bbox 223 2492 982 2529">
     <span class='ocr_line' id='line_1_41' title="bbox 223 2492 982 2529; baseline -0.003 -7"><span class='ocrx_word' id='word_1_250' title='bbox 223 2494 257 2529; x_wconf 87' lang='grc' dir='ltr'><strong>β’.</strong></span> <span class='ocrx_word' id='word_1_251' title='bbox 284 2494 402 2522; x_wconf 79' lang='grc' dir='ltr'>Γνῶναι</span> <span class='ocrx_word' id='word_1_252' title='bbox 424 2494 549 2529; x_wconf 76' lang='grc' dir='ltr'>σοφίαν,</span> <span class='ocrx_word' id='word_1_253' title='bbox 576 2493 627 2521; x_wconf 75' lang='grc' dir='ltr'>καὶ</span> <span class='ocrx_word' id='word_1_254' title='bbox 646 2492 795 2526; x_wconf 76' lang='grc' dir='ltr'>παιδείαν,</span> <span class='ocrx_word' id='word_1_255' title='bbox 817 2492 930 2527; x_wconf 77' lang='grc' dir='ltr'>νοῆσαί</span> <span class='ocrx_word' id='word_1_256' title='bbox 951 2502 982 2520; x_wconf 81' lang='grc' dir='ltr'><strong>τε</strong></span> 
     </span>
    </p>
   </div>
   <div class='ocr_carea' id='block_1_42' title="bbox 186 2539 983 2576">
    <p class='ocr_par' dir='ltr' id='par_1_42' title="bbox 186 2539 983 2576">
     <span class='ocr_line' id='line_1_42' title="bbox 186 2539 983 2576; baseline -0.004 -8"><span class='ocrx_word' id='word_1_257' title='bbox 186 2543 300 2576; x_wconf 73' lang='grc' dir='ltr'>λόγους</span> <span class='ocrx_word' id='word_1_258' title='bbox 321 2541 508 2575; x_wconf 74' lang='grc' dir='ltr'>φρονήσεως.</span> <span class='ocrx_word' id='word_1_259' title='bbox 538 2540 702 2574; x_wconf 84' lang='grc' dir='ltr'>Ἐπιγνῶναι</span> <span class='ocrx_word' id='word_1_260' title='bbox 733 2539 832 2574; x_wconf 80' lang='grc' dir='ltr'>σοφίαν</span> <span class='ocrx_word' id='word_1_261' title='bbox 854 2549 894 2572; x_wconf 84' lang='grc' dir='ltr'><strong>τε,</strong></span> <span class='ocrx_word' id='word_1_262' title='bbox 922 2540 983 2574; x_wconf 77' lang='grc' dir='ltr'>ἥτις</span> 
     </span>
    </p>
   </div>
   <div class='ocr_carea' id='block_1_43' title="bbox 187 2585 982 2622">
    <p class='ocr_par' dir='ltr' id='par_1_43' title="bbox 187 2585 982 2622">
     <span class='ocr_line' id='line_1_43' title="bbox 187 2585 982 2622; baseline 0 -10"><span class='ocrx_word' id='word_1_263' title='bbox 187 2586 262 2612; x_wconf 80' lang='grc' dir='ltr'>ἐστὶν</span> <span class='ocrx_word' id='word_1_264' title='bbox 277 2587 416 2622; x_wconf 82' lang='grc' dir='ltr'>ἐπιστήμη</span> <span class='ocrx_word' id='word_1_265' title='bbox 444 2585 524 2612; x_wconf 85' lang='grc' dir='ltr'>θείων</span> <span class='ocrx_word' id='word_1_266' title='bbox 539 2594 569 2612; x_wconf 83' lang='grc' dir='ltr'><strong>τε</strong></span> <span class='ocrx_word' id='word_1_267' title='bbox 589 2585 635 2612; x_wconf 75' lang='grc' dir='ltr'><strong>καὶ</strong></span> <span class='ocrx_word' id='word_1_268' title='bbox 659 2585 838 2620; x_wconf 84' lang='grc' dir='ltr'>ἀνθρωπίνων</span> <span class='ocrx_word' id='word_1_269' title='bbox 851 2586 982 2620; x_wconf 86' lang='grc' dir='ltr'>πραγμά-</span> 
     </span>
    </p>
   </div>
   <div class='ocr_carea' id='block_1_44' title="bbox 187 2631 980 2667">
    <p class='ocr_par' dir='ltr' id='par_1_44' title="bbox 187 2631 980 2667">
     <span class='ocr_line' id='line_1_44' title="bbox 187 2631 980 2667; baseline -0.001 -9"><span class='ocrx_word' id='word_1_270' title='bbox 187 2640 261 2659; x_wconf 86' lang='grc' dir='ltr'>των·</span> <span class='ocrx_word' id='word_1_271' title='bbox 285 2634 332 2660; x_wconf 70' lang='lat' dir='ltr'><strong>ml.</strong></span> <span class='ocrx_word' id='word_1_272' title='bbox 346 2633 483 2664; x_wconf 80' lang='grc' dir='ltr'>παιδείαν,</span> <span class='ocrx_word' id='word_1_273' title='bbox 509 2632 573 2667; x_wconf 80' lang='grc' dir='ltr'>ἥτις</span> <span class='ocrx_word' id='word_1_274' title='bbox 589 2632 662 2658; x_wconf 71' lang='grc' dir='ltr'>ἐστὶν</span> <span class='ocrx_word' id='word_1_275' title='bbox 693 2631 830 2667; x_wconf 84' lang='grc' dir='ltr'>ὠφέλιμος</span> <span class='ocrx_word' id='word_1_276' title='bbox 852 2633 886 2667; x_wconf 80' lang='grc' dir='ltr'><strong>τῇ</strong></span> <span class='ocrx_word' id='word_1_277' title='bbox 908 2631 980 2667; x_wconf 71' lang='grc' dir='ltr'><strong>ψυχῇ</strong></span> 
     </span>
    </p>
   </div>
   <div class='ocr_carea' id='block_1_45' title="bbox 188 2676 982 2712">
    <p class='ocr_par' dir='ltr' id='par_1_45' title="bbox 188 2676 982 2712">
     <span class='ocr_line' id='line_1_45' title="bbox 188 2676 982 2712; baseline -0.001 -8"><span class='ocrx_word' id='word_1_278' title='bbox 188 2677 295 2712; x_wconf 79' lang='grc' dir='ltr'>ἀγωγὴ,</span> <span class='ocrx_word' id='word_1_279' title='bbox 313 2677 451 2708; x_wconf 83' lang='grc' dir='ltr'>ἐπιπόνως</span> <span class='ocrx_word' id='word_1_280' title='bbox 466 2676 597 2708; x_wconf 78' lang='grc' dir='ltr'>πολλάκις</span> <span class='ocrx_word' id='word_1_281' title='bbox 610 2676 665 2702; x_wconf 83' lang='grc' dir='ltr'><strong>τῶν</strong></span> <span class='ocrx_word' id='word_1_282' title='bbox 681 2676 735 2703; x_wconf 81' lang='grc' dir='ltr'>ἀπὸ</span> <span class='ocrx_word' id='word_1_283' title='bbox 748 2677 849 2708; x_wconf 86' lang='grc' dir='ltr'>κακίας</span> <span class='ocrx_word' id='word_1_284' title='bbox 864 2676 982 2711; x_wconf 78' lang='grc' dir='ltr'>κηλίδων</span> 
     </span>
    </p>
   </div>
   <div class='ocr_carea' id='block_1_46' title="bbox 188 2722 981 2758">
    <p class='ocr_par' dir='ltr' id='par_1_46' title="bbox 188 2722 981 2758">
     <span class='ocr_line' id='line_1_46' title="bbox 188 2722 981 2758; baseline -0.001 -8"><span class='ocrx_word' id='word_1_285' title='bbox 188 2724 274 2758; x_wconf 63' lang='grc' dir='ltr'><strong>αᾶτὴν</strong></span> <span class='ocrx_word' id='word_1_286' title='bbox 287 2723 498 2758; x_wconf 76' lang='grc' dir='ltr'>ἐκκαθαίρουσα·</span> <span class='ocrx_word' id='word_1_287' title='bbox 517 2722 565 2749; x_wconf 85' lang='grc' dir='ltr'>καὶ</span> <span class='ocrx_word' id='word_1_288' title='bbox 583 2722 748 2750; x_wconf 79' lang='grc' dir='ltr'>καταλαϐεῖν</span> <span class='ocrx_word' id='word_1_289' title='bbox 763 2722 861 2758; x_wconf 83' lang='grc' dir='ltr'>λόγους</span> <span class='ocrx_word' id='word_1_290' title='bbox 876 2722 907 2749; x_wconf 81' lang='grc' dir='ltr'>τὸ</span> <span class='ocrx_word' id='word_1_291' title='bbox 921 2731 981 2749; x_wconf 82' lang='grc' dir='ltr'>ουν-</span> 
     </span>
    </p>
   </div>
   <div class='ocr_carea' id='block_1_47' title="bbox 187 2768 498 2803">
    <p class='ocr_par' dir='ltr' id='par_1_47' title="bbox 187 2768 498 2803">
     <span class='ocr_line' id='line_1_47' title="bbox 187 2768 498 2803; baseline 0.003 -9"><span class='ocrx_word' id='word_1_292' title='bbox 187 2770 260 2795; x_wconf 72' lang='grc' dir='ltr'>οῐτον</span> <span class='ocrx_word' id='word_1_293' title='bbox 274 2768 498 2803; x_wconf 75' lang='grc' dir='ltr'>ὑποτιθεμένους.</span> 
     </span>
    </p>
   </div>
   <div class='ocr_carea' id='block_1_48' title="bbox 221 2814 991 2850">
    <p class='ocr_par' dir='ltr' id='par_1_48' title="bbox 221 2814 991 2850">
     <span class='ocr_line' id='line_1_48' title="bbox 221 2814 991 2850; baseline 0.001 -9"><span class='ocrx_word' id='word_1_294' title='bbox 221 2818 257 2849; x_wconf 89' lang='grc' dir='ltr'><strong>γ’.</strong></span> <span class='ocrx_word' id='word_1_295' title='bbox 271 2814 419 2846; x_wconf 80' lang='grc' dir='ltr'>Δέξασθαί</span> <span class='ocrx_word' id='word_1_296' title='bbox 430 2823 462 2842; x_wconf 82' lang='grc' dir='ltr'><strong>τε</strong></span> <span class='ocrx_word' id='word_1_297' title='bbox 473 2814 606 2849; x_wconf 66' lang='grc' dir='ltr'>στροφὰς</span> <span class='ocrx_word' id='word_1_298' title='bbox 620 2814 718 2850; x_wconf 65' lang='grc' dir='ltr'>λόγων</span> <span class='ocrx_word' id='word_1_299' title='bbox 742 2815 791 2842; x_wconf 75' lang='grc' dir='ltr'>καὶ</span> <span class='ocrx_word' id='word_1_300' title='bbox 821 2815 929 2849; x_wconf 69' lang='grc' dir='ltr'>λύσεις</span> <span class='ocrx_word' id='word_1_301' title='bbox 945 2816 991 2842; x_wconf 82' lang='grc' dir='ltr'><strong>αὶ-</strong></span> 
     </span>
    </p>
   </div>
   <div class='ocr_carea' id='block_1_49' title="bbox 224 2884 431 2918">
    <p class='ocr_par' dir='ltr' id='par_1_49' title="bbox 224 2884 431 2918">
     <span class='ocr_line' id='line_1_49' title="bbox 224 2884 431 2918; baseline 0.005 -6"><span class='ocrx_word' id='word_1_302' title='bbox 224 2885 232 2901; x_wconf 87' lang='grc'>¹</span> <span class='ocrx_word' id='word_1_303' title='bbox 251 2884 330 2912; x_wconf 81' lang='lat' dir='ltr'><strong>Rom.</strong></span> <span class='ocrx_word' id='word_1_304' title='bbox 349 2893 368 2918; x_wconf 87' lang='lat' dir='ltr'><strong>I,</strong></span> <span class='ocrx_word' id='word_1_305' title='bbox 384 2885 431 2913; x_wconf 63' lang='lat'><strong>90.</strong></span> 
     </span>
    </p>
   </div>
   <div class='ocr_carea' id='block_1_50' title="bbox 1275 1027 1555 1056">
    <p class='ocr_par' dir='ltr' id='par_1_50' title="bbox 1275 1027 1555 1056">
     <span class='ocr_line' id='line_1_50' title="bbox 1275 1027 1555 1056; baseline 0.007 -2"><span class='ocrx_word' id='word_1_306' title='bbox 1275 1027 1390 1055; x_wconf 80' lang='lat' dir='ltr'><strong>CAPUT</strong></span> <span class='ocrx_word' id='word_1_307' title='bbox 1407 1027 1555 1056; x_wconf 79' lang='lat' dir='ltr'><strong>PRIMUM.</strong></span> 
     </span>
    </p>
   </div>
   <div class='ocr_carea' id='block_1_51' title="bbox 1066 1071 1822 1107">
    <p class='ocr_par' dir='ltr' id='par_1_51' title="bbox 1066 1071 1822 1107">
     <span class='ocr_line' id='line_1_51' title="bbox 1066 1071 1822 1107; baseline 0.007 -8"><span class='ocrx_word' id='word_1_308' title='bbox 1066 1071 1135 1100; x_wconf 73' lang='lat' dir='ltr'><strong>Cum</strong></span> <span class='ocrx_word' id='word_1_309' title='bbox 1152 1071 1180 1099; x_wconf 92' lang='lat' dir='ltr'><strong>in</strong></span> <span class='ocrx_word' id='word_1_310' title='bbox 1201 1072 1294 1100; x_wconf 90' lang='lat' dir='ltr'><strong>animo</strong></span> <span class='ocrx_word' id='word_1_311' title='bbox 1313 1078 1387 1101; x_wconf 90' lang='lat' dir='ltr'><strong>esset</strong></span> <span class='ocrx_word' id='word_1_312' title='bbox 1400 1074 1554 1107; x_wconf 82' lang='lat' dir='ltr'><strong>Salomoni,</strong></span> <span class='ocrx_word' id='word_1_313' title='bbox 1572 1078 1697 1103; x_wconf 85' lang='lat' dir='ltr'><strong>nostrum</strong></span> <span class='ocrx_word' id='word_1_314' title='bbox 1713 1076 1822 1104; x_wconf 82' lang='lat' dir='ltr'><strong>deside-</strong></span> 
     </span>
    </p>
   </div>
   <div class='ocr_carea' id='block_1_52' title="bbox 1031 1117 1823 1154">
    <p class='ocr_par' dir='ltr' id='par_1_52' title="bbox 1031 1117 1823 1154">
     <span class='ocr_line' id='line_1_52' title="bbox 1031 1117 1823 1154; baseline 0.006 -10"><span class='ocrx_word' id='word_1_315' title='bbox 1031 1117 1104 1144; x_wconf 86' lang='lat' dir='ltr'><strong>rium</strong></span> <span class='ocrx_word' id='word_1_316' title='bbox 1120 1124 1232 1145; x_wconf 89' lang='lat' dir='ltr'><strong>movere</strong></span> <span class='ocrx_word' id='word_1_317' title='bbox 1247 1118 1279 1145; x_wconf 77' lang='lat' dir='ltr'><strong>ad</strong></span> <span class='ocrx_word' id='word_1_318' title='bbox 1294 1118 1507 1146; x_wconf 84' lang='lat' dir='ltr'><strong>ineuarrabilem</strong></span> <span class='ocrx_word' id='word_1_319' title='bbox 1524 1120 1761 1154; x_wconf 78' lang='lat' dir='ltr'><strong>pulchritudinem</strong></span> <span class='ocrx_word' id='word_1_320' title='bbox 1780 1122 1823 1149; x_wconf 86' lang='lat' dir='ltr'><strong>di-</strong></span> 
     </span>
    </p>
   </div>
   <div class='ocr_carea' id='block_1_53' title="bbox 1032 1163 1822 1201">
    <p class='ocr_par' dir='ltr' id='par_1_53' title="bbox 1032 1163 1822 1201">
     <span class='ocr_line' id='line_1_53' title="bbox 1032 1163 1822 1201; baseline 0.006 -12"><span class='ocrx_word' id='word_1_321' title='bbox 1032 1163 1087 1190; x_wconf 78' lang='lat' dir='ltr'><strong>vini</strong></span> <span class='ocrx_word' id='word_1_322' title='bbox 1105 1163 1174 1198; x_wconf 89' lang='lat' dir='ltr'><strong>typi,</strong></span> <span class='ocrx_word' id='word_1_323' title='bbox 1195 1163 1242 1199; x_wconf 84' lang='lat' dir='ltr'><strong>qui</strong></span> <span class='ocrx_word' id='word_1_324' title='bbox 1264 1167 1308 1191; x_wconf 89' lang='lat' dir='ltr'><strong>est</strong></span> <span class='ocrx_word' id='word_1_325' title='bbox 1321 1163 1369 1191; x_wconf 90' lang='lat' dir='ltr'><strong>Dei</strong></span> <span class='ocrx_word' id='word_1_326' title='bbox 1386 1171 1417 1191; x_wconf 85' lang='lat' dir='ltr'><strong>ac</strong></span> <span class='ocrx_word' id='word_1_327' title='bbox 1437 1164 1529 1192; x_wconf 83' lang='lat' dir='ltr'><strong>Patris</strong></span> <span class='ocrx_word' id='word_1_328' title='bbox 1557 1167 1716 1201; x_wconf 70' lang='lat' dir='ltr'><strong>unigenitus</strong></span> <span class='ocrx_word' id='word_1_329' title='bbox 1736 1167 1822 1194; x_wconf 80' lang='lat' dir='ltr'><strong>Filius</strong></span> 
     </span>
    </p>
   </div>
   <div class='ocr_carea' id='block_1_54' title="bbox 1030 1205 1823 1243">
    <p class='ocr_par' dir='ltr' id='par_1_54' title="bbox 1030 1205 1823 1243">
     <span class='ocr_line' id='line_1_54' title="bbox 1030 1205 1823 1243; baseline 0.004 -9"><span class='ocrx_word' id='word_1_330' title='bbox 1030 1211 1059 1234; x_wconf 87' lang='lat' dir='ltr'><strong>et</strong></span> <span class='ocrx_word' id='word_1_331' title='bbox 1073 1205 1209 1240; x_wconf 76' lang='lat' dir='ltr'><strong>Verbum,</strong></span> <span class='ocrx_word' id='word_1_332' title='bbox 1226 1207 1304 1234; x_wconf 88' lang='lat' dir='ltr'><strong>illius</strong></span> <span class='ocrx_word' id='word_1_333' title='bbox 1324 1215 1375 1243; x_wconf 91' lang='lat' dir='ltr'><strong>per</strong></span> <span class='ocrx_word' id='word_1_334' title='bbox 1390 1215 1419 1235; x_wconf 88' lang='lat' dir='ltr'><strong>se</strong></span> <span class='ocrx_word' id='word_1_335' title='bbox 1431 1208 1578 1237; x_wconf 81' lang='lat' dir='ltr'><strong>existcnlis</strong></span> <span class='ocrx_word' id='word_1_336' title='bbox 1592 1210 1726 1237; x_wconf 72' lang='lat' dir='ltr'><strong>fortitudo</strong></span> <span class='ocrx_word' id='word_1_337' title='bbox 1736 1215 1763 1237; x_wconf 90' lang='lat' dir='ltr'><strong>et</strong></span> <span class='ocrx_word' id='word_1_338' title='bbox 1782 1218 1823 1238; x_wconf 82' lang='lat' dir='ltr'><strong>sa—</strong></span> 
     </span>
    </p>
   </div>
   <div class='ocr_carea' id='block_1_55' title="bbox 1030 1252 1822 1291">
    <p class='ocr_par' dir='ltr' id='par_1_55' title="bbox 1030 1252 1822 1291">
     <span class='ocr_line' id='line_1_55' title="bbox 1030 1252 1822 1291; baseline 0.006 -12"><span class='ocrx_word' id='word_1_339' title='bbox 1030 1252 1145 1287; x_wconf 88' lang='lat' dir='ltr'><strong>pientia,</strong></span> <span class='ocrx_word' id='word_1_340' title='bbox 1166 1260 1229 1288; x_wconf 66' lang='lat' dir='ltr'><strong>quae</strong></span> <span class='ocrx_word' id='word_1_341' title='bbox 1255 1253 1340 1280; x_wconf 88' lang='lat' dir='ltr'><strong>rebus</strong></span> <span class='ocrx_word' id='word_1_342' title='bbox 1360 1254 1517 1282; x_wconf 86' lang='lat' dir='ltr'><strong>visibilibus</strong></span> <span class='ocrx_word' id='word_1_343' title='bbox 1537 1259 1668 1290; x_wconf 87' lang='lat' dir='ltr'><strong>tanquam</strong></span> <span class='ocrx_word' id='word_1_344' title='bbox 1690 1257 1822 1291; x_wconf 78' lang='lat' dir='ltr'><strong>symbolis</strong></span> 
     </span>
    </p>
   </div>
   <div class='ocr_carea' id='block_1_56' title="bbox 1030 1299 1822 1336">
    <p class='ocr_par' dir='ltr' id='par_1_56' title="bbox 1030 1299 1822 1336">
     <span class='ocr_line' id='line_1_56' title="bbox 1030 1299 1822 1336; baseline 0.005 -11"><span class='ocrx_word' id='word_1_345' title='bbox 1030 1299 1227 1331; x_wconf 84' lang='lat' dir='ltr'><strong>annuntiatur,</strong></span> <span class='ocrx_word' id='word_1_346' title='bbox 1241 1305 1390 1327; x_wconf 83' lang='lat' dir='ltr'><strong>enumerat</strong></span> <span class='ocrx_word' id='word_1_347' title='bbox 1406 1300 1488 1328; x_wconf 86' lang='lat' dir='ltr'><strong>modo</strong></span> <span class='ocrx_word' id='word_1_348' title='bbox 1505 1301 1673 1336; x_wconf 83' lang='lat' dir='ltr'><strong>pr0verbiali</strong></span> <span class='ocrx_word' id='word_1_349' title='bbox 1688 1308 1822 1333; x_wconf 84' lang='lat' dir='ltr'><strong>venusta—</strong></span> 
     </span>
    </p>
   </div>
   <div class='ocr_carea' id='block_1_57' title="bbox 1031 1344 1822 1382">
    <p class='ocr_par' dir='ltr' id='par_1_57' title="bbox 1031 1344 1822 1382">
     <span class='ocr_line' id='line_1_57' title="bbox 1031 1344 1822 1382; baseline 0.004 -11"><span class='ocrx_word' id='word_1_350' title='bbox 1031 1349 1073 1372; x_wconf 97' lang='lat' dir='ltr'><strong>tes</strong></span> <span class='ocrx_word' id='word_1_351' title='bbox 1103 1344 1176 1380; x_wconf 82' lang='lat' dir='ltr'><strong>ejus,</strong></span> <span class='ocrx_word' id='word_1_352' title='bbox 1205 1353 1254 1380; x_wconf 91' lang='lat' dir='ltr'><strong>per</strong></span> <span class='ocrx_word' id='word_1_353' title='bbox 1277 1346 1390 1382; x_wconf 74' lang='lat' dir='ltr'><strong>modum</strong></span> <span class='ocrx_word' id='word_1_354' title='bbox 1408 1346 1634 1382; x_wconf 83' lang='lat' dir='ltr'><strong>introductionis,</strong></span> <span class='ocrx_word' id='word_1_355' title='bbox 1655 1348 1822 1376; x_wconf 84' lang='lat' dir='ltr'><strong>desiderium</strong></span> 
     </span>
    </p>
   </div>
   <div class='ocr_carea' id='block_1_58' title="bbox 1030 1390 1822 1428">
    <p class='ocr_par' dir='ltr' id='par_1_58' title="bbox 1030 1390 1822 1428">
     <span class='ocr_line' id='line_1_58' title="bbox 1030 1390 1822 1428; baseline 0.006 -11"><span class='ocrx_word' id='word_1_356' title='bbox 1030 1390 1092 1425; x_wconf 86' lang='lat' dir='ltr'><strong>ejus</strong></span> <span class='ocrx_word' id='word_1_357' title='bbox 1107 1391 1154 1426; x_wconf 92' lang='lat' dir='ltr'><strong>qui</strong></span> <span class='ocrx_word' id='word_1_358' title='bbox 1172 1391 1264 1419; x_wconf 87' lang='lat' dir='ltr'><strong>adhuc</strong></span> <span class='ocrx_word' id='word_1_359' title='bbox 1284 1392 1437 1419; x_wconf 85' lang='lat' dir='ltr'><strong>secundum</strong></span> <span class='ocrx_word' id='word_1_360' title='bbox 1457 1393 1612 1421; x_wconf 86' lang='lat' dir='ltr'><strong>animamiu</strong></span> <span class='ocrx_word' id='word_1_361' title='bbox 1625 1395 1743 1428; x_wconf 85' lang='lat' dir='ltr'><strong>puerilia</strong></span> <span class='ocrx_word' id='word_1_362' title='bbox 1758 1403 1822 1422; x_wconf 90' lang='lat' dir='ltr'><strong>ver-</strong></span> 
     </span>
    </p>
   </div>
   <div class='ocr_carea' id='block_1_59' title="bbox 1031 1436 1824 1475">
    <p class='ocr_par' dir='ltr' id='par_1_59' title="bbox 1031 1436 1824 1475">
     <span class='ocr_line' id='line_1_59' title="bbox 1031 1436 1824 1475; baseline 0.008 -13"><span class='ocrx_word' id='word_1_363' title='bbox 1031 1440 1123 1469; x_wconf 81' lang='lat' dir='ltr'><strong>satur,</strong></span> <span class='ocrx_word' id='word_1_364' title='bbox 1145 1436 1179 1462; x_wconf 89' lang='lat' dir='ltr'><strong>ad</strong></span> <span class='ocrx_word' id='word_1_365' title='bbox 1195 1444 1288 1464; x_wconf 86' lang='lat' dir='ltr'><strong>verum</strong></span> <span class='ocrx_word' id='word_1_366' title='bbox 1302 1443 1456 1465; x_wconf 83' lang='lat' dir='ltr'><strong>amatorem</strong></span> <span class='ocrx_word' id='word_1_367' title='bbox 1470 1438 1596 1472; x_wconf 77' lang='lat' dir='ltr'><strong>trahens,</strong></span> <span class='ocrx_word' id='word_1_368' title='bbox 1607 1441 1758 1475; x_wconf 74' lang='lat' dir='ltr'><strong>propositis</strong></span> <span class='ocrx_word' id='word_1_369' title='bbox 1774 1449 1824 1468; x_wconf 90' lang='lat' dir='ltr'><strong>no-</strong></span> 
     </span>
    </p>
   </div>
   <div class='ocr_carea' id='block_1_60' title="bbox 1029 1481 1822 1518">
    <p class='ocr_par' dir='ltr' id='par_1_60' title="bbox 1029 1481 1822 1518">
     <span class='ocr_line' id='line_1_60' title="bbox 1029 1481 1822 1518; baseline 0.006 -10"><span class='ocrx_word' id='word_1_370' title='bbox 1029 1481 1073 1509; x_wconf 79' lang='lat' dir='ltr'><strong>bis</strong></span> <span class='ocrx_word' id='word_1_371' title='bbox 1087 1481 1276 1517; x_wconf 66' lang='lat' dir='ltr'><strong>intelligentiae</strong></span> <span class='ocrx_word' id='word_1_372' title='bbox 1289 1482 1419 1516; x_wconf 85' lang='lat' dir='ltr'><strong>optandis</strong></span> <span class='ocrx_word' id='word_1_373' title='bbox 1433 1483 1557 1517; x_wconf 80' lang='lat' dir='ltr'><strong>gaudiis;</strong></span> <span class='ocrx_word' id='word_1_374' title='bbox 1573 1485 1718 1512; x_wconf 83' lang='lat' dir='ltr'><strong>alllueuter</strong></span> <span class='ocrx_word' id='word_1_375' title='bbox 1730 1485 1822 1518; x_wconf 82' lang='lat' dir='ltr'><strong>docet,</strong></span> 
     </span>
    </p>
   </div>
   <div class='ocr_carea' id='block_1_61' title="bbox 1031 1527 1822 1564">
    <p class='ocr_par' dir='ltr' id='par_1_61' title="bbox 1031 1527 1822 1564">
     <span class='ocr_line' id='line_1_61' title="bbox 1031 1527 1822 1564; baseline 0.008 -12"><span class='ocrx_word' id='word_1_376' title='bbox 1031 1527 1119 1554; x_wconf 85' lang='lat' dir='ltr'><strong>malos</strong></span> <span class='ocrx_word' id='word_1_377' title='bbox 1144 1527 1289 1562; x_wconf 79' lang='lat' dir='ltr'><strong>corrigens</strong></span> <span class='ocrx_word' id='word_1_378' title='bbox 1320 1535 1423 1561; x_wconf 86' lang='lat' dir='ltr'><strong>mores,</strong></span> <span class='ocrx_word' id='word_1_379' title='bbox 1443 1531 1469 1555; x_wconf 89' lang='lat' dir='ltr'><strong>et</strong></span> <span class='ocrx_word' id='word_1_380' title='bbox 1491 1528 1596 1564; x_wconf 82' lang='lat' dir='ltr'><strong>agenda</strong></span> <span class='ocrx_word' id='word_1_381' title='bbox 1621 1537 1774 1564; x_wconf 82' lang='lat' dir='ltr'><strong>exponens,</strong></span> <span class='ocrx_word' id='word_1_382' title='bbox 1794 1535 1822 1558; x_wconf 80' lang='lat' dir='ltr'><strong>et</strong></span> 
     </span>
    </p>
   </div>
   <div class='ocr_carea' id='block_1_62' title="bbox 1031 1571 1449 1607">
    <p class='ocr_par' dir='ltr' id='par_1_62' title="bbox 1031 1571 1449 1607">
     <span class='ocr_line' id='line_1_62' title="bbox 1031 1571 1449 1607; baseline 0.005 -9"><span class='ocrx_word' id='word_1_383' title='bbox 1031 1571 1155 1606; x_wconf 87' lang='lat' dir='ltr'><strong>loquitur</strong></span> <span class='ocrx_word' id='word_1_384' title='bbox 1163 1572 1230 1598; x_wconf 92' lang='lat' dir='ltr'><strong>utin</strong></span> <span class='ocrx_word' id='word_1_385' title='bbox 1244 1572 1426 1607; x_wconf 79' lang='lat' dir='ltr'><strong>inscriptione</strong></span> <span class='ocrx_word' id='word_1_386' title='bbox 1443 1582 1449 1600; x_wconf 90' lang='lat'>:</span> 
     </span>
    </p>
   </div>
   <div class='ocr_carea' id='block_1_63' title="bbox 1067 1616 1821 1655">
    <p class='ocr_par' dir='ltr' id='par_1_63' title="bbox 1067 1616 1821 1655">
     <span class='ocr_line' id='line_1_63' title="bbox 1067 1616 1821 1655; baseline 0.005 -12"><span class='ocrx_word' id='word_1_387' title='bbox 1067 1616 1149 1645; x_wconf 77' lang='lat' dir='ltr'><strong>Vens.</strong></span> <span class='ocrx_word' id='word_1_388' title='bbox 1163 1617 1190 1644; x_wconf 80' lang='lat' dir='ltr'><strong>‘l.</strong></span> <span class='ocrx_word' id='word_1_389' title='bbox 1204 1617 1347 1645; x_wconf 69' lang='lat' dir='ltr'><strong>Parabalw</strong></span> <span class='ocrx_word' id='word_1_390' title='bbox 1363 1618 1518 1646; x_wconf 76' lang='lat' dir='ltr'><strong>Salomonis</strong></span> <span class='ocrx_word' id='word_1_391' title='bbox 1537 1620 1591 1654; x_wconf 84' lang='lat' dir='ltr'><strong>ﬁlii</strong></span> <span class='ocrx_word' id='word_1_392' title='bbox 1607 1619 1702 1652; x_wconf 79' lang='lat' dir='ltr'><strong>Dauid,</strong></span> <span class='ocrx_word' id='word_1_393' title='bbox 1720 1621 1766 1655; x_wconf 83' lang='lat' dir='ltr'><strong>qui</strong></span> <span class='ocrx_word' id='word_1_394' title='bbox 1778 1629 1821 1647; x_wconf 75' lang='lat' dir='ltr'><strong>rc—</strong></span> 
     </span>
    </p>
   </div>
   <div class='ocr_carea' id='block_1_64' title="bbox 1030 1662 1822 1700">
    <p class='ocr_par' dir='ltr' id='par_1_64' title="bbox 1030 1662 1822 1700">
     <span class='ocr_line' id='line_1_64' title="bbox 1030 1662 1822 1700; baseline 0.005 -11"><span class='ocrx_word' id='word_1_395' title='bbox 1030 1663 1119 1698; x_wconf 81' lang='lat' dir='ltr'><strong>gnauit</strong></span> <span class='ocrx_word' id='word_1_396' title='bbox 1146 1663 1173 1689; x_wconf 87' lang='lat' dir='ltr'><strong>in</strong></span> <span class='ocrx_word' id='word_1_397' title='bbox 1200 1662 1362 1691; x_wconf 78' lang='lat' dir='ltr'><strong>Jerusalem.</strong></span> <span class='ocrx_word' id='word_1_398' title='bbox 1391 1663 1491 1695; x_wconf 76' lang='lat' dir='ltr'><strong>Verba,</strong></span> <span class='ocrx_word' id='word_1_399' title='bbox 1514 1673 1564 1700; x_wconf 88' lang='lat' dir='ltr'><strong>pro</strong></span> <span class='ocrx_word' id='word_1_400' title='bbox 1592 1669 1650 1692; x_wconf 83' lang='lat' dir='ltr'><strong>toto</strong></span> <span class='ocrx_word' id='word_1_401' title='bbox 1679 1666 1822 1700; x_wconf 57' lang='lat' dir='ltr'><strong>pra‘sentis</strong></span> 
     </span>
    </p>
   </div>
   <div class='ocr_carea' id='block_1_65' title="bbox 1031 1708 1817 1745">
    <p class='ocr_par' dir='ltr' id='par_1_65' title="bbox 1031 1708 1817 1745">
     <span class='ocr_line' id='line_1_65' title="bbox 1031 1708 1817 1745; baseline 0.004 -10"><span class='ocrx_word' id='word_1_402' title='bbox 1031 1710 1091 1736; x_wconf 67' lang='lat' dir='ltr'><strong>vitae</strong></span> <span class='ocrx_word' id='word_1_403' title='bbox 1103 1708 1244 1736; x_wconf 85' lang='lat' dir='ltr'><strong>curriculo</strong></span> <span class='ocrx_word' id='word_1_404' title='bbox 1258 1709 1347 1741; x_wconf 85' lang='lat' dir='ltr'><strong>utilia,</strong></span> <span class='ocrx_word' id='word_1_405' title='bbox 1363 1717 1417 1736; x_wconf 76' lang='lat' dir='ltr'><strong>non</strong></span> <span class='ocrx_word' id='word_1_406' title='bbox 1434 1710 1524 1737; x_wconf 87' lang='lat' dir='ltr'><strong>solum</strong></span> <span class='ocrx_word' id='word_1_407' title='bbox 1542 1711 1604 1745; x_wconf 83' lang='lat' dir='ltr'><strong>quia</strong></span> <span class='ocrx_word' id='word_1_408' title='bbox 1619 1715 1746 1738; x_wconf 78' lang='lat' dir='ltr'><strong>Itnturaut</strong></span> <span class='ocrx_word' id='word_1_409' title='bbox 1772 1720 1817 1738; x_wconf 84' lang='lat' dir='ltr'><strong>no-</strong></span> 
     </span>
    </p>
   </div>
   <div class='ocr_carea' id='block_1_66' title="bbox 1031 1754 1818 1792">
    <p class='ocr_par' dir='ltr' id='par_1_66' title="bbox 1031 1754 1818 1792">
     <span class='ocr_line' id='line_1_66' title="bbox 1031 1754 1818 1792; baseline 0.003 -10"><span class='ocrx_word' id='word_1_410' title='bbox 1031 1758 1117 1782; x_wconf 86' lang='lat' dir='ltr'><strong>stram</strong></span> <span class='ocrx_word' id='word_1_411' title='bbox 1129 1754 1164 1782; x_wconf 88' lang='lat' dir='ltr'><strong>ad</strong></span> <span class='ocrx_word' id='word_1_412' title='bbox 1177 1755 1280 1782; x_wconf 88' lang='lat' dir='ltr'><strong>bonum</strong></span> <span class='ocrx_word' id='word_1_413' title='bbox 1297 1760 1393 1790; x_wconf 81' lang='lat' dir='ltr'><strong>agunt,</strong></span> <span class='ocrx_word' id='word_1_414' title='bbox 1408 1755 1457 1783; x_wconf 86' lang='lat' dir='ltr'><strong>sed</strong></span> <span class='ocrx_word' id='word_1_415' title='bbox 1471 1756 1555 1783; x_wconf 87' lang='lat' dir='ltr'><strong>etiam</strong></span> <span class='ocrx_word' id='word_1_416' title='bbox 1575 1757 1639 1792; x_wconf 86' lang='lat' dir='ltr'><strong>quia</strong></span> <span class='ocrx_word' id='word_1_417' title='bbox 1659 1765 1710 1784; x_wconf 87' lang='lat' dir='ltr'><strong>nos</strong></span> <span class='ocrx_word' id='word_1_418' title='bbox 1726 1757 1760 1784; x_wconf 88' lang='lat' dir='ltr'><strong>ad</strong></span> <span class='ocrx_word' id='word_1_419' title='bbox 1773 1765 1818 1784; x_wconf 81' lang='lat' dir='ltr'><strong>ua-</strong></span> 
     </span>
    </p>
   </div>
   <div class='ocr_carea' id='block_1_67' title="bbox 1030 1800 1820 1837">
    <p class='ocr_par' dir='ltr' id='par_1_67' title="bbox 1030 1800 1820 1837">
     <span class='ocr_line' id='line_1_67' title="bbox 1030 1800 1820 1837; baseline 0.006 -12"><span class='ocrx_word' id='word_1_420' title='bbox 1030 1800 1148 1827; x_wconf 77' lang='lat' dir='ltr'><strong>turaleiu</strong></span> <span class='ocrx_word' id='word_1_421' title='bbox 1180 1800 1330 1828; x_wconf 84' lang='lat' dir='ltr'><strong>veritatum</strong></span> <span class='ocrx_word' id='word_1_422' title='bbox 1364 1801 1392 1828; x_wconf 92' lang='lat' dir='ltr'><strong>in</strong></span> <span class='ocrx_word' id='word_1_423' title='bbox 1414 1801 1514 1836; x_wconf 88' lang='lat' dir='ltr'><strong>spiritu</strong></span> <span class='ocrx_word' id='word_1_424' title='bbox 1561 1803 1820 1837; x_wconf 83' lang='lat' dir='ltr'><strong>contemplationem</strong></span> 
     </span>
    </p>
   </div>
   <div class='ocr_carea' id='block_1_68' title="bbox 1030 1849 1820 1885">
    <p class='ocr_par' dir='ltr' id='par_1_68' title="bbox 1030 1849 1820 1885">
     <span class='ocr_line' id='line_1_68' title="bbox 1030 1849 1820 1885; baseline 0.003 -9"><span class='ocrx_word' id='word_1_425' title='bbox 1030 1849 1195 1876; x_wconf 88' lang='lat' dir='ltr'><strong>conducunt</strong></span> <span class='ocrx_word' id='word_1_426' title='bbox 1212 1857 1219 1876; x_wconf 90' lang='lat'><strong>:</strong></span> <span class='ocrx_word' id='word_1_427' title='bbox 1235 1857 1354 1884; x_wconf 80' lang='lat' dir='ltr'><strong>quarum</strong></span> <span class='ocrx_word' id='word_1_428' title='bbox 1378 1849 1664 1883; x_wconf 76' lang='lat' dir='ltr'><strong>manifestatimlibus,</strong></span> <span class='ocrx_word' id='word_1_429' title='bbox 1688 1854 1820 1885; x_wconf 79' lang='lat' dir='ltr'><strong>tanquam</strong></span> 
     </span>
    </p>
   </div>
   <div class='ocr_carea' id='block_1_69' title="bbox 1031 1893 1821 1929">
    <p class='ocr_par' dir='ltr' id='par_1_69' title="bbox 1031 1893 1821 1929">
     <span class='ocr_line' id='line_1_69' title="bbox 1031 1893 1821 1929; baseline 0.003 -8"><span class='ocrx_word' id='word_1_430' title='bbox 1031 1893 1059 1921; x_wconf 93' lang='lat' dir='ltr'><strong>in</strong></span> <span class='ocrx_word' id='word_1_431' title='bbox 1081 1894 1205 1928; x_wconf 88' lang='lat' dir='ltr'><strong>speculis</strong></span> <span class='ocrx_word' id='word_1_432' title='bbox 1224 1898 1251 1922; x_wconf 91' lang='lat' dir='ltr'><strong>et</strong></span> <span class='ocrx_word' id='word_1_433' title='bbox 1276 1895 1482 1929; x_wconf 71' lang='lat' dir='ltr'><strong>mnigmatibus,</strong></span> <span class='ocrx_word' id='word_1_434' title='bbox 1509 1895 1556 1922; x_wconf 86' lang='lat' dir='ltr'><strong>Dei</strong></span> <span class='ocrx_word' id='word_1_435' title='bbox 1575 1895 1754 1923; x_wconf 85' lang='lat' dir='ltr'><strong>innotescunt</strong></span> <span class='ocrx_word' id='word_1_436' title='bbox 1774 1904 1821 1924; x_wconf 86' lang='lat' dir='ltr'><strong>vo-</strong></span> 
     </span>
    </p>
   </div>
   <div class='ocr_carea' id='block_1_70' title="bbox 1030 1939 1822 1977">
    <p class='ocr_par' dir='ltr' id='par_1_70' title="bbox 1030 1939 1822 1977">
     <span class='ocr_line' id='line_1_70' title="bbox 1030 1939 1822 1977; baseline 0.005 -11"><span class='ocrx_word' id='word_1_437' title='bbox 1030 1939 1155 1967; x_wconf 74' lang='lat' dir='ltr'><strong>luntates</strong></span> <span class='ocrx_word' id='word_1_438' title='bbox 1175 1944 1204 1966; x_wconf 73' lang='lat' dir='ltr'><strong>Ill.</strong></span> <span class='ocrx_word' id='word_1_439' title='bbox 1224 1940 1348 1968; x_wconf 85' lang='lat' dir='ltr'><strong>rationes</strong></span> <span class='ocrx_word' id='word_1_440' title='bbox 1364 1949 1469 1973; x_wconf 86' lang='lat' dir='ltr'><strong>rerum,</strong></span> <span class='ocrx_word' id='word_1_441' title='bbox 1496 1942 1651 1969; x_wconf 85' lang='lat' dir='ltr'><strong>secundum</strong></span> <span class='ocrx_word' id='word_1_442' title='bbox 1670 1950 1738 1977; x_wconf 85' lang='lat' dir='ltr'><strong>quas</strong></span> <span class='ocrx_word' id='word_1_443' title='bbox 1761 1951 1822 1970; x_wconf 82' lang='grc'><strong>0111·</strong></span> 
     </span>
    </p>
   </div>
   <div class='ocr_carea' id='block_1_71' title="bbox 1030 1985 1822 2016">
    <p class='ocr_par' dir='ltr' id='par_1_71' title="bbox 1030 1985 1822 2016">
     <span class='ocr_line' id='line_1_71' title="bbox 1030 1985 1822 2016; baseline 0.005 -4"><span class='ocrx_word' id='word_1_444' title='bbox 1030 1985 1076 2012; x_wconf 90' lang='lat' dir='ltr'><strong>nia</strong></span> <span class='ocrx_word' id='word_1_445' title='bbox 1092 1985 1166 2012; x_wconf 80' lang='lat' dir='ltr'><strong>facta</strong></span> <span class='ocrx_word' id='word_1_446' title='bbox 1182 1990 1247 2013; x_wconf 92' lang='lat' dir='ltr'><strong>sunt</strong></span> <span class='ocrx_word' id='word_1_447' title='bbox 1264 1994 1271 2012; x_wconf 89' lang='lat'><strong>:</strong></span> <span class='ocrx_word' id='word_1_448' title='bbox 1291 1995 1300 2012; x_wconf 77' lang='grc' dir='ltr'><strong>ι</strong></span> <span class='ocrx_word' id='word_1_449' title='bbox 1321 1985 1474 2013; x_wconf 81' lang='lat' dir='ltr'><strong>lnvisibilia</strong></span> <span class='ocrx_word' id='word_1_450' title='bbox 1486 1987 1561 2014; x_wconf 86' lang='lat' dir='ltr'><strong>enim</strong></span> <span class='ocrx_word' id='word_1_451' title='bbox 1581 1987 1626 2015; x_wconf 91' lang='lat' dir='ltr'><strong>Dei</strong></span> <span class='ocrx_word' id='word_1_452' title='bbox 1644 1995 1659 2014; x_wconf 88' lang='lat' dir='ltr'><strong>a</strong></span> <span class='ocrx_word' id='word_1_453' title='bbox 1680 1989 1822 2016; x_wconf 85' lang='lat' dir='ltr'><strong>creatione</strong></span> 
     </span>
    </p>
   </div>
   <div class='ocr_carea' id='block_1_72' title="bbox 1030 2030 1821 2069">
    <p class='ocr_par' dir='ltr' id='par_1_72' title="bbox 1030 2030 1821 2069">
     <span class='ocr_line' id='line_1_72' title="bbox 1030 2030 1821 2069; baseline 0.008 -13"><span class='ocrx_word' id='word_1_454' title='bbox 1030 2030 1138 2062; x_wconf 90' lang='lat' dir='ltr'><strong>mundi,</strong></span> <span class='ocrx_word' id='word_1_455' title='bbox 1164 2031 1298 2065; x_wconf 73' lang='lat' dir='ltr'><strong>operibus</strong></span> <span class='ocrx_word' id='word_1_456' title='bbox 1324 2031 1466 2059; x_wconf 82' lang='lat' dir='ltr'><strong>intellecta</strong></span> <span class='ocrx_word' id='word_1_457' title='bbox 1491 2032 1716 2061; x_wconf 82' lang='lat' dir='ltr'><strong>declarantur&#39;:</strong></span> <span class='ocrx_word' id='word_1_458' title='bbox 1739 2043 1748 2060; x_wconf 78' lang='grc' dir='ltr'><strong>ι</strong></span> <span class='ocrx_word' id='word_1_459' title='bbox 1773 2043 1821 2069; x_wconf 92' lang='lat' dir='ltr'><strong>per</strong></span> 
     </span>
    </p>
   </div>
   <div class='ocr_carea' id='block_1_73' title="bbox 1030 2077 1819 2115">
    <p class='ocr_par' dir='ltr' id='par_1_73' title="bbox 1030 2077 1819 2115">
     <span class='ocr_line' id='line_1_73' title="bbox 1030 2077 1819 2115; baseline 0.005 -12"><span class='ocrx_word' id='word_1_460' title='bbox 1030 2077 1088 2103; x_wconf 61' lang='lat' dir='ltr'><strong>hwc</strong></span> <span class='ocrx_word' id='word_1_461' title='bbox 1107 2077 1204 2108; x_wconf 87' lang='lat' dir='ltr'><strong>verba,</strong></span> <span class='ocrx_word' id='word_1_462' title='bbox 1220 2085 1294 2104; x_wconf 90' lang='lat' dir='ltr'><strong>nunc</strong></span> <span class='ocrx_word' id='word_1_463' title='bbox 1311 2077 1385 2104; x_wconf 90' lang='lat' dir='ltr'><strong>aliud</strong></span> <span class='ocrx_word' id='word_1_464' title='bbox 1406 2085 1441 2105; x_wconf 79' lang='lat' dir='ltr'><strong>ex</strong></span> <span class='ocrx_word' id='word_1_465' title='bbox 1462 2086 1495 2105; x_wconf 90' lang='lat' dir='ltr'><strong>eo</strong></span> <span class='ocrx_word' id='word_1_466' title='bbox 1517 2079 1590 2113; x_wconf 90' lang='lat' dir='ltr'><strong>quod</strong></span> <span class='ocrx_word' id='word_1_467' title='bbox 1611 2078 1680 2107; x_wconf 84' lang='lat' dir='ltr'><strong>foris</strong></span> <span class='ocrx_word' id='word_1_468' title='bbox 1694 2084 1819 2115; x_wconf 82' lang='lat' dir='ltr'><strong>apparet,</strong></span> 
     </span>
    </p>
   </div>
   <div class='ocr_carea' id='block_1_74' title="bbox 1030 2123 1820 2160">
    <p class='ocr_par' dir='ltr' id='par_1_74' title="bbox 1030 2123 1820 2160">
     <span class='ocr_line' id='line_1_74' title="bbox 1030 2123 1820 2160; baseline 0.006 -11"><span class='ocrx_word' id='word_1_469' title='bbox 1030 2130 1103 2149; x_wconf 88' lang='lat' dir='ltr'><strong>nunc</strong></span> <span class='ocrx_word' id='word_1_470' title='bbox 1117 2123 1192 2150; x_wconf 80' lang='lat' dir='ltr'><strong>aliud</strong></span> <span class='ocrx_word' id='word_1_471' title='bbox 1208 2130 1241 2150; x_wconf 84' lang='lat' dir='ltr'><strong>ex</strong></span> <span class='ocrx_word' id='word_1_472' title='bbox 1258 2131 1291 2151; x_wconf 82' lang='lat' dir='ltr'><strong>eo</strong></span> <span class='ocrx_word' id='word_1_473' title='bbox 1304 2123 1376 2158; x_wconf 91' lang='lat' dir='ltr'><strong>quod</strong></span> <span class='ocrx_word' id='word_1_474' title='bbox 1392 2124 1576 2159; x_wconf 80' lang='lat' dir='ltr'><strong>intelligentia</strong></span> <span class='ocrx_word' id='word_1_475' title='bbox 1597 2126 1716 2160; x_wconf 85' lang='lat' dir='ltr'><strong>capitur,</strong></span> <span class='ocrx_word' id='word_1_476' title='bbox 1731 2127 1820 2154; x_wconf 77' lang='lat' dir='ltr'><strong>deter-</strong></span> 
     </span>
    </p>
   </div>
   <div class='ocr_carea' id='block_1_75' title="bbox 1030 2168 1821 2205">
    <p class='ocr_par' dir='ltr' id='par_1_75' title="bbox 1030 2168 1821 2205">
     <span class='ocr_line' id='line_1_75' title="bbox 1030 2168 1821 2205; baseline 0.006 -11"><span class='ocrx_word' id='word_1_477' title='bbox 1030 2169 1162 2195; x_wconf 88' lang='lat' dir='ltr'><strong>minatur.</strong></span> <span class='ocrx_word' id='word_1_478' title='bbox 1181 2168 1250 2196; x_wconf 76' lang='lat' dir='ltr'><strong>Ecce</strong></span> <span class='ocrx_word' id='word_1_479' title='bbox 1266 2176 1330 2204; x_wconf 78' lang='lat' dir='ltr'><strong>ergo</strong></span> <span class='ocrx_word' id='word_1_480' title='bbox 1349 2170 1446 2202; x_wconf 83' lang='lat' dir='ltr'><strong>verba,</strong></span> <span class='ocrx_word' id='word_1_481' title='bbox 1472 2170 1574 2205; x_wconf 90' lang='lat' dir='ltr'><strong>quibus</strong></span> <span class='ocrx_word' id='word_1_482' title='bbox 1589 2176 1707 2198; x_wconf 74' lang='lat' dir='ltr'><strong>certatur</strong></span> <span class='ocrx_word' id='word_1_483' title='bbox 1723 2179 1772 2199; x_wconf 82' lang='lat' dir='ltr'><strong>nos</strong></span> <span class='ocrx_word' id='word_1_484' title='bbox 1787 2173 1821 2199; x_wconf 84' lang='lat' dir='ltr'><strong>:ul</strong></span> 
     </span>
    </p>
   </div>
   <div class='ocr_carea' id='block_1_76' title="bbox 1030 2215 1822 2252">
    <p class='ocr_par' dir='ltr' id='par_1_76' title="bbox 1030 2215 1822 2252">
     <span class='ocr_line' id='line_1_76' title="bbox 1030 2215 1822 2252; baseline 0.008 -13"><span class='ocrx_word' id='word_1_485' title='bbox 1030 2220 1124 2248; x_wconf 87' lang='lat' dir='ltr'><strong>pacem</strong></span> <span class='ocrx_word' id='word_1_486' title='bbox 1141 2218 1167 2240; x_wconf 89' lang='lat' dir='ltr'><strong>et</strong></span> <span class='ocrx_word' id='word_1_487' title='bbox 1189 2222 1252 2241; x_wconf 94' lang='lat' dir='ltr'><strong>cum</strong></span> <span class='ocrx_word' id='word_1_488' title='bbox 1274 2215 1483 2250; x_wconf 82' lang='lat' dir='ltr'><strong>nobismetipsis</strong></span> <span class='ocrx_word' id='word_1_489' title='bbox 1498 2236 1506 2248; x_wconf 85' lang='lat'><strong>,</strong></span> <span class='ocrx_word' id='word_1_490' title='bbox 1533 2219 1560 2243; x_wconf 88' lang='lat' dir='ltr'><strong>et</strong></span> <span class='ocrx_word' id='word_1_491' title='bbox 1583 2224 1645 2243; x_wconf 93' lang='lat' dir='ltr'><strong>eum</strong></span> <span class='ocrx_word' id='word_1_492' title='bbox 1660 2217 1778 2252; x_wconf 76' lang='lat' dir='ltr'><strong>angelis.</strong></span> <span class='ocrx_word' id='word_1_493' title='bbox 1794 2224 1822 2246; x_wconf 91' lang='lat' dir='ltr'><strong>et</strong></span> 
     </span>
    </p>
   </div>
   <div class='ocr_carea' id='block_1_77' title="bbox 1029 2258 1821 2296">
    <p class='ocr_par' dir='ltr' id='par_1_77' title="bbox 1029 2258 1821 2296">
     <span class='ocr_line' id='line_1_77' title="bbox 1029 2258 1821 2296; baseline 0.009 -11"><span class='ocrx_word' id='word_1_494' title='bbox 1029 2266 1092 2286; x_wconf 90' lang='lat' dir='ltr'><strong>cum</strong></span> <span class='ocrx_word' id='word_1_495' title='bbox 1119 2258 1173 2286; x_wconf 90' lang='lat' dir='ltr'><strong>Deo</strong></span> <span class='ocrx_word' id='word_1_496' title='bbox 1198 2259 1346 2292; x_wconf 82' lang='lat' dir='ltr'><strong>adducere,</strong></span> <span class='ocrx_word' id='word_1_497' title='bbox 1362 2260 1491 2288; x_wconf 83' lang='lat' dir='ltr'><strong>Salomon</strong></span> <span class='ocrx_word' id='word_1_498' title='bbox 1511 2261 1657 2296; x_wconf 72' lang='lat' dir='ltr'><strong>(Paciﬁcas</strong></span> <span class='ocrx_word' id='word_1_499' title='bbox 1679 2263 1752 2290; x_wconf 86' lang='lat' dir='ltr'><strong>enim</strong></span> <span class='ocrx_word' id='word_1_500' title='bbox 1770 2262 1821 2292; x_wconf 79' lang='lat' dir='ltr'><strong>Sa-</strong></span> 
     </span>
    </p>
   </div>
   <div class='ocr_carea' id='block_1_78' title="bbox 1030 2305 1819 2344">
    <p class='ocr_par' dir='ltr' id='par_1_78' title="bbox 1030 2305 1819 2344">
     <span class='ocr_line' id='line_1_78' title="bbox 1030 2305 1819 2344; baseline 0.006 -12"><span class='ocrx_word' id='word_1_501' title='bbox 1030 2305 1122 2333; x_wconf 91' lang='lat' dir='ltr'><strong>lomon</strong></span> <span class='ocrx_word' id='word_1_502' title='bbox 1136 2306 1360 2341; x_wconf 85' lang='lat' dir='ltr'><strong>interpretatur),</strong></span> <span class='ocrx_word' id='word_1_503' title='bbox 1375 2307 1422 2342; x_wconf 89' lang='lat' dir='ltr'><strong>qui</strong></span> <span class='ocrx_word' id='word_1_504' title='bbox 1435 2308 1543 2342; x_wconf 83' lang='lat' dir='ltr'><strong>accepit</strong></span> <span class='ocrx_word' id='word_1_505' title='bbox 1557 2315 1571 2333; x_wconf 86' lang='lat' dir='ltr'><strong>a</strong></span> <span class='ocrx_word' id='word_1_506' title='bbox 1586 2308 1640 2335; x_wconf 92' lang='lat' dir='ltr'><strong>Deo</strong></span> <span class='ocrx_word' id='word_1_507' title='bbox 1657 2309 1819 2344; x_wconf 74' lang='lat' dir='ltr'><strong>sapientiam</strong></span> 
     </span>
    </p>
   </div>
   <div class='ocr_carea' id='block_1_79' title="bbox 1030 2351 1822 2391">
    <p class='ocr_par' dir='ltr' id='par_1_79' title="bbox 1030 2351 1822 2391">
     <span class='ocr_line' id='line_1_79' title="bbox 1030 2351 1822 2391; baseline 0.006 -13"><span class='ocrx_word' id='word_1_508' title='bbox 1030 2356 1057 2378; x_wconf 89' lang='lat' dir='ltr'><strong>et</strong></span> <span class='ocrx_word' id='word_1_509' title='bbox 1070 2352 1256 2386; x_wconf 86' lang='lat' dir='ltr'><strong>prudentiam,</strong></span> <span class='ocrx_word' id='word_1_510' title='bbox 1282 2351 1483 2387; x_wconf 81' lang='lat' dir='ltr'><strong>fuitque-ﬁlius</strong></span> <span class='ocrx_word' id='word_1_511' title='bbox 1514 2353 1612 2386; x_wconf 83' lang='lat' dir='ltr'><strong>David,</strong></span> <span class='ocrx_word' id='word_1_512' title='bbox 1627 2355 1674 2389; x_wconf 91' lang='lat' dir='ltr'><strong>qui</strong></span> <span class='ocrx_word' id='word_1_513' title='bbox 1697 2359 1822 2391; x_wconf 79' lang='lat' dir='ltr'><strong>regnavit</strong></span> 
     </span>
    </p>
   </div>
   <div class='ocr_carea' id='block_1_80' title="bbox 1031 2397 1821 2438">
    <p class='ocr_par' dir='ltr' id='par_1_80' title="bbox 1031 2397 1821 2438">
     <span class='ocr_line' id='line_1_80' title="bbox 1031 2397 1821 2438; baseline 0.008 -13"><span class='ocrx_word' id='word_1_514' title='bbox 1031 2398 1058 2425; x_wconf 93' lang='lat' dir='ltr'><strong>in</strong></span> <span class='ocrx_word' id='word_1_515' title='bbox 1071 2397 1225 2426; x_wconf 83' lang='lat' dir='ltr'><strong>Jerusalem</strong></span> <span class='ocrx_word' id='word_1_516' title='bbox 1241 2407 1248 2425; x_wconf 89' lang='lat'><strong>:</strong></span> <span class='ocrx_word' id='word_1_517' title='bbox 1265 2407 1326 2434; x_wconf 70' lang='lat' dir='ltr'><strong>qua:</strong></span> <span class='ocrx_word' id='word_1_518' title='bbox 1342 2400 1478 2435; x_wconf 80' lang='lat' dir='ltr'><strong>explicata</strong></span> <span class='ocrx_word' id='word_1_519' title='bbox 1495 2400 1573 2428; x_wconf 78' lang='lat' dir='ltr'><strong>fuere</strong></span> <span class='ocrx_word' id='word_1_520' title='bbox 1583 2401 1618 2428; x_wconf 90' lang='lat' dir='ltr'><strong>ab</strong></span> <span class='ocrx_word' id='word_1_521' title='bbox 1629 2409 1673 2434; x_wconf 82' lang='lat' dir='ltr'><strong>eo,</strong></span> <span class='ocrx_word' id='word_1_522' title='bbox 1690 2406 1821 2438; x_wconf 81' lang='lat' dir='ltr'><strong>tanquam</strong></span> 
     </span>
    </p>
   </div>
   <div class='ocr_carea' id='block_1_81' title="bbox 1030 2445 1225 2479">
    <p class='ocr_par' dir='ltr' id='par_1_81' title="bbox 1030 2445 1225 2479">
     <span class='ocr_line' id='line_1_81' title="bbox 1030 2445 1225 2479; baseline 0 -7"><span class='ocrx_word' id='word_1_523' title='bbox 1030 2453 1078 2472; x_wconf 76' lang='lat' dir='ltr'><strong>eos</strong></span> <span class='ocrx_word' id='word_1_524' title='bbox 1095 2445 1225 2479; x_wconf 86' lang='lat' dir='ltr'><strong>docente,</strong></span> 
     </span>
    </p>
   </div>
   <div class='ocr_carea' id='block_1_82' title="bbox 1066 2492 1822 2529">
    <p class='ocr_par' dir='ltr' id='par_1_82' title="bbox 1066 2492 1822 2529">
     <span class='ocr_line' id='line_1_82' title="bbox 1066 2492 1822 2529; baseline 0.004 -10"><span class='ocrx_word' id='word_1_525' title='bbox 1066 2492 1153 2520; x_wconf 72' lang='lat' dir='ltr'><strong>Vens.</strong></span> <span class='ocrx_word' id='word_1_526' title='bbox 1163 2492 1192 2519; x_wconf 73' lang='grc'><strong>2.</strong></span> <span class='ocrx_word' id='word_1_527' title='bbox 1209 2492 1249 2518; x_wconf 78' lang='lat' dir='ltr'><strong>Ad</strong></span> <span class='ocrx_word' id='word_1_528' title='bbox 1270 2492 1406 2520; x_wconf 78' lang='lat' dir='ltr'><strong>sciendum</strong></span> <span class='ocrx_word' id='word_1_529' title='bbox 1421 2494 1584 2528; x_wconf 72' lang='lat' dir='ltr'><strong>sapientiam</strong></span> <span class='ocrx_word' id='word_1_530' title='bbox 1599 2498 1624 2521; x_wconf 78' lang='lat' dir='ltr'><strong>et</strong></span> <span class='ocrx_word' id='word_1_531' title='bbox 1637 2494 1822 2529; x_wconf 75' lang='lat' dir='ltr'><strong>disciplinam,</strong></span> 
     </span>
    </p>
   </div>
   <div class='ocr_carea' id='block_1_83' title="bbox 1032 2538 1822 2585">
    <p class='ocr_par' dir='ltr' id='par_1_83' title="bbox 1032 2538 1822 2585">
     <span class='ocr_line' id='line_1_83' title="bbox 1032 2538 1822 2585; baseline 0.004 -20"><span class='ocrx_word' id='word_1_532' title='bbox 1032 2538 1068 2565; x_wconf 86' lang='lat' dir='ltr'><strong>ad</strong></span> <span class='ocrx_word' id='word_1_533' title='bbox 1088 2538 1262 2574; x_wconf 77' lang='lat' dir='ltr'><strong>intelligenda</strong></span> <span class='ocrx_word' id='word_1_534' title='bbox 1277 2538 1355 2566; x_wconf 81' lang='lat' dir='ltr'><strong>verba</strong></span> <span class='ocrx_word' id='word_1_535' title='bbox 1368 2539 1530 2574; x_wconf 79' lang='lat' dir='ltr'><strong>prudentiw.</strong></span> <span class='ocrx_word' id='word_1_536' title='bbox 1540 2540 1588 2585; x_wconf 58' lang='grc' dir='ltr'><strong>ξᾹιΙ</strong></span> <span class='ocrx_word' id='word_1_537' title='bbox 1601 2542 1822 2575; x_wconf 75' lang='lat' dir='ltr'><strong>cognoscendam</strong></span> 
     </span>
    </p>
   </div>
   <div class='ocr_carea' id='block_1_84' title="bbox 1032 2584 1823 2622">
    <p class='ocr_par' dir='ltr' id='par_1_84' title="bbox 1032 2584 1823 2622">
     <span class='ocr_line' id='line_1_84' title="bbox 1032 2584 1823 2622; baseline 0.005 -12"><span class='ocrx_word' id='word_1_538' title='bbox 1032 2584 1208 2619; x_wconf 87' lang='lat' dir='ltr'><strong>sapientiam,</strong></span> <span class='ocrx_word' id='word_1_539' title='bbox 1237 2591 1298 2619; x_wconf 73' lang='lat' dir='ltr'><strong>qua:</strong></span> <span class='ocrx_word' id='word_1_540' title='bbox 1331 2588 1373 2612; x_wconf 87' lang='lat' dir='ltr'><strong>est</strong></span> <span class='ocrx_word' id='word_1_541' title='bbox 1397 2584 1554 2612; x_wconf 79' lang='lat' dir='ltr'><strong>divinarum</strong></span> <span class='ocrx_word' id='word_1_542' title='bbox 1584 2586 1823 2622; x_wconf 86' lang='lat' dir='ltr'><strong>humanarumque</strong></span> 
     </span>
    </p>
   </div>
   <div class='ocr_carea' id='block_1_85' title="bbox 1033 2629 1823 2665">
    <p class='ocr_par' dir='ltr' id='par_1_85' title="bbox 1033 2629 1823 2665">
     <span class='ocr_line' id='line_1_85' title="bbox 1033 2629 1823 2665; baseline 0.005 -9"><span class='ocrx_word' id='word_1_543' title='bbox 1033 2637 1126 2657; x_wconf 90' lang='lat' dir='ltr'><strong>rerum</strong></span> <span class='ocrx_word' id='word_1_544' title='bbox 1154 2629 1344 2657; x_wconf 87' lang='lat' dir='ltr'><strong>seientia:—</strong></span> <span class='ocrx_word' id='word_1_545' title='bbox 1369 2630 1559 2665; x_wconf 84' lang='lat' dir='ltr'><strong>disciplinam,</strong></span> <span class='ocrx_word' id='word_1_546' title='bbox 1588 2639 1650 2665; x_wconf 74' lang='lat' dir='ltr'><strong>quae</strong></span> <span class='ocrx_word' id='word_1_547' title='bbox 1677 2637 1716 2660; x_wconf 90' lang='lat' dir='ltr'><strong>est</strong></span> <span class='ocrx_word' id='word_1_548' title='bbox 1746 2633 1823 2660; x_wconf 80' lang='lat' dir='ltr'><strong>utilis</strong></span> 
     </span>
    </p>
   </div>
   <div class='ocr_carea' id='block_1_86' title="bbox 1032 2677 1822 2715">
    <p class='ocr_par' dir='ltr' id='par_1_86' title="bbox 1032 2677 1822 2715">
     <span class='ocr_line' id='line_1_86' title="bbox 1032 2677 1822 2715; baseline 0.005 -11"><span class='ocrx_word' id='word_1_549' title='bbox 1032 2677 1132 2705; x_wconf 73' lang='lat' dir='ltr'><strong>anima:</strong></span> <span class='ocrx_word' id='word_1_550' title='bbox 1151 2677 1302 2711; x_wconf 85' lang='lat' dir='ltr'><strong>institutio,</strong></span> <span class='ocrx_word' id='word_1_551' title='bbox 1321 2677 1397 2705; x_wconf 82' lang='lat' dir='ltr'><strong>illam</strong></span> <span class='ocrx_word' id='word_1_552' title='bbox 1419 2686 1482 2706; x_wconf 87' lang='lat' dir='ltr'><strong>cum</strong></span> <span class='ocrx_word' id='word_1_553' title='bbox 1497 2679 1584 2706; x_wconf 84' lang='lat' dir='ltr'><strong>multo</strong></span> <span class='ocrx_word' id='word_1_554' title='bbox 1598 2687 1670 2715; x_wconf 68' lang='lat' dir='ltr'><strong>smpe</strong></span> <span class='ocrx_word' id='word_1_555' title='bbox 1692 2679 1785 2708; x_wconf 79' lang='lat' dir='ltr'><strong>labore</strong></span> <span class='ocrx_word' id='word_1_556' title='bbox 1807 2689 1822 2708; x_wconf 93' lang='lat' dir='ltr'><strong>a</strong></span> 
     </span>
    </p>
   </div>
   <div class='ocr_carea' id='block_1_87' title="bbox 1031 2723 1822 2762">
    <p class='ocr_par' dir='ltr' id='par_1_87' title="bbox 1031 2723 1822 2762">
     <span class='ocr_line' id='line_1_87' title="bbox 1031 2723 1822 2762; baseline 0.009 -13"><span class='ocrx_word' id='word_1_557' title='bbox 1031 2723 1151 2750; x_wconf 84' lang='lat' dir='ltr'><strong>maculis</strong></span> <span class='ocrx_word' id='word_1_558' title='bbox 1170 2723 1301 2750; x_wconf 79' lang='lat' dir='ltr'><strong>vitiorum</strong></span> <span class='ocrx_word' id='word_1_559' title='bbox 1333 2724 1503 2759; x_wconf 82' lang='lat' dir='ltr'><strong>puriﬁcans;</strong></span> <span class='ocrx_word' id='word_1_560' title='bbox 1526 2739 1562 2745; x_wconf 92' lang='lat'><strong>——</strong></span> <span class='ocrx_word' id='word_1_561' title='bbox 1584 2725 1618 2753; x_wconf 88' lang='lat' dir='ltr'><strong>ad</strong></span> <span class='ocrx_word' id='word_1_562' title='bbox 1645 2726 1822 2762; x_wconf 76' lang='lat' dir='ltr'><strong>intelligenda</strong></span> 
     </span>
    </p>
   </div>
   <div class='ocr_carea' id='block_1_88' title="bbox 1033 2768 1568 2804">
    <p class='ocr_par' dir='ltr' id='par_1_88' title="bbox 1033 2768 1568 2804">
     <span class='ocr_line' id='line_1_88' title="bbox 1033 2768 1568 2804; baseline 0.007 -9"><span class='ocrx_word' id='word_1_563' title='bbox 1033 2768 1127 2802; x_wconf 85' lang='lat' dir='ltr'><strong>verba,</strong></span> <span class='ocrx_word' id='word_1_564' title='bbox 1145 2776 1207 2804; x_wconf 81' lang='lat' dir='ltr'><strong>quae</strong></span> <span class='ocrx_word' id='word_1_565' title='bbox 1225 2770 1421 2798; x_wconf 85' lang='lat' dir='ltr'><strong>convenientia</strong></span> <span class='ocrx_word' id='word_1_566' title='bbox 1439 2771 1568 2799; x_wconf 83' lang='lat' dir='ltr'><strong>doceant.</strong></span> 
     </span>
    </p>
   </div>
   <div class='ocr_carea' id='block_1_89' title="bbox 1079 2815 1823 2855">
    <p class='ocr_par' dir='ltr' id='par_1_89' title="bbox 1079 2815 1823 2855">
     <span class='ocr_line' id='line_1_89' title="bbox 1079 2815 1823 2855; baseline 0.008 -11"><span class='ocrx_word' id='word_1_567' title='bbox 1079 2815 1165 2846; x_wconf 70' lang='lat' dir='ltr'><strong>Vens.</strong></span> <span class='ocrx_word' id='word_1_568' title='bbox 1188 2818 1215 2845; x_wconf 77' lang='lat'><strong>&#39;5.</strong></span> <span class='ocrx_word' id='word_1_569' title='bbox 1246 2819 1287 2847; x_wconf 74' lang='lat' dir='ltr'><strong><em>Ad</em></strong></span> <span class='ocrx_word' id='word_1_570' title='bbox 1309 2821 1505 2855; x_wconf 68' lang='lat' dir='ltr'><strong>suscipiendum</strong></span> <span class='ocrx_word' id='word_1_571' title='bbox 1532 2823 1669 2851; x_wconf 77' lang='lat' dir='ltr'><strong>verborum</strong></span> <span class='ocrx_word' id='word_1_572' title='bbox 1695 2824 1823 2855; x_wconf 72' lang='lat' dir='ltr'><strong>rationes,</strong></span> 
     </span>
    </p>
   </div>
  </div>
