2079 3161
263 151 332 185 i223

929 155 1107 186 PROCOPII
1124 157 1246 188 ῧΑΖιΈί

1833 158 1900 190 Ῑῖἓί

261 214 287 236 et
310 209 485 244 anigmatum
507 209 654 236 solutiones
669 229 677 242 ,
709 209 745 236 ad
774 210 977 246 intelligendam
1010 220 1053 239 ue-

1112 215 1265 249 μιγμιὶτων,
1298 214 1411 249 νοῆσαί
1435 223 1467 242 τε
1493 214 1692 250 δικαιοσύνην
1712 215 1823 250 ἀληθῆ,
1850 217 1901 243 καὶ

263 264 322 283 ram
345 255 496 291 justitiam,
519 260 545 283 et
563 255 753 291 corrigendum
776 257 922 291 judicium.
941 257 975 285 Ut
988 265 1056 285 con-

264 303 384 339 cipiatur
400 307 427 331 et
452 303 559 331 sciatur
573 303 676 338 quibus
697 302 788 330 modis
803 303 861 330 haec
878 303 963 331 verba
977 311 992 330 a
1011 311 1058 331 vo-

265 350 375 376 luntate
396 348 550 376 secundum
567 348 757 384 operationem
772 347 944 376 descendant
959 349 993 376 ad
1015 349 1058 376 in-

265 396 459 431 telligentiam,
476 399 504 424 et
517 396 640 423 vicissim
655 396 690 422 ab
702 395 883 430 intelligentia
903 395 1057 423 secundum

265 441 409 468 scientiam
428 444 543 476 surgant
557 440 590 467 ad
605 441 774 468 voluntatem
787 448 794 467 :
821 444 851 468 nl.
863 441 939 468 falsae
951 441 1059 469 Judzeo-

265 492 325 512 rnm
349 485 477 520 iustitiae.
493 493 555 520 qua:
576 485 767 521 singularibus
781 485 952 514 describitur
961 486 1058 522 signis.

265 539 320 559 non
336 531 541 566 acquiescant:
561 531 607 559 sed
630 535 659 559 ut
675 531 831 565 addiscant,
854 532 898 560 his
918 533 1059 567 parabolis

265 578 471 606 Inanil'estalam
492 586 584 605 veram
595 577 744 613 justitiam,
761 586 833 613 quae,
845 578 954 612 judicio
971 585 1059 610 recto,

267 624 419 658 unicuique
431 624 516 650 trium
531 624 628 650 anima.-
642 624 842 659 putentiarum,
853 623 928 659 quod
945 624 984 651 illi
995 632 1061 652 con-

264 670 352 702 venit,
366 669 463 697 reddat
497 670 582 705 (quod
603 674 646 697 est
662 669 761 697 modus
782 670 923 698 tribuendi
958 677 1060 698 secun-

265 715 330 743 dum
357 716 553 751 dignitatem),
582 721 612 742 ut
633 716 687 743 tale
711 716 846 750 judicium
871 717 905 744 ad
929 718 1060 745 virtutem

265 762 413 797 dirigatur,
432 763 464 788 ad
481 762 649 797 cupiditates
669 770 732 797 qute
758 763 800 790 vel
831 770 866 791 ex
885 763 994 792 delectu
1019 764 1062 792 vel

266 816 298 835 cl
320 816 436 836 excessu
460 809 571 836 virtutis
594 809 736 842 oriuntur,
756 807 783 835 in
800 809 881 843 praxi
906 809 1061 838 nontlecll-

266 854 371 881 nando.

303 898 385 928 Vens.
407 900 434 927 4.
450 898 482 927 Ut
499 899 560 927 dem
584 899 769 927 innocentibus
787 901 941 932 astutiam;
967 901 1061 928 adole-

264 947 349 974 scenti
360 946 566 981 intelligentiam
582 951 607 973 et
619 946 818 980 cogitationem.
837 945 901 973 Haec
915 946 1061 981 proverbia

266 999 333 1019 vero
348 999 490 1027 exponens
507 991 651 1024 Salomon,
676 999 725 1026 per
738 998 770 1019 ea
785 990 908 1019 ostendit
924 991 958 1018 iis
969 991 1016 1026 qui
1033 998 1063 1019 se

265 1038 394 1065 omnibus
412 1037 487 1065 vitiis
502 1041 659 1069 exuerunt,
669 1037 792 1064 omnium
807 1037 942 1064 bonorum
955 1037 1062 1064 metito-

264 1084 355 1111 dicant
370 1084 577 1119 operationem;
595 1083 651 1111 illis
667 1087 760 1111 autent
776 1083 822 1118 qui
840 1082 957 1110 infantia
979 1083 1063 1110 intel-

267 1130 379 1157 lectuali
400 1129 539 1160 laborant,
551 1128 750 1156 discretionem
767 1128 831 1156 boni
848 1134 875 1156 et
897 1129 980 1163 mali;
1000 1133 1062 1156 tan-

264 1176 327 1204 dem
347 1176 530 1211 praemiorum
550 1175 674 1209 virtutis,
689 1180 717 1204 et
731 1175 847 1203 malitiae
857 1183 1017 1211 pcenarum,
1033 1176 1061 1203 in

267 1222 372 1262 l‘uturu,
391 1221 614 1249 meditationem.

303 1310 387 1340 Vsus.
410 1311 438 1339 5.
466 1310 533 1338 Illac
554 1311 667 1339 audiens
690 1311 807 1347 sapiens,
836 1312 985 1347 sapientior
999 1312 1061 1340 erit.

266 1357 318 1391 Qui
341 1358 439 1386 horum
464 1364 625 1385 sermonum
649 1357 870 1392 proverbialium
893 1358 1008 1386 auditor
1028 1358 1062 1386 ad

268 1403 435 1438 sapientiam
454 1403 623 1434 cucurrerit,
639 1401 673 1428 ad
696 1401 770 1429 illius
793 1402 935 1436 perveniet
955 1401 1063 1437 perfec-

267 1448 405 1476 tissimum
433 1447 568 1483 gradum;
596 1448 682 1474 multa
706 1447 734 1474 in
764 1447 868 1475 divinis
889 1447 1063 1483 dogmatibus

268 1493 449 1529 intelligentia
470 1493 606 1529 gaudens,
621 1499 672 1520 nec
694 1500 748 1520 non
763 1492 948 1527 inhumanis,
964 1493 1063 1521 harum

267 1548 321 1576 ope
336 1539 532 1575 parabolarum
551 1539 647 1567 multis
669 1539 760 1567 modis
775 1545 803 1567 et
818 1539 886 1567 vitia
900 1539 1017 1576 iugabit,
1036 1543 1063 1568 et

267 1587 385 1615 virtutes
405 1586 543 1623 acquiret.

305 1686 341 1714 Et
363 1687 526 1722 intelligens,
543 1686 725 1722 gubernacula
744 1685 902 1721 possidebit.
923 1685 1000 1719 Inde,
1018 1686 1065 1722 qui

269 1738 373 1762 rectam
391 1735 538 1761 veritatum
556 1733 702 1761 scientiam
719 1732 850 1768 acquirit,
868 1737 896 1760 et
908 1733 986 1760 novit
997 1741 1067 1768 quos

270 1781 355 1808 ιιιοιιο
386 1780 592 1807 inconstantem
620 1787 711 1806 rerum
746 1779 931 1806 humanarum
954 1787 1067 1807 cursutn

268 1829 403 1861 oporteat
421 1824 607 1860 pertransire.
621 1832 696 1856 nam,
714 1831 766 1852 nec
782 1824 865 1857 bona.
879 1825 1068 1861 inquisitaque

268 1877 286 1897 θ
298 1869 404 1897 multis:
423 1876 474 1896 nec
490 1869 562 1895 mala
585 1876 636 1896 nec
650 1868 742 1896 tristia
764 1869 946 1897 stabilitatem
974 1874 999 1898 at
1016 1870 1068 1898 du-

270 1914 410 1942 rationem
439 1913 552 1942 habent:
572 1913 617 1941 ille
640 1916 666 1940 et
687 1913 713 1940 in
738 1913 797 1949 ipsa
820 1913 884 1941 vitae
901 1922 979 1950 pace,
1003 1922 1066 1942 cum

269 1966 405 1994 prospere
430 1958 454 1986 ei
491 1957 586 1985 omnia
612 1957 752 1990 accidant,
778 1959 946 1986 mutationes
969 1966 1069 1995 exspe-

268 2007 350 2036 ctat;
377 2009 429 2029 nec
446 2001 479 2029 in
499 2001 686 2037 praesentibus
711 2001 797 2029 rebus
817 2007 847 2029 ut
864 2002 1068 2031 immortalibus

268 2049 395 2082 conlidit,
413 2056 464 2077 nec
484 2048 513 2076 in
533 2048 615 2075 malis
635 2048 783 2076 eventibus
798 2048 833 2076 de
856 2049 950 2084 seipso
966 2050 1069 2086 despe-

270 2099 331 2129 rat;
347 2102 398 2122 nec
413 2094 440 2121 in
455 2095 564 2129 magnis
575 2094 720 2122 doloribus
734 2094 828 2122 animo
852 2095 984 2129 dejicitur
997 2104 1004 2123 :
1018 2097 1066 2124 sed

271 2141 417 2177 possidens
442 2140 670 2175 intelligentiam,
688 2148 761 2173 quae,
774 2144 802 2168 ut
822 2142 971 2169 nauclerus
989 2143 1068 2170 navi-

268 2189 339 2216 cula:
354 2187 448 2215 carnis
472 2187 602 2222 imperet.
618 2191 646 2213 et
660 2187 809 2214 sententiis
824 2187 904 2221 quasi
927 2187 1068 2222 guberna-

268 2235 340 2262 culis
357 2234 438 2261 docte
456 2236 567 2265 utatur,
591 2232 715 2259 carnalis
737 2232 871 2259 desiderii
897 2232 1066 2267 cupiditates

269 2284 402 2314 tanquam
420 2286 435 2305 a
450 2277 543 2305 valida
568 2281 733 2312 tempestate
750 2278 898 2311 excitatas,
918 2278 1068 2306 sustinebit

269 2331 417 2360 generose;
437 2323 538 2358 quibus
555 2322 684 2357 superior
703 2323 767 2355 erit,
786 2323 862 2350 nullo
877 2323 959 2350 modo
972 2331 1067 2351 earum

270 2370 402 2398 ﬂuctibus
422 2368 590 2396 demersus:
610 2373 638 2395 et
659 2375 771 2404 semper
792 2368 845 2396 sibi
859 2373 994 2396 constans
1011 2375 1068 2396 sla-

271 2416 323 2449 bit,
336 2422 388 2443 nec
399 2415 426 2442 in
445 2414 590 2451 prosperis
608 2413 733 2447 inﬂatus,
754 2421 805 2441 nec
822 2414 998 2443 demissnsin
1019 2416 1070 2442 ad-

272 2462 370 2489 versis.

272 2507 321 2535 καὶ
349 2507 442 2542 ὅμοιος
470 2506 520 2542 μὲν
548 2505 594 2533 ἀεὶ
619 2506 700 2538 αὐτὸς
727 2505 816 2541 ἐαυτῷ
842 2506 978 2542 διαμένει,
1007 2508 1071 2543 μήτ’

272 2556 301 2582 ἐν
315 2556 375 2586 ταῖς
389 2554 556 2589 συμφοραῖς,

307 2601 392 2630 Vens.
412 2601 439 2628 θ.
458 2600 659 2628 Animadverte:
685 2600 851 2636 parabolam
866 2621 873 2634 ,
888 2606 913 2628 et
929 2601 1070 2630 obscurum

272 2654 432 2680 sermonem,
444 2650 469 2673 et
483 2646 564 2674 verba
581 2647 733 2681 sapientum
748 2651 775 2674 et
798 2649 944 2683 enigmata
965 2656 1069 2676 eorum.

271 2692 430 2729 Cognoscet
443 2693 539 2720 varios
558 2701 703 2722 sermones
721 2702 729 2720 :
749 2694 909 2729 parabolas,
929 2703 991 2730 quae
1019 2704 1072 2731 upe

273 2739 374 2768 similis
391 2739 694 2775 cogniti.incognitum
707 2741 800 2768 simile
817 2745 992 2775 monstrant;
1009 2749 1072 2769 ver-

273 2788 308 2816 ba
324 2787 456 2819 obscura,
477 2795 539 2822 qua:
563 2788 719 2815 sententias
739 2791 774 2819 ει,
794 2787 1003 2823 intelligentiam
1026 2795 1073 2815 os-

274 2834 392 2862 tendunt
410 2833 516 2862 :verba
532 2835 689 2869 sapientum
707 2833 925 2869 profunditatem
947 2835 1071 2862 scicntia:

272 2880 415 2918 habentia,
435 2881 489 2911 etsi
509 2881 588 2910 multi
618 2882 757 2910 aestiment
782 2890 811 2910 se
833 2881 944 2910 illorum
965 2882 1069 2911 intelli-

1107 260 1195 295 κρῖμα
1210 262 1416 289 κατευθύνειν.
1438 261 1634 294 ’Υποδέξασθαί
1659 270 1689 288 τε
1715 262 1763 290 καὶ
1777 262 1901 298 χωρῆσαι

1107 307 1157 339 τὰς
1170 307 1276 334 τούτων
1288 307 1343 334 ἀπὸ
1357 307 1419 340 νοδς
1440 308 1503 335 κατ’
1524 308 1666 344 ἐνέργειαν
1684 308 1902 342 ωγκαταὸάσεις

1108 354 1149 384 είς
1173 353 1319 389 αῖσθησιν’
1349 354 1396 381 καὶ
1424 354 1503 385 αὖθις
1523 354 1573 385 τὰς
1595 354 1649 381 ἀπὸ
1670 353 1824 390 αἰσθήσεως
1841 354 1901 381 κατ’

1109 399 1267 435 ἐπιστήμην
1284 399 1432 434 ἀναγωγὰς
1456 400 1526 435 πρὸς
1543 400 1617 433 νοῦν,
1638 401 1684 427 καὶ
1701 401 1739 437 μὴ
1761 402 1793 436 τῇ
1809 400 1902 436 ψευδεί

1109 445 1267 482 δικαιοσύνῃ
1285 445 1439 478 Ἰουδαϊκῶς
1453 445 1607 481 ἀρκεῖσθαι,
1623 447 1640 482 ἢ
1659 447 1751 481 μόνοις
1767 446 1902 482 περιγρά-

1111 500 1191 526 φεται
1203 493 1259 524 τοῖς
1279 492 1436 528 συμϐόλοις,
1465 492 1533 520 ἀλλὰ
1557 492 1653 528 μαθεῖν
1667 493 1718 528 τὴν
1736 493 1782 520 διὰ
1798 493 1902 520 τούτων
1940 510 1943 513 ν

1109 537 1278 574 δηλουμένην
1304 539 1393 574 ἁληθῆ
1415 539 1599 574 δικαιοσύνην,
1618 539 1667 574 τὴν
1685 538 1719 565 δι’
1742 538 1826 574 ὀρθῆς
1842 539 1903 574 κρί-

1111 591 1182 615 σεως
1203 583 1413 620 ἁποκληροῦσαν
1434 585 1538 621 ἑκάστῃ
1556 585 1611 611 τῶν
1637 585 1722 620 τριιῖρν
1741 586 1791 619 τῆς
1813 584 1903 619 ψυχῆς

1110 629 1263 665 δυνάμεων,
1276 630 1306 657 τὸ
1322 631 1478 666 πρόσφορον
1490 637 1497 645 '
1528 631 1590 666 ήτις
1605 631 1679 658 ἐστὶν
1691 630 1747 663 ἐξις
1761 631 1903 665 ἀπονεμη-

1115 676 1179 712 τικὴ
1196 677 1244 704 τοῦ
1257 678 1317 704 κατ’
1333 677 1413 710 ἀξίαν
1428 687 1435 694 -
1451 677 1500 705 καὶ
1513 677 1564 713 τὴν
1576 677 1704 712 τοιαύτην
1717 677 1807 712 κρίσιν
1819 677 1905 704 ἀπευ-

1112 722 1202 750 θύνειν
1227 723 1296 759 πρὸς
1322 723 1432 760 ἀρετὴν,
1459 723 1504 751 διὰ
1533 724 1661 759 πράξεως
1692 723 1904 759 ἀπαρεγκλήτου

1112 770 1181 805 πρὸς
1198 770 1232 797 τὰ
1257 770 1319 797 κατ’
1343 770 1462 806 ἔλλειψιν
1485 770 1537 805 τῆς
1557 769 1659 805 ἀρετῆς
1679 768 1727 796 καὶ
1751 768 1905 805 ὑπερδολὴν

1113 815 1187 851 πάθη
1192 835 1199 843 .

1077 889 1099 918 Β
1148 905 1180 933 δ’.
1196 905 1264 932 Ἵνα
1280 903 1322 932 δῶ
1343 904 1469 938 ἀκάκως
1489 904 1686 940 πανουργίαν,
1706 903 1789 930 παιδὶ
1804 903 1837 930 δὲ
1847 901 1907 936 νέῳ

1112 951 1260 985 αἴσθησίν
1282 959 1314 978 te
1331 951 1381 978 καὶ
1402 952 1534 979 ἔννοιαν.
1555 951 1650 983 Ὅπως
1674 951 1689 977 ό
1707 950 1820 981 τούτους
1842 948 1907 980 τοὺς

1112 996 1209 1031 λόγους
1237 996 1402 1030 ἐκτεθεικὼς
1431 996 1559 1032 Σολομὼν
1592 997 1722 1032 παράσχῃ
1744 996 1784 1022 δι’·
1803 994 1905 1027 αὐτῶν,

1112 1045 1169 1076 τοῖς
1196 1044 1246 1078 μὲν
1275 1043 1509 1079 ἀποσαλλομένοις
1538 1044 1630 1070 πᾶσαν
1660 1042 1771 1074 κακίαν,
1796 1041 1907 1068 πάντων

1112 1089 1166 1116 τῶν
1183 1089 1275 1116 καλῶν
1296 1089 1447 1125 ἐμμέθοδον
1469 1089 1629 1125 ἐνέργειαν·
1648 1088 1688 1124 τῷ
1704 1088 1734 1115 δὲ
1756 1081 1907 1122 πνευματι-

1111 1135 1165 1170 κὴν
1180 1135 1290 1171 ήλικίιν
1312 1135 1454 1171 ἀρτιγενεί
1476 1135 1525 1162 καὶ
1545 1134 1678 1167 νεάζοντι,
1694 1133 1831 1168 διάκρισιν
1857 1132 1908 1168 μὲν

1111 1181 1213 1217 ἀρετῆς
1230 1181 1278 1208 καὶ
1290 1181 1391 1214 κακίας
1401 1202 1409 1214 ,
1432 1181 1582 1217 ἐνθύμησιν
1597 1181 1624 1207 δέ
1640 1180 1696 1207 τῶν
1717 1180 1741 1206 τ’
1757 1179 1801 1205 ἐπ’
1821 1179 1907 1214 ἀρετῇ

1112 1226 1184 1253 κατὰ
1197 1226 1227 1254 τὸ
1244 1226 1342 1261 μέλλον
1355 1226 1479 1254 ἐπάθλων
1502 1227 1551 1254 καὶ
1566 1226 1621 1254 τῶν
1643 1226 1690 1253 ἐπὶ
1707 1225 1806 1258 κακίας
1821 1233 1910 1260 τιμω-

1113 1280 1192 1307 ριων.

1148 1321 1178 1345 ε’.
1193 1317 1289 1346 Τῶνόε
1299 1318 1354 1354 γὰρ
1367 1319 1504 1353 ἀκούσας
1514 1319 1620 1355 σοφὸς,
1633 1319 1802 1354 σοφώτερος
1811 1319 1908 1347 ἔσται.

1112 1363 1300 1400 Τούτωντγὰρ
1327 1364 1382 1391 τῶν
1410 1365 1609 1401 Παροιμιακῶν
1630 1366 1717 1401 λόγων
1733 1365 1855 1396 ἀκούσας
1867 1373 1911 1397 τις

1113 1409 1154 1441 εἰς
1167 1409 1263 1445 σοφίαν
1276 1411 1452 1446 προκόπτων,
1466 1412 1506 1443 είς
1520 1411 1569 1447 τὴν
1583 1411 1687 1447 ταύτης
1704 1411 1802 1446 φθάσει
1812 1410 1912 1438 τελειο⁹

1113 1457 1197 1492 τέραν
1215 1457 1287 1489 ἐξιψ
1310 1456 1397 1483 πολλὰ
1421 1457 1471 1493 μέν
1497 1457 1630 1493 περὶτῶν
1646 1457 1727 1484 θείων
1752 1457 1911 1489 παιδευθεὶς

1114 1502 1259 1537 δογμάτων
1271 1511 1279 1519 ο
1293 1503 1382 1531 πολλὰ
1393 1503 1423 1531 δέ
1436 1503 1483 1530 καὶ
1493 1504 1558 1540 περὶ
1572 1503 1626 1531 τῶν
1641 1503 1821 1540 ἀνθρωπίνων
1837 1503 1912 1530 ἐκδι-

1077 1560 1100 1590 c
1116 1547 1280 1582 δασκάμενος
1297 1549 1364 1584 παρ’
1381 1548 1465 1576 αὑτοῦ
1490 1549 1695 1585 Παῳιμιὼδους
1711 1549 1804 1583 λόγου,
1818 1548 1911 1576 ποικί-

1116 1593 1171 1626 λως
1189 1595 1238 1630 μὲν
1252 1595 1421 1631 ἐξορίζοντος
1435 1595 1485 1631 τὴν
1497 1596 1608 1629 κακίαν,
1625 1596 1802 1634 πολυτρόπως
1815 1595 1844 1622 δέ
1857 1595 1913 1622 πά-

1116 1639 1158 1666 λιν
1174 1639 1225 1676 τήν
1242 1640 1343 1676 ἀρετὴν
1355 1641 1574 1675 ἀντεισάγοντος.

1157 1685 1190 1712 '0
1206 1684 1241 1712 δὲ
1255 1686 1387 1720 νοήμων,
1407 1687 1593 1721 κυϐέρνησιν
1613 1687 1767 1721 κτήσεται.
1789 1687 1820 1714 '0
1834 1687 1857 1714 δ’
1869 1687 1914 1714 ἐν-

1116 1729 1211 1757 τεῦθεν
1226 1731 1275 1766 τὴν
1297 1731 1385 1766 ἁληοῆ
1405 1732 1459 1758 τῶν
1480 1732 1564 1759 όντων
1577 1733 1732 1768 ἐπιστήμην
1748 1731 1849 1765 λαϐὼν,
1865 1732 1913 1759 καὶ

1117 1776 1195 1809 εἰδὼς
1223 1777 1299 1809 ὅπως
1323 1777 1373 1813 τὴν
1397 1777 1514 1805 ἄστατον
1541 1778 1629 1814 φορὰν
1654 1778 1709 1805 τῶν
1733 1778 1913 1814 ἀνθρωπίνων

1117 1823 1292 1858 πραγμάτων
1303 1822 1485 1859 περαιοῦσθαι
1501 1825 1635 1859 προσήκει
1654 1824 1727 1860 (οὕτε
1741 1824 1797 1860 γὰρ
1816 1825 1852 1851 τὰ
1869 1825 1914 1852 δε-

1119 1868 1163 1901 ξιὰ
1176 1869 1221 1895 καὶ
1234 1869 1457 1904 περισπούδαστα
1465 1871 1520 1901 τοῖς
1533 1869 1650 1902 πολλοῖς,
1661 1870 1723 1897 οὔτε
1739 1870 1772 1897 τὰ
1784 1879 1915 1906 περιστοι-

1119 1915 1185 1940 τικὰ
1200 1915 1247 1942 καὶ
1261 1915 1371 1950 κατηφῆ
1386 1915 1442 1942 τῶν
1466 1916 1638 1952 πραγμάτων
1652 1916 1683 1943 τὺ
1700 1915 1786 1949 ἑστὼς
1801 1917 1847 1944 καὶ
1863 1917 1914 1951 μό-

1120 1969 1197 1995 νιμον
1210 1960 1289 1996 ἔχει),
1303 1961 1350 1988 καὶ
1362 1962 1391 1988 ἐν
1404 1962 1473 1998 αὐτῇ
1488 1971 1518 1989 τε
1538 1964 1571 1998 τῇ
1586 1963 1691 1998 γαλήνῃ
1704 1962 1751 1989 τοῦ
1760 1962 1831 1998 βίου,
1844 1963 1914 1990 πάν-

1118 2016 1172 2034 των
1199 2007 1275 2042 αὐτῷ
1301 2007 1374 2035 κατὰ
1397 2007 1461 2042 ροὖν
1484 2009 1653 2044 προϊόντων,
1680 2008 1731 2040 τὰς
1757 2008 1912 2044 μεταῦολὰς

1119 2053 1258 2087 ἐκδέξεται
1280 2061 1287 2069 ·
1313 2053 1361 2080 καὶ
1381 2053 1430 2089 οὐχ
1451 2053 1488 2085 ὡς
1515 2053 1661 2086 ἀθανάτοις
1684 2053 1913 2081 ἐπαναπαύσεται

1117 2101 1174 2131 τοῖς
1189 2100 1323 2135 παροῦσι·
1348 2101 1396 2127 καὶ
1411 2101 1440 2127 ἐν
1455 2101 1492 2136 τῇ
1517 2101 1734 2137 σκυθρωποτέρᾳ
1746 2101 1913 2128 καταστάσει

1118 2145 1169 2172 οὐκ
1183 2146 1330 2172 ἀπελπίσει
1355 2147 1462 2179 ἑαυτὸν,
1485 2147 1532 2173 καὶ
1549 2149 1582 2182 τῇ
1604 2147 1688 2183 πολλῇ
1703 2147 1776 2182 λύπῃ
1791 2155 1916 2174 καταπο-

1119 2191 1172 2228 οῇ’
1194 2192 1264 2219 ἀλλὰ
1287 2193 1332 2219 τὸν
1355 2193 1418 2219 νοῦν
1441 2192 1510 2228 ἔχων
1532 2192 1628 2228 ὥσπερ
1642 2193 1704 2220 τινὰ
1730 2193 1913 2229 κυϐερνήτην,

1083 2239 1103 2266 D
1118 2237 1201 2264 οἱονεὶ
1216 2237 1309 2264 πλοίου
1329 2238 1377 2272 τῆς
1392 2238 1493 2273 σαρκὸς
1512 2236 1726 2273 κυριαρχοῦντα,
1753 2238 1800 2264 καὶ
1815 2237 1914 2273 ἐμπεί-

1119 2292 1173 2320 ρως
1195 2283 1259 2314 τοὺς
1282 2284 1440 2319 λογισμοὺς,
1467 2282 1522 2310 οἷον
1548 2284 1646 2316 οἴακας
1672 2283 1891 2319 περιστρέφοντα
1905 2302 1913 2314 ,

1117 2328 1152 2355 τά
1163 2337 1193 2354 τε
1205 2328 1244 2360 ὼς
1259 2328 1290 2354 ἐκ
1306 2336 1379 2359 τινος
1396 2328 1481 2363 ζάλης
1497 2328 1589 2363 βιαίας
1601 2327 1648 2355 τοῦ
1668 2327 1798 2363 σαρκικοῦ
1815 2328 1916 2361 φρονή-

1120 2382 1207 2409 ματος
1236 2375 1436 2409 ἔπεγειρόμενα
1466 2374 1520 2401 τῶν
1545 2374 1641 2401 παθῶν
1668 2374 1822 2410 κυματήσει
1850 2381 1916 2407 γεν-

1119 2418 1202 2450 ναίως
1213 2427 1220 2434 ·
1234 2419 1283 2445 καὶ
1307 2419 1409 2454 ὑψηλὸς
1428 2419 1535 2450 τούτοις
1549 2420 1597 2446 καὶ
1616 2419 1797 2456 δυσπρόσιτος
1811 2418 1916 2448 ἔσεται.

1120 2465 1252 2500 μηδαμῶς
1272 2465 1322 2499 τῆς
1334 2465 1388 2492 ἀπὸ
1410 2465 1514 2492 τούτων
1530 2465 1622 2501 ἅλμης
1646 2465 1893 2501 ἀναπιμπλάμενος
1906 2475 1915 2482 ·

1091 2509 1272 2546 ἐπαιρόμενος
1299 2513 1329 2539 ἐν
1349 2513 1410 2543 ταῖς
1434 2511 1589 2548 εὐθυμίαις,
1631 2512 1702 2547 μήτι
1735 2512 1918 2555 καταπίπτων

1156 2607 1194 2637 ς’.
1212 2603 1326 2636 Νο-ήσει
1353 2612 1385 2631 τε
1397 2605 1588 2638 παραϐολην,
1617 2604 1668 2631 καί
1692 2604 1854 2631 σκοτεινὸν
1864 2606 1917 2632 λί-

1120 2659 1187 2685 γον,
1207 2649 1317 2684 ῥήσεις
1330 2658 1363 2676 ts
1387 2649 1502 2685 σοφῶν,
1522 2650 1573 2677 και
1593 2650 1763 2684 αἰνίγματα.
1779 2651 1799 2677 Γ
1801 2650 1918 2677 νώσεται

1119 2697 1148 2723 δὲ
1165 2695 1263 2730 λόγους
1288 2696 1495 2728 παντοδαποὺς,
1526 2696 1713 2732 παρασολικόν
1736 2705 1766 2722 τε
1786 2696 1920 2731 δηλοῦντα

1120 2743 1165 2771 διὰ
1192 2743 1239 2769 τοῦ
1276 2742 1483 2778 γινωσκομένου
1517 2743 1633 2778 ὁμοίου,
1664 2742 1695 2769 τὺ
1735 2742 1920 2777 ἀγνοούμενον

1121 2790 1214 2824 ὅμοιον
1226 2797 1234 2804 ·
1248 2788 1295 2815 καὶ
1311 2789 1417 2824 ἀσαφῆ,
1434 2789 1484 2824 τήν
1499 2797 1528 2815 τε
1544 2789 1625 2824 ῥῆσιν
1643 2789 1690 2817 καὶ
1709 2789 1758 2824 τὴν
1776 2789 1898 2815 διάνοιαν
1911 2798 1918 2805 ·

1126 2835 1237 2872 ῥήματά
1251 2844 1280 2862 τε
1296 2835 1384 2869 σοφῶν
1400 2835 1483 2870 βάθος
1497 2834 1594 2870 ἔχοντα
1615 2835 1754 2870 γνώσεως,
1773 2835 1826 2861 κᾶν
1841 2834 1920 2870 νομί-

1124 2882 1225 2913 ζωνται
1247 2882 1304 2913 τοῖς
1326 2880 1434 2914 πολλοῖς
1458 2881 1531 2917 ἔχειν
1554 2882 1702 2918 πρόχειρον
1723 2882 1774 2918 τήν
1795 2880 1918 2916 κατάλη-
