2079 3161
182 173 249 207 1925

701 168 970 201 COMMENTARII
991 167 1033 197 IN
1053 167 1281 199 PBOVERBIA.

1742 169 1808 202 1296

179 232 244 267 ψιν·
271 232 317 259 καὶ
342 232 508 267 αἰνίγματα,
535 230 594 265 μετ¹
620 229 794 265 ἐπικρύψεως
821 227 967 264 σημαίνον-

1019 226 1140 261 gentiam
1166 227 1310 261 possidere
1327 235 1333 252 ε
1351 231 1376 254 et
1398 227 1542 262 a‘nigmata
1562 226 1708 262 allegorice
1730 229 1805 255 veri-

179 286 214 304 τα
226 277 276 314 τὴν
293 277 436 313 ἀλήθειαν·
462 274 500 303 ὧν
524 275 717 311 παροιμιωδῶν
743 274 830 309 λόγων
852 274 967 310 ἀρκτέον

179 323 282 350 λοιπόν.
710 324 714 328 ”

214 367 247 400 ζ’.
265 368 356 402 Ἀρχὴ
372 367 493 402 σοφίας,
508 367 601 401 φόϐος
617 367 737 400 Κυρίου.
757 366 840 401 Ἀρχὴ
863 365 913 400 τῆς
934 365 967 392 δι’

179 413 253 448 ἡμᾶς
266 413 307 445 εἰς
328 412 398 439 ἑπτὰ
411 412 583 445 πνευματικὰ
598 412 756 447 χαρίσματα
776 410 968 446 διαιρουμένης

181 457 288 492 σοφίας,
311 457 456 484 τελευταία
471 457 520 492 μὲν
545 457 577 483 ὲκ
600 455 678 487 Θεοῦ,
694 455 832 491 προσεχὴς
847 453 877 481 δὲ
891 454 966 489 ἡμῖν,

178 505 193 530 ό
209 500 254 530 τοῦ
267 502 370 538 Κυρίου
388 502 469 536 φόϐος
495 501 583 528 ἐστίν·
601 500 630 532 ὃς
649 500 694 527 διὰ
710 499 759 532 τὰς
782 499 837 526 τῶν
852 499 968 526 αἰωνίων

179 548 317 574 κολάσεων
339 546 466 578 ἀπειλὰς,
487 546 595 573 πάντων
619 554 649 572 τε
665 546 783 572 ποιεῖται
808 543 862 570 τῶν
876 543 968 570 κακῶν

179 593 295 630 ἀποχὴν,
313 593 359 620 καὶ
373 593 424 627 τῆς
439 585 670 628 καταφρονήσεως
686 590 833 617 ἀπελαύνει
849 590 898 624 τὴν
911 589 969 615 πώ-

181 647 275 674 ρωσιν.
296 637 356 673 Ἀφ’
369 635 401 664 οὗ
416 637 581 672 κινούμενοι,
598 636 650 671 ὁδῷ
674 645 728 662 τινι
752 636 798 662 καὶ
811 633 885 667 τάξει
901 641 969 668 προ-

179 683 329 716 ϐαίνοντες,
346 682 391 710 διά
414 690 444 709 τε
474 681 576 717 ἰσχύος,
595 682 656 716 ἥτις
671 681 715 708 διὰ
731 681 780 715 τὴν
798 680 894 707 ὲλπίδα
915 679 969 705 τῶν

179 728 361 763 ἐπαγγελιῶν,
376 727 517 764 πρόθυμός
532 728 606 754 ἐστιν
627 727 699 762 όρμὴ
713 727 760 754 καὶ
776 727 884 760 κίνησις
902 725 969 760 πρὸς

179 774 322 809 ἐνέργειαν
334 773 388 800 τῶν
402 772 528 805 ἐντολῶν,
545 772 594 799 καὶ
606 772 656 806 τῆς
672 771 814 803 ἀσθενείας
827 771 948 805 ἐξέλασις
961 778 967 784 ’

180 818 229 846 καὶ
254 819 361 854 βουλῆς,
375 818 436 853 ἥτις
452 817 570 853 ὑπάρχει
584 817 640 850 ἕξις
652 817 701 851 τῆς
713 816 873 852 διακρίσεως
885 824 892 831 ·
909 812 968 843 καθ’

179 865 212 899 ἦν
228 865 277 891 σὺν
291 864 362 899 λόγῳ
375 863 424 895 τὰς
447 863 522 894 θείας
537 862 694 897 πράττομεν
707 862 826 894 ἐντολάς,
847 862 894 888 καὶ
914 862 969 888 τῶν

179 910 344 944 κρειττόνων
365 908 526 943 διαιροῦμεν
542 908 577 936 τὰ
591 908 700 944 χείρονα
713 916 720 923 ⁸
744 908 791 935 καὶ
804 908 968 944 ἐπιστήμης,
985 900 1007 929 Β

179 957 242 991 ἥτις
259 956 319 983 ἐστὶ
331 956 382 991 τῆς
400 956 449 991 μὲν
469 955 606 987 ἀσεὸείας,
621 955 667 981 καὶ
681 954 731 989 τῆς
751 954 794 980 ὲπ*
809 954 894 989 αὐτῆς
916 955 969 980 τῶν

179 1003 270 1038 ἔργων
286 1001 465 1037 φαυλότητος,
488 1001 626 1035 διωγμός·
652 1000 706 1027 τῶν
730 1000 758 1026 δὲ
784 1000 846 1026 κατ’
870 1000 970 1035 ἀρετὴν

179 1048 229 1083 τῆς
260 1047 386 1083 πράξεως
410 1048 518 1081 τρόπων
547 1047 669 1077 ἄπτωτος
695 1045 808 1080 είδησις,
835 1045 895 1072 καθ’
924 1045 970 1076 οὓς

179 1094 356 1129 πράττοντες,
377 1093 426 1128 τῆς
443 1092 525 1128 ὀρθῆς
541 1092 587 1118 τοῦ
604 1092 684 1126 λόγου
713 1092 829 1126 κρίσεως
845 1092 970 1126 οὐδαμῶς

179 1139 382 1174 διαπίπτομεν·
405 1139 454 1165 καὶ
469 1137 608 1172 γνώσεως,
631 1137 692 1172 ⁴ἣτις
707 1138 766 1163 ἐστί
788 1137 842 1162 τῶν
863 1137 891 1162 ὲν
911 1138 970 1168 ταῖς

178 1184 299 1216 ἐντολαῖς
322 1183 408 1218 λόγων
431 1183 584 1218 περίληψις,
607 1182 668 1208 καθ’
689 1181 736 1213 οὒς
759 1183 784 1208 οἰ
805 1182 898 1217 τρόποι
915 1181 970 1208 τῶν

179 1229 284 1265 ἀρετῶν
299 1229 508 1264 συνεστήκασιν,
522 1228 705 1263 ἀναϐαίνομεν
723 1229 790 1263 πρὸς
813 1228 862 1262 τῆς
874 1228 970 1262 σοφίας

179 1276 209 1302 τὺ
230 1275 317 1307 τέλος,
333 1275 383 1311 τὴν
401 1275 519 1308 σύνεσιν,
540 1275 602 1310 ἥτις
617 1275 691 1300 ἐστὶν
703 1274 846 1310 ἀφαίρεσις
866 1282 895 1300 τε
919 1274 970 1306 τῆς

178 1319 449 1355 ἀνεπιγνωμοσύνης,
468 1320 515 1346 καὶ
531 1318 734 1352 συγκατάθεσις
750 1319 817 1353 προς
832 1319 894 1349 τοὺς
905 1318 968 1353 τρό-

179 1374 247 1397 πους
263 1367 312 1393 καὶ
332 1366 396 1398 τοὺς
417 1366 514 1400 λόγους
535 1365 591 1392 τῶν
618 1365 723 1401 ἀρετῶν
735 1373 741 1379 ·
769 1365 785 1400 ἢ
804 1365 970 1400 κυριώτερον

179 1412 277 1443 εἰπεῖν,
294 1411 476 1446 μεταποίησις
493 1411 554 1438 καθ’
569 1411 603 1447 ἢν
619 1411 688 1447 πρὸς
704 1411 767 1442 τοὺς
787 1411 903 1444 τρόπους
922 1411 970 1437 καὶ

178 1454 242 1485 τοὺς
262 1455 357 1488 λόγους
379 1455 435 1481 τῶν
463 1455 589 1489 ἐντολῶν,
615 1455 765 1491 σύγκρασις
787 1455 892 1489 γίνεται
915 1455 969 1482 τῶν

179 1500 302 1534 φυσικῶν
324 1500 476 1535 δυνάμεων,
501 1501 644 1536 τηρουσῶν
667 1501 716 1532 τὰς
737 1500 846 1532 ἐντολὰς
869 1500 900 1526 οὐ
925 1500 970 1527 διὰ

178 1546 228 1578 τὰς
259 1546 385 1579 ἀπειλὰς,
418 1546 504 1581 ἢιδιὰ
530 1548 579 1578 τὰς
611 1546 793 1581 ἐπαγγελίας,
824 1546 892 1573 ἀλλὰ
924 1546 968 1573 διὰ

179 1591 209 1619 τὸ
223 1592 388 1620 οἰκειοῦσθαι
409 1593 522 1626 ταύτας,
540 1594 577 1625 ὼς
600 1594 772 1627 παναγάθους
788 1594 859 1620 κατά
875 1593 966 1619 διάθε-
981 1583 1002 1611 C

179 1646 232 1665 σιν.

213 1684 340 1718 Σύνεσις
355 1685 389 1711 δὲ
410 1685 507 1719 ἀγαθὴ
528 1685 603 1712 πᾶσι
626 1686 688 1718 τοῖς
708 1687 848 1713 ποιοῦσιν
860 1687 965 1719 αὐτὴν.

179 1730 262 1762 ’Ἡτις
279 1731 387 1763 σύνεσις
404 1732 475 1765 καλὴ
487 1732 594 1764 πάντως
606 1732 678 1759 ἐστὶν
696 1733 781 1759 ἅπασι
797 1734 851 1764 τοίς
867 1733 967 1764 ταύτην

177 1775 384 1810 ἐργαζομένοις,
408 1778 437 1803 ἐν
456 1777 495 1812 τῷ
521 1778 652 1812 πράττειν
675 1778 864 1813 ἐπιστημόνως
880 1779 968 1805 πάντα

177 1820 211 1847 τά
224 1820 283 1847 θεῖα
301 1821 452 1857 θελήματα,
469 1821 528 1857 μεθ’
544 1823 577 1858 ἦν
590 1824 737 1858 προσεχεῖς
752 1823 826 1858 αὐτῷ
836 1823 968 1857 γινόμεθα

177 1865 216 1899 τῷ
234 1865 310 1901 Θεῷῇ
330 1867 379 1902 τῆς
395 1867 464 1902 πρὸς
475 1868 558 1894 αὑτὸν
573 1868 696 1901 ἑνώσεως
713 1869 797 1904 μόνην
812 1869 969 1904 μεσιτεύον-

178 1919 228 1937 σαν
242 1911 350 1946 ἐιοντες
370 1914 419 1947 τὴν
431 1913 509 1947 ἡμῶν
529 1914 578 1949 μὲν
597 1914 705 1950 πόρρω,
726 1914 786 1950 Θεῷ
799 1915 829 1941 δὲ
847 1916 967 1950 προσεχῆ

178 1957 290 1991 σοφίαν,
315 1958 376 1993 ἥτις
402 1959 520 1994 ὑπάρχει
544 1960 595 1994 τῆς
621 1959 672 1994 μὲν
688 1961 782 1992 ἀνοίας
808 1961 965 1996 ἀναίρεσις,

175 2003 231 2029 τῶν
252 2003 281 2030 δὲ
309 2004 338 2030 ὲν
361 2006 422 2036 ταῖς
441 2005 564 2038 ἐντολαῖς
592 2006 857 2043 πνευματικωτέρων
881 2007 968 2041 λόγων

175 2049 304 2082 ἀνάλυσις
323 2051 392 2086 πρὸς
410 2052 460 2087 τὴν
474 2052 564 2079 αἰτίαν
586 2053 634 2080 καὶ
650 2053 746 2084 ’ἐνωσις
759 2061 765 2067 '
780 2053 967 2085 ἀναϐαίνοντες

176 2094 230 2128 γὰρ
250 2094 294 2121 διὰ
319 2095 374 2122 τῶν
399 2096 556 2132 εἰρημένων
582 2097 683 2133 ἑτέρων
709 2098 902 2132 πνευματικῶν
919 2107 966 2132 χα-

177 2141 328 2176 ρισμάτων,
359 2143 533 2177 συναγόμεθα
563 2143 631 2178 πρὸς
646 2144 694 2178 τὴν
710 2143 786 2170 θείαν
806 2144 856 2178 τῆς
872 2145 966 2178 σοφίας

179 2187 298 2221 μονάδα·
320 2188 371 2223 τὴν
388 2189 578 2223 γεγενημένην
597 2189 630 2215 δι’
655 2190 729 2224 ἡμᾶς
747 2189 801 2216 τῶν
826 2191 966 2225 χαρισμά-

1020 275 1104 299 tatem
1125 271 1330 305 monstrantia;
1349 277 1376 300 et
1397 272 1448 299 hoe
1468 272 1664 307 parabolarum
1682 272 1804 301 initium.

1056 362 1138 390 Vsus.
1161 363 1186 390 7.
1211 362 1379 398 Principium
1400 363 1537 397 sapientits
1551 382 1558 394 ,
1587 363 1667 390 timor
1690 363 1805 390 Domini.

1021 407 1189 442 Principium
1207 408 1293 440 illius,
1307 416 1368 444 qua)
1381 416 1395 435 a
1416 408 1496 436 nobis
1512 410 1538 435 in
1553 412 1659 443 septem
1676 409 1807 444 spiritua—

1021 454 1055 481 lia
1075 454 1241 482 charismata
1271 455 1425 488 dividitur,
1447 455 1604 490 sapientiae,
1625 455 1751 482 ultimum
1773 463 1806 483 ex

1020 505 1098 535 parte
1117 500 1174 533 Dei,
1198 501 1318 535 primum
1340 508 1406 529 vero
1419 507 1469 536 pro
1487 501 1578 532 nobis,
1598 505 1641 528 est
1658 501 1739 528 timor
1754 500 1807 529 Do-

1021 545 1107 578 mini;
1128 546 1174 580 qui
1199 553 1262 578 nos,
1282 554 1331 582 per
1349 551 1516 574 a-ternorum
1539 547 1738 582 suppliciorum
1757 549 1807 574 mi—

1021 597 1083 622 nas,
1100 591 1136 618 ab
1150 590 1282 618 omnibus
1303 595 1426 618 avertere
1440 590 1509 618 facit
1525 591 1612 624 vitiis,
1628 594 1658 618 et
1684 595 1808 618 conten»

1020 641 1084 670 plus
1100 636 1176 672 fugat
1188 636 1329 663 duritiam.
1347 637 1400 669 Qui
1411 644 1476 664 vero
1492 637 1543 665 hoc
1553 637 1653 665 timore
1663 643 1808 666 moventur

1020 681 1139 715 quadam
1155 681 1200 708 via
1217 684 1245 708 et
1259 681 1357 709 ordine
1378 682 1533 713 ambulant,
1550 689 1601 717 ope
1622 682 1807 716 fortitudinis,

1021 734 1081 762 quae
1097 732 1139 754 est
1159 734 1325 762 generosum
1351 728 1518 755 desiderium
1539 732 1566 756 et
1580 733 1671 757 motus
1684 729 1716 757 ad
1737 737 1807 764 pra:-

1021 776 1160 808 eeptorum
1171 772 1369 807 impletionem,
1379 777 1490 808 propter
1499 780 1574 808 spem
1582 773 1807 807 promissiomtm,

1021 823 1048 846 et
1064 819 1151 846 morbi
1169 817 1294 852 iugatio:
1315 825 1367 853 ope
1388 819 1513 850 consilii,
1535 819 1607 853 quod
1634 824 1677 846 est
1697 819 1807 846 habitus

1021 864 1199 891 discretionis
1220 872 1226 890 :
1251 871 1299 898 per
1323 871 1404 899 quam
1429 871 1492 891 cum
1512 863 1619 898 judicio
1643 864 1738 891 divina
1757 864 1808 891 im-

1021 910 1127 944 plemus
1142 915 1290 944 praecepta.
1315 914 1343 937 et
1364 909 1466 938 bonum
1488 917 1502 935 ει
1523 910 1597 938 malo
1613 909 1806 938 secernimus:

1020 963 1074 991 ope
1097 957 1230 988 scientiae,
1255 962 1316 991 quae
1343 959 1386 983 est
1410 955 1570 990 impietatis,
1593 959 1620 983 et
1641 962 1757 990 operum
1773 955 1807 982 ab

1021 1001 1067 1028 illa
1089 1001 1224 1029 factorum
1239 1021 1247 1034 ,
1268 999 1415 1035 expulsio;
1439 1004 1467 1028 et
1491 1007 1586 1028 eorum
1605 1008 1666 1035 quae
1688 999 1806 1027 solidam

1020 1047 1131 1074 virtutis
1156 1050 1281 1082 spectant
1320 1045 1565 1078 exercitationem,
1589 1045 1712 1081 cognitio
1736 1052 1808 1080 :per

1020 1099 1068 1118 eas
1090 1096 1214 1127 agentes,
1239 1099 1253 1118 a
1282 1096 1358 1118 recto
1371 1091 1480 1119 consilii
1497 1090 1618 1126 judicio,
1636 1092 1712 1119 nullo
1726 1091 1808 1118 modo

1020 1137 1164 1165 detieimus
1178 1148 1184 1165 :
1200 1146 1251 1174 ope
1267 1138 1468 1173 intelligentiae,
1483 1145 1543 1173 qua
1553 1143 1596 1166 est
1610 1142 1807 1174 praeceptorum

1020 1184 1259 1218 interpretationis
1284 1184 1392 1216 netitia,
1411 1191 1459 1218 per
1476 1191 1558 1218 quam
1581 1184 1650 1210 varii
1667 1184 1740 1211 modi
1752 1184 1809 1210 vir—

1019 1233 1108 1255 tutum
1128 1229 1284 1261 ﬁrmantur,
1300 1229 1475 1257 ambulamus
1488 1229 1521 1256 ad
1540 1229 1682 1264 sapientia:
1700 1229 1809 1265 perfec-

1019 1273 1135 1306 tionem,
1153 1273 1180 1301 id
1200 1279 1252 1307 est,
1271 1273 1447 1310 prudentiam
1461 1283 1469 1308 ;
1484 1282 1545 1310 qua:
1558 1281 1600 1303 est
1616 1275 1809 1310 imprudentia:

1019 1319 1132 1351 ablatio,
1148 1326 1175 1347 et
1193 1320 1336 1347 modorum
1375 1321 1567 1357 rationumque
1591 1323 1721 1350 virtutum
1746 1330 1807 1350 sus-

1019 1364 1121 1399 ceptio.
1135 1364 1178 1395 Et,
1194 1369 1222 1391 ut
1240 1372 1289 1400 pro
1309 1372 1420 1399 semper
1436 1365 1538 1397 dicam,
1560 1366 1690 1401 mutatio,
1707 1373 1760 1402 qua
1775 1367 1815 1393 adt

1020 1411 1117 1438 modos
1145 1411 1322 1446 rationesque
1342 1412 1488 1444 virtutum,
1515 1411 1562 1439 ﬁat
1581 1412 1680 1440 mixtio
1697 1418 1808 1450 natura~

1021 1456 1086 1482 lium
1104 1456 1300 1492 potentiarum,
1315 1465 1376 1492 quae
1391 1459 1541 1485 observent
1555 1464 1692 1494 prmeepta
1707 1466 1761 1486 non
1774 1462 1810 1486 ob

1020 1502 1110 1530 minas
1131 1506 1177 1529 aut
1203 1503 1414 1537 promissiones,
1440 1504 1488 1531 sed
1512 1504 1569 1532 haec
1593 1505 1659 1537 duo,
1678 1511 1806 1540 tanquam

1021 1549 1123 1583 optima
1146 1549 1301 1577 secundum
1320 1550 1512 1584 dileCtionem,
1530 1551 1732 1584 amplectendo.

1054 1689 1237 1726 Intelligentia
1263 1691 1331 1718 bona
1350 1693 1472 1719 omnibus
1491 1693 1655 1726 facientibus
1680 1701 1750 1721 eam.
1769 1693 1806 1720 Ex

1019 1735 1212 1764 observatione
1235 1736 1316 1764 docta
1337 1737 1494 1765 divinarum
1516 1738 1700 1770 voluntatum,
1724 1739 1807 1766 datttr

1019 1782 1089 1809 hona
1115 1782 1310 1818 intelligentia,
1328 1784 1458 1812 onmibus
1482 1785 1556 1812 illam
1576 1785 1742 1820 sapientiam
1758 1792 1807 1812 co-

1019 1828 1150 1859 lentibus.
1173 1837 1228 1864 qua
1247 1831 1365 1865 proximi
1392 1831 1447 1859 Deo
1471 1832 1521 1867 ipsi
1539 1832 1698 1860 eilicimur:
1720 1837 1746 1860 et
1768 1834 1805 1860 illi

1018 1874 1228 1909 conjungimnr,
1252 1876 1309 1902 sola
1331 1876 1457 1911 jnvanle,
1476 1886 1537 1913 quia:
1552 1886 1566 1905 a
1588 1878 1669 1905 nobis
1689 1882 1806 1910 remota,

1020 1918 1075 1946 Deo
1104 1925 1196 1948 autem
1223 1923 1348 1957 proxima
1375 1928 1426 1955 est,
1443 1926 1577 1959 sapientia
1597 1936 1602 1953 :
1621 1933 1692 1961 quae,
1713 1927 1808 1954 stulti‘

1018 1965 1062 1991 tite
1085 1967 1212 1998 remotio,
1234 1971 1260 1993 et
1284 1967 1472 2001 spiritualium
1495 1970 1522 1996 in
1543 1974 1679 2005 praecepta
1702 1977 1806 1997 sermo-

1018 2015 1095 2041 num,
1111 2014 1153 2037 est
1168 2010 1303 2038 resolutio
1322 2015 1348 2038 et
1363 2013 1513 2047 synthesis.
1531 2014 1599 2041 Cum
1616 2015 1688 2042 enim
1708 2016 1805 2042 ambu-

1019 2055 1109 2083 lamus
1125 2058 1280 2085 secuudum
1297 2058 1371 2086 dicta
1385 2059 1439 2086 alia
1458 2060 1627 2088 charismata
1637 2061 1805 2096 spiritualin,

1016 2101 1158 2136 jungimur
1174 2102 1280 2130 Divina:
1301 2105 1412 2131 monadi
1426 2105 1579 2140 sapientiae,
1592 2111 1619 2132 ct
1640 2114 1687 2140 per
1704 2106 1806 2133 distin-

1017 2147 1137 2174 ctimtem
1155 2156 1170 2174 a
1184 2149 1263 2176 nobis
1275 2149 1376 2177 factam
1398 2151 1610 2184 charismatum,
1626 2153 1805 2188 intelligimus

1018 2193 1141 2221 rationes
1165 2202 1260 2230 conum
1284 2204 1289 2222 :
1306 2203 1368 2224 nam
1389 2197 1526 2232 sapientia
1546 2205 1645 2226 monas
1664 2204 1717 2230 est,
1742 2207 1805 2226 cum

177 2241 231 2259 των
246 2233 390 2268 διαίρεσιν,
408 2233 478 2270 πρὸς
491 2234 540 2269 τὴν
555 2233 657 2261 τούτων
674 2235 764 2261 αἰτίαν
784 2235 946 2268 συνάγοντες
959 2244 964 2249 ’

1019 2238 1105 2265 variis
1121 2239 1155 2265 ah
1175 2247 1207 2266 ea
1225 2241 1373 2269 virtutibus
1389 2246 1476 2270 totum
1491 2243 1659 2272 indivisibile
1671 2244 1804 2276 eﬂiciens;

177 2278 300 2314 ὲπειδὴή
320 2279 400 2314 σοφία
418 2280 502 2315 μονάς
519 2280 589 2311 ἐστι,
607 2279 655 2311 τὰς
680 2280 710 2311 ἐξ
728 2280 811 2315 αὐτῆς
827 2281 966 2316 διαφόροις

177 2323 287 2358 ἀρεταῖς
304 2324 435 2359 ἀτμήτως
449 2324 653 2360 ἑνθεωρουμένη
665 2333 671 2338 ·
685 2324 733 2351 καὶ
751 2324 894 2360 μονοειδῶς
910 2326 969 2354 ταῖς

176 2369 231 2395 τῶν
243 2369 312 2396 ὅλων
325 2370 431 2406 ἀρετῶν
444 2370 597 2405 ἐνεργείαις
614 2371 806 2406 ὲπινοουμένη,
824 2371 883 2402 ταῖς
900 2371 968 2405 πρὸς

177 2414 262 2450 αὐτὴν
276 2415 332 2442 τῶν
348 2415 378 2448 ἐξ
391 2415 479 2450 αὐτῆς
491 2415 596 2451 ἀρετῶν
616 2416 881 2447 ἀποκαταστάσεσιν,
903 2416 969 2442 ὅταν

176 2460 258 2494 ἡμεῖς
285 2459 320 2486 δι’
348 2458 395 2492 οὓς
419 2460 492 2486 κατὰ
517 2460 566 2496 τὴν
592 2461 710 2496 ἑκάστης
736 2460 837 2495 ἀρετῆς
858 2460 964 2494 γένεσιν

176 2507 294 2532 ποιεῖται
311 2506 360 2541 τὴν
375 2506 499 2541 πρόοδον,
514 2506 685 2539 ἅνατατικῶς
701 2507 735 2534 δι’
753 2507 874 2542 ἑκάστης
893 2507 962 2542 πρὸς

176 2551 262 2586 αὐτὴν
277 2552 451 2586 συναγόμεθα
464 2561 471 2568 ·
489 2552 551 2580 καθ’
567 2553 601 2588 ἢν
615 2553 720 2586 σοφίαν,
738 2553 887 2588 άγνώστως
900 2555 963 2585 τοὺς

175 2597 206 2622 ἐν
219 2596 280 2632 Θεῷ
295 2597 365 2624 κατὰ
387 2597 418 2624 τὸ
438 2597 549 2632 θεμιτὸν
566 2598 720 2634 ἀνθρώποις
734 2599 830 2631 ἁπλῶς
841 2599 963 2634 μυούμε-

176 2651 226 2673 νοι⁷
242 2643 296 2670 τῶν
313 2643 398 2671 όντων
413 2644 508 2678 λόγους
520 2644 634 2677 πολλοὺς
652 2645 699 2671 καὶ
722 2645 860 2676 ποικίλους
873 2647 906 2672 ἐκ
914 2645 964 2680 τῆς

175 2687 230 2714 τῶν
245 2689 384 2724 αἰσθητῶν
400 2697 430 2716 τε
446 2691 494 2717 καὶ
507 2690 611 2724 νοητῶν
623 2691 723 2717 οὐσιῶν
737 2690 824 2726 σοφῆς
837 2691 964 2726 θεωρίας,

177 2732 298 2765 εὐσεόεἰς
334 2736 399 2770 περὶ
429 2736 478 2770 τῆς
511 2735 576 2770 ὅλης
617 2735 747 2770 ἀληθείας
782 2735 966 2770 ἀποδώσωμεν

1019 2288 1046 2310 et
1061 2284 1237 2311 unit‘ormiter
1256 2287 1282 2312 in
1300 2287 1425 2315 omnium
1444 2289 1576 2316 virtutum
1597 2289 1706 2316 actibus
1727 2297 1804 2317 c0m-

1018 2329 1198 2363 prehenditur
1225 2332 1280 2363 illa,
1308 2333 1481 2361 restituendo
1505 2334 1558 2368 ipsi
1581 2335 1698 2362 virtutes
1717 2334 1752 2362 ab
1773 2343 1804 2362 ea

1017 2375 1152 2409 oriundae,
1168 2377 1290 2411 quando,
1308 2385 1360 2406 nos
1373 2379 1448 2406 varie
1459 2380 1611 2408 secundum
1624 2374 1806 2415 unamquam-

1017 2426 1071 2454 que
1098 2420 1227 2448 virtutem
1256 2423 1477 2458 progredientes,
1502 2431 1550 2458 per
1575 2424 1700 2459 singulas
1722 2423 1748 2451 vi
1769 2426 1803 2451 ad

1016 2472 1076 2493 eam
1100 2467 1281 2496 accessimus.
1302 2468 1355 2496 Per
1379 2469 1451 2497 hanc
1477 2470 1657 2505 sapientiam,
1681 2470 1802 2505 sapienti

1012 2513 1199 2546 corporalium
1217 2518 1245 2541 et
1261 2514 1491 2543 iutellectualium
1506 2522 1598 2543 rerum
1612 2516 1804 2544 meditatione.

1013 2560 1043 2583 ut
1065 2558 1226 2587 hominibus
1241 2560 1383 2592 convenit,
1409 2561 1554 2589 initiamur
1584 2561 1698 2594 indocti,
1719 2562 1806 2590 multa

1012 2602 1145 2638 variaque
1176 2611 1269 2632 rerum
1293 2605 1320 2632 in
1339 2604 1395 2634 Deo
1416 2606 1606 2643 intelligentia,
1622 2611 1650 2635 et
1665 2608 1706 2635 sic
1722 2608 1805 2643 piam,

1013 2647 1087 2675 circa
1111 2655 1220 2677 omnem
1246 2650 1390 2678 veritatem
1410 2651 1592 2680 ostendemus
1607 2660 1623 2680 e
1636 2659 1653 2680 ο
1672 2652 1806 2680 nitionem

1019 2699 1101 2726 quam
1125 2694 1254 2722 omnibus
1277 2695 1438 2725 hominibus
1462 2697 1544 2725 modo
1567 2698 1654 2731 vario,
1672 2705 1704 2726 ex
1724 2698 1806 2725 corde

1021 2742 1151 2773 tanquam
1170 2743 1307 2768 crescenti
1326 2742 1411 2775 fonte,
1425 2743 1584 2772 oﬂ'crcmus.

177 2777 271 2812 λόγους
283 2787 289 2794 ·
305 2781 436 2813 ποικίλως
458 2781 560 2816 ταύτης
576 2782 613 2813 ὡς
636 2781 668 2808 ἐκ
681 2790 754 2812 τινος
769 2781 972 2817 βλαστανούσης
991 2786 1083 2819 πηγῆς
1097 2785 1147 2820 τῆς
1163 2787 1286 2821 καρδίας,
1309 2789 1366 2820 τοῖς
1380 2789 1470 2821 ἄλλοις
1502 2791 1657 2825 ἀνθρώποις
1687 2796 1807 2826 προσφε.

195 2833 280 2852 οντες.

195 2833 253 2851 οντε
274 2845 280 2852 .

178 2833 194 2859 ρ
210 2834 356 2898 Εὑὲἐσεια
369 2872 403 2899 δὲ
424 2875 468 2904 εἰς
484 2873 570 2904 Θεὸν,
585 2871 663 2907 ἀρχὴ
686 2873 865 2907 αἰσθήσεως.
880 2873 964 2901 Εὐσέ-

320 2919 454 2950 Ριτηοι..
470 2921 527 2950 GR.
546 2921 716 2951 LXXXVII.

1057 2874 1147 2901 Pietas
1163 2875 1189 2902 in
1213 2875 1305 2912 Deum,
1321 2878 1479 2913 principium
1495 2879 1686 2914 intelligentia'.
1718 2877 1806 2903 Picta!

1555 2927 1594 2954 30
