2079 3161
327 136 394 168 1227

985 143 1160 175 ῙἯΟΟΟῬΙΙ
1179 146 1298 176 ῦΑΖίἘῙ

1868 154 1922 187 12:23

323 193 353 221 in
367 194 461 226 Deum,
477 202 530 230 qua
547 195 623 222 illmtt
640 195 755 231 iustitiae
776 198 905 233 operibus
928 199 1108 234 ltonoramus,
1126 210 1144 235 Α

1102 222 1108 234 ,
1126 210 1145 235 Α
1161 202 1222 228 ϐεια
1239 203 1266 229 δὲ
1284 204 1323 235 εἰς
1335 203 1412 236 ϐίον,
1425 206 1442 240 ἥ
1458 206 1515 231 ἐστι
1531 206 1559 232 τὸ
1572 205 1762 242 τοῦτονὲργοις
1776 209 1922 247 δικαιοσύνης

324 244 366 267 est
382 240 547 275 principium
567 242 767 279 intelligentiae,
780 245 852 280 quod
869 252 921 277 est,
941 247 1060 282 optimas
1077 248 1111 274 il-

323 287 376 316 lius
387 288 544 317 voluntates
560 292 702 326 operando
720 300 900 328 cognoscere.
918 294 1016 323 Praxis
1035 297 1109 324 enim

322 334 513 362 mandatorum
526 335 584 369 Dei,
600 336 809 366 fundamentum
817 345 858 367 est
873 340 986 368 tlteoria:
1000 349 1109 376 eorum,

320 386 450 407 sermone
464 380 601 409 didactico
617 391 666 418 pro
676 385 755 419 praxi
767 387 971 420 expositorum,
990 387 1038 415 sed
1047 393 1109 424 post

320 427 438 461 praxim,
455 428 562 457 visione
576 429 778 465 perfectissima
796 432 983 468 cognitorum.

353 518 520 553 Sapientiam
542 524 567 547 et
591 520 741 548 doctrinam
762 522 840 549 stulti
865 522 1025 558 despiciunt.
1055 523 1107 552 Sa-

317 565 450 600 pientiam
473 570 578 600 autem,
601 574 662 602 qua:
683 567 775 595 lumen
789 568 889 596 animo:
910 573 936 596 et
953 569 1106 597 secundum

321 612 403 639 Deum
428 612 569 646 perfectio,
589 618 616 641 et
639 614 803 646 doctrinam,
825 623 886 650 qua:
909 616 1009 643 animae
1030 616 1106 644 utilis

318 659 466 691 institutio,
488 659 561 686 illaut
577 660 716 687 laboriose
733 668 746 686 a
764 661 879 689 maculis
891 661 1042 696 impietatis
1053 669 1104 697 pu-

316 706 439 738 riticans,
455 706 569 733 omnino
585 706 756 742 despiciunt,
772 707 819 742 qui
839 708 970 743 operibus
986 708 1104 744 justitiaa

316 751 400 779 Deum
416 760 471 779 non
482 753 595 786 colunt;
609 753 645 780 ita
662 757 690 780 ut
705 761 755 781 nec
773 754 817 781 Dei
837 754 975 782 minarum
991 755 1102 787 timore,

314 806 366 826 nec
388 799 526 826 desiderio
545 799 761 834 promissionum
790 800 875 834 illius,
903 808 956 828 nec
984 800 1012 828 in
1038 809 1101 829 eum

314 843 463 871 dilectione
487 847 618 879 tanquam
638 844 765 872 beneﬁcii
790 849 908 880 patrem,
929 853 962 872 ea
977 853 1039 881 quae
1055 851 1102 873 aut

1166 250 1259 285 τιμᾷν,
1274 250 1345 285 ἀρχὴ
1361 251 1478 286 ὑπάρχει
1493 253 1657 287 αἰσθήσεως,
1671 254 1688 288 ἦ
1705 255 1757 281 ἐστι
1769 257 1833 282 κατὰ
1843 259 1923 292 πεῖραν

1166 295 1265 328 γνῶσις
1289 296 1344 322 τῶν
1368 298 1533 332 παναγάθων
1561 299 1720 333 θελημάτων
1743 301 1861 338 αὺτοῦ-ὴ
1881 304 1924 339 γὰρ

1166 341 1264 375 πρᾶξις
1293 342 1346 369 τῶν
1366 343 1413 370 τοῦ
1434 343 1502 370 Θεοῦ
1527 345 1652 377 ἐντολῶν,
1672 345 1855 382 ὲπίὸασις¹τῆς
1868 348 1924 375 θεω-

1166 386 1225 420 ρίας
1241 388 1344 415 τούτων
1360 389 1445 421 ἐστὶν,
1462 390 1658 426 ἱστορηθέντων
1674 391 1722 426 μὲν
1740 392 1805 427 λόγῳ
1818 393 1926 425 διδασκα-

1163 431 1231 467 λικῷ
1254 434 1306 468 πρδ
1332 434 1381 469 τῆς
1405 434 1541 469 πράξεως,
1567 436 1740 470 γνωσθέντων
1763 437 1789 464 δὲ
1812 439 1872 473 μετὰ
1884 439 1926 476 τὴν

1163 478 1263 514 πρᾶξιν
1274 480 1333 506 κατ’
1347 477 1479 515 αὐτοψίαν
1495 481 1669 517 τελεώτερον.

1198 525 1312 558 Σοφίαν
1324 525 1358 551 δὲ
1375 526 1424 552 καὶ
1442 527 1581 554 παιδείαν
1597 528 1715 562 ἀσεϐεῖς
1729 529 1925 564 ἐξουθενήσου-

1161 577 1222 597 σιν.
1252 571 1352 606 Σοφίαν
1374 572 1412 603 δὲ,
1432 574 1449 609 ἢ
1471 574 1612 608 φωτισμός
1635 575 1693 601 ἐστι
1714 577 1761 610 τῆς
1784 575 1873 611 ψυχῆς,
1886 577 1926 603 καὶ

1161 616 1230 645 κατὰ
1254 617 1321 644 Θεὸν
1344 618 1500 651 τελείωσις·
1525 620 1572 646 καὶ
1602 621 1743 655 παιδείαν,
1765 622 1781 655 ἢ
1806 622 1926 656 ὠφέλιμος

1159 662 1245 698 ταύτῃ
1258 663 1332 690 ἐστὶν
1344 663 1451 700 ἀγωγὴ,
1467 665 1602 697 ἐπιπόνως
1623 666 1677 693 τῶν
1691 667 1743 693 ἀπὸ
1757 668 1848 699 κακίας
1864 669 1927 704 κηλί-

1158 706 1210 733 δων
1233 707 1318 743 αὐτὴν
1333 709 1547 744 ὲκκαθαίρουαα,
1561 711 1585 736 οἰ
1610 710 1700 746 ἔργοις
1714 712 1876 748 δικαιοσύνης
1893 714 1924 749 μὴ

1157 751 1290 786 τιμῶντες
1311 752 1388 786 Θεὸν,
1413 754 1471 780 ἀντ’
1500 754 1607 786 οὐδενὸς
1628 754 1787 789 λογίσονται,
1810 755 1844 787 ὡς
1868 756 1926 791 μήτε

1158 797 1232 833 φόϐῳ
1250 797 1305 825 τῶν
1320 798 1416 826 τούτου
1438 799 1568 831 ἀπειλῶν,
1586 801 1654 836 μήτε
1677 800 1751 836 πόθῳ
1771 802 1821 828 τῶν
1842 802 1925 829 τούτου

1156 842 1338 878 ἐπαγγελιῶν,
1363 845 1431 880 μήτε
1452 845 1545 881 ἀγάπῃ
1569 847 1602 881 τῇ
1618 846 1686 881 πρὸς
1710 847 1797 878 αὐτὸν,
1817 847 1850 878 ὡς
1864 848 1925 875 κατὰ

314 888 414 921 servis,
429 891 475 915 aut
493 889 683 921 mercenariis,
700 895 744 917 aut
760 889 823 918 filiis
842 890 1024 924 conveniunt,
1042 891 1098 918 ullo
1115 886 1135 913 Β

1115 886 1136 913 Β
1150 888 1230 924 χάριν
1257 889 1374 924 πατέρα,
1404 890 1438 916 τὰ
1461 891 1517 922 τοῖς
1541 891 1688 926 δούλοις,ἢ
1711 886 1764 923 rei;
1781 892 1923 927 μισθίοις,ἢ

314 935 397 962 modo
414 935 527 962 faciant.

349 978 431 1008 Vens.
451 981 478 1012 8,
495 981 521 1008 9.
539 981 621 1014 Audi,
640 982 680 1016 [ἱίί
691 982 738 1012 mi,
757 983 826 1016 legas
849 983 934 1014 patris
958 984 1008 1015 Ini,
1025 989 1049 1010 et
1073 992 1104 1010 ne

313 1025 433 1053 dimittas
459 1027 573 1054 tonsilia
602 1029 696 1054 matris
723 1032 796 1055 tum:
815 1037 877 1055 nam
891 1037 989 1055 corona
1008 1030 1103 1063 gratia:

313 1072 426 1099 addetur
439 1073 519 1107 capili
532 1079 575 1099 tua
587 1078 612 1100 et
627 1078 730 1108 torques
745 1082 826 1101 aurea
837 1074 905 1101 collo
920 1080 974 1102 tuo.
989 1074 1030 1101 Tu
1040 1082 1102 1101 vero

312 1119 359 1153 qui
398 1119 488 1146 adhuc
525 1119 622 1154 spiritu
657 1119 799 1147 infantiam
831 1120 901 1154 agis,
918 1127 1008 1152 serva,
1041 1120 1100 1154 ejus

312 1163 359 1198 qtti
383 1167 410 1191 te
437 1164 521 1200 gratis
557 1165 706 1200 adoptavit,
741 1165 787 1193 Dei
820 1166 958 1198 mandata,
979 1173 1030 1201 ope
1054 1166 1101 1193 do-

311 1209 462 1237 ctrinarum
478 1209 511 1236 ad
528 1210 658 1237 auxilium
676 1214 773 1247 natura
794 1218 989 1238 concessarum
1007 1219 1013 1237 :
1035 1215 1059 1237 et
1073 1211 1100 1238 in

311 1255 432 1282 omniuut
468 1259 567 1282 natura
600 1254 730 1282 fundatos
756 1263 771 1282 a
805 1255 940 1290 sapientia
975 1256 1098 1282 ontninm

310 1306 403 1326 rerum
423 1305 505 1326 causa
527 1306 680 1330 sermones,
697 1299 742 1333 qui
759 1304 824 1326 sunt
846 1299 912 1333 ipsm
936 1298 982 1325 Dei
1002 1299 1098 1326 volnu-

311 1348 390 1375 tatcs,
410 1350 459 1377 per
472 1350 540 1377 quas
555 1343 646 1369 omnia
661 1341 733 1369 facta
759 1346 834 1375 sunt,
849 1350 883 1370 ne
898 1342 1019 1377 rejieias,
1035 1350 1096 1369 cum

309 1389 360 1422 sis,
382 1387 559 1416 facultatibus
573 1387 607 1415 ad
627 1387 729 1415 bonum
751 1387 908 1415 faciendum
922 1387 971 1414 tibi
988 1395 1098 1414 conces-

309 1435 359 1466 sis,
380 1434 536 1462 decoratus.
557 1433 701 1461 Annuntio
720 1433 792 1460 enim
819 1433 869 1460 tibi
892 1441 925 1461 ex
949 1433 1097 1460 mandato-

309 1488 369 1508 rum
385 1481 541 1509 divinorttm
560 1482 754 1510 observatione
774 1485 801 1509 et
815 1481 954 1512 custodia,
971 1480 1094 1516 spiritui,

309 1526 398 1561 quite
416 1527 485 1562 regit
515 1526 707 1558 adventuram,
737 1531 868 1562 tanquam
902 1534 1032 1553 coronant
1061 1534 1095 1553 ex

307 1577 423 1605 diversis
454 1577 627 1604 intertextam
651 1576 774 1609 floribus,
794 1584 829 1604 ex
858 1575 980 1603 omnium
1002 1583 1092 1603 rerum

308 1627 406 1648 natura
418 1627 612 1657 congregatam
627 1621 751 1649 veritatis
768 1621 906 1653 notitiam;
921 1624 949 1648 et
965 1621 1094 1656 potentiae

308 1668 349 1694 tui
373 1667 487 1703 spiritus
508 1667 648 1698 rationali.
669 1674 730 1702 quce
750 1666 873 1693 scientia:
893 1665 1028 1696 adhaeret.
1057 1665 1094 1692 si-

312 1719 358 1741 cut
377 1721 425 1748 per
441 1713 541 1740 collum
560 1713 651 1754 _capiti
675 1712 813 1746 reliqumn
835 1711 956 1738 adhaeret
977 1718 1092 1744 corpus,

308 1759 417 1792 nuntio,
435 1763 464 1786 ut
484 1758 623 1793 quoddam
648 1761 843 1785 ornamentum
867 1756 982 1789 collare,
1009 1756 1092 1784 vitam

307 1805 409 1832 virtute
424 1804 584 1839 fulgentem.

344 1850 426 1879 Vens.
445 1852 550 1879 lO-M.
568 1849 623 1878 Fili
636 1852 682 1882 mi,
697 1851 753 1878 site
766 1851 1092 1885 lactaverintpeccatores,

307 1904 338 1923 ne
353 1896 504 1931 acquiescas
519 1897 571 1929 eis;
581 1905 640 1923 cum
653 1903 676 1924 te
691 1897 850 1929 vocaverint,
866 1895 981 1923 dicentes
998 1904 1006 1922 :
1033 1895 1094 1922 Veni

307 1941 455 1974 nobiscum,
484 1942 674 1976 partieipemus
703 1942 828 1977 sanguini
857 1950 865 1967 :
899 1941 1094 1968 abscondamus

305 1988 334 2014 in
352 1991 451 2015 terram
465 1988 550 2014 virum
559 1988 675 2022 justum,
696 1987 794 2022 injuste
807 1995 816 2014 :
831 1987 1010 2022 deglutiamus
1022 1994 1092 2018 eum,

305 2035 373 2060 sicut
386 2035 503 2069 infernus
517 2035 651 2067 viventem,
665 2038 688 2060 et
704 2033 829 2060 tollamus
856 2033 1009 2060 memoriam
1038 2033 1094 2066 ejus

306 2089 321 2106 ιι
333 2084 416 2111 terra;
428 2080 604 2107 substantiam
613 2080 669 2114 ejus
680 2078 901 2114 pretiosissimam
915 2078 1071 2112 reperiemus
1084 2085 1093 2104 :

305 2125 469 2160 implebimus
492 2124 584 2152 dotnos
594 2129 700 2152 nostras
708 2124 809 2158 spoliis.
823 2123 900 2150 Mitte
911 2127 1009 2150 sortem
1020 2127 1092 2150 tuam

306 2173 452 2202 nobiscum,
467 2179 603 2198 commune
611 2171 776 2204 marsupium
786 2168 977 2203 possidebimus
990 2176 1093 2201 omnes.

1155 935 1212 966 τοῖς
1227 935 1296 966 υἱοῖς
1311 934 1466 970 ἁρμόζοντα
1481 935 1671 972 ἐργαζόμενοι.

1189 983 1224 1015 η’,
1240 980 1272 1006 θ’.
1285 981 1406 1012 'Auovs,
1415 981 1469 1012 υἱὲ,
1485 983 1593 1016 νόμους
1616 983 1727 1017 πατρός
1741 990 1796 1009 σου
1810 990 1817 997 ’
1833 981 1877 1008 καί
1887 981 1924 1016 μὴ

1153 1025 1260 1060 amitam
1283 1026 1416 1060 θεσμοὺς
1430 1029 1543 1061 μητρός
1556 1034 1614 1054 σου
1627 1035 1634 1043 ’
1658 1028 1806 1063 στέφανον
1818 1028 1867 1063 γὰρ
1881 1035 1925 1062 χα-

1154 1070 1246 1104 ρίτων
1262 1070 1336 1105 δέξῃ
1348 1071 1384 1104 τῇ
1398 1071 1525 1105 κορυφῇ,
1541 1072 1590 1099 καὶ
1606 1072 1711 1099 κλοιὸν
1724 1073 1849 1107 χρύσεον
1867 1072 1924 1107 περὶ

1152 1115 1197 1147 σῷ
1211 1115 1361 1150 τραχήλῳ.
1378 1117 1413 1142 Σὺ
1428 1117 1456 1143 δὲ
1469 1117 1482 1142 ό
1497 1117 1538 1143 ἔτι
1553 1119 1694 1152 νηπιάζων
1705 1119 1754 1154 τὴν
1768 1118 1834 1144 κατὰ
1847 1117 1923 1152 ψυχὴν

1151 1159 1270 1193 ἠλικίαν,
1296 1160 1414 1195 μάνθανε
1437 1161 1487 1192 τὰς
1515 1162 1624 1193 ἐντολὰς
1643 1161 1692 1188 τοῦ
1719 1163 1788 1188 κατὰ
1805 1161 1878 1197 χάριν
1898 1169 1923 1187 σε

1151 1205 1333 1238 υίοθετοῦντος
1354 1206 1432 1238 Θεοῦ,
1451 1207 1495 1233 διὰ
1510 1207 1560 1242 τῆς
1586 1208 1653 1243 πρὸς
1673 1208 1797 1244 βοήθειαν
1808 1209 1838 1242 τῇ
1853 1207 1923 1240 φύσει

1150 1250 1271 1286 δοθείσης
1283 1251 1392 1287 γραφῆς
1402 1260 1409 1266 ·
1428 1252 1474 1278 καὶ
1487 1252 1550 1284 τοὺς
1564 1253 1694 1284 τεθέντας
1711 1254 1739 1279 ὲν
1757 1255 1788 1288 τῇ
1803 1253 1852 1279 τῶν
1864 1253 1923 1278 ὅλων

1149 1296 1240 1330 φύσει,
1262 1297 1336 1332 παρὰ
1349 1297 1399 1332 τῆς
1420 1297 1528 1324 πάντων
1552 1299 1641 1330 αἰτίας
1670 1299 1767 1333 σοφίας
1793 1298 1889 1331 λόγους,
1901 1297 1921 1322 οἳ

1148 1342 1218 1369 αὑτά
1230 1343 1283 1368 εἱσι
1302 1342 1335 1370 τὰ
1349 1342 1408 1369 θεῖα
1426 1343 1574 1379 θελήματα,
1597 1344 1659 1371 καθ’
1674 1344 1692 1371 ἃ.
1710 1344 1743 1370 τὰ
1756 1345 1839 1371 πάντα
1852 1343 1923 1377 γεγό-

1148 1395 1219 1420 νασι,
1236 1388 1273 1422 μὴ
1290 1388 1451 1425 ἀποπέμψῃ,
1470 1388 1686 1424 παραχρώμενος
1707 1391 1764 1421 ταῖς
1781 1389 1843 1424 πρὸς
1859 1388 1922 1422 ἐνέρ-

1147 1441 1224 1466 γειαν
1237 1433 1282 1460 τοῦ
1299 1433 1381 1460 καλοῦ
1401 1434 1535 1466 δοθείσαις
1558 1443 1599 1461 σοι
1613 1435 1778 1470 δυνάμεσιν·
1803 1433 1921 1467 ἐπαγγέλ-

1146 1479 1226 1514 λομαι
1245 1480 1300 1514 γάρ
1321 1488 1371 1513 σοι,
1399 1481 1430 1507 ὲκ
1444 1481 1492 1507 τοῦ
1508 1481 1652 1516 μανθάνειν
1670 1491 1701 1508 σε
1725 1483 1771 1508 καὶ
1782 1481 1868 1517 τηρεῖν
1879 1479 1921 1510 τὰς

1147 1524 1221 1556 θείας
1236 1525 1355 1557 ἐντολὰς,
1372 1528 1608 1561 προσγενήσεσθαι
1631 1527 1668 1563 τῷ
1684 1528 1735 1562 μὲν
1747 1528 1856 1562 ἡγεμόνι
1879 1535 1919 1553 σου

1146 1570 1193 1604 νῷ,
1209 1567 1253 1598 οἶά
1268 1579 1328 1597 τινα
1344 1565 1476 1606 στέφανον
1493 1574 1524 1598 ὲκ
1540 1572 1678 1608 διαφόρων
1692 1573 1868 1607 πεπλεγμένον
1879 1572 1919 1598 ἀν-

1146 1617 1226 1650 θέων,
1251 1617 1299 1652 τὴν
1321 1618 1352 1644 ἐκ
1367 1618 1415 1652 τῆς
1437 1618 1492 1644 τῶν
1513 1618 1580 1644 ὅλων
1606 1618 1716 1653 φύσεως
1740 1617 1919 1653 συλλεγομένην

1145 1664 1246 1697 γνῶσιν
1271 1664 1320 1698 τῆς
1335 1663 1481 1699 ἀληθείας·
1495 1664 1533 1700 τῷ
1547 1665 1575 1691 δὲ
1590 1666 1754 1693 συνάπτοντι
1777 1666 1823 1700 τὴν
1834 1663 1918 1698 αίσθη-

1146 1717 1189 1735 σιν
1201 1709 1240 1743 τῷ
1251 1709 1301 1740 νοῒ,
1314 1709 1351 1740 ὼς
1370 1710 1384 1735 ὁ
1403 1710 1540 1745 τράχηλος
1559 1711 1592 1746 τῇ
1608 1711 1715 1746 κεφαλῇ
1731 1711 1760 1737 τὸ
1775 1711 1860 1738 λοιπὸν
1873 1708 1918 1735 σῶ-

1146 1762 1184 1788 μα
1200 1753 1347 1789 λογιστικῷ
1363 1763 1422 1786 σου,
1445 1753 1490 1781 οἶά
1512 1764 1573 1782 τινα
1601 1756 1705 1791 κόσμον
1729 1755 1918 1792 περιτραχήλιον

1144 1799 1189 1825 τὸν
1202 1800 1328 1835 λαμπρὶν
1345 1801 1404 1826 κατ’
1421 1800 1521 1836 ἀρετὴν
1542 1801 1607 1836 βίον.

1181 1845 1252 1872 ι’-ιδ’.
1269 1846 1324 1879 Υἱὲ,
1337 1845 1379 1880 μή
1395 1854 1432 1873 σε
1461 1846 1662 1880 πλανήσωονψ
1677 1847 1786 1882 ἄνδρες
1800 1845 1915 1877 ἀσεϐεῖς·

1143 1891 1219 1925 μηδὲ
1234 1891 1404 1926 βουληθῇς.
1418 1891 1473 1918 ἐὰν
1485 1893 1723 1926 παρακαλέσωσι
1739 1901 1775 1920 σε
1785 1893 1916 1927 λέγοντες·

1152 1936 1237 1964 Ἐλθὲ
1244 1937 1308 1971 μεθ’
1323 1936 1416 1971 ἡμῶν,
1427 1937 1614 1971 κοινώνησον
1626 1939 1752 1973 αἵματος
1761 1947 1767 1954 ·
1776 1939 1917 1973 κρύψωμεν

1144 1982 1178 2009 δὲ
1189 1984 1233 2015 εις
1254 1983 1313 2018 γῆν
1333 1983 1428 2018 ἄνδρα
1444 1983 1570 2016 δίκαιον,
1592 1984 1705 2018 ἀδίκως
1717 1994 1724 2002 ·
1749 1984 1918 2017 καταπίωμεν

1145 2029 1178 2055 δὲ
1193 2030 1285 2056 αὐτὸν
1299 2028 1399 2063 ὥσπερ
1422 2029 1498 2063 ᾅδης
1512 2029 1615 2062 ζῶντα,
1632 2031 1683 2057 καὶ
1708 2030 1820 2065 ἂρωμεν
1838 2027 1917 2056 αὐτοῦ

1144 2074 1202 2107 τὴν
1217 2074 1342 2108 μνήμην
1352 2075 1412 2102 ἀπὸ
1422 2074 1477 2108 τῆς
1488 2075 1543 2109 γῆς
1553 2083 1559 2090 ε
1577 2074 1634 2109 τὴν
1648 2076 1760 2109 κτῆσιν
1772 2075 1859 2102 αὐτοῦ
1870 2074 1918 2104 τὴν

1144 2120 1299 2154 πολυτελῆ
1325 2120 1553 2155 καταλαϐώμευα
1566 2129 1572 2135 ·
1590 2120 1757 2155 πλήσωμεν
1779 2120 1811 2147 δὲ
1829 2119 1918 2149 οἴκους

1145 2166 1307 2201 ἡμετέρους
1328 2167 1467 2193 σκύλων·
1484 2167 1536 2193 the
1551 2166 1585 2193 δὲ
1603 2169 1662 2193 σὸν
1678 2167 1792 2200 κλῆρον
1805 2166 1878 2198 ,θάλε
1889 2164 1919 2189 ἐν

305 2223 328 2244 et
342 2224 423 2244 unum
433 2216 636 2251 marsupiuntsit
645 2215 730 2242 nobis.
740 2214 778 2242 Ne
789 2213 919 2248 subjicias
927 2217 965 2246 te,
979 2212 1016 2240 fili
1025 2213 1091 2241 cba-
1109 2221 1126 2248 ῃ

1109 2221 1130 2248 ῃ
1147 2214 1228 2247 ἡμῖν,
1252 2213 1355 2240 κοινὸν
1381 2212 1415 2239 δὲ
1432 2213 1600 2245 βαλάντιον
1621 2213 1797 2247 κτησώμεθα
1809 2211 1916 2243 πάντες,

306 2263 589 2298 τίεεῑιιιθξὶιοιιιῑηίὺυε
602 2270 648 2298 per
666 2263 736 2290 bona
746 2269 829 2297 opera
841 2262 924 2289 Deum
935 2269 988 2290 non
1007 2261 1090 2289 hono-

305 2311 515 2344 rantibus,nec
546 2310 573 2337 in
599 2309 642 2336 via
668 2308 867 2336 bomicidarmn
898 2309 1031 2337 ambules.
1051 2307 1091 2334 Ne

305 2357 467 2393 acquiescas
477 2354 598 2386 omnino,
614 2355 637 2382 si
652 2353 700 2381 tibi
714 2361 776 2380 cum
791 2353 946 2382 hortatione
953 2353 1089 2382 dixerint:

306 2402 536 2432 Veninobiscum,
550 2400 682 2428 iusidiare
700 2400 826 2435 sanguini
838 2400 921 2428 caedis
937 2409 945 2427 :
959 2400 1090 2428 subterra

304 2448 506 2476 abscondamus
523 2447 672 2478 hominem,
684 2446 720 2474 ob
735 2445 839 2481 justum
856 2454 1020 2478 sermonem,
1032 2445 1092 2473 sine

304 2494 414 2529 querela
426 2493 760 2527 viventem;etantequam
775 2499 857 2529 mors
873 2485 911 2519 illi
927 2490 1091 2519 naturaliter

304 2528 422 2570 eveniat,
434 2544 485 2565 nas
494 2543 524 2564 ut
540 2537 638 2572 aliquis
650 2528 868 2569 inferrtu§.illum
887 2536 1068 2572 deglutiamus
1083 2544 1089 2562 :

304 2583 451 2611 oblivionis
466 2583 573 2618 abyssis
588 2582 730 2610 tradamus
744 2582 804 2617 ejus
829 2581 990 2609 memoriam
1013 2589 1091 2616 :pre-

303 2631 460 2664 tiosatnque
494 2628 568 2655 illius
600 2627 974 2662 substantiamarripiamus,
1004 2630 1031 2654 et
1043 2626 1090 2653 do-

304 2684 364 2703 mos
381 2679 490 2702 nostras
508 2674 604 2709 spoliis
627 2674 822 2708 implebintus;
840 2673 1006 2708 portionem,
1031 2680 1092 2707 qum

304 2729 336 2746 ex
348 2720 464 2748 ististibi
475 2719 618 2754 contingit,
629 2725 800 2746 communem
813 2718 893 2746 nobis
904 2717 955 2751 fac,
967 2723 992 2744 et
1008 2725 1090 2744 unum

306 2766 475 2801 marsupium
485 2765 632 2792 faciemus
649 2771 758 2797 omnes,
774 2767 801 2791 et
816 2763 976 2791 divitiarum
1007 2763 1088 2789 loculi

297 2812 387 2841 iidem
404 2812 460 2840 sint
478 2809 569 2838 nobis.

1141 2258 1189 2284 καὶ
1208 2259 1380 2292 μαρσύπιον
1398 2257 1434 2284 ἒν
1456 2258 1608 2292 γενηθήτω
1627 2257 1711 2292 ἡμῖν.
1735 2258 1779 2293 Μὴ
1802 2254 1845 2283 οὖν
1857 2256 1918 2282 ἀπα-

1141 2304 1240 2340 τηθῇς,
1253 2303 1369 2335 τεκνίον,
1384 2304 1430 2330 ὑπ’
1443 2303 1595 2338 ἀνθρώπων
1604 2303 1637 2330 δι’
1647 2303 1737 2339 ἔργων
1747 2303 1851 2338 ἀγαθῶν
1861 2301 1918 2327 Θεὸν

1144 2350 1181 2385 μὴ
1197 2349 1351 2385 τιμώντων,
1371 2349 1419 2376 καὶ
1447 2349 1583 2385 πορευθῇς
1600 2351 1630 2380 ὲς
1657 2350 1811 2384 μιαιφόνων
1829 2346 1915 2383 χορ6ν’

1144 2394 1211 2430 μηδὲ
1229 2394 1397 2429 κατανεὺσῃς
1409 2393 1488 2425 ὅλως,
1511 2394 1558 2421 ὲάν
1582 2402 1623 2420 σοι
1646 2394 1717 2428 μετὰ
1734 2392 1918 2428 παρακλήσεως

1142 2440 1250 2467 εῐπωσι·
1260 2440 1346 2475 Δεῦρο
1358 2439 1418 2475 μεθ’
1435 2439 1524 2474 ἡμῶν,
1539 2439 1736 2474 συμμετάλαῦε
1752 2439 1861 2474 αἵματος
1875 2443 1918 2470 φυ-

1142 2486 1218 2514 νικοῢ
1227 2495 1234 2502 “
1248 2486 1413 2521 καλύψωμεν
1428 2486 1480 2513 ὑπὸ
1494 2487 1555 2522 γῆν,
1573 2485 1649 2521 παρὰ
1671 2486 1761 2512 πάντα
1772 2484 1870 2511 δίκαιον
1879 2481 1918 2507 λό-

1143 2541 1200 2567 γον,
1224 2532 1365 2568 ἆνθρωπον
1389 2533 1544 2568 ἀμέμπτως
1567 2531 1787 2566 πολιτευόμενον,
1809 2529 1853 2556 καὶ
1872 2525 1919 2561 πρὸ

1142 2578 1189 2605 τοῦ
1206 2578 1330 2604 ἐπελθεῖν
1346 2577 1434 2613 τούτῳ
1452 2578 1497 2604 τὸν
1514 2577 1629 2605 θάνατον
1638 2576 1771 2611 φυσικῶς,
1787 2575 1862 2610 ἡμεῖς
1872 2572 1919 2598 ιῖισ·

1143 2632 1196 2659 περ
1209 2632 1251 2655 τις
1264 2623 1331 2659 ᾅδης
1345 2623 1425 2650 αὑτὸν
1443 2623 1623 2658 ἀφανίσωμεν
1635 2631 1641 2639 ⁵
1662 2622 1711 2650 καὶ
1735 2621 1821 2657 λήθης
1837 2618 1919 2655 βυθοῖς

1143 2671 1172 2696 τδ
1183 2670 1278 2696 τούτου
1293 2669 1461 2705 παραδῶμεν
1480 2670 1669 2705 μνημόσυνον·
1690 2669 1742 2704 τήν
1768 2676 1798 2693 τε
1820 2664 1919 2692 πολύτι-

1145 2725 1194 2750 μον
1207 2715 1288 2742 αὐτοῦ
1311 2714 1470 2751 περιουσίαν
1490 2715 1683 2749 κατάσχωμεν,
1708 2713 1755 2739 καὶ
1772 2713 1820 2743 τὰς
1841 2709 1919 2737 οἰκίας

1143 2761 1221 2796 ἡμῶν
1238 2761 1365 2796 λαφύρων
1377 2759 1585 2796 πληρώσωμεψ
1609 2761 1658 2796 τὴν
1674 2759 1697 2786 δ’
1716 2760 1748 2785 ἐκ
1767 2757 1821 2784 τῶν
1841 2752 1919 2781 τοιού·

1143 2814 1197 2832 των
1211 2805 1308 2840 μερίδα
1324 2813 1381 2838 σου,
1399 2805 1492 2839 κοινὴν
1518 2805 1584 2840 ἡμῖν
1599 2805 1723 2839 ποίησον,
1738 2802 1786 2829 καὶ
1805 2800 1832 2826 ἓν
1845 2797 1919 2826 κιϐώ·

1144 2859 1200 2877 τιον
1223 2850 1319 2885 ἕξομεν
1335 2851 1469 2882 ἅπαντες·
1485 2851 1532 2877 καὶ
1546 2849 1695 2885 χρημάτων
1716 2847 1820 2882 δοχεῖον
1835 2845 1863 2871 ξι
1882 2850 1920 2877 γε·

1145 2897 1229 2924 νέσθω
1241 2897 1317 2932 ἡμῖν.
