2079 3161
180 176 248 213 1229

704 180 970 216 COMMENTARII
1001 184 1040 215 ΙΝ
1061 182 1290 216 PROVERBIA.

1756 184 1823 216 1230

216 236 304 264 ιε’-ι(Υ.
341 238 387 265 Υἰέ
402 248 473 273 μου,
490 240 533 273 μὴ
548 242 697 276 πορευθῇς
711 243 746 270 ἐν
758 243 817 276 ὁδῷ
830 245 894 278 μετ’
914 252 963 271 αυ-

1054 243 1139 271 Vens.
1164 244 1257 271 15-19.
1276 242 1327 270 Fili
1354 241 1401 276 mi,
1417 251 1447 270 ue
1470 250 1514 270 eas
1529 243 1557 270 in
1571 243 1613 271 uia
1627 250 1686 270 cum
1698 243 1736 270 eis
1750 251 1759 270 :
1783 251 1826 270 re-

178 283 238 310 τῶν
249 292 256 299 ·
271 283 416 311 ἔκκλητον
439 284 474 311 δὲ
497 286 551 312 τὸν
564 287 641 313 πόδα
653 296 710 315 σου
734 289 768 316 ὲκ
782 289 842 316 τῶν
855 291 964 324 τρίϐων

177 328 291 355 αὐτῶν⁸
306 329 334 355 οἱ
350 329 405 364 γὰρ
426 329 517 363 πόδες
540 331 639 358 αὐτῶν
654 334 696 366 εἰς
716 335 827 362 κακίαν
842 335 967 370 τρέχου-

178 382 221 407 σι,
236 374 418 409 καὶ,ταχινοί
431 376 491 402 εισι
506 376 560 403 τοῦ
570 378 671 412 ἐκχέαι
684 376 756 414 alga
765 388 772 395 °
784 381 820 407 οὐ
832 381 887 415 γὰρ
905 381 968 408 ἀδί-

177 429 237 453 κως
255 421 415 448 ἐκτείνεται
438 421 544 449 δίκτυα
564 424 722 458 πτερωτοῖς
734 434 740 440 ·
763 426 848 453 αὐτοὶ
869 426 924 461 γὰρ
942 429 968 454 ol

178 467 274 501 φόνου
285 466 476 501 μετέχοντες,
490 469 724 502 θησαυρίζουσιν
734 471 852 506 ἑαυτοῖς
869 472 948 500 κακά
959 481 966 488 ·

177 512 197 545 ἡ
220 511 254 538 δὲ
276 513 470 547 καταστροφὴ
495 514 614 548 ἀνδρῶν
641 518 838 551 παρανόμων,
868 518 946 554 κακή
959 527 966 534 ·

177 556 266 586 αὗται
280 560 310 585 αι
324 559 388 585 ὁδοί
398 561 458 586 εισι
473 560 594 587 πάντων
609 563 839 591 συντελούντων
849 565 885 592 τὰ
897 565 967 592 ἀνο-

175 612 218 638 μιι
231 612 237 617 ·
261 603 298 638 τῇ
322 604 377 639 γὰρ
395 604 516 638 ἀσεϐείᾳ
541 604 599 639 τὴν
622 606 739 633 ἑαυτῶν
757 608 864 642 ψυχὴν
880 609 967 644 ἀφαι-

174 657 310 684 ρουνται.

211 695 312 722 Τέκνον
335 703 385 731 μου
411 695 618 731 πνευματικὸν,
645 698 682 733 μὴ
710 699 886 735 συνυπαχθῇς
914 702 969 732 τοῖς

175 739 308 771 τοιούτοις
323 740 463 776 ἀνδράσιν,
483 741 511 767 ἐν
529 743 562 777 τῇ
589 742 635 777 οἵᾳ
648 751 701 769 τινι
718 744 770 778 ὁδῷ
784 745 906 782 φερούσῃ
921 746 970 772 ἐπ’

175 786 325 817 ἀπώλειαν,
342 787 448 822 πονηρᾷ
463 787 615 824 συμϐουλίᾳ
630 788 720 816 αὐτῶν
731 797 738 803 ·
757 790 875 824 μετάθες
885 799 932 818 σου
942 791 970 818 δὲ

175 831 225 866 τὴν
255 831 405 866 ἐπιθυμίαν
430 832 484 858 ἀπὸ
511 833 566 860 τῶν
594 834 830 869 προοδοποιουσῶν
856 844 897 863 σοι
921 836 971 872 τὴν

176 876 313 911 ἁμαρτίαν
330 877 458 912 πονηρῶν
477 877 648 913 ωμὸουλιῶν
669 879 758 906 αὐτῶν
769 889 775 896 ·
792 881 823 907 τὸ
840 881 894 917 γὰρ
910 882 970 908 ἐπι-

1018 298 1091 317 move
1111 289 1202 324 pedem
1229 294 1304 316 tuum
1319 298 1336 316 a
1349 289 1449 316 semitis
1465 297 1567 316 eorum.
1584 287 1669 316 Pedes
1682 289 1752 316 enim
1768 289 1825 315 illo-

1018 340 1076 362 rum
1090 335 1125 361 ad
1154 334 1254 362 malum
1266 339 1386 368 currunt,
1396 339 1422 362 et
1450 338 1511 362 sunt
1526 334 1625 361 veloces
1636 334 1670 360 ad
1687 333 1825 369 eﬂ'undeu-

1019 380 1083 406 dum
1095 381 1249 415 sanguine»:
1262 388 1271 407 :
1286 388 1338 407 non
1354 380 1423 407 enim
1439 379 1648 414 injustejacitur
1659 384 1713 406 rete
1727 387 1824 414 penmr

1031 426 1081 453 is:
1100 427 1163 460 ipsi,
1189 425 1307 453 aedibus
1324 426 1528 462 participantes,
1555 424 1737 452 thesaurizant
1771 422 1824 452 sibi

1020 471 1093 498 mala
1109 479 1118 498 :
1133 471 1195 506 ﬁnis
1209 471 1361 506 iniquorum
1390 470 1478 497 malus
1493 471 1555 497 :htz
1582 474 1647 497 sunt»
1671 471 1730 501 viae,
1763 477 1823 497 om-

1020 518 1094 545 nium
1104 517 1199 552 iniqua
1207 516 1342 551 agentium
1356 523 1365 543 :
1382 524 1445 542 nam
1461 515 1600 550 iniquitate
1613 515 1730 542 animant
1744 523 1822 542 suam

1020 563 1154 590 occidunt.
1184 562 1236 590 Fili
1263 562 1428 597 spiritualis,
1460 569 1495 589 ne
1525 561 1687 596 acquiescas
1719 561 1822 590 talibus

1019 609 1096 640 viris,
1115 609 1141 635 in
1160 609 1255 644 iniquo
1269 614 1362 635 eorum
1372 606 1502 639 consilio.
1529 610 1560 633 ut
1575 607 1602 633 in
1613 607 1657 633 via
1671 613 1733 641 quae
1746 607 1822 634 ducit

1020 653 1054 680 ad
1071 658 1187 681 mortem
1201 659 1208 680 :
1226 660 1337 681 remove
1361 653 1530 680 desiderium
1548 656 1626 680 tuum
1641 659 1656 679 a
1680 653 1759 680 malis
1774 660 1821 680 eo—

1022 706 1082 725 rum
1108 699 1234 726 consiliis
1258 699 1330 725 viant
1361 697 1395 725 ad
1415 698 1531 726 exitium
1560 697 1737 725 facientibus.
1751 697 1820 725 Nam

1021 745 1119 772 animm
1145 752 1240 772 eorum
1269 746 1415 779 potentiae,
1429 748 1458 772 et
1477 745 1706 779 concupiscibilis
1731 749 1759 772 et
1777 744 1819 772 ira

1022 790 1127 817 scibilis
1138 794 1267 825 tanquam
1284 790 1338 817 duo
1352 790 1447 824 pedes,
1467 789 1547 817 facile
1559 789 1593 817 ad
1603 789 1703 816 malum
1714 789 1818 825 impetu

1023 835 1147 863 feruntur
1183 845 1190 863 :
1219 835 1324 863 ideirco
1349 835 1403 870 ipsi
1436 835 1557 870 prompti
1582 835 1616 863 ad
1647 835 1817 871 operandam

1021 881 1123 909 caedem
1152 881 1265 909 adsum.
1305 881 1443 909 Exhortor
1472 889 1548 917 ergo,
1580 885 1610 908 ut
1647 880 1816 909 desiderium

175 921 325 957 θυμητικδν
340 922 444 959 αὐτῶν,
456 923 503 949 καὶ
523 923 553 950 τὸ
579 923 703 959 θυμικὺν,
718 923 764 952 οἷά
785 934 856 958 τινες
876 926 963 959 πόδες1

1021 933 1096 954 tuum
1112 935 1128 954 a
1143 927 1223 954 malis
1236 935 1332 955 eorum
1347 927 1474 955 consiliis
1490 934 1633 955 removeas
1648 927 1742 961 ;quin,
1760 927 1814 955 illis

174 968 325 1003 ὀξύρροπον
340 968 408 1003 πρὸς
421 969 521 996 κακίαν
538 970 679 998 ποιοῦνται
699 971 750 1006 τὴν
764 972 887 1008 κίνησιν·
903 973 966 1000 ὅθεν

174 1010 246 1040 οὗτοι
258 1013 305 1039 καλ¹
317 1014 412 1048 ταχεῖς
426 1015 466 1046 εἰς
479 1015 510 1041 τὸ
524 1015 692 1050 ἐργάσασθαι
704 1017 784 1051 φόνον
795 1018 948 1054 ὑπάρχουσι
957 1028 963 1034 ·

176 1059 377 1092 μεταθεῖναιδέ
396 1067 442 1086 σου
461 1060 510 1095 τὴν
525 1061 673 1096 ἐπιθυμίαν
688 1063 742 1089 ἀπὸ
761 1063 816 1090 τῶν
837 1065 966 1100 πονηρῶν

175 1104 345 1139 συμϐουλιῶν
376 1106 516 1140 παραινῶ·
535 1107 630 1142 ὅτιπερ
652 1108 708 1139 τοῖς
731 1108 890 1143 δυναμένοις
914 1110 965 1145 μὲν

173 1150 218 1176 διὰ
230 1151 289 1182 νοὸς
302 1150 348 1177 καὶ
359 1150 450 1185 λόγου,
467 1151 505 1180 ὡς
521 1151 565 1178 διά
575 1161 656 1179 τινων
667 1153 822 1188 πτερύγων,
838 1154 872 1180 τὰ
883 1155 964 1189 γήϊνα

174 1196 245 1222 κατὰ
261 1196 362 1230 γνῶσιν
375 1198 422 1223 καὶ
438 1197 538 1233 ἀρετὴν
551 1199 763 1234 ὑπερίπτασθαι,
780 1201 828 1227 καὶ
847 1201 916 1236 πρὸς
930 1201 965 1228 τὰ

173 1241 288 1276 οὐράνια
305 1242 455 1277 φέρεσθαι,
469 1244 602 1276 ἑκουσίως
617 1244 646 1271 δὲ
659 1245 692 1271 δι’
703 1245 850 1281 ἐπιθυμίας
865 1247 964 1281 ἀλόγου

173 1288 221 1314 καὶ
236 1287 335 1322 ουμοῦ,
353 1288 390 1320 ὡς
408 1289 452 1316 διά
473 1298 554 1316 τινων
578 1290 666 1317 ποδῶν
682 1291 878 1326 στρεφομένοις
899 1294 964 1328 περὶ

172 1334 222 1369 τὴν
236 1334 290 1361 τῶν
304 1334 406 1370 γηΐνων
422 1335 525 1370 σχέσιν,
543 1336 657 1368 δικαίως
673 1336 861 1371 ὕφαπλοῠνται
875 1338 964 1374 ψυχῆς

173 1381 286 1414 παγίδος
298 1382 338 1413 εἰς
352 1381 463 1417 ὄλεθρον
475 1390 482 1397 '
495 1382 573 1408 αὐτοὶ
589 1382 644 1417 γὰρ
658 1383 683 1409 οἱ
697 1384 753 1414 τοῖς
769 1383 880 1418 φονεῦσι
893 1393 962 1420 συμ-

172 1426 276 1458 ϐούλοις
285 1427 432 1463 χρώμενοι,
438 1428 472 1455 τὰ
480 1430 539 1459 ταῖς
547 1428 650 1455 ἑαυτῶν
659 1429 962 1466 ψυχαῖςλλυμαινόμενα,

172 1472 280 1505 ἑαυτοῖς
302 1473 533 1508 ἁποταμιεύονται
545 1482 552 1490 σ
569 1474 598 1500 τὺ
611 1474 641 1500 δὲ
659 1473 735 1506 τέλος
757 1474 811 1501 τῶν
826 1477 963 1511 παραὸαιε

171 1518 271 1546 νόντων
287 1519 337 1551 τὰς
351 1520 398 1546 τοῦ
416 1520 483 1546 Θεοῦ
500 1520 621 1553 ἐντολὰς,
631 1521 671 1553 εὶς
687 1521 772 1547 κακὸν
787 1521 880 1554 αὐτοῖς
896 1530 963 1549 κατ-

171 1567 249 1601 αντᾷ,
263 1566 507 1602 εἰσπραττομένας
523 1566 601 1597 δίκας
616 1562 654 1592 ὧν
669 1567 864 1602 ἡμαρτήκασιν
876 1576 883 1583 '
914 1565 962 1596 αὗ-

1020 973 1067 1007 qui
1092 977 1221 1008 possunt,
1237 980 1299 1000 cum
1320 972 1438 1000 scientia
1454 977 1481 1000 et
1496 978 1635 1003 Sermone,
1655 976 1684 999 ut
1700 972 1817 1007 quibus-

1016 1020 1079 1045 dam
1093 1019 1159 1053 alis,
1176 1023 1298 1052 terrena,
1327 1019 1455 1047 doctrina
1472 1022 1499 1046 et
1519 1019 1622 1046 virtute
1634 1026 1773 1053 superare,
1789 1023 1817 1045 et

1015 1065 1048 1092 ad
1064 1065 1187 1092 coelestia
1202 1065 1280 1098 ferri,
1296 1065 1344 1092 sed
1359 1065 1407 1099 qui
1424 1064 1545 1092 libenter
1575 1063 1716 1091 desiderio
1730 1068 1757 1091 ct
1771 1067 1817 1090 tu-

1016 1118 1092 1138 more
1108 1110 1270 1146 iniquitatis,
1289 1115 1317 1137 lll
1332 1110 1441 1138 duobus
1459 1110 1584 1145 pedibus,
1602 1110 1635 1136 ad
1645 1110 1814 1137 terrestrium

1012 1157 1185 1194 adeptionem
1219 1161 1387 1190 vertuntur,
1415 1156 1490 1190 juste
1519 1156 1703 1184 extenduntur
1730 1155 1812 1190 spiri-

1016 1207 1060 1230 tus
1087 1203 1156 1232 retia
1185 1203 1212 1230 in
1240 1206 1369 1230 mortem.
1401 1201 1434 1230 Hi
1467 1207 1558 1230 autem
1586 1201 1633 1237 qui
1665 1200 1811 1241 homicidis

1016 1253 1131 1276 utuntur
1143 1248 1278 1282 consiliis,
1289 1249 1348 1276 suis
1362 1249 1508 1276 animabus
1521 1247 1640 1275 infausta
1654 1251 1813 1274 reservant:

1015 1295 1069 1322 illis
1084 1302 1150 1321 vero
1170 1295 1216 1329 qui
1235 1293 1283 1321 Dei
1302 1294 1428 1322 mandata
1446 1294 1619 1329 despiciunt,
1635 1293 1699 1320 ﬁnis
1726 1293 1814 1320 vcrti-

1015 1344 1060 1366 tur
1079 1339 1106 1366 in
1126 1341 1239 1372 malum,
1253 1339 1323 1375 ipsis
1345 1339 1519 1375 exigentibus
1542 1346 1639 1374 pmnas
1653 1346 1723 1374 quas
1744 1345 1810 1373 pec—

1015 1386 1106 1413 cando
1131 1390 1301 1413 meruerunt.
1323 1385 1370 1413 liae
1397 1389 1461 1413 sunt
1493 1385 1555 1413 vitae
1581 1384 1724 1420 praesentis
1749 1383 1813 1410 vias»

1016 1432 1158 1459 hominum
1177 1422 1280 1467 iniusta
1308 1431 1485 1466 operantium
1504 1439 1511 1458 :
1531 1430 1615 1458 Deum
1643 1437 1698 1457 non
1723 1429 1813 1457 hono-

1015 1477 1103 1505 rando
1116 1477 1255 1512 operibus.
1271 1477 1387 1511 seipsos,
1404 1476 1459 1503 vita
1474 1475 1623 1511 spirituaii,
1637 1482 1698 1510 quae
1713 1474 1768 1502 illis
1782 1477 1813 1501 ut

1015 1522 1125 1550 ratione
1154 1521 1288 1557 praeditis,
1315 1520 1457 1553 conVenit,
1491 1520 1638 1548 irustrant.
1667 1518 1721 1546 Sed
1745 1518 1811 1546 audi

1016 1569 1102 1597 verba
1121 1569 1266 1597 doctrinae.

171 1622 216 1653 ται
232 1615 282 1650 τῆς
297 1614 439 1650 παρούσης
457 1613 530 1649 ζωῆς
550 1615 577 1641 αἱ
595 1614 719 1647 διέξοδοι,
736 1614 846 1642 πάντων
861 1615 915 1643 τῶν
931 1617 966 1644 τὰ
983 1617 1130 1653 παράλογα
1145 1616 1390 1653 συνεργαζομένων
1401 1625 1407 1631 ·
1424 1615 1453 1643 ὲν
1468 1615 1522 1651 γὰρ
1537 1614 1576 1650 τῷ
1593 1615 1630 1650 μὴ
1662 1614 1746 1649 τιμᾷν
1776 1611 1811 1638 δι’

175 1705 280 1740 τά-μὲν
298 1707 348 1741 τῆς
367 1706 502 1740 παιδείας,
522 1706 645 1734 τοιαῦτα.

171 1658 260 1695 εργων
275 1661 386 1694 ἀγαθῶν
401 1661 446 1687 τθν
469 1660 547 1692 Θεὸν,
563 1660 763 1695 ἀποστεροῦσιν
796 1662 909 1695 ἑαυτοὺς
931 1662 982 1698 τῆς
1018 1663 1122 1695 οἰκείας
1135 1662 1241 1696 τούτοις
1255 1662 1294 1695 ὡς
1307 1662 1428 1697 λογικοῖς
1443 1663 1515 1690 κατὰ
1531 1660 1640 1695 πνεῦμα
1656 1659 1744 1694 ζωῆς⁰
1762 1658 1810 1686 καὶ

206 1766 239 1790 κ’.
259 1763 353 1797 Σοφία
377 1763 412 1790 ἐν
436 1762 553 1796 ἐξόδοις
575 1764 721 1798 ὑμνεῖται.
740 1765 770 1791 '0
783 1764 813 1791 δὲ
826 1765 892 1801 περὶ
910 1765 961 1800 τῆς

1048 1763 1132 1791 Vens.
1151 1762 1196 1791 20.
1216 1761 1354 1796 Sapientia
1369 1762 1395 1788 in
1417 1761 1465 1789 viis
1492 1759 1633 1792 praedicat.
1661 1756 1809 1792 Sapientiae

172 1808 268 1842 σοφίας
286 1808 375 1842 λόγος,
390 1808 475 1840 πολύς
490 1808 550 1835 ὲστι
566 1808 720 1844 πανταχοῦ·
739 1808 769 1836 ἐν
785 1818 815 1835 τε
829 1810 884 1845 γὰρ
906 1811 966 1842 ταῖς

171 1852 225 1878 ἀπὸ
239 1849 289 1887 τῆς
304 1852 375 1879 κατὰ
390 1852 452 1879 νοῦν
467 1853 608 1888 ὲνδότητος
625 1852 670 1879 διὰ
692 1854 824 1888 ῥημάτων
849 1855 897 1881 καὶ
921 1854 966 1890 ἐρ-

171 1907 228 1932 γων
241 1897 395 1930 ἐξελεύσεσι
412 1898 516 1934 ταύτης
533 1899 602 1934 πρὸς
616 1899 759 1933 ἔκφανσιν,
781 1900 965 1935 μεγαλύνεται

171 1943 249 1979 παρά
263 1944 329 1970 πᾶσι
342 1945 398 1976 τοῖς
412 1944 541 1971 ἀκούουσι
557 1945 605 1971 καὶ
622 1945 721 1981 ὁρῶσιν
740 1945 820 1980 αὐτὰ,
835 1946 865 1973 τὺ
880 1946 964 1979 ὅντως

171 1989 383 2017 ὑποδεικνύοντα
402 1990 516 2025 ἀγαθόν.

211 2046 259 2073 Ἑν
277 2046 311 2073 δὲ
329 2048 485 2081 πλατείαις
503 2049 676 2083 παρῤησίαν
693 2049 767 2084 ἄγει.
792 2049 848 2076 Καὶ
871 2050 901 2076 ἐν
922 2049 960 2086 τῷ

169 2091 266 2118 πλάτει
280 2092 328 2127 τῆς
342 2093 370 2118 ὲν
385 2093 521 2128 πνεύματι
538 2094 656 2128 φυσικῆς
671 2093 788 2129 θεωρίας
805 2093 855 2129 τὴν
872 2095 920 2129 τῆς
931 2095 959 2122 ὲν

169 2136 240 2169 ὀλοις
256 2138 387 2173 ἀληθείας
403 2140 560 2175 παρρησίαν
578 2140 668 2175 φέρει,
685 2140 735 2175 τὴν
758 2140 860 2176 ταύτης
886 2140 962 2176 ἐνερ-

169 2183 255 2216 γοῦσα
269 2184 370 2218 γνῶσιν
385 2184 431 2211 διὰ
445 2185 499 2212 τῶν
511 2186 539 2212 ὲν
554 2185 627 2221 πάσῃ
644 2187 677 2222 τῇ
691 2186 787 2222 κτήσει
801 2185 961 2221 συμϐούλων

169 2228 265 2264 αῆτῆς.

205 2287 257 2311 κα’.
277 2284 337 2310 Ἐπ’
350 2284 450 2318 ἄκρων
470 2285 504 2312 δὲ
523 2286 642 2320 τειχέων
656 2287 852 2320 κηρύσσεται.
871 2288 916 2315 Ἐν
930 2288 959 2315 δὲ

167 2331 201 2366 τῇ
215 2331 286 2366 ἀρχῇ
303 2332 350 2358 καὶ
362 2330 401 2366 τῷ
415 2331 486 2358 τέλει
497 2331 551 2358 τῶν
563 2332 642 2367 δίκην
655 2332 769 2367 τειχέων
782 2333 958 2367 φυλακτικῶν

167 2376 216 2411 τῆς
225 2377 313 2412 ψυχῆς
323 2378 428 2413 ἀρετῶν
439 2377 651 2412 διαγινώσκεται
658 2386 665 2393 ·
677 2378 956 2415 προκαταᾶιλλομένη

169 2422 219 2457 μὲν
230 2422 281 2457 τῆς
294 2424 420 2458 πράξεως
436 2424 476 2459 τῷ
492 2423 567 2459 φὸὄῳ
581 2423 637 2449 τῶν
654 2423 770 2459 ἀρετῶν,
778 2424 956 2459 καταλαμὸα-

168 2468 268 2503 νομένη
291 2469 320 2496 δὲ
342 2470 411 2505 μετὰ
427 2469 475 2506 τὴν
497 2469 613 2504 πρᾶξιν,
630 2469 740 2496 πάντων
758 2470 885 2497 ἐπέκεινα
900 2470 957 2497 τῶν

169 2514 239 2548 μετά
255 2515 333 2546 Θεδν,
351 2517 384 2550 τῇ
398 2516 462 2550 περὶ
478 2515 582 2542 τούτων
594 2515 642 2541 τοῦ
658 2515 718 2546 νοὸς
731 2515 904 2551 προσεδρείᾳ.

209 2570 274 2597 Ἐπὶ
290 2570 325 2597 δὲ
341 2572 454 2604 πύλαις
467 2571 628 2599 δυναστῶν
638 2571 823 2606 παρεδρεύει.
844 2571 899 2598 Καὶ
911 2572 958 2598 ἐπὶ

165 2617 232 2648 τοῖς,
249 2616 331 2642 οἱονεί
348 2625 404 2643 τισι
421 2617 519 2648 πύλαις
532 2617 800 2652 ἀναπεταννυμένοις
815 2617 956 2652 στόμασιν,

166 2663 205 2693 είς
222 2661 338 2694 διέξοδον
350 2663 398 2689 τοῦ
412 2664 483 2690 κατὰ
499 2663 642 2698 προφορὰν
655 2663 735 2697 λόγου
753 2662 807 2690 τῶν
822 2663 956 2698 ἀνδρικῶς

159 2708 200 2734 -τὰ
215 2707 287 2743 πάθη
304 2709 584 2747 καταγωνισαμένων.
602 2709 650 2736 καὶ
664 2709 822 2744 δυναμένων
839 2709 885 2735 καὶ
899 2710 956 2735 ἐτέ-

167 2762 231 2789 ρους
254 2755 284 2787 ὲξ
305 2755 395 2782 αὐτῶν
413 2755 546 2791 ῥύεσθαι,
569 2755 769 2787 διδασκαλικῶς
790 2755 954 2790 παρακάθη-

165 2807 220 2826 ται.

198 2844 262 2870 Ἐπὶ
274 2843 302 2870 δὲ
314 2845 376 2876 ταῖς
390 2844 459 2879 πρὸς
473 2844 638 2875 κατανόησιν
653 2843 707 2870 τῶν
723 2844 750 2870 ὲν
763 2845 820 2876 τοῖς
834 2843 895 2872 οὖσι
908 2844 953 2871 λὸ-

163 2897 220 2924 γων
232 2910 239 2924 ,
256 2890 422 2924 εἰσαγωγοῐς
439 2890 490 2924 τῆς
504 2889 559 2916 τῶν
573 2889 680 2925 ὁρατῶν
698 2891 850 2925 φαντασίας
864 2892 965 2928 αίσοή,

1017 1816 1117 1840 sermo,
1139 1808 1242 1835 multus
1267 1811 1309 1835 est
1325 1807 1401 1834 omni
1417 1806 1477 1833 loco
1502 1815 1508 1832 :
1527 1804 1639 1840 quando
1667 1802 1740 1830 cttim
1773 1809 1808 1830 ex

1017 1862 1128 1882 recessu
1142 1854 1257 1888 spiritus
1272 1861 1320 1888 per
1334 1852 1417 1880 verba
1444 1856 1472 1879 et
1486 1857 1571 1887 opera
1588 1849 1621 1876 ad
1641 1848 1806 1876 manifesta-

1017 1901 1118 1928 tiouem
1140 1899 1294 1935 egreditur,
1311 1898 1451 1925 hominem
1467 1904 1564 1925 verum
1580 1896 1683 1923 bonum
1713 1899 1807 1921 osten-

1015 1946 1139 1978 dentem,
1165 1944 1324 1980 magniﬁeat
1338 1944 1410 1978 apud
1436 1937 1593 1977 outneﬁui
1611 1941 1669 1968 haec
1690 1939 1806 1967 audiunt

1014 1994 1042 2018 et
1064 1990 1171 2018 vident.

1049 2047 1083 2075 In
1097 2048 1192 2081 plateis
1204 2047 1251 2074 dat
1267 2054 1357 2074 vocem
1374 2053 1462 2074 suam.
1484 2045 1518 2072 Et
1534 2044 1561 2072 in
1574 2044 1663 2080 platea
1683 2041 1802 2070 medita-

1014 2094 1099 2121 tionis
1111 2094 1210 2121 animae
1224 2092 1371 2125 naturalis,
1388 2093 1436 2119 dat
1450 2098 1547 2119 vocem
1565 2090 1593 2118 in
1607 2090 1736 2117 onmibus
1757 2096 1801 2114 w-

1013 2140 1115 2172 ritatis,
1142 2139 1226 2174 hujus
1251 2138 1437 2172 cognitionem
1467 2143 1597 2172 operans,
1623 2136 1745 2171 seipsum
1773 2135 1802 2164 in

1012 2184 1086 2212 omni
1102 2184 1175 2212 bono
1190 2181 1397 2210 constituendo.

1049 2286 1081 2313 In
1097 2287 1183 2320 capite
1197 2286 1338 2312 turbarum
1354 2284 1489 2311 clamitat.
1518 2282 1548 2310 in
1564 2282 1700 2318 principio
1715 2286 1742 2309 et
1770 2280 1799 2308 in

1010 2332 1064 2359 line
1088 2331 1222 2359 virtutum
1240 2338 1301 2366 qua:
1317 2330 1448 2362 animam,
1469 2332 1498 2356 ut
1514 2328 1596 2361 muri,
1629 2327 1798 2359 custodiunt,

1009 2377 1181 2412 agnoscitur,
1199 2381 1263 2404 ante
1283 2376 1433 2408 actionem,
1460 2375 1593 2402 virtutum
1627 2373 1720 2400 timori
1746 2372 1798 2399 ob-

1007 2423 1092 2458 jecta,
1109 2426 1173 2457 post
1190 2428 1256 2449 vero
1285 2420 1433 2452 actionem.
1450 2420 1477 2447 in
1505 2419 1588 2446 rebus
1598 2418 1699 2446 divinis
1716 2424 1798 2446 occu-

1010 2474 1081 2505 pata,
1097 2469 1196 2497 mentis
1209 2469 1282 2497 circa
1295 2475 1343 2497 eas
1359 2467 1528 2496 assiduitate.

1043 2579 1076 2607 In
1102 2580 1205 2615 [oribus
1232 2579 1379 2614 potentium
1400 2579 1481 2606 sedet.
1512 2578 1545 2605 Et
1559 2577 1586 2603 in
1604 2576 1717 2610 apertis,
1735 2579 1795 2602 tan-
1831 2604 1834 2608 ,

1006 2632 1088 2660 quam
1116 2624 1281 2660 quibusdam
1313 2623 1410 2658 portis,
1427 2628 1456 2648 ut
1467 2622 1510 2648 via
1543 2623 1633 2655 pateat
1661 2618 1793 2649 sermoni.

1005 2671 1100 2699 oribus
1111 2678 1206 2698 eorum
1222 2670 1269 2706 qui
1286 2669 1405 2697 viriliter
1436 2668 1600 2703 cupiditates
1615 2668 1750 2696 vicerunt.
1766 2667 1793 2691 et

1005 2719 1120 2750 possunt
1136 2715 1205 2743 alios
1219 2723 1251 2743 ex
1270 2715 1324 2743 illis
1340 2715 1471 2748 liberare,
1495 2721 1571 2741 more
1596 2711 1793 2748 magistrorum

1005 2761 1090 2790 sedet.

1075 2847 1117 2874 Ad
1147 2847 1358 2882 intelligentiam
1401 2855 1560 2876 sermonum
1604 2848 1639 2876 de
1673 2848 1782 2876 entilmq

1018 2892 1046 2920 in
1082 2892 1322 2923 introduceutibus
1359 2894 1512 2923 visibilium
1540 2894 1790 2923 manifestationcm
