2079 3161
325 157 389 190 1231

973 160 1150 191 PROCOPII
1169 162 1289 193 GAZ/EI

1887 168 1943 201 1232

322 215 500 244 facultatibus
534 214 681 247 animm,in
702 221 756 250 qua
776 215 889 243 verbum
903 215 1036 251 regimine
1048 223 1101 252 gau

1169 227 1226 245 σεσι
1240 220 1287 254 τῆς
1299 220 1399 256 ψυχῆς,
1417 222 1445 249 ἐν
1501 223 1514 249 ὁ
1527 223 1612 258 ,λόγος
1635 223 1665 250 τὸ
1690 225 1840 261 πολίτευμα
1855 227 1941 262 κέκτη-

323 262 378 293 det,
397 261 516 288 libenter
525 259 635 287 edocet.

358 307 439 334 Vens.
462 306 508 333 2‘2.
521 306 664 340 Quousque
673 305 778 339 parvuli
789 306 971 342 repugnabunt
983 306 1111 341 justitia',

322 362 373 380 non
390 352 535 388 pudebunt.
561 352 631 384 Quia
660 352 766 386 parvuli
780 352 853 380 circa
865 360 897 380 ea
912 360 973 388 quae
988 353 1113 380 doctrina

322 400 431 427 virtutis
447 402 649 432 monstrantur,
662 398 828 433 usquedum,
847 399 983 426 malorum
999 407 1112 435 operum

322 446 435 481 pudore,
444 445 611 474 transitoriis
620 445 773 477 stabilia,ut
777 445 884 481 justum
892 450 945 479 est,
954 446 1111 482 praeferant,

322 498 375 518 non
394 490 583 526 acquiescent.

354 579 436 607 Vens.
448 579 494 608 25.
505 578 641 607 Iasenrati
670 587 742 612 vero,
763 580 905 614 infamiam
918 580 1110 612 desiderantes.

319 632 343 653 et
359 627 433 661 impii
448 627 525 660 (acti,
538 626 650 654 oderunt
665 625 828 659 doctrinam,
840 631 864 654 et
882 627 1111 662 increpationibus

320 673 428 699 obnoxii
460 673 526 707 [acti
556 677 630 700 sunt.
659 671 788 705 Quivero
808 672 892 700 Deum
916 673 943 701 in
959 673 1042 702 corde
1056 682 1110 701 non

320 718 423 750 terunt,
437 718 592 752 iniquarum
621 717 802 753 cupiditatum
823 718 1023 754 turpitudinem
1039 718 1111 747 desi-

319 767 423 795 rantes,
433 763 596 790 rationalem
607 763 671 791 boni
686 763 805 798 malique
818 762 1014 791 discretionem
1032 764 1110 799 abje-

318 815 425 843 cet-unt,
439 810 563 837 nolentes
575 808 657 836 Deum
670 809 751 837 bonis
773 810 904 844 operibus
917 809 1072 843 honorare;
1084 815 1111 838 et

318 856 366 890 ita,
383 856 442 884 suis
456 856 557 892 iniquis
567 856 724 884 actionibus
735 855 846 883 obnoxii
859 855 926 883 ﬁunt
932 857 1110 884 conscientia:

1164 274 1218 298 ται,
1239 267 1531 303 πεπαῤῥησιασμένως
1549 270 1682 297 διδάσκει.

1200 310 1251 345 κβ’.
1267 311 1363 338 Ὅσον
1381 312 1420 339 ἂν
1440 314 1552 347 χρόνον
1574 314 1679 342 ἄκακοι
1703 315 1822 350 ἔχονται
1844 317 1893 351 τῆς
1906 317 1941 344 δι-

1164 357 1330 391 καιοσύνης
1340 379 1347 390 ,
1363 359 1419 385 οὐκ
1441 360 1712 393 αἱσχυνθήσοτται.
1728 362 1789 388 Ὅτι
1809 362 1859 399 ἒξως
1879 363 1908 389 ἂν
1922 364 1943 390 οἱ

1164 402 1228 437 περὶ
1249 402 1283 428 τὰ
1309 403 1425 439 αἰσθητὰ
1452 405 1512 431 κατ’
1525 405 1653 440 αἴσθησιν
1678 407 1829 442 ἐνεργείας,
1856 409 1944 440 κακίας

1163 446 1324 482 ἀμέοεκτοι,
1339 449 1519 483 προκρίνουσι
1532 449 1647 482 δικαίως
1662 450 1716 478 τῶν
1728 452 1898 488 προσκαίρων
1914 454 1943 480 τὰ

1165 492 1267 528 μόνιμα
1283 494 1316 528 τῇ
1335 493 1381 520 ἐπὶ
1394 495 1450 526 τοῖς
1468 493 1561 530 ἔργοις
1573 494 1624 530 τῆς
1640 495 1752 531 ἀτιμίας
1768 496 1890 533 αἰσχύνῃ,
1901 498 1944 532 οὺχ

1163 545 1378 564 υποπεσουνται.

1197 582 1252 616 κγ’.
1272 584 1306 610 οἱ
1322 583 1356 610 δὲ
1370 583 1509 618 ἄφρονες,
1522 583 1577 619 τῆς
1593 585 1705 620 ὕϐρεως
1717 586 1803 621 ὄντες
1815 587 1945 623 ἐπιθυμη-

1162 628 1220 661 ταὶ,
1237 628 1357 662 ἀσεϐεῖς
1378 631 1544 665 γενόμενοι,
1558 631 1718 666 ἐμίσησαν·
1737 633 1889 668 αίσθησιν,
1900 636 1943 661 καὶ

1161 674 1326 702 ὑπεύθυνοι
1345 675 1486 710 ἐγένοντο
1505 677 1652 712 ἐλέγχοις.
1673 678 1704 705 Ol
1721 678 1750 704 δὲ
1765 679 1830 706 Θεὸν
1843 680 1870 707 ὲν
1882 689 1944 714 καρ-

1161 719 1205 755 δίᾳ
1234 720 1272 756 μὴ
1299 721 1506 757 περιφέροντες,
1523 723 1571 757 τῆς
1598 724 1631 750 ὲκ
1655 724 1711 750 τῶν
1734 724 1944 761 διαϐεϐλημένων

1162 765 1256 792 παθῶν
1272 765 1378 801 ὕϐρεως
1395 767 1576 802 ὀρεγόμενοι’,
1592 769 1643 804 τὴν
1658 769 1730 796 κατὰ
1751 770 1831 804 λόγον
1843 771 1887 797 τοῦ
1904 780 1945 797 κα-

1161 809 1208 837 λοῦ
1226 812 1273 838 καὶ
1291 811 1337 838 τοῦ
1353 813 1438 840 κακοῦ
1454 813 1591 849 διάκρισιν
1614 815 1830 851 ἀπεστράφησαν
1841 825 1849 832 ·
1869 817 1944 851 τιμᾷν

1160 856 1207 883 τὸν
1220 857 1287 885 Θεὸν
1302 858 1337 884 δι’
1349 859 1459 893 ἀγαθῶν
1478 860 1567 896 ἔργων
1584 860 1621 896 μὴ
1637 860 1800 897 Θελήσαντες
1812 871 1819 878 ·
1836 863 1942 890 κὰντεῡυ

317 901 554 936 increpationibus
569 900 639 936 apud
667 901 830 936 sapientiam
844 920 851 934 ,
876 908 936 936 quae
963 901 996 928 ad
1014 909 1104 929 eorum

1163 902 1208 929 θεν
1230 903 1318 939 ἔνοχοι
1340 906 1398 936 τοῖς
1415 894 1498 941 παρὰ⁷
1512 894 1679 940 σοφίας-ἐπὶ
1694 894 1766 939 ’ταῖς
1790 908 1943 943 παραλόγοις

318 947 437 974 animam
455 947 495 976 sic
522 946 653 982 loquitur.

369 1045 436 1072 Ecce
452 1053 589 1072 occurram
608 1045 679 1072 vobis
692 1045 802 1079 spiritus
811 1046 862 1072 mei
874 1046 968 1073 verbis.

369 1082 410 1107 Eu
431 1081 566 1115 proferant
583 1081 732 1106 doctrinam
747 1081 861 1114 spiritus
878 1081 941 1107 mei.

367 1116 472 1143 Docebo
489 1124 533 1142 vos
548 1124 632 1142 meum
649 1115 765 1142 verbum.

351 1173 403 1201 Per
416 1173 472 1201 haec
485 1173 620 1200 nuntiabo
639 1173 717 1200 vobis
747 1173 920 1201 manifestam
935 1174 1106 1208 spiritualem

315 1219 383 1255 legis
398 1227 465 1246 mea:
489 1219 655 1251 doctrinam.
685 1227 769 1255 quam
794 1225 891 1248 natura
908 1224 935 1248 et
965 1221 1107 1256 Scriptura

314 1265 463 1301 symbolice
480 1265 631 1300 inlelligere
640 1264 754 1293 faciunt.

353 1310 434 1338 Vens.
452 1311 497 1338 ει.
513 1311 585 1344 Quia
614 1311 703 1338 vocavi
718 1315 743 1338 et
754 1311 891 1338 renuistis.
908 1311 976 1339 Cum
987 1319 1044 1344 vos,
1061 1319 1108 1347 per

315 1357 401 1392 legem
419 1357 572 1384 naturalem
596 1360 623 1384 et
653 1363 730 1383 meas
767 1357 934 1388 voluntates,
958 1365 1007 1392 per
1037 1365 1106 1393 quas

314 1403 404 1431 omnia
421 1402 492 1431 [acta
510 1407 586 1435 sunt,
602 1410 740 1435 vocarem,
760 1410 813 1430 non
837 1403 964 1431 audistis.

350 1494 383 1522 Et
398 1494 503 1522 extendi
512 1502 655 1526 sermones,
672 1497 696 1521 et
710 1501 762 1520 non
782 1493 935 1527 aspexistis.
952 1493 1014 1521 [lare
1042 1501 1106 1521 vero

1162 949 1294 985 πράξεσιν
1314 950 1438 985 ἐλέγχοις
1460 952 1507 978 τοῦ
1536 952 1688 985 συνειδότος
1714 954 1848 988 ἐγένοντο,
1862 955 1941 982 τοιάδε

1161 995 1229 1030 πρὸς
1244 996 1344 1027 αὐτοὺς
1358 997 1429 1024 κατὰ
1444 997 1506 1024 νοῦν
1519 998 1672 1034 διεξιούσης
1682 1009 1690 1018 ο

1202 1051 1279 1090 ξζᾷοξ)
1299 1053 1469 1090 προῄσοχιαι
1487 1054 1562 1088 ἐμῆς
1582 1055 1679 1089 πνοῆς
1695 1056 1802 1090 ῥῆσιν.

1202 1086 1284 1128 Ilia”.
1292 1086 1565 1128 πρρξίιξῖὸέμαιβάῦ
1580 1086 1658 1128 ἐμοῦ
1668 1086 1925 1128 eidemeidem.

1194 1121 1307 1154 Διδάξω
1325 1122 1360 1149 δὲ
1377 1121 1455 1157 ὑμᾶς
1475 1124 1529 1151 τὸν
1547 1121 1621 1159 ἐμὸν
1639 1127 1745 1160 λόγον.

1194 1177 1243 1204 Διὰ
1267 1178 1363 1206 τούτου
1387 1179 1415 1206 δὲ
1437 1181 1603 1214 καταγγελῶ
1628 1182 1693 1217 ὑμῖν
1717 1182 1887 1218 ἐκδηλότερον
1901 1184 1939 1210 τὸν

1160 1222 1401 1258 πνευματικδντῆς
1415 1225 1486 1259 ἐμῆς
1498 1225 1677 1259 διδασκαλίας
1692 1227 1787 1263 νόμον,
1799 1229 1828 1255 δν
1841 1230 1856 1264 ή
1868 1229 1939 1264 φύσις

1160 1267 1207 1293 καὶ
1221 1268 1237 1302 ὴ
1251 1267 1346 1303 Γραφὴ
1362 1269 1537 1304 συμϐολικῶς
1554 1271 1758 1300 ὐπαινίττεται.

1195 1314 1243 1342 κδ’.
1262 1315 1379 1350 Ἐπειδὴ
1408 1317 1558 1350 ἐκάλουν,
1582 1319 1633 1345 καὶ
1659 1320 1717 1354 οὐχ
1749 1320 1936 1354 ὑπηκούσατε,

1165 1359 1273 1394 Ἐπειδὴ
1291 1360 1518 1397 προσεκαλούμην
1534 1363 1607 1398 ὑμᾶς
1621 1363 1665 1390 διὰ
1676 1363 1726 1391 τοῦ
1740 1364 1851 1399 φυσικοῦ
1863 1365 1936 1399 νόμου

1160 1404 1205 1430 καὶ
1220 1405 1277 1436 τοῖς
1289 1405 1366 1439 ὲμοϊς
1379 1406 1522 1441 Θελήμασι,
1542 1408 1604 1436 καθ’
1615 1408 1632 1435 ἃ
1647 1408 1682 1436 τὰ
1693 1409 1784 1437 πάντα
1795 1411 1935 1445 γεγόνασιν,

1157 1450 1208 1485 οὐχ
1224 1450 1365 1483 ὑπείξατε.

1193 1496 1246 1523 Kal
1255 1496 1407 1529 ἐξέτεινον
1421 1499 1542 1533 λόγους,
1553 1499 1601 1527 καὶ
1613 1501 1845 1536 οὺζπροσείχετε.
1855 1501 1936 1528 Ταῦτα

313 1548 362 1576 per
374 1541 459 1576 legem
474 1540 604 1575 scriptam
619 1540 697 1567 vobis
709 1540 849 1571 nuntians,
863 1539 995 1574 majorem
1008 1539 1104 1567 horum

1157 1541 1185 1568 δὲ
1201 1542 1248 1568 καὶ
1271 1542 1316 1570 διὰ
1336 1543 1384 1570 τοῦ
1401 1545 1526 1579 γραπτοῦ
1542 1545 1626 1581 νόμου
1640 1547 1705 1582 ὑμῖν
1726 1547 1933 1582 ἀπαγγέλλουσα,

314 1587 469 1614 doctrinam
484 1586 563 1614 vobis
581 1586 733 1618 tradebant,
748 1593 797 1613 vos
829 1590 920 1613 autem
940 1586 1008 1613 nihil
1022 1585 1106 1621 hujus

314 1632 380 1668 legis
400 1632 496 1660 audire
510 1631 646 1659 voluistis.

349 1720 432 1748 Vens.
450 1720 496 1747 25.
512 1719 564 1747 Sed
587 1719 694 1746 inutiles
718 1719 859 1754 faciebatis
872 1727 942 1746 meos
960 1727 1103 1752 sermones.

312 1772 336 1794 et
352 1775 423 1794 meas
437 1765 630 1799 increpationes
652 1764 815 1799 neglexistis.
835 1764 888 1791 Sed
903 1771 962 1791 mea
977 1765 1104 1792 mandata

313 1811 483 1846 neglexistis,
497 1815 524 1838 et
538 1809 649 1845 quando
661 1817 708 1836 vos
737 1816 785 1844 per
808 1809 960 1845 prophetas
978 1809 1105 1844 increpa-

313 1858 386 1889 bant,
404 1857 451 1892 qui
468 1856 546 1882 vobis
571 1854 723 1882 adventura
754 1859 864 1890 propter
886 1854 1103 1882 iuobedientiam

315 1903 383 1929 mala
415 1901 619 1937 prtedicebant,
648 1899 717 1927 nihil
748 1899 846 1928 horum
875 1900 903 1927 in
933 1900 1103 1929 conscientia

313 1947 474 1975 admisistis.

349 1990 432 2018 Vens.
446 1991 492 2018 26.
508 1990 678 2026 Quapropter
691 1999 740 2026 ego
754 1999 858 2026 quoque
873 1992 902 2018 in
918 1992 1031 2020 interitu
1060 2000 1103 2020 ve-

312 2042 369 2065 stro
377 2037 491 2065 ridebar.
503 2037 610 2065 Idcirco
620 2041 648 2065 et
658 2045 709 2073 ego
729 2037 756 2066 in
766 2043 899 2066 eventura
923 2039 1001 2066 vobis
1014 2043 1103 2066 morte

312 2088 445 2118 tanquam
459 2083 487 2110 in
505 2082 560 2110 ﬂne
591 2082 728 2110 scelerum
745 2086 916 2111 vestrorum.

349 2169 432 2197 Vnus.
446 2169 493 2196 27.
509 2168 645 2201 Gaudebo,
673 2169 780 2204 quando
804 2168 902 2196 uenerit
920 2168 994 2195 vobis
1012 2170 1100 2202 ruina.

311 2220 336 2244 et
351 2216 481 2242 advenerit
508 2215 635 2247 turbatio,
651 2220 676 2242 et
690 2215 771 2241 simul
789 2215 931 2241 calamitas
951 2216 1100 2250 tempestati

312 2261 410 2294 aderit,
427 2269 472 2288 seu
485 2269 545 2287 cum
560 2260 632 2288 vobis
647 2260 746 2287 venerit
760 2261 899 2287 tribulatio
920 2264 945 2287 et
961 2261 1097 2295 angustia.

312 2305 475 2337 Exsultabo,
495 2305 608 2340 quando
627 2310 717 2332 vester
734 2304 818 2331 homo
834 2304 1101 2332 exteriorinterierit

311 2360 360 2388 per
379 2351 586 2379 renovationem
601 2350 746 2378 interioris
763 2350 904 2383 hominis;
923 2350 1035 2385 quando
1052 2358 1099 2378 su-

312 2398 370 2425 bito
386 2396 464 2425 vobis
479 2395 585 2423 venerit
607 2396 755 2430 improvisa
772 2396 888 2422 tentatio
908 2399 935 2422 et
958 2396 1098 2431 prosperi-

313 2445 377 2471 tatis
394 2443 554 2478 temporalis
571 2442 725 2475 calamitas,
742 2445 873 2476 tanquam
891 2441 1005 2476 quidam
1021 2441 1101 2468 dolor

311 2495 338 2518 et
359 2490 481 2517 hostium
499 2489 637 2524 angustia,
656 2495 758 2523 cogens
775 2495 824 2515 eos
841 2487 887 2522 qui
912 2487 1030 2515 libenter
1048 2487 1100 2515 hoc

314 2543 394 2570 agere
409 2535 516 2568 nolunt,
534 2539 562 2562 et
580 2534 705 2562 nolentes
719 2533 882 2561 meminisse
892 2532 957 2560 mei.

348 2693 433 2721 Vens.
458 2693 504 2720 28.
527 2692 586 2719 Erit
604 2692 674 2720 enim
696 2692 802 2727 quando
822 2700 863 2720 me
889 2691 1029 2724 vocabitis,
1054 2699 1100 2726 ego

312 2747 413 2775 quoque
427 2747 477 2765 non
492 2738 638 2764 exaudiant
652 2746 708 2765 vos.
718 2737 816 2765 Veniet
834 2738 908 2766 enim
930 2741 1055 2772 tempus,
1073 2737 1100 2764 in

312 2794 379 2821 quo,
393 2785 427 2813 ad
439 2785 628 2813 liberationem
638 2791 670 2812 ex
682 2785 888 2813 calamitatibus
901 2785 930 2812 in
938 2792 987 2813 vos
997 2785 1101 2812 irruen-

314 2831 398 2864 tibus,
408 2830 525 2858 orabitis
536 2836 580 2857 me
593 2838 600 2862 ;
618 2833 739 2857 vestram
753 2835 843 2859 autem
859 2830 1021 2867 petitionem
1037 2834 1098 2858 tan-

311 2885 394 2913 quam
415 2883 512 2904 vanam
533 2882 587 2904 non
609 2875 762 2904 admittam.

1158 1589 1335 1625 μακροτέραν
1352 1591 1505 1626 ἐποιούμην
1522 1593 1592 1627 πρὺς
1607 1593 1680 1628 ὑμᾶς
1693 1594 1746 1630 τὴν
1759 1595 1858 1621 τούτων
1871 1595 1934 1621 διδαλ

1158 1634 1288 1661 σκαλίαν·
1305 1635 1385 1670 ὑμεῖς
1409 1636 1438 1664 δὲ
1462 1637 1523 1664 οὐδὲ
1547 1638 1669 1665 τοιούτου
1697 1639 1782 1676 νόμου
1799 1640 1932 1667 ἐπακοῦσαι

1156 1679 1320 1716 ἠθελήσατε.

1192 1730 1240 1753 κε’.
1261 1727 1353 1754 Ἀλλὰ
1363 1727 1495 1762 ἀκύρους
1511 1729 1637 1757 ἐποιεῖτε
1648 1730 1724 1765 ἐμὰς
1739 1731 1868 1764 βουλάς’
1882 1730 1932 1762 τοῖς

1155 1771 1189 1798 δὲ
1203 1771 1285 1807 ἐμοῖς
1298 1773 1435 1809 ἐλέγχοις
1453 1776 1489 1802 οὐ
1508 1777 1694 1811 προσείχετε.
1711 1778 1784 1804 Ἀλλ’
1793 1778 1932 1812 ἀπράκτους

1155 1818 1275 1844 ἐποιεῖτε
1289 1819 1339 1850 τὰς
1353 1820 1424 1855 ὲμάς
1441 1820 1569 1853 ἐντολάς·
1584 1822 1652 1856 ἐμοῦ
1669 1823 1693 1849 δ’
1704 1823 1863 1859 ἐλεγχούσης
1872 1823 1932 1858 ὑμᾶς

1155 1863 1198 1890 διὰ
1222 1865 1371 1900 προφητῶν
1387 1884 1395 1897 ,
1419 1867 1664 1903 προαγορευόντων
1691 1868 1726 1896 τὰ
1754 1870 1782 1903 ἐξ
1806 1868 1930 1898 ἀπειθείας

1154 1906 1366 1953 ἐπαχῧησόμενα
1381 1911 1446 1947 ὑμῖν
1462 1912 1592 1948 βλαϐερὰ,
1610 1914 1672 1940 οὐδὲ
1691 1915 1796 1942 τούτων
1810 1916 1837 1942 ὲν
1851 1922 1929 1941 συναι-

1155 1954 1250 1990 σθήσει
1268 1956 1414 1990 γεγόνατε.

1190 2005 1245 2033 κζ’.
1269 2003 1429 2038 Τοιγαροῦν
1443 2004 1524 2039 κάγὼ
1537 2004 1573 2039 τῇ
1586 2005 1714 2041 ὑμετέρῃ
1728 2007 1857 2040 ἀπωλείᾳ
1874 2006 1928 2033 ἐπι-

1154 2048 1329 2083 τελάσομαι.
1350 2051 1398 2076 Διὰ
1423 2050 1503 2077 τοῦτο
1526 2051 1624 2085 κάγὼ,
1642 2052 1681 2088 τῷ
1705 2052 1929 2088 ἐπενεχθησομένῳ

1154 2094 1218 2128 ὑμῖν
1231 2094 1378 2130 ἀφανισμῷ
1392 2095 1641 2131 ἐπαγαλλιάσομαι,
1653 2097 1691 2129 ὡς
1707 2097 1820 2125 παύοντι
1833 2098 1878 2132 τὴν
1890 2105 1928 2122 κα-

1153 2140 1286 2175 κουργίαν
1306 2141 1395 2176 ὑμῶν.

1190 2186 1240 2217 κζ’.
1260 2186 1469 2221 Ἐπιχαροῦιιαι
1488 2187 1524 2214 δὲ
1547 2187 1637 2222 ἡνίκα
1657 2188 1712 2215 ἐὰν
1739 2188 1854 2224 ἔρχηται
1869 2187 1927 2221 ὑμῖν

1115 2235 1138 2263 ι)
1152 2230 1286 2265 ὄλεθρος,
1302 2233 1350 2258 καὶ
1362 2233 1402 2265 ὡς
1417 2232 1456 2260 ἂν
1473 2233 1615 2267 ἀφίκηται
1632 2234 1704 2269 ὑμῖν
1717 2236 1854 2269 θόρυϐος*
1869 2235 1885 2267 ἠ
1900 2232 1928 2259 δὲ

1151 2278 1345 2312 καταστροφὴ
1362 2279 1469 2313 ὁμοίως
1489 2279 1636 2314 καταιγίδι
1652 2280 1735 2315 παρῇ
1748 2289 1756 2296 ·
1776 2281 1794 2315 ἢ
1811 2280 1878 2307 ὅταν·
1887 2279 1926 2313 ἕρ-

1152 2331 1238 2358 χηται
1252 2324 1324 2358 ὑμῖν
1336 2325 1441 2359 θλίψις
1457 2324 1506 2351 καὶ
1518 2326 1686 2359 πολιορκία.
1705 2326 1926 2361 Ἐπευφρανθήσο-

1153 2378 1202 2404 μαι
1216 2370 1244 2396 δὲ
1260 2370 1325 2397 ὅταν
1338 2371 1353 2397 ὁ
1367 2370 1419 2403 ἔξω
1430 2371 1574 2406 ἄνθρωπος
1586 2371 1675 2406 ὑμῶν⁹
1684 2373 1838 2408 φθείρηται,
1850 2371 1890 2398 διὰ
1901 2369 1926 2395 τὸ

1152 2415 1365 2443 ἀνακαινοῦσθαι
1379 2417 1425 2443 τὸν
1440 2416 1559 2444 ἔσωθεν·
1577 2418 1625 2444 καὶ
1642 2418 1688 2445 ὅτε
1709 2417 1856 2453 πειρασμὸς
1870 2416 1924 2451 ὑμῖν

1152 2460 1356 2495 ἀπροσδόκητος
1380 2461 1429 2487 καὶ
1453 2460 1630 2496 καταστροφὴ
1644 2461 1694 2496 τῆς
1710 2461 1864 2497 σωματικῆς
1886 2458 1923 2484 εὐ-

1153 2505 1274 2540 πραγίας
1287 2505 1375 2540 ὑμῶν,
1391 2506 1523 2541 αἰφνίδιος
1546 2507 1722 2543 ἐπιγίνηται,
1742 2506 1786 2534 οἷά
1805 2515 1844 2536 τις
1862 2504 1923 2537 λύπη

1153 2551 1217 2586 ὑμῖν
1241 2551 1402 2587 ἑπέρχηται,
1418 2553 1466 2579 καὶ
1484 2553 1624 2589 πολεμίων
1649 2553 1731 2580 τινῶν
1757 2550 1922 2588 προσεδρεία·

1154 2597 1334 2632 μνημονεύειν
1360 2606 1411 2633 μου
1425 2598 1475 2625 καὶ
1489 2598 1606 2631 ἄκοντας
1623 2599 1754 2626 πείθουσα
1777 2598 1836 2630 τοὺς
1855 2597 1923 2623 ἐκου-

1153 2643 1219 2676 σίως
1235 2643 1314 2670 τοῦτο
1331 2645 1419 2670 ποιεῖν
1434 2644 1471 2680 μὴ
1487 2644 1664 2680 θελήσαντας.

1188 2694 1241 2725 κη’.
1257 2691 1364 2718 Ἔσται
1377 2690 1432 2726 γὰρ
1447 2691 1520 2718 ὅταν
1532 2691 1755 2726 ἐπικαλέσησθέ
1764 2698 1802 2725 με
1810 2709 1818 2722 ,
1833 2687 1885 2723 ἐγὼ
1895 2685 1923 2712 δὲ

1151 2738 1208 2764 οὐκ
1218 2738 1435 2772 είσακούσομαι
1446 2737 1540 2772 ὑμῶν.
1553 2738 1685 2774 ’Υπάιρξει
1698 2738 1750 2773 γὰρ
1759 2734 1858 2771 καιρὸς,
1867 2731 1923 2759 καθ’

1151 2783 1181 2810 δν
1197 2782 1364 2818 δεηθήσεσθέ
1381 2792 1444 2818 μου,
1460 2785 1501 2816 είς
1515 2784 1678 2820 ἀπαλλαγὴν
1689 2783 1742 2810 τῶν
1757 2780 1922 2815 ἐπικειμένων

1151 2830 1216 2866 ὑμῖν
1229 2829 1362 2865 θλιὸερῶν
1372 2838 1378 2844 ·
1395 2830 1481 2866 αὐτὴν
1490 2830 1519 2857 δὲ
1530 2831 1580 2866 τὴν
1591 2831 1699 2866 αἴτησιν
1712 2829 1786 2865 ὑμῶν
1798 2828 1833 2859 ὥς
1845 2825 1921 2859 ἆσθμ’

1152 2884 1235 2912 φορον
1254 2875 1319 2911 ὑμῖν
1338 2876 1368 2902 οὺ
1389 2876 1588 2912 παραδέξομαι,
