2079 3161
175 173 244 205 1233
266 165 271 168 ’

687 170 955 202 COMMENTARII
973 169 1014 200 IN
1031 170 1260 202 PROVERBIA.

1739 171 1808 204 1234

205 228 383 263 Ζητήσουσί
394 237 431 264 με
445 228 543 261 κακοὶ,
554 228 604 255 καὶ
617 227 673 262 οὺχ
682 227 881 262 εὑρήσουσιν.
896 227 965 262 Aer;-

1055 226 1179 259 Quwrent
1193 233 1233 252 me
1246 224 1331 259 impii,
1348 229 1373 252 et
1386 233 1438 253 non
1457 226 1599 254 invenient.
1617 225 1809 255 Prceabuntur

170 275 298 311 θήσονται
312 275 367 311 γάρ
386 283 437 310 μου
453 274 598 301 κακοποιοὶ
608 294 616 307 ,
631 273 696 301 ὅταν
709 273 744 300 τὰ
757 273 859 308 ἀνιαρὰ
881 281 966 299 κατα-

169 321 241 358 λάϐῃ
253 321 363 353 αὐτοὺς,
381 320 451 358 πρὸς
466 319 629 356 ἀπαλλαγὴν
641 318 696 347 τῶν
706 318 848 352 τοιούτων,
860 318 907 346 καὶ
917 318 967 345 οὐκ

124 385 127 405 ρ
171 367 310 402 ἐπιτυχεῖς
332 374 384 401 μου
404 366 579 401 γενήσονται.

206 413 258 446 κο’,
273 411 306 440 λ’.
325 412 495 447 Ἐμίσησαν
512 410 568 447 γὰρ
588 411 702 446 σοφίαν
714 419 720 426 ·
736 411 790 438 τὸν
816 410 850 437 δὲ
873 409 968 445 φόϐον

171 459 283 493 Κυρίου
297 459 334 486 οὐ
354 458 532 492 προείχοντο
542 465 550 473 ⁸
565 456 636 484 οὐδὲ
650 456 763 490 ἤθελον
773 456 856 492 ἐμαῖς
871 463 967 490 προσ-

171 506 254 540 έχειν
262 505 394 538 βουλαῖς
406 513 412 520 ·
434 503 642 539 ἐμυκτήρισαν
657 503 690 529 δὲ
710 503 800 537 ἐμοὺς
810 502 966 537 ἐλέγχους.

173 551 291 586 Ὃτιπερ
305 551 355 586 ἐμὲ
369 550 419 586 τὴν
432 550 528 583 σοφίαν
544 550 578 576 τὰ
593 549 690 576 δέοντα
705 548 907 583 ὑποτιθεμένην
919 549 967 574 αὺ-

172 597 228 626 τοῖς
244 595 476 631 ἀπεστράφησαν·
496 594 543 621 καὶ
559 594 604 620 τὸν
623 593 694 620 Οεῐον
708 593 789 628 φόϐον
801 613 807 625 ,
823 593 852 619 ὃν
870 594 884 619 ὁ
901 601 967 628 κτη-

174 641 293 676 σάμενος
308 641 358 676 τῆς
381 641 448 675 πρός
470 649 504 676 με
523 639 661 676 φερούσης
683 639 743 666 ὁδοῦ
760 640 921 674 ἀπέρχεται,
937 639 968 665 οὺ

172 687 228 714 τῶν
243 687 330 714 ἄλλων
346 687 456 714 πάντων
472 687 655 724 προέκριναν·
671 686 732 713 οὐδὲ
750 686 873 713 ὑπείκειν
885 685 968 721 ἠϐού-

174 733 252 760 λοντο
275 734 335 764 ταῖς
360 734 443 768 ἐμαῖς
468 733 660 769 παραινέσεσι,
679 732 727 759 καὶ
752 733 816 764 τοὺς
843 732 889 759 ἐπὶ
913 733 969 763 τοῖς

174 779 373 815 ἁμαρτήμασιν
393 779 484 806 αὐτῶν
503 780 588 815 ἐμοὺς
608 780 737 814 ἐλέγχους
756 779 908 812 διέπαιξαν.

210 825 260 852 λα’.
283 825 454 860 Τοιγαροῦν,
471 825 591 852 ἔδονται
606 824 659 858 τῆς
675 823 789 851 ἑαυτῶν
809 823 879 851 ὀδοῦ
899 823 970 856 τοὺς

174 871 324 905 καρπούς·
337 871 387 898 καὶ
401 871 457 905 τῆς
469 870 585 898 ἑαυτῶν
600 870 760 905 ἐπιθυμίας
771 869 970 904 πλησθήσον-

174 926 232 944 ται.
251 918 353 952 Διόπερ
366 917 500 952 φάγονται
516 918 566 952 τῆς
580 916 685 944 ἑαυτῶν
700 915 835 951 ἐργασίας
850 916 899 947 τὰς
910 916 970 942 ὲπι-
987 906 1007 934 Β

175 963 296 998 καρπὶας
307 971 313 977 ·
332 963 382 990 καὶ
397 963 448 998 τῆς
464 963 553 998 κακῆς
569 962 686 999 ὀρέξεως
702 961 809 988 ἑαυτῶν
829 961 910 996 κόρον
923 960 972 995 λή-

175 1009 283 1043 ψονται,
301 1009 367 1036 ὅταν
379 1008 415 1035 τὰ
428 1009 532 1036 τούτων
547 1009 674 1043 ἐπίχειρα
688 1007 830 1043 καταλάϐῃ
842 1007 951 1039 αὐτούς.

211 1055 262 1090 λβ’.
274 1055 348 1083 Ἀνθ⁷
363 1052 408 1082 ὧν
427 1056 483 1089 γὰρ
506 1055 634 1089 ἠδίκουν
653 1054 800 1088 νηπίους,
823 1053 971 1089 φονευθή-

175 1110 282 1129 σονται
294 1110 300 1116 ·
321 1102 370 1129 καὶ
385 1101 555 1136 ἐξετασμὸν
568 1101 671 1129 ὀλέσει
689 1101 818 1134 ἀσεϐεῖς.
838 1100 924 1136 Ὑπὲρ
940 1098 971 1127 οὗ

175 1147 230 1183 γὰρ
251 1148 308 1179 τοίς
331 1148 447 1178 τελείοις
471 1147 520 1182 μὲν
535 1147 574 1182 τῷ
590 1149 762 1184 φρονήματι,
775 1149 809 1183 τῇ
834 1147 863 1174 δὲ
887 1146 972 1182 κακίᾳ

176 1192 356 1228 νηπιάζουσιν
379 1193 490 1224 ἀδίκους
513 1194 608 1228 χεῖρας
630 1193 777 1227 ὲπέὸαλον,
803 1193 893 1227 ἄωρον
917 1192 970 1218 δώ-

179 1248 261 1267 σουσι
273 1239 405 1267 θάνατον’
427 1239 476 1266 καὶ
498 1240 515 1274 ὴ
541 1239 613 1266 κατὰ
627 1239 659 1265 τὸ
676 1238 763 1274 παρὸν
776 1239 901 1271 ἐξέτασις
917 1238 972 1265 τῶν

177 1287 266 1322 ἔργων
279 1285 331 1320 τῆς
345 1285 465 1317 ἀδικίας,
479 1285 543 1317 τοὺς
559 1286 596 1320 μὴ
608 1284 838 1321 δι’ἀγαθοεργίας
847 1285 893 1312 τὸν
905 1285 972 1312 Θεὸν

177 1331 317 1366 τιμῶντας
341 1332 482 1363 ἀπολέσει,
499 1331 656 1366 στερήσασα
679 1331 730 1366 τῆς
752 1330 826 1366 ζωῆς
843 1331 896 1367 πρὸ
912 1340 972 1358 και-

179 1377 225 1413 ροῦ
234 1385 242 1393 °
254 1377 419 1413 ἀνδρες-γὰρ
433 1377 558 1412 αἱμάτων
570 1377 619 1404 καὶ
633 1377 798 1412 δολιότητος,
810 1377 840 1404 οὐ
856 1377 893 1413 μὴ
905 1378 971 1413 ἡμι-

178 1423 306 1451 σεύσουσι
324 1423 372 1455 τὰς
392 1424 498 1460 ἡμέρας
518 1423 618 1452 αὐτῶν.

213 1470 264 1504 λγ’.
287 1470 313 1496 ὐ
333 1469 367 1496 δὲ
385 1469 459 1504 ἐμοῦ
472 1469 601 1503 ἁκούων,
613 1469 843 1503 κατασκηνώσει
862 1469 909 1496 ἐπ’
923 1469 972 1496 ἐλ-

177 1517 257 1543 πίδι·
271 1516 319 1544 καὶ
331 1515 482 1551 ήσυχάσει
496 1517 615 1551 ἀφόϐως
628 1517 687 1544 ἀπὸ
699 1516 812 1549 παντὸς
829 1515 932 1543 κακοῦ.
942 1515 972 1544 ’0

1021 279 1064 300 me
1080 272 1154 299 mala
1168 271 1312 303 iacientes,
1329 279 1390 299 cum
1403 271 1492 299 tristia
1507 272 1638 300 irruerint
1653 280 1737 308 super
1749 281 1807 305 eos.

1021 321 1050 344 ut
1067 318 1102 345 ab
1118 317 1162 345 his
1179 317 1344 349 liberentur,
1363 322 1468 345 etame
1484 317 1554 345 nihil
1570 317 1745 346 obtinebunt.

1056 415 1140 443 Vsus.
1151 415 1195 449 29,
1206 416 1249 443 50.
1261 415 1332 442 Nam
1349 423 1458 442 erasum
1464 415 1611 443 habuerunt
1626 416 1808 450 disciplinam,

1019 468 1043 490 et
1059 464 1181 490 timorem
1196 462 1306 489 Domini
1325 470 1377 489 non
1387 466 1570 496 susteperunt,
1589 466 1615 489 et
1631 471 1683 490 non
1701 463 1809 497 acquie-

1021 514 1111 536 verunt
1125 517 1183 536 meo
1198 508 1319 541 consilio,
1335 513 1359 536 et
1375 508 1506 535 universa:
1516 509 1675 542 correptioni
1691 516 1754 535 meo:
1765 508 1810 535 de-

1021 559 1173 582 traxerunt.
1202 554 1272 588 Quia
1295 562 1339 582 me
1357 554 1521 589 sapientiam
1544 554 1737 581 convenientia
1762 554 1811 580 do-

1020 604 1139 632 centem,
1163 599 1341 636 abjecerunt;
1357 604 1385 627 et
1403 598 1449 626 Dei
1466 599 1606 630 timorem,
1624 606 1706 634 quem
1722 599 1810 632 possi-

1020 647 1102 680 dens,
1134 646 1177 674 via
1201 646 1234 673 ad
1257 654 1300 673 me
1327 646 1445 674 ducente
1467 653 1523 672 non
1545 644 1660 676 recedit,
1681 644 1811 672 omnibus

1022 692 1084 719 aliis
1104 692 1188 720 rebus
1207 699 1261 718 non
1288 691 1487 726 praetulerunt;
1504 695 1532 718 ct
1552 691 1621 717 meis
1639 690 1812 718 exhortatio-

1023 739 1102 766 nibus
1118 739 1298 774 acquiescere
1308 738 1469 770 noluerunt,
1488 742 1515 765 ct
1528 744 1603 765 meas
1621 737 1648 764 in
1662 744 1739 765 suam
1752 743 1811 762 ma-

1022 784 1108 811 litiam
1129 785 1334 820 increpationes
1351 783 1493 820 fugerunt.

1057 830 1141 858 VERS.
1156 831 1200 858 3i.
1220 829 1361 858 Camedent
1375 830 1457 866 igitur
1467 830 1569 864 fructus
1586 830 1644 856 vita:
1657 836 1727 860 suat;
1740 829 1811 856 suis-

1023 885 1071 912 que
1090 876 1211 904 consiliis
1235 875 1442 903 saturabuntur.
1468 875 1575 903 Idcirco
1593 874 1739 908 comedent
1754 873 1812 900 fru-

1024 926 1085 949 ctus
1107 922 1232 949 laborum
1253 929 1378 954 suorum,
1397 926 1423 948 et
1443 921 1524 948 malis
1545 919 1742 948 saturabuntur
1763 926 1812 946 eu-

1024 967 1199 1002 piditatibus,
1218 974 1282 994 cuni
1299 967 1398 994 harum
1418 966 1530 1001 praemia
1548 965 1711 993 advenerint
1728 964 1792 992 illis.

1058 1056 1142 1085 Vsus.
1159 1057 1204 1085 32.
1221 1056 1336 1092 Propter
1347 1057 1499 1092 injustitias
1515 1056 1601 1091 factas
1616 1055 1748 1090 parvulis,
1767 1063 1811 1082 oc-

1023 1101 1155 1135 cidantur,
1174 1108 1198 1130 et
1219 1103 1355 1130 discursio
1372 1108 1460 1138 perget
1483 1103 1590 1137 impios.
1613 1100 1666 1128 Pro
1688 1109 1721 1128 eo
1739 1100 1812 1135 quod

1024 1148 1051 1176 in
1064 1149 1171 1176 adultos
1187 1149 1382 1184 intelligentia,
1395 1149 1556 1184 malitiaque
1585 1148 1713 1183 parvulos
1727 1147 1814 1182 injus-

1023 1199 1065 1222 tas
1080 1195 1252 1229 conjocerint
1266 1203 1377 1225 manus.
1388 1195 1536 1222 immatura
1548 1195 1703 1229 plettentur
1715 1196 1812 1220 morte:

1023 1246 1050 1269 et
1062 1241 1202 1268 dlscussio
1213 1240 1248 1269 de
1261 1241 1431 1276 supradictis
1446 1241 1579 1276 operibus
1591 1240 1705 1273 iniquis,
1717 1239 1814 1274 perdet

1023 1295 1071 1316 eos
1081 1287 1128 1322 qui
1144 1287 1229 1315 Deum
1250 1287 1382 1322 operibus
1404 1295 1460 1314 non
1473 1287 1576 1319 colunt,
1603 1288 1659 1314 vita
1686 1293 1735 1313 eos
1751 1288 1814 1313 ante

1024 1339 1131 1370 tempus
1155 1335 1278 1369 spolians
1296 1343 1302 1362 :
1324 1342 1386 1362 nam
1402 1335 1455 1362 viri
1473 1334 1639 1370 sanguinum
1661 1337 1688 1360 et
1706 1333 1816 1361 astutia:

1024 1381 1109 1409 vitam
1123 1381 1199 1409 nullo
1216 1382 1298 1409 modo
1317 1387 1491 1410 aversantur.

1060 1470 1143 1500 Vens.
1162 1473 1207 1501 35.
1225 1474 1278 1507 Qui
1293 1479 1380 1502 autem
1407 1484 1446 1502 me
1470 1475 1595 1504 audierit.
1617 1474 1760 1509 requiesset
1789 1475 1815 1498 in

1024 1523 1077 1549 spe,
1095 1517 1158 1545 etin
1176 1519 1262 1553 quiete
1283 1520 1410 1552 "tenebit,
1428 1521 1523 1546 timore
1540 1519 1675 1546 malarum
1696 1518 1814 1545 sublato.

178 1562 199 1589 δ’
211 1562 271 1597 ἐμοὶ
288 1562 462 1598 πειθόμενος,
475 1562 522 1589 καὶ
535 1561 585 1594 τὰς
601 1561 675 1593 θείας
692 1561 802 1594 ἐντολὰς
817 1561 970 1597 ἐργαζόμε-

1026 1560 1075 1593 Qui
1089 1570 1132 1589 me
1152 1563 1239 1597 audit,
1255 1567 1281 1591 et
1307 1564 1352 1591 Dei
1377 1565 1505 1592 mandata
1521 1564 1654 1595 custodit,
1671 1564 1752 1591 bonis
1774 1563 1816 1589 ίίι-

179 1616 235 1640 νος,
255 1608 290 1635 τὰ
307 1608 439 1643 μέλλοντα
451 1607 545 1642 ἀγαθὰ
559 1609 621 1639 ταῖς
635 1608 743 1635 ἐλπίσιν
759 1608 808 1643 ἤδη
825 1607 971 1644 καρπώσε-

179 1659 224 1679 ται
238 1654 268 1679 ὲν
282 1652 388 1684 τούτοις
403 1653 474 1680 κατὰ
491 1652 651 1688 προαίρεσιν
666 1652 715 1687 τὴν
729 1652 873 1679 κατοικίαν
884 1652 973 1687 πηξά-

182 1706 279 1732 μενος’
304 1699 352 1726 καὶ
373 1699 428 1726 ἀπὸ
450 1698 541 1734 πάσης
562 1698 662 1730 κακίας
678 1698 894 1734 συσταλήσεται·
912 1698 973 1734 οὐχὶ

180 1742 310 1776 δουλικῶς
317 1744 358 1780 τῷ
368 1744 424 1773 τῶν
433 1744 573 1771 κολάσεων
583 1743 669 1779 φόϐῳ,
676 1744 743 1771 ἀλλὰ
755 1744 848 1776 υῑικῶς
858 1745 893 1780 τῇ
905 1744 973 1779 πρὸς

180 1789 212 1816 τὸ
229 1791 355 1826 κρεῖττον
374 1792 494 1826 στοργῇ⁸
516 1789 592 1817 ἔνθεν
611 1797 672 1817 τοι·

481 1858 608 1886 ΚΕΦΑΔ.
632 1858 670 1887 Β’.

218 1927 254 1952 α’.
281 1924 337 1958 Υίὲ,
361 1926 416 1952 ἐὰν
437 1926 603 1960 δεξάμενος
625 1925 721 1960 ῥῆσιν
738 1925 814 1960 ἐμῆς
834 1925 973 1961 ἐντολῆς,

183 1971 302 2005 κρύψῃς
313 1972 393 2005 παρὰ
404 1971 531 2004 σεαυτῷ.
551 1972 581 1998 '0
596 1970 802 2006 υἱοῧετούμενός
814 1980 860 2007 μοι
869 1972 914 1998 διὰ
925 1972 975 2007 τῆς

183 2015 213 2042 ὲν
230 2016 367 2051 πνεύματι
381 2017 567 2050 διδασκαλίας,
583 2017 631 2044 ἐὰν
654 2017 877 2053 παραδεξάμενος
896 2017 975 2052 λόγον

184 2062 353 2090 ἀπαιτοῦντα
367 2072 396 2089 σε
409 2063 440 2090 τὸ
454 2064 520 2098 ἐμὸν
535 2063 673 2098 βουλητὸν,
689 2064 810 2099 φυλάξῃς
825 2064 920 2090 τοῦτον
944 2065 975 2090 ὲν

185 2108 223 2143 τῷ
241 2108 291 2143 τῆς
309 2108 397 2144 ψυχῆς
418 2118 465 2136 σου
486 2109 697 2145 μνημονευτικῴ
716 2109 908 2145 ἁνεπίληστον,

222 2154 255 2189 β’.
275 2155 492 2183 Ἐπακούσεται
515 2156 626 2191 σοφίας
639 2155 673 2182 τὸ
695 2153 749 2188 οὖς
772 2162 842 2183 σου.
855 2153 975 2188 ’Υπείξει

186 2200 257 2229 κατὰ
279 2201 378 2236 πρᾶξιν
399 2201 439 2238 τῷ
455 2202 506 2237 τῆς
526 2201 618 2234 αἰτίας
639 2201 834 2237 ἀπαγγελτικῷ
858 2201 976 2237 ἔμφρονι

1027 1607 1098 1634 turis
1112 1607 1168 1642 jam
1196 1616 1244 1643 spe
1259 1608 1377 1642 fruetur,
1392 1617 1453 1637 cum
1470 1610 1500 1637 in
1519 1610 1563 1637 his
1585 1610 1702 1637 libenter
1722 1608 1817 1636 sedem

1027 1660 1105 1680 suam
1121 1654 1312 1688 collocaverit;
1329 1659 1357 1682 et
1368 1656 1402 1682 ab
1417 1656 1492 1683 omni
1507 1656 1609 1683 malitia
1628 1654 1749 1686 recutiet,
1762 1662 1817 1681 non

1028 1701 1056 1724 ut
1070 1704 1179 1732 servus,
1196 1699 1296 1727 timore
1311 1701 1523 1735 suppliciorum,
1542 1701 1590 1729 sed
1607 1707 1635 1728 ut
1647 1700 1717 1727 ﬁlius
1742 1707 1818 1726 alno-

1028 1751 1057 1771 rc
1074 1744 1196 1772 melioris
1211 1745 1286 1773 boni.
1302 1745 1368 1773 Inde
1383 1746 1451 1773 haec.

1315 1861 1392 1888 CAP.
1409 1861 1440 1888 ΙΙ.

1063 1924 1146 1952 Vens.
1164 1927 1186 1953 ί.
1203 1927 1269 1960 Fili,
1284 1928 1307 1955 si
1321 1929 1470 1963 suscipiens
1480 1935 1614 1956 sermones
1627 1927 1748 1954 mandati
1757 1926 1818 1958 mei,

1029 1969 1178 1998 abscondas
1194 1974 1265 2007 apud
1293 1978 1326 1999 te.
1349 1974 1503 2009 Adoptatus
1532 1981 1547 2000 a
1566 1981 1608 2000 me
1630 1979 1680 2007 pro
1701 1972 1755 1999 lilio
1772 1979 1820 2006 per

1029 2017 1202 2052 spiritualem
1226 2018 1394 2053 doctrinam,
1427 2019 1450 2047 si
1467 2019 1623 2055 suscipiens
1650 2025 1818 2050 sermonem,

1029 2062 1076 2096 qui
1092 2069 1179 2089 meam
1196 2063 1368 2091 voluntatem
1386 2068 1413 2092 le
1427 2064 1517 2097 docet,
1535 2064 1676 2092 custodias
1691 2063 1779 2095 illiilli,
1791 2063 1819 2090 in

1030 2108 1162 2135 memoria
1174 2109 1267 2137 cordis
1285 2109 1324 2136 tui
1338 2109 1520 2137 reconditum.

1066 2154 1150 2182 Vnus.
1162 2155 1190 2182 2.
1206 2155 1303 2183 Audiet
1317 2156 1477 2191 sapientiam
1495 2157 1569 2184 auris
1596 2161 1651 2183 tua.
1666 2154 1781 2183 Obediet
1793 2155 1820 2182 in

1032 2199 1121 2234 praxi,
1140 2201 1269 2235 prudenti
1283 2202 1418 2229 rationem
1436 2201 1576 2229 nuntianti
1600 2202 1734 2234 sermoni,
1746 2201 1818 2236 quod

186 2246 270 2281 λόγῳ,
285 2247 316 2273 τὸ
331 2247 419 2283 τούτῳ
433 2249 473 2279 είς
488 2248 664 2283 δικαιοσύνην
680 2248 822 2279 ὲπιπειϐές
833 2256 891 2279 σου,
905 2247 974 2283 φημὶ

1031 2245 1057 2272 in
1068 2249 1095 2272 te
1114 2254 1162 2281 per
1183 2247 1260 2275 illum
1275 2247 1308 2275 ad
1321 2247 1459 2281 justitiam
1473 2249 1572 2281 fertur,
1591 2247 1618 2275 id
1631 2250 1682 2280 est,
1697 2247 1819 2282 potentia

186 2291 215 2318 δὲ
231 2292 262 2319 τὺ
276 2292 487 2329 ἐπιθυμητικὸν,
502 2295 551 2321 καὶ
559 2294 591 2320 τὸ
608 2294 725 2329 θυμικόν
735 2303 742 2309 ·
758 2294 789 2321 τὸ
805 2294 854 2329 μὲν
871 2293 978 2329 σωφρό-

187 2347 240 2370 νως
258 2338 313 2366 ἀπὸ
329 2339 383 2366 τῶν
398 2339 459 2366 κατ’
475 2339 603 2376 αῐσθησιν
621 2341 708 2376 ἡδέων
724 2340 958 2376 ἐγκρατευόμενον
970 2347 976 2355 ·

187 2384 217 2411 τὸ
233 2384 262 2411 δὲ
282 2385 414 2421 ἀνδρείως
433 2385 468 2413 τὰ
490 2386 561 2413 κατὰ
581 2386 662 2422 σῶμα
680 2386 794 2422 θλιῦερὰ
813 2386 959 2421 ὑπομένον.

223 2430 279 2458 Kal
296 2431 480 2465 παραϐαλεῖς
493 2432 620 2467 καρδίαν
632 2439 691 2460 σου
707 2433 750 2466 είς
764 2432 894 2460 σύνεσιν
903 2439 910 2447 ο
923 2439 979 2458 αα-

183 2475 327 2511 ραϐαλεῖς
343 2476 378 2504 δὲ
400 2476 499 2512 αὐτὴν
513 2479 557 2511 εὶς
569 2478 752 2513 νουθέτησιν
771 2478 811 2512 τῷ
829 2478 885 2512 Υίῷ
909 2485 978 2506 σου.

189 2521 245 2549 Καὶ
259 2522 417 2558 ἀπαλλαγὲν
434 2523 484 2560 τῆς
507 2524 648 2559 ὲμπαθοῦς
668 2524 743 2560 ζωῆς
761 2525 792 2552 τὺ
807 2525 886 2560 δίκην
909 2533 979 2561 καρ-

189 2567 257 2601 δίας,
269 2570 320 2605 τῆς
344 2571 374 2596 ὲν
396 2570 533 2606 πνεύματι
550 2571 624 2606 ζωῆς
634 2591 642 2604 ,
668 2571 845 2607 μεταδοτικδν
859 2571 915 2603 τοῖς
929 2571 981 2598 λοι-

189 2614 252 2646 ποῖς
269 2614 320 2650 τῆς
341 2615 433 2651 ψυχῆς
452 2615 548 2652 μέρεσι
568 2618 662 2653 νοερόν
682 2627 745 2650 σου,
761 2617 890 2653 ἐμϐαλεῖς
910 2617 981 2644 κατὰ

189 2659 308 2696 θεωρίαν
322 2661 362 2693 εἰς
371 2661 422 2697 τὴν
434 2662 484 2698 τῆς
497 2663 627 2699 ἀληθείας
636 2664 783 2699 ἐπίγνωσιν
795 2671 801 2679 ⁸
813 2663 943 2699 ἐμϐαλεῖς
952 2663 981 2691 δὲ

190 2706 270 2734 τοῦτο
285 2707 354 2744 πρὸς
368 2708 544 2737 διδασκαλίαν
560 2711 750 2746 πνευματικὴν
776 2710 823 2737 τοῦ
847 2711 881 2737 δι’
895 2710 982 2745 αὐτῆς

192 2751 397 2788 υῑοθετουμένου
417 2761 470 2783 σοι.

228 2797 263 2832 γ’.
280 2798 352 2826 Ἐὰν
375 2799 431 2835 γὰρ
456 2800 515 2835 τὴν
537 2801 650 2836 σοφίαν
672 2802 850 2837 ἐπικαλέσῃ,
873 2802 921 2830 καὶ
945 2802 982 2837 τῇ

192 2845 318 2872 συνέσει
338 2845 397 2879 δῷς
411 2847 517 2881 φωνήν
535 2854 594 2874 σου
603 2867 610 2879 ,
621 2847 679 2882 τὴν
692 2847 726 2874 δὲ
738 2848 883 2882 αἴσθησιν
895 2848 980 2883 ζητή-

193 2897 252 2925 σῃς
265 2891 383 2927 μεγάλῃ
397 2891 433 2927 τῇ
445 2891 540 2927 φωνῇ.
563 2893 593 2920 Et
608 2892 660 2928 γὰρ
678 2893 800 2928 αἰτήσεις
811 2894 887 2929 παρὰ
901 2893 980 2927 Θεοῦ,

1030 2292 1257 2326 cencupiscibilis
1279 2293 1378 2321 animae
1391 2298 1419 2321 et
1433 2293 1582 2321 irascibilis
1592 2314 1599 2326 ,
1610 2293 1664 2320 alia
1681 2293 1820 2328 sapienter

1031 2342 1045 2362 a
1058 2343 1191 2364 sensuum
1202 2338 1343 2373 voluptate
1356 2339 1512 2372 abstinens,
1532 2339 1586 2367 alia
1613 2338 1732 2366 viriliter
1749 2339 1820 2365 mala

1031 2382 1158 2417 corporis
1173 2383 1324 2411 sustinens.

1066 2427 1216 2457 Inclinabis
1234 2439 1281 2458 cor
1306 2436 1380 2458 tuum
1409 2431 1443 2457 ad
1465 2430 1656 2466 prudentiam;
1680 2430 1821 2458 inclinabis

1031 2477 1107 2504 illam
1121 2477 1150 2504 in
1163 2478 1371 2506 admonitionem
1392 2478 1450 2513 ﬁlio
1471 2482 1528 2505 tuo.
1545 2478 1579 2504 Et
1591 2481 1751 2505 remotama
1762 2483 1821 2505 lur-

1031 2521 1094 2549 bata
1108 2522 1176 2549 vita.
1188 2530 1249 2558 qua:
1258 2523 1349 2551 cordis
1359 2522 1435 2558 juste
1445 2526 1572 2555 vocatur,
1585 2522 1740 2558 spiritualis
1751 2523 1820 2556 vita,

1031 2576 1097 2605 erga
1111 2569 1180 2597 alias
1198 2569 1298 2597 animae
1319 2570 1457 2605 potentias
1487 2569 1648 2603 liberalem,
1674 2569 1821 2597 inclinabis

1032 2615 1211 2643 meditatione
1234 2614 1452 2643 intellectualem
1480 2615 1631 2650 potentiam
1647 2615 1682 2642 ad
1696 2614 1821 2642 veritatis

1031 2661 1264 2696 recognitionem:
1290 2660 1438 2688 inclinabis
1454 2665 1546 2688 autem
1570 2668 1631 2688 eam
1644 2660 1678 2688 ad
1692 2659 1821 2695 spiritua-

1032 2707 1085 2735 lem
1103 2706 1260 2734 doctrinam
1271 2705 1342 2741 ejus.
1363 2707 1409 2742 qui
1421 2714 1468 2741 per
1488 2706 1559 2734 hanc
1575 2706 1647 2735 (ilius
1666 2706 1822 2742 adoptionis

1034 2754 1085 2782 erit
1098 2753 1158 2781 tibi.

1068 2799 1149 2827 Vens.
1169 2799 1195 2826 5.
1215 2799 1245 2826 Si
1256 2799 1327 2826 enim
1339 2800 1500 2834 sapientiam
1518 2798 1699 2830 invocaveris,
1722 2802 1746 2824 et
1780 2797 1823 2823 iu-

1034 2843 1173 2872 olinaveris
1205 2851 1251 2871 cor
1276 2847 1351 2870 tuum
1372 2843 1529 2878 prudentior,
1562 2847 1586 2869 et
1622 2841 1822 2876 iuteliigentiam

1034 2890 1169 2926 qutNiCris
1188 2897 1284 2926 magna
1315 2897 1384 2918 voce.
1404 2889 1431 2916 Si
1455 2889 1527 2916 enim
1553 2888 1644 2920 abeo,
1666 2887 1822 2920 illam,qn:c
