  <div class='ocr_page' id='page_1' title='image "/cluster/home/n/w/nwhite01/storage/ocr_20150623/87, pt.1/njp.32101013202641/625.png"; bbox 0 0 2079 3161; ppageno 0'>
   <div class='ocr_carea' id='block_1_1' title="bbox 276 177 343 214">
    <p class='ocr_par' dir='ltr' id='par_1_1' title="bbox 276 177 343 214">
     <span class='ocr_line' id='line_1_1' title="bbox 276 177 343 214; baseline 0.015 -1"><span class='ocrx_word' id='word_1_1' title='bbox 276 177 343 214; x_wconf 81' lang='grc'><strong>1235</strong></span> 
     </span>
    </p>
   </div>
   <div class='ocr_carea' id='block_1_2' title="bbox 943 185 1256 217">
    <p class='ocr_par' dir='ltr' id='par_1_2' title="bbox 943 185 1256 217">
     <span class='ocr_line' id='line_1_2' title="bbox 943 185 1256 217; baseline 0.006 -2"><span class='ocrx_word' id='word_1_2' title='bbox 943 185 1116 216; x_wconf 82' lang='lat' dir='ltr'><strong>PROCOPII</strong></span> <span class='ocrx_word' id='word_1_3' title='bbox 1135 186 1256 217; x_wconf 75' lang='lat' dir='ltr'><strong>GAZ/EI</strong></span> 
     </span>
    </p>
   </div>
   <div class='ocr_carea' id='block_1_3' title="bbox 1838 187 1905 220">
    <p class='ocr_par' dir='ltr' id='par_1_3' title="bbox 1838 187 1905 220">
     <span class='ocr_line' id='line_1_3' title="bbox 1838 187 1905 220; baseline 0 0"><span class='ocrx_word' id='word_1_4' title='bbox 1838 187 1905 220; x_wconf 66' lang='lat'><strong>12%</strong></span> 
     </span>
    </p>
   </div>
   <div class='ocr_carea' id='block_1_4' title="bbox 273 238 1060 280">
    <p class='ocr_par' dir='ltr' id='par_1_4' title="bbox 273 238 1060 275">
     <span class='ocr_line' id='line_1_4' title="bbox 273 238 1060 275; baseline 0.005 -9"><span class='ocrx_word' id='word_1_5' title='bbox 273 238 417 266; x_wconf 78' lang='lat' dir='ltr'><strong>stultitiam</strong></span> <span class='ocrx_word' id='word_1_6' title='bbox 439 238 574 272; x_wconf 88' lang='lat' dir='ltr'><strong>destruit,</strong></span> <span class='ocrx_word' id='word_1_7' title='bbox 598 239 759 275; x_wconf 88' lang='lat' dir='ltr'><strong>spiritualcs</strong></span> <span class='ocrx_word' id='word_1_8' title='bbox 784 249 850 270; x_wconf 83' lang='lat' dir='ltr'><strong>vero</strong></span> <span class='ocrx_word' id='word_1_9' title='bbox 881 241 910 270; x_wconf 91' lang='lat' dir='ltr'><strong>in</strong></span> <span class='ocrx_word' id='word_1_10' title='bbox 934 243 1060 270; x_wconf 81' lang='lat' dir='ltr'><strong>mandata</strong></span> 
     </span>
    </p>
   </div>
   <div class='ocr_carea' id='block_1_5' title="bbox 1111 238 1904 280">
    <p class='ocr_par' dir='ltr' id='par_1_5' title="bbox 1114 243 1904 280">
     <span class='ocr_line' id='line_1_5' title="bbox 1114 243 1904 280; baseline 0.004 -11"><span class='ocrx_word' id='word_1_11' title='bbox 1114 243 1163 278; x_wconf 74' lang='grc' dir='ltr'>τὴν</span> <span class='ocrx_word' id='word_1_12' title='bbox 1176 244 1271 276; x_wconf 78' lang='grc' dir='ltr'><strong>ἀνοίας</strong></span> <span class='ocrx_word' id='word_1_13' title='bbox 1288 243 1338 280; x_wconf 75' lang='grc' dir='ltr'>μὲν</span> <span class='ocrx_word' id='word_1_14' title='bbox 1355 243 1543 280; x_wconf 76' lang='grc' dir='ltr'><strong>ἀναιρετικὴν,</strong></span> <span class='ocrx_word' id='word_1_15' title='bbox 1555 243 1608 270; x_wconf 84' lang='grc' dir='ltr'><strong>τῶν</strong></span> <span class='ocrx_word' id='word_1_16' title='bbox 1621 244 1650 270; x_wconf 79' lang='grc' dir='ltr'><strong>δὲ</strong></span> <span class='ocrx_word' id='word_1_17' title='bbox 1665 245 1693 270; x_wconf 81' lang='grc' dir='ltr'>ἐν</span> <span class='ocrx_word' id='word_1_18' title='bbox 1710 245 1770 276; x_wconf 82' lang='grc' dir='ltr'>ταῖς</span> <span class='ocrx_word' id='word_1_19' title='bbox 1784 244 1904 278; x_wconf 74' lang='grc' dir='ltr'><strong>ἐντολαῖς</strong></span> 
     </span>
    </p>
   </div>
   <div class='ocr_carea' id='block_1_6' title="bbox 268 285 1056 321">
    <p class='ocr_par' dir='ltr' id='par_1_6' title="bbox 268 285 1056 321">
     <span class='ocr_line' id='line_1_6' title="bbox 268 285 1056 321; baseline 0.001 -7"><span class='ocrx_word' id='word_1_20' title='bbox 268 293 411 315; x_wconf 86' lang='lat' dir='ltr'><strong>sermones</strong></span> <span class='ocrx_word' id='word_1_21' title='bbox 427 293 476 320; x_wconf 85' lang='lat' dir='ltr'><strong>per</strong></span> <span class='ocrx_word' id='word_1_22' title='bbox 492 285 625 321; x_wconf 83' lang='lat' dir='ltr'><strong>analysim</strong></span> <span class='ocrx_word' id='word_1_23' title='bbox 647 286 768 320; x_wconf 70' lang='lat' dir='ltr'><strong>rrsolvit,</strong></span> <span class='ocrx_word' id='word_1_24' title='bbox 787 292 814 315; x_wconf 87' lang='lat' dir='ltr'><strong>et</strong></span> <span class='ocrx_word' id='word_1_25' title='bbox 824 288 887 316; x_wconf 89' lang='lat' dir='ltr'><strong>dein</strong></span> <span class='ocrx_word' id='word_1_26' title='bbox 899 288 933 316; x_wconf 93' lang='lat' dir='ltr'><strong>ad</strong></span> <span class='ocrx_word' id='word_1_27' title='bbox 945 295 1056 316; x_wconf 82' lang='lat' dir='ltr'><strong>causam</strong></span> 
     </span>
    </p>
   </div>
   <div class='ocr_carea' id='block_1_7' title="bbox 269 332 1058 368">
    <p class='ocr_par' dir='ltr' id='par_1_7' title="bbox 269 332 1058 368">
     <span class='ocr_line' id='line_1_7' title="bbox 269 332 1058 368; baseline 0.001 -8"><span class='ocrx_word' id='word_1_28' title='bbox 269 333 388 365; x_wconf 90' lang='lat' dir='ltr'><strong>reducit,</strong></span> <span class='ocrx_word' id='word_1_29' title='bbox 405 332 548 367; x_wconf 62' lang='lat' dir='ltr'><strong>quaesieris</strong></span> <span class='ocrx_word' id='word_1_30' title='bbox 579 333 756 367; x_wconf 83' lang='lat' dir='ltr'><strong>sapientiam,</strong></span> <span class='ocrx_word' id='word_1_31' title='bbox 780 341 829 368; x_wconf 88' lang='lat' dir='ltr'><strong>per</strong></span> <span class='ocrx_word' id='word_1_32' title='bbox 861 341 957 368; x_wconf 88' lang='lat' dir='ltr'><strong>quam,</strong></span> <span class='ocrx_word' id='word_1_33' title='bbox 984 334 1058 362; x_wconf 87' lang='lat' dir='ltr'><strong>circa</strong></span> 
     </span>
    </p>
   </div>
   <div class='ocr_carea' id='block_1_8' title="bbox 269 378 1059 416">
    <p class='ocr_par' dir='ltr' id='par_1_8' title="bbox 269 378 1059 416">
     <span class='ocr_line' id='line_1_8' title="bbox 269 378 1059 416; baseline 0.005 -11"><span class='ocrx_word' id='word_1_34' title='bbox 269 386 349 407; x_wconf 75' lang='lat' dir='ltr'><strong>veros</strong></span> <span class='ocrx_word' id='word_1_35' title='bbox 365 378 392 406; x_wconf 94' lang='lat' dir='ltr'><strong>in</strong></span> <span class='ocrx_word' id='word_1_36' title='bbox 403 379 458 406; x_wconf 87' lang='lat' dir='ltr'><strong>Deo</strong></span> <span class='ocrx_word' id='word_1_37' title='bbox 480 386 623 406; x_wconf 74' lang='lat' dir='ltr'><strong>sermones</strong></span> <span class='ocrx_word' id='word_1_38' title='bbox 639 386 731 407; x_wconf 87' lang='lat' dir='ltr'><strong>rerum</strong></span> <span class='ocrx_word' id='word_1_39' title='bbox 748 380 782 407; x_wconf 90' lang='lat' dir='ltr'><strong>de</strong></span> <span class='ocrx_word' id='word_1_40' title='bbox 802 387 834 408; x_wconf 91' lang='lat' dir='ltr'><strong>eo</strong></span> <span class='ocrx_word' id='word_1_41' title='bbox 849 380 923 416; x_wconf 87' lang='lat' dir='ltr'><strong>quod</strong></span> <span class='ocrx_word' id='word_1_42' title='bbox 937 381 1001 409; x_wconf 89' lang='lat' dir='ltr'><strong>licet</strong></span> <span class='ocrx_word' id='word_1_43' title='bbox 1012 382 1059 409; x_wconf 83' lang='lat' dir='ltr'><strong>ho-</strong></span> 
     </span>
    </p>
   </div>
   <div class='ocr_carea' id='block_1_9' title="bbox 270 424 1059 462">
    <p class='ocr_par' dir='ltr' id='par_1_9' title="bbox 270 424 1059 462">
     <span class='ocr_line' id='line_1_9' title="bbox 270 424 1059 462; baseline 0.003 -10"><span class='ocrx_word' id='word_1_44' title='bbox 270 425 402 458; x_wconf 77' lang='lat' dir='ltr'><strong>minibUS,</strong></span> <span class='ocrx_word' id='word_1_45' title='bbox 434 424 537 452; x_wconf 90' lang='lat' dir='ltr'><strong>indocti</strong></span> <span class='ocrx_word' id='word_1_46' title='bbox 562 425 744 452; x_wconf 87' lang='lat' dir='ltr'><strong>instruintur:</strong></span> <span class='ocrx_word' id='word_1_47' title='bbox 769 433 792 454; x_wconf 78' lang='grc' dir='ltr'><strong>ει</strong></span> <span class='ocrx_word' id='word_1_48' title='bbox 822 426 1059 462; x_wconf 47' lang='lat' dir='ltr'><strong>prudentiaqua;</strong></span> 
     </span>
    </p>
   </div>
   <div class='ocr_carea' id='block_1_10' title="bbox 270 469 1059 505">
    <p class='ocr_par' dir='ltr' id='par_1_10' title="bbox 270 469 1059 505">
     <span class='ocr_line' id='line_1_10' title="bbox 270 469 1059 505; baseline 0.004 -9"><span class='ocrx_word' id='word_1_49' title='bbox 270 474 314 497; x_wconf 91' lang='lat' dir='ltr'><strong>est</strong></span> <span class='ocrx_word' id='word_1_50' title='bbox 343 469 469 497; x_wconf 89' lang='lat' dir='ltr'><strong>naturale</strong></span> <span class='ocrx_word' id='word_1_51' title='bbox 498 469 640 505; x_wconf 70' lang='lat' dir='ltr'><strong>sapientia:</strong></span> <span class='ocrx_word' id='word_1_52' title='bbox 670 471 843 502; x_wconf 81' lang='lat' dir='ltr'><strong>exercitium,</strong></span> <span class='ocrx_word' id='word_1_53' title='bbox 865 471 974 499; x_wconf 88' lang='lat' dir='ltr'><strong>dederis</strong></span> <span class='ocrx_word' id='word_1_54' title='bbox 992 471 1059 500; x_wconf 82' lang='lat' dir='ltr'><strong>aﬂ&#39;e-</strong></span> 
     </span>
    </p>
   </div>
   <div class='ocr_carea' id='block_1_11' title="bbox 270 516 1059 554">
    <p class='ocr_par' dir='ltr' id='par_1_11' title="bbox 270 516 1059 554">
     <span class='ocr_line' id='line_1_11' title="bbox 270 516 1059 554; baseline 0.003 -10"><span class='ocrx_word' id='word_1_55' title='bbox 270 521 345 544; x_wconf 91' lang='lat' dir='ltr'><strong>ctum</strong></span> <span class='ocrx_word' id='word_1_56' title='bbox 358 516 456 544; x_wconf 72' lang='lat' dir='ltr'><strong>anima:</strong></span> <span class='ocrx_word' id='word_1_57' title='bbox 478 524 570 552; x_wconf 85' lang='lat' dir='ltr'><strong>quem,</strong></span> <span class='ocrx_word' id='word_1_58' title='bbox 583 521 612 544; x_wconf 90' lang='lat' dir='ltr'><strong>ut</strong></span> <span class='ocrx_word' id='word_1_59' title='bbox 623 524 733 549; x_wconf 88' lang='lat' dir='ltr'><strong>vocem,</strong></span> <span class='ocrx_word' id='word_1_60' title='bbox 750 517 826 545; x_wconf 84' lang='lat' dir='ltr'><strong>audit</strong></span> <span class='ocrx_word' id='word_1_61' title='bbox 837 517 911 546; x_wconf 86' lang='lat' dir='ltr'><strong>Deus</strong></span> <span class='ocrx_word' id='word_1_62' title='bbox 923 527 930 545; x_wconf 91' lang='lat'><strong>:</strong></span> <span class='ocrx_word' id='word_1_63' title='bbox 944 517 1059 554; x_wconf 84' lang='lat' dir='ltr'><strong>spiritus</strong></span> 
     </span>
    </p>
   </div>
   <div class='ocr_carea' id='block_1_12' title="bbox 270 563 1060 599">
    <p class='ocr_par' dir='ltr' id='par_1_12' title="bbox 270 563 1060 599">
     <span class='ocr_line' id='line_1_12' title="bbox 270 563 1060 599; baseline 0 -8"><span class='ocrx_word' id='word_1_64' title='bbox 270 563 333 591; x_wconf 78' lang='lat' dir='ltr'><strong>forti</strong></span> <span class='ocrx_word' id='word_1_65' title='bbox 358 563 542 598; x_wconf 79' lang='lat' dir='ltr'><strong>applicatione</strong></span> <span class='ocrx_word' id='word_1_66' title='bbox 565 563 709 599; x_wconf 76' lang='lat' dir='ltr'><strong>acquirere</strong></span> <span class='ocrx_word' id='word_1_67' title='bbox 739 563 887 592; x_wconf 81' lang='lat' dir='ltr'><strong>festinabis</strong></span> <span class='ocrx_word' id='word_1_68' title='bbox 913 563 1060 591; x_wconf 86' lang='lat' dir='ltr'><strong>discretio-</strong></span> 
     </span>
    </p>
   </div>
   <div class='ocr_carea' id='block_1_13' title="bbox 271 609 1060 646">
    <p class='ocr_par' dir='ltr' id='par_1_13' title="bbox 271 609 1060 646">
     <span class='ocr_line' id='line_1_13' title="bbox 271 609 1060 646; baseline -0.003 -8"><span class='ocrx_word' id='word_1_69' title='bbox 271 618 344 642; x_wconf 88' lang='lat' dir='ltr'><strong>nem,</strong></span> <span class='ocrx_word' id='word_1_70' title='bbox 363 618 410 646; x_wconf 90' lang='lat' dir='ltr'><strong>pcr</strong></span> <span class='ocrx_word' id='word_1_71' title='bbox 427 617 522 644; x_wconf 88' lang='lat' dir='ltr'><strong>quam,</strong></span> <span class='ocrx_word' id='word_1_72' title='bbox 540 616 602 636; x_wconf 91' lang='lat' dir='ltr'><strong>cum</strong></span> <span class='ocrx_word' id='word_1_73' title='bbox 613 609 732 644; x_wconf 91' lang='lat' dir='ltr'><strong>judicio,</strong></span> <span class='ocrx_word' id='word_1_74' title='bbox 754 609 800 637; x_wconf 83' lang='lat' dir='ltr'><strong>Dei</strong></span> <span class='ocrx_word' id='word_1_75' title='bbox 811 609 941 636; x_wconf 89' lang='lat' dir='ltr'><strong>mandata</strong></span> <span class='ocrx_word' id='word_1_76' title='bbox 962 616 1060 644; x_wconf 88' lang='lat' dir='ltr'><strong>opera-</strong></span> 
     </span>
    </p>
   </div>
   <div class='ocr_carea' id='block_1_14' title="bbox 271 654 1057 688">
    <p class='ocr_par' dir='ltr' id='par_1_14' title="bbox 271 654 1057 688">
     <span class='ocr_line' id='line_1_14' title="bbox 271 654 1057 688; baseline -0.001 -6"><span class='ocrx_word' id='word_1_77' title='bbox 271 663 344 688; x_wconf 86' lang='lat' dir='ltr'><strong>mus,</strong></span> <span class='ocrx_word' id='word_1_78' title='bbox 358 658 385 682; x_wconf 84' lang='lat' dir='ltr'><strong>et</strong></span> <span class='ocrx_word' id='word_1_79' title='bbox 409 654 510 681; x_wconf 82' lang='lat' dir='ltr'><strong>malum</strong></span> <span class='ocrx_word' id='word_1_80' title='bbox 540 662 557 682; x_wconf 89' lang='lat' dir='ltr'><strong>a</strong></span> <span class='ocrx_word' id='word_1_81' title='bbox 584 655 667 686; x_wconf 90' lang='lat' dir='ltr'><strong>bono,</strong></span> <span class='ocrx_word' id='word_1_82' title='bbox 685 659 715 681; x_wconf 91' lang='lat' dir='ltr'><strong>ut</strong></span> <span class='ocrx_word' id='word_1_83' title='bbox 743 658 850 682; x_wconf 80' lang='lat' dir='ltr'><strong>rectum</strong></span> <span class='ocrx_word' id='word_1_84' title='bbox 865 661 881 682; x_wconf 84' lang='lat' dir='ltr'><strong>a</strong></span> <span class='ocrx_word' id='word_1_85' title='bbox 893 661 946 681; x_wconf 87' lang='lat' dir='ltr'><strong>non</strong></span> <span class='ocrx_word' id='word_1_86' title='bbox 964 658 1057 682; x_wconf 86' lang='lat' dir='ltr'><strong>recto:</strong></span> 
     </span>
    </p>
   </div>
   <div class='ocr_carea' id='block_1_15' title="bbox 271 699 1058 735">
    <p class='ocr_par' dir='ltr' id='par_1_15' title="bbox 271 699 1058 735">
     <span class='ocr_line' id='line_1_15' title="bbox 271 699 1058 735; baseline -0.001 -8"><span class='ocrx_word' id='word_1_87' title='bbox 271 699 345 735; x_wconf 91' lang='lat' dir='ltr'><strong>quod</strong></span> <span class='ocrx_word' id='word_1_88' title='bbox 358 700 437 728; x_wconf 90' lang='lat' dir='ltr'><strong>decet</strong></span> <span class='ocrx_word' id='word_1_89' title='bbox 466 707 582 728; x_wconf 88' lang='lat' dir='ltr'><strong>noscere</strong></span> <span class='ocrx_word' id='word_1_90' title='bbox 610 699 646 727; x_wconf 92' lang='lat' dir='ltr'><strong>ab</strong></span> <span class='ocrx_word' id='word_1_91' title='bbox 656 707 689 727; x_wconf 88' lang='lat' dir='ltr'><strong>eo</strong></span> <span class='ocrx_word' id='word_1_92' title='bbox 714 699 787 734; x_wconf 92' lang='lat' dir='ltr'><strong>quod</strong></span> <span class='ocrx_word' id='word_1_93' title='bbox 805 706 859 727; x_wconf 91' lang='lat' dir='ltr'><strong>non</strong></span> <span class='ocrx_word' id='word_1_94' title='bbox 876 699 970 728; x_wconf 85' lang='lat' dir='ltr'><strong>decet:</strong></span> <span class='ocrx_word' id='word_1_95' title='bbox 985 700 1058 735; x_wconf 89' lang='lat' dir='ltr'><strong>quod</strong></span> 
     </span>
    </p>
   </div>
   <div class='ocr_carea' id='block_1_16' title="bbox 272 744 1060 780">
    <p class='ocr_par' dir='ltr' id='par_1_16' title="bbox 272 744 1060 780">
     <span class='ocr_line' id='line_1_16' title="bbox 272 744 1060 780; baseline 0.001 -8"><span class='ocrx_word' id='word_1_96' title='bbox 272 746 339 774; x_wconf 88' lang='lat' dir='ltr'><strong>libet</strong></span> <span class='ocrx_word' id='word_1_97' title='bbox 363 745 417 773; x_wconf 90' lang='lat' dir='ltr'><strong>dici</strong></span> <span class='ocrx_word' id='word_1_98' title='bbox 447 745 483 773; x_wconf 93' lang='lat' dir='ltr'><strong>ab</strong></span> <span class='ocrx_word' id='word_1_99' title='bbox 493 752 525 773; x_wconf 86' lang='lat' dir='ltr'><strong>eo</strong></span> <span class='ocrx_word' id='word_1_100' title='bbox 554 744 629 780; x_wconf 90' lang='lat' dir='ltr'><strong>quod</strong></span> <span class='ocrx_word' id='word_1_101' title='bbox 654 753 710 773; x_wconf 90' lang='lat' dir='ltr'><strong>non</strong></span> <span class='ocrx_word' id='word_1_102' title='bbox 738 745 805 773; x_wconf 85' lang='lat' dir='ltr'><strong>libet</strong></span> <span class='ocrx_word' id='word_1_103' title='bbox 823 754 830 772; x_wconf 91' lang='lat'>:</span> <span class='ocrx_word' id='word_1_104' title='bbox 847 745 919 779; x_wconf 92' lang='lat' dir='ltr'><strong>quod</strong></span> <span class='ocrx_word' id='word_1_105' title='bbox 933 745 1060 780; x_wconf 84' lang='lat' dir='ltr'><strong>amplecti</strong></span> 
     </span>
    </p>
   </div>
   <div class='ocr_carea' id='block_1_17' title="bbox 272 790 1062 826">
    <p class='ocr_par' dir='ltr' id='par_1_17' title="bbox 272 790 1062 826">
     <span class='ocr_line' id='line_1_17' title="bbox 272 790 1062 826; baseline 0.001 -8"><span class='ocrx_word' id='word_1_106' title='bbox 272 795 392 826; x_wconf 84' lang='lat' dir='ltr'><strong>oportet,</strong></span> <span class='ocrx_word' id='word_1_107' title='bbox 405 791 440 818; x_wconf 89' lang='lat' dir='ltr'><strong>ab</strong></span> <span class='ocrx_word' id='word_1_108' title='bbox 464 798 497 818; x_wconf 89' lang='lat' dir='ltr'><strong>eo</strong></span> <span class='ocrx_word' id='word_1_109' title='bbox 525 791 600 826; x_wconf 89' lang='lat' dir='ltr'><strong>quod</strong></span> <span class='ocrx_word' id='word_1_110' title='bbox 618 797 673 818; x_wconf 91' lang='lat' dir='ltr'><strong>non</strong></span> <span class='ocrx_word' id='word_1_111' title='bbox 698 795 823 826; x_wconf 84' lang='lat' dir='ltr'><strong>oportet:</strong></span> <span class='ocrx_word' id='word_1_112' title='bbox 839 790 1017 826; x_wconf 88' lang='lat' dir='ltr'><strong>corruptibile</strong></span> <span class='ocrx_word' id='word_1_113' title='bbox 1026 790 1062 819; x_wconf 81' lang='lat' dir='ltr'><strong>ab</strong></span> 
     </span>
    </p>
   </div>
   <div class='ocr_carea' id='block_1_18' title="bbox 273 835 673 872">
    <p class='ocr_par' dir='ltr' id='par_1_18' title="bbox 273 835 673 872">
     <span class='ocr_line' id='line_1_18' title="bbox 273 835 673 872; baseline 0 -9"><span class='ocrx_word' id='word_1_114' title='bbox 273 835 477 872; x_wconf 84' lang='lat' dir='ltr'><strong>incorruptibili</strong></span> <span class='ocrx_word' id='word_1_115' title='bbox 491 835 673 864; x_wconf 85' lang='lat' dir='ltr'><strong>secernimus.</strong></span> 
     </span>
    </p>
   </div>
   <div class='ocr_carea' id='block_1_19' title="bbox 1111 290 1903 325">
    <p class='ocr_par' dir='ltr' id='par_1_19' title="bbox 1111 290 1903 325">
     <span class='ocr_line' id='line_1_19' title="bbox 1111 290 1903 325; baseline 0.005 -10"><span class='ocrx_word' id='word_1_116' title='bbox 1111 290 1381 325; x_wconf 84' lang='grc' dir='ltr'>πνευματικωτέρων</span> <span class='ocrx_word' id='word_1_117' title='bbox 1395 290 1483 324; x_wconf 83' lang='grc' dir='ltr'>λόγων</span> <span class='ocrx_word' id='word_1_118' title='bbox 1500 290 1690 324; x_wconf 76' lang='grc' dir='ltr'>ἁναληπτικήν</span> <span class='ocrx_word' id='word_1_119' title='bbox 1705 299 1734 316; x_wconf 86' lang='grc' dir='ltr'><strong>τε</strong></span> <span class='ocrx_word' id='word_1_120' title='bbox 1749 291 1797 317; x_wconf 71' lang='grc' dir='ltr'>καὶ</span> <span class='ocrx_word' id='word_1_121' title='bbox 1811 292 1903 319; x_wconf 79' lang='grc' dir='ltr'>ἑνωτι-</span> 
     </span>
    </p>
   </div>
   <div class='ocr_carea' id='block_1_20' title="bbox 1109 336 1903 372">
    <p class='ocr_par' dir='ltr' id='par_1_20' title="bbox 1109 336 1903 372">
     <span class='ocr_line' id='line_1_20' title="bbox 1109 336 1903 372; baseline 0.004 -10"><span class='ocrx_word' id='word_1_122' title='bbox 1109 336 1160 370; x_wconf 76' lang='grc' dir='ltr'>κὴν</span> <span class='ocrx_word' id='word_1_123' title='bbox 1175 336 1243 371; x_wconf 77' lang='grc' dir='ltr'>πρὸς</span> <span class='ocrx_word' id='word_1_124' title='bbox 1265 336 1314 371; x_wconf 78' lang='grc' dir='ltr'>τὴν</span> <span class='ocrx_word' id='word_1_125' title='bbox 1328 336 1417 363; x_wconf 76' lang='grc' dir='ltr'>αἰτίαν</span> <span class='ocrx_word' id='word_1_126' title='bbox 1435 336 1542 370; x_wconf 78' lang='grc' dir='ltr'><strong>σοφίαν,</strong></span> <span class='ocrx_word' id='word_1_127' title='bbox 1558 336 1619 362; x_wconf 78' lang='grc' dir='ltr'>καθ’</span> <span class='ocrx_word' id='word_1_128' title='bbox 1631 338 1663 372; x_wconf 77' lang='grc' dir='ltr'>ἣν</span> <span class='ocrx_word' id='word_1_129' title='bbox 1679 337 1826 370; x_wconf 83' lang='grc' dir='ltr'>ἀγνώστως</span> <span class='ocrx_word' id='word_1_130' title='bbox 1841 339 1903 370; x_wconf 77' lang='grc' dir='ltr'>τοὺς</span> 
     </span>
    </p>
   </div>
   <div class='ocr_carea' id='block_1_21' title="bbox 1109 381 1902 418">
    <p class='ocr_par' dir='ltr' id='par_1_21' title="bbox 1109 381 1902 418">
     <span class='ocr_line' id='line_1_21' title="bbox 1109 381 1902 418; baseline 0.004 -10"><span class='ocrx_word' id='word_1_131' title='bbox 1109 382 1137 409; x_wconf 82' lang='grc' dir='ltr'>ὲν</span> <span class='ocrx_word' id='word_1_132' title='bbox 1153 381 1213 417; x_wconf 85' lang='grc' dir='ltr'><strong>Θεῷ</strong></span> <span class='ocrx_word' id='word_1_133' title='bbox 1233 382 1336 413; x_wconf 82' lang='grc' dir='ltr'>ἁπλοῦς</span> <span class='ocrx_word' id='word_1_134' title='bbox 1351 382 1405 409; x_wconf 86' lang='grc' dir='ltr'><strong>τῶν</strong></span> <span class='ocrx_word' id='word_1_135' title='bbox 1419 383 1504 409; x_wconf 73' lang='grc' dir='ltr'>ὄντων</span> <span class='ocrx_word' id='word_1_136' title='bbox 1517 383 1614 417; x_wconf 78' lang='grc' dir='ltr'>λόγους</span> <span class='ocrx_word' id='word_1_137' title='bbox 1640 383 1712 409; x_wconf 75' lang='grc' dir='ltr'>κατὰ</span> <span class='ocrx_word' id='word_1_138' title='bbox 1739 384 1769 409; x_wconf 80' lang='grc' dir='ltr'>τὸ</span> <span class='ocrx_word' id='word_1_139' title='bbox 1794 384 1902 418; x_wconf 72' lang='grc' dir='ltr'>θεμιτὸν</span> 
     </span>
    </p>
   </div>
   <div class='ocr_carea' id='block_1_22' title="bbox 1110 427 1903 464">
    <p class='ocr_par' dir='ltr' id='par_1_22' title="bbox 1110 427 1903 464">
     <span class='ocr_line' id='line_1_22' title="bbox 1110 427 1903 464; baseline 0.005 -12"><span class='ocrx_word' id='word_1_140' title='bbox 1110 427 1274 462; x_wconf 82' lang='grc' dir='ltr'>ἀνθρώποις,</span> <span class='ocrx_word' id='word_1_141' title='bbox 1288 427 1446 462; x_wconf 84' lang='grc' dir='ltr'>μυούμεθα·</span> <span class='ocrx_word' id='word_1_142' title='bbox 1461 429 1509 455; x_wconf 77' lang='grc' dir='ltr'>καὶ</span> <span class='ocrx_word' id='word_1_143' title='bbox 1523 429 1555 463; x_wconf 86' lang='grc' dir='ltr'><strong>τῇ</strong></span> <span class='ocrx_word' id='word_1_144' title='bbox 1570 428 1687 461; x_wconf 76' lang='grc' dir='ltr'><strong>συνέσει,</strong></span> <span class='ocrx_word' id='word_1_145' title='bbox 1697 429 1715 463; x_wconf 86' lang='grc' dir='ltr'><strong>ἧ</strong></span> <span class='ocrx_word' id='word_1_146' title='bbox 1732 430 1791 456; x_wconf 76' lang='grc' dir='ltr'>ἐστι</span> <span class='ocrx_word' id='word_1_147' title='bbox 1808 430 1903 464; x_wconf 59' lang='grc' dir='ltr'>σοφίας</span> 
     </span>
    </p>
   </div>
   <div class='ocr_carea' id='block_1_23' title="bbox 1110 471 1903 510">
    <p class='ocr_par' dir='ltr' id='par_1_23' title="bbox 1110 471 1903 510">
     <span class='ocr_line' id='line_1_23' title="bbox 1110 471 1903 510; baseline 0.005 -13"><span class='ocrx_word' id='word_1_148' title='bbox 1110 471 1264 502; x_wconf 68' lang='grc' dir='ltr'><strong>ἐνδιάθετος</strong></span> <span class='ocrx_word' id='word_1_149' title='bbox 1280 471 1378 507; x_wconf 81' lang='grc' dir='ltr'><strong>μελέτη</strong></span> <span class='ocrx_word' id='word_1_150' title='bbox 1390 492 1398 504; x_wconf 91' lang='lat'><strong>,</strong></span> <span class='ocrx_word' id='word_1_151' title='bbox 1417 472 1504 508; x_wconf 81' lang='grc' dir='ltr'>αὐτὴν</span> <span class='ocrx_word' id='word_1_152' title='bbox 1519 473 1664 509; x_wconf 79' lang='grc' dir='ltr'><strong>παράσχῃς</strong></span> <span class='ocrx_word' id='word_1_153' title='bbox 1679 474 1728 509; x_wconf 87' lang='grc' dir='ltr'>τὴν</span> <span class='ocrx_word' id='word_1_154' title='bbox 1752 475 1801 509; x_wconf 81' lang='grc' dir='ltr'>τῆς</span> <span class='ocrx_word' id='word_1_155' title='bbox 1815 474 1903 510; x_wconf 66' lang='grc' dir='ltr'>ψυχῆς</span> 
     </span>
    </p>
   </div>
   <div class='ocr_carea' id='block_1_24' title="bbox 1111 514 1903 555">
    <p class='ocr_par' dir='ltr' id='par_1_24' title="bbox 1111 514 1903 555">
     <span class='ocr_line' id='line_1_24' title="bbox 1111 514 1903 555; baseline 0.006 -13"><span class='ocrx_word' id='word_1_156' title='bbox 1111 525 1157 543; x_wconf 87' lang='grc' dir='ltr'><strong>σου</strong></span> <span class='ocrx_word' id='word_1_157' title='bbox 1171 517 1301 549; x_wconf 85' lang='grc' dir='ltr'>διάθεσιν,</span> <span class='ocrx_word' id='word_1_158' title='bbox 1315 514 1348 552; x_wconf 85' lang='grc' dir='ltr'>ἦς</span> <span class='ocrx_word' id='word_1_159' title='bbox 1363 515 1408 545; x_wconf 82' lang='grc' dir='ltr'>οἷα</span> <span class='ocrx_word' id='word_1_160' title='bbox 1425 519 1516 554; x_wconf 78' lang='grc' dir='ltr'>φωνῆς</span> <span class='ocrx_word' id='word_1_161' title='bbox 1531 519 1625 546; x_wconf 82' lang='grc' dir='ltr'>ἀκούει</span> <span class='ocrx_word' id='word_1_162' title='bbox 1640 519 1706 551; x_wconf 83' lang='grc' dir='ltr'>Θεός</span> <span class='ocrx_word' id='word_1_163' title='bbox 1719 528 1725 535; x_wconf 94' lang='grc'>·</span> <span class='ocrx_word' id='word_1_164' title='bbox 1741 520 1792 555; x_wconf 80' lang='grc' dir='ltr'>τὴν</span> <span class='ocrx_word' id='word_1_165' title='bbox 1803 520 1831 546; x_wconf 82' lang='grc' dir='ltr'><strong>δὲ</strong></span> <span class='ocrx_word' id='word_1_166' title='bbox 1843 520 1903 548; x_wconf 58' lang='grc' dir='ltr'>διά--</span> 
     </span>
    </p>
   </div>
   <div class='ocr_carea' id='block_1_25' title="bbox 1109 563 1904 599">
    <p class='ocr_par' dir='ltr' id='par_1_25' title="bbox 1109 563 1904 599">
     <span class='ocr_line' id='line_1_25' title="bbox 1109 563 1904 599; baseline 0.004 -11"><span class='ocrx_word' id='word_1_167' title='bbox 1109 570 1210 598; x_wconf 87' lang='grc' dir='ltr'>κρισιν,</span> <span class='ocrx_word' id='word_1_168' title='bbox 1228 563 1290 589; x_wconf 86' lang='grc' dir='ltr'>καθ’</span> <span class='ocrx_word' id='word_1_169' title='bbox 1302 563 1336 598; x_wconf 82' lang='grc' dir='ltr'>ἢν</span> <span class='ocrx_word' id='word_1_170' title='bbox 1352 563 1400 589; x_wconf 79' lang='grc' dir='ltr'><strong>σὺν</strong></span> <span class='ocrx_word' id='word_1_171' title='bbox 1423 563 1495 598; x_wconf 87' lang='grc' dir='ltr'>λόγῳ</span> <span class='ocrx_word' id='word_1_172' title='bbox 1521 563 1571 595; x_wconf 83' lang='grc' dir='ltr'><strong>τὰς</strong></span> <span class='ocrx_word' id='word_1_173' title='bbox 1594 563 1670 595; x_wconf 80' lang='grc' dir='ltr'>Θείας</span> <span class='ocrx_word' id='word_1_174' title='bbox 1692 565 1847 599; x_wconf 73' lang='grc' dir='ltr'>πράττομεν</span> <span class='ocrx_word' id='word_1_175' title='bbox 1861 565 1904 591; x_wconf 81' lang='grc' dir='ltr'><strong>ἐν-</strong></span> 
     </span>
    </p>
   </div>
   <div class='ocr_carea' id='block_1_26' title="bbox 1109 607 1904 646">
    <p class='ocr_par' dir='ltr' id='par_1_26' title="bbox 1109 607 1904 646">
     <span class='ocr_line' id='line_1_26' title="bbox 1109 607 1904 646; baseline 0.003 -12"><span class='ocrx_word' id='word_1_176' title='bbox 1109 607 1200 641; x_wconf 83' lang='grc' dir='ltr'>τολὰς,</span> <span class='ocrx_word' id='word_1_177' title='bbox 1216 609 1263 635; x_wconf 81' lang='grc' dir='ltr'>καὶ</span> <span class='ocrx_word' id='word_1_178' title='bbox 1276 608 1324 635; x_wconf 83' lang='grc' dir='ltr'>τοῦ</span> <span class='ocrx_word' id='word_1_179' title='bbox 1347 608 1450 642; x_wconf 79' lang='grc' dir='ltr'><strong>ἀγαθοῦ</strong></span> <span class='ocrx_word' id='word_1_180' title='bbox 1467 609 1636 641; x_wconf 81' lang='grc' dir='ltr'>πενταδικῶς</span> <span class='ocrx_word' id='word_1_181' title='bbox 1650 609 1680 636; x_wconf 75' lang='grc' dir='ltr'><strong>τὸ</strong></span> <span class='ocrx_word' id='word_1_182' title='bbox 1702 610 1785 636; x_wconf 68' lang='grc' dir='ltr'>κακὸν</span> <span class='ocrx_word' id='word_1_183' title='bbox 1799 610 1904 646; x_wconf 78' lang='grc' dir='ltr'>διακρί-</span> 
     </span>
    </p>
   </div>
   <div class='ocr_carea' id='block_1_27' title="bbox 1109 653 1903 689">
    <p class='ocr_par' dir='ltr' id='par_1_27' title="bbox 1109 653 1903 689">
     <span class='ocr_line' id='line_1_27' title="bbox 1109 653 1903 689; baseline 0.003 -10"><span class='ocrx_word' id='word_1_184' title='bbox 1109 661 1201 688; x_wconf 86' lang='grc' dir='ltr'>νομεν,</span> <span class='ocrx_word' id='word_1_185' title='bbox 1217 653 1255 684; x_wconf 87' lang='grc' dir='ltr'>ὡς</span> <span class='ocrx_word' id='word_1_186' title='bbox 1270 653 1323 680; x_wconf 78' lang='grc' dir='ltr'><strong>ἀπὸ</strong></span> <span class='ocrx_word' id='word_1_187' title='bbox 1340 654 1377 688; x_wconf 84' lang='grc' dir='ltr'>μὴ</span> <span class='ocrx_word' id='word_1_188' title='bbox 1392 653 1532 688; x_wconf 82' lang='grc' dir='ltr'>ὴργμένου</span> <span class='ocrx_word' id='word_1_189' title='bbox 1548 654 1685 689; x_wconf 75' lang='grc' dir='ltr'>ἠργμένον</span> <span class='ocrx_word' id='word_1_190' title='bbox 1696 662 1703 669; x_wconf 95' lang='grc'><strong>·</strong></span> <span class='ocrx_word' id='word_1_191' title='bbox 1722 655 1769 681; x_wconf 71' lang='grc' dir='ltr'>καὶ</span> <span class='ocrx_word' id='word_1_192' title='bbox 1784 655 1903 688; x_wconf 62' lang='grc' dir='ltr'>ὀψείλον-</span> 
     </span>
    </p>
   </div>
   <div class='ocr_carea' id='block_1_28' title="bbox 1110 698 1902 734">
    <p class='ocr_par' dir='ltr' id='par_1_28' title="bbox 1110 698 1902 734">
     <span class='ocr_line' id='line_1_28' title="bbox 1110 698 1902 734; baseline 0.001 -9"><span class='ocrx_word' id='word_1_193' title='bbox 1110 707 1156 730; x_wconf 84' lang='grc' dir='ltr'><strong>τος</strong></span> <span class='ocrx_word' id='word_1_194' title='bbox 1178 698 1307 730; x_wconf 80' lang='grc' dir='ltr'><strong>νοεῖσθαι,</strong></span> <span class='ocrx_word' id='word_1_195' title='bbox 1326 699 1363 734; x_wconf 83' lang='grc' dir='ltr'>μὴ</span> <span class='ocrx_word' id='word_1_196' title='bbox 1389 699 1495 733; x_wconf 68' lang='grc' dir='ltr'>ὀφεῖλον</span> <span class='ocrx_word' id='word_1_197' title='bbox 1519 699 1657 726; x_wconf 74' lang='grc' dir='ltr'>νοεῖσθαι·</span> <span class='ocrx_word' id='word_1_198' title='bbox 1676 700 1723 726; x_wconf 73' lang='grc' dir='ltr'>καὶ</span> <span class='ocrx_word' id='word_1_199' title='bbox 1749 700 1902 734; x_wconf 71' lang='grc' dir='ltr'>ὁςρείλοντος</span> 
     </span>
    </p>
   </div>
   <div class='ocr_carea' id='block_1_29' title="bbox 1110 744 1903 780">
    <p class='ocr_par' dir='ltr' id='par_1_29' title="bbox 1110 744 1903 780">
     <span class='ocr_line' id='line_1_29' title="bbox 1110 744 1903 780; baseline 0.004 -10"><span class='ocrx_word' id='word_1_200' title='bbox 1110 744 1266 778; x_wconf 81' lang='grc' dir='ltr'>λαλεῖσθαι,</span> <span class='ocrx_word' id='word_1_201' title='bbox 1284 745 1321 780; x_wconf 83' lang='grc' dir='ltr'>μὴ</span> <span class='ocrx_word' id='word_1_202' title='bbox 1340 744 1447 779; x_wconf 73' lang='grc' dir='ltr'>ὀφεῖλον</span> <span class='ocrx_word' id='word_1_203' title='bbox 1461 745 1600 772; x_wconf 76' lang='grc' dir='ltr'><strong>λαλεῖσθαι</strong></span> <span class='ocrx_word' id='word_1_204' title='bbox 1610 754 1616 761; x_wconf 90' lang='grc'>·</span> <span class='ocrx_word' id='word_1_205' title='bbox 1634 746 1681 772; x_wconf 83' lang='lat' dir='ltr'><strong>xal</strong></span> <span class='ocrx_word' id='word_1_206' title='bbox 1693 745 1846 780; x_wconf 68' lang='grc' dir='ltr'>ὀφείλοντος</span> <span class='ocrx_word' id='word_1_207' title='bbox 1861 746 1903 780; x_wconf 82' lang='grc' dir='ltr'>γί-</span> 
     </span>
    </p>
   </div>
   <div class='ocr_carea' id='block_1_30' title="bbox 1111 791 1901 827">
    <p class='ocr_par' dir='ltr' id='par_1_30' title="bbox 1111 791 1901 827">
     <span class='ocr_line' id='line_1_30' title="bbox 1111 791 1901 827; baseline 0 -9"><span class='ocrx_word' id='word_1_208' title='bbox 1111 791 1216 823; x_wconf 85' lang='grc' dir='ltr'>νεσθαι,</span> <span class='ocrx_word' id='word_1_209' title='bbox 1229 792 1266 827; x_wconf 76' lang='grc' dir='ltr'>μὴ</span> <span class='ocrx_word' id='word_1_210' title='bbox 1279 792 1386 826; x_wconf 57' lang='grc' dir='ltr'><strong>ὀξεῖ).ον</strong></span> <span class='ocrx_word' id='word_1_211' title='bbox 1399 791 1523 825; x_wconf 79' lang='grc' dir='ltr'>γίνεσθαι</span> <span class='ocrx_word' id='word_1_212' title='bbox 1533 799 1540 807; x_wconf 79' lang='grc'><strong><em>⁸</em></strong></span> <span class='ocrx_word' id='word_1_213' title='bbox 1558 791 1606 818; x_wconf 69' lang='grc' dir='ltr'>καὶ</span> <span class='ocrx_word' id='word_1_214' title='bbox 1619 791 1760 827; x_wconf 81' lang='grc' dir='ltr'><strong>ἀφθάρτου</strong></span> <span class='ocrx_word' id='word_1_215' title='bbox 1773 791 1901 826; x_wconf 76' lang='grc' dir='ltr'>φθαρτὸν.</span> 
     </span>
    </p>
   </div>
   <div class='ocr_carea' id='block_1_31' title="bbox 1111 838 1902 874">
    <p class='ocr_par' dir='ltr' id='par_1_31' title="bbox 1111 838 1902 874">
     <span class='ocr_line' id='line_1_31' title="bbox 1111 838 1902 874; baseline 0.001 -10"><span class='ocrx_word' id='word_1_216' title='bbox 1111 839 1314 874; x_wconf 73' lang='grc' dir='ltr'><strong>ἐπικτήσασθαι</strong></span> <span class='ocrx_word' id='word_1_217' title='bbox 1346 839 1476 870; x_wconf 77' lang='grc' dir='ltr'><strong>σπεύσεις</strong></span> <span class='ocrx_word' id='word_1_218' title='bbox 1499 838 1590 874; x_wconf 78' lang='grc' dir='ltr'>ψυχῆς</span> <span class='ocrx_word' id='word_1_219' title='bbox 1615 838 1693 870; x_wconf 72' lang='grc' dir='ltr'>αὖθις</span> <span class='ocrx_word' id='word_1_220' title='bbox 1719 839 1902 874; x_wconf 80' lang='grc' dir='ltr'>ἐπιτεταμένῃ</span> 
     </span>
    </p>
   </div>
   <div class='ocr_carea' id='block_1_32' title="bbox 1112 884 1241 912">
    <p class='ocr_par' dir='ltr' id='par_1_32' title="bbox 1112 884 1241 912">
     <span class='ocr_line' id='line_1_32' title="bbox 1112 884 1241 912; baseline 0.016 -2"><span class='ocrx_word' id='word_1_221' title='bbox 1112 884 1241 912; x_wconf 78' lang='grc' dir='ltr'>διαθέσει.</span> 
     </span>
    </p>
   </div>
   <div class='ocr_carea' id='block_1_33' title="bbox 306 925 1060 970">
    <p class='ocr_par' dir='ltr' id='par_1_33' title="bbox 306 934 1060 970">
     <span class='ocr_line' id='line_1_33' title="bbox 306 934 1060 970; baseline -0.003 -8"><span class='ocrx_word' id='word_1_222' title='bbox 306 934 390 962; x_wconf 72' lang='lat' dir='ltr'><strong>Vens.</strong></span> <span class='ocrx_word' id='word_1_223' title='bbox 403 935 431 962; x_wconf 77' lang='grc' dir='ltr'>ι.</span> <span class='ocrx_word' id='word_1_224' title='bbox 449 934 478 962; x_wconf 86' lang='lat' dir='ltr'><strong>Si</strong></span> <span class='ocrx_word' id='word_1_225' title='bbox 495 934 698 970; x_wconf 65' lang='lat' dir='ltr'><strong>quasieriseam</strong></span> <span class='ocrx_word' id='word_1_226' title='bbox 709 935 787 970; x_wconf 83' lang='lat' dir='ltr'><strong>quasi</strong></span> <span class='ocrx_word' id='word_1_227' title='bbox 796 935 979 970; x_wconf 80' lang='lat' dir='ltr'><strong>pecuniam_et</strong></span> <span class='ocrx_word' id='word_1_228' title='bbox 992 934 1060 961; x_wconf 79' lang='lat' dir='ltr'><strong>sicut</strong></span> 
     </span>
    </p>
   </div>
   <div class='ocr_carea' id='block_1_34' title="bbox 1111 925 1904 970">
    <p class='ocr_par' dir='ltr' id='par_1_34' title="bbox 1147 929 1904 965">
     <span class='ocr_line' id='line_1_34' title="bbox 1147 929 1904 965; baseline 0 -9"><span class='ocrx_word' id='word_1_229' title='bbox 1147 930 1179 957; x_wconf 85' lang='grc' dir='ltr'><strong>δ’.</strong></span> <span class='ocrx_word' id='word_1_230' title='bbox 1200 929 1254 957; x_wconf 81' lang='lat' dir='ltr'><strong>Kal</strong></span> <span class='ocrx_word' id='word_1_231' title='bbox 1275 929 1330 957; x_wconf 83' lang='grc' dir='ltr'><strong>ἐὰν</strong></span> <span class='ocrx_word' id='word_1_232' title='bbox 1350 929 1480 964; x_wconf 76' lang='grc' dir='ltr'>ζητήσῃς</span> <span class='ocrx_word' id='word_1_233' title='bbox 1500 929 1599 963; x_wconf 79' lang='grc' dir='ltr'>αὐτὴν</span> <span class='ocrx_word' id='word_1_234' title='bbox 1620 930 1661 963; x_wconf 85' lang='grc' dir='ltr'>ὠς</span> <span class='ocrx_word' id='word_1_235' title='bbox 1681 929 1832 965; x_wconf 76' lang='grc' dir='ltr'>ἀργύριον,</span> <span class='ocrx_word' id='word_1_236' title='bbox 1854 929 1904 956; x_wconf 71' lang='grc' dir='ltr'>καὶ</span> 
     </span>
    </p>
   </div>
   <div class='ocr_carea' id='block_1_35' title="bbox 273 980 1060 1016">
    <p class='ocr_par' dir='ltr' id='par_1_35' title="bbox 273 980 1060 1016">
     <span class='ocr_line' id='line_1_35' title="bbox 273 980 1060 1016; baseline 0 -8"><span class='ocrx_word' id='word_1_237' title='bbox 273 981 411 1008; x_wconf 72' lang='lat' dir='ltr'><strong>thesauros</strong></span> <span class='ocrx_word' id='word_1_238' title='bbox 435 981 559 1016; x_wconf 70' lang='lat' dir='ltr'><strong>effoderis</strong></span> <span class='ocrx_word' id='word_1_239' title='bbox 585 990 655 1010; x_wconf 79' lang='lat' dir='ltr'><strong>eam.</strong></span> <span class='ocrx_word' id='word_1_240' title='bbox 681 981 710 1009; x_wconf 90' lang='lat' dir='ltr'><strong>Si</strong></span> <span class='ocrx_word' id='word_1_241' title='bbox 732 989 798 1009; x_wconf 77' lang='lat' dir='ltr'><strong>vero</strong></span> <span class='ocrx_word' id='word_1_242' title='bbox 822 981 850 1009; x_wconf 90' lang='lat' dir='ltr'><strong>in</strong></span> <span class='ocrx_word' id='word_1_243' title='bbox 877 980 1060 1016; x_wconf 74' lang='lat' dir='ltr'><strong>praxi,hujus</strong></span> 
     </span>
    </p>
   </div>
   <div class='ocr_carea' id='block_1_36' title="bbox 272 1026 1060 1062">
    <p class='ocr_par' dir='ltr' id='par_1_36' title="bbox 272 1026 1060 1062">
     <span class='ocr_line' id='line_1_36' title="bbox 272 1026 1060 1062; baseline -0.001 -9"><span class='ocrx_word' id='word_1_244' title='bbox 272 1026 451 1054; x_wconf 83' lang='lat' dir='ltr'><strong>discretionis</strong></span> <span class='ocrx_word' id='word_1_245' title='bbox 467 1027 617 1062; x_wconf 84' lang='lat' dir='ltr'><strong>puritatem</strong></span> <span class='ocrx_word' id='word_1_246' title='bbox 630 1032 657 1055; x_wconf 84' lang='lat' dir='ltr'><strong>ct</strong></span> <span class='ocrx_word' id='word_1_247' title='bbox 679 1027 847 1058; x_wconf 79' lang='lat' dir='ltr'><strong>castitatem,</strong></span> <span class='ocrx_word' id='word_1_248' title='bbox 867 1031 896 1053; x_wconf 86' lang='lat' dir='ltr'><strong>ut</strong></span> <span class='ocrx_word' id='word_1_249' title='bbox 917 1030 1060 1061; x_wconf 78' lang='lat' dir='ltr'><strong>argentum</strong></span> 
     </span>
    </p>
   </div>
   <div class='ocr_carea' id='block_1_37' title="bbox 272 1071 1061 1108">
    <p class='ocr_par' dir='ltr' id='par_1_37' title="bbox 272 1071 1061 1108">
     <span class='ocr_line' id='line_1_37' title="bbox 272 1071 1061 1108; baseline -0.003 -8"><span class='ocrx_word' id='word_1_250' title='bbox 272 1073 427 1108; x_wconf 67' lang='lat' dir='ltr'><strong>quaesieris,</strong></span> <span class='ocrx_word' id='word_1_251' title='bbox 440 1077 468 1100; x_wconf 88' lang='lat' dir='ltr'><strong>et</strong></span> <span class='ocrx_word' id='word_1_252' title='bbox 486 1072 663 1101; x_wconf 87' lang='lat' dir='ltr'><strong>meditatione</strong></span> <span class='ocrx_word' id='word_1_253' title='bbox 673 1072 830 1107; x_wconf 83' lang='lat' dir='ltr'><strong>inquisieris</strong></span> <span class='ocrx_word' id='word_1_254' title='bbox 845 1071 1061 1107; x_wconf 75' lang='lat' dir='ltr'><strong>profunditatem</strong></span> 
     </span>
    </p>
   </div>
   <div class='ocr_carea' id='block_1_38' title="bbox 273 1117 1062 1154">
    <p class='ocr_par' dir='ltr' id='par_1_38' title="bbox 273 1117 1062 1154">
     <span class='ocr_line' id='line_1_38' title="bbox 273 1117 1062 1154; baseline -0.003 -8"><span class='ocrx_word' id='word_1_255' title='bbox 273 1119 347 1147; x_wconf 91' lang='lat' dir='ltr'><strong>illius</strong></span> <span class='ocrx_word' id='word_1_256' title='bbox 371 1119 543 1151; x_wconf 82' lang='lat' dir='ltr'><strong>divitiarum,</strong></span> <span class='ocrx_word' id='word_1_257' title='bbox 571 1124 602 1146; x_wconf 88' lang='lat' dir='ltr'><strong>ut</strong></span> <span class='ocrx_word' id='word_1_258' title='bbox 625 1118 760 1154; x_wconf 85' lang='lat' dir='ltr'><strong>quosdam</strong></span> <span class='ocrx_word' id='word_1_259' title='bbox 787 1118 933 1146; x_wconf 82' lang='lat' dir='ltr'><strong>thesauros</strong></span> <span class='ocrx_word' id='word_1_260' title='bbox 944 1117 1062 1145; x_wconf 84' lang='lat' dir='ltr'><strong>abscon-</strong></span> 
     </span>
    </p>
   </div>
   <div class='ocr_carea' id='block_1_39' title="bbox 272 1165 356 1192">
    <p class='ocr_par' dir='ltr' id='par_1_39' title="bbox 272 1165 356 1192">
     <span class='ocr_line' id='line_1_39' title="bbox 272 1165 356 1192; baseline 0.012 -1"><span class='ocrx_word' id='word_1_261' title='bbox 272 1165 356 1192; x_wconf 88' lang='lat' dir='ltr'><strong>ditos.</strong></span> 
     </span>
    </p>
   </div>
   <div class='ocr_carea' id='block_1_40' title="bbox 308 1208 1060 1245">
    <p class='ocr_par' dir='ltr' id='par_1_40' title="bbox 308 1208 1060 1245">
     <span class='ocr_line' id='line_1_40' title="bbox 308 1208 1060 1245; baseline -0.005 -7"><span class='ocrx_word' id='word_1_262' title='bbox 308 1210 393 1238; x_wconf 73' lang='lat' dir='ltr'><strong>VERS.</strong></span> <span class='ocrx_word' id='word_1_263' title='bbox 423 1210 450 1238; x_wconf 82' lang='lat'><strong>5.</strong></span> <span class='ocrx_word' id='word_1_264' title='bbox 477 1210 551 1238; x_wconf 85' lang='lat' dir='ltr'><strong>Tunc</strong></span> <span class='ocrx_word' id='word_1_265' title='bbox 580 1211 711 1245; x_wconf 79' lang='lat' dir='ltr'><strong>intelliges</strong></span> <span class='ocrx_word' id='word_1_266' title='bbox 741 1210 863 1236; x_wconf 83' lang='lat' dir='ltr'><strong>timorem</strong></span> <span class='ocrx_word' id='word_1_267' title='bbox 890 1208 1008 1239; x_wconf 79' lang='lat' dir='ltr'><strong>Domini,</strong></span> <span class='ocrx_word' id='word_1_268' title='bbox 1036 1212 1060 1234; x_wconf 84' lang='lat' dir='ltr'><strong>ct</strong></span> 
     </span>
    </p>
   </div>
   <div class='ocr_carea' id='block_1_41' title="bbox 272 1255 1062 1290">
    <p class='ocr_par' dir='ltr' id='par_1_41' title="bbox 272 1255 1062 1290">
     <span class='ocr_line' id='line_1_41' title="bbox 272 1255 1062 1290; baseline -0.003 -8"><span class='ocrx_word' id='word_1_269' title='bbox 272 1255 412 1282; x_wconf 81' lang='lat' dir='ltr'><strong>scientiam</strong></span> <span class='ocrx_word' id='word_1_270' title='bbox 431 1255 479 1283; x_wconf 86' lang='lat' dir='ltr'><strong>Dei</strong></span> <span class='ocrx_word' id='word_1_271' title='bbox 495 1256 624 1284; x_wconf 80' lang='lat' dir='ltr'><strong>inuenies.</strong></span> <span class='ocrx_word' id='word_1_272' title='bbox 643 1255 720 1283; x_wconf 89' lang='lat' dir='ltr'><strong>Tunc</strong></span> <span class='ocrx_word' id='word_1_273' title='bbox 744 1255 881 1290; x_wconf 74' lang='lat' dir='ltr'><strong>intelliges</strong></span> <span class='ocrx_word' id='word_1_274' title='bbox 899 1261 915 1281; x_wconf 86' lang='lat' dir='ltr'><strong>a</strong></span> <span class='ocrx_word' id='word_1_275' title='bbox 936 1258 1062 1289; x_wconf 84' lang='lat' dir='ltr'><strong>peccato-</strong></span> 
     </span>
    </p>
   </div>
   <div class='ocr_carea' id='block_1_42' title="bbox 274 1298 1061 1336">
    <p class='ocr_par' dir='ltr' id='par_1_42' title="bbox 274 1298 1061 1336">
     <span class='ocr_line' id='line_1_42' title="bbox 274 1298 1061 1336; baseline -0.001 -9"><span class='ocrx_word' id='word_1_276' title='bbox 274 1309 334 1328; x_wconf 88' lang='lat' dir='ltr'><strong>rum</strong></span> <span class='ocrx_word' id='word_1_277' title='bbox 347 1301 430 1328; x_wconf 88' lang='lat' dir='ltr'><strong>sorde</strong></span> <span class='ocrx_word' id='word_1_278' title='bbox 444 1301 634 1336; x_wconf 86' lang='lat' dir='ltr'><strong>purilicantem</strong></span> <span class='ocrx_word' id='word_1_279' title='bbox 655 1301 702 1328; x_wconf 87' lang='lat' dir='ltr'><strong>Dei</strong></span> <span class='ocrx_word' id='word_1_280' title='bbox 719 1301 858 1331; x_wconf 82' lang='lat' dir='ltr'><strong>timerent,</strong></span> <span class='ocrx_word' id='word_1_281' title='bbox 874 1304 902 1327; x_wconf 91' lang='lat' dir='ltr'><strong>et</strong></span> <span class='ocrx_word' id='word_1_282' title='bbox 912 1298 1061 1327; x_wconf 85' lang='lat' dir='ltr'><strong>abscondi-</strong></span> 
     </span>
    </p>
   </div>
   <div class='ocr_carea' id='block_1_43' title="bbox 274 1345 1060 1380">
    <p class='ocr_par' dir='ltr' id='par_1_43' title="bbox 274 1345 1060 1380">
     <span class='ocr_line' id='line_1_43' title="bbox 274 1345 1060 1380; baseline -0.003 -6"><span class='ocrx_word' id='word_1_283' title='bbox 274 1351 316 1374; x_wconf 88' lang='lat' dir='ltr'><strong>tas</strong></span> <span class='ocrx_word' id='word_1_284' title='bbox 327 1347 428 1375; x_wconf 73' lang='lat' dir='ltr'><strong>divinat</strong></span> <span class='ocrx_word' id='word_1_285' title='bbox 454 1347 579 1375; x_wconf 74' lang='lat' dir='ltr'><strong>scicntia:</strong></span> <span class='ocrx_word' id='word_1_286' title='bbox 606 1346 719 1375; x_wconf 85' lang='lat' dir='ltr'><strong>divitias</strong></span> <span class='ocrx_word' id='word_1_287' title='bbox 739 1346 884 1374; x_wconf 82' lang='lat' dir='ltr'><strong>invenies:</strong></span> <span class='ocrx_word' id='word_1_288' title='bbox 900 1353 933 1372; x_wconf 82' lang='lat' dir='ltr'><strong>cx</strong></span> <span class='ocrx_word' id='word_1_289' title='bbox 949 1345 1060 1380; x_wconf 84' lang='lat' dir='ltr'><strong>quibus,</strong></span> 
     </span>
    </p>
   </div>
   <div class='ocr_carea' id='block_1_44' title="bbox 273 1392 857 1427">
    <p class='ocr_par' dir='ltr' id='par_1_44' title="bbox 273 1392 857 1427">
     <span class='ocr_line' id='line_1_44' title="bbox 273 1392 857 1427; baseline -0.002 -8"><span class='ocrx_word' id='word_1_290' title='bbox 273 1393 301 1420; x_wconf 81' lang='lat' dir='ltr'><strong>in</strong></span> <span class='ocrx_word' id='word_1_291' title='bbox 316 1393 407 1420; x_wconf 82' lang='lat' dir='ltr'><strong>anima</strong></span> <span class='ocrx_word' id='word_1_292' title='bbox 425 1393 517 1420; x_wconf 89' lang='lat' dir='ltr'><strong>omnia</strong></span> <span class='ocrx_word' id='word_1_293' title='bbox 529 1393 600 1420; x_wconf 89' lang='lat' dir='ltr'><strong>bona</strong></span> <span class='ocrx_word' id='word_1_294' title='bbox 619 1392 857 1427; x_wconf 83' lang='lat' dir='ltr'><strong>superabundant.</strong></span> 
     </span>
    </p>
   </div>
   <div class='ocr_carea' id='block_1_45' title="bbox 310 1434 1061 1471">
    <p class='ocr_par' dir='ltr' id='par_1_45' title="bbox 310 1434 1061 1471">
     <span class='ocr_line' id='line_1_45' title="bbox 310 1434 1061 1471; baseline -0.007 -6"><span class='ocrx_word' id='word_1_295' title='bbox 310 1437 395 1465; x_wconf 74' lang='lat' dir='ltr'><strong>Vatis.</strong></span> <span class='ocrx_word' id='word_1_296' title='bbox 425 1437 454 1464; x_wconf 88' lang='lat'><strong>6.</strong></span> <span class='ocrx_word' id='word_1_297' title='bbox 481 1437 551 1470; x_wconf 82' lang='lat' dir='ltr'><strong>Quia</strong></span> <span class='ocrx_word' id='word_1_298' title='bbox 580 1437 710 1464; x_wconf 75' lang='lat' dir='ltr'><strong>Dominus</strong></span> <span class='ocrx_word' id='word_1_299' title='bbox 736 1437 783 1464; x_wconf 89' lang='lat' dir='ltr'><strong>dat</strong></span> <span class='ocrx_word' id='word_1_300' title='bbox 799 1436 968 1471; x_wconf 82' lang='lat' dir='ltr'><strong>sapientiam.</strong></span> <span class='ocrx_word' id='word_1_301' title='bbox 993 1434 1061 1468; x_wconf 83' lang='lat' dir='ltr'><strong>Quia</strong></span> 
     </span>
    </p>
   </div>
   <div class='ocr_carea' id='block_1_46' title="bbox 275 1481 1062 1518">
    <p class='ocr_par' dir='ltr' id='par_1_46' title="bbox 275 1481 1062 1518">
     <span class='ocr_line' id='line_1_46' title="bbox 275 1481 1062 1518; baseline -0.003 -8"><span class='ocrx_word' id='word_1_302' title='bbox 275 1483 359 1516; x_wconf 85' lang='lat' dir='ltr'><strong>Deus,</strong></span> <span class='ocrx_word' id='word_1_303' title='bbox 377 1484 500 1511; x_wconf 90' lang='lat' dir='ltr'><strong>omnium</strong></span> <span class='ocrx_word' id='word_1_304' title='bbox 523 1483 667 1518; x_wconf 83' lang='lat' dir='ltr'><strong>Dominus,</strong></span> <span class='ocrx_word' id='word_1_305' title='bbox 695 1483 780 1511; x_wconf 88' lang='lat' dir='ltr'><strong>donat</strong></span> <span class='ocrx_word' id='word_1_306' title='bbox 819 1482 994 1517; x_wconf 85' lang='lat' dir='ltr'><strong>sapientiam,</strong></span> <span class='ocrx_word' id='word_1_307' title='bbox 1019 1481 1062 1508; x_wconf 89' lang='lat' dir='ltr'><strong>his</strong></span> 
     </span>
    </p>
   </div>
   <div class='ocr_carea' id='block_1_47' title="bbox 274 1528 1062 1563">
    <p class='ocr_par' dir='ltr' id='par_1_47' title="bbox 274 1528 1062 1563">
     <span class='ocr_line' id='line_1_47' title="bbox 274 1528 1062 1563; baseline -0.003 -7"><span class='ocrx_word' id='word_1_308' title='bbox 274 1529 322 1563; x_wconf 88' lang='lat' dir='ltr'><strong>qui</strong></span> <span class='ocrx_word' id='word_1_309' title='bbox 337 1529 444 1556; x_wconf 82' lang='lat' dir='ltr'><strong>ardenti</strong></span> <span class='ocrx_word' id='word_1_310' title='bbox 474 1529 613 1557; x_wconf 88' lang='lat' dir='ltr'><strong>desiderio</strong></span> <span class='ocrx_word' id='word_1_311' title='bbox 639 1529 666 1556; x_wconf 91' lang='lat' dir='ltr'><strong>in</strong></span> <span class='ocrx_word' id='word_1_312' title='bbox 698 1529 771 1556; x_wconf 89' lang='lat' dir='ltr'><strong>illam</strong></span> <span class='ocrx_word' id='word_1_313' title='bbox 792 1528 929 1560; x_wconf 83' lang='lat' dir='ltr'><strong>feruntur,</strong></span> <span class='ocrx_word' id='word_1_314' title='bbox 946 1535 1007 1562; x_wconf 67' lang='lat' dir='ltr'><strong>quae</strong></span> <span class='ocrx_word' id='word_1_315' title='bbox 1020 1531 1062 1554; x_wconf 86' lang='lat' dir='ltr'><strong>est</strong></span> 
     </span>
    </p>
   </div>
   <div class='ocr_carea' id='block_1_48' title="bbox 273 1573 1017 1610">
    <p class='ocr_par' dir='ltr' id='par_1_48' title="bbox 273 1573 1017 1610">
     <span class='ocr_line' id='line_1_48' title="bbox 273 1573 1017 1610; baseline -0.003 -8"><span class='ocrx_word' id='word_1_316' title='bbox 273 1575 440 1603; x_wconf 77' lang='lat' dir='ltr'><strong>sanctissimi</strong></span> <span class='ocrx_word' id='word_1_317' title='bbox 452 1575 572 1610; x_wconf 85' lang='lat' dir='ltr'><strong>Spiritus</strong></span> <span class='ocrx_word' id='word_1_318' title='bbox 584 1575 748 1603; x_wconf 82' lang='lat' dir='ltr'><strong>charismata</strong></span> <span class='ocrx_word' id='word_1_319' title='bbox 761 1575 852 1602; x_wconf 87' lang='lat' dir='ltr'><strong>omnia</strong></span> <span class='ocrx_word' id='word_1_320' title='bbox 864 1573 1017 1609; x_wconf 82' lang='lat' dir='ltr'><strong>perﬁciens.</strong></span> 
     </span>
    </p>
   </div>
   <div class='ocr_carea' id='block_1_49' title="bbox 310 1620 1058 1655">
    <p class='ocr_par' dir='ltr' id='par_1_49' title="bbox 310 1620 1058 1655">
     <span class='ocr_line' id='line_1_49' title="bbox 310 1620 1058 1655; baseline -0.003 -7"><span class='ocrx_word' id='word_1_321' title='bbox 310 1620 344 1648; x_wconf 87' lang='lat' dir='ltr'><strong>Et</strong></span> <span class='ocrx_word' id='word_1_322' title='bbox 361 1629 394 1648; x_wconf 65' lang='lat' dir='ltr'><strong>ta</strong></span> <span class='ocrx_word' id='word_1_323' title='bbox 411 1630 456 1649; x_wconf 85' lang='lat' dir='ltr'><strong>ore</strong></span> <span class='ocrx_word' id='word_1_324' title='bbox 470 1623 526 1655; x_wconf 85' lang='lat' dir='ltr'><strong>ejus</strong></span> <span class='ocrx_word' id='word_1_325' title='bbox 545 1621 656 1648; x_wconf 77' lang='lat' dir='ltr'><strong>scientia</strong></span> <span class='ocrx_word' id='word_1_326' title='bbox 680 1627 704 1648; x_wconf 91' lang='lat' dir='ltr'><strong>et</strong></span> <span class='ocrx_word' id='word_1_327' title='bbox 721 1621 873 1655; x_wconf 82' lang='lat' dir='ltr'><strong>prudentia.</strong></span> <span class='ocrx_word' id='word_1_328' title='bbox 896 1620 933 1648; x_wconf 90' lang='lat' dir='ltr'><strong>lis</strong></span> <span class='ocrx_word' id='word_1_329' title='bbox 956 1623 1058 1651; x_wconf 88' lang='lat' dir='ltr'><strong>autem,</strong></span> 
     </span>
    </p>
   </div>
   <div class='ocr_carea' id='block_1_50' title="bbox 273 1666 1059 1703">
    <p class='ocr_par' dir='ltr' id='par_1_50' title="bbox 273 1666 1059 1703">
     <span class='ocr_line' id='line_1_50' title="bbox 273 1666 1059 1703; baseline -0.004 -8"><span class='ocrx_word' id='word_1_330' title='bbox 273 1668 320 1703; x_wconf 90' lang='lat' dir='ltr'><strong>qui</strong></span> <span class='ocrx_word' id='word_1_331' title='bbox 333 1667 393 1702; x_wconf 88' lang='lat' dir='ltr'><strong>ejus</strong></span> <span class='ocrx_word' id='word_1_332' title='bbox 406 1668 626 1701; x_wconf 84' lang='lat' dir='ltr'><strong>similitudinem,</strong></span> <span class='ocrx_word' id='word_1_333' title='bbox 648 1672 778 1702; x_wconf 87' lang='lat' dir='ltr'><strong>tanquant</strong></span> <span class='ocrx_word' id='word_1_334' title='bbox 795 1668 829 1694; x_wconf 90' lang='lat' dir='ltr'><strong>ab</strong></span> <span class='ocrx_word' id='word_1_335' title='bbox 852 1667 899 1694; x_wconf 93' lang='lat' dir='ltr'><strong>illo</strong></span> <span class='ocrx_word' id='word_1_336' title='bbox 912 1666 1059 1701; x_wconf 84' lang='lat' dir='ltr'><strong>adaptatis,</strong></span> 
     </span>
    </p>
   </div>
   <div class='ocr_carea' id='block_1_51' title="bbox 274 1707 1061 1749">
    <p class='ocr_par' dir='ltr' id='par_1_51' title="bbox 274 1707 1061 1749">
     <span class='ocr_line' id='line_1_51' title="bbox 274 1707 1061 1749; baseline -0.003 -9"><span class='ocrx_word' id='word_1_337' title='bbox 274 1713 377 1745; x_wconf 81' lang='lat' dir='ltr'><strong>ferunt,</strong></span> <span class='ocrx_word' id='word_1_338' title='bbox 393 1707 458 1749; x_wconf 79' lang='lat' dir='ltr'><strong>quia</strong></span> <span class='ocrx_word' id='word_1_339' title='bbox 482 1714 556 1742; x_wconf 83' lang='lat' dir='ltr'><strong>illam</strong></span> <span class='ocrx_word' id='word_1_340' title='bbox 584 1713 756 1745; x_wconf 88' lang='lat' dir='ltr'><strong>custodiunt,</strong></span> <span class='ocrx_word' id='word_1_341' title='bbox 768 1713 850 1740; x_wconf 91' lang='lat' dir='ltr'><strong>datur</strong></span> <span class='ocrx_word' id='word_1_342' title='bbox 868 1713 994 1744; x_wconf 79' lang='lat' dir='ltr'><strong>scientia,</strong></span> <span class='ocrx_word' id='word_1_343' title='bbox 1007 1720 1061 1745; x_wconf 79' lang='lat' dir='ltr'><strong>qua</strong></span> 
     </span>
    </p>
   </div>
   <div class='ocr_carea' id='block_1_52' title="bbox 274 1758 1063 1794">
    <p class='ocr_par' dir='ltr' id='par_1_52' title="bbox 274 1758 1063 1794">
     <span class='ocr_line' id='line_1_52' title="bbox 274 1758 1063 1794; baseline -0.003 -8"><span class='ocrx_word' id='word_1_344' title='bbox 274 1759 429 1794; x_wconf 76' lang='lat' dir='ltr'><strong>spiritualis</strong></span> <span class='ocrx_word' id='word_1_345' title='bbox 444 1759 531 1786; x_wconf 81' lang='lat' dir='ltr'><strong>nostri</strong></span> <span class='ocrx_word' id='word_1_346' title='bbox 550 1759 654 1787; x_wconf 90' lang='lat' dir='ltr'><strong>inimici</strong></span> <span class='ocrx_word' id='word_1_347' title='bbox 665 1765 762 1786; x_wconf 78' lang='lat' dir='ltr'><strong>contra</strong></span> <span class='ocrx_word' id='word_1_348' title='bbox 777 1766 828 1786; x_wconf 91' lang='lat' dir='ltr'><strong>nos</strong></span> <span class='ocrx_word' id='word_1_349' title='bbox 854 1758 971 1785; x_wconf 88' lang='lat' dir='ltr'><strong>consilia</strong></span> <span class='ocrx_word' id='word_1_350' title='bbox 984 1759 1063 1785; x_wconf 90' lang='lat' dir='ltr'><strong>novi-</strong></span> 
     </span>
    </p>
   </div>
   <div class='ocr_carea' id='block_1_53' title="bbox 275 1803 1061 1840">
    <p class='ocr_par' dir='ltr' id='par_1_53' title="bbox 275 1803 1061 1840">
     <span class='ocr_line' id='line_1_53' title="bbox 275 1803 1061 1840; baseline -0.003 -8"><span class='ocrx_word' id='word_1_351' title='bbox 275 1813 347 1838; x_wconf 89' lang='lat' dir='ltr'><strong>mus,</strong></span> <span class='ocrx_word' id='word_1_352' title='bbox 359 1813 412 1840; x_wconf 87' lang='lat' dir='ltr'><strong>qua</strong></span> <span class='ocrx_word' id='word_1_353' title='bbox 437 1805 630 1832; x_wconf 85' lang='lat' dir='ltr'><strong>mandatorum</strong></span> <span class='ocrx_word' id='word_1_354' title='bbox 654 1811 808 1836; x_wconf 83' lang='lat' dir='ltr'><strong>sermones,</strong></span> <span class='ocrx_word' id='word_1_355' title='bbox 840 1811 886 1838; x_wconf 88' lang='lat' dir='ltr'><strong>per</strong></span> <span class='ocrx_word' id='word_1_356' title='bbox 901 1810 972 1838; x_wconf 90' lang='lat' dir='ltr'><strong>quos</strong></span> <span class='ocrx_word' id='word_1_357' title='bbox 987 1803 1061 1830; x_wconf 93' lang='lat' dir='ltr'><strong>modi</strong></span> 
     </span>
    </p>
   </div>
   <div class='ocr_carea' id='block_1_54' title="bbox 274 1849 1063 1886">
    <p class='ocr_par' dir='ltr' id='par_1_54' title="bbox 274 1849 1063 1886">
     <span class='ocr_line' id='line_1_54' title="bbox 274 1849 1063 1886; baseline -0.003 -8"><span class='ocrx_word' id='word_1_358' title='bbox 274 1851 409 1878; x_wconf 83' lang='lat' dir='ltr'><strong>virtutum</strong></span> <span class='ocrx_word' id='word_1_359' title='bbox 421 1851 641 1883; x_wconf 86' lang='lat' dir='ltr'><strong>constituuntur,</strong></span> <span class='ocrx_word' id='word_1_360' title='bbox 666 1850 856 1886; x_wconf 75' lang='lat' dir='ltr'><strong>intelligimus.</strong></span> <span class='ocrx_word' id='word_1_361' title='bbox 871 1849 910 1877; x_wconf 79' lang='lat' dir='ltr'><strong>Ex</strong></span> <span class='ocrx_word' id='word_1_362' title='bbox 931 1849 1063 1877; x_wconf 86' lang='lat' dir='ltr'><strong>observa-</strong></span> 
     </span>
    </p>
   </div>
   <div class='ocr_carea' id='block_1_55' title="bbox 275 1895 1063 1930">
    <p class='ocr_par' dir='ltr' id='par_1_55' title="bbox 275 1895 1063 1930">
     <span class='ocr_line' id='line_1_55' title="bbox 275 1895 1063 1930; baseline -0.001 -7"><span class='ocrx_word' id='word_1_363' title='bbox 275 1897 348 1924; x_wconf 89' lang='lat' dir='ltr'><strong>tione</strong></span> <span class='ocrx_word' id='word_1_364' title='bbox 364 1904 430 1924; x_wconf 87' lang='lat' dir='ltr'><strong>vero</strong></span> <span class='ocrx_word' id='word_1_365' title='bbox 452 1896 645 1923; x_wconf 86' lang='lat' dir='ltr'><strong>mandatorum</strong></span> <span class='ocrx_word' id='word_1_366' title='bbox 671 1895 730 1930; x_wconf 77' lang='lat' dir='ltr'><strong>ejus</strong></span> <span class='ocrx_word' id='word_1_367' title='bbox 753 1896 932 1930; x_wconf 89' lang='lat' dir='ltr'><strong>optintorum,</strong></span> <span class='ocrx_word' id='word_1_368' title='bbox 951 1899 1063 1930; x_wconf 83' lang='lat' dir='ltr'><strong>propter</strong></span> 
     </span>
    </p>
   </div>
   <div class='ocr_carea' id='block_1_56' title="bbox 275 1941 1063 1977">
    <p class='ocr_par' dir='ltr' id='par_1_56' title="bbox 275 1941 1063 1977">
     <span class='ocr_line' id='line_1_56' title="bbox 275 1941 1063 1977; baseline -0.003 -8"><span class='ocrx_word' id='word_1_369' title='bbox 275 1942 487 1971; x_wconf 86' lang='lat' dir='ltr'><strong>similitudinem</strong></span> <span class='ocrx_word' id='word_1_370' title='bbox 503 1942 576 1976; x_wconf 81' lang='lat' dir='ltr'><strong>ejus,</strong></span> <span class='ocrx_word' id='word_1_371' title='bbox 598 1942 707 1970; x_wconf 85' lang='lat' dir='ltr'><strong>advenit</strong></span> <span class='ocrx_word' id='word_1_372' title='bbox 736 1942 894 1977; x_wconf 76' lang='lat' dir='ltr'><strong>prudentia,</strong></span> <span class='ocrx_word' id='word_1_373' title='bbox 916 1949 969 1976; x_wconf 90' lang='lat' dir='ltr'><strong>qua</strong></span> <span class='ocrx_word' id='word_1_374' title='bbox 986 1941 1063 1976; x_wconf 78' lang='lat' dir='ltr'><strong>igno-</strong></span> 
     </span>
    </p>
   </div>
   <div class='ocr_carea' id='block_1_57' title="bbox 276 1988 1062 2023">
    <p class='ocr_par' dir='ltr' id='par_1_57' title="bbox 276 1988 1062 2023">
     <span class='ocr_line' id='line_1_57' title="bbox 276 1988 1062 2023; baseline 0 -10"><span class='ocrx_word' id='word_1_375' title='bbox 276 1988 363 2014; x_wconf 82' lang='lat' dir='ltr'><strong>rantia</strong></span> <span class='ocrx_word' id='word_1_376' title='bbox 375 1988 491 2020; x_wconf 84' lang='lat' dir='ltr'><strong>tollitur,</strong></span> <span class='ocrx_word' id='word_1_377' title='bbox 503 1988 618 2023; x_wconf 80' lang='lat' dir='ltr'><strong>ejusque</strong></span> <span class='ocrx_word' id='word_1_378' title='bbox 629 1988 698 2019; x_wconf 87' lang='lat' dir='ltr'><strong>loco.</strong></span> <span class='ocrx_word' id='word_1_379' title='bbox 709 1996 866 2015; x_wconf 87' lang='lat' dir='ltr'><strong>sermonum</strong></span> <span class='ocrx_word' id='word_1_380' title='bbox 878 1992 905 2015; x_wconf 86' lang='lat' dir='ltr'><strong>ct</strong></span> <span class='ocrx_word' id='word_1_381' title='bbox 919 1988 1062 2016; x_wconf 87' lang='lat' dir='ltr'><strong>modorum</strong></span> 
     </span>
    </p>
   </div>
   <div class='ocr_carea' id='block_1_58' title="bbox 277 2034 801 2069">
    <p class='ocr_par' dir='ltr' id='par_1_58' title="bbox 277 2034 801 2069">
     <span class='ocr_line' id='line_1_58' title="bbox 277 2034 801 2069; baseline 0 -8"><span class='ocrx_word' id='word_1_382' title='bbox 277 2035 405 2062; x_wconf 81' lang='lat' dir='ltr'><strong>virtutem</strong></span> <span class='ocrx_word' id='word_1_383' title='bbox 424 2034 586 2062; x_wconf 83' lang='lat' dir='ltr'><strong>conceditur</strong></span> <span class='ocrx_word' id='word_1_384' title='bbox 607 2034 801 2069; x_wconf 78' lang='lat' dir='ltr'><strong>intelligentia.</strong></span> 
     </span>
    </p>
   </div>
   <div class='ocr_carea' id='block_1_59' title="bbox 311 2125 1063 2160">
    <p class='ocr_par' dir='ltr' id='par_1_59' title="bbox 311 2125 1063 2160">
     <span class='ocr_line' id='line_1_59' title="bbox 311 2125 1063 2160; baseline -0.001 -7"><span class='ocrx_word' id='word_1_385' title='bbox 311 2125 394 2153; x_wconf 77' lang='lat' dir='ltr'><strong>Vens.</strong></span> <span class='ocrx_word' id='word_1_386' title='bbox 413 2126 440 2154; x_wconf 82' lang='lat'><strong>7.</strong></span> <span class='ocrx_word' id='word_1_387' title='bbox 468 2125 605 2153; x_wconf 78' lang='lat' dir='ltr'><strong>Custodiet</strong></span> <span class='ocrx_word' id='word_1_388' title='bbox 630 2127 708 2153; x_wconf 84' lang='lat' dir='ltr'><strong>rectis</strong></span> <span class='ocrx_word' id='word_1_389' title='bbox 732 2126 858 2154; x_wconf 84' lang='lat' dir='ltr'><strong>salutem.</strong></span> <span class='ocrx_word' id='word_1_390' title='bbox 886 2125 920 2152; x_wconf 90' lang='lat' dir='ltr'><strong>Et</strong></span> <span class='ocrx_word' id='word_1_391' title='bbox 946 2125 995 2158; x_wconf 86' lang='lat' dir='ltr'><strong>ita,</strong></span> <span class='ocrx_word' id='word_1_392' title='bbox 1012 2132 1063 2160; x_wconf 89' lang='lat' dir='ltr'><strong>ope</strong></span> 
     </span>
    </p>
   </div>
   <div class='ocr_carea' id='block_1_60' title="bbox 277 2170 1062 2206">
    <p class='ocr_par' dir='ltr' id='par_1_60' title="bbox 277 2170 1062 2206">
     <span class='ocr_line' id='line_1_60' title="bbox 277 2170 1062 2206; baseline 0.003 -10"><span class='ocrx_word' id='word_1_393' title='bbox 277 2170 574 2205; x_wconf 81' lang='lat' dir='ltr'><strong>sanetissimispiritus</strong></span> <span class='ocrx_word' id='word_1_394' title='bbox 586 2171 796 2204; x_wconf 86' lang='lat' dir='ltr'><strong>charismatum,</strong></span> <span class='ocrx_word' id='word_1_395' title='bbox 819 2170 972 2206; x_wconf 64' lang='lat' dir='ltr'><strong>sapientice,</strong></span> <span class='ocrx_word' id='word_1_396' title='bbox 995 2178 1062 2206; x_wconf 86' lang='lat' dir='ltr'><strong>pru-</strong></span> 
     </span>
    </p>
   </div>
   <div class='ocr_carea' id='block_1_61' title="bbox 277 2216 1062 2251">
    <p class='ocr_par' dir='ltr' id='par_1_61' title="bbox 277 2216 1062 2251">
     <span class='ocr_line' id='line_1_61' title="bbox 277 2216 1062 2251; baseline 0.001 -8"><span class='ocrx_word' id='word_1_397' title='bbox 277 2216 385 2249; x_wconf 65' lang='lat' dir='ltr'><strong>dentiae,</strong></span> <span class='ocrx_word' id='word_1_398' title='bbox 401 2223 427 2243; x_wconf 88' lang='lat' dir='ltr'><strong>et</strong></span> <span class='ocrx_word' id='word_1_399' title='bbox 442 2216 574 2248; x_wconf 63' lang='lat' dir='ltr'><strong>scientiae,</strong></span> <span class='ocrx_word' id='word_1_400' title='bbox 592 2217 627 2244; x_wconf 91' lang='lat' dir='ltr'><strong>iis</strong></span> <span class='ocrx_word' id='word_1_401' title='bbox 641 2217 687 2251; x_wconf 90' lang='lat' dir='ltr'><strong>qui</strong></span> <span class='ocrx_word' id='word_1_402' title='bbox 717 2225 768 2245; x_wconf 93' lang='lat' dir='ltr'><strong>ncc</strong></span> <span class='ocrx_word' id='word_1_403' title='bbox 784 2216 817 2243; x_wconf 92' lang='lat' dir='ltr'><strong>ad</strong></span> <span class='ocrx_word' id='word_1_404' title='bbox 841 2217 995 2248; x_wconf 78' lang='lat' dir='ltr'><strong>dexteram,</strong></span> <span class='ocrx_word' id='word_1_405' title='bbox 1011 2223 1062 2244; x_wconf 89' lang='lat' dir='ltr'><strong>nec</strong></span> 
     </span>
    </p>
   </div>
   <div class='ocr_carea' id='block_1_62' title="bbox 1110 975 1905 1011">
    <p class='ocr_par' dir='ltr' id='par_1_62' title="bbox 1110 975 1905 1011">
     <span class='ocr_line' id='line_1_62' title="bbox 1110 975 1905 1011; baseline -0.003 -8"><span class='ocrx_word' id='word_1_406' title='bbox 1110 977 1151 1010; x_wconf 89' lang='grc' dir='ltr'>ὡς</span> <span class='ocrx_word' id='word_1_407' title='bbox 1167 976 1322 1010; x_wconf 80' lang='grc' dir='ltr'>θησαυρὸν</span> <span class='ocrx_word' id='word_1_408' title='bbox 1335 976 1541 1011; x_wconf 69' lang='grc' dir='ltr'>ἐξερευνήσῃς</span> <span class='ocrx_word' id='word_1_409' title='bbox 1553 976 1661 1011; x_wconf 77' lang='grc' dir='ltr'><strong>αὐτήν.</strong></span> <span class='ocrx_word' id='word_1_410' title='bbox 1682 976 1737 1003; x_wconf 82' lang='lat' dir='ltr'><strong>Kal</strong></span> <span class='ocrx_word' id='word_1_411' title='bbox 1754 976 1800 1002; x_wconf 74' lang='grc' dir='ltr'><strong>ἐὰν</strong></span> <span class='ocrx_word' id='word_1_412' title='bbox 1820 975 1905 1010; x_wconf 84' lang='grc' dir='ltr'>ποθή-</span> 
     </span>
    </p>
   </div>
   <div class='ocr_carea' id='block_1_63' title="bbox 1112 1021 1903 1058">
    <p class='ocr_par' dir='ltr' id='par_1_63' title="bbox 1112 1021 1903 1058">
     <span class='ocr_line' id='line_1_63' title="bbox 1112 1021 1903 1058; baseline -0.003 -10"><span class='ocrx_word' id='word_1_413' title='bbox 1112 1030 1162 1057; x_wconf 82' lang='grc' dir='ltr'>σῃς</span> <span class='ocrx_word' id='word_1_414' title='bbox 1175 1021 1205 1048; x_wconf 85' lang='grc' dir='ltr'>τδ</span> <span class='ocrx_word' id='word_1_415' title='bbox 1217 1021 1287 1048; x_wconf 84' lang='grc' dir='ltr'>κατὰ</span> <span class='ocrx_word' id='word_1_416' title='bbox 1304 1022 1404 1058; x_wconf 77' lang='grc' dir='ltr'>πρᾶξιν</span> <span class='ocrx_word' id='word_1_417' title='bbox 1419 1022 1468 1056; x_wconf 72' lang='grc' dir='ltr'>τῆς</span> <span class='ocrx_word' id='word_1_418' title='bbox 1486 1021 1615 1056; x_wconf 79' lang='grc' dir='ltr'><strong>τοιαύτης</strong></span> <span class='ocrx_word' id='word_1_419' title='bbox 1629 1022 1793 1057; x_wconf 81' lang='grc' dir='ltr'>διακρίσεως</span> <span class='ocrx_word' id='word_1_420' title='bbox 1804 1021 1903 1056; x_wconf 66' lang='grc' dir='ltr'>ἀμίανς</span> 
     </span>
    </p>
   </div>
   <div class='ocr_carea' id='block_1_64' title="bbox 1110 1066 1903 1104">
    <p class='ocr_par' dir='ltr' id='par_1_64' title="bbox 1110 1066 1903 1104">
     <span class='ocr_line' id='line_1_64' title="bbox 1110 1066 1903 1104; baseline -0.003 -10"><span class='ocrx_word' id='word_1_421' title='bbox 1110 1075 1156 1094; x_wconf 83' lang='grc' dir='ltr'><strong>τον</strong></span> <span class='ocrx_word' id='word_1_422' title='bbox 1174 1067 1222 1093; x_wconf 83' lang='grc' dir='ltr'>καὶ</span> <span class='ocrx_word' id='word_1_423' title='bbox 1236 1067 1355 1103; x_wconf 77' lang='grc' dir='ltr'>καθαρὸν</span> <span class='ocrx_word' id='word_1_424' title='bbox 1370 1068 1408 1099; x_wconf 81' lang='grc' dir='ltr'>ὡς</span> <span class='ocrx_word' id='word_1_425' title='bbox 1421 1067 1564 1104; x_wconf 80' lang='grc' dir='ltr'>ἀργύριον,</span> <span class='ocrx_word' id='word_1_426' title='bbox 1580 1067 1627 1094; x_wconf 73' lang='grc' dir='ltr'>καὶ</span> <span class='ocrx_word' id='word_1_427' title='bbox 1641 1067 1773 1103; x_wconf 76' lang='grc' dir='ltr'>ὲξετάσῃς</span> <span class='ocrx_word' id='word_1_428' title='bbox 1786 1067 1816 1093; x_wconf 79' lang='grc' dir='ltr'><strong>τὸ</strong></span> <span class='ocrx_word' id='word_1_429' title='bbox 1831 1066 1903 1093; x_wconf 75' lang='grc' dir='ltr'>κατὰ</span> 
     </span>
    </p>
   </div>
   <div class='ocr_carea' id='block_1_65' title="bbox 1111 1111 1904 1150">
    <p class='ocr_par' dir='ltr' id='par_1_65' title="bbox 1111 1111 1904 1150">
     <span class='ocr_line' id='line_1_65' title="bbox 1111 1111 1904 1150; baseline -0.001 -9"><span class='ocrx_word' id='word_1_430' title='bbox 1111 1114 1228 1150; x_wconf 76' lang='grc' dir='ltr'>θεωρίαν</span> <span class='ocrx_word' id='word_1_431' title='bbox 1245 1114 1326 1150; x_wconf 74' lang='grc' dir='ltr'>βάθος</span> <span class='ocrx_word' id='word_1_432' title='bbox 1343 1115 1389 1141; x_wconf 74' lang='grc' dir='ltr'>τοῦ</span> <span class='ocrx_word' id='word_1_433' title='bbox 1408 1114 1595 1150; x_wconf 73' lang='grc' dir='ltr'>πνευματικοῦ</span> <span class='ocrx_word' id='word_1_434' title='bbox 1611 1113 1728 1141; x_wconf 77' lang='grc' dir='ltr'>πλούτου</span> <span class='ocrx_word' id='word_1_435' title='bbox 1745 1114 1841 1148; x_wconf 80' lang='grc' dir='ltr'>αὐτῆς,</span> <span class='ocrx_word' id='word_1_436' title='bbox 1857 1111 1904 1140; x_wconf 74' lang='grc' dir='ltr'>οἷά</span> 
     </span>
    </p>
   </div>
   <div class='ocr_carea' id='block_1_66' title="bbox 1111 1159 1591 1196">
    <p class='ocr_par' dir='ltr' id='par_1_66' title="bbox 1111 1159 1591 1196">
     <span class='ocr_line' id='line_1_66' title="bbox 1111 1159 1591 1196; baseline 0 -10"><span class='ocrx_word' id='word_1_437' title='bbox 1111 1169 1188 1192; x_wconf 87' lang='grc' dir='ltr'>τινας</span> <span class='ocrx_word' id='word_1_438' title='bbox 1202 1159 1356 1196; x_wconf 74' lang='grc' dir='ltr'>θησαυροὺς</span> <span class='ocrx_word' id='word_1_439' title='bbox 1372 1161 1591 1196; x_wconf 66' lang='grc' dir='ltr'><strong>κεκρυμμένους.</strong></span> 
     </span>
    </p>
   </div>
   <div class='ocr_carea' id='block_1_67' title="bbox 1146 1206 1903 1241">
    <p class='ocr_par' dir='ltr' id='par_1_67' title="bbox 1146 1206 1903 1241">
     <span class='ocr_line' id='line_1_67' title="bbox 1146 1206 1903 1241; baseline -0.001 -8"><span class='ocrx_word' id='word_1_440' title='bbox 1146 1209 1178 1233; x_wconf 85' lang='grc' dir='ltr'><strong>ε’.</strong></span> <span class='ocrx_word' id='word_1_441' title='bbox 1202 1206 1271 1233; x_wconf 81' lang='grc' dir='ltr'>Τότε</span> <span class='ocrx_word' id='word_1_442' title='bbox 1286 1206 1434 1239; x_wconf 80' lang='grc' dir='ltr'>συνήσεις</span> <span class='ocrx_word' id='word_1_443' title='bbox 1455 1207 1551 1241; x_wconf 60' lang='grc' dir='ltr'>φέϐον</span> <span class='ocrx_word' id='word_1_444' title='bbox 1570 1207 1691 1241; x_wconf 77' lang='grc' dir='ltr'><strong>Κυρίου,</strong></span> <span class='ocrx_word' id='word_1_445' title='bbox 1708 1206 1756 1233; x_wconf 77' lang='grc' dir='ltr'>καὶ</span> <span class='ocrx_word' id='word_1_446' title='bbox 1775 1206 1903 1240; x_wconf 74' lang='grc' dir='ltr'>ἐπίγνω-</span> 
     </span>
    </p>
   </div>
   <div class='ocr_carea' id='block_1_68' title="bbox 1111 1251 1902 1288">
    <p class='ocr_par' dir='ltr' id='par_1_68' title="bbox 1111 1251 1902 1288">
     <span class='ocr_line' id='line_1_68' title="bbox 1111 1251 1902 1288; baseline 0 -10"><span class='ocrx_word' id='word_1_447' title='bbox 1111 1258 1163 1279; x_wconf 82' lang='grc' dir='ltr'>σιν</span> <span class='ocrx_word' id='word_1_448' title='bbox 1175 1251 1249 1279; x_wconf 83' lang='grc' dir='ltr'><strong>Θεοῦ</strong></span> <span class='ocrx_word' id='word_1_449' title='bbox 1261 1251 1412 1286; x_wconf 72' lang='grc' dir='ltr'>εὑρήσεις.</span> <span class='ocrx_word' id='word_1_450' title='bbox 1433 1253 1500 1279; x_wconf 85' lang='grc' dir='ltr'>Τότε</span> <span class='ocrx_word' id='word_1_451' title='bbox 1516 1252 1627 1288; x_wconf 77' lang='grc' dir='ltr'>μαθήσῃ</span> <span class='ocrx_word' id='word_1_452' title='bbox 1643 1253 1689 1279; x_wconf 77' lang='grc' dir='ltr'>τὸν</span> <span class='ocrx_word' id='word_1_453' title='bbox 1702 1252 1902 1288; x_wconf 81' lang='grc' dir='ltr'>ὲκκαθαίροντα</span> 
     </span>
    </p>
   </div>
   <div class='ocr_carea' id='block_1_69' title="bbox 1112 1298 1904 1334">
    <p class='ocr_par' dir='ltr' id='par_1_69' title="bbox 1112 1298 1904 1334">
     <span class='ocr_line' id='line_1_69' title="bbox 1112 1298 1904 1334; baseline 0 -10"><span class='ocrx_word' id='word_1_454' title='bbox 1112 1298 1213 1329; x_wconf 80' lang='grc' dir='ltr'>παντὸς</span> <span class='ocrx_word' id='word_1_455' title='bbox 1229 1298 1316 1332; x_wconf 78' lang='grc' dir='ltr'>ῥύπου</span> <span class='ocrx_word' id='word_1_456' title='bbox 1333 1298 1476 1334; x_wconf 77' lang='grc' dir='ltr'>ἁμαρτιῶν</span> <span class='ocrx_word' id='word_1_457' title='bbox 1491 1298 1562 1325; x_wconf 87' lang='grc' dir='ltr'>θεῖον</span> <span class='ocrx_word' id='word_1_458' title='bbox 1574 1298 1666 1333; x_wconf 77' lang='grc' dir='ltr'>φόϐον,</span> <span class='ocrx_word' id='word_1_459' title='bbox 1681 1299 1728 1325; x_wconf 73' lang='grc' dir='ltr'>καὶ</span> <span class='ocrx_word' id='word_1_460' title='bbox 1745 1298 1904 1333; x_wconf 78' lang='grc' dir='ltr'>καταλάϐῃς</span> 
     </span>
    </p>
   </div>
   <div class='ocr_carea' id='block_1_70' title="bbox 1112 1342 1903 1378">
    <p class='ocr_par' dir='ltr' id='par_1_70' title="bbox 1112 1342 1903 1378">
     <span class='ocr_line' id='line_1_70' title="bbox 1112 1342 1903 1378; baseline 0 -10"><span class='ocrx_word' id='word_1_461' title='bbox 1112 1343 1157 1369; x_wconf 69' lang='grc' dir='ltr'><strong>τὸν</strong></span> <span class='ocrx_word' id='word_1_462' title='bbox 1176 1344 1368 1378; x_wconf 79' lang='grc' dir='ltr'>κεκρυμμένον</span> <span class='ocrx_word' id='word_1_463' title='bbox 1381 1343 1429 1378; x_wconf 86' lang='grc' dir='ltr'><strong>τῆς</strong></span> <span class='ocrx_word' id='word_1_464' title='bbox 1444 1343 1518 1375; x_wconf 80' lang='grc' dir='ltr'>θείας</span> <span class='ocrx_word' id='word_1_465' title='bbox 1534 1343 1708 1377; x_wconf 73' lang='grc' dir='ltr'><strong>ἐπιγνώσεως</strong></span> <span class='ocrx_word' id='word_1_466' title='bbox 1728 1342 1856 1369; x_wconf 74' lang='grc' dir='ltr'>πλοῦτον·</span> <span class='ocrx_word' id='word_1_467' title='bbox 1873 1343 1903 1376; x_wconf 76' lang='grc' dir='ltr'><strong>ἐξ</strong></span> 
     </span>
    </p>
   </div>
   <div class='ocr_carea' id='block_1_71' title="bbox 1112 1386 1882 1428">
    <p class='ocr_par' dir='ltr' id='par_1_71' title="bbox 1112 1386 1882 1428">
     <span class='ocr_line' id='line_1_71' title="bbox 1112 1386 1882 1428; baseline 0.001 -13"><span class='ocrx_word' id='word_1_468' title='bbox 1112 1386 1142 1416; x_wconf 74' lang='grc' dir='ltr'><strong>οὗ</strong></span> <span class='ocrx_word' id='word_1_469' title='bbox 1160 1389 1219 1415; x_wconf 78' lang='grc' dir='ltr'>ἐστι</span> <span class='ocrx_word' id='word_1_470' title='bbox 1238 1391 1270 1425; x_wconf 79' lang='grc' dir='ltr'>τῇ</span> <span class='ocrx_word' id='word_1_471' title='bbox 1290 1389 1362 1424; x_wconf 72' lang='grc' dir='ltr'>ψυχῇ</span> <span class='ocrx_word' id='word_1_472' title='bbox 1381 1389 1473 1428; x_wconf 56' lang='grc' dir='ltr'>ἡτῶν</span> <span class='ocrx_word' id='word_1_473' title='bbox 1493 1389 1604 1424; x_wconf 84' lang='grc' dir='ltr'>ἀγαθῶν</span> <span class='ocrx_word' id='word_1_474' title='bbox 1623 1389 1737 1424; x_wconf 65' lang='grc' dir='ltr'>ἄφθονος</span> <span class='ocrx_word' id='word_1_475' title='bbox 1754 1389 1882 1424; x_wconf 75' lang='grc' dir='ltr'>χορηγία.</span> 
     </span>
    </p>
   </div>
   <div class='ocr_carea' id='block_1_72' title="bbox 1148 1434 1904 1470">
    <p class='ocr_par' dir='ltr' id='par_1_72' title="bbox 1148 1434 1904 1470">
     <span class='ocr_line' id='line_1_72' title="bbox 1148 1434 1904 1470; baseline 0 -9"><span class='ocrx_word' id='word_1_476' title='bbox 1148 1434 1185 1466; x_wconf 82' lang='grc' dir='ltr'><strong>ς’.</strong></span> <span class='ocrx_word' id='word_1_477' title='bbox 1199 1434 1258 1461; x_wconf 84' lang='grc' dir='ltr'>Ὀτι</span> <span class='ocrx_word' id='word_1_478' title='bbox 1273 1435 1380 1468; x_wconf 79' lang='grc' dir='ltr'>Κύριος</span> <span class='ocrx_word' id='word_1_479' title='bbox 1394 1434 1498 1462; x_wconf 75' lang='grc' dir='ltr'>δίδωσι</span> <span class='ocrx_word' id='word_1_480' title='bbox 1513 1436 1634 1469; x_wconf 71' lang='grc' dir='ltr'>σοφίαν.</span> <span class='ocrx_word' id='word_1_481' title='bbox 1655 1435 1727 1462; x_wconf 85' lang='grc' dir='ltr'>Διότι</span> <span class='ocrx_word' id='word_1_482' title='bbox 1739 1435 1754 1461; x_wconf 76' lang='grc' dir='ltr'><strong>ὁ</strong></span> <span class='ocrx_word' id='word_1_483' title='bbox 1764 1435 1904 1470; x_wconf 78' lang='grc' dir='ltr'><strong>Δεσπότης</strong></span> 
     </span>
    </p>
   </div>
   <div class='ocr_carea' id='block_1_73' title="bbox 1111 1480 1902 1516">
    <p class='ocr_par' dir='ltr' id='par_1_73' title="bbox 1111 1480 1902 1516">
     <span class='ocr_line' id='line_1_73' title="bbox 1111 1480 1902 1516; baseline 0.001 -10"><span class='ocrx_word' id='word_1_484' title='bbox 1111 1480 1166 1506; x_wconf 85' lang='grc' dir='ltr'><strong>τῶν</strong></span> <span class='ocrx_word' id='word_1_485' title='bbox 1180 1480 1248 1507; x_wconf 85' lang='grc' dir='ltr'>ὅλων</span> <span class='ocrx_word' id='word_1_486' title='bbox 1263 1480 1339 1513; x_wconf 78' lang='grc' dir='ltr'>Θεὸς,</span> <span class='ocrx_word' id='word_1_487' title='bbox 1355 1481 1481 1516; x_wconf 61' lang='grc' dir='ltr'>δωρεῖται</span> <span class='ocrx_word' id='word_1_488' title='bbox 1498 1481 1527 1507; x_wconf 61' lang='grc' dir='ltr'>τδ</span> <span class='ocrx_word' id='word_1_489' title='bbox 1541 1480 1705 1508; x_wconf 82' lang='grc' dir='ltr'>τελειοποιδν</span> <span class='ocrx_word' id='word_1_490' title='bbox 1722 1481 1842 1516; x_wconf 75' lang='grc' dir='ltr'>χάρισμα</span> <span class='ocrx_word' id='word_1_491' title='bbox 1856 1481 1902 1507; x_wconf 80' lang='grc' dir='ltr'>τοῦ</span> 
     </span>
    </p>
   </div>
   <div class='ocr_carea' id='block_1_74' title="bbox 1113 1526 1904 1563">
    <p class='ocr_par' dir='ltr' id='par_1_74' title="bbox 1113 1526 1904 1563">
     <span class='ocr_line' id='line_1_74' title="bbox 1113 1526 1904 1563; baseline 0.003 -11"><span class='ocrx_word' id='word_1_492' title='bbox 1113 1526 1248 1561; x_wconf 82' lang='grc' dir='ltr'>παναγίου</span> <span class='ocrx_word' id='word_1_493' title='bbox 1268 1527 1437 1562; x_wconf 80' lang='grc' dir='ltr'>Πνεύματος,</span> <span class='ocrx_word' id='word_1_494' title='bbox 1452 1527 1501 1563; x_wconf 85' lang='grc' dir='ltr'>τὴν</span> <span class='ocrx_word' id='word_1_495' title='bbox 1517 1527 1624 1562; x_wconf 71' lang='grc' dir='ltr'>σοφίαν,</span> <span class='ocrx_word' id='word_1_496' title='bbox 1641 1529 1694 1558; x_wconf 64' lang='grc' dir='ltr'>τοῖς</span> <span class='ocrx_word' id='word_1_497' title='bbox 1717 1527 1792 1562; x_wconf 78' lang='grc' dir='ltr'>πόθῳ</span> <span class='ocrx_word' id='word_1_498' title='bbox 1812 1529 1904 1554; x_wconf 82' lang='grc' dir='ltr'>ἐπιτε-</span> 
     </span>
    </p>
   </div>
   <div class='ocr_carea' id='block_1_75' title="bbox 1114 1573 1488 1610">
    <p class='ocr_par' dir='ltr' id='par_1_75' title="bbox 1114 1573 1488 1610">
     <span class='ocr_line' id='line_1_75' title="bbox 1114 1573 1488 1610; baseline 0.003 -11"><span class='ocrx_word' id='word_1_499' title='bbox 1114 1573 1224 1609; x_wconf 79' lang='grc' dir='ltr'>ταμένῳ</span> <span class='ocrx_word' id='word_1_500' title='bbox 1243 1573 1372 1608; x_wconf 80' lang='grc' dir='ltr'>ζητοῦσιν</span> <span class='ocrx_word' id='word_1_501' title='bbox 1390 1573 1488 1610; x_wconf 79' lang='grc' dir='ltr'>αὐτήν.</span> 
     </span>
    </p>
   </div>
   <div class='ocr_carea' id='block_1_76' title="bbox 1150 1619 1902 1655">
    <p class='ocr_par' dir='ltr' id='par_1_76' title="bbox 1150 1619 1902 1655">
     <span class='ocr_line' id='line_1_76' title="bbox 1150 1619 1902 1655; baseline 0.003 -10"><span class='ocrx_word' id='word_1_502' title='bbox 1150 1619 1203 1645; x_wconf 80' lang='grc' dir='ltr'><strong>Καὶ</strong></span> <span class='ocrx_word' id='word_1_503' title='bbox 1219 1619 1277 1646; x_wconf 78' lang='grc' dir='ltr'><strong>ἀπὸ</strong></span> <span class='ocrx_word' id='word_1_504' title='bbox 1293 1621 1455 1653; x_wconf 79' lang='grc' dir='ltr'>προσώπου</span> <span class='ocrx_word' id='word_1_505' title='bbox 1467 1619 1560 1647; x_wconf 79' lang='grc' dir='ltr'>αὑτοῦ</span> <span class='ocrx_word' id='word_1_506' title='bbox 1573 1619 1683 1655; x_wconf 78' lang='grc' dir='ltr'>γνῶσις</span> <span class='ocrx_word' id='word_1_507' title='bbox 1697 1620 1747 1647; x_wconf 78' lang='grc' dir='ltr'>καὶ</span> <span class='ocrx_word' id='word_1_508' title='bbox 1762 1621 1902 1654; x_wconf 70' lang='grc' dir='ltr'>σύνεσις.</span> 
     </span>
    </p>
   </div>
   <div class='ocr_carea' id='block_1_77' title="bbox 1112 1665 1906 1703">
    <p class='ocr_par' dir='ltr' id='par_1_77' title="bbox 1112 1665 1906 1703">
     <span class='ocr_line' id='line_1_77' title="bbox 1112 1665 1906 1703; baseline 0 -10"><span class='ocrx_word' id='word_1_509' title='bbox 1112 1666 1167 1693; x_wconf 81' lang='lat' dir='ltr'><strong>Kal</strong></span> <span class='ocrx_word' id='word_1_510' title='bbox 1180 1666 1237 1697; x_wconf 82' lang='grc' dir='ltr'>τοῖς</span> <span class='ocrx_word' id='word_1_511' title='bbox 1251 1665 1377 1692; x_wconf 72' lang='grc' dir='ltr'>ἐντεῦθεν</span> <span class='ocrx_word' id='word_1_512' title='bbox 1393 1665 1442 1701; x_wconf 83' lang='grc' dir='ltr'>τὴν</span> <span class='ocrx_word' id='word_1_513' title='bbox 1457 1665 1552 1693; x_wconf 83' lang='grc' dir='ltr'>τούτου</span> <span class='ocrx_word' id='word_1_514' title='bbox 1570 1666 1672 1696; x_wconf 77' lang='grc' dir='ltr'>εἰκόνα.</span> <span class='ocrx_word' id='word_1_515' title='bbox 1686 1666 1723 1698; x_wconf 82' lang='grc' dir='ltr'>ὡς</span> <span class='ocrx_word' id='word_1_516' title='bbox 1740 1667 1906 1703; x_wconf 83' lang='grc' dir='ltr'>υἱοθετηθεῖ-</span> 
     </span>
    </p>
   </div>
   <div class='ocr_carea' id='block_1_78' title="bbox 1113 1713 1905 1750">
    <p class='ocr_par' dir='ltr' id='par_1_78' title="bbox 1113 1713 1905 1750">
     <span class='ocr_line' id='line_1_78' title="bbox 1113 1713 1905 1750; baseline 0.001 -11"><span class='ocrx_word' id='word_1_517' title='bbox 1113 1721 1155 1739; x_wconf 87' lang='grc' dir='ltr'><strong>σιν</strong></span> <span class='ocrx_word' id='word_1_518' title='bbox 1173 1713 1258 1748; x_wconf 78' lang='grc' dir='ltr'>αὐτῷ,</span> <span class='ocrx_word' id='word_1_519' title='bbox 1273 1714 1434 1750; x_wconf 78' lang='grc' dir='ltr'>φορέσασιν,</span> <span class='ocrx_word' id='word_1_520' title='bbox 1453 1714 1572 1750; x_wconf 81' lang='grc' dir='ltr'>ὑπάρχει</span> <span class='ocrx_word' id='word_1_521' title='bbox 1589 1716 1620 1742; x_wconf 75' lang='grc' dir='ltr'>ἐκ</span> <span class='ocrx_word' id='word_1_522' title='bbox 1635 1715 1684 1750; x_wconf 76' lang='grc' dir='ltr'>μὲν</span> <span class='ocrx_word' id='word_1_523' title='bbox 1700 1715 1747 1741; x_wconf 72' lang='grc' dir='ltr'>τοῦ</span> <span class='ocrx_word' id='word_1_524' title='bbox 1765 1716 1858 1750; x_wconf 78' lang='grc' dir='ltr'>τηρεῖν</span> <span class='ocrx_word' id='word_1_525' title='bbox 1872 1714 1905 1741; x_wconf 79' lang='grc' dir='ltr'>τὸ</span> 
     </span>
    </p>
   </div>
   <div class='ocr_carea' id='block_1_79' title="bbox 1112 1759 1903 1796">
    <p class='ocr_par' dir='ltr' id='par_1_79' title="bbox 1112 1759 1903 1796">
     <span class='ocr_line' id='line_1_79' title="bbox 1112 1759 1903 1796; baseline 0 -10"><span class='ocrx_word' id='word_1_526' title='bbox 1112 1759 1173 1786; x_wconf 73' lang='grc' dir='ltr'>κατ’</span> <span class='ocrx_word' id='word_1_527' title='bbox 1185 1760 1287 1792; x_wconf 80' lang='grc' dir='ltr'>εἰκόνα,</span> <span class='ocrx_word' id='word_1_528' title='bbox 1300 1760 1399 1794; x_wconf 87' lang='grc' dir='ltr'>γνῶσις</span> <span class='ocrx_word' id='word_1_529' title='bbox 1409 1769 1416 1777; x_wconf 95' lang='grc'><strong>·</strong></span> <span class='ocrx_word' id='word_1_530' title='bbox 1434 1761 1484 1796; x_wconf 82' lang='grc' dir='ltr'>τῆς</span> <span class='ocrx_word' id='word_1_531' title='bbox 1501 1762 1550 1796; x_wconf 82' lang='grc' dir='ltr'>μὲν</span> <span class='ocrx_word' id='word_1_532' title='bbox 1563 1762 1674 1796; x_wconf 78' lang='grc' dir='ltr'>ἁγνοῖας</span> <span class='ocrx_word' id='word_1_533' title='bbox 1684 1762 1739 1788; x_wconf 70' lang='grc' dir='ltr'><strong>τῶν</strong></span> <span class='ocrx_word' id='word_1_534' title='bbox 1750 1761 1811 1788; x_wconf 80' lang='grc' dir='ltr'>καθ’</span> <span class='ocrx_word' id='word_1_535' title='bbox 1822 1760 1903 1796; x_wconf 72' lang='grc' dir='ltr'>ἡμῶν</span> 
     </span>
    </p>
   </div>
   <div class='ocr_carea' id='block_1_80' title="bbox 1112 1806 1905 1842">
    <p class='ocr_par' dir='ltr' id='par_1_80' title="bbox 1112 1806 1905 1842">
     <span class='ocr_line' id='line_1_80' title="bbox 1112 1806 1905 1842; baseline 0.001 -11"><span class='ocrx_word' id='word_1_536' title='bbox 1112 1806 1257 1840; x_wconf 78' lang='grc' dir='ltr'>νοημάτων</span> <span class='ocrx_word' id='word_1_537' title='bbox 1270 1806 1317 1833; x_wconf 79' lang='grc' dir='ltr'><strong>τοῦ</strong></span> <span class='ocrx_word' id='word_1_538' title='bbox 1331 1806 1428 1842; x_wconf 84' lang='grc' dir='ltr'>νοητοῦ</span> <span class='ocrx_word' id='word_1_539' title='bbox 1443 1806 1522 1842; x_wconf 79' lang='grc' dir='ltr'>ἡμῶν</span> <span class='ocrx_word' id='word_1_540' title='bbox 1536 1807 1634 1842; x_wconf 78' lang='grc' dir='ltr'>ἐχθροῦ</span> <span class='ocrx_word' id='word_1_541' title='bbox 1649 1807 1809 1842; x_wconf 80' lang='grc' dir='ltr'>ἁναιρετική</span> <span class='ocrx_word' id='word_1_542' title='bbox 1821 1816 1827 1822; x_wconf 94' lang='grc'><strong>·</strong></span> <span class='ocrx_word' id='word_1_543' title='bbox 1849 1807 1905 1833; x_wconf 80' lang='grc' dir='ltr'><strong>τῶν</strong></span> 
     </span>
    </p>
   </div>
   <div class='ocr_carea' id='block_1_81' title="bbox 1111 1850 1905 1888">
    <p class='ocr_par' dir='ltr' id='par_1_81' title="bbox 1111 1850 1905 1888">
     <span class='ocr_line' id='line_1_81' title="bbox 1111 1850 1905 1888; baseline 0.005 -13"><span class='ocrx_word' id='word_1_544' title='bbox 1111 1850 1174 1876; x_wconf 77' lang='grc' dir='ltr'><strong>δ’ὲν</strong></span> <span class='ocrx_word' id='word_1_545' title='bbox 1195 1852 1256 1883; x_wconf 85' lang='grc' dir='ltr'>ταῖς</span> <span class='ocrx_word' id='word_1_546' title='bbox 1279 1851 1401 1883; x_wconf 76' lang='grc' dir='ltr'>ἐντολαῖς</span> <span class='ocrx_word' id='word_1_547' title='bbox 1423 1852 1522 1886; x_wconf 82' lang='grc' dir='ltr'><strong>λόγων⁹</strong></span> <span class='ocrx_word' id='word_1_548' title='bbox 1539 1853 1600 1879; x_wconf 79' lang='grc' dir='ltr'>καθ’</span> <span class='ocrx_word' id='word_1_549' title='bbox 1613 1852 1659 1884; x_wconf 77' lang='grc' dir='ltr'>οὓς</span> <span class='ocrx_word' id='word_1_550' title='bbox 1682 1854 1706 1879; x_wconf 82' lang='lat' dir='ltr'><strong>oi</strong></span> <span class='ocrx_word' id='word_1_551' title='bbox 1731 1853 1826 1888; x_wconf 79' lang='grc' dir='ltr'>τρόποι</span> <span class='ocrx_word' id='word_1_552' title='bbox 1848 1852 1905 1878; x_wconf 80' lang='grc' dir='ltr'><strong>τῶν</strong></span> 
     </span>
    </p>
   </div>
   <div class='ocr_carea' id='block_1_82' title="bbox 1113 1897 1905 1934">
    <p class='ocr_par' dir='ltr' id='par_1_82' title="bbox 1113 1897 1905 1934">
     <span class='ocr_line' id='line_1_82' title="bbox 1113 1897 1905 1934; baseline 0.003 -11"><span class='ocrx_word' id='word_1_553' title='bbox 1113 1897 1218 1932; x_wconf 84' lang='grc' dir='ltr'>ἀρετῶν</span> <span class='ocrx_word' id='word_1_554' title='bbox 1239 1898 1431 1933; x_wconf 77' lang='grc' dir='ltr'>συνεστήκασι,</span> <span class='ocrx_word' id='word_1_555' title='bbox 1449 1898 1635 1933; x_wconf 76' lang='grc' dir='ltr'>περιληπτικὴ</span> <span class='ocrx_word' id='word_1_556' title='bbox 1647 1907 1654 1913; x_wconf 74' lang='lat'>&#39;</span> <span class='ocrx_word' id='word_1_557' title='bbox 1670 1900 1702 1925; x_wconf 77' lang='grc' dir='ltr'>ἐκ</span> <span class='ocrx_word' id='word_1_558' title='bbox 1716 1899 1745 1925; x_wconf 80' lang='grc' dir='ltr'><strong>δὲ</strong></span> <span class='ocrx_word' id='word_1_559' title='bbox 1760 1898 1806 1925; x_wconf 85' lang='grc' dir='ltr'>τοῦ</span> <span class='ocrx_word' id='word_1_560' title='bbox 1820 1898 1905 1934; x_wconf 81' lang='grc' dir='ltr'>ὲργά-</span> 
     </span>
    </p>
   </div>
   <div class='ocr_carea' id='block_1_83' title="bbox 1114 1939 1904 1978">
    <p class='ocr_par' dir='ltr' id='par_1_83' title="bbox 1114 1939 1904 1978">
     <span class='ocr_line' id='line_1_83' title="bbox 1114 1939 1904 1978; baseline 0.001 -10"><span class='ocrx_word' id='word_1_561' title='bbox 1114 1939 1208 1974; x_wconf 83' lang='grc' dir='ltr'>ζεσθαι</span> <span class='ocrx_word' id='word_1_562' title='bbox 1223 1942 1284 1969; x_wconf 88' lang='grc' dir='ltr'>καθ’</span> <span class='ocrx_word' id='word_1_563' title='bbox 1296 1943 1426 1978; x_wconf 78' lang='grc' dir='ltr'>ὁμοίωσιν</span> <span class='ocrx_word' id='word_1_564' title='bbox 1441 1943 1523 1970; x_wconf 82' lang='grc' dir='ltr'>αὑτοῦ</span> <span class='ocrx_word' id='word_1_565' title='bbox 1538 1944 1573 1970; x_wconf 72' lang='grc' dir='ltr'><strong>τὰ</strong></span> <span class='ocrx_word' id='word_1_566' title='bbox 1588 1943 1734 1978; x_wconf 85' lang='grc' dir='ltr'>πανάγαθα</span> <span class='ocrx_word' id='word_1_567' title='bbox 1747 1943 1843 1970; x_wconf 72' lang='grc' dir='ltr'>τούτου</span> <span class='ocrx_word' id='word_1_568' title='bbox 1858 1942 1904 1969; x_wconf 83' lang='grc' dir='ltr'>θε-</span> 
     </span>
    </p>
   </div>
   <div class='ocr_carea' id='block_1_84' title="bbox 1113 1986 1905 2023">
    <p class='ocr_par' dir='ltr' id='par_1_84' title="bbox 1113 1986 1905 2023">
     <span class='ocr_line' id='line_1_84' title="bbox 1113 1986 1905 2023; baseline 0.001 -10"><span class='ocrx_word' id='word_1_569' title='bbox 1113 1986 1231 2022; x_wconf 86' lang='grc' dir='ltr'>λήματα,</span> <span class='ocrx_word' id='word_1_570' title='bbox 1248 1987 1355 2019; x_wconf 77' lang='grc' dir='ltr'>σύνεσις</span> <span class='ocrx_word' id='word_1_571' title='bbox 1365 1996 1372 2003; x_wconf 76' lang='grc' dir='ltr'><strong><em>ο</em></strong></span> <span class='ocrx_word' id='word_1_572' title='bbox 1389 1988 1440 2023; x_wconf 78' lang='grc' dir='ltr'>τῆς</span> <span class='ocrx_word' id='word_1_573' title='bbox 1457 1988 1507 2023; x_wconf 81' lang='grc' dir='ltr'>μὲν</span> <span class='ocrx_word' id='word_1_574' title='bbox 1521 1988 1782 2022; x_wconf 81' lang='grc' dir='ltr'>ἀνεπιγνωμοσὺνης</span> <span class='ocrx_word' id='word_1_575' title='bbox 1794 1988 1905 2023; x_wconf 78' lang='grc' dir='ltr'>ἀναιρε-</span> 
     </span>
    </p>
   </div>
   <div class='ocr_carea' id='block_1_85' title="bbox 1114 2033 1906 2069">
    <p class='ocr_par' dir='ltr' id='par_1_85' title="bbox 1114 2033 1906 2069">
     <span class='ocr_line' id='line_1_85' title="bbox 1114 2033 1906 2069; baseline 0 -10"><span class='ocrx_word' id='word_1_576' title='bbox 1114 2033 1188 2068; x_wconf 79' lang='grc' dir='ltr'>τικὴ,</span> <span class='ocrx_word' id='word_1_577' title='bbox 1201 2033 1271 2067; x_wconf 77' lang='grc' dir='ltr'>πρὸς</span> <span class='ocrx_word' id='word_1_578' title='bbox 1282 2033 1310 2060; x_wconf 79' lang='grc' dir='ltr'><strong>δὲ</strong></span> <span class='ocrx_word' id='word_1_579' title='bbox 1323 2034 1386 2065; x_wconf 68' lang='grc' dir='ltr'>τοὺς</span> <span class='ocrx_word' id='word_1_580' title='bbox 1400 2034 1496 2068; x_wconf 81' lang='grc' dir='ltr'>λόγους</span> <span class='ocrx_word' id='word_1_581' title='bbox 1511 2034 1559 2061; x_wconf 77' lang='grc' dir='ltr'>καὶ</span> <span class='ocrx_word' id='word_1_582' title='bbox 1571 2034 1633 2065; x_wconf 74' lang='grc' dir='ltr'>τοὺς</span> <span class='ocrx_word' id='word_1_583' title='bbox 1646 2034 1763 2069; x_wconf 78' lang='grc' dir='ltr'>τρόπους</span> <span class='ocrx_word' id='word_1_584' title='bbox 1775 2034 1826 2060; x_wconf 82' lang='grc' dir='ltr'><strong>τῶν</strong></span> <span class='ocrx_word' id='word_1_585' title='bbox 1839 2034 1906 2069; x_wconf 81' lang='grc' dir='ltr'>ἀρε-</span> 
     </span>
    </p>
   </div>
   <div class='ocr_carea' id='block_1_86' title="bbox 1113 2078 1393 2115">
    <p class='ocr_par' dir='ltr' id='par_1_86' title="bbox 1113 2078 1393 2115">
     <span class='ocr_line' id='line_1_86' title="bbox 1113 2078 1393 2115; baseline 0.007 -10"><span class='ocrx_word' id='word_1_586' title='bbox 1113 2078 1168 2105; x_wconf 89' lang='grc' dir='ltr'><strong>τῶν</strong></span> <span class='ocrx_word' id='word_1_587' title='bbox 1182 2081 1393 2115; x_wconf 83' lang='grc' dir='ltr'>μεταποιητική.</span> 
     </span>
    </p>
   </div>
   <div class='ocr_carea' id='block_1_87' title="bbox 1150 2125 1903 2160">
    <p class='ocr_par' dir='ltr' id='par_1_87' title="bbox 1150 2125 1903 2160">
     <span class='ocr_line' id='line_1_87' title="bbox 1150 2125 1903 2160; baseline -0.001 -8"><span class='ocrx_word' id='word_1_588' title='bbox 1150 2125 1184 2156; x_wconf 80' lang='grc' dir='ltr'><strong>ζ’.</strong></span> <span class='ocrx_word' id='word_1_589' title='bbox 1204 2125 1257 2152; x_wconf 79' lang='grc' dir='ltr'><strong>Καὶ</strong></span> <span class='ocrx_word' id='word_1_590' title='bbox 1282 2125 1453 2160; x_wconf 77' lang='grc' dir='ltr'>θησαυρίζει</span> <span class='ocrx_word' id='word_1_591' title='bbox 1471 2125 1534 2159; x_wconf 85' lang='grc' dir='ltr'>τοῖς</span> <span class='ocrx_word' id='word_1_592' title='bbox 1550 2125 1728 2160; x_wconf 79' lang='grc' dir='ltr'>κατορθοῦσι</span> <span class='ocrx_word' id='word_1_593' title='bbox 1744 2125 1903 2158; x_wconf 79' lang='grc' dir='ltr'>σωτηρίας.</span> 
     </span>
    </p>
   </div>
   <div class='ocr_carea' id='block_1_88' title="bbox 1114 2169 1904 2206">
    <p class='ocr_par' dir='ltr' id='par_1_88' title="bbox 1114 2169 1904 2206">
     <span class='ocr_line' id='line_1_88' title="bbox 1114 2169 1904 2206; baseline -0.003 -10"><span class='ocrx_word' id='word_1_594' title='bbox 1114 2171 1169 2197; x_wconf 78' lang='lat' dir='ltr'><strong>Kal</strong></span> <span class='ocrx_word' id='word_1_595' title='bbox 1182 2170 1397 2206; x_wconf 84' lang='grc' dir='ltr'>τοιουτοτρόπως</span> <span class='ocrx_word' id='word_1_596' title='bbox 1409 2170 1623 2205; x_wconf 78' lang='grc' dir='ltr'>ἁποταμιεύεται</span> <span class='ocrx_word' id='word_1_597' title='bbox 1637 2170 1650 2195; x_wconf 86' lang='grc' dir='ltr'>ὁ</span> <span class='ocrx_word' id='word_1_598' title='bbox 1666 2169 1777 2204; x_wconf 78' lang='grc' dir='ltr'>Κύριος,</span> <span class='ocrx_word' id='word_1_599' title='bbox 1792 2169 1836 2194; x_wconf 75' lang='grc' dir='ltr'>διὰ.</span> <span class='ocrx_word' id='word_1_600' title='bbox 1851 2169 1904 2194; x_wconf 84' lang='grc' dir='ltr'><strong>τῶν</strong></span> 
     </span>
    </p>
   </div>
   <div class='ocr_carea' id='block_1_89' title="bbox 1115 2215 1903 2252">
    <p class='ocr_par' dir='ltr' id='par_1_89' title="bbox 1115 2215 1903 2252">
     <span class='ocr_line' id='line_1_89' title="bbox 1115 2215 1903 2252; baseline -0.001 -10"><span class='ocrx_word' id='word_1_601' title='bbox 1115 2215 1162 2242; x_wconf 81' lang='grc' dir='ltr'>τοῦ</span> <span class='ocrx_word' id='word_1_602' title='bbox 1181 2217 1313 2250; x_wconf 81' lang='grc' dir='ltr'>παναγὶου</span> <span class='ocrx_word' id='word_1_603' title='bbox 1330 2216 1488 2252; x_wconf 80' lang='grc' dir='ltr'>Πνεύματος</span> <span class='ocrx_word' id='word_1_604' title='bbox 1508 2216 1686 2252; x_wconf 83' lang='grc' dir='ltr'>χαρισμάτων</span> <span class='ocrx_word' id='word_1_605' title='bbox 1699 2237 1705 2247; x_wconf 89' lang='lat'><strong>,</strong></span> <span class='ocrx_word' id='word_1_606' title='bbox 1721 2216 1772 2250; x_wconf 78' lang='grc' dir='ltr'>τῆς</span> <span class='ocrx_word' id='word_1_607' title='bbox 1796 2216 1903 2250; x_wconf 57' lang='grc' dir='ltr'>σοφίας,</span> 
     </span>
    </p>
   </div>
   <div class='ocr_carea' id='block_1_90' title="bbox 277 2260 1060 2297">
    <p class='ocr_par' dir='ltr' id='par_1_90' title="bbox 277 2260 1060 2296">
     <span class='ocr_line' id='line_1_90' title="bbox 277 2260 1060 2296; baseline 0.001 -10"><span class='ocrx_word' id='word_1_608' title='bbox 277 2260 310 2287; x_wconf 72' lang='lat' dir='ltr'><strong>ad</strong></span> <span class='ocrx_word' id='word_1_609' title='bbox 330 2260 484 2292; x_wconf 83' lang='lat' dir='ltr'><strong>sinistram,</strong></span> <span class='ocrx_word' id='word_1_610' title='bbox 499 2265 562 2296; x_wconf 85' lang='lat' dir='ltr'><strong>post</strong></span> <span class='ocrx_word' id='word_1_611' title='bbox 575 2261 740 2296; x_wconf 82' lang='lat' dir='ltr'><strong>cupiditates</strong></span> <span class='ocrx_word' id='word_1_612' title='bbox 763 2268 823 2296; x_wconf 72' lang='lat' dir='ltr'><strong>qua:</strong></span> <span class='ocrx_word' id='word_1_613' title='bbox 837 2268 871 2288; x_wconf 75' lang='lat' dir='ltr'><strong>ex</strong></span> <span class='ocrx_word' id='word_1_614' title='bbox 889 2260 997 2288; x_wconf 78' lang='lat' dir='ltr'><strong>defectu</strong></span> <span class='ocrx_word' id='word_1_615' title='bbox 1018 2260 1060 2288; x_wconf 86' lang='lat' dir='ltr'><strong>vel</strong></span> 
     </span>
    </p>
   </div>
   <div class='ocr_carea' id='block_1_91' title="bbox 1111 2260 1905 2297">
    <p class='ocr_par' dir='ltr' id='par_1_91' title="bbox 1114 2261 1905 2296">
     <span class='ocr_line' id='line_1_91' title="bbox 1114 2261 1905 2296; baseline 0 -10"><span class='ocrx_word' id='word_1_616' title='bbox 1114 2261 1163 2296; x_wconf 85' lang='grc' dir='ltr'>τῆς</span> <span class='ocrx_word' id='word_1_617' title='bbox 1177 2261 1320 2293; x_wconf 83' lang='grc' dir='ltr'>συνέσεως,</span> <span class='ocrx_word' id='word_1_618' title='bbox 1335 2262 1381 2288; x_wconf 72' lang='grc' dir='ltr'><strong>καὶ</strong></span> <span class='ocrx_word' id='word_1_619' title='bbox 1395 2262 1444 2295; x_wconf 74' lang='grc' dir='ltr'>τῆς</span> <span class='ocrx_word' id='word_1_620' title='bbox 1456 2262 1593 2296; x_wconf 86' lang='grc' dir='ltr'>γνώσεως,</span> <span class='ocrx_word' id='word_1_621' title='bbox 1604 2263 1660 2292; x_wconf 88' lang='grc' dir='ltr'>τοῖς</span> <span class='ocrx_word' id='word_1_622' title='bbox 1672 2261 1735 2296; x_wconf 68' lang='grc' dir='ltr'>μήτ’</span> <span class='ocrx_word' id='word_1_623' title='bbox 1746 2262 1785 2292; x_wconf 76' lang='grc' dir='ltr'><strong>εἰς</strong></span> <span class='ocrx_word' id='word_1_624' title='bbox 1798 2262 1831 2287; x_wconf 74' lang='grc' dir='ltr'><strong>τὰ</strong></span> <span class='ocrx_word' id='word_1_625' title='bbox 1845 2261 1905 2294; x_wconf 72' lang='grc' dir='ltr'>αρι-</span> 
     </span>
    </p>
   </div>
   <div class='ocr_carea' id='block_1_92' title="bbox 274 2306 1061 2340">
    <p class='ocr_par' dir='ltr' id='par_1_92' title="bbox 274 2306 1061 2340">
     <span class='ocr_line' id='line_1_92' title="bbox 274 2306 1061 2340; baseline 0.001 -7"><span class='ocrx_word' id='word_1_626' title='bbox 274 2315 306 2333; x_wconf 79' lang='lat' dir='ltr'><strong>cx</strong></span> <span class='ocrx_word' id='word_1_627' title='bbox 325 2314 442 2334; x_wconf 83' lang='lat' dir='ltr'><strong>excessu</strong></span> <span class='ocrx_word' id='word_1_628' title='bbox 456 2307 565 2335; x_wconf 87' lang='lat' dir='ltr'><strong>virttttis</strong></span> <span class='ocrx_word' id='word_1_629' title='bbox 592 2307 732 2340; x_wconf 85' lang='lat' dir='ltr'><strong>oriuntur.</strong></span> <span class='ocrx_word' id='word_1_630' title='bbox 747 2306 928 2338; x_wconf 83' lang='lat' dir='ltr'><strong>declinavere,</strong></span> <span class='ocrx_word' id='word_1_631' title='bbox 941 2307 1061 2334; x_wconf 83' lang='lat' dir='ltr'><strong>servabit</strong></span> 
     </span>
    </p>
   </div>
   <div class='ocr_carea' id='block_1_93' title="bbox 275 2352 1060 2387">
    <p class='ocr_par' dir='ltr' id='par_1_93' title="bbox 275 2352 1060 2387">
     <span class='ocr_line' id='line_1_93' title="bbox 275 2352 1060 2387; baseline 0.001 -8"><span class='ocrx_word' id='word_1_632' title='bbox 275 2352 411 2381; x_wconf 85' lang='lat' dir='ltr'><strong>Dominus</strong></span> <span class='ocrx_word' id='word_1_633' title='bbox 430 2356 559 2380; x_wconf 67' lang='lat' dir='ltr'><strong>aeternam</strong></span> <span class='ocrx_word' id='word_1_634' title='bbox 590 2353 757 2387; x_wconf 78' lang='lat' dir='ltr'><strong>custodiam,</strong></span> <span class='ocrx_word' id='word_1_635' title='bbox 785 2361 881 2381; x_wconf 90' lang='lat' dir='ltr'><strong>eorum</strong></span> <span class='ocrx_word' id='word_1_636' title='bbox 898 2358 926 2381; x_wconf 91' lang='lat' dir='ltr'><strong>et</strong></span> <span class='ocrx_word' id='word_1_637' title='bbox 940 2354 1060 2381; x_wconf 88' lang='lat' dir='ltr'><strong>animam</strong></span> 
     </span>
    </p>
   </div>
   <div class='ocr_carea' id='block_1_94' title="bbox 275 2399 1061 2435">
    <p class='ocr_par' dir='ltr' id='par_1_94' title="bbox 275 2399 1061 2435">
     <span class='ocr_line' id='line_1_94' title="bbox 275 2399 1061 2435; baseline 0 -9"><span class='ocrx_word' id='word_1_638' title='bbox 275 2404 304 2426; x_wconf 86' lang='lat' dir='ltr'><strong>et</strong></span> <span class='ocrx_word' id='word_1_639' title='bbox 320 2399 446 2434; x_wconf 85' lang='lat' dir='ltr'><strong>spiritum</strong></span> <span class='ocrx_word' id='word_1_640' title='bbox 463 2404 490 2426; x_wconf 90' lang='lat' dir='ltr'><strong>et</strong></span> <span class='ocrx_word' id='word_1_641' title='bbox 505 2407 617 2427; x_wconf 87' lang='lat' dir='ltr'><strong>carnem</strong></span> <span class='ocrx_word' id='word_1_642' title='bbox 637 2399 673 2427; x_wconf 90' lang='lat' dir='ltr'><strong>ab</strong></span> <span class='ocrx_word' id='word_1_643' title='bbox 697 2399 848 2435; x_wconf 82' lang='lat' dir='ltr'><strong>impietate,</strong></span> <span class='ocrx_word' id='word_1_644' title='bbox 864 2404 892 2427; x_wconf 90' lang='lat' dir='ltr'><strong>et</strong></span> <span class='ocrx_word' id='word_1_645' title='bbox 907 2399 1061 2435; x_wconf 75' lang='lat' dir='ltr'><strong>ignorantia</strong></span> 
     </span>
    </p>
   </div>
   <div class='ocr_carea' id='block_1_95' title="bbox 276 2444 571 2476">
    <p class='ocr_par' dir='ltr' id='par_1_95' title="bbox 276 2444 571 2476">
     <span class='ocr_line' id='line_1_95' title="bbox 276 2444 571 2476; baseline 0.007 -6"><span class='ocrx_word' id='word_1_646' title='bbox 276 2447 304 2471; x_wconf 87' lang='lat' dir='ltr'><strong>et</strong></span> <span class='ocrx_word' id='word_1_647' title='bbox 320 2444 423 2472; x_wconf 87' lang='lat' dir='ltr'><strong>malitia</strong></span> <span class='ocrx_word' id='word_1_648' title='bbox 440 2444 571 2476; x_wconf 87' lang='lat' dir='ltr'><strong>liberans.</strong></span> 
     </span>
    </p>
   </div>
   <div class='ocr_carea' id='block_1_96' title="bbox 314 2489 1061 2526">
    <p class='ocr_par' dir='ltr' id='par_1_96' title="bbox 314 2489 1061 2526">
     <span class='ocr_line' id='line_1_96' title="bbox 314 2489 1061 2526; baseline 0 -10"><span class='ocrx_word' id='word_1_649' title='bbox 314 2489 395 2518; x_wconf 67' lang='lat' dir='ltr'><strong>Vatis.</strong></span> <span class='ocrx_word' id='word_1_650' title='bbox 428 2491 455 2517; x_wconf 89' lang='lat'><strong>8.</strong></span> <span class='ocrx_word' id='word_1_651' title='bbox 475 2490 598 2526; x_wconf 73' lang='lat' dir='ltr'><strong>Protegat</strong></span> <span class='ocrx_word' id='word_1_652' title='bbox 622 2491 691 2518; x_wconf 72' lang='lat' dir='ltr'><strong>ciam</strong></span> <span class='ocrx_word' id='word_1_653' title='bbox 717 2499 809 2518; x_wconf 87' lang='lat' dir='ltr'><strong>eorum</strong></span> <span class='ocrx_word' id='word_1_654' title='bbox 834 2499 879 2526; x_wconf 82' lang='lat' dir='ltr'><strong>qui</strong></span> <span class='ocrx_word' id='word_1_655' title='bbox 908 2490 1061 2518; x_wconf 78' lang='lat' dir='ltr'><strong>custodiunt</strong></span> 
     </span>
    </p>
   </div>
   <div class='ocr_carea' id='block_1_97' title="bbox 274 2537 1062 2570">
    <p class='ocr_par' dir='ltr' id='par_1_97' title="bbox 274 2537 1062 2570">
     <span class='ocr_line' id='line_1_97' title="bbox 274 2537 1062 2570; baseline 0 -7"><span class='ocrx_word' id='word_1_656' title='bbox 274 2538 383 2564; x_wconf 80' lang='lat' dir='ltr'><strong>semitas</strong></span> <span class='ocrx_word' id='word_1_657' title='bbox 399 2537 598 2570; x_wconf 80' lang='lat' dir='ltr'><strong>mandatorum,</strong></span> <span class='ocrx_word' id='word_1_658' title='bbox 618 2542 643 2564; x_wconf 84' lang='lat' dir='ltr'><strong>et</strong></span> <span class='ocrx_word' id='word_1_659' title='bbox 666 2538 736 2564; x_wconf 80' lang='lat' dir='ltr'><strong>virtut</strong></span> <span class='ocrx_word' id='word_1_660' title='bbox 752 2537 903 2565; x_wconf 82' lang='lat' dir='ltr'><strong>timentium</strong></span> <span class='ocrx_word' id='word_1_661' title='bbox 920 2537 997 2564; x_wconf 87' lang='lat' dir='ltr'><strong>illum</strong></span> <span class='ocrx_word' id='word_1_662' title='bbox 1007 2545 1062 2564; x_wconf 85' lang='lat' dir='ltr'><strong>ser-</strong></span> 
     </span>
    </p>
   </div>
   <div class='ocr_carea' id='block_1_98' title="bbox 275 2581 1062 2620">
    <p class='ocr_par' dir='ltr' id='par_1_98' title="bbox 275 2581 1062 2620">
     <span class='ocr_line' id='line_1_98' title="bbox 275 2581 1062 2620; baseline -0.001 -11"><span class='ocrx_word' id='word_1_663' title='bbox 275 2583 353 2620; x_wconf 72' lang='lat' dir='ltr'><strong>vqbit.</strong></span> <span class='ocrx_word' id='word_1_664' title='bbox 370 2581 403 2609; x_wconf 85' lang='lat' dir='ltr'><strong>Et</strong></span> <span class='ocrx_word' id='word_1_665' title='bbox 418 2583 594 2610; x_wconf 74' lang='lat' dir='ltr'><strong>auxiliabitur</strong></span> <span class='ocrx_word' id='word_1_666' title='bbox 614 2591 708 2611; x_wconf 84' lang='lat' dir='ltr'><strong>eorum</strong></span> <span class='ocrx_word' id='word_1_667' title='bbox 725 2583 775 2610; x_wconf 63' lang='lat' dir='ltr'><strong>via:</strong></span> <span class='ocrx_word' id='word_1_668' title='bbox 791 2587 881 2615; x_wconf 62' lang='lat' dir='ltr'><strong>rectae,</strong></span> <span class='ocrx_word' id='word_1_669' title='bbox 894 2583 957 2618; x_wconf 88' lang='lat' dir='ltr'><strong>quia</strong></span> <span class='ocrx_word' id='word_1_670' title='bbox 978 2582 1062 2609; x_wconf 81' lang='lat' dir='ltr'><strong>lirtni-</strong></span> 
     </span>
    </p>
   </div>
   <div class='ocr_carea' id='block_1_99' title="bbox 274 2627 1061 2663">
    <p class='ocr_par' dir='ltr' id='par_1_99' title="bbox 274 2627 1061 2663">
     <span class='ocr_line' id='line_1_99' title="bbox 274 2627 1061 2663; baseline 0.003 -9"><span class='ocrx_word' id='word_1_671' title='bbox 274 2633 316 2655; x_wconf 86' lang='lat' dir='ltr'><strong>ter</strong></span> <span class='ocrx_word' id='word_1_672' title='bbox 347 2629 519 2656; x_wconf 78' lang='lat' dir='ltr'><strong>voluntatum</strong></span> <span class='ocrx_word' id='word_1_673' title='bbox 549 2635 662 2656; x_wconf 88' lang='lat' dir='ltr'><strong>suarum</strong></span> <span class='ocrx_word' id='word_1_674' title='bbox 692 2635 775 2663; x_wconf 87' lang='lat' dir='ltr'><strong>opera</strong></span> <span class='ocrx_word' id='word_1_675' title='bbox 801 2631 960 2663; x_wconf 81' lang='lat' dir='ltr'><strong>gesserunt,</strong></span> <span class='ocrx_word' id='word_1_676' title='bbox 976 2632 1003 2655; x_wconf 87' lang='lat' dir='ltr'><strong>et</strong></span> <span class='ocrx_word' id='word_1_677' title='bbox 1019 2627 1061 2656; x_wconf 90' lang='lat' dir='ltr'><strong>his</strong></span> 
     </span>
    </p>
   </div>
   <div class='ocr_carea' id='block_1_100' title="bbox 273 2671 1062 2706">
    <p class='ocr_par' dir='ltr' id='par_1_100' title="bbox 273 2671 1062 2706">
     <span class='ocr_line' id='line_1_100' title="bbox 273 2671 1062 2706; baseline 0.003 -9"><span class='ocrx_word' id='word_1_678' title='bbox 273 2672 320 2706; x_wconf 82' lang='lat' dir='ltr'><strong>qui</strong></span> <span class='ocrx_word' id='word_1_679' title='bbox 341 2671 417 2699; x_wconf 89' lang='lat' dir='ltr'><strong>illum</strong></span> <span class='ocrx_word' id='word_1_680' title='bbox 432 2671 540 2704; x_wconf 87' lang='lat' dir='ltr'><strong>timent,</strong></span> <span class='ocrx_word' id='word_1_681' title='bbox 569 2672 652 2705; x_wconf 85' lang='lat' dir='ltr'><strong>viam,</strong></span> <span class='ocrx_word' id='word_1_682' title='bbox 686 2672 718 2699; x_wconf 85' lang='lat' dir='ltr'><strong>ad</strong></span> <span class='ocrx_word' id='word_1_683' title='bbox 738 2679 768 2700; x_wconf 86' lang='lat' dir='ltr'><strong>se</strong></span> <span class='ocrx_word' id='word_1_684' title='bbox 785 2671 940 2705; x_wconf 88' lang='lat' dir='ltr'><strong>ducentem,</strong></span> <span class='ocrx_word' id='word_1_685' title='bbox 961 2671 996 2699; x_wconf 84' lang='lat' dir='ltr'><strong>ab</strong></span> <span class='ocrx_word' id='word_1_686' title='bbox 1011 2671 1062 2699; x_wconf 89' lang='lat' dir='ltr'><strong>iui-</strong></span> 
     </span>
    </p>
   </div>
   <div class='ocr_carea' id='block_1_101' title="bbox 274 2717 722 2752">
    <p class='ocr_par' dir='ltr' id='par_1_101' title="bbox 274 2717 722 2752">
     <span class='ocr_line' id='line_1_101' title="bbox 274 2717 722 2752; baseline 0.002 -8"><span class='ocrx_word' id='word_1_687' title='bbox 274 2717 347 2744; x_wconf 86' lang='lat' dir='ltr'><strong>mico</strong></span> <span class='ocrx_word' id='word_1_688' title='bbox 358 2717 497 2752; x_wconf 86' lang='lat' dir='ltr'><strong>spirituali</strong></span> <span class='ocrx_word' id='word_1_689' title='bbox 516 2721 601 2744; x_wconf 88' lang='lat' dir='ltr'><strong>tutam</strong></span> <span class='ocrx_word' id='word_1_690' title='bbox 617 2717 722 2745; x_wconf 86' lang='lat' dir='ltr'><strong>reddet.</strong></span> 
     </span>
    </p>
   </div>
   <div class='ocr_carea' id='block_1_102' title="bbox 307 2803 1058 2841">
    <p class='ocr_par' dir='ltr' id='par_1_102' title="bbox 307 2803 1058 2841">
     <span class='ocr_line' id='line_1_102' title="bbox 307 2803 1058 2841; baseline 0.003 -10"><span class='ocrx_word' id='word_1_691' title='bbox 307 2803 393 2833; x_wconf 71' lang='lat' dir='ltr'><strong>Vatis.</strong></span> <span class='ocrx_word' id='word_1_692' title='bbox 413 2805 441 2832; x_wconf 84' lang='lat'><strong>9.</strong></span> <span class='ocrx_word' id='word_1_693' title='bbox 461 2804 532 2832; x_wconf 79' lang='lat' dir='ltr'><strong>Tum:</strong></span> <span class='ocrx_word' id='word_1_694' title='bbox 551 2805 682 2841; x_wconf 78' lang='lat' dir='ltr'><strong>intelliges</strong></span> <span class='ocrx_word' id='word_1_695' title='bbox 698 2807 846 2841; x_wconf 80' lang='lat' dir='ltr'><strong>justitiam,</strong></span> <span class='ocrx_word' id='word_1_696' title='bbox 865 2811 890 2834; x_wconf 87' lang='lat' dir='ltr'><strong>et</strong></span> <span class='ocrx_word' id='word_1_697' title='bbox 912 2807 1058 2841; x_wconf 79' lang='lat' dir='ltr'><strong>judicium,</strong></span> 
     </span>
    </p>
   </div>
   <div class='ocr_carea' id='block_1_103' title="bbox 272 2851 1062 2885">
    <p class='ocr_par' dir='ltr' id='par_1_103' title="bbox 272 2851 1062 2885">
     <span class='ocr_line' id='line_1_103' title="bbox 272 2851 1062 2885; baseline 0.003 -8"><span class='ocrx_word' id='word_1_698' title='bbox 272 2855 296 2878; x_wconf 83' lang='lat' dir='ltr'><strong>et</strong></span> <span class='ocrx_word' id='word_1_699' title='bbox 311 2855 396 2884; x_wconf 71' lang='lat' dir='ltr'><strong>rectas</strong></span> <span class='ocrx_word' id='word_1_700' title='bbox 412 2851 493 2885; x_wconf 80' lang='lat' dir='ltr'><strong>facies</strong></span> <span class='ocrx_word' id='word_1_701' title='bbox 519 2851 628 2878; x_wconf 78' lang='lat' dir='ltr'><strong>semitas</strong></span> <span class='ocrx_word' id='word_1_702' title='bbox 660 2851 752 2879; x_wconf 70' lang='lat' dir='ltr'><strong>bonas.</strong></span> <span class='ocrx_word' id='word_1_703' title='bbox 771 2852 896 2885; x_wconf 85' lang='lat' dir='ltr'><strong>Quando,</strong></span> <span class='ocrx_word' id='word_1_704' title='bbox 919 2860 992 2881; x_wconf 82' lang='lat' dir='ltr'><strong>meas</strong></span> <span class='ocrx_word' id='word_1_705' title='bbox 1007 2860 1062 2881; x_wconf 76' lang='lat' dir='ltr'><strong>ex—</strong></span> 
     </span>
    </p>
   </div>
   <div class='ocr_carea' id='block_1_104' title="bbox 274 2895 1062 2933">
    <p class='ocr_par' dir='ltr' id='par_1_104' title="bbox 274 2895 1062 2933">
     <span class='ocr_line' id='line_1_104' title="bbox 274 2895 1062 2933; baseline 0.004 -10"><span class='ocrx_word' id='word_1_706' title='bbox 274 2895 443 2924; x_wconf 77' lang='lat' dir='ltr'><strong>hortationes</strong></span> <span class='ocrx_word' id='word_1_707' title='bbox 456 2895 601 2930; x_wconf 85' lang='lat' dir='ltr'><strong>audiendo,</strong></span> <span class='ocrx_word' id='word_1_708' title='bbox 620 2896 653 2924; x_wconf 84' lang='lat' dir='ltr'><strong>ad</strong></span> <span class='ocrx_word' id='word_1_709' title='bbox 685 2897 782 2924; x_wconf 87' lang='lat' dir='ltr'><strong>horum</strong></span> <span class='ocrx_word' id='word_1_710' title='bbox 810 2897 944 2925; x_wconf 87' lang='lat' dir='ltr'><strong>bonorum</strong></span> <span class='ocrx_word' id='word_1_711' title='bbox 965 2905 1062 2933; x_wconf 82' lang='lat' dir='ltr'><strong>perve-</strong></span> 
     </span>
    </p>
   </div>
   <div class='ocr_carea' id='block_1_105' title="bbox 1116 2305 1904 2342">
    <p class='ocr_par' dir='ltr' id='par_1_105' title="bbox 1116 2305 1904 2342">
     <span class='ocr_line' id='line_1_105' title="bbox 1116 2305 1904 2342; baseline -0.003 -10"><span class='ocrx_word' id='word_1_712' title='bbox 1116 2306 1198 2341; x_wconf 75' lang='grc' dir='ltr'>στερὰ</span> <span class='ocrx_word' id='word_1_713' title='bbox 1218 2306 1332 2342; x_wconf 82' lang='grc' dir='ltr'>μήτέἱς</span> <span class='ocrx_word' id='word_1_714' title='bbox 1356 2307 1450 2339; x_wconf 80' lang='grc' dir='ltr'>δεξιὰ,</span> <span class='ocrx_word' id='word_1_715' title='bbox 1464 2307 1497 2333; x_wconf 81' lang='grc' dir='ltr'><strong>τὰ</strong></span> <span class='ocrx_word' id='word_1_716' title='bbox 1522 2306 1709 2341; x_wconf 65' lang='grc' dir='ltr'>κατ’ἐλλειψιν</span> <span class='ocrx_word' id='word_1_717' title='bbox 1729 2305 1829 2340; x_wconf 81' lang='grc' dir='ltr'>δηλαδὴ</span> <span class='ocrx_word' id='word_1_718' title='bbox 1853 2305 1904 2340; x_wconf 83' lang='grc' dir='ltr'>τῆς</span> 
     </span>
    </p>
   </div>
   <div class='ocr_carea' id='block_1_106' title="bbox 1114 2351 1904 2388">
    <p class='ocr_par' dir='ltr' id='par_1_106' title="bbox 1114 2351 1904 2388">
     <span class='ocr_line' id='line_1_106' title="bbox 1114 2351 1904 2388; baseline -0.001 -10"><span class='ocrx_word' id='word_1_719' title='bbox 1114 2353 1230 2387; x_wconf 78' lang='grc' dir='ltr'>ἀρετῆς,</span> <span class='ocrx_word' id='word_1_720' title='bbox 1248 2353 1294 2378; x_wconf 79' lang='grc' dir='ltr'><strong>καὶ</strong></span> <span class='ocrx_word' id='word_1_721' title='bbox 1312 2352 1346 2378; x_wconf 70' lang='grc' dir='ltr'><strong>τὰ</strong></span> <span class='ocrx_word' id='word_1_722' title='bbox 1373 2353 1433 2379; x_wconf 73' lang='grc' dir='ltr'>καθ’</span> <span class='ocrx_word' id='word_1_723' title='bbox 1446 2352 1600 2388; x_wconf 83' lang='grc' dir='ltr'>ὑπερϐολὴν</span> <span class='ocrx_word' id='word_1_724' title='bbox 1623 2352 1697 2388; x_wconf 84' lang='grc' dir='ltr'>πάθη</span> <span class='ocrx_word' id='word_1_725' title='bbox 1721 2351 1904 2383; x_wconf 78' lang='grc' dir='ltr'>ἐκκλίνουσιν,</span> 
     </span>
    </p>
   </div>
   <div class='ocr_carea' id='block_1_107' title="bbox 1112 2397 1904 2433">
    <p class='ocr_par' dir='ltr' id='par_1_107' title="bbox 1112 2397 1904 2433">
     <span class='ocr_line' id='line_1_107' title="bbox 1112 2397 1904 2433; baseline 0 -10"><span class='ocrx_word' id='word_1_726' title='bbox 1112 2397 1244 2433; x_wconf 84' lang='grc' dir='ltr'>ἀνελλιπῆ</span> <span class='ocrx_word' id='word_1_727' title='bbox 1265 2398 1404 2433; x_wconf 62' lang='grc' dir='ltr'>φυλακὴν,</span> <span class='ocrx_word' id='word_1_728' title='bbox 1425 2399 1546 2433; x_wconf 80' lang='grc' dir='ltr'>δηλονότι</span> <span class='ocrx_word' id='word_1_729' title='bbox 1562 2398 1633 2425; x_wconf 78' lang='grc' dir='ltr'>κατὰ</span> <span class='ocrx_word' id='word_1_730' title='bbox 1654 2398 1717 2425; x_wconf 79' lang='grc' dir='ltr'>νοῦν</span> <span class='ocrx_word' id='word_1_731' title='bbox 1743 2399 1790 2424; x_wconf 71' lang='grc' dir='ltr'>καὶ</span> <span class='ocrx_word' id='word_1_732' title='bbox 1813 2398 1904 2433; x_wconf 62' lang='grc' dir='ltr'>ψυχὴν</span> 
     </span>
    </p>
   </div>
   <div class='ocr_carea' id='block_1_108' title="bbox 1114 2443 1829 2478">
    <p class='ocr_par' dir='ltr' id='par_1_108' title="bbox 1114 2443 1829 2478">
     <span class='ocr_line' id='line_1_108' title="bbox 1114 2443 1829 2478; baseline 0.001 -9"><span class='ocrx_word' id='word_1_733' title='bbox 1114 2444 1160 2469; x_wconf 73' lang='grc' dir='ltr'>καὶ</span> <span class='ocrx_word' id='word_1_734' title='bbox 1180 2443 1270 2478; x_wconf 86' lang='grc' dir='ltr'>σάρκα</span> <span class='ocrx_word' id='word_1_735' title='bbox 1289 2444 1343 2470; x_wconf 80' lang='grc' dir='ltr'><strong>ἀπό</strong></span> <span class='ocrx_word' id='word_1_736' title='bbox 1363 2452 1392 2470; x_wconf 84' lang='grc' dir='ltr'><strong>τε</strong></span> <span class='ocrx_word' id='word_1_737' title='bbox 1411 2444 1506 2476; x_wconf 72' lang='lat' dir='ltr'><strong>ditata;</strong></span> <span class='ocrx_word' id='word_1_738' title='bbox 1524 2444 1636 2478; x_wconf 79' lang='grc' dir='ltr'>ἀγνοίας</span> <span class='ocrx_word' id='word_1_739' title='bbox 1655 2445 1702 2470; x_wconf 82' lang='grc' dir='ltr'><strong>καὶ</strong></span> <span class='ocrx_word' id='word_1_740' title='bbox 1721 2443 1829 2475; x_wconf 81' lang='grc' dir='ltr'>κακίας.</span> 
     </span>
    </p>
   </div>
   <div class='ocr_carea' id='block_1_109' title="bbox 1148 2489 1906 2524">
    <p class='ocr_par' dir='ltr' id='par_1_109' title="bbox 1148 2489 1906 2524">
     <span class='ocr_line' id='line_1_109' title="bbox 1148 2489 1906 2524; baseline 0 -8"><span class='ocrx_word' id='word_1_741' title='bbox 1148 2492 1182 2524; x_wconf 86' lang='grc' dir='ltr'><strong>η’.</strong></span> <span class='ocrx_word' id='word_1_742' title='bbox 1205 2489 1401 2523; x_wconf 77' lang='grc' dir='ltr'>Ὑπερασπιεῖ</span> <span class='ocrx_word' id='word_1_743' title='bbox 1414 2489 1447 2516; x_wconf 81' lang='grc' dir='ltr'><em>δὲ</em></span> <span class='ocrx_word' id='word_1_744' title='bbox 1472 2490 1530 2523; x_wconf 86' lang='grc' dir='ltr'><strong>τὴν</strong></span> <span class='ocrx_word' id='word_1_745' title='bbox 1559 2490 1682 2524; x_wconf 85' lang='grc' dir='ltr'>πορείαν</span> <span class='ocrx_word' id='word_1_746' title='bbox 1703 2489 1818 2521; x_wconf 77' lang='grc' dir='ltr'>αὐτῶν,</span> <span class='ocrx_word' id='word_1_747' title='bbox 1850 2489 1906 2516; x_wconf 82' lang='grc' dir='ltr'>τοῦ</span> 
     </span>
    </p>
   </div>
   <div class='ocr_carea' id='block_1_110' title="bbox 1113 2533 1905 2569">
    <p class='ocr_par' dir='ltr' id='par_1_110' title="bbox 1113 2533 1905 2569">
     <span class='ocr_line' id='line_1_110' title="bbox 1113 2533 1905 2569; baseline 0.001 -10"><span class='ocrx_word' id='word_1_748' title='bbox 1113 2533 1245 2567; x_wconf 72' lang='grc' dir='ltr'>φυλάξαι</span> <span class='ocrx_word' id='word_1_749' title='bbox 1263 2533 1352 2567; x_wconf 81' lang='grc' dir='ltr'>ὀδοὺς</span> <span class='ocrx_word' id='word_1_750' title='bbox 1367 2533 1580 2569; x_wconf 78' lang='grc' dir='ltr'>δικαιωμάτων,</span> <span class='ocrx_word' id='word_1_751' title='bbox 1600 2534 1648 2561; x_wconf 75' lang='grc' dir='ltr'>καὶ</span> <span class='ocrx_word' id='word_1_752' title='bbox 1667 2534 1740 2561; x_wconf 72' lang='grc' dir='ltr'><em>ὁδὸν</em></span> <span class='ocrx_word' id='word_1_753' title='bbox 1755 2535 1905 2561; x_wconf 60' lang='grc' dir='ltr'>εὐλαϐου-</span> 
     </span>
    </p>
   </div>
   <div class='ocr_carea' id='block_1_111' title="bbox 1111 2578 1905 2615">
    <p class='ocr_par' dir='ltr' id='par_1_111' title="bbox 1111 2578 1905 2615">
     <span class='ocr_line' id='line_1_111' title="bbox 1111 2578 1905 2615; baseline 0.001 -10"><span class='ocrx_word' id='word_1_754' title='bbox 1111 2578 1210 2612; x_wconf 83' lang='grc' dir='ltr'>μένων</span> <span class='ocrx_word' id='word_1_755' title='bbox 1228 2579 1321 2606; x_wconf 77' lang='grc' dir='ltr'>αὐτὸν</span> <span class='ocrx_word' id='word_1_756' title='bbox 1346 2579 1532 2614; x_wconf 66' lang='grc' dir='ltr'>διαφυλάξει.</span> <span class='ocrx_word' id='word_1_757' title='bbox 1553 2580 1608 2607; x_wconf 88' lang='lat' dir='ltr'><strong>Kal</strong></span> <span class='ocrx_word' id='word_1_758' title='bbox 1635 2579 1818 2615; x_wconf 84' lang='grc' dir='ltr'>βοηθήσειτῷ</span> <span class='ocrx_word' id='word_1_759' title='bbox 1843 2580 1905 2606; x_wconf 83' lang='grc' dir='ltr'>κατ’</span> 
     </span>
    </p>
   </div>
   <div class='ocr_carea' id='block_1_112' title="bbox 1113 2625 1906 2661">
    <p class='ocr_par' dir='ltr' id='par_1_112' title="bbox 1113 2625 1906 2661">
     <span class='ocr_line' id='line_1_112' title="bbox 1113 2625 1906 2661; baseline -0.001 -8"><span class='ocrx_word' id='word_1_760' title='bbox 1113 2625 1214 2660; x_wconf 82' lang='grc' dir='ltr'>ἀρετὴν</span> <span class='ocrx_word' id='word_1_761' title='bbox 1228 2625 1321 2660; x_wconf 81' lang='grc' dir='ltr'>δρόμῳ</span> <span class='ocrx_word' id='word_1_762' title='bbox 1335 2625 1434 2657; x_wconf 75' lang='grc' dir='ltr'>αὐτῶν,</span> <span class='ocrx_word' id='word_1_763' title='bbox 1467 2625 1538 2652; x_wconf 82' lang='grc' dir='ltr'>ὥστε</span> <span class='ocrx_word' id='word_1_764' title='bbox 1551 2625 1671 2661; x_wconf 78' lang='grc' dir='ltr'>τηρῆσαι</span> <span class='ocrx_word' id='word_1_765' title='bbox 1693 2625 1906 2661; x_wconf 82' lang='grc' dir='ltr'>ἁπαρεγκλίτως</span> 
     </span>
    </p>
   </div>
   <div class='ocr_carea' id='block_1_113' title="bbox 1112 2670 1906 2708">
    <p class='ocr_par' dir='ltr' id='par_1_113' title="bbox 1112 2670 1906 2708">
     <span class='ocr_line' id='line_1_113' title="bbox 1112 2670 1906 2708; baseline 0.001 -12"><span class='ocrx_word' id='word_1_766' title='bbox 1112 2670 1162 2701; x_wconf 81' lang='grc' dir='ltr'>τὰς</span> <span class='ocrx_word' id='word_1_767' title='bbox 1177 2671 1306 2705; x_wconf 75' lang='grc' dir='ltr'>ἐργασίας</span> <span class='ocrx_word' id='word_1_768' title='bbox 1315 2670 1368 2696; x_wconf 85' lang='grc' dir='ltr'><strong>τῶν</strong></span> <span class='ocrx_word' id='word_1_769' title='bbox 1385 2671 1470 2704; x_wconf 76' lang='grc' dir='ltr'>ἁγίων</span> <span class='ocrx_word' id='word_1_770' title='bbox 1479 2671 1561 2698; x_wconf 75' lang='grc' dir='ltr'>αὑτοῦ</span> <span class='ocrx_word' id='word_1_771' title='bbox 1575 2672 1703 2698; x_wconf 78' lang='grc' dir='ltr'>ἐντολῶν·</span> <span class='ocrx_word' id='word_1_772' title='bbox 1716 2673 1764 2699; x_wconf 77' lang='grc' dir='ltr'><strong>καὶ</strong></span> <span class='ocrx_word' id='word_1_773' title='bbox 1773 2672 1820 2708; x_wconf 79' lang='grc' dir='ltr'>τὴν</span> <span class='ocrx_word' id='word_1_774' title='bbox 1834 2672 1906 2707; x_wconf 80' lang='grc' dir='ltr'>πρὸς</span> 
     </span>
    </p>
   </div>
   <div class='ocr_carea' id='block_1_114' title="bbox 1113 2715 1905 2751">
    <p class='ocr_par' dir='ltr' id='par_1_114' title="bbox 1113 2715 1905 2751">
     <span class='ocr_line' id='line_1_114' title="bbox 1113 2715 1905 2751; baseline 0.003 -10"><span class='ocrx_word' id='word_1_775' title='bbox 1113 2715 1194 2742; x_wconf 75' lang='grc' dir='ltr'>αὑτὸν</span> <span class='ocrx_word' id='word_1_776' title='bbox 1218 2715 1353 2751; x_wconf 83' lang='grc' dir='ltr'>φέρουσαν</span> <span class='ocrx_word' id='word_1_777' title='bbox 1372 2716 1431 2742; x_wconf 61' lang='grc' dir='ltr'>ὁδὺν</span> <span class='ocrx_word' id='word_1_778' title='bbox 1453 2716 1508 2742; x_wconf 80' lang='grc' dir='ltr'><strong>τῶν</strong></span> <span class='ocrx_word' id='word_1_779' title='bbox 1526 2716 1702 2751; x_wconf 87' lang='grc' dir='ltr'>φοϐουμένων</span> <span class='ocrx_word' id='word_1_780' title='bbox 1724 2717 1816 2749; x_wconf 79' lang='grc' dir='ltr'>αὑτὸν,</span> <span class='ocrx_word' id='word_1_781' title='bbox 1844 2717 1905 2744; x_wconf 86' lang='grc' dir='ltr'>δια-</span> 
     </span>
    </p>
   </div>
   <div class='ocr_carea' id='block_1_115' title="bbox 1112 2761 1756 2798">
    <p class='ocr_par' dir='ltr' id='par_1_115' title="bbox 1112 2761 1756 2798">
     <span class='ocr_line' id='line_1_115' title="bbox 1112 2761 1756 2798; baseline 0.003 -11"><span class='ocrx_word' id='word_1_782' title='bbox 1112 2762 1227 2797; x_wconf 76' lang='grc' dir='ltr'>τηρήσει</span> <span class='ocrx_word' id='word_1_783' title='bbox 1255 2761 1480 2788; x_wconf 79' lang='grc' dir='ltr'>ὰνεπιϐούλευτον</span> <span class='ocrx_word' id='word_1_784' title='bbox 1499 2771 1514 2788; x_wconf 91' lang='grc' dir='ltr'><strong>τ</strong></span> <span class='ocrx_word' id='word_1_785' title='bbox 1525 2764 1538 2796; x_wconf 69' lang='grc' dir='ltr'>ξι</span> <span class='ocrx_word' id='word_1_786' title='bbox 1555 2762 1642 2798; x_wconf 85' lang='grc' dir='ltr'>νοητῷ</span> <span class='ocrx_word' id='word_1_787' title='bbox 1657 2762 1756 2798; x_wconf 81' lang='grc' dir='ltr'>ἐχθρῷ.</span> 
     </span>
    </p>
   </div>
   <div class='ocr_carea' id='block_1_116' title="bbox 1148 2805 1904 2843">
    <p class='ocr_par' dir='ltr' id='par_1_116' title="bbox 1148 2805 1904 2843">
     <span class='ocr_line' id='line_1_116' title="bbox 1148 2805 1904 2843; baseline 0.003 -9"><span class='ocrx_word' id='word_1_788' title='bbox 1148 2805 1181 2834; x_wconf 88' lang='grc' dir='ltr'><strong>θ’.</strong></span> <span class='ocrx_word' id='word_1_789' title='bbox 1201 2806 1270 2836; x_wconf 78' lang='grc' dir='ltr'>Τότε</span> <span class='ocrx_word' id='word_1_790' title='bbox 1281 2807 1428 2841; x_wconf 80' lang='grc' dir='ltr'>συνήσεις</span> <span class='ocrx_word' id='word_1_791' title='bbox 1450 2808 1651 2842; x_wconf 74' lang='grc' dir='ltr'>δικαιοσύνην</span> <span class='ocrx_word' id='word_1_792' title='bbox 1666 2809 1715 2835; x_wconf 81' lang='grc' dir='ltr'>καὶ</span> <span class='ocrx_word' id='word_1_793' title='bbox 1730 2808 1828 2843; x_wconf 67' lang='grc' dir='ltr'>κρζιια,</span> <span class='ocrx_word' id='word_1_794' title='bbox 1852 2809 1904 2836; x_wconf 74' lang='grc' dir='ltr'>καὶ</span> 
     </span>
    </p>
   </div>
   <div class='ocr_carea' id='block_1_117' title="bbox 1113 2851 1887 2889">
    <p class='ocr_par' dir='ltr' id='par_1_117' title="bbox 1113 2851 1887 2889">
     <span class='ocr_line' id='line_1_117' title="bbox 1113 2851 1887 2889; baseline 0.005 -12"><span class='ocrx_word' id='word_1_795' title='bbox 1113 2851 1310 2886; x_wconf 73' lang='grc' dir='ltr'>κατορθώσεις</span> <span class='ocrx_word' id='word_1_796' title='bbox 1321 2851 1435 2885; x_wconf 77' lang='grc' dir='ltr'>πάντας</span> <span class='ocrx_word' id='word_1_797' title='bbox 1443 2852 1700 2889; x_wconf 61' lang='grc' dir='ltr'>ἆξοναςὰγπαθούς.</span> <span class='ocrx_word' id='word_1_798' title='bbox 1710 2853 1794 2880; x_wconf 80' lang='grc' dir='ltr'>Ὅταν</span> <span class='ocrx_word' id='word_1_799' title='bbox 1802 2854 1830 2881; x_wconf 69' lang='grc' dir='ltr'><strong>δὲ</strong></span> <span class='ocrx_word' id='word_1_800' title='bbox 1838 2854 1887 2881; x_wconf 88' lang='grc' dir='ltr'>τού</span> 
     </span>
    </p>
   </div>
   <div class='ocr_carea' id='block_1_118' title="bbox 1113 2897 1905 2936">
    <p class='ocr_par' dir='ltr' id='par_1_118' title="bbox 1113 2897 1905 2936">
     <span class='ocr_line' id='line_1_118' title="bbox 1113 2897 1905 2936; baseline 0 -11"><span class='ocrx_word' id='word_1_801' title='bbox 1113 2906 1166 2925; x_wconf 83' lang='grc' dir='ltr'><strong>των</strong></span> <span class='ocrx_word' id='word_1_802' title='bbox 1179 2897 1309 2934; x_wconf 79' lang='grc' dir='ltr'>ἐπιτυχὴς</span> <span class='ocrx_word' id='word_1_803' title='bbox 1320 2898 1387 2935; x_wconf 81' lang='grc' dir='ltr'>γένῃ</span> <span class='ocrx_word' id='word_1_804' title='bbox 1400 2898 1453 2927; x_wconf 85' lang='grc' dir='ltr'><strong>τῶν</strong></span> <span class='ocrx_word' id='word_1_805' title='bbox 1468 2899 1588 2935; x_wconf 82' lang='grc' dir='ltr'>ἀγαθῶν,</span> <span class='ocrx_word' id='word_1_806' title='bbox 1605 2901 1618 2926; x_wconf 80' lang='grc' dir='ltr'><strong>ό</strong></span> <span class='ocrx_word' id='word_1_807' title='bbox 1632 2899 1750 2932; x_wconf 61' lang='grc' dir='ltr'>ἀνύσας</span> <span class='ocrx_word' id='word_1_808' title='bbox 1769 2899 1819 2936; x_wconf 82' lang='grc' dir='ltr'>τῆς</span> <span class='ocrx_word' id='word_1_809' title='bbox 1832 2900 1905 2936; x_wconf 76' lang='grc' dir='ltr'>ἐμῆς</span> 
     </span>
    </p>
   </div>
  </div>
