2079 3161
197 155 264 186 12137

707 153 978 184 COMMENTARII
1000 154 1040 184 IN
1058 155 1288 187 PROVERBH.

1750 157 1819 189 1238

193 215 395 251 παραινέσεως,
411 214 469 241 τότε
486 214 624 250 ὲπιγνώσῃ
639 214 688 250 τὴν
705 213 910 248 ἀπονεμητικὴν
921 213 985 240 ἑκά-

1047 214 1112 242 ieris
1129 216 1344 250 possessionem,
1357 220 1421 244 tunc
1439 217 1575 252 intelliges
1598 217 1682 250 illam,
1701 226 1761 253 quae
1776 218 1820 245 cui

195 269 249 296 στῳ
270 259 318 287 τοῦ
332 261 393 287 κατ’
416 260 496 293 ἀξίαν
507 259 693 296 δικαιοσύνην,
713 260 760 287 καὶ
778 259 828 294 τὴν
839 258 886 285 τοῦ
901 258 986 286 καλοῦ

194 305 396 342 ἀπαρέγκλιτον
412 305 514 342 κρίσιν,
530 305 686 341 πληρώσεις
701 305 749 337 τὰς
775 306 815 337 εἰς
833 305 906 332 ἅπαν
921 306 988 340 ἀγα-

195 351 240 378 θὸν
256 350 377 386 ἀγούσας
396 351 507 382 ἐντολὰς
519 351 566 378 τοῦ
582 351 661 378 Θεοῦ.

233 443 258 467 ι’.
285 439 356 467 Ἐὰν
370 440 426 474 γὰρ
447 441 520 474 ἕλοῃ
535 440 554 473 ἡ
575 440 668 475 σοφία
690 441 733 472 είς
757 440 819 473 σὴν
842 439 988 466 διάνοιαν.

202 485 266 513 Ἐὰν
279 486 335 521 γὰρ
350 485 542 520 παραγένηται
559 485 631 512 κατὰ
646 485 764 520 θεωρίαν
777 486 794 520 ἡ
808 485 911 520 ἀληθὴς
925 485 990 520 περὶ

197 532 265 559 Θεοῦ
287 532 378 559 ἔννοια
390 532 432 563 είς
445 531 476 558 si)
489 531 658 566 διανοητικόν
676 540 735 558 σου.

237 578 271 605 Ἦ
293 578 328 604 δὲ
342 578 485 612 αῑσθησις
504 577 541 612 τῇ
555 577 598 612 σῇ
617 577 698 613 ψυχῇ
713 578 793 612 καλὴ
816 575 892 604 εἶναι
917 576 992 612 δόξῃ

239 623 272 650 Ἦ
291 623 320 650 δὲ
335 624 483 658 πενταδικὴ
496 623 542 650 τοῦ
557 623 643 650 κακοῦ
670 623 817 659 διάκρισις,
841 622 926 658 ἀρετή
951 631 992 648 σοι

199 670 269 697 κατὰ
282 669 371 705 ψυχὴν
385 670 547 706 φανήσεται,
567 670 605 705 μὴ
620 670 654 696 δι’
670 670 874 704 ἀπερίσκεπτον
889 677 992 703 φαντα-

201 716 260 742 σίαν
274 715 380 750 ἀλόγως
392 715 570 750 ὲπιθυμοῦντί
585 724 667 748 τινος.

235 760 281 787 ια’.
303 760 405 794 Bauli;
428 760 506 794 καλὴ
525 761 653 795 φυλάξει
678 767 724 788 σε.
748 759 822 799 Αὖτῃ
840 761 889 795 μὲν
907 761 924 793 ἡ
939 760 993 786 τῶν

199 805 371 841 πραγμάτων
388 806 486 842 ἀρίστη
506 806 676 841 περίσκεψις,
695 805 748 833 ἀπὺ
765 805 858 841 πάσης
875 804 994 840 παραὶ-ὁ-

198 860 247 886 γου
263 851 440 886 περιφυλάξει
455 860 484 878 σε
501 851 637 886 πράξεως.

1038 267 1092 294 que
1127 261 1278 288 secundum
1308 262 1434 289 meritum
1455 263 1562 296 tribuit,
1587 263 1733 298 justitiam,
1757 267 1784 291 et
1804 271 1818 290 a

1040 304 1111 332 bono
1124 313 1178 332 non
1190 306 1319 334 deﬁciens
1334 307 1483 342 judicium,
1504 312 1532 335 et
1545 308 1591 336 Dei
1603 308 1730 336 mandata
1739 329 1746 341 ,
1770 316 1830 344 qua:

1040 349 1074 377 ad
1088 358 1169 378 omne
1182 351 1284 379 bonum
1301 352 1415 386 ducunt,
1427 353 1566 388 implebis.

1084 439 1225 468 \'r-:ns.l0.
1254 441 1285 469 Si
1297 442 1439 469 intraverit
1462 442 1593 476 sapientia
1623 450 1668 469 cor
1696 448 1780 470 tuum.
1801 442 1830 471 Si

1043 485 1117 512 enim
1134 485 1327 519 meditatione,
1346 487 1490 515 intraverit
1513 488 1540 514 in
1565 487 1745 523 intelligentia
1772 492 1830 523 tua,

1043 537 1108 558 vera
1126 530 1174 559 Dei
1191 532 1318 560 scientia.

1079 577 1198 606 Scientia
1225 580 1301 606 cordi
1324 584 1369 607 tuo
1380 581 1492 615 pulchra
1515 588 1571 608 esse
1580 581 1720 609 videbitur.
1737 580 1830 609 Multi-

1044 625 1104 660 plex
1121 625 1183 652 mali
1197 625 1338 659 discretio,
1356 627 1443 654 virtus
1473 626 1587 662 spiritu‘s
1617 627 1756 654 videbitur
1770 626 1830 658 tibi,

1044 669 1090 704 qui
1107 676 1156 704 per
1172 670 1374 704 imprudentem
1393 671 1644 699 considerationem
1661 691 1668 704 ,
1685 670 1832 699 irrationa-

1044 715 1136 742 biliter
1154 716 1221 743 nulli
1238 716 1354 743 invides.

1079 759 1164 788 Vens.
1179 761 1222 788 ll.
1246 760 1395 789 Consilium
1409 761 1505 789 bonum
1521 762 1650 790 custodiet
1665 767 1701 790 te.
1714 761 1774 797 Ipsa
1791 769 1832 789 re-

1046 814 1105 833 rum
1119 807 1222 842 optima
1239 807 1347 840 notitia,
1369 808 1403 834 ab
1420 807 1494 835 onmi
1513 812 1576 836 actu
1599 814 1728 843 perverso
1739 811 1832 835 custo-

1046 853 1101 880 diet
1111 856 1148 881 te.

235 885 359 924 Ἐννοια
371 896 406 924 δὲ
420 897 491 924 ὁσία
505 885 631 931 omnium
646 905 694 924 σε.
713 897 747 924 'H
759 897 787 924 δὲ
801 897 892 933 πάσης
906 898 989 934 ἄλλης

1080 897 1179 925 Sancta
1208 898 1320 925 scientia
1347 898 1459 926 servabit
1484 904 1517 926 te.
1547 898 1616 926 Vera
1643 899 1690 926 Dei
1703 899 1830 930 scientia,

199 941 303 974 ἑννοίας
319 942 502 978 ὑπερκειμένη
520 942 621 978 ἀληθὴς
645 943 710 978 περὶ
729 943 796 969 Θεοῦ
818 943 918 976 ἔννοια,
935 944 990 971 δια-

198 989 313 1024 τηρήσει
327 997 356 1015 σε
369 988 422 1016 ἀπὸ
433 989 524 1024 πάσης
535 989 640 1021 ἐννοίας
654 989 798 1025 ἀπατηλῆς
809 990 856 1017 καὶ
869 990 989 1018 διασπώ-

200 1043 249 1070 σης
266 1035 320 1061 ἀπὺ
334 1034 413 1062 Θεοῦ.

236 1081 279 1116 ιβ’.
299 1081 361 1108 Ἵνα
371 1081 505 1115 ῥύσηταί
515 1089 552 1108 σε
566 1081 626 1109 ἀπὸ
641 1081 713 1109 ὀδοῦ
726 1081 832 1117 κακῆς.
845 1083 938 1114 Ὅπως
946 1082 991 1114 ἐξ·

199 1126 299 1153 ελεῖταί
318 1136 347 1154 σε
362 1128 378 1163 ἡ
393 1128 443 1163 μὲν
458 1128 556 1163 ἀρίστη
570 1127 625 1155 τῶν
642 1129 813 1164 πραγμάτων
831 1129 992 1164 περίσκεψις

198 1173 252 1200 ἀπὸ
271 1174 321 1208 τῆς
335 1173 476 1209 ὲμπαοοῦς
493 1174 596 1210 βιοτῆς.

234 1220 287 1247 Καὶ
306 1219 367 1247 ἀπὸ
381 1220 491 1255 ἀνδρὸς
506 1220 676 1254 λαλοῦντος
696 1221 795 1256 μηδὲν
809 1221 928 1248 πιστόν.
960 1221 992 1247 Ἦ

199 1265 226 1292 δὲ
241 1265 344 1301 ἀληθὴς
369 1266 433 1302 περὶ
451 1266 518 1293 Θεοῦ
536 1266 636 1300 ἔννοια,
665 1267 719 1293 ἀπὸ
732 1265 779 1293 τοῦ
802 1266 993 1298 διαὸάλλοντος

199 1310 247 1346 τὴν
267 1310 405 1346 ἀλήθειαν,
429 1311 477 1338 καὶ
490 1311 608 1347 διασπᾷν
624 1310 830 1347 ἐπιχειροῦντος
843 1310 891 1346 τὴν
903 1310 992 1346 ψυχήν

201 1365 249 1383 σου
265 1355 318 1382 ἀπὸ
331 1356 379 1383 τοῦ
403 1357 520 1392 νυμφίου
539 1357 626 1392 αὐτῆς
647 1356 715 1383 Θεοῦ
730 1356 828 1390 Λόγου,
846 1356 892 1383 καὶ
904 1355 992 1391 ἑαυτῷ

201 1401 385 1438 -προσκολλᾷν,
409 1401 532 1438 φοορὲως
549 1401 602 1429 τῶν
621 1401 765 1435 ἠιιετέοων
787 1401 880 1436 ψυχῶν
897 1401 992 1437 δαίμο-

201 1457 258 1481 νος.

238 1498 283 1529 ιγ’.
300 1495 335 1522 Ὢ
359 1496 386 1523 οὶ
411 1495 678 1530 ἐγκαταλείποντες
695 1495 785 1529 ὁδοὺς
803 1495 928 1528 εὐθείας,
940 1495 994 1522 τοῦ

202 1540 384 1576 πορευθῆναι
397 1541 432 1568 ἐν
445 1540 526 1574 ὁδοῖς
542 1540 691 1574 σκότους]
705 1541 816 1574 Λοιπὸν,
825 1540 891 1575 φεῦι
906 1541 930 1566 οἱ
945 1548 994 1567 κα-

202 1586 416 1621 ταλιμπάνοντες
429 1586 478 1618 τὰς
495 1585 563 1621 πρὸς
579 1585 679 1612 κακίαν
695 1586 744 1620 μὲν
765 1585 994 1621 ἀπαρεγκλίτους,

204 1633 271 1668 πρὸς
285 1632 352 1659 Θεὸν
366 1632 394 1659 δὲ
409 1633 470 1659 κατ’
484 1632 585 1668 ἀρετὴν
596 1631 732 1667 φερούσας
747 1632 832 1664 ὀδοὺς,
845 1631 914 1658 ὣστε
926 1630 996 1658 ὁδεῦ-

204 1687 248 1705 σαι
267 1679 297 1706 ὲν
307 1679 369 1710 ταῖς
381 1679 511 1712 ἀγούσαις
527 1679 566 1710 εἱς
590 1679 732 1713 κρημνοὺς
748 1677 856 1709 κακίας,
881 1678 929 1704 καὶ
949 1678 996 1711 βά-

205 1722 292 1757 ραθρα
307 1721 355 1749 τοῦ
373 1723 485 1754 σκότους
500 1724 550 1757 τῆς
564 1722 675 1757 ἀγνοίας
686 1722 767 1754 ὁδοῖς.

240 1768 279 1795 ιδ’,
292 1768 322 1794 Ὢ
334 1769 361 1795 οί
376 1769 603 1803 εὐφραινόμενοι
617 1767 666 1794 ἐπὶ
678 1768 792 1801 κακοῖς,
808 1768 858 1795 καὶ
874 1769 995 1804 χαίρον-

203 1822 253 1846 τες
264 1813 314 1840 ἐπὶ
324 1813 491 1848 διαστροφῇ
502 1813 593 1848 κακῇί
602 1814 665 1840 Φεῦι
677 1815 702 1840 ol.
714 1813 932 1849 ὲπαγαλλόμενοι
940 1815 995 1846 τοῖς

204 1859 305 1894 ἐτέρων
334 1861 442 1892 κακοῖς,
458 1860 505 1886 καὶ
527 1859 772 1896 ὲπευφραινόμενοι
788 1861 821 1895 τῇ
848 1858 950 1886 τούτων
964 1859 996 1886 ὲκ

203 1904 252 1932 τοῦ
272 1904 375 1938 ἀγαθοῦ
389 1905 430 1936 εἰς
445 1904 476 1931 τὺ
489 1905 612 1931 ἐναντίον
630 1906 794 1940 περιτροπῇ.

240 1953 282 1982 ιε’,
301 1950 350 1982 ις’.
366 1947 424 1978 Ὧν
437 1951 466 1977 al
481 1951 573 1984 τρίϐοι
591 1950 725 1981 σχολιαὶ,
743 1950 791 1976 καί
801 1951 952 1985 καμπύλαι
966 1952 996 1976 αι

204 1995 318 2030 τροχιαὶ
333 1995 442 2029 αὐτῶν,
458 1996 511 2023 τοῦ
520 1996 638 2031 μακράν
659 2003 696 2023 σε
713 1995 838 2030 ποιῆσαι
851 1995 910 2022 ἀπὸ
923 1995 995 2023 ὁδοῦ

204 2041 331 2074 εὐθείας,
347 2041 395 2068 καὶ
408 2042 569 2075 ἀλλότριον
586 2041 641 2076 τῆς
667 2041 786 2074 δικαίας
802 2041 930 2076 γνώμης.
946 2038 996 2067 Ὦν

205 2087 240 2114 τά
252 2085 281 2113 τε
298 2087 501 2124 ἐπιτηδεύματα
520 2088 567 2114 καὶ
588 2088 616 2114 αἱ
646 2088 725 2123 δίκην
747 2087 873 2123 τροχιῶν,
902 2087 933 2114 τὸ
947 2087 996 2122 μὲν

205 2132 358 2168 ἀνάρῤοπον
374 2133 420 2160 τοῦ
436 2133 540 2168 ἀγαθοῦ
557 2133 718 2168 φεύγουσαι,
738 2134 768 2160 τὸ
787 2133 816 2159 δὲ
836 2133 996 2169 κατωφερὲς

205 2177 256 2213 τῆς
279 2178 380 2210 κακίας
393 2178 539 2206 διώκουσαι
552 2179 698 2211 διαθέσεις,
724 2179 941 2215 διεστραμμέναι
958 2179 993 2204 εἱ-

208 2223 268 2250 σίνο
283 2224 321 2256 ὠς
340 2225 568 2261 ὲπιτεχνωμένων
590 2225 715 2262 πόρρωσε
728 2226 840 2261 ποιῆσαι
863 2226 913 2260 τῆς
934 2225 994 2252 κατ’
1014 2242 1035 2268 D

206 2270 307 2306 ἀρετὴν
319 2270 387 2306 πρὸς
401 2271 468 2297 Θεὸν
500 2271 639 2307 φερούσης
654 2271 762 2303 εὐθείας
781 2270 850 2304 ὁδὸν,
865 2272 911 2297 καὶ
921 2270 997 2303 ξένον

206 2316 381 2344 παντάπασιν
399 2317 613 2352 ἀπεργάσασθαι
640 2317 691 2352 τῆς
712 2317 782 2344 κατὰ
799 2317 878 2351 λόγον
891 2316 997 2352 διακρι-

207 2362 306 2396 νούσης
325 2363 378 2389 ἀπὸ
397 2362 444 2389 τοῦ
455 2363 610 2398 κρείττονος
623 2363 653 2389 τὸ
667 2364 769 2399 χεῖρον,
785 2363 831 2389 καὶ
844 2363 999 2397 καταψηφι-

207 2407 324 2444 ζομένης
343 2409 437 2436 τούτου
453 2410 551 2446 σχολὴν
562 2410 682 2444 παντελῆ
707 2409 903 2445 προαιρέσεωςο
923 2409 998 2436 ἐνθεν

207 2463 257 2481 τοι·

243 2501 286 2533 ιζ’.
307 2501 365 2533 Υἱὲ,
375 2501 418 2537 μή
431 2509 468 2529 σε
481 2501 636 2537 καταλάϐῃ
649 2501 750 2536 βουλὴ
775 2502 863 2536 κακὴ,
877 2502 896 2536 ἡ
923 2502 997 2529 ἀπο-

206 2547 357 2575 λείπουσα
382 2547 584 2575 διδασκαλίαν
601 2549 760 2581 νεότητος,
788 2547 837 2575 καί
852 2547 998 2580 διαθήκην

207 2594 292 2620 θείαν
311 2593 546 2629 ἐπιλελησμένη.
563 2593 665 2621 Τέκνον
690 2594 885 2629 πνευματικὸν,
912 2593 998 2627 φεῦγε

205 2639 257 2675 τὴν
296 2640 419 2676 πονηρὰν
447 2640 495 2667 τοῦ
526 2640 622 2674 νοητοῦ
649 2640 737 2674 ὄφεως
764 2639 936 2676 συμϐουλὴν,
964 2640 997 2666 δι’

207 2687 370 2721 ἐγκρατείας
386 2686 440 2713 τῶν
466 2686 563 2722 ἡδέων,
598 2687 643 2713 καὶ
659 2687 798 2721 ὑπομονῆς
824 2686 878 2713 τῶν
906 2685 997 2721 θλιβε-

210 2733 275 2768 ρῶν,
307 2734 345 2769 μή
367 2741 397 2760 σε
412 2733 577 2768 καταφθάσῃ
603 2732 733 2769 ῥᾳθύμως
765 2733 830 2768 περὶ
842 2732 872 2758 τὸ
896 2732 998 2766 ἀγαθὸν

209 2779 394 2815 διακείμενον·
417 2780 479 2815 ἥτις
497 2779 636 2815 συμϐουλὴ
665 2779 757 2806 ἔπεισε
773 2779 819 2806 τὸν
834 2779 996 2815 πρωτόπλα-

211 2831 272 2850 στον
289 2825 448 2852 καταλιπεῖν
465 2825 516 2860 τὴν
528 2824 566 2856 ὡς
583 2823 623 2850 ἔτι
640 2824 760 2856 νεάζοντι
774 2824 822 2859 τὴν
843 2833 995 2859 πνευματι-

211 2870 262 2897 x’nv
277 2870 400 2906 ἡλικίαν,
418 2871 540 2898 δοθεῖσαν
557 2870 631 2905 αὐτῴ
646 2869 721 2896 Θείαν
744 2870 862 2905 ἐντολὴν,
877 2871 924 2898 καὶ
937 2872 997 2897 ἐπι-

1045 951 1153 972 omnem
1181 945 1261 972 aliam
1279 946 1422 972 scientiam
1439 941 1656 978 transcendens,
1673 945 1793 974 servabit
1806 949 1832 972 te

1046 993 1080 1022 ab
1093 995 1168 1022 omni
1184 994 1300 1023 scientia
1317 994 1407 1022 fallaci
1419 1002 1481 1030 quae
1496 1002 1510 1021 a
1526 994 1582 1022 Deo
1599 995 1706 1023 avertit.

1085 1085 1166 1113 Vens.
1183 1086 1227 1113 l2.
1260 1085 1293 1112 Ut
1314 1086 1420 1113 eruaris
1441 1094 1457 1112 a
1481 1086 1522 1112 eia
1537 1086 1620 1112 mala.
1635 1084 1670 1112 Ut
1686 1092 1701 1112 a
1716 1084 1759 1111 via
1775 1087 1842 1111 turn

1046 1131 1108 1158 bata
1129 1135 1209 1158 eruat
1228 1136 1263 1162 te,
1278 1131 1381 1167 optima
1394 1138 1486 1158 rerum
1509 1131 1616 1158 notitia.

1084 1220 1119 1247 Et
1133 1220 1166 1247 ab
1197 1221 1301 1247 homine
1325 1221 1370 1255 qui
1391 1228 1513 1255 perversa
1542 1220 1668 1255 loquitur.
1688 1218 1757 1247 Vera
1786 1218 1831 1245 Dei

1048 1265 1174 1296 scientia.
1186 1272 1200 1291 a
1208 1265 1318 1292 diabolo
1329 1265 1480 1292 animarum
1494 1269 1651 1292 nostrarum
1661 1267 1832 1298 corruptore.

1047 1310 1093 1345 qui
1122 1310 1229 1337 veritati
1249 1310 1362 1342 invidet,
1376 1313 1403 1336 et
1425 1310 1545 1337 animam
1573 1313 1677 1337 tuam'a
1705 1315 1834 1337 sermone

1048 1357 1096 1385 Dei
1112 1357 1172 1390 ejus
1187 1358 1279 1392 sponsi
1292 1358 1408 1385 avellere
1420 1355 1540 1384 'conatur
1555 1361 1582 1385 et
1591 1357 1644 1385 sibi
1657 1356 1707 1392 ipsi
1723 1356 1835 1392 alligare

1048 1402 1087 1438 (te
1103 1403 1250 1438 liberabit).

1084 1490 1166 1518 Vens.
1185 1491 1229 1518 15.
1247 1491 1300 1524 Qui
1332 1492 1482 1526 relinquunt
1511 1492 1679 1523 ilerrectum,
1708 1495 1732 1517 et
1744 1489 1837 1516 ambu-

1051 1537 1108 1563 lant
1121 1544 1167 1571 per
1183 1539 1238 1564 vias
1255 1537 1418 1565 tenebrosus.
1439 1537 1553 1570 Deinde,
1574 1538 1693 1572 ltcu,qui
1709 1537 1768 1564 vias
1782 1543 1836 1562 non

1050 1584 1083 1612 ad
1099 1585 1242 1617 malitiam,
1274 1584 1322 1612 sed
1340 1585 1373 1611 ad
1394 1585 1478 1612 Deum
1491 1592 1537 1620 per
1560 1585 1689 1611 virtutem
1708 1583 1836 1614 ferentes,

1051 1630 1220 1664 relinquunt,
1240 1633 1271 1658 ut
1286 1630 1350 1664 viis,
1365 1637 1427 1665 quas
1443 1630 1470 1657 in
1487 1630 1665 1664 praecipitium
1684 1628 1794 1655 malitim
1810 1631 1837 1654 et

1051 1676 1180 1712 abyssum
1207 1677 1382 1706 tenebrarum
1399 1676 1559 1712 ignorantia:
1606 1675 1718 1710 pellant,
1744 1673 1838 1701 ambu-

1051 1723 1117 1750 lent.

1088 1769 1169 1796 Vana.
1200 1770 1243 1796 Η.
1276 1769 1329 1802 Qui
1349 1770 1475 1796 lwlantur
1503 1777 1563 1795 cum
1584 1768 1653 1795 male
1667 1767 1786 1802 fecerint,
1813 1772 1836 1793 et

1049 1815 1185 1842 exsultant
1198 1816 1226 1842 in
1247 1815 1323 1842 rebus
1335 1815 1469 1849 pessimis.
1493 1816 1556 1848 Qui,
1571 1815 1651 1842 eheu!
1668 1814 1795 1841 laetantur
1810 1813 1838 1840 in

1050 1861 1131 1889 malis
1142 1862 1258 1888 aliorum
1277 1882 1284 1894 ,
1313 1867 1340 1889 et
1355 1862 1496 1890 exsultant
1527 1862 1554 1889 in
1575 1869 1670 1889 eorum
1687 1868 1701 1887 a
1716 1860 1789 1888 bono
1804 1859 1838 1886 ad

1052 1906 1153 1933 malum
1170 1906 1364 1934 conversione.
1406 1918 1408 1920 -

1086 1951 1268 1983 Vens.l5,16.
1280 1952 1398 1985 Quorum
1408 1952 1454 1979 vite
1462 1959 1589 1986 peruerat
1599 1955 1672 1983 sunt,
1680 1956 1702 1978 et
1713 1955 1838 1977 tortuosa:

1050 2000 1150 2025 remitte
1165 2006 1268 2031 eorum,
1287 2002 1316 2024 ut
1346 2004 1369 2025 te
1385 2002 1505 2025 avertant
1519 2006 1535 2024 a
1552 1998 1593 2024 via
1602 2002 1685 2029 recta,
1698 2001 1722 2023 et
1737 2001 1761 2023 te
1777 1996 1829 2022 alie

1050 2052 1113 2071 num
1145 2044 1248 2079 faciant
1281 2053 1297 2071 a
1327 2049 1399 2071 recta
1425 2044 1532 2071 notitia.
1562 2043 1685 2077 Quorum
1710 2050 1800 2070 mores
1811 2047 1838 2068 et

1049 2088 1172 2123 affectus,
1186 2094 1316 2125 tanquam
1329 2090 1445 2123 semitae,
1462 2097 1598 2117 summum
1615 2089 1716 2117 bonum
1730 2089 1838 2123 fugien-

1050 2142 1103 2168 tes,
1123 2139 1334 2172 quarentesque
1373 2135 1539 2172 profundum
1573 2135 1696 2166 malitia,
1717 2134 1837 2170 perversi

1053 2179 1120 2208 facti
1133 2184 1214 2209 sunt:
1233 2181 1280 2216 qui
1309 2186 1335 2207 te
1363 2185 1487 2208 avertere
1511 2185 1648 2208 conantur
1663 2188 1678 2206 a
1690 2181 1733 2207 via
1751 2184 1838 2212 recta,

1039 2235 1111 2263 ,quaa
1122 2235 1171 2262 per
1196 2227 1326 2255 virtutem
1357 2228 1389 2255 ad
1409 2226 1492 2254 Deum
1517 2226 1605 2260 ducit,
1630 2230 1657 2254 et
1675 2230 1703 2254 te
1715 2226 1836 2254 alienum

1050 2273 1166 2300 reddere
1177 2273 1211 2300 ab
1230 2273 1276 2300 illo
1293 2272 1398 2308 judicio
1414 2273 1486 2308 quod
1511 2271 1662 2300 secundum
1677 2271 1812 2299 rationem
1823 2279 1838 2297 ιι

1050 2320 1124 2347 bono
1135 2319 1237 2346 malum
1255 2319 1396 2351 discernit,
1425 2323 1452 2346 et
1480 2319 1566 2354 hujus
1590 2318 1712 2346 studium
1726 2317 1838 2345 omnino

1051 2367 1173 2393 damnat.
1191 2364 1270 2394 Unde
1281 2366 1416 2400 sequitur.

1084 2499 1165 2526 Vsus.
1184 2499 1228 2526 l7.
1250 2498 1316 2532 Fili,
1335 2507 1366 2526 ne
1387 2504 1411 2526 te
1439 2500 1626 2526 circumveniat
1638 2499 1738 2525 malum
1750 2500 1838 2525 consi-

1050 2546 1126 2579 lium,
1146 2545 1215 2581 quod
1241 2545 1393 2572 doctrinam
1425 2544 1611 2572 adolescentia
1646 2544 1784 2579 relinquit,
1814 2548 1839 2570 et

1049 2597 1157 2628 pactum
1169 2592 1289 2620 diuinum
1317 2591 1492 2619 obliviscitur.
1524 2591 1574 2619 Fili
1593 2591 1758 2627 spiritualis,
1776 2591 1839 2626 fuge

1050 2638 1205 2674 spiritualis
1223 2637 1360 2673 serpentis
1389 2637 1492 2664 malum
1521 2638 1679 2669 consilium,
1698 2637 1838 2665 vincendo

1049 2684 1231 2720 cupiditates,
1263 2683 1512 2719 tribulationesque
1545 2683 1709 2712 sustinendo
1735 2693 1742 2711 :
1763 2691 1796 2711 ne
1812 2687 1839 2710 te

1049 2732 1170 2759 molliter
1199 2739 1278 2767 geras
1303 2731 1376 2758 circa
1388 2731 1489 2758 bonum
1515 2730 1587 2766 quod
1607 2733 1661 2758 ate
1676 2731 1836 2766 requirunt:

1050 2777 1123 2812 quod
1143 2777 1291 2805 consilium
1324 2777 1435 2812 irrepsit
1457 2777 1484 2804 in
1510 2776 1719 2812 protoplastum,
1737 2781 1765 2804 ut
1795 2784 1838 2803 re-

1049 2824 1184 2859 linqueret
1203 2823 1322 2851 divinam
1332 2823 1512 2856 voluntatem,
1527 2831 1587 2858 quae
1605 2823 1629 2851 ei
1646 2828 1675 2850 ut
1693 2823 1765 2850 circa
1781 2823 1836 2856 spi-

1048 2871 1159 2900 ritualia
1174 2870 1357 2903 parvulodata
1374 2869 1463 2898 fuerat
1481 2874 1507 2898 et
1523 2875 1552 2897 ut
1564 2869 1719 2902 loqueretur
1735 2869 1829 2896 incon-

1864 124 1880 144 Ι
