2079 3161
263 157 329 189 i243

925 163 1102 195 PROCOPII
1123 165 1244 196 GAZzEl

1829 166 1895 199 1244

256 215 373 250 quodam
385 215 463 250 pede,
489 215 515 244 in
545 215 635 244 anima
652 216 747 249 uteris,
763 220 789 243 et
804 224 852 252 per
872 217 1047 247 intervallum

1108 221 1311 256 ίιπαρέγκλιτα·
1330 222 1376 249 καὶ
1393 223 1423 249 τὸ
1448 223 1617 257 διανοητικόν
1632 232 1691 256 σου,
1719 221 1796 258 ᾧτινι
1828 225 1897 252 κατὰ

258 262 392 296 operaris,
405 269 438 290 ne
452 262 485 288 ad
502 263 665 297 ignorantiae
678 262 783 298 lapides
791 262 926 292 offendas.

294 350 376 379 Vsus.
398 352 423 378 7.
442 350 481 378 Ne
493 352 529 378 sis
541 352 645 387 sapiens
661 352 733 388 apud
754 354 930 388 temetipsum.
947 353 987 382 Ne
1012 355 1052 382 sis

259 398 358 425 doctus
375 398 403 425 in
427 398 510 426 rebus
535 399 606 433 apud
638 400 812 435 temetipsum
827 408 834 427 :
850 408 885 428 ne
900 401 1050 429 secundum

259 445 348 471 solum
366 448 441 471 tuum
459 451 570 471 sensum
601 444 634 471 de
650 444 704 472 illis
718 444 836 480 judices,
858 445 960 473 bonum
991 446 1052 473 exi-

261 491 379 518 stimans
391 491 464 526 quod
494 491 533 518 illi
563 491 664 526 placet,
678 492 779 519 malum
806 499 872 519 vero
905 493 980 527 quod
1012 492 1054 520 illi

261 536 398 571 displicet,
413 541 440 564 et
451 536 515 564 inde
527 536 671 564 frustraris
682 538 716 565 ab
729 544 761 565 eo
778 537 852 572 quod
869 545 923 565 non
936 542 980 566 est
991 545 1054 566 vere

263 581 378 615 bonum,
391 586 418 609 et
428 581 456 609 in
470 581 497 609 id
505 582 577 617 quod
590 590 654 611 vere
666 582 768 610 malum
776 586 830 617 est,
847 583 965 611 incidas.

301 673 376 701 Time
389 673 481 706 Deum,
509 680 534 702 et
557 674 646 702 recede
675 683 691 701 a
709 675 791 702 malo.
811 674 886 703 Habe
901 679 993 703 autem
1006 675 1054 703 Dei

264 720 406 755 timorem,
415 725 442 748 et
454 720 488 748 ab
501 721 575 748 omni
588 724 700 754 peccato
716 721 823 748 recede.

300 809 380 838 VERS.
396 809 424 837 8.
445 809 518 837 Tum:
534 809 583 837 erit
601 810 704 837 sanitas
731 810 836 842 corpori
853 814 909 843 tuo,
931 814 955 837 et
970 809 1055 836 stabi-

262 857 326 883 litas
343 857 445 884 ossibus
460 857 525 884 tuis.
551 856 629 884 Tunc
653 857 706 885 erit
728 858 806 884 carni
829 862 882 884 tum
907 857 1023 890 sanitas,
1039 864 1054 884 a

263 903 377 929 ferventi
394 903 535 930 actionum
552 906 662 931 tuarum
680 904 784 930 malitia
798 911 807 935 ;
821 907 848 930 et
866 903 982 931 salvatio
998 902 1052 930 ani-
1069 895 1090 923 Β

262 952 376 975 mretuae
391 948 531 983 potentiis,
545 956 606 983 quae
633 953 763 984 tanquam
779 956 853 982 ossa,
868 956 918 984 pro
935 956 968 976 ea
988 952 1054 976 sunt

263 994 432 1027 fulcimenta,
446 1002 480 1022 ne
492 994 665 1030 frangantur.

298 1093 380 1122 Vens.
396 1094 423 1121 9.
454 1093 563 1120 Honora
583 1093 667 1121 Deum
680 1093 712 1120 de
738 1093 791 1120 tuis
800 1092 882 1128 justi:
901 1091 1049 1119 laboribus.

260 1140 334 1168 Oll'er
350 1140 417 1173 Deo,
434 1145 463 1167 ut
474 1147 571 1168 servus
590 1139 714 1171 domino,
731 1147 765 1166 ex
789 1139 830 1166 eis
845 1145 907 1174 qua:
922 1146 970 1173 per
980 1137 1053 1165 labo-

261 1187 428 1214 remanima:
451 1189 479 1213 et
511 1185 636 1221 corporis
662 1184 853 1221 requisivisti;
881 1192 915 1212 ex
925 1191 1050 1219 corpore,

260 1239 321 1267 quae
335 1232 394 1259 sine
409 1231 527 1266 proximi
546 1230 714 1258 detrimento
741 1229 864 1257 lucratus
881 1236 928 1262 es;
944 1236 977 1256 ex
993 1229 1052 1256 ani-

261 1285 316 1310 Iua,
333 1277 500 1309 castitatem,
515 1280 703 1312 paupertatem
717 1294 726 1308 ,
741 1279 777 1302 et
801 1273 911 1307 similia,
927 1281 999 1309 quae,
1025 1278 1052 1301 et

260 1323 372 1358 quidem
391 1322 439 1350 illo
453 1330 508 1349 non
526 1326 681 1357 repetente,
694 1320 811 1348 ﬁdeliter
824 1320 951 1351 servasti,
970 1324 999 1346 ut
1013 1319 1051 1346 illi

260 1376 311 1404 pro
324 1368 396 1397 dono
414 1367 514 1396 oﬂeras
530 1368 597 1401 haec,
612 1375 663 1403 pro
680 1367 783 1402 quibus
804 1366 865 1402 ejus
880 1365 1052 1394 custodivisti

261 1414 402 1442 mandata.

296 1502 331 1530 Et
343 1503 477 1537 primitias
504 1502 539 1529 da
563 1503 587 1529 ei
605 1501 636 1529 de
653 1501 705 1529 tuis
729 1502 859 1536 fructibus
886 1501 1008 1534 iustitiw.
1023 1501 1054 1528 Et

1101 267 1192 302 ψυχὴν
1209 268 1247 300 ὡς
1265 268 1324 295 ποδὶ
1342 269 1455 304 διήκειξ,
1475 271 1522 297 καὶ
1535 270 1898 306 διαστηματικῶςὲνεργεῖς,

1101 313 1186 344 λίθοις
1198 314 1310 347 ἀγνοίας
1318 315 1348 340 οὺ
1365 315 1402 350 μὴ
1419 315 1604 353 προσκρούσῃ.

1138 359 1171 392 ζ’.
1185 359 1231 394 Μὴ
1246 359 1309 387 ἴσθι
1326 361 1470 396 φρόνιμος
1486 361 1566 396 παρὰ
1584 361 1712 394 σεαυτῷ.
1722 362 1768 397 Μὴ
1785 362 1830 388 ἔσο
1842 361 1898 388 τῶν

1104 407 1275 441 πραγμάτων
1291 407 1453 442 ἐπιστήμων
1470 408 1516 442 ἀφ’
1531 407 1628 435 ἑαυτοῦ
1641 416 1648 423 ·
1669 408 1738 435 κατὰ
1756 409 1840 444 μόνην
1852 408 1898 434 αι’-

1105 451 1201 486 σθησιν
1215 452 1366 486 ἀλογίστως
1377 453 1477 488 κρίνων
1487 453 1570 486 αὐτὰ,
1586 454 1633 480 καὶ
1645 454 1730 481 δοκῶν
1740 454 1821 481 καλὸν
1836 454 1896 489 μὲν,

1104 498 1159 524 πᾶν
1174 497 1204 523 τὸ
1217 498 1278 524 κατ’
1293 498 1377 534 αὐτὴν
1392 498 1440 533 ἡδύ
1455 507 1463 514 ·
1480 499 1564 525 κακὸν
1573 499 1675 531 Statii;
1691 501 1722 526 τὸ
1738 499 1799 526 κατ’
1813 500 1900 535 αὐτὴν

1104 543 1184 579 ἀηδές
1194 551 1201 558 ⁵
1211 543 1358 571 κάντεῦθεν
1373 544 1569 580 ἀποτυγχάνων
1585 545 1634 580 μὲν
1645 545 1692 572 τοῦ
1705 545 1789 577 ὅντως
1797 545 1878 572 καλοῦ
1889 553 1897 562 ·

1105 590 1280 626 περιπίπτων
1294 590 1322 617 δὲ
1336 591 1375 622 εἰς
1387 590 1417 616 τὺ
1432 590 1540 626 ἀληθῶς
1551 591 1647 618 κακόν.

1141 680 1237 707 Φοόοῦ
1249 679 1284 706 δὲ
1294 681 1349 707 τὸν
1362 680 1482 714 Κύριον,
1492 680 1541 707 καί
1555 680 1700 708 ἐκκλίνον
1712 680 1771 708 ἀπὸ
1785 681 1894 714 παντὸς

1105 726 1210 755 κακοῦ.
1230 726 1310 754 Ἀλλὰ
1326 726 1409 761 φόὸον
1422 726 1468 762 ἔχε
1487 727 1567 760 Θεοῦ,
1588 727 1636 754 καὶ
1659 727 1748 762 πάσης
1761 727 1901 763 ἁμαρτίας

1106 771 1251 807 autumet.

1142 820 1177 853 η’.
1201 818 1270 845 Τότε
1288 817 1370 851 ιασις
1387 818 1473 846 ἔσται
1489 817 1530 851 τῷ
1546 817 1661 853 σώματί
1683 825 1752 852 σου,
1769 818 1817 846 καί
1832 819 1899 846 ἑπι-

1104 862 1208 899 persta
1223 863 1287 897 τοῖς
1303 863 1421 895 ὀστέοις
1437 871 1506 891 σου.
1530 863 1688 900 Τηνικαῦτα
1701 863 1755 900 γὰρ
1783 865 1899 900 ὑπάρξει

1105 909 1240 944 θεραπεία
1260 909 1309 944 μὲν
1327 911 1361 946 τῇ
1375 909 1458 946 σαρκί
1473 918 1532 941 σου,
1546 910 1601 936 ἀπὸ
1614 910 1664 944 τῆς
1682 910 1743 937 κατ’
1757 910 1898 946 ἐνέργειαν

1104 954 1252 990 φοροποιοῢ
1272 954 1387 987 κακίας*
1405 956 1581 991 περιποίησις
1595 955 1624 982 δὲ
1635 957 1696 988 ταῖς
1709 956 1787 992 δίκην
1797 957 1899 983 ὀστέων

1103 1001 1265 1032 τονωτικαῖς
1279 1001 1328 1036 τῆς
1353 1000 1442 1037 ψυχῆς
1461 1009 1509 1028 σου
1528 1002 1685 1038 δυνάμεσιν,
1705 1002 1775 1029 ὥστε
1793 1003 1830 1038 μὴ
1850 1003 1898 1029 τοῦ

1103 1045 1209 1077 δέοντος
1226 1046 1465 1082 παραθραύεσθαι.

1139 1090 1172 1118 0’.
1191 1092 1262 1126 Τίμα
1288 1092 1341 1119 τὸν
1363 1092 1472 1126 Κύριον
1492 1091 1552 1119 ἀπὸ
1566 1092 1630 1119 σῶν
1644 1092 1768 1119 δικαίων
1785 1094 1898 1120 πόνων.

1103 1137 1245 1173 Πρόσφερε
1256 1137 1284 1164 δὲ
1298 1136 1336 1172 τῷ
1355 1137 1425 1173 Θεῷ,
1446 1138 1483 1170 ὡς
1496 1138 1614 1174 δεσπότῃ
1624 1139 1727 1169 δοῦλος.
1740 1139 1786 1173 ἀφ’
1802 1136 1839 1167 ὧν
1852 1141 1900 1166 αὑ-

1102 1182 1147 1214 τὸς
1159 1182 1222 1218 περὶ
1237 1181 1286 1217 τὴν
1303 1183 1465 1217 σωματικὴν
1480 1183 1527 1209 καὶ
1549 1182 1596 1217 τὴν
1613 1182 1802 1218 πνευματικὴν
1817 1183 1902 1217 ὲργα-

1103 1228 1164 1254 σίαν
1180 1227 1357 1264 πεπόνηκας·
1378 1228 1410 1254 ἐκ
1427 1228 1475 1262 μὲν
1499 1229 1548 1263 τῆς
1566 1229 1737 1264 σωματικῆς,
1761 1229 1795 1255 τὰ
1812 1230 1850 1264 μὴ
1867 1230 1901 1256 ὲκ

1104 1273 1207 1309 βλάὸης
1221 1273 1276 1300 τῶν
1292 1273 1376 1305 πέλας
1388 1274 1571 1308 ἐπικτηθέντα
1585 1282 1641 1300 σοι·
1658 1275 1690 1301 ὲκ
1703 1274 1731 1300 δὲ
1745 1274 1796 1309 τῆς
1816 1283 1899 1301 πνευ-

1104 1318 1242 1354 ματικῆς,
1263 1318 1430 1354 παρθενίαν,
1450 1320 1663 1354 ἁκτημοσὺνην,
1686 1320 1733 1346 καὶ
1755 1320 1790 1346 τὰ
1800 1321 1901 1356 ὄμοια”

1103 1364 1175 1399 ἅπερ
1189 1365 1236 1390 καὶ
1253 1365 1291 1399 μὴ
1311 1365 1474 1400 ἅπαιτηθεὶς
1500 1365 1564 1400 παρ’
1581 1365 1677 1397 αὐτοῦ,
1698 1365 1811 1398 δικαίως
1834 1366 1902 1400 ἐφύ-

1103 1410 1290 1443 λαξας,.ὦστε
1315 1410 1390 1446 δῶρα
1412 1412 1598 1446 προσιίαγεῖν
1622 1410 1697 1446 αὐτῷ
1710 1410 1815 1445 ταῦτα,
1842 1412 1901 1440 ἀνθ’

1103 1453 1141 1483 ὦν
1154 1456 1291 1491 ἐτήρησας
1303 1456 1418 1483 ἐντολῶν
1432 1456 1524 1484 αὑτοῦ.

1139 1503 1195 1530 Καὶ
1210 1502 1348 1537 ἀπάρχου
1371 1502 1451 1534 αὐτῷ
1461 1502 1520 1530 ἀπὸ
1534 1503 1598 1530 σῶν
1612 1504 1734 1538 καρπῶν
1747 1505 1903 1536 amatam}-

261 1552 293 1575 ιιι
312 1549 460 1584 primitias,
476 1547 544 1576 oil‘er
574 1549 612 1576 illi
641 1548 675 1576 de
697 1548 834 1575 fructibus
859 1555 914 1574 non
938 1548 1051 1582 rapinae,

1108 1557 1172 1583 νης.
1188 1549 1243 1575 Καὶ
1257 1547 1294 1580 ὥς
1307 1556 1384 1579 τινας
1399 1547 1527 1582 ἀπαρχὰς
1543 1548 1666 1582 πρόσαγε
1675 1549 1771 1584 τούτῳ,
1783 1550 1837 1576 τῶν
1854 1549 1903 1584 μὲν

263 1594 310 1622 sed
327 1598 462 1622 terrarum
477 1599 597 1627 tuarum,
610 1598 640 1622 ut
652 1594 745 1630 justus
770 1593 849 1626 Abel,
867 1594 990 1622 omnium
1006 1594 1055 1620 Im-

263 1642 446 1670 uorabiliores
463 1646 490 1668 et
508 1641 649 1675 meliores,
665 1648 780 1675 operum
795 1646 904 1668 tuorum
921 1642 1056 1668 bonorum

265 1687 440 1720 intentiones,
456 1687 548 1714 omnia
569 1689 765 1722 propter'eum
784 1687 933 1722 operando.

300 1775 382 1804 Vens.
400 1776 443 1804 10.
462 1775 495 1803 Ut
517 1777 679 1811 impleantur
694 1777 790 1804 horrea
814 1777 996 1812 tuafrumenti
1015 1785 1058 1804 sa-

265 1822 383 1855 turitate,
400 1827 425 1848 et
449 1823 507 1849 vino
534 1823 682 1850 toreularia
701 1828 746 1850 tua
772 1823 928 1851 redundent.
948 1823 993 1857 Ut,
1005 1823 1060 1851 Deo

264 1868 313 1895 tibi
331 1869 547 1896 benedictionem
565 1869 660 1901 dante,
676 1869 776 1896 horrea
803 1873 831 1897 et
857 1870 1006 1897 toreularia
1019 1877 1061 1897 re-

266 1915 392 1949 pleantur
415 1915 457 1943 bis
489 1923 550 1951 qum
566 1916 599 1943 ad
634 1923 736 1951 corpus
759 1917 918 1945 necessaria
932 1921 1015 1945 sunt:
1032 1921 1061 1944 ut

267 1961 385 1995 potentia
412 1961 511 1989 animae
537 1967 589 1989 tua:
607 1964 726 1997 praetica
757 1963 894 1998 repleatur
913 1963 1061 1991 virtutibus

265 2011 296 2034 ut
322 2007 486 2042 quibusdam
502 2007 651 2040 fructibus,
669 2009 812 2044 productis
832 2009 911 2044 quasi
927 2018 961 2037 ex
979 2009 1062 2037 semi-

265 2060 300 2080 ne
330 2052 520 2081 mandatorum
549 2053 717 2087 divinorum,
750 2059 777 2081 et
802 2055 982 2089 intelligentia
1012 2059 1062 2080 tua

266 2099 388 2127 scienti-.2
411 2100 598 2132 sermonibus,
630 2101 667 2127 ita
694 2105 724 2127 ut
744 2100 845 2129 divinis
888 2100 1062 2136 dogmatibus

265 2146 424 2180 ﬂuentibus,
438 2152 570 2182 tanquam
595 2155 626 2174 ex
658 2148 788 2180 racemis,
818 2148 878 2182 ipse
905 2147 1062 2179 abundans,

265 2199 342 2220 more
358 2192 552 2227 magistrorum
571 2193 742 2226 docentium,
771 2194 854 2221 saties
866 2194 984 2222 aliorum
1001 2193 1063 2220 ani-

265 2246 336 2273 mas,
353 2239 417 2267 vino
429 2239 546 2275 spiritali
565 2240 627 2268 illos
648 2241 797 2268 recreanti.

302 2331 384 2360 Vens.
403 2332 446 2359 ll.
464 2331 777 2367 Disciplinamsbomini,
809 2331 850 2366 ﬁli
878 2333 924 2365 mi,
943 2340 974 2360 ne
990 2331 1059 2367 abji-

265 2378 332 2411 cias,
353 2386 399 2405 nec
417 2378 526 2413 deﬁcias
550 2386 610 2405 cum
625 2378 657 2405 ab
673 2385 703 2405 eo
715 2377 869 2412 corriperis.
903 2377 953 2404 Fili
980 2377 1062 2412 spiri-

266 2424 360 2456 tualis,
373 2423 491 2451 viriliter
519 2424 624 2451 sustine
642 2422 834 2450 tribulatioues
849 2429 911 2457 quae
935 2421 987 2449 tibi
1016 2421 1061 2448 iu-

267 2468 335 2501 vito,
351 2468 458 2503 judicio
476 2467 523 2496 Dei
551 2468 700 2496 accidunt:
731 2471 759 2495 et
775 2475 810 2495 ne
827 2466 940 2494 deﬁcias
956 2473 1018 2494 cum
1035 2469 1062 2494 te

268 2513 392 2547 arguerit
405 2514 439 2540 de
454 2514 587 2548 peccatis,
606 2521 668 2549 quae
677 2513 727 2541 tibi
744 2511 903 2540 manifestat
920 2519 970 2546 per
994 2510 1063 2539 afili-

268 2559 390 2587 ctiouum
407 2559 590 2587 invasionem.

306 2648 390 2677 Vens.
406 2649 448 2677 l2.
465 2650 545 2683 Quem
556 2651 625 2678 enim
637 2650 723 2686 diligit
740 2650 808 2678 Deus
833 2650 953 2685 corripit.
970 2649 1063 2683 lllum,

271 2694 318 2728 qui
335 2695 363 2721 in
375 2702 404 2722 se
417 2694 464 2722 Dei
486 2703 607 2723 amorem
624 2697 777 2732 cognoscit,
798 2696 912 2731 corripit
933 2694 1064 2723 Dominus

273 2745 319 2773 per
334 2738 537 2772 tribulationes,
555 2745 586 2768 ut
603 2745 677 2768 recte
702 2741 832 2774 ambulet,
845 2740 910 2768 dum
925 2741 1002 2768 illum
1016 2741 1063 2776 qui

274 2783 354 2811 talem
371 2791 426 2812 non
444 2785 528 2812 sentit
549 2793 680 2820 amorem,
699 2794 752 2814 non
779 2787 921 2823 corripiat.
940 2786 1065 2822 Castiga-

276 2829 315 2856 tio
328 2829 401 2857 enim
426 2838 480 2858 non
508 2836 645 2864 correcta,
677 2832 725 2860 sed
755 2833 958 2869 blasphemanti
986 2831 1065 2860 aliert

272 2876 468 2906 -tribulati0nes

1111 1595 1148 1630 μὴ
1161 1594 1216 1621 ἀπὸ
1227 1593 1356 1629 ἁρπαγῆς
1368 1592 1425 1620 ἀλλ’
1443 1593 1496 1620 ἀπὸ
1509 1593 1558 1627 τῆς
1577 1594 1626 1628 σῆς
1641 1594 1761 1630 ἀρούρης
1776 1595 1902 1629 καρπῶν,

1110 1640 1179 1668 κατὰ
1189 1641 1235 1667 τὸν
1252 1640 1387 1675 μακάριον
1402 1639 1502 1671 Ἅϐελ,
1526 1640 1589 1672 τοὺς
1601 1640 1656 1667 τῶν
1669 1641 1757 1667 ἄλλων
1776 1640 1903 1675 τιμιωτέ-

1111 1695 1174 1722 ρους
1185 1687 1231 1713 καὶ
1244 1686 1401 1722 κρείττονας
1415 1694 1422 1700 '
1435 1685 1490 1712 τῶν
1501 1685 1529 1712 δὲ
1546 1686 1607 1712 κατ’
1620 1686 1721 1722 ἀρετὴν
1735 1686 1823 1722 ἔργων
1844 1695 1903 1718 σου,

1109 1733 1159 1763 τὰς
1175 1732 1278 1764 αίτίας·
1295 1733 1378 1758 ποιῶν
1393 1732 1501 1758 ἅπαντα
1516 1732 1603 1759 ταῦτα
1614 1732 1659 1759 διὰ
1670 1733 1745 1759 Θεόν.

1149 1781 1173 1804 ι’.
1194 1778 1262 1805 Ἵνα
1278 1778 1468 1812 πιμπλῶνται
1479 1779 1515 1805 τὰ
1527 1778 1643 1813 ταμιεῖά
1653 1786 1711 1805 σου
1720 1777 1904 1812 πλησμονῆς

1111 1826 1209 1856 σίτου,
1227 1825 1300 1858 οἴνῳ
1313 1824 1348 1850 δὲ
1365 1825 1395 1851 al
1412 1825 1503 1858 ληνοί
1516 1833 1575 1851 σου
1594 1824 1828 1859 ὑπερόλὺζωσιν.
1845 1826 1904 1852 "lu

1113 1871 1161 1898 σοῦ
1182 1871 1233 1906 τῆς
1250 1871 1325 1906 παρὰ
1345 1870 1414 1897 Θεοῦ
1435 1871 1620 1906 τυγχάνοντος
1643 1871 1779 1905 εὐλογίας,
1807 1873 1836 1899 at
1855 1872 1904 1906 μὲν

1112 1917 1250 1953 ἀποθῆκαι
1266 1917 1314 1944 καὶ
1340 1917 1369 1944 αί
1397 1917 1474 1953 ληνοὶ
1491 1917 1608 1953 πλήρεις
1627 1917 1773 1952 ὑπάρχωσι
1793 1919 1846 1945 τῶν
1865 1918 1905 1953 τῷ

1114 1963 1221 1998 σώματι
1240 1962 1396 1999 χρειωδῶν·
1413 1963 1429 1998 ἡ
1443 1963 1471 1989 δὲ
1489 1963 1630 1997 πρακτική
1646 1971 1694 1989 σου
1721 1963 1778 1995 ἕξις
1800 1964 1905 1998 πεπλη-

1115 2009 1225 2045 ρωμένη
1255 2009 1298 2044 εἴη
1315 2009 1369 2036 τῶν
1393 2009 1431 2040 ὡς
1457 2009 1489 2035 ἐκ
1515 2017 1590 2041 τινος
1617 2009 1720 2044 σπόρου
1743 2009 1798 2036 τῶν
1824 2009 1906 2037 θείων

1113 2054 1239 2086 ἐντολῶν,
1268 2055 1486 2090 γεωργουμένων
1509 2054 1580 2082 κατὰ
1596 2055 1696 2091 πρᾶξιν
1723 2055 1839 2090 ἀρετῶν,
1860 2053 1906 2082 οἶά

1114 2110 1195 2128 τινων
1221 2101 1356 2136 καρπῶν·
1376 2101 1424 2127 καὶ
1442 2101 1458 2136 ἡ
1482 2101 1638 2137 θεωρητικὴ
1653 2101 1830 2137 πληρουμένη
1851 2101 1905 2128 τῶν

1115 2146 1186 2174 κατὰ
1209 2146 1312 2180 γνῶσιν
1339 2145 1444 2179 λόγων·
1475 2147 1680 2182 προχεομένων,
1702 2147 1740 2179 ὡς
1761 2147 1793 2173 ἐκ
1823 2156 1906 2174 τινων

1117 2192 1249 2228 βοτρύων,
1261 2192 1315 2219 τῶν
1330 2192 1411 2219 θείων
1428 2193 1584 2226 δογμάτων,
1605 2193 1764 2228 ὑπερεκχέῃ
1775 2193 1907 2219 διδασκαι

1079 2232 1102 2261 ί)
1115 2239 1198 2271 λικῶς
1214 2239 1363 2272 ποτίζουσα
1380 2240 1430 2270 τὰς
1446 2239 1501 2265 τῶν
1516 2239 1606 2266 ἄλλων
1620 2239 1720 2274 ψυχὰς,
1739 2239 1785 2266 τὸν
1803 2239 1905 2270 ταύτας

1112 2286 1293 2321 εὐφραίνοντα
1304 2285 1399 2320 νοητὸν
1415 2284 1496 2312 οἶνον.

1149 2331 1191 2359 ια’.
1225 2331 1283 2364 Υἱὲ,
1300 2331 1343 2366 μὴ
1364 2331 1500 2366 ὀλιγώρει
1525 2331 1660 2364 παιδείας
1680 2331 1808 2366 Κυρίου,
1829 2333 1905 2366 μηδὲ

1111 2378 1226 2405 ἐκλύου
1238 2377 1289 2404 ὑπ’
1309 2377 1403 2404 αὑτοῦ
1422 2377 1632 2412 ἐλεγχόμενος.
1657 2377 1760 2404 Τέκνον
1779 2386 1905 2414 πνευμα-

1111 2424 1198 2454 τικὸν.
1214 2423 1346 2458 γενναίως
1365 2423 1431 2458 φέρε
1448 2423 1482 2450 τὰ
1499 2424 1590 2458 κρίσει
1611 2423 1681 2450 Θεοῦ
1708 2424 1846 2456 ἀκουσίως
1863 2433 1905 2452 σοι

1113 2470 1287 2504 ἐπερχόμενα
1321 2468 1453 2504 Ολιὸερά·
1484 2469 1531 2495 καὶ
1564 2468 1602 2504 μὴ
1623 2469 1798 2502 κατάπιπτε,
1829 2470 1904 2504 παρὰ

1112 2514 1209 2541 τούτου
1225 2513 1503 2549 ὑπομιμνησκόμενός
1522 2522 1570 2540 σου
1586 2513 1622 2540 τὰ
1641 2513 1840 2549 ἁμαρτήματα,
1855 2514 1904 2549 δη-

1113 2560 1286 2592 λοποιοῦντός
1315 2569 1356 2586 σοι
1373 2560 1461 2587 ταῦτα
1484 2560 1528 2587 διὰ
1554 2559 1604 2594 τῆς
1620 2559 1674 2586 τῶν
1695 2559 1833 2596 δυσχερῶν
1855 2561 1904 2587 ὲπ-

1114 2606 1239 2641 αγωγῆς⁶

1150 2651 1193 2686 ιβ’.
1215 2652 1270 2678 Ὃν
1288 2651 1343 2686 γὰρ
1361 2650 1463 2685 ἀγαπᾷ
1482 2653 1600 2686 Κύριος,
1618 2652 1762 2680 παιδεύει.
1780 2652 1832 2678 Τὸν
1848 2651 1903 2687 γὰρ

1115 2696 1331 2731 ὲπιγινώσκοντα
1348 2696 1397 2732 τὴν
1412 2696 1509 2723 τούτου
1525 2698 1594 2732 πρὸς
1609 2698 1691 2726 αὐτὸν
1703 2697 1825 2732 ἀγάπην,
1839 2705 1904 2724 παι-

1114 2742 1188 2769 δεύει
1203 2742 1216 2768 ὁ
1232 2740 1337 2777 Κύριος
1357 2740 1402 2767 διὰ
1417 2740 1473 2768 τῶν
1493 2741 1632 2777 ὀδυνηρῶν
1652 2741 1720 2775 πρὸς
1740 2739 1885 2775 διόρθωσιν
1896 2748 1903 2755 ·

1116 2787 1211 2822 ἐπειδὴ
1228 2787 1266 2822 τῷ
1282 2787 1318 2822 μὴ
1340 2787 1442 2822 ταύτην
1467 2787 1694 2821 ὲπιγινὼσκοντι,
1720 2786 1750 2812 οὐ
1778 2785 1905 2812 παιδεία“

1115 2834 1236 2869 τιμωρία
1260 2834 1300 2866 δὲ,
1320 2833 1358 2868 μὴ
1382 2833 1577 2868 διορθουμένῳ,
1602 2832 1670 2860 ἀλλὰ
1686 2831 1905 2867 βλασφημοῦντι,

1119 2879 1235 2914 ὑπάρχει
1254 2878 1287 2905 τὰ
1302 2878 1375 2912 λυπη
1381 2878 1423 2913 ρὰ.
