2079 3161
205 163 275 196 1245

738 166 1009 196 COMMENTARII
1030 165 1070 196 IN
1090 167 1316 199 PROVERBIA.

1772 169 1840 202 1246

238 224 390 259 Macarei
414 224 448 251 δὲ
483 223 582 250 πάντα
605 222 689 256 υἱὸν,
717 222 753 249 ὃν
787 223 996 258 παραδέχεται.

1087 223 1220 259 Flagellat
1247 234 1348 253 omnem
1370 226 1455 261 ﬁlium
1484 234 1560 261 quem
1588 225 1691 261 reripit,
1709 225 1839 262 Flagellat

204 271 316 307 ιῐληγὰς
330 271 354 297 δ’
368 270 496 305 ἐπιφέρει
508 269 590 295 παντὶ
604 269 665 295 κατ’
679 269 779 304 ἀρετὴν
797 269 845 304 μὲν
861 270 907 295 καὶ
923 269 993 303 γνῶ-

205 326 248 344 σιν
262 314 465 350 υίοθετουμένῳ
490 313 575 348 αὐτῷ,
593 313 812 348 μεγαλαυχοῦντι
836 312 865 338 δὲ
891 312 932 344 ἐφ’
953 309 993 342 οἷς

204 363 334 399 κατορθοῖ
345 369 352 376 ·
369 362 443 392 ὅπως
456 360 539 396 πείσει’⁸
553 359 635 385 αὑτὸν
652 359 860 394 μετριοφρονείν
873 358 919 384 ἐπὶ
933 357 994 383 τού-

204 419 272 442 τοις,
290 409 339 436 καὶ
350 408 499 440 ὁλοτελῶς,
519 406 586 434 ἀλλὰ
599 406 637 441 μὴ
655 406 687 432 ὲκ
702 405 805 441 μέρους
820 404 894 439 αὐτῷ
910 412 995 439 προσ-

205 455 353 492 έρχεσθαι·
376 454 406 480 ὃν
423 453 498 488 παρὰ
516 453 598 488 μέρος
624 450 735 486 δέχεταί
754 459 784 477 τε
800 451 846 477 καὶ
867 449 995 485 ἀποπέμ-

205 511 286 530 πεται
297 509 304 516 ·
318 501 349 527 τδ
367 500 427 535 μὲν,
448 500 493 526 διὰ
507 499 552 526 τὸν
570 498 697 533 ἐνάρετον
710 497 784 532 βίον·
800 496 830 522 τὸ
847 496 886 528 δὲ,
904 495 948 522 διὰ
965 495 995 521 τδ

208 549 246 583 μὴ
260 547 371 582 φρονεῖν
381 545 509 572 ταπεινά.

244 597 289 628 ιγ’.
307 592 459 626 Μακάριος
472 591 638 625 ἅνθρωπος.
659 589 694 622 ὃς
715 586 785 622 εὗρε
799 589 928 623 σοφίαν·
947 589 995 615 καὶ

209 640 330 673 θνητὸς.
347 638 380 672 ὃς
401 636 463 665 εἶδε
479 638 643 672 φρόνησιν.
666 633 767 662 Λοιπὸν
791 635 968 670 ἀείμνηστος,
983 635 997 660 ὁ

209 688 281 714 κατὰ
299 685 349 720 μὲν
373 685 404 710 τὸ
421 683 569 717 νοούμενον
587 680 724 715 ἀνθρώπῳ
738 679 821 715 ὁρῶν,
842 679 903 706 καθ’
920 679 934 705 ὃ
950 679 997 704 καὶ

208 731 342 766 κέκληται
369 728 527 764 ἄνθρωπος’
552 725 702 754 κάντεῦθεν
725 724 893 760 ψηλαφήσας
914 725 947 760 τῇ
969 724 997 750 ἐν

208 776 346 812 πνεύματι
371 776 474 810 φυσικῇ
501 773 604 809 θεωρίᾳ
618 772 673 798 τῶν
695 772 792 803 ὄντων,
819 770 867 797 τὸν
893 770 998 797 τούτων

209 823 297 849 αἴτιον
319 821 387 848 Θεόν
401 829 408 837 ·
431 821 478 847 καὶ
498 819 595 846 τούτου
626 817 762 853 ἐπιτυχὼν
776 816 938 851 γνωστικῶς
966 817 999 843 ἐκ

206 869 261 895 τῶν
277 867 450 903 ποιημάτων,
465 866 502 897 ὼς
517 865 645 892 ἐντεῦθεν
655 864 704 898 τῆς
721 864 785 899 περὶ
797 864 831 890 τὰ
845 863 998 898 πρόσκαιρα

1045 279 1163 305 omnem,
1178 273 1223 307 qui
1240 281 1288 308 per
1300 273 1427 300 virtutem
1445 277 1472 300 ct
1491 272 1632 300 Scientiatn
1653 280 1701 306 pro
1721 272 1777 299 lilio
1806 273 1840 300 ab

1044 325 1078 344 eo
1094 319 1238 353 adoptatus
1249 323 1301 352 est,
1318 323 1345 347 et
1357 319 1404 354 qui
1421 319 1454 347 de
1472 319 1506 346 iis
1533 319 1560 346 in
1588 319 1688 354 quibus
1700 319 1838 355 dirigitur,

1045 363 1196 397 gloriatur;
1210 368 1237 392 et
1253 365 1290 392 ita
1304 365 1408 392 inducit
1424 365 1513 399 illum,
1531 369 1560 392 ut
1575 365 1611 393 sit
1623 365 1658 392 tle
1673 365 1716 392 his
1746 365 1840 392 mode—

1046 415 1117 441 stus,
1139 414 1165 436 et
1181 409 1304 445 seipsum
1327 411 1366 438 illi
1382 411 1501 438 totaliter
1524 418 1577 437 non
1597 418 1630 438 ex
1646 416 1723 445 parte
1738 411 1838 438 donet:

1047 455 1101 482 Deo
1112 456 1186 483 enint
1217 457 1371 491 proximata
1399 462 1427 485 ct
1452 457 1575 485 vicissim
1599 457 1634 484 ab
1645 465 1678 484 eo
1691 457 1837 490 alienatur,

1047 509 1143 533 unum,
1163 510 1210 536 per
1239 502 1323 529 vitam
1349 508 1464 536 rectam,
1490 504 1607 530 alterum
1625 510 1672 537 per
1682 503 1838 538 superbiam

1046 546 1197 574 cllicicndo.

1084 592 1167 620 Vens.
1183 593 1225 620 i3.
1239 592 1338 620 Beatus
1353 593 1430 620 homo
1449 594 1493 629 qui
1507 594 1606 621 invenit
1633 593 1800 628 sapientiam,
1813 600 1838 621 et

1048 638 1170 664 mortalis
1186 638 1232 672 qui
1247 638 1502 673 viditprudentiam.
1532 638 1649 670 Deinde,
1681 640 1753 666 otntti
1782 647 1839 667 me-

1049 684 1134 711 moria
1147 684 1247 719 dignus
1260 690 1312 717 est,
1331 686 1378 720 qui
1394 685 1427 713 de
1444 686 1555 713 homine
1569 686 1674 721 judieat
1688 686 1839 714 secundum

1049 730 1179 761 animant,
1193 738 1246 766 qtta
1258 735 1284 758 et
1300 735 1414 758 vocatur
1426 731 1525 759 homo:
1539 732 1584 767 qui
1597 731 1735 767 spirituali
1748 740 1839 759 rerum

1048 776 1215 803 naturalium
1225 777 1466 812 contemplatione,
1477 778 1585 805 illarum
1598 784 1737 806 auctorctn
1752 779 1838 807 Deum

1049 821 1163 856 quaerit:
1183 822 1230 856 qui
1259 830 1292 850 ex
1309 822 1363 850 illis
1378 831 1425 858 per
1454 823 1595 851 scientiam
1610 825 1642 851 ad
1659 825 1733 851 illutn
1745 833 1840 860 perve-

1051 867 1139 901 tticns,
1156 867 1246 895 fallaci
1267 868 1300 896 de
1333 869 1534 903 temporalibus
1546 869 1653 904 judicio
1669 875 1698 897 ut
1711 871 1782 898 nube
1795 879 1840 898 re-

206 915 326 949 ἀπάτης,
339 911 384 940 οἷά
399 921 471 943 τινος
495 911 595 946 ἀχλύος
616 910 834 945 σκεδαννυμένης
858 910 996 944 αὐτόπτης

1049 919 1131 945 mota,
1148 921 1196 948 per
1211 921 1288 942 suam
1303 915 1454 949 practicam
1473 916 1684 951 experientiam,
1712 916 1840 951 cognovit

206 960 279 988 κατὰ
304 961 402 994 πεῖραν
425 957 581 994 πρακτικὴν
602 957 750 992 γενόμενος
772 956 823 990 τῆς
845 955 993 982 ἀντιπάλου

205 1009 238 1042 τῇ
253 1014 283 1033 τε
295 1005 374 1041 ἀνοίᾳ
387 1005 435 1031 καὶ
449 1005 483 1040 τῇ
496 1003 628 1039 ὑπερνοίᾳ
642 1002 735 1035 ἕξεως,
747 1002 764 1037 ἥ
779 1002 837 1028 ἐστι
852 1002 993 1037 φρόνησις

205 1051 357 1078 ἀντίκειται
370 1050 424 1086 γὰρ
444 1049 525 1084 αὕτη,
543 1050 576 1083 τῇ
598 1049 649 1083 μὲν
669 1048 749 1083 ἀνοίᾳ
766 1048 794 1074 ὲν
812 1047 852 1082 τῷ
868 1048 995 1082 ἐμποιεῖν

206 1097 273 1132 ἡμῖν
291 1096 345 1123 τῶν
357 1096 534 1131 προσκαίρων
551 1094 734 1126 κατάγνωσιν,
748 1093 795 1120 καὶ
808 1094 863 1120 τῶν
879 1094 995 1119 αἰωνίων

204 1143 312 1178 ὄρεξιν·
334 1142 409 1178 τῇδὲ
431 1140 565 1176 ὑπερνοίξι
584 1141 612 1166 ὲν
628 1139 666 1174 τῷ
683 1140 810 1174 ἐμποιεῖν
828 1137 905 1170 αὖθις
928 1140 995 1174 ἡμῖν

205 1189 255 1223 τῆς
268 1188 372 1218 οἰκείας
384 1180 526 1218 ἀσθενέὲας
544 1186 705 1219 ἐπίγνωσιν.

242 1227 284 1261 ιδί.
300 1233 451 1268 ιιζρεῖσσον
463 1232 518 1268 γὰρ
534 1232 631 1266 αὐτὴν
642 1231 870 1266 ἐμπορεύεσθαι,
885 1223 994 1266 nmm-

205 1280 275 1307 σίου
288 1279 335 1306 καί
348 1279 491 1313 ἀργυρίου
502 1276 684 1311 θησαυρούς.
693 1275 804 1310 Ἐπειδὴ
818 1275 927 1302 κάλλιόν
937 1276 995 1301 ἐστι

205 1324 255 1360 τὴν
273 1324 363 1351 αἰτίαν
385 1324 436 1358 τῆς
452 1323 610 1358 φρονήσεως
629 1321 738 1356 σοφίας,
754 1320 834 1348 ὢνιον
859 1320 996 1347 ποιεῖσθαι

207 1371 281 1406 ἡμᾶς
305 1369 350 1396 διὰ
371 1369 482 1395 πάντων
498 1368 550 1394 τῶν
567 1368 628 1395 καθ’
656 1368 746 1403 ἡμᾶς·
774 1368 804 1394 ἐν
831 1367 881 1402 μὲν
899 1376 996 1402 πειραο

208 1415 288 1450 σμοῖς
300 1413 470 1446 ἀνενδότους,
484 1412 554 1439 κατὰ
568 1412 597 1438 δὲ
614 1411 671 1446 βίον
684 1411 838 1446 λαμπροὺς,
853 1409 996 1447 χαρίζεται

207 1462 274 1497 ἡμῖν
291 1460 321 1487 τό
337 1469 366 1487 τε
384 1461 431 1487 τοῦ
446 1458 548 1495 χρυσοῦ
567 1459 597 1485 ἐν
620 1458 728 1493 καμίνῳ
745 1458 892 1493 ἀμείωτον,
907 1458 953 1484 καὶ
966 1458 997 1484 τὸ

207 1507 254 1534 τοῦ
264 1506 396 1542 ἀργυρίου
410 1505 540 1542 καθαρὴν,
550 1505 566 1541 ἦ
578 1504 660 1532 αὐτοῦ
672 1505 786 1540 χρυσίου
802 1503 849 1531 καὶ
863 1505 995 1540 ἀργυρίου

208 1551 324 1581 κτᾶσθαι
339 1551 454 1582 πολλοὺς
470 1549 636 1586 θησαυρούς.

244 1597 286 1624 ιε’.
306 1595 464 1632 Τιμιωτέρα
476 1595 509 1622 δέ
523 1596 588 1622 ἐστι
603 1596 696 1622 λίθων
706 1594 894 1623 πολυτελῶν.
911 1595 996 1622 Πολυ-

207 1644 352 1679 τιμωτέρα
365 1643 388 1670 δ’
402 1643 472 1678 αὕτη
493 1643 553 1669 ἐστὶ
575 1642 657 1668 λίθων
675 1642 884 1677 πολυτιμήτων·
901 1643 941 1668 ὅτι
957 1643 997 1674 εἰς

210 1689 259 1725 μὲν
285 1689 336 1724 τὴν
356 1688 459 1714 τούτων
488 1687 666 1723 ὲμπόρευσιν,
697 1687 745 1714 ﬁt:
769 1689 885 1722 ῥευστῆς
913 1687 997 1714 ὅντων

209 1735 286 1772 ὕλης,
306 1735 409 1770 ἄψυχος
436 1734 517 1761 πάλιν
536 1733 596 1769 ὕλη,
613 1733 713 1769 χρυσὸς
737 1733 827 1769 ἁδρὸς,
843 1734 859 1767 ἢ
877 1734 998 1769 ἄργυρος

209 1783 409 1813 καταϐάλλεται
420 1789 428 1797 ⁸
445 1782 484 1812 εἰς
503 1781 530 1808 δέ
547 1789 579 1815 γε
593 1781 643 1816 τὴν
660 1781 710 1816 τῆς
730 1780 838 1814 σοφίας,
852 1781 934 1815 ἡμεῖς
949 1780 997 1807 αὐ-

207 1830 249 1856 τοὶ
262 1829 291 1856 τὺ
306 1828 473 1864 τιμιώτατον
488 1826 556 1854 Θεοῦ
573 1827 666 1862 κτῆμα
680 1827 727 1853 καὶ
742 1826 925 1861 οἰκειότερον.

245 1918 307 1944 Οὺκ
333 1916 545 1944 ἀντιτάσσεται
568 1914 646 1949 αὐτῇ
671 1915 762 1942 οὐδὲν
777 1916 922 1949 πονηρόν.
942 1915 999 1942 Οὐκ

209 1962 370 1991 ἀνθίσταται
399 1962 468 1997 αὐτῇ
494 1961 609 1996 οὐδεμία
626 1961 729 1987 κακία·
756 1960 920 1996 ὲνλάμψασα
945 1962 999 1996 γὰρ

210 2011 275 2045 ἡμῖν
291 2009 360 2036 κατά
374 2017 403 2035 τε
418 2008 518 2042 γνῶσιν
528 2008 575 2034 καὶ
591 2007 703 2042 ἀρετὴν,
717 2007 810 2034 πᾶσαν
824 2007 937 2041 ἀγνοίας
952 2009 998 2033 καὶ

211 2053 310 2085 κακίας
328 2053 437 2088 μακρὰν
452 2052 529 2087 ἡμῶν
545 2052 694 2079 ἀπελαύνει
711 2052 905 2087 σκοτόμαιναν.

247 2099 424 2134 Εὕγνωστός
442 2099 509 2126 ἐστι
533 2098 608 2125 πᾶσι
634 2097 698 2131 τοῖς
719 2097 887 2134 ὀργίζοιισιν
909 2099 996 2132 αὐτῇ.

211 2145 355 2181 Εὒληπτος
370 2143 417 2172 οὖν
444 2145 502 2170 ἐστι
519 2145 576 2175 τοῖς
591 2144 676 2181 ταύτῃ
699 2145 770 2171 κατὰ
787 2145 903 2180 μίμησιν
927 2145 995 2180 πλη-

212 2190 368 2221 σιάζουσιν·
386 2187 431 2216 οἶα
456 2189 496 2224 τῷ
519 2190 580 2215 κατ’
595 2189 688 2215 εἰκόνα
712 2189 795 2224 λόγῳ,
812 2190 859 2216 καὶ
881 2189 920 2225 τῷ
936 2189 998 2216 καθ’

210 2236 340 2272 ὁμοίωσιν
355 2235 446 2271 τρόπῳ
461 2234 639 2270 θεωρουμένη
655 2234 692 2266 ὡς
708 2235 873 2270 ἀρχέτυπον.

247 2282 314 2311 Πᾶν
323 2281 357 2309 δὲ
371 2282 480 2317 τίμιον,
505 2282 562 2308 οὐκ
582 2281 670 2313 ἄξιον
691 2280 786 2314 αὐτῆς
804 2281 900 2308 ἐστιν.
915 2281 999 2307 Οὐδὲν

212 2328 240 2354 δὲ
269 2327 324 2354 τῶν
350 2326 416 2362 παρ’
437 2327 504 2361 ἡμῖν
532 2326 717 2361 τιμιωτάτων,
741 2325 846 2361 ταύτης
881 2326 1000 2360 ὑπάρχει

212 2373 354 2406 ἀντάξιον·
377 2373 420 2400 ὅτι
433 2373 503 2408 ὑπὲρ
522 2373 610 2399 πάντα
623 2372 683 2399 ἐστὶ
699 2373 759 2398 κατ’
777 2372 884 2404 οὑσῖαν,
904 2372 956 2399 κᾶν
971 2374 1000 2399 ἐν

211 2419 296 2446 πᾶσιν
320 2420 378 2446 ἐστι
407 2420 468 2446 κατ’
493 2418 653 2453 ἐνέργειαν·
677 2419 772 2453 διόπερ
801 2419 904 2454 ταύτης
931 2419 1002 2445 κατὰ

212 2466 293 2501 χάριν
321 2465 578 2501 μεταλαμὸάνομεν,
594 2465 678 2501 μηδὲν
706 2465 780 2498 ἄξιον
795 2465 880 2500 αὐτῆς
895 2466 1002 2491 ἀντεισ-

212 2513 342 2548 φέροντες
347 2533 353 2539 .

249 2563 300 2591 ις¹.
320 2558 424 2594 Μῆκος
439 2558 493 2593 γὰρ
507 2559 591 2591 βίου,
612 2559 660 2586 καὶ
681 2558 732 2593 ἐτη
751 2558 824 2593 ζωῆς
842 2559 876 2585 ὲν
895 2557 934 2593 τῇ
953 2558 1001 2585 δε-

213 2604 264 2638 ξιᾷ
277 2603 382 2638 αὐτῆς.
397 2604 477 2638 Παρὰ
493 2603 522 2630 δὲ
535 2605 568 2639 τῇ
581 2603 618 2635 ὡς
632 2604 717 2640 δεξιᾷ,
732 2604 887 2640 τελειοτέρα
901 2603 1002 2640 ταύτης

213 2650 350 2686 ἐνεργείᾳ,
374 2649 436 2684 ἥτις
455 2650 530 2676 ἐστὶν
547 2650 564 2684 ἡ
578 2650 632 2676 τῶν
651 2650 730 2677 Θείων
746 2651 898 2686 ἐπιστήμη,
915 2651 1003 2686 ὑπάρ-

214 2707 255 2733 χει
270 2697 301 2724 τό
312 2705 342 2724 τε
366 2696 482 2732 μέγεοος
498 2697 548 2731 τῆς
564 2697 634 2723 κατὰ
649 2697 694 2723 τὸν
711 2697 794 2732 νόμον
821 2697 867 2723 τὸν
881 2705 1004 2732 πνευμα-

213 2744 291 2771 τικὸν
307 2743 439 2778 ἐναρέτου
461 2742 613 2776 πολιτείας,
629 2742 738 2774 πάντως
757 2743 774 2778 ἡ
796 2743 847 2778 τὴν
860 2743 932 2771 κατὰ
958 2742 1004 2770 τὸν

215 2789 331 2823 φυσικὸν
346 2790 394 2815 καὶ
420 2789 467 2815 τὸν
481 2789 606 2824 γραπτὸν
620 2788 701 2824 νόμον
718 2789 892 2821 δικαιοσύνην
911 2789 1005 2824 ὑπερ-

214 2837 348 2864 δαίνουσα
367 2837 487 2872 ὁσιότης,
515 2837 562 2863 καὶ
590 2836 676 2872 μέτρα
694 2837 745 2871 τῆς
764 2837 891 2872 καθαρᾶς
913 2837 1004 2873 πάσης

216 2882 348 2919 αἰσθητῆς
361 2883 510 2918 φαντασίας
530 2882 613 2911 ἀῦλου
630 2883 658 2910 ὲν
675 2882 810 2919 πνεύματι
828 2882 965 2919 γνώσεως.

1046 964 1159 993 statum,
1173 961 1335 996 ignorantiae
1345 964 1373 989 et
1385 961 1522 996 superbiae
1534 962 1700 996 oppositum,
1715 961 1786 996 quod
1799 966 1841 989 est

1047 1007 1209 1042 prudentia:
1234 1008 1293 1036 haec
1307 1008 1380 1036 enirn
1395 1009 1521 1037 stultitiae
1546 1010 1708 1044 opponitur,
1733 1009 1796 1044 quia
1812 1009 1839 1036 in

1047 1054 1126 1082 nobis
1140 1054 1331 1089 temporalium
1341 1059 1540 1090 contemptum,
1555 1060 1582 1083 et
1594 1059 1757 1082 aeternorum
1769 1054 1840 1081 desi-

1046 1100 1153 1127 derium
1173 1100 1291 1133 excitat;
1325 1101 1473 1136 superbiae,
1502 1101 1565 1136 quia
1583 1101 1617 1128 de
1636 1101 1743 1136 propria
1762 1100 1829 1135 lragi

1048 1147 1123 1174 litate
1140 1154 1192 1175 nos
1206 1147 1326 1175 instruit.

1083 1237 1166 1266 Vens.
1183 1240 1224 1266 Η.
1237 1239 1333 1266 Melior
1346 1243 1383 1266 est
1405 1239 1548 1273 (requisitio
1577 1238 1644 1271 ejus,
1672 1237 1731 1263 auri
1751 1241 1775 1263 et
1794 1245 1840 1263 ar-

1046 1284 1118 1319 genti
1135 1285 1278 1312 thesauris.
1296 1284 1365 1311 Cum
1383 1284 1481 1311 melius
1507 1283 1543 1310 sit
1565 1282 1726 1318 sapientiam
1739 1287 1764 1308 et
1778 1289 1842 1316 pro.

1048 1331 1169 1359 dentiam
1193 1338 1244 1359 nos
1258 1331 1400 1366 emptione
1414 1330 1570 1364 acquirere,
1591 1336 1640 1363 per
1650 1336 1681 1356 ea
1693 1335 1754 1363 quae
1774 1335 1841 1362 pene

1048 1385 1098 1404 nos
1114 1381 1188 1408 sunt,
1210 1375 1340 1411 patientia
1366 1377 1395 1403 in
1426 1374 1634 1404 teutationibus,
1661 1377 1687 1401 et
1722 1372 1842 1407 puritate

1048 1423 1109 1450 vitzc
1137 1422 1265 1459 (delectat
1289 1422 1360 1449 enim
1381 1429 1431 1448 nos
1443 1421 1470 1448 itt
1483 1421 1592 1448 camino
1611 1427 1705 1447 aurum
1721 1427 1774 1446 non
1789 1419 1841 1445 nti-

1048 1469 1106 1501 nui,
1124 1473 1148 1496 et
1167 1468 1271 1502 fulgere
1286 1465 1453 1502 argenturm),
1472 1474 1554 1501 qttattt
1569 1465 1668 1492 multos
1682 1464 1740 1491 altri
1756 1467 1782 1491 ct
1797 1471 1842 1490 ar-

1049 1515 1124 1551 genti
1145 1515 1292 1543 thesauros
1314 1521 1486 1548 comparare.

1087 1603 1161 1631 Vens
1186 1603 1226 1630 15.
1243 1602 1391 1629 l’retiosior
1412 1607 1450 1629 est
1479 1599 1676 1636 pretiosissimis
1699 1598 1841 1633 lapidibus.

1052 1649 1096 1676 Illa
1114 1649 1259 1684 pretiosior
1270 1653 1311 1676 est
1326 1647 1461 1682 lapidibus
1469 1644 1675 1682 pretiosissimis
1687 1644 1728 1676 ;in
1745 1644 1841 1670 horum

1052 1695 1124 1721 enim
1142 1693 1338 1729 negotiatione,
1359 1697 1488 1727 tanquam
1514 1691 1624 1718 caducae
1640 1689 1771 1720 materitc,
1787 1688 1843 1714 sol-

1053 1742 1126 1768 vitur
1152 1740 1267 1767 mnltttm
1291 1747 1387 1766 aurutn
1416 1738 1458 1765 vel
1496 1741 1649 1772 argentum,
1682 1743 1742 1770 quae
1779 1737 1844 1762 sunt

1052 1787 1194 1823 a'qualiter
1205 1779 1268 1813 vilis
1280 1786 1405 1817 materia,
1420 1786 1448 1812 itt
1468 1783 1655 1817 negotiatione
1676 1786 1766 1808 autent
1779 1788 1843 1815 pru-

1053 1833 1164 1864 tlcntize,
1178 1839 1228 1859 nos
1242 1831 1294 1866 ipsi
1306 1830 1536 1866 pretiosissimam
1568 1832 1595 1856 et
1615 1827 1777 1854 familiarem
1794 1824 1842 1852 Dei

1054 1879 1226 1914 acquiritnus
1239 1878 1456 1913 possessionem.

1090 1925 1151 1952 Non
1172 1925 1274 1952 resistit
1297 1925 1322 1951 ei
1343 1923 1428 1950 ullum
1456 1922 1569 1949 malum.
1598 1921 1659 1948 Non
1687 1919 1788 1947 resistit
1804 1918 1842 1946 illi

1054 1973 1107 1999 ulla
1124 1972 1243 1999 malitia:
1258 1978 1320 1998 natn
1336 1969 1442 2004 fulgens
1454 1969 1480 1995 in
1499 1969 1577 1996 nobis
1593 1975 1641 2002 per
1658 1966 1799 1995 scientiam
1816 1969 1843 1992 et

1054 2021 1314 2050 \‘irtntem,omncm
1349 2015 1511 2050 ignorantiae
1539 2018 1566 2041 et
1597 2013 1719 2045 tnalilize,
1731 2012 1809 2046 longe
1827 2018 1842 2037 a

1054 2065 1133 2091 nobis
1149 2066 1271 2090 removet
1287 2061 1494 2089 obscuritatem.

1091 2109 1234 2143 Manifesta
1254 2111 1292 2134 est
1314 2106 1435 2133 omnibus
1455 2105 1499 2140 qui
1515 2105 1623 2131 irritant
1646 2102 1733 2129 illam.
1750 2100 1843 2128 Facile

1053 2153 1280 2191 apprehenditur,
1298 2153 1331 2179 ab
1358 2151 1392 2178 iis
1410 2151 1456 2185 qtti
1483 2157 1542 2177 eam
1568 2148 1668 2176 imitari
1687 2150 1842 2179 conantur;

1053 2208 1082 2231 ut
1106 2201 1271 2235 archetypos
1297 2196 1442 2229 :cstimata,
1466 2196 1495 2223 in
1520 2194 1637 2222 diversis
1656 2192 1794 2228 imaginis,
1816 2195 1844 2221 et

1016 2251 1039 2280 ι)
1052 2245 1242 2274 similitudinis
1260 2243 1358 2271 modis.

1089 2292 1172 2320 Omne
1186 2291 1298 2326 pretium
1314 2298 1366 2317 non
1379 2293 1418 2316 est
1434 2288 1482 2315 illa
1497 2287 1618 2322 dignum.
1632 2285 1705 2312 Nihil
1719 2292 1814 2312 eorum
1827 2291 1844 2312 a

1051 2339 1132 2366 nobis
1152 2342 1183 2365 ut.
1210 2335 1485 2372 pretiosissimorum,
1502 2333 1734 2363 existimatorem,
1752 2334 1843 2366 potest

1052 2385 1090 2412 illi
1106 2383 1276 2419 comparari;
1291 2382 1356 2417 quia
1371 2385 1412 2407 est
1425 2379 1548 2408 essentia
1560 2378 1689 2406 omnibus
1703 2376 1843 2412 superior,

1051 2431 1103 2458 etsi
1127 2430 1164 2457 sit
1190 2430 1218 2456 in
1243 2428 1372 2456 omnibus
1394 2427 1505 2453 virtute.
1532 2424 1637 2452 Idcirco
1657 2431 1705 2459 per
1726 2423 1844 2459 gratiam

1053 2475 1092 2503 illi
1106 2474 1319 2509 participatnus,
1333 2472 1401 2500 nihil
1414 2479 1446 2499 ea
1460 2471 1571 2506 dignum
1586 2469 1788 2498 existimantes.

1090 2562 1173 2590 Vnus.
1199 2562 1242 2588 iti.
1269 2560 1418 2595 Longitudo
1446 2559 1566 2592 dierum,
1593 2563 1617 2586 et
1643 2558 1707 2586 anni
1731 2557 1794 2585 vita!
1816 2558 1843 2584 in

1053 2609 1163 2636 dextera
1187 2607 1254 2642 ejus.
1283 2606 1420 2633 Perl’ectio
1443 2605 1505 2640 ejus
1531 2605 1557 2632 itt
1580 2603 1691 2637 virtute,
1712 2606 1843 2638 tanquam

1054 2654 1081 2681 itt
1100 2654 1224 2685 dextera,
1240 2658 1294 2687 qua
1318 2655 1360 2678 est
1379 2650 1535 2677 divinorum
1557 2649 1684 2681 scientia,
1699 2652 1742 2676 est
1758 2648 1845 2675 subli-

1054 2699 1134 2726 mitas
1152 2699 1213 2726 vitae
1230 2698 1308 2725 boum
1324 2696 1476 2724 secundum
1503 2695 1589 2730 legem
1615 2694 1797 2730 spiritualem,
1813 2696 1844 2720 ut

1054 2745 1205 2777 sanctitas,
1241 2743 1379 2779 justitiam
1413 2742 1480 2778 legis
1518 2741 1653 2769 naturalis
1678 2744 1706 2769 et
1734 2740 1843 2776 scripta:

1053 2790 1252 2819 transcendent;
1278 2793 1306 2817 et
1333 2795 1463 2816 mensura
1492 2788 1573 2815 annis
1597 2794 1673 2822 purae
1693 2786 1842 2815 visibilium

1055 2835 1305 2873 contemplationis,
1320 2834 1499 2863 inlellectuali
1514 2833 1681 2870 cognitione.
