2079 3161
216 154 285 190 1247

250 216 285 246 Et
307 217 334 243 in
353 216 465 244 sinislra
481 217 540 252 ejus
560 216 660 244 divitia:
674 221 698 244 et
710 217 808 252 gloria.
832 217 1005 252 lmperl'ectio
1019 219 1044 248 Α

216 263 278 298 ejus
295 263 323 290 in
337 263 441 291 virtute
459 267 592 298 tanquam
608 264 635 291 in
651 263 778 297 sinistra,
794 271 855 299 qua:
871 265 1007 292 humano-

218 318 281 338 rum
301 310 418 339 scientia
438 311 611 346 intelligitur,
628 315 671 338 est
688 310 856 338 abundantia
871 310 1006 338 virtutum

216 363 367 384 secundum
396 356 483 392 legem
512 357 666 385 naturalem
694 361 722 385 et
747 357 890 393 scriptam,
908 361 936 385 et
963 357 1007 392 pia

216 401 373 430 divinorum
386 402 566 437 iudiciorum,
577 403 699 430 naturali
720 403 899 431 meditalione
913 403 1008 438 acqui-

216 448 271 475 sita
296 448 434 483 cognitio,
462 448 570 476 scilicet
594 457 658 477 vera
685 450 712 477 in
741 450 825 477 rebus
853 449 1008 477 visibilibus

217 492 315 527 gloria.

252 538 295 565 Ea:
311 547 355 566 ore
374 539 431 573 ejus
444 539 562 573 procedit
574 541 699 575 justitia;
717 540 798 576 legem
813 545 837 568 et
855 540 1006 568 misericor-

216 583 291 611 diam
305 585 332 611 in
349 585 441 620 lingua
456 591 556 620 portat.
569 585 603 613 Et
617 594 650 614 cx
665 587 812 614 verissima
826 586 887 621 ejus
904 586 1008 614 doctri-

218 637 264 660 na,
281 634 411 665 tanquam
427 638 459 658 ex
480 631 574 666 aliquo
586 639 645 666 ore,
664 632 789 667 procedit
806 633 901 667 regula
920 632 1006 665 virtu-

218 679 295 708 tum;
316 683 377 710 quas
397 681 454 704 tres
468 677 568 704 animae
587 677 725 712 potentias
742 681 844 710 servat,
866 681 896 704 ut
910 677 944 704 ad
959 685 1008 704 cu-

218 721 348 755 piditates
371 730 431 757 qua!
452 731 486 751 ex
512 722 621 750 defectu
640 723 682 750 vel
701 731 734 751 ex
758 731 873 751 excessu
896 724 1010 751 virtutis

218 767 356 801 oriuntur,
382 775 437 795 non
464 769 632 796 inclinentur
657 780 662 796 :
683 777 792 797 ornnem
823 770 887 797 mali
917 770 1010 805 operis

219 814 423 847 remotionem,
447 819 475 842 et
504 815 634 849 pietatem
663 824 728 851 erga
759 824 855 844 omnes
883 817 1010 845 homines

219 859 299 886 allcrt
318 860 460 894 sapientiae
479 868 571 888 sermo
590 861 773 894 doctrinalis;
791 862 872 897 (μιοεὶ
892 863 1009 897 quadam

219 903 324 939 lingua,
341 905 413 933 vitas
430 906 571 934 hominum
588 906 623 934 ad
639 907 767 935 virtutem
779 908 900 936 ordinat.

256 992 339 1021 Vens.
358 995 402 1022 Π.
424 994 479 1022 Vite
500 995 569 1030 ejus,
588 996 637 1023 via:
651 996 777 1030 pulchra.
796 996 912 1032 Optimm
924 997 1012 1025 virtu-

220 1038 257 1066 tis
274 1039 451 1075 scientiaeque
470 1041 555 1075 leges,
571 1047 597 1069 ct
611 1041 750 1077 dogmata,
766 1042 793 1070 in
807 1043 909 1078 quibus
932 1044 1010 1079 quasi

221 1083 248 1110 in
269 1085 321 1112 viis
337 1085 519 1114 deambulans
537 1088 685 1122 sapientia,
703 1088 730 1115 in
748 1095 915 1123 unoquoque
937 1089 1011 1116 salu-

221 1129 257 1157 tis
278 1137 390 1157 cursum
417 1136 556 1166 operatur,
584 1134 663 1160 facile
682 1134 717 1161 ab
736 1133 770 1162 iis
789 1134 946 1169 implentur,
958 1136 1012 1169 'qui

220 1177 261 1205 eis
276 1177 445 1204 conformem
462 1184 546 1214 agunt
563 1180 658 1208 vitam.

259 1224 356 1250 Omnes
371 1224 472 1251 semita:
487 1224 543 1259 ejus
560 1226 689 1260 paci/itte.
706 1226 738 1253 Et
751 1226 853 1260 gradus
869 1227 1012 1258 virtutum,

221 1269 324 1304 quibus
347 1270 451 1305 optime
477 1271 512 1299 ad
542 1273 660 1300 salutem
688 1273 765 1300 ducit
791 1273 855 1301 illos
879 1274 927 1309 qui
953 1266 1012 1301 eam

223 1320 390 1349 sequuntur,
415 1323 477 1343 eum
509 1317 583 1344 omni
615 1317 797 1352 cupiditatum
828 1319 1015 1347 destructione

224 1360 416 1394 producuntur
441 1362 468 1388 in
497 1362 542 1394 iis,
560 1363 607 1397 qui
633 1371 683 1391 nec
706 1364 742 1391 ob
767 1365 892 1399 gloriam,
911 1373 960 1392 nec
980 1366 1014 1393 ob

225 1403 288 1432 aliis
314 1404 438 1439 placendi
462 1406 630 1433 desiderium
654 1413 681 1435 ct
703 1409 870 1443 superbiam,
886 1409 1014 1437 virtutem

223 1450 268 1477 vel
297 1451 456 1478 divinorum
488 1452 681 1480 mandatorum
713 1454 918 1482 meditationem
951 1463 1014 1490 pcr—

224 1502 389 1530 sequuntur.

864 155 1043 187 PROCOPII
1061 154 1187 186 GALEI

1779 153 1848 186 1248

1100 216 1152 244 Ἐν
1170 216 1204 243 δὲ
1217 216 1254 251 τῇ
1272 216 1415 251 ἀριστερᾷ
1433 215 1529 250 αὐτῆς
1546 216 1679 248 πλοῦτος
1696 214 1745 242 καὶ
1761 213 1845 247 δόξα.

1059 264 1138 300 Παρά
1157 265 1185 291 δὲ
1200 266 1234 300 τῇ
1256 264 1293 296 ὡς
1309 265 1454 300 ἀριστερᾷ,
1471 263 1637 300 ἁτελεστέρα
1649 264 1754 298 ταύτης
1770 261 1847 296 ἐνέρ-

1058 319 1140 344 γεια,
1165 310 1228 345 ἥτις
1259 310 1336 337 ἐστὶν
1362 311 1380 345 ἡ
1407 309 1464 337 τῶν
1489 309 1669 345 ἀνθρωπίνων
1695 309 1847 343 ἐπιστήμη,

1059 357 1177 392 ὑπάρχει
1191 356 1205 383 ὅ
1219 365 1250 383 τε
1266 356 1338 384 κατὰ
1354 356 1400 383 τὸν
1413 356 1530 392 φυσικὸν
1543 356 1590 383 καὶ
1606 355 1651 382 τὸν
1667 355 1791 390 γραπτὸν
1806 355 1849 381 v6—

1060 411 1110 438 μον
1128 402 1242 434 πλοῦτος
1253 402 1309 429 τῶν
1326 402 1445 438 ἀρετῶν,
1469 403 1516 430 καὶ
1533 403 1550 437 ἡ
1565 402 1638 429 κατὰ
1660 401 1709 436 τὴν
1730 401 1849 436 φυσικὴν

1059 448 1176 484 θεωρίαν
1192 448 1308 483 εὑσεῦὴς
1323 448 1378 475 τῶν
1397 448 1479 475 θείων
1502 448 1646 483 χριμάτων
1668 445 1813 482 ἀνάληψις,
1831 447 1848 481 ἡ

1058 494 1164 530 ἀληθὴς
1177 494 1279 531 δηλαδὴ
1294 496 1359 530 περὶ
1375 495 1481 531 ὁρατῶν
1493 494 1567 527 δόξα.

1101 541 1148 567 Ἐκ
1162 540 1215 567 τοῦ
1240 542 1390 575 στόματος
1408 540 1505 574 αὐτῆς
1524 541 1717 575 ἐκπορεύεται
1737 539 1850 566 δικαιο-

1059 587 1139 620 σύνη
1150 593 1157 602 ·
1172 587 1268 621 νόμον
1283 587 1317 613 δὲ
1342 587 1404 613 καὶι
1417 586 1507 613 ἔλεον
1523 586 1573 612 ἐπὶ
1592 586 1736 621 γλώσσης
1754 585 1848 621 φορεῖ.

1060 633 1115 659 Καὶ
1131 634 1163 659 ὲκ
1183 634 1233 668 τῆς
1252 633 1441 668 ἁληθεστάτης
1455 632 1631 664 διδασκαλίας
1649 633 1745 666 αὐτῆς,
1761 632 1799 664 ὡς
1817 632 1850 658 ὲκ

1061 677 1206 711 στόματος,
1220 678 1329 713 πρόεισι
1340 677 1432 705 κανὼν
1447 677 1548 714 ἀρετῆς
1557 686 1564 693 ·
1576 678 1670 713 τηρῶν
1682 676 1850 712 ἁπαρέγκλι-

1060 730 1118 754 τον,
1133 722 1203 757 πρός
1218 731 1249 749 τε
1276 724 1310 750 τὰ
1329 723 1390 749 κατ’
1409 722 1530 757 ἔλλειψιν
1549 722 1652 758 ταύτης
1668 722 1713 749 καὶ
1733 721 1767 748 τὰ
1789 721 1850 748 καθ’

1062 767 1218 804 ὑπερϐολὴν
1232 768 1318 804 πάθη.
1337 769 1368 796 τὸ
1385 768 1517 805 τριμερὲς
1534 769 1584 803 τῆς
1600 768 1706 803 ψυχῆς·
1731 768 1850 802 ἀποτρο-

1062 813 1117 848 πὴν
1132 813 1161 840 δὲ
1180 814 1282 846 παντὸς
1294 814 1414 850 πονηροῦ
1429 815 1602 850 πράγματος,
1615 814 1662 841 καὶ
1677 814 1852 849 συμπάθειαν

1062 859 1132 894 πρὸς
1147 859 1251 891 πάντας
1268 860 1441 896 ἀνθρώπους,
1465 860 1664 896 περιϐέϐληται
1680 860 1764 892 αὑτὸς
1781 861 1795 887 ὁ
1811 861 1851 886 δι-

1026 895 1048 925 B
1062 904 1227 936 δασκαλικὸς
1245 895 1326 939 λόγοέ
1345 905 1432 939 αὑτῆς
1442 913 1448 920 ·
1467 895 1545 939 ᾧτινι
1563 901 1608 931 οἷα
1623 904 1742 940 γλώττῃ,
1755 903 1853 940 ῥυθμι-

1063 950 1105 981 ζει
1121 949 1190 986 πρὸς
1203 950 1305 985 ἀρετὴν
1323 949 1370 976 τὸν
1382 950 1553 985 ἀνθρώπινον
1565 949 1633 984 βίον.

1101 995 1143 1027 ιζ’.
1158 996 1192 1022 Al
1205 995 1268 1022 ὁδοὶ
1281 995 1386 1031 αὐτῆς,
1401 995 1464 1023 ὁδοὶ
1477 997 1576 1023 καλαί.
1589 996 1622 1023 οἱ
1633 995 1661 1022 δὲ
1676 995 1736 1022 κατ’
1752 994 1853 1029 ἀρετήν

1064 1051 1092 1068 τε
1109 1042 1155 1069 καὶ
1171 1041 1274 1076 γνῶσιν
1289 1042 1414 1078 διάφοροι
1432 1042 1539 1074 θεπιιοὶ,
1551 1042 1598 1070 καὶ
1613 1042 1649 1069 τὰ
1664 1042 1800 1077 δόγματα,
1813 1037 1854 1072 οἷς

1063 1087 1132 1123 αὓτη
1148 1087 1186 1119 ὥς
1200 1097 1271 1114 τισιν
1287 1088 1358 1120 ὁδοῖς
1382 1088 1625 1124 ἐμπεριπατοῦσα,
1638 1088 1684 1115 τὸν
1702 1089 1731 1114 ὲν
1746 1088 1854 1122 ὲκάστιε)

1064 1135 1182 1161 ποιεῖται
1205 1134 1257 1169 τῆς
1280 1134 1419 1170 σωτηρίας
1439 1134 1560 1170 δρόμον,
1587 1135 1697 1170 εὐμαρῆ
1720 1135 1774 1161 εισι
1796 1135 1854 1165 τοῖς

1064 1179 1136 1207 κατὰ
1147 1179 1234 1206 ταῦτα
1251 1179 1301 1215 τὴν
1316 1179 1419 1206 οἰκείαν
1431 1179 1650 1215 διεξερχομένοις
1666 1179 1752 1214 ζωήν.

1100 1226 1155 1253 Καὶ
1181 1225 1276 1254 πᾶσαι
1295 1227 1325 1253 al
1344 1226 1438 1260 τρίϐοι
1456 1225 1551 1260 αὐτῆς
1569 1225 1634 1261 μετ’
1652 1226 1785 1260 εἰρήνης.
1801 1226 1857 1252 Καὶ

1064 1273 1089 1300 οἱ
1101 1272 1197 1307 τρόποι
1211 1273 1266 1299 τῶν
1277 1272 1395 1308 ἀρετῶν,
1408 1269 1449 1304 οἷς
1461 1272 1599 1308 διαφόρως
1610 1272 1672 1307 ἄγει
1687 1272 1756 1309 πρὸς
1768 1280 1857 1306 σωτη-

1066 1319 1129 1355 ρίαν
1140 1319 1204 1350 τοὺς
1219 1319 1372 1354 ἑπομένους
1387 1319 1468 1354 αὐτῇ,
1483 1317 1660 1352 ὲνεργοῦνται
1678 1318 1748 1354 μετὰ
1765 1318 1856 1352 πάσης

1066 1366 1229 1401 ἀπαλλαγῆς
1248 1366 1343 1392 παθῶν
1374 1365 1451 1400 παρὰ
1482 1365 1600 1392 τούτων·
1627 1365 1665 1397 ὡς
1684 1365 1754 1400 μήτε
1777 1364 1857 1399 δόξης

1065 1413 1170 1444 ἕνεκεν,
1193 1414 1262 1448 μήτε
1295 1414 1377 1448 χάριν
1399 1411 1662 1448 ἀνθρωπαρεσκείας
1688 1413 1737 1439 καὶ
1755 1411 1857 1438 ἐπιδεί-

1067 1459 1144 1492 ξεως,
1163 1460 1213 1495 τὴν
1231 1460 1331 1495 ἀρετὴν
1346 1459 1363 1495 ἢ
1381 1459 1430 1495 τὴν
1457 1459 1577 1494 μελέτην
1600 1460 1656 1487 τῶν
1671 1459 1751 1486 θείων
1770 1458 1858 1492 λόγων

1069 1505 1290 1540 μετερχομένων.

261 1544 346 1572 Vens.
373 1545 414 1572 18.
443 1545 558 1581 Lignum
582 1547 643 1574 vitae
662 1547 782 1575 omnibus
805 1549 851 1583 qui
873 1549 1015 1583 apprehen-

1105 1553 1150 1585 ιη’.
1175 1550 1275 1577 Ξὺλον
1295 1550 1370 1584 ζωῆς
1391 1551 1458 1578 ἐστι
1478 1550 1553 1579 πᾶσι
1570 1550 1633 1584 τοῖς
1649 1548 1859 1584 ἀντεχομένοις

225 1593 314 1620 derint
331 1601 401 1627 eam,
417 1599 444 1621 et
467 1595 500 1621 iis
517 1595 562 1629 qui
584 1603 663 1630 super
687 1603 756 1629 eam,
782 1599 811 1623 ut
836 1596 863 1623 in
886 1596 971 1624 Deum
988 1606 1016 1624 se

225 1641 408 1675 ﬁrmaverint,
435 1641 580 1669 beatitudo.
607 1641 746 1677 Lignum.
774 1643 929 1679 spiritualis
954 1645 1016 1671 vita:

228 1687 347 1714 fructum
374 1686 479 1717 ferens.
495 1692 540 1715 est
565 1688 592 1715 in
617 1688 745 1717 onmihus
760 1689 807 1724 qui
822 1697 869 1723 per
888 1689 1015 1717 allectum

229 1732 263 1760 ad
289 1740 349 1760 eam
373 1733 509 1767 aspir-ant,
525 1736 553 1760 et
577 1733 639 1761 illos
664 1733 712 1768 qui
738 1733 766 1761 in
790 1742 832 1767 ea,
849 1742 898 1769 per
923 1734 1016 1768 ﬁdem,

228 1782 361 1814 tanquam
388 1779 416 1805 in
442 1779 624 1813 omnipotenti
652 1779 701 1806 Dei
726 1786 852 1807 sermone
880 1780 1016 1815 nituntur,

229 1825 263 1852 ab
276 1825 350 1853 omni
364 1824 437 1852 malo
451 1825 582 1853 custodit.

264 1880 348 1910 Vens.
365 1881 409 1914 i9,
424 1881 469 1910 ΞΟ.
486 1882 615 1910 Dominus
628 1883 758 1918 sapientia
770 1884 892 1918 [undavit
904 1890 1018 1920 terram;

229 1928 373 1962 prudentia
389 1929 518 1956 stabilivit
536 1930 629 1957 caelum
646 1938 655 1958 :
670 1930 802 1966 sapientia
826 1932 900 1960 illius
924 1941 1018 1968 erupe-

229 1981 292 2003 runt
302 1976 412 2011 abyssi;
435 1981 460 2004 et
485 1976 565 2004 nubes
588 1978 694 2005 stillant
715 1986 813 2006 rorem.
831 1979 899 2006 Cum
920 1988 1018 2016 supra-

231 2022 314 2049 dictis
334 2023 475 2058 sapientize
493 2023 644 2055 beneﬁciis,
661 2024 719 2059 ipse
736 2023 807 2051 Deus
827 2029 854 2052 et
867 2025 960 2060 Pater,
977 2033 1019 2054 sa-

231 2069 352 2104 pientia,
378 2069 458 2104 quasi
481 2076 531 2097 sua
558 2077 607 2105 per
634 2078 662 2098 se
685 2071 855 2099 subsistente
885 2076 1020 2107 potestate

232 2113 417 2144 consolidavit
440 2114 541 2142 siccam
564 2119 665 2142 terram
688 2123 772 2151 super
787 2121 913 2144 naturam
931 2117 1018 2145 ﬂuen-

231 2159 299 2186 tium
318 2167 451 2194 aquarum
471 2169 478 2187 :
496 2161 607 2195 proprio
627 2161 745 2189 consilio
762 2162 848 2190 caelos
866 2163 988 2190 extendit
1011 2172 1018 2190 :

232 2210 260 2234 et
278 2206 330 2233 sub
351 2206 522 2234 ﬁrmamento
534 2210 560 2234 et
576 2214 657 2242 super
682 2207 882 2236 ﬁrmamentum
903 2217 954 2237 suo
977 2210 1022 2245 ju-

1069 1595 1173 1630 αὐτῆς,
1189 1596 1310 1630 καὶτοῖς
1321 1597 1559 1633 ὲπερειδομένοις
1571 1596 1619 1624 ἐπ’
1631 1596 1739 1630 αὐτὴν,
1756 1596 1796 1628 ὡς
1810 1595 1860 1622 ἐπὶ

1070 1642 1191 1676 Κύριον,
1216 1642 1371 1677 ἀσφαλής.
1389 1643 1475 1669 Φυτὸν
1500 1643 1556 1678 γάρ
1578 1643 1636 1669 ἐστι
1666 1640 1860 1676 καρποφοροῦν

1070 1687 1119 1722 τὴν
1150 1689 1180 1714 ἐν
1205 1687 1342 1724 πνεύματι
1361 1688 1445 1724 ζωὴν,
1475 1688 1562 1715 ἅπασι
1578 1689 1635 1720 τοῖς
1655 1687 1726 1714 κατὰ
1742 1687 1861 1714 διάθεσιν

1071 1734 1309 1770 ἀντιποιουμένοις
1335 1735 1433 1770 αὐτῆς,
1463 1735 1511 1761 καὶ
1534 1735 1592 1766 τοῖς
1611 1734 1659 1761 ἐπὶ
1689 1733 1777 1770 ταύτῃ
1790 1733 1862 1760 κατὰ

1071 1780 1164 1807 πίστιν
1184 1781 1409 1816 ὲστηριγμένοις,
1438 1780 1476 1812 ὡς
1501 1780 1548 1807 ἐπὶ
1579 1779 1781 1815 παντοκράτορι
1802 1777 1862 1813 Θεῷ

1073 1826 1165 1861 Λόγῳ,
1182 1825 1339 1861 φυλακτικὴ
1357 1825 1410 1852 ἀπὸ
1432 1825 1532 1858 παντὸς
1548 1825 1667 1860 ὑπάρχει
1683 1823 1782 1852 κακοῦ.

1110 1881 1153 1914 ιο’,
1168 1885 1202 1910 κ’.
1224 1882 1255 1909 '0
1271 1883 1353 1915 Θεὸς,
1365 1881 1402 1916 τῇ
1415 1883 1510 1916 σοφίᾳ
1523 1881 1702 1916 ἐθεμενιιωσε
1716 1880 1774 1914 τὴν
1787 1878 1859 1914 γῆν·

1073 1929 1218 1964 ἡτοίμασε
1240 1928 1274 1955 δὲ
1288 1929 1419 1963 οὐρανὸν
1436 1929 1472 1955 ἐν
1488 1928 1635 1963 φρονήσει
1648 1935 1654 1942 ·
1670 1927 1704 1954 ὲν
1722 1925 1862 1960 αἰσθήσει

1073 1974 1168 2002 αὑτοῦ
1191 1975 1323 2002 ἄϐυσσοι
1345 1974 1527 2010 ἐρῤάςιησαν,
1548 1974 1624 2009 νέφη
1644 1973 1679 2000 δὲ
1691 1973 1781 2008 ὲρῤὐη
1795 1972 1862 2005 δρό-

1074 2028 1144 2047 σον.
1165 2020 1243 2048 Μετὰ
1265 2021 1376 2048 πάντων
1398 2021 1426 2047 δὲ
1450 2020 1504 2047 τῶν
1527 2020 1682 2056 εἰρημένων
1695 2019 1746 2054 τῆς
1768 2019 1863 2052 σοφίας

1075 2065 1311 2102 κατορθωμάτων,
1327 2067 1374 2094 καὶ
1391 2066 1474 2098 αὐτὸς
1486 2066 1499 2092 ὁ
1511 2066 1578 2098 Θεὸς
1593 2066 1641 2092 καὶ
1655 2065 1762 2100 Πατὴρ,
1778 2064 1864 2100 ταύτῃ

1074 2113 1112 2144 ὡς
1144 2112 1321 2148 ὲνυποστάτῳ
1350 2112 1464 2148 δυνάμει
1490 2112 1573 2139 αὑτοῦ
1600 2111 1720 2147 ἐπήξατο
1746 2111 1792 2137 ἐπὶ
1815 2112 1864 2146 sic;

1076 2158 1161 2193 ῥυτῆς
1178 2158 1233 2185 τῶν
1258 2158 1363 2185 ὑδάτων
1384 2158 1494 2193 φύσεως
1511 2158 1559 2193 τὴν
1587 2157 1673 2193 ξηρὰν
1694 2156 1763 2192 γῆν·
1789 2165 1864 2192 παρ-

1075 2204 1165 2238 ήγαγε
1194 2203 1222 2230 δὲ
1246 2203 1379 2239 οὐρανοὺς
1394 2204 1427 2238 τῇ
1457 2204 1509 2239 ἰδίᾳ
1526 2203 1606 2238 βουλῇ
1619 2211 1625 2217 ·
1643 2203 1691 2230 καὶ
1712 2203 1747 2238 τῇ
1776 2203 1864 2238 κρίσει

234 2250 308 2281 dicio
322 2258 399 2286 aqua:
413 2256 477 2279 sunt
491 2251 587 2280 divisae
600 2261 607 2279 :
619 2256 646 2280 et
660 2253 761 2288 pluviis
776 2258 878 2282 terram
893 2254 1015 2291 irrigare,

1075 2250 1157 2278 αὺτοῦ
1175 2249 1289 2286 διῃρέθη
1305 2249 1340 2276 τὰ
1360 2249 1446 2276 ὕδατα
1460 2249 1517 2276 ἄνω
1534 2249 1581 2275 καὶ
1595 2249 1670 2276 κάτω
1687 2248 1734 2275 τοῦ
1750 2248 1866 2282 στερεώ-

235 2298 321 2329 nubes
337 2297 543 2326 mandaverunt.

273 2396 353 2426 Vens.
371 2397 416 2425 21.
435 2397 501 2432 Fili,
518 2407 548 2426 ne
562 2398 688 2435 eﬁluaris.
705 2399 823 2435 Idcirco,
839 2400 888 2435 ﬁli,
902 2401 950 2437 qui
967 2401 1023 2430 scis

235 2445 328 2473 annua
349 2444 433 2472 verbo
454 2444 499 2472 Dei
525 2445 687 2479 subsistere,
708 2453 742 2474 ne
762 2454 811 2481 per
832 2451 1023 2475 creaturarum

236 2490 466 2526 pulchritudinem
478 2495 505 2519 et
517 2491 713 2520 sublimitatem
724 2493 865 2525 exciteris.
875 2493 909 2521 ad
921 2494 982 2521 illas
995 2494 1023 2521 in

236 2529 304 2566 deos
321 2537 506 2572 accipiendas,
522 2542 550 2566 el
565 2538 599 2566 ad
616 2537 714 2574 Deum,
732 2539 855 2567 omnium
871 2544 1022 2568 creatorem

237 2591 292 2615 non
307 2583 540 2619 cognoscendum.

274 2638 390 2667 Observa
417 2648 503 2668 meum
528 2640 681 2675 comitium,
697 2646 722 2669 et
741 2641 890 2669 scientiam.
908 2641 1024 2671 Custodi

239 2686 267 2715 in
292 2685 372 2721 prati
395 2694 486 2714 meum
511 2687 677 2721 consilium,
703 2687 829 2716 facienda
850 2688 899 2716 tibi
926 2695 1025 2724 propo-

238 2740 318 2766 nens,
341 2736 369 2761 et
395 2733 423 2760 in
450 2732 557 2761 theoria
580 2733 654 2769 piam
679 2742 742 2770 erga
770 2733 853 2762 Deum
871 2734 1024 2771 intelligen-

239 2778 318 2810 tiam.

273 2835 357 2863 Vens.
372 2835 419 2862 22.
439 2833 473 2862 Ut
497 2834 565 2862 vivat
589 2835 681 2863 anima
701 2841 757 2865 tua.
775 2836 809 2865 Ut
823 2840 868 2865 tua
887 2837 976 2864 anhna
994 2837 1026 2864 li-

241 2882 333 2914 berata
353 2889 367 2909 a
389 2885 476 2910 morte
500 2889 581 2917 quam
606 2889 652 2917 per
675 2883 857 2918 ignorantiam
876 2884 931 2912 vcri
950 2883 1023 2916 boni,

1079 2303 1164 2330 ματος
1174 2302 1180 2310 ·
1201 2294 1328 2331 ὑδρεύειν
1345 2294 1373 2321 δὲ
1388 2295 1437 2330 τὴν
1454 2294 1507 2329 γῆν
1521 2294 1591 2330 ὑετῷ
1607 2294 1643 2322 τὰ
1658 2294 1727 2330 νέφη
1748 2293 1865 2330 ἐτάχθη-

1078 2350 1138 2369 σαν.

1110 2396 1164 2424 κα’.
1179 2396 1236 2430 Υἱὲ,
1251 2396 1295 2432 μὴ
1315 2396 1500 2431 πῳαρῤυῇς.
1522 2396 1579 2428 Διὸ,
1596 2395 1702 2430 τέκνον,
1725 2396 1811 2432 μαθὸν
1823 2396 1866 2423 ὃτι

1076 2443 1116 2478 τῷ
1130 2442 1203 2478 λόγῳ
1217 2443 1321 2478 Κυρίου
1336 2443 1441 2478 ὑπέστη
1458 2443 1519 2469 τόδε
1538 2442 1570 2469 τὸ
1584 2443 1650 2476 πᾶν,
1668 2442 1706 2478 μὴ
1724 2450 1867 2477 παρατρα-

1076 2491 1131 2526 πῇς
1144 2490 1190 2517 διὰ
1201 2489 1249 2517 τοῦ
1262 2489 1394 2525 μεγέθους
1417 2490 1464 2516 καὶ
1476 2490 1526 2524 τῆς
1539 2489 1672 2524 καλλονῆς
1683 2487 1738 2515 τῶν
1750 2487 1866 2523 κτισμά-

1076 2545 1142 2569 των,
1162 2536 1202 2569 εῐς
1219 2536 1251 2563 τὸ
1262 2535 1351 2563 ταῦτα
1365 2535 1539 2571 θεοποιῆσαι,
1554 2535 1602 2562 καὶ
1614 2534 1660 2562 τὸν
1675 2533 1866 2569 γενεσιουργὸν

1077 2583 1187 2610 πάντων
1206 2582 1272 2610 Θεὸν
1289 2582 1434 2617 ἀγνοῆσαι.

1115 2639 1255 2675 τήρησον
1273 2639 1307 2666 δὲ
1324 2638 1402 2674 ἐμὴν
1412 2638 1536 2672 ,βουλὴν
1549 2638 1597 2664 καὶ
1608 2635 1868 2669 ἓννυιαν.Φύλαξον

1078 2687 1106 2714 δὲ
1131 2687 1179 2723 τὴν
1195 2686 1266 2722 ἐμὴν
1291 2687 1320 2713 ὲν
1346 2685 1396 2721 μὲν
1421 2685 1478 2717 τοῖς
1494 2684 1645 2720 πρακτέοις
1662 2682 1823 2718 παραίνεσιν
1837 2681 1868 2708 τὸ

1077 2733 1136 2760 δέον
1162 2731 1364 2767 ὑποτιθεμένην
1383 2739 1436 2762 σοι,
1457 2732 1487 2757 ὲν
1509 2730 1537 2757 δὲ
1554 2731 1611 2762 τοῖς
1633 2729 1798 2765 θεωρητέοις
1817 2728 1868 2764 τὴν

1080 2778 1181 2813 εὐσεϐῆ
1196 2778 1260 2813 περὶ
1276 2777 1344 2804 Θεοῦ
1359 2777 1473 2804 ἔννοιαν.

1116 2835 1168 2871 κβκ
1194 2835 1256 2863 Ἵνα
1286 2834 1361 2868 ζήσῃ
1389 2834 1407 2868 ὴ
1432 2833 1517 2867 ψυχή
1547 2840 1615 2859 σου.
1638 2832 1734 2862 Ὅπως
1760 2830 1810 2865 τῆς
1835 2829 1869 2856 δι’

1081 2882 1193 2916 ἄγνοιαν
1212 2879 1259 2908 τοῦ
1277 2880 1360 2911 ὅντως
1376 2878 1457 2906 καλοῦ
1472 2879 1504 2905 ὲκ
1526 2878 1579 2905 τῶν
1601 2875 1695 2903 παθῶν
1710 2875 1870 2911 νεχρώσεως
