2079 3161
206 178 217 210 l
224 178 275 211 249

720 174 992 207 CUMMENTARII
1011 173 1052 203 ΙΝ
1076 173 1307 206 PROVERBIA.

1765 172 1775 203 1
1781 173 1832 204 250

199 235 390 270 ἀπαλλαγεϊσά
408 244 454 262 σου
476 236 492 270 ὴ
511 234 595 270 ψυχὴ,
616 234 665 268 τῆς
682 233 711 260 ὲν
735 232 869 268 πνεύματι
888 232 991 258 ἀπαθε-

1046 235 1198 266 operantur
1212 230 1387 265 cupiditates,
1408 238 1470 258 cum
1492 229 1597 258 sciendi
1618 229 1738 265 polentia
1753 230 1834 266 digna

201 285 302 318 στάτης
316 282 476 317 γνωστικῶς
491 280 623 315 ἀξιωθείη
642 280 724 315 ζωῆς.

237 369 291 397 Καὶ
306 365 423 404 χάρις-ᾖ
436 369 502 403 περὶ
524 368 570 400 σῷ
583 367 732 402 τραχήλῳ.
756 366 812 393 Καὶ
833 364 876 392 οἷα
891 365 991 392 δικαιο-

202 414 285 449 σύνης
301 413 394 448 ζυγὸς,
413 413 430 449 ἡ
453 413 616 448 λαμπρότης
635 412 691 438 τῶν
703 411 818 438 ἐντολῶν
840 410 887 438 τοῦ
910 410 990 444 Θεοῦ,

201 458 346 494 ὲνυπάρχῃ
359 457 397 489 ὣς
410 465 464 484 τινι
474 457 604 493 τραχήλῳ
617 456 657 492 τῷ
668 456 707 492 σῷ
719 455 906 491 προαιρετικῷ
922 463 992 490 πρα-

202 512 318 535 κτικως.

239 550 346 576 Ἔσται
365 548 400 575 δὲ
416 548 500 580 tame
512 546 604 581 σαρξί
617 553 688 579 σου,
700 545 750 572 καὶ
758 544 911 580 ἐπιμέλεια
928 544 991 578 τοῖς

203 595 323 628 ὀστέοις
336 601 406 622 σου.
429 594 562 629 ’Υπάρξει
579 593 609 620 δὲ
624 593 758 628 θεραπεία
770 592 825 618 τῶν
837 593 871 627 τῇ
887 591 991 627 ἡδυπα-

203 642 264 677 Θείᾳ
285 640 530 676 κατατριϐομένων
555 638 603 666 τοῦ
631 638 757 673 σώματός
776 647 828 673 μου
853 638 953 673 μελῶν,
974 639 990 673 ἡ

205 687 386 723 σωφροσύνη·
415 687 463 713 καὶ
496 685 673 721 περιποίησις
705 685 760 712 τῶν
785 685 863 720 δίκην
890 685 991 711 ὀστέων

204 734 360 762 τονωτικῶν
372 735 423 769 τῆς
438 733 529 768 ψυχῆς
553 740 601 758 σου
617 732 770 767 δυνάμεων,
783 733 824 764 εἰς
844 732 876 758 τδ
891 731 928 767 μὴ
944 730 991 757 τοῦ

204 777 372 813 ἁρμόζοντος
395 775 634 812 παραθραύεσθαι,
658 777 676 812 ἡ
697 776 814 812 εὐσεϐὴς
835 776 900 812 περὶ
923 775 990 802 Θεοῦ

204 822 306 850 ἔννοια.

240 869 294 904 κγ’.
320 869 384 896 Ἵνα
406 869 522 903 πορεύῃ
537 867 687 901 πεποιθὼς
703 868 738 894 ἐν
761 866 867 901 εἰρήνῃ
890 865 992 898 πάσας

1045 275 1179 302 habeatur
1199 275 1254 302 vita
1273 274 1389 310 spiritali
1406 283 1467 310 quae
1487 275 1523 303 sit
1545 283 1561 302 a
1587 275 1784 310 cupiditatibus
1802 276 1834 303 li-

1045 320 1119 348 bern.

1081 365 1115 393 Et
1131 366 1222 401 gratia
1239 366 1273 393 rit
1288 366 1360 394 circa
1375 371 1467 401 guttur
1481 370 1566 394 tuum.
1583 366 1616 393 Et
1629 367 1709 402 quasi
1721 366 1836 402 iustitiae

1043 411 1150 446 jugum,
1173 411 1304 447 splendor
1326 413 1520 440 mandatorum
1545 412 1604 445 Dei,
1627 417 1682 441 tuae
1707 414 1836 450 practicae

1028 498 1030 501 ν
1045 458 1192 491 voluntati,
1212 462 1343 493 tanquam
1360 458 1443 492 collo,
1461 459 1660 487 circumdetur.

1081 543 1141 571 Erit
1166 545 1271 572 sanitas
1295 546 1372 573 carni
1397 551 1460 579 tum,
1480 551 1505 574 et
1528 548 1632 575 curatio
1649 548 1752 576 ossibus
1773 549 1836 576 tuis.

1048 589 1163 618 Sanatio
1191 591 1318 626 corporis
1346 592 1385 619 tui
1415 593 1626 626 membrorum,
1653 601 1669 620 a
1699 593 1838 628 voluptate

1044 640 1287 671 consumptorum,
1306 637 1360 664 crit
1377 639 1558 672 temperantia
1574 647 1581 665 :
1598 643 1625 665 et
1643 640 1718 667 salus
1739 639 1838 666 auium:

1045 685 1100 708 tua:
1117 682 1302 716 polentiarum
1319 691 1390 718 «tum,
1407 689 1538 719 tanquam
1564 692 1628 713 ossa
1651 690 1716 713 sunt
1737 693 1788 721 pro
1806 693 1838 713 ea

1047 726 1220 760 fulcimeuta,
1235 735 1270 754 ne
1292 727 1327 754 ab
1348 735 1380 756 eo
1404 728 1450 763 qui
1475 736 1507 756 ea
1533 728 1560 756 in
1583 730 1721 764 propriam
1743 731 1837 758 sedem

1043 772 1179 804 collocat,
1205 772 1383 808 frangantur,
1408 774 1464 801 erit
1489 775 1533 809 pia
1560 783 1625 811 erga
1652 776 1737 804 Deum
1763 777 1839 812 cogi-

1046 818 1125 845 talio.

1081 862 1164 890 Vens.
1184 863 1229 892 25.
1251 863 1286 891 Ut
1309 865 1427 892 ambulet
1446 865 1595 900 in.ﬁducia
1617 871 1642 894 et
1667 875 1731 901 pace
1748 876 1838 895 omnes

204 914 259 948 τὰς
276 915 366 948 ὁδούς
385 923 460 947 σου,
485 916 501 941 ὀ
526 913 561 940 δὲ
582 913 661 946 πούς
688 921 746 940 σου
773 913 809 939 οὐ
834 911 875 945 μὴ
896 919 991 944 προσ-

1046 908 1098 935 vias
1111 913 1182 940 tuas,
1193 913 1218 934 et
1233 917 1278 943 pes
1293 913 1352 936 tuus
1367 917 1418 936 non
1436 910 1563 944 offendat.
1581 910 1616 938 Ut
1633 912 1755 946 practice
1769 912 1839 940 fidu-

205 961 312 994 usz‘rn.
335 961 380 991 Ὧς
409 960 442 987 ἂν
468 960 633 996 πρακτικῶς
665 959 793 994 διεξέρχῃ
818 958 938 993 θαρρῶν,
965 958 994 983 ὲν

204 1006 383 1042 ἀπαθεστάτῃ
398 1005 454 1038 ἔξει
473 1006 521 1032 καὶ
539 1005 678 1041 άταράχῳ,
695 1005 784 1035 πάσας
801 1004 851 1035 τὰς
872 1005 912 1035 είς
928 1003 994 1029 Θεὸν

206 1051 345 1086 φερούσας
365 1050 462 1077 τούτου
484 1051 595 1082 ἐντολάς
609 1058 616 1066 ·
638 1050 686 1077 καὶ
709 1049 741 1076 τὸ
766 1049 820 1076 ἀπὸ
836 1049 994 1085 προτάσεων

207 1097 370 1132 ἀρχόμενον,
396 1097 444 1123 καὶ
467 1096 549 1132 μέχρι
570 1096 816 1132 συμπερασμάτων
831 1095 926 1130 διῆκον
940 1094 996 1121 δια-

207 1143 334 1178 νοητικόν
352 1151 410 1175 σου,
427 1142 457 1169 οὺ
472 1142 510 1177 μὴ
528 1141 688 1178 προσκρούῃ
700 1141 791 1174 δόξαις
802 1140 941 1176 ψευδέσιν.

243 1189 291 1216 κδ’.
317 1189 388 1216 Ἐὰν
406 1189 461 1224 γὰρ
475 1189 563 1224 κάθῃ,
583 1188 696 1223 ἄφοϐος
713 1187 786 1223 ἔσῃ·
804 1187 859 1214 ἐὰν
877 1187 911 1214 δὲ
925 1188 996 1214 καθ-

206 1235 308 1270 εύδῃς,
325 1235 423 1270 ἡδέως
440 1234 602 1267 ὐπνώσεις.
621 1234 683 1262 Εἴτε
705 1235 760 1270 γὰρ
779 1233 826 1261 τοῦ
849 1233 930 1261 πόνου
946 1233 997 1266 τῆς

208 1281 311 1317 ἀρετῆς
329 1281 428 1316 μικρὸν
439 1281 489 1317 τὴν
504 1281 593 1317 σάρκα
602 1279 792 1313 διαναπαύεις,
805 1279 835 1306 οὐ
852 1279 996 1315 φοϐηθήσῃ

207 1327 257 1358 τὰς
271 1327 384 1361 ἐφόδους
396 1327 449 1353 τῶν
470 1326 636 1361 πνευμάτων
656 1326 706 1360 τῆς
728 1325 859 1361 πονηρίας
870 1331 877 1338 ·
899 1324 937 1355 ὡς
951 1324 996 1350 ἀεὶ

206 1373 254 1400 τδν
273 1373 334 1400 νοῦν
350 1372 420 1409 ἔχων
435 1372 650 1408 προσηλωμένον
671 1371 747 1407 Θεῷ·
768 1370 819 1398 εῐθ¹
842 1370 935 1401 ὑπνοῖς
950 1369 996 1396 τὸν

207 1419 298 1454 τίμιον
308 1419 432 1445 ἐναντίον
443 1418 547 1453 Κυρίου
562 1417 678 1444 θάνατον
692 1415 747 1443 τῶν
757 1415 840 1442 ὁσίων
853 1414 946 1447 αὐτοῦ,
962 1415 996 1449 τῇ

207 1465 295 1491 ἑλπίδι
309 1464 361 1499 τῆς
373 1463 548 1495 ἀναστάσεως
565 1463 677 1490 καὶτῶν
690 1461 905 1497 ἐπηγγελμένων
921 1459 998 1496 παρὰ

208 1511 277 1537 Θεοῦ
295 1510 418 1544 ἀγαθῶν,
435 1510 484 1545 ἔσῃ
503 1507 765 1544 ὲπευφραινόμενος.

243 1560 293 1584 κε’.
319 1556 424 1584 Καὶοῠ
448 1554 607 1590 φυσηθήσῃ
635 1556 766 1587 πτόησιν
793 1552 996 1583 ἐπελθοῦσαν,

208 1603 280 1630 οὐδὲ
299 1602 393 1636 ὁρμὰς
407 1601 526 1629 ἀσεϐῶν
553 1600 766 1635 ἐπερχομένας.
787 1599 843 1626 Καὶ
864 1599 895 1625 οὺ
913 1607 997 1634 πτοηο

209 1649 280 1684 θήσῃ
295 1648 339 1675 διὰ
357 1648 477 1680 συνειδὸς
488 1647 711 1681 ἀκατάγνωστον,
724 1645 923 1681 ἐκδειμάτωσὶν
935 1653 997 1672 τινα.

207 1693 385 1729 δαιμονιώδη,
401 1693 632 1729 παραγενομένην
649 1701 690 1718 σοι
702 1692 772 1727 μετά
782 1692 830 1727 τὴν
842 1691 932 1725 ἔξοδον
947 1692 997 1725 τῆς

208 1740 351 1776 παρούσης
367 1740 450 1775 ζωῆς,
465 1739 536 1766 ὥστε
561 1738 690 1773 διακόψαι
709 1747 739 1764 σε
758 1738 807 1773 τῆς
835 1737 904 1773 πρὸς
928 1737 1014 1764 ΘεὸνΔ

209 1786 332 1818 ἐλπίδος·
347 1785 410 1812 οὔτε
428 1785 603 1820 καταδρομὰς
618 1785 673 1811 τῶν
688 1783 868 1811 ἀποστάντων
887 1783 995 1816 τούτου,

208 1833 256 1859 καὶ
274 1833 312 1868 μὴ
331 1831 475 1868 τιμώντων
492 1831 574 1858 αὑτὸν
597 1831 762 1865 πνευμάτων
785 1829 836 1865 τῆς
852 1829 995 1866 πονηρίας,

209 1879 341 1910 ἐπιούσας
355 1887 396 1904 σοι
409 1879 438 1904 ὲν
449 1878 517 1913 ζωῇ,
529 1877 600 1904 ὥστε
617 1876 671 1903 τῶν
683 1876 763 1903 Οείων
778 1875 893 1903 ἐντολῶν
907 1883 998 1911 πάρα-

209 1924 296 1960 ϐάτην
311 1923 504 1950 ἀποδεικνύειν
519 1932 560 1950 σε.

245 1973 302 2002 κς’.
326 1969 357 1996 '0
372 1969 427 2004 γὰρ
439 1969 546 2002 Κύριος
556 1969 640 1995 ἔσται
653 1967 700 1994 ἐπὶ
716 1966 823 1994 πασῶν
836 1966 914 1993 ὁδῶν
926 1974 996 1998 σου,

209 2014 260 2042 καὶ
273 2015 382 2049 spetam
393 2014 453 2041 σὸν
465 2013 553 2046 πόδα,
565 2013 615 2040 ἵνα
625 2012 668 2047 μὴ
680 2011 827 2046 (rm/leuari.
841 2012 928 2044 Αὐτὸς
942 2011 997 2046 γὰρ

209 2061 223 2086 ὁ
236 2059 291 2086 τῶν
304 2059 373 2086 ὂλων
389 2059 530 2092 Δεσπότης
547 2058 624 2090 Θεὸς,
642 2057 735 2084 ἔσεται
756 2057 786 2083 ἐν
810 2057 914 2089 πάσαις
935 2057 998 2089 ταῖς

209 2106 238 2132 ὲν
253 2104 310 2141 ζωῇ
327 2105 388 2132 κατ’
402 2105 504 2140 ἀρετὴν
528 2105 654 2139 πορείαις
672 2112 731 2135 σου,
753 2102 858 2138 ὁδηγῶν
875 2111 905 2129 σε
929 2102 997 2137 πρὸς

210 2149 359 2185 σωτηρίαν,
370 2149 415 2175 διὰ
430 2148 485 2176 τῶν
503 2148 588 2182 ἁγίων
610 2147 694 2174 αὐτοῦ
711 2147 828 2174 ἐντολῶν
839 2156 845 2162 ·
865 2147 936 2174 ἀλλὰ
953 2147 998 2174 καὶ

212 2195 282 2231 μετά
305 2194 355 2231 τὴν
379 2194 470 2227 ἔξοδον
491 2195 542 2229 τῆς
565 2194 707 2230 παρούσης
724 2194 807 2229 ζωῆς,
828 2193 951 2229 στηρίξει
968 2195 998 2221 ὲν

211 2240 302 2276 ἑαυτῷ
316 2240 365 2276 τὴν
381 2241 479 2267 ἐλπίδα
503 2249 568 2272 σου,
583 2240 621 2272 ὥς
642 2249 703 2267 τινα
729 2239 807 2272 πόδα,
828 2240 857 2266 ὲν
881 2240 1000 2274 ἀσφαλεῖ

211 2285 286 2320 τόπῳ
301 2305 309 2318 ,
326 2285 369 2311 ἵνα
387 2285 426 2321 μὴ
447 2284 530 2312 αὐτού
551 2285 657 2320 ἀποστῇ
668 2293 676 2301 υ
693 2285 711 2319 ἡ
725 2285 800 2312 δὲτὰ
816 2285 939 2320 πρακτέα
956 2293 998 2312 σοι

212 2330 397 2366 ὑποτιθεμένη
412 2330 466 2366 ὲμὴ
485 2329 658 2365 παραίνεσις,
671 2329 742 2364 αὕτη
755 2330 838 2357 ἐστίν.

248 2376 299 2409 κζ’.
317 2377 366 2411 Μὴ
377 2377 499 2411 ἀπόσχῃ
510 2374 544 2404 εὖ
564 2376 661 2403 ποιεῖν
671 2375 773 2410 ἐνδεῆ,
791 2377 883 2410 ἡνίκα
893 2375 933 2403 ἂν
942 2377 998 2411 ἔχῃ

211 2423 231 2457 ἦ
253 2423 318 2458 χείρ
344 2430 403 2450 σου
424 2422 559 2454 βοηθεῖν.
586 2422 631 2457 Μὴ
657 2422 749 2457 παύσῃ
775 2422 930 2456 εὐεργετεῖν
953 2423 999 2448 τὸν

212 2469 309 2504 ἔχοντα
337 2468 432 2504 χρείαν
462 2468 685 2503 εὐεργετείσθαι·
701 2468 753 2500 ἕως
774 2467 807 2494 ἀν
835 2476 876 2494 σοι
906 2469 946 2500 εἰς
970 2468 999 2494 τὸ

212 2515 347 2548 ἐπαρκεῖν
362 2513 448 2548 αὐτῷ,
468 2514 611 2548 περιουσία
627 2513 712 2541 ἐστίν.

249 2562 302 2594 κη’.
313 2559 362 2593 Μὴ
372 2559 474 2592 stam.
482 2558 673 2586 Ἐπανελθὼν
687 2558 830 2593 ἐπάνηκε,
839 2559 1000 2593 καὶαῦριον

212 2604 309 2637 δώσω,
329 2604 460 2632 δυνατοῦ
492 2613 551 2632 σου
581 2605 669 2638 ὄντος
690 2603 726 2633 εὖ
751 2605 862 2632 ποιεῖν·
884 2606 921 2633 οὐ
946 2605 1000 2640 γὰρ

213 2647 298 2682 οἶδας
314 2649 343 2676 τι
355 2649 470 2681 τέξεται
490 2649 509 2683 ἡ
525 2649 665 2676 ἐπιοῦσα.
680 2651 726 2684 Μὴ
741 2649 932 2686 παραπέμψῃς
951 2650 1001 2676 αὐ-

213 2694 259 2722 τὸν
267 2695 307 2726 εἰς
316 2694 365 2730 τὴν
380 2695 511 2722 ἐπιοῦσαν
525 2694 746 2730 ἡμέραν,εἰπὼν,
760 2696 801 2723 ὅτι
812 2696 866 2731 Τὴν
881 2697 1001 2732 σήμερον

216 2740 266 2775 μὲν
280 2740 471 2776 ὑποχώρησον,
491 2740 541 2776 τὴν
556 2740 578 2767 δ’
589 2740 684 2776 αῠριον
699 2741 771 2774 ἐλθὲ,
793 2742 841 2769 καὶ
853 2739 884 2769 οὗ
905 2743 1002 2778 χρείαν

214 2785 286 2822 ἔχεις
301 2787 437 2822 παράσχω
448 2794 501 2818 σοι,
516 2786 608 2821 ἰσχύος
620 2787 776 2823 προσούσης
788 2796 829 2814 σοι
844 2788 1002 2823 παραυτίκα

213 2829 309 2856 τοῦτον
328 2830 502 2865 εὐεργετεῖν⁵
517 2830 626 2864 ἀγνοεῖς
642 2832 697 2866 γὰρ
713 2831 740 2858 τί
761 2831 898 2867 ὲπαγάγει
914 2833 931 2868 ἡ
952 2832 1002 2860 αὖ·

216 2883 285 2912 ρων.

1045 954 1099 986 cia,
1117 954 1226 989 plenus,
1244 955 1300 982 vita
1319 963 1374 983 non
1399 956 1520 989 turbata,
1534 965 1595 992 qua:
1619 958 1654 984 sit
1669 965 1685 984 a
1702 958 1838 993 cupidita-

1045 1001 1120 1028 tibus
1143 1001 1240 1034 libera,
1261 1002 1428 1037 ingrediaris
1453 1004 1544 1030 omnia
1568 1003 1616 1031 Dei
1641 1004 1778 1037 mandata,
1803 1005 1837 1032 ad

1046 1047 1122 1074 illum
1139 1047 1256 1075 ferentia
1273 1058 1279 1075 ε
1296 1053 1327 1075 ut
1346 1054 1392 1076 tua
1409 1049 1599 1085 intelligentia,
1614 1057 1629 1077 a
1645 1050 1789 1086 principiis
1804 1051 1838 1078 ad

1045 1092 1252 1125 conclusiones,
1267 1101 1435 1128 percurrens
1449 1095 1627 1130 quaestiones,
1640 1095 1674 1122 ad
1686 1097 1838 1124 sententias

1046 1138 1131 1166 falsas
1146 1146 1200 1166 non
1215 1139 1348 1167 offendat.

1080 1183 1165 1212 Vens.
1180 1185 1226 1211 24.
1243 1184 1275 1212 Si
1293 1185 1450 1220 descendas,
1467 1187 1525 1214 sine
1543 1187 1637 1214 timore
1652 1187 1721 1220 eris;
1738 1187 1762 1214 si
1777 1187 1840 1214 dor-

1047 1231 1151 1262 mieris,
1175 1231 1295 1258 suaviter
1317 1231 1444 1260 dormies.
1468 1233 1499 1260 Si
1523 1240 1623 1268 corpus
1646 1237 1723 1261 tuum
1745 1233 1841 1261 labore

1046 1274 1160 1302 virtutis
1173 1273 1288 1307 fessum,
1307 1275 1449 1310 paululum
1468 1275 1644 1311 requiescere
1657 1277 1791 1309 volueris,
1806 1277 1841 1304 ab

1048 1316 1255 1345 incursionibus
1271 1318 1420 1353 spirituum
1436 1319 1619 1354 malignorum
1642 1327 1696 1347 non
1718 1320 1839 1353 timebis,

1046 1364 1111 1398 quia
1139 1371 1248 1398 semper
1269 1364 1384 1398 spiritus
1412 1368 1477 1393 tuus
1491 1365 1518 1392 in
1532 1365 1589 1393 Deo
1607 1365 1679 1393 fixus
1691 1371 1744 1393 est.
1761 1381 1795 1386 -—
1810 1366 1840 1393 Si

1048 1408 1196 1436 dormieris
1219 1414 1335 1436 mortetn
1360 1413 1520 1437 sanctorum
1543 1410 1610 1443 Dei,
1635 1411 1784 1446 pretiosam
1811 1413 1838 1439 in

1047 1460 1197 1489 conspectu
1215 1455 1286 1490 ejus,
1303 1456 1515 1484 resurrectionis
1537 1459 1565 1484 et
1587 1456 1721 1484 bonorum
1746 1465 1760 1484 a
1784 1457 1839 1486 Dic

1047 1500 1248 1535 promissorum
1264 1507 1312 1535 spe
1326 1501 1469 1535 gaudebis.

1087 1555 1171 1583 Vsus.
1190 1556 1238 1584 25.
1254 1555 1315 1582 Non
1336 1556 1440 1584 timebis
1457 1561 1584 1584 terrerent
1602 1558 1778 1592 repentinum,
1794 1566 1839 1585 nec

1047 1601 1238 1630 desolationem
1254 1602 1409 1636 impiorum,
1428 1612 1486 1641 eam
1508 1603 1697 1636 venerit.,N0n
1719 1604 1837 1634 timebis.

1047 1648 1083 1675 ob
1098 1652 1172 1676 tuam
1192 1649 1461 1683 irreprebensibilem
1479 1650 1689 1683 conscientiam,
1706 1657 1721 1677 a
1743 1651 1840 1678 timore

1047 1691 1179 1719 daemonis
1193 1692 1252 1726 qui,
1266 1692 1292 1718 in
1310 1693 1428 1720 transitu
1443 1692 1479 1720 ab
1496 1693 1548 1720 hac
1566 1695 1692 1728 prasemi
1708 1694 1775 1726 vita,
1791 1695 1840 1721 tibi

1047 1737 1147 1771 aderit,
1165 1743 1195 1765 ut
1220 1743 1245 1766 le
1266 1746 1281 1765 a
1306 1738 1351 1766 Dei
1373 1747 1422 1773 spe
1445 1744 1551 1767 avertat
1572 1748 1579 1767 :
1599 1747 1653 1767 non
1678 1741 1840 1768 formidabis

1048 1784 1223 1812 incursiones
1232 1783 1286 1811 .Dei
1305 1784 1490 1816 inimicorum,
1509 1788 1536 1812 et
1553 1786 1700 1820 spirituum
1716 1786 1839 1818 malitiae,

1048 1830 1126 1858 illum
1158 1839 1213 1858 non
1230 1831 1377 1858 colentium
1394 1831 1439 1866 qui
1458 1831 1486 1858 in
1502 1832 1556 1858 vita
1570 1836 1599 1860 te
1613 1832 1756 1866 invadunt,
1771 1836 1801 1860 ut
1816 1837 1842 1860 te

1049 1876 1096 1904 Dei
1112 1876 1304 1904 mandatorum
1321 1876 1480 1904 violatorem
1494 1877 1626 1906 efficiant.

1083 1965 1167 1994 Vens.
1183 1965 1229 1993 26.
1250 1965 1381 1993 Dominus
1401 1967 1452 1994 erit
1473 1967 1501 1994 in
1524 1967 1647 1995 omnibus
1664 1967 1714 1994 riis
1737 1967 1800 2000 tuis,
1816 1972 1842 1995 et

1048 2012 1167 2046 ﬁrmabit
1191 2011 1282 2045 pedem
1299 2016 1382 2045 tuam,
1399 2021 1430 2040 ne
1443 2013 1543 2040 titubet.
1560 2013 1620 2048 Ipse
1646 2018 1738 2041 autem
1758 2013 1840 2044 Deus.

1048 2059 1171 2086 omnium
1190 2057 1336 2092 Dominus,
1350 2059 1402 2086 erit
1423 2059 1450 2086 in
1469 2060 1599 2087 omnibus
1614 2060 1678 2087 vita
1691 2060 1771 2087 bona:
1786 2065 1841 2087 tua:

1049 2104 1164 2137 semitis,
1185 2107 1212 2131 te
1235 2111 1284 2139 per
1309 2112 1359 2132 sua
1387 2109 1483 2132 sancta
1506 2105 1636 2133 mandata
1663 2106 1696 2133 ad
1725 2106 1841 2133 salutem

1049 2148 1173 2183 ducens;
1187 2149 1235 2176 sed
1246 2149 1329 2177 etiam
1347 2150 1374 2176 iu
1388 2150 1505 2177 transitu
1517 2157 1532 2177 a
1544 2151 1599 2177 vita
1613 2151 1753 2185 praesenti,
1766 2154 1841 2178 tuam

1049 2195 1077 2222 in
1107 2202 1140 2222 eo
1164 2202 1252 2229 spem,
1276 2200 1306 2222 ut
1331 2195 1477 2230 quemdam
1503 2196 1610 2231 pedem,
1634 2196 1662 2223 in
1686 2196 1746 2224 loco
1770 2200 1842 2229 tuto,

1014 2252 1035 2279 ο
1050 2240 1245 2274 consolidabit,
1262 2249 1297 2268 ne
1311 2241 1346 2269 ab
1360 2249 1393 2269 eo
1410 2243 1547 2277 separeris
1561 2251 1568 2269 :
1586 2242 1643 2269 haec
1665 2247 1731 2270 sunt
1751 2246 1842 2270 autem

1050 2294 1110 2322 qua:
1125 2286 1246 2322 practica
1259 2287 1307 2314 tibi
1322 2287 1450 2323 proponit
1463 2295 1555 2316 meum
1570 2289 1729 2317 consilium.

1085 2384 1170 2414 Vnus.
1197 2385 1242 2414 27.
1271 2385 1313 2414 Ne
1346 2387 1481 2415 abstineat
1511 2388 1663 2423 benefacere
1695 2390 1840 2425 indigenti,

1050 2431 1155 2466 quando
1177 2432 1276 2465 poterit
1301 2440 1396 2459 manus
1424 2440 1470 2460 tua
1495 2434 1656 2468 benefacere.
1676 2434 1717 2462 Ne
1731 2435 1843 2465 desinas

1050 2474 1212 2502 benefacere
1232 2476 1282 2508 illi,
1301 2477 1346 2504 cui
1365 2484 1434 2512 opus
1455 2482 1498 2505 est
1523 2478 1636 2510 auxilio,
1657 2480 1779 2514 quandiu
1802 2481 1842 2508 illi

1051 2520 1230 2547 succurrendi
1246 2525 1366 2555 potestas
1382 2522 1435 2550 erit
1450 2522 1510 2549 tibi.

1087 2562 1170 2593 Vtilis.
1187 2564 1233 2592 28.
1252 2565 1294 2593 Ne
1317 2567 1392 2594 dicas
1411 2575 1421 2595 :
1438 2568 1547 2601 Abiens,
1564 2569 1631 2602 redi,
1647 2575 1672 2597 et
1691 2578 1750 2597 cras
1762 2571 1841 2604 dabo,

1052 2615 1111 2634 eum
1132 2609 1216 2642 possis
1242 2609 1413 2645 benefacere;
1434 2613 1520 2640 nescis
1539 2614 1608 2640 enim
1627 2614 1692 2649 quid
1712 2617 1843 2650 ραι-ιιινὶεέ

1052 2655 1172 2682 crastina
1201 2655 1268 2684 dies.
1299 2656 1336 2684 Nc
1364 2658 1490 2686 remittas
1523 2659 1599 2686 illum
1635 2660 1661 2687 in
1691 2653 1841 2689 crastinam

1052 2699 1136 2733 diem,
1153 2700 1267 2728 dicens:
1288 2701 1375 2730 llodie
1395 2703 1451 2737 abi,
1466 2711 1528 2732 cras
1541 2705 1614 2739 veni,
1631 2709 1659 2733 et
1676 2705 1741 2733 illud
1763 2707 1843 2742 cujus

1052 2752 1122 2779 opus
1144 2749 1186 2773 est
1207 2746 1257 2774 tibi
1278 2747 1358 2782 dabo,
1373 2756 1436 2776 cum
1461 2750 1496 2777 sit
1518 2750 1568 2778 tibi
1590 2751 1681 2785 modo,
1700 2751 1737 2779 illi
1758 2753 1841 2780 bene-

1053 2791 1173 2819 faciendi
1207 2797 1334 2828 prompta
1366 2795 1505 2831 potentia;
1535 2796 1649 2832 ignoras
1675 2798 1747 2825 enim
1775 2798 1842 2834 quid

1054 2836 1171 2865 adducet
1188 2838 1353 2866 crastinum.
