2079 3161
272 174 338 207 125i

267 277 369 304 habitat
385 282 481 310 tecum,
497 281 521 303 et
538 277 583 311 qui
601 277 628 302 in
648 281 671 303 te
690 276 811 310 conﬁdit.
829 274 868 302 Nc
891 275 1058 302 machineris

230 339 235 342 -
268 323 421 359 spiritualia
449 323 658 358 corporaliaque
684 323 766 354 mala,
788 327 885 349 contra
908 321 1057 351 hominem,

267 370 314 405 qui
330 377 344 396 a
361 375 385 396 te
400 373 511 404 propter
525 376 699 396 communem
717 373 843 395 naturam
862 367 948 394 amari
966 366 1058 397 debet,

267 414 314 449 qui
339 414 387 440 tibi
411 413 553 448 proximus
573 417 628 446 est,
653 418 680 440 et
699 417 760 448 pOSl.
776 412 859 439 Deum
883 419 960 439 suam
983 418 1059 446 spem

269 459 386 487 collocat
413 459 441 486 in
467 462 506 491 te.
523 464 652 494 tanquam
676 459 700 485 in
723 466 755 486 eo
783 459 829 493 qui
853 458 890 485 illi
913 456 1060 485 subvenire

270 506 359 540 potest
375 505 402 532 in
419 505 462 532 his
474 512 534 540 qua:
547 513 562 532 a
578 509 604 532 te
618 504 736 539 requirit
749 512 797 539 pro
810 504 907 531 animm
921 504 1061 538 corporis-

270 557 324 585 que
347 551 436 578 salute
451 559 458 578 :
476 558 526 578 nec
550 554 647 577 contra
665 558 776 578 carnem
797 553 909 584 propter
926 556 1059 581 amorem,

272 597 438 624 machineris
466 595 653 631 cupiditates,
678 604 739 631 qum
764 603 796 623 ex
825 595 932 623 defectu
960 595 1002 622 vel
1028 602 1061 621 cx

272 649 387 669 excessu
409 641 519 668 virtutis
545 641 685 672 oriuntur,
709 641 771 675 quia
795 640 854 672 illa,
873 645 902 667 ut
926 640 1061 673 mortalis,

273 687 434 714 transitorie
453 691 480 713 et
500 694 554 713 non
577 686 712 713 stabiliter
731 691 784 713 tuae
802 686 901 713 anima:
920 685 1063 720 conjungi-

275 737 328 765 lur,
343 738 368 760 et
390 740 403 758 a
424 733 543 766 potentia
566 733 625 767 ejus
648 732 807 760 rationabili
832 731 997 759 naturaliter
1015 739 1064 758 ex-

274 782 390 812 spectat,
409 781 438 804 ut
462 777 513 804 sibi
541 777 716 812 provideatur
735 787 742 805 :
765 777 812 804 sed
832 777 944 811 provide
968 776 1064 803 ambo-

275 822 344 855 bus;
364 821 402 848 illi
419 821 465 856 qui
481 825 524 848 est
538 821 660 854 ejusdem
684 825 800 853 naturae,
816 824 845 847 ut
860 820 1003 848 auxilieris
1018 820 1041 848 ei
1055 829 1061 846 :

274 868 351 894 carni
367 871 431 899 tum,
446 871 475 893 ut
489 867 581 899 vivat;
598 872 625 898 et
640 867 678 893 ita
694 867 767 894 illam
783 867 885 894 habeas
901 865 1061 900 adjutricem

918 172 1094 202 PROCOPII
1124 173 1196 201 GAZ
1203 172 1249 201 .‘l‘ll

304 231 388 258 Vens.
404 230 449 258 29.
470 229 511 257 Ne
532 229 691 257 madtineris
719 229 804 256 amico
829 234 873 255 tua
898 229 987 260 mula,
1014 228 1057 262 qui
1075 231 1098 258 Α

1832 169 1901 203 1252

1147 228 1197 255 κο’.
1215 227 1262 261 Μὴ
1280 227 1416 254 teramus
1434 226 1484 253 ἐπὶ
1498 227 1556 254 σὸν
1573 227 1665 262 φίλον
1689 227 1777 259 κακὰ,
1798 235 1900 261 παροι-

1109 274 1223 301 κοῦντα
1246 273 1296 300 καὶ
1313 273 1476 300 πεποιθότα
1489 273 1537 299 ἐπὶ
1560 273 1620 299 σοί.
1636 273 1681 308 Μὴ
1701 272 1900 305 κατασκεύαζε,

1110 319 1165 346 εἴτε
1179 320 1207 345 ἐν
1221 318 1259 355 τῷ
1272 319 1316 345 διὰ
1326 318 1376 354 τὴν
1389 318 1526 354 ὁμοφυῖαν
1540 318 1701 352 ἁγαπᾶσθαί
1717 326 1758 344 σοι
1767 318 1902 352 ὀφείλοντι

1110 365 1256 401 ἀνθρώπῳ,
1282 365 1318 391 τὰ
1335 364 1408 391 κατά
1439 372 1468 390 τε
1493 363 1573 398 σῶμα
1593 363 1639 389 καὶ
1657 363 1748 398 ψυχὴν
1772 363 1902 398 βλαϐερὰ,

1111 410 1366 446 γειτνιάζοντίισοι,
1383 409 1431 436 καὶ
1449 409 1518 444 μετὰ
1537 408 1603 435 Θεὸν
1615 408 1662 435 ἐπὶ
1677 409 1716 435 σοὶ
1726 408 1776 439 τὰς
1793 408 1904 439 ἐλπίδας

1112 456 1265 489 σαλεύοντι,
1278 455 1316 487 ὼς
1332 454 1480 490 δυναμένῳ
1492 454 1600 489 βοηθεῖν
1615 453 1690 488 αὑτῷ
1704 455 1732 480 ὲν
1748 450 1787 485 οἷς
1805 453 1837 480 ἄν
1855 462 1904 479 σου

1112 502 1180 538 πρὶς
1196 502 1231 528 τὰ
1251 501 1358 536 σώματι
1374 500 1421 526 καὶ
1438 500 1511 535 ψυχῇ
1531 499 1653 526 σωστικὰ
1676 499 1786 534 δέηται’
1810 499 1859 525 εἶτ’
1875 500 1905 525 ὲν

1111 547 1151 583 τῷ
1166 547 1321 582 φιλουμένῳ
1336 546 1412 582 παρᾶ
1427 545 1474 573 σοῦ
1492 546 1597 581 cap):th
1613 545 1658 572 διὰ
1672 545 1722 580 τὴν
1739 545 1810 580 πρὸς
1823 545 1906 572 αὐτὸν

1114 594 1217 629 σχέσιν.
1243 593 1277 619 τὰ
1300 591 1361 618 κατ’
1388 591 1507 626 ἔλλειψιν
1527 592 1576 626 τῆς
1603 591 1706 625 ἀρετῆς
1728 591 1812 626 πάθη,
1838 591 1856 626 ἢ
1873 592 1907 617 τὰ

1112 640 1174 666 καθ’
1186 639 1342 675 ὑπερϐολήν
1356 646 1363 654 ·
1382 637 1558 673 προσκαίρως
1575 637 1622 663 καὶ
1639 637 1668 663 οὐ
1682 637 1804 672 μονίμως
1823 638 1857 672 τῇ
1872 639 1905 672 σῇ

1112 686 1185 720 ψυχῇ
1198 683 1383 719 παραμένοντι
1404 682 1441 714 ὡς
1463 681 1562 717 θνητῷ,
1586 682 1633 708 καὶ
1653 681 1707 708 ἀπὸ
1732 682 1779 708 τοῦ
1802 681 1907 716 ταύτης

1113 728 1270 764 λογιστικοῦ
1296 727 1419 761 φυσικῶς
1435 727 1465 753 τὸ
1482 726 1581 753 ἑαυτοῦ
1602 726 1816 762 ἀπεκδεχομένῳ
1837 735 1903 761 προ-

1113 775 1252 810 νοητικόν·
1277 774 1345 800 ἀλλὰ
1365 774 1412 800 καὶ
1436 773 1601 808 ἀμφοτέρων
1620 772 1737 808 προνοοῦ
1752 781 1759 787 ·
1785 773 1833 799 τοῦ
1858 772 1908 807 μὲν

1114 820 1262 856 ὀμοφυοῦς,
1291 821 1324 847 τά
1347 829 1379 854 γε
1397 819 1466 854 πρὸς
1496 819 1608 854 χρείαν⁴
1636 819 1683 845 τοῦ
1703 819 1733 845 δὲ
1757 817 1908 853 συγγενοῦς

1115 867 1241 902 σαρκίου,
1261 867 1295 893 ’τὰ
1309 867 1377 902 πρὸς
1393 865 1540 892 σύστασιν·
1555 865 1588 891 ἶν’
1604 864 1669 901 ἔχῃς
1687 865 1753 891 αὐτὸ
1774 864 1908 899 συνεργὸν

275 913 308 940 ad
327 913 427 940 bonum
442 917 468 939 et
485 920 538 939 non
555 912 588 939 ad
604 913 783 947 voluptatem,
797 917 823 940 et
840 920 873 939 ne
888 912 937 939 tibi
955 912 1064 939 thesau-

1118 913 1185 949 πρὸς
1200 913 1235 939 τὰ
1251 913 1395 944 κάλλιστα,
1413 912 1462 938 καὶ
1476 911 1536 946 οὐχὶ
1559 911 1593 938 τὰ
1623 911 1691 946 πρὸς
1717 910 1889 945 ἡδυπάθειαν
1901 919 1907 926 ·

275 960 346 987 rizes
362 959 505 986 materiam
520 959 592 995 ignis
605 959 711 986 aeterni.

311 1047 392 1075 Vens.
407 1047 452 1075 '50.
476 1047 516 1074 Ne
533 1047 620 1075 oderis
636 1048 767 1074 hominem
789 1047 905 1081 frustra,
928 1054 959 1073 ne
981 1046 1064 1081 faciat

275 1093 323 1120 tibi
336 1093 438 1128 aliquid
453 1093 530 1120 mali.
548 1093 587 1121 Ne
605 1093 715 1129 diligas,
731 1101 778 1120 seu
794 1092 928 1119 adversus
946 1091 1064 1126 aliquem

276 1139 413 1166 hominem
433 1139 538 1171 odium,
558 1142 588 1166 ut
610 1147 664 1166 non
688 1138 799 1174 aliquod
820 1139 920 1165 malum
944 1137 1066 1172 spiritale

275 1185 317 1212 vel
339 1185 484 1220 corporale
499 1185 595 1212 alIerat
615 1184 665 1211 tibi
689 1193 694 1211 :
714 1192 761 1211 scu
786 1183 880 1210 odium
899 1191 998 1210 vanum
1019 1183 1066 1208 ad-

276 1239 373 1258 versus
387 1239 510 1264 carnem,
528 1234 638 1266 propter
656 1238 734 1257 snam
749 1234 857 1257 natura:
872 1229 997 1256 humanm
1011 1228 1067 1255 l'ra—

276 1277 418 1312 gilitatem,
439 1281 466 1304 et
491 1283 568 1304 suam
591 1275 710 1307 facilem,
734 1275 760 1302 in
785 1275 934 1306 laboribus,
957 1275 1002 1309 qui
1029 1273 1066 1300 illi

277 1321 364 1348 invito
388 1319 530 1353 accidunt,
557 1320 753 1352 deﬁcientium,
775 1327 808 1347 nc
836 1319 862 1346 in
891 1325 917 1346 te
943 1319 1068 1354 periit-int

278 1367 417 1402 physicam
452 1366 682 1398 destructionem,
719 1373 796 1400 qute,
828 1365 901 1392 illius
934 1370 1066 1397 mortem,

277 1413 399 1440 omnium
431 1411 565 1440 malorum
593 1411 756 1447 pessimum,
792 1411 827 1440 ob
858 1411 1067 1447 negligentiam,

278 1457 385 1484 aderat.

314 1547 397 1575 Vsus.
413 1547 457 1575 5i.
478 1546 519 1574 Ne
540 1548 664 1582 acquirat
687 1547 820 1574 malorum
838 1547 976 1574 hominum
998 1547 1068 1583 inju-

280 1595 345 1621 rias.
369 1593 408 1621 Nc
434 1594 557 1621 attrahas
582 1593 811 1629 reprehensiones
837 1601 905 1628 quas
928 1599 1068 1621 merentur

280 1644 448 1676 peccatores.

316 1685 372 1713 Nec
385 1685 512 1713 zelaven’s
527 1693 618 1712 eorum
636 1685 703 1712 vias.
720 1684 760 1713 Ne
777 1685 825 1713 ﬁas
841 1693 938 1713 eorum
955 1694 1067 1721 operum

282 1732 415 1760 imitator.

317 1778 399 1805 Vens.
426 1778 471 1805 52.
500 1777 624 1812 Impurus
655 1777 725 1805 enim
753 1777 824 1812 apud
853 1777 955 1810 Deum,
984 1779 1068 1806 omnis

283 1823 395 1850 violator
419 1823 493 1858 leqis.
527 1823 654 1858 lmpurus
693 1827 736 1851 est
770 1824 842 1851 enim
878 1828 942 1851 ante
971 1824 1068 1856 Deum,

284 1870 389 1896 etiamsi
408 1877 438 1897 se
456 1869 624 1897 abscondere
642 1873 741 1902 tentet,
757 1870 849 1898 omnis
876 1870 1068 1898 mandatorum

284 1915 344 1950 (‘jllS
360 1920 557 1950 transgressor.

317 1960 351 1987 In
363 1959 446 1995 justis
461 1965 548 1987 autem
566 1968 617 1987 non
632 1960 696 1995 facit
711 1961 863 1988 consilium.
879 1961 948 1989 Cum
965 1961 1008 1989 his
1024 1962 1069 1997 qui

283 2006 410 2033 mandata
438 2006 532 2040 iniqua
557 2005 716 2033 custodiunt
744 2014 799 2033 non
826 2007 914 2038 sedet,
938 2011 1069 2043 tanquam

284 2059 338 2079 non
354 2052 530 2079 consentiens
548 2051 615 2084 illis,
631 2052 658 2079 in
676 2052 819 2081 sententiis
834 2053 866 2080 ad
884 2053 998 2080 bonum.

318 2095 400 2124 Vsus.
416 2097 461 2124 53.
482 2097 639 2125 Emsecrntio
659 2097 765 2125 Domini
787 2099 813 2125 in
835 2098 957 2126 dolitibus
975 2099 1071 2134 impio-

283 2150 353 2170 rum.
369 2142 473 2170 Idcirco
486 2143 679 2171 condemnatio
693 2144 728 2172 ab
744 2145 866 2172 omnium
888 2149 1001 2172 auctore
1016 2144 1070 2172 Do-

283 2189 369 2222 mino,
386 2190 413 2216 in
431 2197 558 2225 corpora,
575 2190 676 2224 quibus
694 2195 825 2225 tanquam
851 2195 989 2218 amatores
1008 2198 1070 2218 cor-

1115 960 1188 991 ὄπως
1207 958 1244 994 μὴ
1260 958 1386 985 ἐντεῦθεν
1407 957 1633 994 ἁποθησαυρίσῃς
1656 956 1762 990 σεαυτῷ
1779 956 1845 991 ὓλην
1861 956 1908 983 τοῦ

1117 1003 1226 1030 αἰωνίου
1244 1003 1340 1039 πυρός.

1150 1050 1183 1076 λ’.
1202 1049 1252 1083 Μὴ
1265 1049 1476 1084 φιλεχθρήσῃς
1491 1048 1734 1083 πρόςξᾶνθρωπον
1743 1047 1854 1082 μάτην,
1865 1047 1909 1082 μή

1117 1105 1143 1122 τι
1164 1097 1208 1128 εις
1233 1096 1271 1122 σὲ
1291 1095 1455 1131 ἐργάσηται
1475 1095 1580 1122 κακῶν.
1606 1094 1651 1130 Μὴ
1667 1095 1825 1129 ἀγαπήσῃς,
1854 1094 1910 1120 εἴτε

1117 1143 1165 1178 τὴν
1179 1143 1249 1178 πρός
1266 1151 1326 1168 τινα
1352 1141 1496 1177 ἄνθρωπον
1513 1141 1614 1176 ἔχθραν
1626 1160 1632 1172 ,
1657 1141 1731 1172 ὅπως
1748 1140 1785 1176 μὴ
1805 1140 1910 1175 β’».ἀεην

1117 1188 1179 1215 τινὰ
1197 1189 1300 1223 δηλαδὴ
1329 1187 1484 1223 ψυχικὴνῆ
1512 1186 1672 1222 σωματικὴν
1696 1187 1824 1222 ἐπαγάγῃ
1850 1193 1908 1212 σοι·

1118 1235 1180 1262 ἐπεὶ
1195 1235 1309 1269 οὐδεμία
1324 1235 1460 1269 ὑπάρχειν
1477 1242 1518 1259 σοι
1532 1233 1645 1260 δύναται
1665 1232 1777 1266 εΰ).ογος
1796 1232 1910 1267 ἀφορμὴ

1119 1281 1186 1316 πρὸς
1201 1282 1277 1316 μῖσος
1292 1280 1376 1307 αὑτοῦ
1388 1288 1394 1295 ·
1409 1280 1464 1306 εἴτε
1480 1279 1530 1314 τὴν
1541 1279 1610 1313 πρὸς
1621 1278 1652 1305 τὺ
1664 1278 1744 1314 σῶμα
1759 1278 1910 1313 ἁνονήτως,

1118 1326 1162 1352 διὰ
1178 1326 1208 1352 τὸ
1224 1327 1284 1352 κατ’
1302 1325 1369 1352 αὐτὸ
1392 1325 1441 1359 τῆς
1462 1324 1636 1359 ἀνθρωπίνης
1658 1323 1766 1358 φύσεως
1784 1323 1909 1355 ἀσθενὲς.

1119 1372 1167 1398 καὶ
1184 1371 1250 1406 περὶ
1259 1371 1321 1403 τοὺς
1337 1370 1482 1401 ἀκουσίους
1495 1370 1596 1400 πόνους
1611 1369 1787 1404 εὑέμπτωτον
1803 1370 1911 1404 μήποτε

1119 1418 1271 1453 ἀποτελέσῃ
1289 1417 1329 1449 είς
1350 1418 1378 1443 σὲ
1400 1416 1520 1452 ψυχικὴν
1535 1415 1684 1447 ἀπώλειαν,
1702 1415 1732 1441 τὸ
1745 1415 1799 1441 τῶν
1817 1415 1912 1441 κακῶν

1120 1464 1267 1500 χείριστον,
1283 1463 1317 1491 δι’
1339 1463 1487 1500 ὀλιγωρίαν
1508 1463 1601 1498 τυχὸν,
1616 1462 1661 1489 τὸν
1681 1462 1777 1488 τούτου
1799 1463 1911 1497 ἐπινοή-

1122 1519 1207 1538 σαντα
1217 1510 1278 1537 δλεθ
1283 1520 1339 1546 ρον.

1156 1555 1206 1582 λα’.
1221 1555 1269 1589 Μὴ
1291 1555 1390 1588 κτήσῃ
1421 1553 1522 1581 κακῶν
1559 1553 1677 1587 ἀνδρῶν
1713 1552 1825 1585 ὀνείδη.
1867 1552 1911 1587 Μὴ

1121 1601 1262 1638 ἐπισπάσῃ
1280 1601 1399 1636 μέμψεις
1416 1600 1448 1632 ἂς
1463 1600 1625 1634 ὑφίστανται
1637 1599 1661 1625 οἱ
1677 1599 1838 1634 παράνομοι.

1154 1690 1238 1724 Μηδὲ
1251 1690 1389 1724 ζηλώσῃς
1405 1689 1458 1723 τὰς
1470 1688 1560 1722 ὁδοὺς
1573 1688 1682 1715 αὐτῶν.
1693 1688 1844 1724 Μηδὲ-γένῃ
1860 1687 1912 1713 τῶν

1121 1737 1209 1772 ἔργων
1225 1737 1315 1764 αὐτῶν
1333 1736 1467 1771 μιμητής.

1155 1784 1206 1820 λβ’.
1226 1783 1411 1817 Ἀκάθαρτος
1449 1781 1504 1817 γὰρ
1533 1781 1612 1816 παρὰ
1626 1781 1735 1816 ΚιῬΙου
1745 1779 1804 1812 πᾶς
1821 1779 1912 1813 παρὰ·

1121 1840 1225 1865 νομσς.
1242 1828 1458 1864 Μεμολυσμένος
1471 1828 1526 1863 γάρ
1546 1828 1620 1854 ἐστιν
1633 1826 1749 1853 ἐνώπιον
1765 1825 1844 1858 Θεοῦ,
1863 1826 1911 1851 κᾶν

1120 1877 1265 1904 λανθάνειν
1284 1874 1445 1910 ἀνθρώπους
1455 1874 1592 1909 ἐπιχειρῇ.
1602 1872 1675 1904 ἅπας
1684 1881 1719 1898 πα
1725 1871 1845 1907 ραὸάτης
1858 1870 1911 1897 τῶν

1121 1922 1203 1949 αὑτοῦ
1219 1921 1343 1948 ἐντολῶν.

1162 1969 1213 1995 Ἔν
1224 1967 1258 1993 δὲ
1285 1966 1410 1997 δικαίοις
1444 1966 1479 1991 οὐ
1502 1963 1698 1998 συνεδριιῐζει.
1722 1962 1800 1990 Μετὰ
1815 1962 1844 1990 δὲ
1858 1962 1910 1988 τῶν

1120 2013 1278 2049 τηρούντων
1306 2011 1391 2042 αὑτὰς
1423 2011 1453 2037 οὐ
1471 2009 1654 2044 συγκάοηται,
1673 2008 1710 2040 ὡς
1735 2009 1772 2044 μὴ
1794 2017 1911 2035 συνανα-

1121 2058 1277 2094 παυόμενος
1295 2057 1401 2088 τούτοις
1412 2056 1482 2083 κατὰ
1500 2055 1614 2090 γνώμην
1630 2055 1676 2081 ἐπὶ
1690 2055 1731 2089 τῷ
1746 2054 1852 2089 ἀγαθῷ.

1157 2103 1207 2138 λγ¹.
1224 2101 1342 2135 Κατάρα
1356 2101 1466 2135 Kuplov
1475 2100 1509 2126 ὲν
1524 2099 1618 2132 οἴκοις
1631 2097 1760 2126 ἀσεϐῶν.
1771 2100 1816 2124 Διὸ
1832 2098 1911 2124 κατά-

1121 2156 1212 2183 κρισις
1239 2146 1356 2182 ὑπάρχει
1387 2145 1433 2171 ἀπ’
1453 2145 1535 2171 αὐτοῦ
1550 2143 1597 2170 τοῦ
1619 2143 1674 2170 τῶν
1692 2142 1760 2169 ὃλων
1773 2143 1910 2169 Δεσπότω

1122 2193 1200 2224 Θεοῦ,
1217 2193 1273 2224 τοῖς
1283 2191 1419 2226 σώμασιν,
1435 2187 1472 2226 ὧν
1493 2190 1666 2224 ἀντέχονται,
1683 2186 1728 2215 οἷά
1740 2197 1821 2215 τινων
1836 2189 1910 2223 μονί-

283 2242 390 2271 porum.
408 2235 562 2263 habitantes
577 2235 690 2262 stabiles
705 2235 812 2269 domos,
825 2236 902 2264 luere
916 2236 1066 2271 canjunctui

1123 2248 1181 2275 μων
1206 2238 1399 2270 κατοικιῶντες
1430 2236 1627 2271 φιλοσώματοι,
1654 2237 1682 2262 at
1703 2235 1787 2270 ψυχαὶ
1800 2235 1856 2261 τῶν
1874 2234 1911 2270 μὴ

283 2279 381 2308 animat
393 2280 533 2307 hominum
551 2280 634 2308 Deum
653 2288 702 2316 per
717 2281 788 2307 bona
802 2288 884 2315 opera
905 2288 958 2308 non
974 2281 1067 2309 colen-

283 2326 352 2353 tium
367 2336 374 2354 :
391 2326 438 2362 qui
458 2334 523 2354 vero
539 2326 623 2354 Deum
639 2333 688 2361 per
704 2333 786 2360 opera
800 2326 919 2358 coluere,
937 2326 1070 2355 adversus

283 2379 397 2400 carnem
418 2376 618 2409 pugnaverunt,
635 2376 664 2398 ut
686 2371 785 2406 spiritu
806 2371 959 2399 secundum
985 2371 1069 2400 Deum

283 2421 418 2444 VlVCl‘enL

322 2461 424 2489 Domus
440 2462 577 2496 justorum
601 2461 795 2489 benedicentur.
815 2462 938 2498 Corpora
959 2463 986 2489 in
1008 2464 1070 2498 qui-

285 2507 348 2538 bus,
367 2511 495 2542 tanquam
520 2509 547 2534 in
574 2507 701 2535 domibus
725 2509 924 2543 temporalibus
946 2509 1072 2536 habitant

286 2552 384 2579 animae
398 2559 490 2580 eorum
506 2554 553 2588 qui
568 2557 670 2581 azlerna
694 2554 891 2589 temporalibus
911 2554 1071 2589 prarlernnt,

286 2599 318 2625 ad
347 2599 449 2626 bonum
481 2599 658 2632 inducentur,
686 2599 844 2628 divinorum
879 2601 1070 2627 mandatorum

287 2644 454 2679 impletione.

322 2690 404 2718 Vsus.
427 2690 472 2717 31.
496 2690 626 2718 Dominus
650 2692 768 2726 superbis
791 2692 903 2724 resistit,
930 2690 1072 2718 humilibus

289 2743 375 2763 autem
387 2736 438 2777 ¹ιὶιιι
455 2737 582 2770 gratiam.
597 2737 650 2764 Sed
668 2739 703 2766 iis
722 2739 768 2773 qui
791 2739 919 2766 nesciunt
935 2738 1072 2773 propriam

289 2782 532 2815 intirmitatem,ct
555 2783 608 2811 sibi
622 2784 690 2818 ipsis
715 2789 742 2812 et
765 2793 820 2812 non
846 2785 902 2812 Deo
925 2785 998 2812 bona
1024 2793 1072 2812 sua

288 2836 371 2864 opera
396 2828 535 2860 tribuant,
568 2830 672 2857 resistit
699 2831 758 2866 ipse
780 2832 903 2859 omnium
929 2831 1072 2863 Dominus,

286 2874 407 2910 potentia
425 2873 534 2911 Deipcr
548 2882 578 2904 se
593 2876 749 2906 subsistens
763 2881 790 2905 ct
809 2878 993 2913 omnipotens,
1011 2878 1072 2906 illos

1120 2286 1154 2312 δι’
1174 2284 1285 2319 ἀγαθῶν
1299 2283 1388 2319 ἔργων
1405 2282 1549 2318 τιμώντων
1562 2283 1644 2309 αὐτόν
1656 2290 1663 2296 ·
1677 2281 1846 2317 κρινομένων
1857 2279 1912 2307 τῶν

1120 2331 1249 2357 τοιούτοιν
1259 2329 1410 2365 ἀνθρώπων
1423 2328 1482 2355 κατ’
1497 2327 1659 2363 ἀνθρώπους
1678 2328 1772 2363 σαρκὶ,
1785 2327 1829 2353 ἵνα
1845 2326 1911 2358 ζῶσι

1122 2375 1193 2402 κατὰ
1207 2375 1273 2401 Θεὸν
1291 2374 1439 2408 πνεύματι.

1164 2466 1322 2497 Ἐπαύλεις
1341 2464 1375 2490 δὲ
1397 2464 1521 2490 δικαίων
1537 2463 1744 2498 εὐλογοῦνται.
1758 2463 1798 2489 Τὰ
1821 2462 1851 2489 δὲ
1862 2463 1911 2490 σώ-

1125 2519 1197 2546 ματα
1211 2511 1240 2536 ὲν
1251 2507 1292 2541 οἷς
1305 2509 1470 2542 αὐλίζονται,
1485 2510 1523 2541 ὡς
1551 2510 1796 2544 προσκαίροιςτισὶ
1816 2518 1911 2544 παροι-

1123 2557 1206 2588 κῖαις,
1215 2555 1242 2582 αἱ
1254 2555 1338 2590 ψυχαὶ
1348 2554 1401 2581 τῶν
1409 2555 1608 2590 προκρινόντων
1616 2554 1650 2580 τὰ
1661 2553 1756 2580 αἰώνια
1764 2554 1817 2581 τῶν
1827 2563 1909 2590 προτ-

1124 2600 1237 2636 καίρων,
1265 2601 1407 2634 ὲνάγονται
1429 2599 1497 2634 πρὸς
1521 2599 1551 2626 τὸ
1567 2599 1669 2634 ἀγαθὸν
1686 2601 1747 2630 ταῖς
1762 2599 1816 2626 τῶν
1830 2599 1909 2626 θείων

1124 2646 1205 2672 αὑτοῦ
1220 2646 1335 2673 ἐντολῶν
1352 2646 1506 2682 ἐργασίαις.

1158 2692 1206 2719 λδ’.
1222 2693 1329 2726 Κύριος
1345 2692 1550 2726 ὑπερηφάνοις
1567 2691 1790 2723 ἀντιτάσσεται,
1812 2699 1910 2718 ταπει-

1124 2738 1188 2771 νοῖς
1201 2737 1235 2764 δὲ
1243 2737 1348 2764 δίδωσι
1361 2737 1458 2772 χάριν.
1486 2737 1566 2764 Ἀλλὰ
1589 2737 1634 2764 καὶ
1655 2739 1710 2768 toi;
1726 2737 1852 2771 ἀγνοοῦσι
1863 2738 1912 2772 τὴν

1124 2783 1227 2810 οἰκείαν
1238 2783 1392 2815 ἀσθένειαν,
1411 2782 1458 2809 καὶ
1471 2783 1578 2814 ἑαυτοῖς
1588 2783 1634 2809 καὶ
1650 2783 1680 2809 οὗ
1696 2783 1756 2818 Θεῷ
1767 2786 1800 2810 τὰ
1815 2791 1912 2818 κατορ-

1125 2829 1238 2865 θώματα
1252 2829 1461 2865 ὲπιγράφουσιν,
1476 2829 1699 2857 ἁντικαθίσταται
1719 2829 1800 2862 αὐτὸς
1814 2831 1828 2856 ὁ
1846 2831 1911 2857 παν-

1125 2886 1178 2903 των
1203 2876 1351 2912 Δεσπότης,
1373 2877 1389 2912 ή
1417 2877 1598 2908 ὲνυπόστατος
1615 2876 1662 2903 τοῦ
1675 2876 1744 2903 Θεοῦ
1758 2884 1910 2912 παντοκραο
