2079 3161
186 181 258 214 ’1253

703 178 971 209 (ΣυΜΜΕΝΤΜὶΙΙ
988 177 1029 207 IN
1044 177 1274 208 PROVERBIA.

1757 179 1826 212 1254

187 238 284 274 τορικσὴ
293 238 418 273 δύναμις,
427 237 551 272 σφάλλων
561 235 751 268 mammam;
760 236 809 270 τὴν
817 235 921 262 οἰκείαν
930 235 982 262 ἐπι·

1039 234 1182 269 abjicicns,
1199 240 1228 262 ut
1243 235 1360 270 propria:
1376 235 1536 271 fragilitatis
1559 237 1676 270 conscii,
1698 244 1752 264 non
1775 238 1829 265 sibi

187 284 297 318 γνόντες
314 284 468 315 ἀσθένειαν,
484 285 522 319 μὴ
537 284 708 318 ὲπαίρωνται
723 282 766 316 ἐφ’
779 280 820 314 οἷς
835 282 922 317 χωρὶς
931 281 982 308 αύ-

185 330 233 356 τυῦ
248 330 278 357 οὐ
292 330 419 357 δύνανται
432 331 518 356 ποιεῖν
532 329 619 361 οὐδὲν,
644 329 691 356 καὶ
710 328 759 363 τῆς
770 327 901 363 ἀληθείας
915 328 983 354 ἀπο-

186 376 352 403 πλανῶνται.
365 377 434 407 Τοὺς
449 375 477 402 δὲ
492 374 686 410 ἐπιγνώμονας
718 375 769 410 τῆς
783 373 889 405 οἰκείας
899 373 982 400 ἀσθε-

185 422 272 453 νείας,
288 422 334 448 καὶ
343 422 568 457 ταπεινόφρονας,
580 421 629 456 τῆς
641 420 688 447 τοῦ
700 420 834 455 παναγίου
851 420 982 454 Πνεύμα-

189 476 234 498 τος
245 467 317 500 ἀξιοῖ
330 468 451 504 χάριτος,
465 467 605 502 καθαίρων
623 466 673 502 μὲν
691 466 804 494 τούτους
824 465 877 493 ἀπὸ
891 466 982 500 πάσης

189 513 289 545 κακίας
303 513 342 549 τῷ
359 513 445 549 φόϐῳ,
462 513 588 548 φωτίζων
600 512 628 539 δὲ
646 513 678 547 τῇ
697 512 750 538 τῶν
767 511 847 538 θείων
866 511 982 538 ἐντολῶν

189 560 259 586 κατὰ
275 560 371 594 πεῖραν
395 560 525 590 συνέσει,
551 558 598 584 καὶ
616 557 727 584 τελειῶν
754 559 787 593 τῇ
815 558 849 583 δι’
870 557 981 592 ἀγάπης

190 604 288 640 ἑνούσῃ
300 605 410 636 τούτους
425 604 500 639 αὐτῷ
523 603 682 638 τελειοτιοιῴ
700 603 790 638 σοφίᾳ..

226 652 274 678 λε’.
290 651 386 683 Δόξαν
400 651 488 685 σοφοί
505 649 802 684 κληρονομήσουσιν.
815 645 868 680 Ἦς
886 648 982 682 σοφίας

190 699 215 725 οἱ
239 698 410 730 ἀξιωθέντες,
439 696 477 728 ὡς
499 696 592 732 ἔργοις
615 695 792 730 δικαιοσύνης
817 695 982 730 τιμήσαντες

189 745 236 771 τὸν
257 745 284 770 ὲν
301 744 424 778 οὐρανοῖς
440 742 510 769 κατὰ
526 743 605 777 χάριν
623 741 744 776 Πατέρα,
767 741 816 776 τῆς
827 741 923 767 τούτου
938 741 983 776 βα-

189 790 295 822 σιλείας
315 789 481 825 κληρονόμοι
495 790 667 823 γενήσονται.

225 837 258 863 Οί
285 835 319 862 δὲ
348 835 468 868 ἀσεϐεῖς
495 834 625 868 ὕψωσαν
650 833 780 867 ἀτιμίαν.
797 833 827 860 Οἱ
844 833 873 859 δὲ
889 833 926 868 μὴ
947 832 982 859 δι’

189 881 300 916 ἀγαθῶν
315 881 405 916 ἔργων
426 880 562 915 τιμῶντες
586 879 679 910 αὑτὸν,
703 879 751 913 τὴν
768 878 874 905 ἑαυτῶν
889 879 984 912 ἀτιμο-

1035 282 1172 316 gaudeant
1194 281 1228 308 dc
1247 281 1289 309 his
1311 289 1371 316 qua:
1387 282 1446 309 sine
1469 281 1516 308 illo
1531 281 1642 309 nomine
1658 283 1750 310 facere
1763 291 1828 316 pos-

1035 331 1110 359 sunt,
1125 331 1152 354 et
1168 335 1182 354 a
1197 326 1312 354 veritate
1329 334 1384 354 non
1400 331 1558 354 avertentur
1576 335 1583 354 :
1597 335 1644 355 eos
1662 332 1754 355 autem
1778 329 1826 363 qui

1035 380 1113 400 suam
1137 371 1316 407 fragilitatem
1339 377 1451 404 norunt,
1467 377 1495 400 et
1516 373 1659 400 humiliter
1676 373 1710 401 de
1726 381 1755 401 sa
1770 381 1829 401 scn-

1034 418 1117 450 tiunt,
1133 423 1160 446 et
1175 420 1212 446 ita
1229 418 1350 453 Spiritus
1366 418 1533 446 sanctissimi
1550 419 1638 454 gratia
1657 419 1731 454 digni
1750 424 1825 452 sunt,

1034 473 1082 500 per
1099 466 1223 493 timorem
1244 465 1278 492 ab
1294 462 1373 492 ‘omni
1391 465 1496 492 malitia
1529 465 1666 499 puriﬁcat,
1683 469 1710 493 et
1725 466 1826 493 intelli-

1034 511 1126 546 gentia
1143 510 1336 538 mandatorum
1356 510 1524 541 divinorum,
1541 510 1568 537 in
1592 511 1742 538 tentatione
1762 511 1824 538 illit-

1035 558 1131 590 minat,
1155 563 1182 585 et
1204 557 1265 584 illos
1291 557 1396 592 perﬁcit
1423 564 1471 592 per
1495 557 1686 591 pcriectricem
1718 558 1826 592 sapien-

1033 604 1111 635 tiam,
1124 610 1177 636 qua
1193 603 1230 630 illi
1248 610 1341 630 amore
1356 602 1576 637 conjunguntur.

1068 647 1152 676 Vens.
1166 647 1348 675 55.4?loriam
1363 648 1495 682 sapientes
1510 646 1691 682 possidebunt.
1709 647 1760 681 Qui
1774 647 1825 676 hac

1034 694 1170 729 sapientia
1193 694 1266 729 digni
1292 693 1356 720 facti
1381 698 1455 725 sunt,
1474 694 1537 728 quia
1563 693 1691 728 operibus
1710 694 1826 728 justitia:

1034 739 1207 766 honorarunt
1227 746 1289 766 eum
1309 738 1354 774 qui
1373 739 1455 766 estin
1474 739 1553 766 cmlis
1573 746 1621 773 per
1641 739 1759 774 gratiam
1773 738 1826 766 Pa-

1034 789 1085 817 ter,
1101 785 1176 812 illius
1190 786 1266 819 regni
1282 784 1405 811 hatredes
1419 783 1585 811 eiﬁciunlur.

1070 830 1149 864 Impii
1162 829 1283 857 exaltant
1298 829 1480 864 ignominiam.
1497 828 1549 862 Qui
1565 836 1631 857 vero
1643 829 1727 856 Deum
1745 829 1825 857 bonis

1035 876 1165 910 operibus
1185 883 1238 902 non
1260 875 1366 907 colunt,
1383 882 1459 902 suam
1481 879 1588 910 turpem
1607 874 1750 908 malitiam,
1766 883 1825 902 ma-

190 928 266 954 ποιὸν
293 927 393 954 κακίαν
415 925 653 962 περιφανεστέραν
681 925 824 960 ἐποίησαν,
843 922 891 955 τὰς
911 924 982 959 ἀμυ-

1034 920 1242 948 nil‘estissimam
1264 920 1425 952 ciiecerunt,
1442 920 1565 948 inlinitos
1581 927 1693 948 suarum
1716 921 1824 956 cupidi-

190 974 289 1009 θήτους
314 973 369 1000 τῶν
395 973 561 1008 παραλόγων
593 971 687 998 παθῶν
721 971 843 1006 γενέσεις
878 971 983 1006 Evt-tvm“-

192 1027 299 1050 σαντες.

493 1063 618 1090 ΚΕΦΑΛ.
638 1064 675 1090 Δ’.

216 1115 251 1139 α’.
260 1111 434 1143 Ἀκούσατε,
443 1110 558 1142 παῖδες,
568 1109 696 1136 παδείαν
703 1108 822 1142 πατρὸς,
833 1107 881 1134 καὶ
890 1115 982 1141 προσ-

189 1158 274 1193 έχετε
287 1157 396 1192 γνῶναι
416 1156 549 1183 ἔννοιαν.
567 1154 665 1181 Ἔνθεν
681 1162 733 1186 τοι,
751 1153 844 1180 τεκνία
860 1161 981 1187 πνευμα-

191 1203 266 1235 τικὰ,
280 1203 340 1234 ταῖς
355 1202 404 1237 μὲν
420 1200 576 1227 ὲπιπειθέσι
592 1200 664 1235 λόγῳ
680 1199 839 1234 ὀρεκτικαῖς
861 1197 915 1224 τῶν
929 1197 980 1231 ψυ-

192 1249 247 1285 χῶν
262 1248 337 1284 ὑμῶν
359 1247 514 1282 δυνάμεσιν,
541 1245 715 1272 ὑπακούσατε
731 1244 779 1279 τῆς
795 1243 866 1270 κατά
882 1243 980 1279 πρᾶξιν

191 1295 327 1325 ἐπιπόνως
341 1293 395 1320 τῶν
418 1293 472 1320 ἀπὸ
501 1292 600 1323 κακίας
626 1291 743 1321 κηλίδων
760 1288 980 1323 ἑκκαθαιρούσης

190 1342 262 1377 ὑμᾶς
275 1340 473 1375 παραινέσεως,
485 1338 531 1365 τοῦ
541 1338 611 1364 κατὰ
621 1338 701 1373 χάριν
712 1335 897 1366 υίοϐετοῦντος
907 1336 981 1370 ἡμᾶς

189 1388 269 1415 Θεοῦ.
285 1388 352 1418 Ταῖς
378 1386 406 1412 δὲ
431 1385 636 1420 θεωρητικαῖς,
664 1383 793 1410 σκοπεῖτε
817 1380 980 1408 καταλαϐεῖν

190 1434 349 1469 γνωστικῶς
367 1433 418 1468 τὴν
434 1433 535 1466 ταύτης
550 1431 680 1458 διάνοιαν.

227 1479 259 1515 β’.
275 1479 374 1513 Δῶρον
390 1477 444 1513 γὰρ
458 1476 570 1511 ἀγαθὸν
582 1473 730 1510 δωροῦμαι
742 1473 827 1508 ὑμῖν·
842 1472 895 1499 τόν
909 1472 981 1507 ἐμὸν

190 1527 285 1561 νόμον
301 1525 344 1560 μὴ
374 1523 600 1559 ἐγκαταλίπητε.
623 1521 715 1557 Μηδὲν
733 1520 788 1555 γὰρ
804 1528 982 1555 προεισενεγ-

1033 971 1119 996 tatum
1134 966 1230 995 modos
1245 967 1444 1002 excogitantes.

1349 1055 1426 1084 CAP.
1446 1055 1492 1084 ιν.

1068 1101 1152 1130 Vens.
1167 1103 1193 1129 1.
1210 1102 1317 1136 Audite,
1331 1103 1394 1137 ﬁlii,
1406 1102 1577 1137 disciplinam
1587 1102 1683 1137 patris,
1697 1107 1721 1129 et
1738 1107 1824 1129 atten-

1032 1150 1095 1181 dite,
1114 1154 1142 1176 ut
1160 1149 1252 1176 sciatis
1266 1149 1482 1184 intelligentiam.
1499 1148 1563 1176 lude
1579 1156 1654 1181 vero,
1673 1149 1721 1175 lilii
1742 1148 1824 1183 spiri-

1033 1195 1133 1228 tuales,
1149 1199 1303 1222 vestrarum
1321 1195 1475 1222 animarum
1493 1194 1757 1229 concupiscibilibus
1772 1201 1823 1229 po-

1033 1241 1139 1274 tentiis,
1155 1241 1277 1269 sermoni
1297 1241 1475 1272 docibilibus,
1490 1240 1583 1267 audite
1599 1239 1757 1271 consilium,
1773 1247 1823 1267 vos

1032 1288 1141 1315 actione
1168 1287 1308 1314 laboriosa
1337 1294 1352 1313 a
1380 1286 1492 1313 malitiae
1517 1285 1632 1313 maculis
1664 1284 1822 1320 puriﬁcans,

1033 1334 1125 1361 datum
1139 1333 1174 1361 ab
1190 1333 1247 1366 illo,
1263 1333 1308 1368 qui
1321 1340 1369 1360 vos
1391 1332 1416 1359 in
1432 1332 1503 1359 ﬁlios
1522 1330 1673 1365 adoptavit,
1687 1329 1742 1357 Deo
1758 1338 1764 1356 :
1779 1329 1822 1356 in-

1033 1379 1236 1407 tcllectualibus
1260 1383 1351 1406 autem
1379 1377 1520 1413 potentiis,
1542 1375 1686 1408 attendite,
1706 1380 1734 1402 ut
1753 1375 1823 1403 scite

1032 1425 1065 1452 ad
1080 1425 1163 1459 lmjus
1178 1424 1386 1458 intelligentiam
1401 1422 1578 1457 pervenistis.

1072 1470 1153 1498 Vens.
1172 1471 1200 1497 2.
1213 1470 1319 1497 Donum
1333 1470 1430 1497 bonum
1445 1468 1591 1496 retribuat):
1620 1467 1691 1494 vobis
1709 1475 1718 1494 :
1741 1467 1823 1502 legem

1033 1527 1118 1546 meam
1144 1526 1177 1545 ne
1195 1517 1398 1552 derclinquatis.
1416 1514 1512 1547 Vobis,
1533 1514 1600 1541 nihil
1617 1514 1734 1549 primum
1758 1513 1823 1551 offe-

191 1558 281 1604 κούσι.
292 1558 404 1607 παρέχω
420 1571 483 1605 ὑμῖν
510 1568 668 1604 εὐεργεσίαν
691 1567 825 1602 σωτήριον
849 1566 896 1592 τοῦ
912 1566 980 1592 ἀπο-

1034 1564 1172 1595 rentibus,
1183 1562 1269 1590 offero
1278 1561 1442 1589 beneﬁcium
1453 1560 1575 1592 salubre,
1585 1564 1635 1586 uta
1649 1559 1708 1594 lege
1719 1558 1821 1592 divina,

196 1619 338 1655 rpémvwc
362 1615 417 1643 τῶν
450 1615 488 1650 μὴ
509 1614 632 1645 δεόντων,
662 1612 710 1639 καὶ
734 1610 934 1646 προτρέποντος
945 1609 978 1636 τὰ

191 1665 286 1692 δέοντα
318 1663 391 1690 θείου
416 1661 511 1696 νόμον,
535 1655 557 1694 ᾧ
579 1659 627 1686 καὶ
650 1658 731 1689 αὐτὸς
756 1657 918 1692 ὑπόκειμαι,
942 1655 979 1690 μὴ

191 1710 363 1747 ἀπόσχησθε.

229 1760 265 1790 γ’.
281 1756 347 1788 Υἱὸς
372 1754 426 1789 γὰρ
447 1751 592 1788 ἐγενόμην
626 1749 707 1785 κάγὼ
726 1748 814 1782 πατρὶ
835 1747 980 1782 ὑπήκοος,

196 1805 244 1832 καὶ
256 1801 449 1838 ἀγαπώμενος
464 1799 499 1826 ἐν
532 1796 681 1832 προσώπῳ
699 1795 824 1830 μητρός.
841 1795 909 1825 Παῖς
928 1794 982 1828 γὰρ

195 1849 266 1877 κατὰ
294 1847 374 1884 χάριν
409 1845 509 1880 γέγονα
531 1843 579 1870 καὶ
603 1841 695 1873 αὐτὸς,
712 1841 751 1876 τῷ
770 1839 888 1881 ούρανίῳ
905 1839 982 1874 ἡμῶν

194 1895 284 1930 Harp).
297 1893 446 1928 πειθήνιος,
463 1890 510 1917 καὶ
526 1888 688 1924 φιλούμενος
714 1886 779 1922 παρ’
800 1885 882 1911 αὑτοῦ
900 1885 930 1930 ὲν
944 1884 983 1920 τῷ

196 1929 438 1977 χαρακτηριστικῷ
465 1936 514 1971 τῆς
538 1931 746 1969 ὲκθρεψαμένης
761 1939 794 1966 με
809 1929 983 1961 διδασκαλίας

195 1986 277 2014 αὑτοῦ
294 1984 481 2018 πολιτεύματι.

230 2033 261 2059 δ’.
280 2032 313 2058 οἳ
324 2029 486 2057 ἐδίδασκόν
500 2035 549 2062 με,
568 2025 616 2053 καὶ
632 2026 749 2058 ἔλεγον.
761 2022 804 2054 Οἳ,
821 2023 836 2049 ό
850 2022 985 2049 διδάσκων

197 2079 316 2110 πάντως,
329 2076 376 2103 καὶ⁵
402 2075 418 2110 ὴ
447 2072 544 2100 τούτου
570 2068 742 2101 διδασκαλία,
757 2067 916 2094 ἐνουθέτουν
939 2075 984 2102 με,

196 2124 332 2157 λέγοντες.

246 2167 390 2204 Ερειδέτω
408 2168 425 2194 ὁ
438 2164 579 2200 ἡμέτερος
597 2162 688 2196 λόγος
712 2161 756 2193 εἷς
769 2159 832 2194 σὴν
851 2159 986 2193 καρδίαν,

196 2216 314 2244 Ποιείτω
327 2215 357 2241 ἒν
377 2214 411 2248 τῇ
435 2213 468 2247 σῇ
494 2208 599 2243 διανοίᾳ
615 2208 633 2242 ἡ
651 2207 814 2241 παραίνεσις
828 2205 907 2241 ἡμῶν
923 2213 987 2239 στη-

199 2261 308 2298 ριγμὺν,
325 2257 472 2295 ἑδραιοῦσα
487 2255 589 2291 ταύτην
605 2255 632 2281 ὲν
644 2254 681 2288 τῷ
695 2253 802 2288 ἀγαθῷ.

232 2318 376 2345 Φύλασονς
384 2314 512 2347 ἐντολάς
523 2322 591 2348 μου,
609 2311 657 2338 καὶ
673 2309 760 2344 (rion.
775 2309 813 2344 Τή
818 2317 859 2343 ρει
872 2308 926 2343 ὲμά
938 2307 984 2334 τοῦ

198 2363 428 2399 υἱοθετησαμένου
443 2370 472 2388 σε
484 2359 715 2396 παραγγέλματα,
740 2356 786 2382 καὶ
800 2355 850 2390 τῆς
864 2355 892 2380 ὲν
903 2354 986 2380 πνεύ-

200 2418 265 2445 ματι
275 2407 413 2444 μακαρίας
431 2406 570 2441 μετάσχῃς
583 2403 666 2438 ζωῆς.

234 2466 265 2495 ε’.
281 2465 395 2499 Κτῆσαι
409 2464 532 2498 σοφίαν,
545 2461 656 2496 κτῆσαι
672 2460 811 2487 σύνεσιν.
827 2456 985 2493 Προσδαλοῦ

199 2511 248 2546 τήν
274 2519 304 2538 τε
331 2510 420 2545 πάσης
441 2509 552 2543 ἀγνοίας
580 2505 761 2542 ἀφανιστικὴν
796 2503 906 2538 σοφίαν,
940 2503 986 2529 καὶ

199 2557 248 2593 τὴν
265 2556 357 2584 πασῶν
369 2565 419 2592 μου
436 2555 491 2582 τῶν
506 2553 620 2581 ἐντολῶν
640 2551 783 2586 ποιητικὴν
800 2550 919 2576 σύνεσιν.

236 2669 436 2704 limen/.1602],
454 2667 531 2704 μηδὲ
540 2665 665 2700 παρίδῃ(
678 2663 770 2698 ρἦιν
786 2661 858 2697 ἐμοῦ
875 2661 986 2696 στόμα-

202 2727 263 2751 τος.
278 2717 325 2752 Μὴ
350 2716 484 2752 ἀμνήμων
501 2713 570 2749 μήτε
593 2711 736 2746 παρόπτης
762 2709 812 2744 τῆς
836 2707 905 2742 ἐμῆς
921 2706 987 2742 γένῃ

201 2760 386 2791 διδασκαλίας.

238 2822 276 2851 ς’.
288 2817 335 2851 Μὴ
344 2814 547 2852 ἐγκαταλίπῃ(
575 2811 682 2844 αὐτὴν,
694 2808 741 2836 καὶ
756 2806 911 2840 ἀνθέξεταί
917 2814 986 2833 σου.

202 2865 249 2899 Μὴ
266 2863 386 2897 ἀποστῇς
413 2860 526 2894 ταύτης,
543 2858 589 2884 καὶ
615 2852 790 2899 ἀντιλάϐηται
811 2860 858 2878 σου
878 2852 907 2878 ὲν
927 2852 988 2883 ταῖς

203 2898 273 2939 κατὰ
285 2909 339 2937 τῶν
351 2908 454 2944 νοητῶν
468 2904 574 2942 ἐχθρῶν
586 2898 842 2936 ἁντιπαρατάξεσιν.

1031 1617 1092 1644 quae
1107 1613 1228 1637 removet
1245 1615 1260 1634 a
1294 1614 1348 1634 non
1365 1605 1608 1638 convenientibus.
1629 1609 1824 1640 promovetque

1031 1656 1065 1683 ad
1093 1654 1295 1686 convenientia,
1313 1653 1357 1681 cui
1383 1657 1410 1681 et
1439 1653 1498 1688 ipse
1520 1652 1664 1687 subjicior,
1685 1659 1738 1680 non
1759 1660 1824 1680 ros-

1031 1702 1163 1737 metipsos
1180 1701 1322 1728 avertatis.

1065 1749 1150 1778 Vens.
1174 1749 1202 1776 '5.
1219 1748 1291 1776 Nam
1312 1752 1338 1775 et
1367 1748 1422 1782 ipse
1451 1747 1491 1782 fui
1518 1747 1591 1782 ﬁlius
1607 1746 1692 1782 pruris
1714 1745 1821 1774 docilis,

1032 1801 1057 1825 et
1078 1795 1203 1824 amabilis
1216 1795 1243 1821 in
1270 1800 1414 1828 conspectu
1429 1794 1539 1820 matris.
1565 1793 1631 1820 Nam
1647 1798 1674 1821 et
1702 1794 1759 1828 ipse
1785 1793 1824 1820 l'ui

1034 1849 1110 1878 puer,
1126 1839 1276 1868 secundum
1292 1838 1410 1874 gratiam
1419 1837 1518 1865 docilis
1526 1836 1601 1864 Patri
1625 1837 1742 1867 caelesti,
1754 1843 1826 1863 ama-

1035 1887 1099 1915 bilis
1115 1887 1144 1915 in
1165 1885 1262 1921 agendi
1281 1885 1389 1912 ratione
1406 1891 1468 1918 quae
1484 1882 1517 1911 ad
1530 1883 1621 1911 vivum
1633 1881 1761 1918 exprimit
1775 1881 1824 1909 do-

1034 1934 1152 1961 ctrinam
1166 1932 1226 1967 ejus
1236 1939 1277 1958 me
1288 1930 1470 1958 nutrientem.

1072 2021 1155 2048 Vens.
1170 2020 1187 2047 4
1220 2020 1272 2052 Qui
1289 2027 1328 2046 me
1345 2017 1488 2050 docebant,
1504 2023 1529 2045 et
1551 2018 1684 2044 dicebant.
1698 2016 1750 2047 Illi,
1764 2023 1824 2043 om-

1037 2067 1112 2094 nium
1135 2070 1299 2101 praeceptor,
1317 2068 1345 2091 et
1361 2063 1422 2098 ejus
1441 2062 1599 2097 disciplina,
1614 2068 1657 2088 mc
1677 2061 1826 2088 hortaban-

1037 2117 1092 2144 tur,
1106 2111 1232 2138 dicentes
1249 2119 1256 2136 :

1071 2158 1186 2194 Figatnr
1203 2165 1290 2184 sermo
1315 2161 1403 2183 noster
1428 2155 1455 2182 in
1478 2163 1524 2182 cor
1553 2159 1637 2182 urunt.
1664 2153 1826 2180 Stabiliatur

1038 2205 1157 2232 hortatio
1180 2207 1273 2232 nostra
1290 2202 1316 2229 in
1340 2206 1387 2228 tua
1411 2200 1602 2236 intelligentia,
1618 2206 1680 2234 qua:
1703 2198 1826 2226 ﬁrmetur

1003 2257 1025 2284 υ
1039 2251 1066 2277 ir.
1081 2250 1164 2277 bono.

1071 2305 1181 2332 Custodi
1197 2302 1327 2330 mandata
1343 2307 1389 2329 tua
1414 2307 1439 2329 et
1461 2301 1539 2329 vivet.
1559 2300 1673 2328 Custodi
1697 2299 1824 2328 mandata

1037 2358 1107 2382 mea,
1124 2349 1170 2383 qui
1185 2353 1211 2376 te
1229 2357 1278 2384 pro
1289 2348 1346 2376 ﬁlio
1357 2347 1496 2382 adoptavi,
1509 2350 1539 2374 ut
1558 2345 1713 2382 spiritualis
1729 2345 1822 2373 beata:

1038 2397 1099 2423 vita:
1115 2396 1251 2431 particeps
1267 2394 1408 2422 elﬁciaris.

1070 2451 1154 2480 Vens.
1167 2452 1194 2479 5.
1212 2451 1323 2478 Posside
1334 2450 1504 2485 sapientiam,
1516 2448 1623 2484 posside
1642 2446 1823 2482 prudentiam.

1037 2498 1153 2526 Posside
1178 2499 1250 2525 illam
1275 2505 1336 2533 quae
1356 2504 1467 2524 omnem
1490 2495 1675 2531 ignorantiam
1703 2492 1824 2521 excludit

1038 2544 1210 2579 sapientiam,
1233 2548 1261 2570 et
1276 2538 1462 2578 prudc'ntiam,
1478 2547 1541 2576 qua:
1557 2538 1651 2567 omnia
1667 2545 1727 2566 mea
1746 2545 1824 2565 man-

1037 2589 1102 2617 data
1117 2588 1258 2616 custodire
1272 2588 1350 2615 facit.

1074 2646 1116 2673 Ne
1131 2645 1309 2676 obliviscaris,
1320 2649 1345 2671 et
1361 2652 1392 2671 ne
1405 2643 1513 2670 omittas
1531 2641 1611 2669 verba
1633 2641 1687 2668 ori:
1707 2640 1768 2667 mei.
1783 2638 1824 2667 Ne

1039 2693 1078 2721 sis
1097 2692 1240 2720 immemor
1255 2696 1282 2719 et
1300 2690 1441 2726 ncglector
1455 2688 1588 2716 doctrina-
1603 2695 1680 2715 meae.

1075 2803 1158 2830 Vens.
1175 2801 1201 2829 6.
1217 2800 1260 2828 Ne
1272 2801 1394 2827 dimittas
1408 2807 1478 2832 eam,
1495 2803 1520 2826 et
1537 2797 1666 2825 custodiet
1681 2801 1713 2824 te.
1730 2795 1769 2824 Ne
1788 2796 1823 2823 ab

1039 2850 1084 2877 illa
1099 2849 1224 2880 recedas,
1237 2851 1264 2876 et
1276 2845 1457 2874 auxiliabitur
1473 2845 1523 2878 tui,
1539 2844 1565 2871 in
1584 2845 1638 2878 tuis
1653 2846 1749 2871 contra
1764 2833 1827 2876 ει)ίοῖ

1040 2895 1153 2923 rituales
1169 2894 1263 2923 hostes
1290 2891 1516 2928 praeliationibus.
