2079 3161
171 170 238 202 i257

678 172 946 202 COMMENTARH
965 172 1006 201 ΙΝ
1022 171 1251 203 PROVERBIA.

1728 178 1797 209 1258

204 232 249 262 ιγ’.
268 227 429 255 Ἐπίλασοῦ
459 227 534 262 ἐμῆς
549 227 696 260 παιδείας,
709 229 752 262 μὴ
768 227 861 263 ἁφῆς,
878 228 951 256 ἀλλὲ

1043 229 1125 258 Vens.
1145 231 1188 257 15.
1206 230 1275 259 Tene
1303 231 1485 266 disciplinam,
1509 240 1540 260 ne
1564 232 1685 261 dimittat
1713 243 1795 267 enm:

166 274 307 309 φύλαξον
323 274 423 308 αὐτὴν
436 273 554 306 σεαυτῷ
568 275 611 306 εὶς
627 273 702 308 ζωήν
717 282 787 301 σου.
804 274 849 300 Διὸ
869 282 957 310 προσ-

166 320 249 348 λαϐοῦ
263 320 334 347 κατὰ
364 319 486 346 διάθεσιν
508 319 557 355 τὴν
573 319 644 354 ἐμὴν
666 320 839 355 παραίνεσιν,
853 321 901 347 καὶ
918 319 956 355 μὴ

166 366 344 402 καταλείψεις,
359 365 428 392 ἀλλὰ
442 366 563 401 τήρησον
575 365 678 400 ταύτην
696 365 770 401 παρὰ
786 365 891 401 σεαυτῷ
908 365 957 392 ἀν-

166 413 313 448 επίληστον
328 420 335 426 ·
350 411 421 438 ὥστε
441 411 490 447 ζῇν
506 411 597 444 καθὼς
612 411 687 447 αὕτη
698 420 740 438 σοι
754 411 908 446 ὑποτίθησι.

201 459 242 486 ιδ’.
261 459 368 492 ὀδοὺς
383 458 502 486 ἀσεϐῶν
514 458 558 493 μὴ
573 458 720 492 ἐσέλθῃς,
731 458 809 492 μηδὲ
819 457 956 492 ζηλωσῃς

165 505 256 538 ὀδοὺς
277 506 467 540 παρανόμων.
493 505 556 536 Τοῖς
581 505 666 540 ἴχνεσι
684 503 739 530 τῶν
769 504 955 531 ἀπιστούντων

165 551 236 585 θεῷ,
255 551 292 586 μὴ
308 550 452 585 τιμώντων
465 550 500 577 δι’
513 549 623 584 ἀγαθῶν
638 549 727 585 ἔργων
736 549 828 582 αὐτὸν,
841 549 878 584 μὴ
888 550 955 576 ἀκο-

163 597 311 632 λουθήσῃς.
332 597 401 632 μήτε
422 597 530 633 μιμήσῃ
540 597 574 622 τὰ
585 596 654 631 ἔργα
662 596 717 622 τῶν
730 595 954 630 παραϐαινόντων

163 643 212 674 τὰς
230 642 312 670 αὐτοῦ
330 643 451 674 ἐντολάς.

199 692 240 716 ιε’.
261 689 313 715 Ἐν
337 684 361 721 ᾧ
387 688 412 714 δ’
433 688 472 715 ἂν
492 688 573 721 τόπῳ
590 687 888 722 στρατοπεδεύσωσι,
909 686 952 721 μὴ

162 735 294 769 ἐπέλθῃς
307 734 385 761 ἐκεῖ·
402 734 546 761 ἐκκλίνον
553 734 580 761 δ’
593 735 644 761 ἀπ’
657 733 766 767 αὐτῶν,
782 734 831 761 καὶ
841 733 954 767 παράλ-

161 783 269 814 λαξον.
302 781 387 808 Ἔνθα
409 781 432 808 δ’
450 781 482 808 ἂν
503 778 575 808 οὗτοι
596 781 664 816 πρὸς
681 781 783 816 βλάϐην
800 779 953 815 ἀνθρώπων

162 827 355 863 ἁθροισθῶσιν,
369 827 451 859 αὐτὸς
467 827 504 863 μὴ
522 827 643 864 ἀπέλθῃς
654 835 661 842 ·
681 826 790 863 μακρὰν
806 826 835 853 δὲ
849 827 952 853 τούτων

161 876 200 906 ὡς
208 874 409 910 μισοθέωνᾶμα
423 874 471 901 καὶ
486 873 583 908 μισανο
589 873 688 906 ρώπων
699 873 780 907 γενοῦ
790 881 796 888 ·
813 872 859 899 καὶ
869 872 952 908 ἄλλην

1011 276 1056 302 sed
1073 277 1178 303 custodi
1203 277 1280 304 illam
1294 277 1448 311 tibimetipu'
1461 279 1488 306 in
1502 280 1582 306 vitam
1596 285 1680 308 tuam.
1691 281 1796 310 Idcirco

1011 322 1106 356 accipe
1123 329 1185 349 cum
1197 322 1296 350 aﬂ‘ectu
1307 331 1396 350 meam
1411 324 1608 358 hortationem,
1619 332 1646 354 et
1660 335 1694 355 ne
1706 329 1797 355 dimit-

1011 369 1063 398 tas,
1074 367 1122 394 sed
1137 374 1198 394 eam
1213 367 1284 402 apud
1310 373 1336 395 te
1349 369 1537 397 absconditam
1553 371 1674 406 custodi,
1692 376 1721 400 ut
1737 374 1796 409 ipsa

1009 415 1036 438 te
1051 412 1148 439 doceat
1163 413 1303 448 quomodo
1318 414 1413 442 vivere
1428 420 1566 450 oporteat.

1045 456 1128 485 Vens.
1141 458 1184 486 Η.
1203 458 1244 486 Ne
1256 460 1393 488 delecteris
1411 462 1440 488 in
1468 463 1567 489 sentitis
1584 463 1734 498 impiorum,
1749 474 1796 494 nec

1009 502 1056 529 tibi
1069 504 1175 537 placeat
1191 505 1324 532 malorum
1332 506 1383 533 via.
1395 506 1434 534 Ne
1448 507 1476 534 in
1489 508 1542 536 viis
1558 509 1698 537 hominum
1709 513 1756 546 qui
1769 513 1797 540 iis

1009 546 1064 575 Deo
1079 556 1133 576 non
1145 549 1274 583 credunt,
1292 558 1343 578 nec
1361 551 1438 578 illum
1455 552 1537 580 bonis
1548 555 1680 589 operibus
1691 557 1796 589 colunt,

1008 592 1173 628 ingrediaris
1192 603 1199 628 ;
1220 600 1248 622 et
1267 603 1302 623 ne
1328 596 1446 624 imiteris
1462 605 1556 633 opera,
1587 600 1649 635 ejus
1667 602 1796 630 mandata

1006 639 1182 667 violantium.

1041 683 1124 711 Vens.
1142 684 1185 712 15.
1199 684 1233 712 1η
1247 685 1314 719 loco,
1330 695 1381 722 quo
1396 689 1528 722 steterint,
1546 698 1578 718 ne
1593 699 1638 718 ea:
1658 693 1686 719 in
1713 701 1772 720 eum
1786 701 1796 721 :

1005 729 1110 757 declina
1128 731 1161 757 ab
1176 732 1225 764 eis,
1240 737 1263 759 et
1281 733 1352 768 fuge.
1372 734 1400 761 ln
1413 743 1475 762 eum
1491 735 1594 769 locum,
1624 737 1652 765 in
1674 746 1728 773 quo
1757 740 1796 768 illi

1005 776 1039 803 ad
1053 777 1195 804 hominum
1212 778 1360 812 perniciem
1377 787 1407 807 se
1424 781 1598 816 collegerint,
1612 790 1646 811 ne
1659 783 1797 818 ingredia-

1007 822 1046 849 ris
1066 823 1168 858 zlonge
1185 824 1219 851 ab
1240 824 1306 856 illis,
1336 830 1365 852 ut
1391 825 1448 854 Deo
1472 827 1609 862 simulque
1636 829 1796 860 hominibus

1007 868 1137 900 inimicis.
1150 869 1213 904 fuge
1231 879 1238 897 :
1253 875 1281 898 et
1295 866 1424 899 aliam-ab
1436 873 1476 900 eis
1488 881 1589 909 perage
1601 875 1696 909 vitam,
1710 875 1794 905 Deum

163 921 234 956 ἤπερ
249 916 321 946 οὗτοι
337 919 436 954 βίωσον
454 919 556 954 βιοτὴν,
573 918 696 953 φιλόθεον
709 918 778 954 ὁμοῦ
793 917 841 945 καὶ
860 917 951 952 φιλάν-

1004 917 1031 940 et
1049 913 1175 942 homines
1187 915 1270 943 simul
1284 916 1415 951 diligens.

161 966 176 991 0
183 974 283 992 οωπον.

199 975 283 992 ωπον.

182 975 247 1043 ρις¹.
266 1011 308 1038 οὐ
320 1009 377 1044 γὰρ
390 1009 433 1044 μὴ
448 1009 642 1042 ὑπνώσωσιν,
657 1010 712 1037 ἐὰν
724 1010 768 1044 μὴ
792 1010 954 1042 κακοποιῆ-

161 1064 260 1083 σωσιν
273 1063 280 1071 ·
301 1056 451 1090 ἀφῄρηται
475 1056 492 1081 o'
511 1055 607 1088 ὕπνος
627 1055 677 1082 ἀπ’
701 1054 815 1087 αὐτῶν,
845 1055 895 1082 καὶ
917 1055 953 1082 οὐ

163 1102 331 1137 κοιμῶνται.
348 1102 385 1128 Οὐ
403 1101 457 1137 γὰρ
477 1100 562 1128 ὕπνου
576 1099 651 1128 οὗτοι
669 1102 837 1136 μετάσχωσι,
854 1101 954 1136 μέχρις

162 1149 194 1175 ἄν
209 1156 270 1174 τινα
297 1147 397 1182 βλάψαι
413 1147 561 1182 ἰσχύσωσι·
583 1147 649 1173 διότι
667 1146 832 1181 περιῄρηται
849 1147 880 1172 ὲκ
894 1145 954 1172 τού-

161 1194 239 1220 τωνό
260 1193 353 1224 ὕπνος.
371 1192 421 1219 καὶ
435 1192 485 1227 οὐχ
512 1191 692 1223 ὑπνώττουσι,
713 1192 745 1226 τῇ
767 1190 834 1225 πρὸς
850 1191 952 1226 βλάϐην

160 1239 208 1266 τοῦ
225 1239 309 1270 πέλας
326 1239 445 1274 μερίμνῃ
461 1237 706 1274 ἁπαγρυπνοῦντες
720 1236 861 1271 διηνεκῶς.

198 1285 241 1317 ιζ’.
259 1285 327 1312 οἶδε
342 1284 396 1320 γὰρ
405 1284 563 1311 σιτοῦνται
576 1283 646 1310 σῖτα
659 1283 809 1315 ἀσεϐείας,
836 1282 907 1316 οϊνῳ
917 1281 952 1308 δὲ

159 1332 322 1366 ,παρανόμῳ
354 1331 570 1365 μεθύσκονται.
601 1327 680 1356 Οὗτοι
702 1329 757 1364 γὰρ
781 1328 871 1364 ἔργοις
901 1329 951 1364 μὲν

160 1378 272 1413 ἀτιμίας
286 1378 442 1413 τρέφονται,
457 1376 563 1408 τούτοις
573 1376 641 1411 προς
656 1376 756 1403 κακίαν
771 1375 949 1407 αὐξάνοντες·

162 1421 309 1457 παραλόγῳ
332 1422 360 1448 δὲ
389 1421 489 1454 σαρκὸς
512 1421 686 1455 φρονήματι,
721 1419 758 1451 ὥς
793 1428 847 1446 τινι
874 1420 948 1454 οἴνῳ,

160 1467 314 1500 ἐξίστανται
340 1467 387 1494 τοῦ
432 1467 565 1498 σώζοντος
598 1466 789 1502 καθεστηκότα
811 1465 858 1493 τὸν
887 1465 950 1493 νοῦν

160 1513 345 1548 πνευματικοῦ
356 1513 441 1548 φρονή
446 1521 541 1546 ματος.

197 1564 241 1593 ιη’.
257 1561 288 1586 Αἰ
300 1559 334 1586 δὲ
354 1559 417 1586 ὁδοὶ
435 1558 495 1586 τῶν
514 1558 639 1585 δικαίων
657 1558 765 1593 ὁμοίως
786 1557 860 1605 φωτὶ
875 1556 949 1592 λάμ·
963 1577 984 1605 C

160 1613 253 1632 novat
263 1613 269 1620 ·
286 1605 520 1639 προπορεύονται
532 1604 580 1631 καὶ
591 1604 774 1638 φωτίζουσιν
781 1603 836 1636 ἕως
843 1611 949 1636 κατορ-

160 1651 249 1678 θώσει
263 1651 282 1684 ὴ
313 1650 419 1684 ἡμέρα.
432 1650 472 1677 Τὰ
494 1650 522 1676 δὲ
539 1650 609 1684 ἔργα
633 1649 688 1676 τῶν
701 1649 771 1676 κατὰ
785 1648 849 1679 τοὺς
862 1647 950 1678 θείους

160 1696 258 1730 νόμους
266 1695 492 1730 πολιτευομένων,
507 1695 555 1726 τὰς
569 1695 623 1721 τῶν
632 1695 798 1730 ἀφορώντων
812 1694 851 1725 εἰς
864 1693 950 1719 ταῦτα

159 1742 248 1776 ψυχὰς
262 1741 477 1776 καταυγάζουσι.
492 1740 696 1776 παραπλησίως
712 1741 768 1771 τοῖς
784 1740 878 1775 ἔργοις
901 1738 949 1764 τοῦ

159 1786 209 1820 τῆς
222 1786 394 1822 δικαιοσύνης
408 1786 484 1822 ἡλίου
498 1793 506 1801 ·
523 1786 711 1821 προηγοῦνται
727 1784 755 1810 δὲ
775 1783 888 1816 τούτων,
902 1783 949 1810 καὶ

159 1832 326 1867 πυρσεὺουσι
341 1832 462 1864 ταύταις,
483 1831 580 1868 μέχρις
595 1831 627 1858 ἂν
644 1831 724 1862 αὐτὸς
747 1831 762 1856 ὁ
776 1830 826 1864 τῆς
845 1830 950 1856 δικαιο-

160 1879 242 1913 σύνης
261 1878 354 1910 Ἥλιος
369 1877 490 1913 φαιδρῶς
507 1877 552 1904 ἐπ’
566 1877 660 1908 αὑταῖς
673 1876 824 1912 διαλάμψῃ.

196 1924 239 1950 t0'.
249 1926 284 1951 Al
298 1924 332 1950 δὲ
350 1923 413 1950 ὁδοὶ
434 1923 494 1950 τῶν
509 1922 637 1954 ἀσεϐῶν,
655 1923 809 1949 σκοτειναι
818 1929 825 1936 ·
838 1923 894 1949 οὐκ
909 1922 950 1948 οῗ-

159 1969 231 1996 δασι
242 1969 303 2002 πῶς
320 1970 556 2004 προσκόπτουσι.
571 1968 612 1994 Τὰ
630 1968 659 1994 δὲ
677 1967 745 2003 ἔργα
762 1967 949 1994 ἀπιστούντων

158 2015 229 2050 Θεῷ,
245 2016 291 2042 καὶ
307 2015 344 2051 μὴ
357 2015 391 2042 δι’
405 2015 588 2050 ἀγαθοεργίας
609 2013 751 2049 τιμώντων
771 2013 865 2047 αὑτὸν,
884 2014 948 2039 σκό-

159 2071 204 2094 τος
227 2062 337 2096 ἀγνοίας
365 2062 550 2097 ύπάρχουσιν’
581 2061 677 2096 ἐπειδὴ
709 2056 784 2087 οὗτοι
805 2060 949 2094 ἀγνοοῦσιν

159 2109 233 2139 ὅπως
246 2108 284 2143 τῷ
300 2108 396 2143 ἀγαθῷ
411 2107 639 2143 προσπταίουσιν.

196 2157 231 2180 κ’.
252 2153 310 2186 ΥΙέ,
328 2153 386 2188 ἐμῇ
407 2153 497 2187 ῥήσει
525 2155 667 2188 πρίσεχε.
687 2153 781 2180 Ἔνθεν
797 2161 836 2179 τοι
853 2152 949 2178 τέκνον

160 2199 355 2234 πνευματικὸν,
375 2200 408 2234 τῇ
433 2200 487 2234 ὲμῇ
516 2199 678 2234 διδασκαλίᾳ
707 2199 757 2233 τῆς
785 2199 877 2234 ψυχῆς
901 2207 947 2225 σου

1040 1002 1123 1030 Vens.
1134 1003 1177 1031 {6.
1196 1003 1256 1031 Non
1267 1005 1337 1032 enim
1356 1005 1503 1039 dormiunt.
1520 1008 1573 1035 nisi
1587 1009 1656 1036 male
1670 1009 1793 1045 fecerint,

1003 1053 1028 1075 et
1041 1049 1142 1083 rapitur
1150 1058 1258 1077 somnus
1266 1051 1298 1077 ab
1311 1052 1348 1079 eis
1365 1057 1390 1079 et
1399 1061 1450 1080 non
1461 1053 1610 1088 quiescunt.
1623 1055 1728 1084 Somno
1739 1065 1792 1084 non

1005 1095 1180 1129 participant,
1197 1095 1251 1123 nisi
1269 1097 1351 1124 alicui
1369 1099 1470 1125 malum
1484 1097 1601 1126 fecerint
1615 1109 1622 1127 :
1635 1102 1743 1136 rapitur
1758 1103 1793 1129 ab

1003 1140 1044 1167 eis
1054 1147 1179 1172 somnus,
1189 1145 1217 1168 et
1233 1149 1286 1170 non
1303 1143 1450 1178 quiescunt
1467 1151 1588 1180 semper,
1604 1146 1794 1176 sollicitudine

1003 1187 1133 1220 perniciei
1150 1188 1278 1223 proximi,
1295 1197 1310 1216 a
1325 1198 1423 1217 somno
1443 1192 1553 1219 remoti.

1039 1277 1120 1306 Vens.
1132 1279 1172 1305 l7.
1187 1279 1435 1314 Comeduntpanem
1451 1282 1637 1317 intpietatis,et
1650 1284 1744 1312 bibunt
1754 1286 1794 1312 υἰ-

1001 1324 1282 1358 numiniquitatis.llli
1302 1327 1437 1360 operibus
1460 1327 1611 1362 impietatis
1631 1334 1792 1364 vescuntur,

1001 1375 1050 1402 per
1060 1375 1090 1395 ea
1099 1368 1132 1396 ad
1145 1370 1275 1397 malitiam
1285 1377 1459 1400 crescentes:
1473 1373 1568 1408 iniquo
1579 1374 1672 1403 carnis
1683 1375 1778 1403 deside
1787 1391 1793 1395 -

1000 1413 1053 1445 rio,
1066 1417 1193 1449 tanquam
1203 1416 1320 1450 quodam
1331 1418 1404 1449 vino,
1417 1426 1478 1446 sese
1487 1425 1648 1448 removenta
1658 1421 1792 1456 spirituali

1000 1458 1147 1494 desiderio,
1163 1461 1235 1496 quod
1252 1462 1336 1490 animi
1355 1464 1586 1499 moderationem,
1601 1466 1691 1495 allert.

1039 1546 1123 1575 Vens.
1139 1548 1182 1576 18.
1203 1548 1259 1576 Vim
1269 1550 1408 1584 iustorum
1421 1551 1521 1580 lumine
1536 1555 1675 1588 splendent
1701 1563 1710 1583 :
1728 1565 1791 1591 prn-

1004 1592 1110 1626 cedunt,
1126 1597 1152 1620 et
1168 1593 1256 1621 lucent
1267 1596 1355 1629 quoad
1374 1601 1502 1632 exsurgat
1517 1597 1586 1626 dies.
1603 1599 1691 1635 Opera
1717 1602 1790 1628 enim

1005 1639 1114 1666 illorum
1140 1639 1188 1674 qui
1211 1641 1363 1668 secundum
1381 1642 1428 1669 Dei
1456 1644 1531 1678 leges
1550 1653 1580 1673 se
1597 1652 1706 1681 gerunt,
1724 1647 1789 1673 illu-

1004 1686 1110 1712 minant
1145 1686 1252 1715 animas
1291 1688 1318 1714 in
1346 1695 1378 1715 ea
1404 1689 1625 1724 respicientium,
1661 1696 1790 1727 tanquam

1004 1731 1070 1758 solis
1083 1731 1198 1765 justitite
1214 1733 1345 1767 operibus
1362 1743 1369 1760 :
1383 1735 1552 1768 praecedunt,
1566 1740 1595 1769 et
1610 1737 1681 1764 viam
1696 1742 1791 1765 osten-

1004 1777 1071 1804 dunt
1084 1778 1146 1811 illis,
1160 1779 1285 1812 quoadus
1296 1787 1349 1814 que
1366 1780 1423 1815 ipse
1433 1781 1547 1815 justitia:
1562 1783 1603 1809 sol
1614 1791 1677 1810 cum
1696 1783 1789 1818 splen~

1003 1823 1069 1850 dore
1085 1823 1224 1852 illucescat
1242 1832 1325 1860 super
1341 1825 1392 1853 has
1408 1828 1526 1854 animas.

1038 1923 1121 1952 Vnns.
1134 1925 1177 1953 l9.
1200 1925 1247 1953 Via
1257 1926 1401 1961 impiorum
1417 1927 1554 1954 tenebrosa
1568 1936 1578 1955 .'
1591 1928 1712 1955 nesciunt
1724 1936 1789 1963 quo-

1003 1969 1080 1997 modo
1100 1972 1258 1999 canuerint.
1274 1971 1362 2008 Opera
1376 1977 1468 2000 autem
1483 1973 1510 2000 in
1532 1972 1587 2000 Deo
1605 1980 1658 2000 non
1676 1973 1790 2001 creden-

1003 2017 1082 2049 tium,
1097 2021 1124 2043 et
1145 2017 1220 2044 illum
1249 2025 1297 2053 per
1313 2019 1382 2045 bona
1410 2026 1492 2054 opera
1516 2026 1569 2046 non
1595 2019 1789 2046 honorantium

1002 2062 1164 2097 ignorantia:
1187 2063 1304 2090 tenebris
1331 2063 1556 2098 possidebunlur,
1576 2071 1638 2091 cum
1663 2065 1789 2092 nesciunt

1001 2105 1139 2140 quomodo
1153 2112 1168 2132 e
1186 2105 1259 2132 bono
1273 2107 1440 2134 corruerint.

1038 2150 1122 2179 Vnus.
1141 2151 1185 2178 20.
1204 2150 1269 2184 Fili,
1289 2152 1414 2179 ausculta
1428 2161 1562 2181 sermones
1573 2162 1654 2181 meos.
1669 2153 1702 2181 Et
1714 2154 1787 2186 inde.

1003 2203 1062 2223 mea
1077 2196 1203 2224 doctrina
1218 2196 1301 2232 imple
1311 2198 1408 2224 animze
1423 2201 1477 2225 tum
1498 2202 1602 2232 partem
1618 2198 1788 2226 intellectua-

160 2245 328 2280 θεωρητικὺν
350 2245 510 2280 ἁπασχόλει,
540 2245 679 2272 κατανοῶν
701 2244 859 2278 γνωστικῶς
877 2244 949 2279 ειπερ

1004 2242 1067 2274 lem,
1077 2242 1233 2278 intelligens
1245 2242 1315 2270 scite
1330 2250 1361 2270 ea
1379 2251 1439 2278 quae
1455 2244 1503 2271 tibi
1519 2244 1553 2271 ab
1568 2243 1614 2271 illa
1628 2251 1788 2280 proponun-

159 2291 229 2326 αὓτη
246 2299 287 2317 σοι
302 2290 459 2325 ὑποτίθησι.

198 2337 263 2370 Ίοῖς
274 2336 307 2363 δὲ
326 2336 409 2371 ἐμοῖς
439 2335 542 2371 ,λόγοις
564 2334 718 2369 παράϐαλε
734 2334 794 2361 σὸν
803 2331 867 2367 οὖς.
883 2334 949 2365 Ταῖς

158 2382 181 2409 δ’
201 2383 282 2417 ἐμαῖς
314 2382 466 2416 ὑποθήκαις
497 2380 642 2416 παρατίθει
667 2380 697 2406 τὸ
715 2378 855 2410 ὲπιπειθὲς
878 2378 950 2412 λόγῳ

159 2428 358 2463 ἐπιθυμητικὸν
375 2436 422 2454 σου
453 2427 502 2454 καὶ
526 2427 652 2462 θυμικὸν,
683 2425 828 2452 ὑπακούων
854 2424 950 2456 αὑταῖς

158 2474 309 2510 ὀρεκτικῶς
321 2474 392 2501 κατὰ
406 2473 516 2506 πρᾶξιν.

195 2521 247 2546 κα¹.
261 2519 357 2551 Ὅπως
379 2518 423 2552 μὴ
437 2517 565 2545 λείπωσί
577 2524 615 2544 σε
635 2518 665 2544 al
681 2515 772 2551 πηγαὶ
787 2515 842 2549 τῆς
863 2514 948 2549 ζωῆς.

160 2565 257 2597 Ὀπως
271 2565 313 2591 ἀεί
327 2573 368 2591 σοι
388 2565 556 2599 βλαστάνωσι
580 2563 640 2590 κατ’
662 2563 822 2598 ἔμπρακτον
837 2562 947 2596 γνῶσιν,

159 2610 196 2642 ὣς
207 2619 279 2641 τινες
299 2610 411 2637 ἀένναοι
443 2610 541 2644 πηγαὶ,
554 2609 604 2644 τὴν
616 2608 776 2644 πρέπουσάν
790 2616 831 2634 σοι
843 2607 881 2638 ὼς
904 2607 948 2633 λος

159 2656 230 2691 γιαῷ
245 2657 434 2692 πνευματικὴν
449 2655 531 2691 ζωὴν,
546 2656 573 2682 at
589 2655 636 2681 τοῦ
651 2654 719 2681 Θεοῦ
731 2654 838 2681 ἐντολαὶ
851 2653 895 2686 ἃς,
913 2653 945 2688 δή

161 2710 202 2728 σοι
215 2703 262 2728 καὶ
280 2702 393 2737 ὑπο-τίθη
399 2711 439 2736 μι-

196 2749 340 2775 (militum
352 2748 444 2780 αὑτὰς
459 2747 494 2773 ἐν
508 2746 551 2780 σῇ
562 2745 680 2780 καρδίᾳ.
696 2745 736 2781 Ti)
742 2753 783 2781 ρει
797 2745 867 2772 κατὰ
888 2745 948 2772 διά-

159 2803 234 2822 νοιαν
253 2795 354 2826 ταύτας
371 2795 414 2821 διὰ
427 2793 538 2825 παντός.

194 2841 246 2875 ιβ’.
260 2840 325 2874 Ζωὴ
343 2839 398 2875 γάρ
413 2839 478 2867 ἐστι
493 2839 556 2872 τοῖς
570 2838 767 2874 εὑρίσκουσιν
781 2838 885 2870 αὐτὰς,
897 2839 945 2865 καὶ

160 2888 243 2921 πάσῃ
255 2887 346 2921 σαρκὶ
355 2886 448 2918 Ζασις,
463 2885 564 2917 Γνῶσις
577 2885 631 2920 γὰρ
642 2884 760 2919 ὑπάρχει
773 2885 944 2920 πνευματικὴ

330 2936 464 2966 Ριτιιοι..
492 2935 550 2964 Ge.
585 2932 770 2964 LXXXVII.

1002 2293 1056 2314 tur.

1036 2333 1070 2360 Et
1081 2334 1116 2360 ad
1130 2334 1236 2369 eloquia
1248 2342 1305 2362 mea
1318 2335 1420 2362 inclina
1438 2343 1529 2362 aurem
1548 2339 1631 2362 tuam.
1647 2335 1713 2363 Meis
1730 2343 1788 2362 mo-

1000 2381 1065 2407 nitis
1078 2380 1190 2414 inclina,
1208 2380 1324 2408 docilem
1334 2381 1428 2414 verbo,
1440 2381 1680 2416 concupiscibilem
1695 2386 1722 2408 et
1732 2380 1787 2407 ira-

1001 2427 1124 2454 scibilem
1141 2427 1238 2454 anima:
1250 2431 1303 2454 tua:
1314 2427 1473 2462 potentiam,
1489 2426 1669 2462 acquiescens
1683 2425 1740 2453 illis
1759 2426 1787 2453 in

999 2473 1076 2508 prati
1094 2480 1156 2500 cum
1170 2473 1277 2500 illarum
1292 2473 1433 2508 cupidine.
1509 2469 1518 2472 ”

1035 2517 1118 2546 Vens.
1131 2518 1176 2545 2i.
1189 2517 1230 2545 Ne
1248 2523 1272 2545 te
1285 2518 1473 2553 derelinquant
1487 2519 1571 2553 fontes
1585 2519 1654 2546 vitae.
1665 2516 1700 2545 Ut
1711 2524 1786 2545 sem-

1000 2573 1048 2600 per
1075 2565 1142 2592 inte
1161 2563 1310 2591 secundum
1333 2564 1470 2591 eliicacem
1485 2564 1680 2598 cognitionem,
1703 2563 1786 2590 vitam

1000 2610 1171 2645 spiritualem
1189 2609 1237 2636 tibi
1258 2615 1389 2644 tanquam
1413 2609 1519 2636 ratione
1538 2609 1664 2644 praedito,
1683 2615 1785 2635 convc-

1000 2658 1118 2684 nientem
1130 2656 1283 2688 etTundant,
1296 2661 1324 2684 ut
1336 2663 1471 2691 perennes
1479 2655 1579 2688 fontes,
1588 2656 1715 2682 mandata
1726 2654 1785 2685 Dei,

999 2711 1060 2738 quae
1077 2711 1127 2738 ego
1142 2704 1190 2731 tibi
1205 2711 1339 2739 propmm.

1034 2749 1146 2777 Custodi
1163 2758 1207 2777 eos
1228 2751 1254 2776 in
1268 2750 1346 2777 corde
1363 2753 1419 2776 tuo.
1437 2748 1519 2777 Serva
1532 2756 1575 2783 ea,
1593 2754 1656 2776 ante
1681 2749 1786 2779 omnia,

1000 2795 1026 2822 in
1039 2796 1218 2829 intelligentia
1239 2799 1296 2822 tua.

1038 2840 1119 2867 Vens.
1132 2840 1178 2867 2‘2.
1202 2840 1261 2866 Vita
1272 2845 1310 2867 est
1322 2841 1391 2867 enim
1410 2840 1600 2868 invenientibus
1614 2849 1670 2874 eas,
1684 2847 1709 2868 et
1725 2843 1785 2869 Imi-

999 2894 1078 2914 t'emz
1087 2886 1163 2913 carni
1178 2887 1292 2913 sanitas.
1311 2885 1434 2914 Scientia
1455 2887 1614 2915 conceditur
1626 2889 1777 2922 spirituahs

1513 2934 1551 2965 1ιο
