2079 3161
185 169 249 202 1261

709 173 975 206 COMMENTARII
990 176 1032 206 IN
1051 176 1277 212 PROVERBIA.

1739 187 1807 221 1262

184 233 242 258 σου,
271 225 300 252 ἐν
321 226 456 262 ἀταραξίᾳ
469 226 554 263 πάσῃ,
577 228 623 254 καὶ
637 228 733 265 βαθείᾳ
750 229 844 257 παθῶν
864 229 967 266 γαλήνῃ

1022 231 1049 258 in
1064 233 1154 266 quiete
1174 235 1338 270 poSSidebis,
1354 242 1381 266 et
1394 238 1530 274 profunda
1544 241 1724 277 cupiditatum
1739 251 1807 279 pato

183 271 224 303 εἰς
242 270 322 307 ἔργον
335 273 494 308 προαγάγῃ.

488 321 614 347 ΚΕΦΑΛ.
633 322 672 348 Ε’.

218 367 253 392 α’.
273 363 330 396 Υἱὲ,
343 364 401 399 ἐμῇ
411 367 504 400 σοφίᾳ
516 367 765 401 πρόσεχε.Τέκνον
775 370 969 404 πνευματικὸν,

182 410 216 444 τῇ
239 410 292 445 ὲμῇ
320 411 386 446 περὶ
411 411 479 439 Θεοῦ
506 414 595 448 ἐννοίᾳ
620 414 778 449 πρόσκεισο,
802 416 870 450 πρὸς
893 416 971 449 δόξαν

181 454 268 490 ψευδῆ
288 455 326 491 μὴ
345 458 582 493 παρασυρόμενος.

220 500 286 533 Τοῖς
296 500 323 526 δ’
337 501 419 535 ἐμοῖς
433 503 535 538 λόγοις
547 503 700 538 παράϐολα
711 504 770 532 σὸν
784 503 850 538 οὖς.
868 507 933 539 Ταῖς
947 508 970 534 δ’

181 545 262 580 ἐμαῖς
275 545 460 580 διδασκαλίαις
471 549 616 584 παρατίθει
631 550 700 585 πρὸς
716 551 850 586 ὑπακοὴν,
866 552 897 579 τὸ
911 553 971 579 ἐπι-

181 591 275 623 πειθὲς
290 591 362 627 λόγῳ
379 593 578 629 ἐπιθυμητικὸν
593 596 643 631 τῆς
662 595 750 631 ψυχῆς
765 604 813 623 σου
829 597 875 623 καὶ
892 596 971 633 θυμι-

181 637 240 663 κόν.

218 681 321 717 β’.’1να
335 684 475 719 φυλάξῃς
489 684 611 713 ἔννοιαν
624 687 749 721 ἀγαθήν.
766 687 859 719 Ὅπως
880 688 919 719 είς
939 689 970 715 τὺ

180 727 305 762 διηνεκὲς
321 731 446 765 τηρήσῃς
459 731 531 758 κατὰ
549 731 668 759 διάθεσιν
680 732 729 769 τὴν
744 733 832 769 ἀληθῆ
848 735 912 769 περὶ
923 733 969 760 τοῦ

179 773 255 806 ὄντος
272 775 376 809 ἀγαθοῦ
389 776 477 808 δόξαν.

210 820 361 854 Αἴσθησιν
371 821 405 847 δὲ
418 821 498 857 ἐμῶν
508 823 634 857 χειλέων
645 823 825 859 ἐντέλλομαί
839 833 897 853 σοι.
914 826 970 862 Τὴν

179 865 251 891 κατά
262 866 360 901 πρᾶξιν
372 867 401 893 δὲ
414 869 513 903 πεῖραν
523 868 578 896 τῶν
590 869 665 904 ἐμῶν
680 867 853 905 διδαγμιίιτων
864 879 894 898 σε
909 872 970 898 κατ’

178 911 289 947 ἐντολὴν
304 913 424 946 ἀπαιτῶ,
439 915 487 940 καὶ
503 914 565 950 οὐχὶ
582 915 632 951 τὴν
644 915 726 952 ψιλὴν
742 916 846 944 τούτων
866 917 969 954 ἀκρόα-

177 964 232 984 σιν.

212 1006 247 1037 γ’.
270 1003 318 1038 Μὴ
338 1005 470 1040 πρόσεχε
491 1006 594 1040 φαύλῃ
612 1007 744 1041 γυναικί.
759 1007 805 1043 Μὴ
822 1008 969 1044 πρόσκεισο

176 1050 210 1083 τῇ
227 1048 265 1081 ὡς
281 1049 352 1076 κατά
366 1051 527 1086 προαίρεσιν
545 1051 680 1087 ἀλογίστῳ
694 1052 782 1088 ψεκτῇ
798 1053 932 1089 αἰσθήσει.

212 1093 286 1121 Μέλι
311 1095 367 1129 γὰρ
395 1095 555 1126 ἀποστάζει
587 1096 647 1124 ἀπὸ
675 1097 802 1131 χειλέων
828 1099 970 1133 γυναικὸς

176 1140 302 1174 πόρνης.
318 1140 492 1177 Νομιζομένη
508 1141 563 1177 γάρ
580 1150 621 1173 τις
635 1141 714 1177 ἡδονὴ
730 1143 860 1179 ἀπορρέει
877 1145 910 1170 ὲκ
920 1145 970 1180 τῆς

178 1186 247 1221 πρὸς
262 1187 298 1213 τά
309 1187 426 1222 αίσθῃτά
440 1187 532 1222 φιλίας
547 1188 596 1223 τῆς
607 1188 655 1214 τοῦ
673 1187 753 1222 λόγου
770 1189 865 1225 πόρρω
878 1190 970 1218 νευού-

178 1241 228 1268 σης
243 1234 406 1269 αἰσθήσεως.

210 1278 232 1305 δ’
235 1280 288 1306 .Ἦ
299 1279 374 1313 πρὸς
382 1279 486 1314 καιρὸν
497 1281 628 1308 λιπαίνει
644 1281 702 1308 σὸν
715 1281 869 1317 φάρυγγα·
881 1282 970 1309 ὔστε-

174 1333 230 1358 ρον
243 1326 345 1359 μέντοι
366 1326 541 1360 πικρότερον
563 1327 659 1362 χολῆς
672 1327 824 1362 εὑρήσεις,
840 1328 888 1355 καί
899 1328 967 1362 ἠκο-

176 1371 309 1405 νημένον
343 1370 465 1406 μᾶλλον
484 1373 635 1407 μαχαίρας
657 1372 812 1408 διο-τόμον.
832 1373 912 1406 Ἥτις
936 1373 969 1400 δι’

175 1416 273 1452 ἡδονῆς
294 1417 390 1453 τρέφει
407 1426 449 1444 σοι
471 1418 502 1445 τδ
519 1418 658 1454 ήδυπαθὲς
679 1419 750 1454 πρὸς
767 1419 883 1455 μικρόν·
900 1420 970 1454 μετά

174 1463 254 1490 τοῦτο
261 1463 284 1490 δ’
292 1463 407 1500 ἐντύχῃς
417 1464 497 1500 αὐτῇ,
511 1465 653 1501 πράγματι
665 1465 823 1501 ἀηδεστέρῳ
835 1473 864 1492 τε
879 1465 970 1500 πάσης

175 1508 310 1544 πικρίας,
337 1507 382 1536 οἷα
396 1509 446 1545 τῆς
462 1510 525 1537 κατ’
550 1511 679 1546 αἴσθησιν
702 1511 798 1546 ἡδονῆς
821 1510 898 1542 τέλος
919 1510 969 1546 τὴν

174 1553 271 1588 ὀδύνην
286 1553 402 1589 ὲχούσης
412 1573 421 1587 ,
439 1555 487 1581 καὶ
503 1555 713 1600 ἐπιτηδειοτέρῳ
812 1554 909 1600 πλῆξιν
921 1554 967 1581 τοῦ
982 1569 1005 1600 c

175 1598 325 1630 συνειδότος
344 1606 404 1633 σου,
422 1599 491 1635 ὑπὲρ
508 1599 585 1635 ξίφος
607 1599 707 1635 τέμνον
726 1599 895 1635 ἀμφοτέροις
909 1599 967 1631 τοῖς

198 1644 298 1671 έρεσιν.

176 1652 318 1724 “biiugiq-
330 1690 384 1725 γὰρ
397 1691 574 1725 ἀφροσύνης
587 1692 614 1718 oi
623 1691 714 1724 πόδες
721 1689 886 1726 κατάγουσι
894 1690 966 1723 τοὺς

174 1736 347 1770 χρωμένους
354 1736 441 1771 αὐτῇ,
449 1737 524 1771 μετὰ
538 1736 668 1764 θάνατον
677 1738 720 1770 είς
736 1736 791 1764 τὸν
806 1736 893 1770 ᾅδην.
910 1736 966 1771 Τῆς

173 1780 229 1814 γὰρ
243 1780 355 1814 ἀλογίας
370 1781 398 1807 αί
408 1781 503 1816 ὁρμαὶ,
519 1782 579 1816 μετ’
589 1781 673 1808 αὐτοῦ
687 1780 734 1807 τοῦ
752 1781 814 1808 καθ’
826 1780 965 1817 ἁμαρτίας

173 1824 289 1860 ψυχικοῦ
313 1825 441 1857 Θανάτου,
469 1827 631 1853 κατασπῶσι
656 1827 719 1858 τοὺς
747 1826 964 1862 μετερχομένους

174 1870 257 1906 αὐτὴν
282 1871 322 1903 είς
347 1871 395 1906 τὴν
409 1872 481 1899 κατὰ
506 1873 558 1909 τὴν
587 1873 747 1908 σωματικὴν
767 1871 870 1908 φθορὰν
894 1872 964 1906 ἀφά-

173 1925 259 1944 νειαν.
621 1919 625 1923 Α

211 1963 249 1989 Τὰ
262 1962 295 1989 δὲ
312 1963 382 1998 ιχνη
397 1964 494 1999 αὐτῆς
508 1966 562 1991 οὐκ
579 1964 734 1998 ἐρείδεται.

208 2008 249 2035 Τὰ
259 2009 288 2035 δὲ
302 2009 369 2043 ἔργα
380 2010 491 2045 ταύτης,
507 2010 600 2045 ἐπειδὴ
616 2011 654 2045 μὴ
669 2010 732 2045 περὶ
745 2009 779 2036 τὰ
798 2009 900 2046 μόνιμα
912 2018 963 2037 κα-

172 2054 339 2088 ταγίνονται,
359 2055 409 2082 οὐκ
423 2057 493 2082 εἰσὶν
508 2056 627 2090 ἀσφαλῆ.

209 2103 246 2132 ς’.
271 2100 372 2134 Ὁδοὺς
386 2101 440 2135 γὰρ
458 2101 532 2135 ζωῆς
549 2102 604 2129 οὐκ
626 2101 793 2136 ἐπέρχεται.
808 2102 882 2138 Αὕτη
896 2103 959 2139 γὰρ,

170 2146 221 2178 τὰς
238 2146 277 2178 είς
290 2146 339 2182 τὴν
353 2147 438 2173 ἀΐδιον
461 2147 508 2174 καὶ
525 2148 662 2183 μακαρίαν
682 2148 711 2174 ὲν
728 2148 864 2183 πνεύματι
888 2150 961 2186 ζωὴν

172 2191 308 2226 φερούσας
323 2192 399 2224 θείας
414 2191 536 2224 ἐντολὰς,
548 2193 619 2219 κατὰ
637 2193 738 2228 πρᾶξιν
752 2194 781 2220 οὺ
796 2193 941 2229 διέρχεται.

1023 277 1056 304 ad
1070 286 1138 312 opus
1159 280 1314 309 deduccris.

1345 328 1422 357 CAP.
1439 330 1471 358 V.

1060 367 1140 396 Vens.
1158 370 1182 397 l.
1195 370 1251 398 Fiti
1262 372 1309 404 mi,
1321 374 1426 401 attende
1435 375 1470 402 ad
1479 378 1635 411 sapientiam
1644 388 1740 408 meam.
1753 381 1806 410 Fili

1021 413 1186 449 spiritualis,
1200 424 1266 445 mete
1277 418 1400 448 scientiae
1410 419 1459 448 Dei
1472 424 1591 458 attende,
1609 429 1638 452 ut
1646 433 1700 454 non
1709 427 1743 455 ad
1759 436 1807 455 ra-

1021 468 1085 489 nam
1097 463 1212 498 gloriam
1233 467 1362 495 traharis.

1057 507 1092 534 Et
1104 511 1268 539 sermonibus
1282 514 1346 540 meis
1362 521 1465 549 appone
1481 523 1572 544 aurem
1588 522 1672 546 tuam.
1687 521 1728 547 Ad
1743 521 1809 548 obc-

1022 553 1149 582 diendum
1162 557 1230 585 meis
1242 557 1447 589 hortationibus
1460 569 1566 597 appone
1581 564 1666 592 verbo
1676 566 1806 600 docilem,

1021 606 1124 634 partem
1143 605 1385 639 concupiscibilem
1397 611 1424 635 et
1443 607 1610 637 irascibilem
1629 610 1806 641 animantum.

1056 686 1141 716 Vens.
1158 690 1187 717 2.
1206 690 1241 718 Ut
1266 694 1403 722 custodias
1419 696 1559 724 scientiam
1587 699 1692 727 bonam.
1728 700 1763 728 Ut
1780 703 1807 731 in

1021 739 1181 768 perpetuum
1217 739 1358 768 custodias
1385 749 1447 770 cum
1473 743 1632 779 dilectione,
1662 747 1718 775 veri
1741 747 1807 776 boni

1021 786 1112 807 veram
1127 781 1253 816 gloriam.

1057 825 1265 863 Intelligendum
1278 839 1396 860 meorum
1413 834 1546 862 Inbiorum
1561 838 1659 865 mando
1672 839 1729 866 tibi.
1739 839 1809 869 Peto

1021 877 1036 897 a
1052 876 1118 900 teut
1132 874 1159 901 in
1179 876 1413 910 praxi'doctrinas
1429 880 1497 917 legis
1509 890 1576 910 mem
1594 890 1698 918 serves,
1714 890 1741 913 et
1751 893 1807 915 ncn

1022 918 1060 946 sis
1076 919 1192 956 simplex
1207 930 1301 952 earum
1318 925 1439 955 auditor.

1058 1005 1140 1036 Vens.
1151 1009 1178 1037 5.
1196 1010 1237 1038 Ne
1250 1013 1373 1041 attendas
1386 1014 1482 1049 fallaci
1497 1017 1612 1046 mulieri.
1627 1018 1665 1047 Ne
1681 1020 1806 1049 attendas

1019 1053 1208 1088 vituperandae
1221 1057 1364 1092 doctrinae,
1382 1066 1410 1088 ut
1428 1062 1531 1098 iniqua:
1549 1064 1577 1092 in
1593 1068 1680 1100 praxi.

1056 1098 1234 1129 Meldistillat
1243 1104 1312 1131 enim
1324 1113 1340 1132 α
1354 1105 1433 1134 labiis
1449 1106 1570 1136 mulieris
1581 1098 1736 1139 meretricis.
1746 1112 1807 1140 Ali-

1020 1143 1097 1178 quid,
1109 1149 1139 1172 ut
1155 1147 1281 1183 voluptas
1292 1150 1455 1179 aestimatum
1467 1153 1582 1181 distillat
1596 1162 1628 1182 ex
1646 1164 1740 1185 amore
1750 1165 1806 1193 quo

1021 1188 1054 1216 ad
1069 1191 1208 1218 sensibilia
1226 1192 1312 1221 fertur
1327 1196 1424 1224 anima:
1439 1201 1493 1225 tute
1506 1206 1570 1234 pars
1589 1201 1731 1234 sensitiva,
1744 1188 1806 1238 q-uat

1020 1232 1100 1269 longe
1114 1243 1129 1262 ει
1146 1237 1229 1265 verbo
1242 1239 1365 1268 inclinat.

1057 1278 1139 1307 Vsus.
1150 1281 1177 1307 4.
1188 1281 1253 1309 Ηαέ
1261 1285 1330 1311 enim
1339 1285 1374 1312 ad
1383 1290 1485 1322 tempus
1494 1289 1598 1324 saginat
1610 1295 1702 1325 guttur
1713 1297 1806 1326 tuum;

1020 1323 1066 1350 sed
1082 1325 1227 1355 novissima
1240 1329 1297 1363 ejus
1311 1330 1374 1364 felle
1400 1334 1538 1361 amariora
1556 1335 1680 1370 invenies,
1699 1343 1724 1365 et
1743 1347 1807 1366 acu-

1021 1371 1091 1398 tiora
1109 1372 1200 1407 gladio
1213 1376 1335 1410 ancipiti.
1352 1377 1414 1406 llaac
1431 1387 1480 1414 per
1498 1382 1676 1418 voluptatem,
1690 1389 1716 1412 te
1730 1386 1807 1415 brevi

1020 1419 1144 1452 tempore
1162 1418 1267 1448 deliciis
1286 1423 1406 1451 nutriet:
1423 1431 1485 1460 post
1499 1426 1558 1455 haec
1573 1433 1664 1457 autem
1682 1431 1806 1461 invenies

1020 1461 1047 1488 in
1065 1470 1107 1496 ea,
1127 1465 1201 1492 omni
1217 1465 1279 1494 felle
1293 1469 1441 1502 amariora,
1460 1471 1497 1499 ita
1514 1477 1543 1501 ut
1555 1474 1582 1501 in
1599 1474 1663 1508 line,
1673 1484 1806 1506 sensuum

1019 1510 1147 1546 voluptas
1162 1512 1262 1541 habeat
1273 1515 1408 1550 dolorem,
1422 1522 1522 1547 etcum
1540 1526 1617 1555 parte
1630 1524 1807 1553 conscientia

1020 1555 1119 1590 aptiori
1128 1556 1162 1584 ad
1181 1558 1300 1594 plagam,
1322 1562 1401 1596 quasi
1424 1563 1516 1599 gladio
1533 1567 1647 1602 ancipiti
1667 1575 1805 1603 persecet.

1054 1690 1141 1720 Vsus.
1158 1692 1184 1720 5.
1205 1693 1369 1730 [nsipientia
1379 1696 1457 1731 pedes
1473 1698 1610 1727 adducunt
1628 1709 1672 1729 eos
1697 1703 1744 1738 qui
1764 1704 1806 1732 ills

1019 1738 1147 1770 serviunt,
1162 1745 1222 1772 post
1235 1746 1345 1768 mortem
1360 1743 1395 1769 ad
1406 1743 1513 1778 inferos.
1533 1744 1699 1781 Insipientiaa
1713 1753 1806 1779 autem

1018 1786 1119 1815 motus,
1144 1788 1206 1817 post
1215 1785 1358 1821 physicam
1382 1794 1508 1822 mortem,
1536 1797 1551 1816 a
1569 1793 1690 1826 peccatis
1705 1799 1805 1829 ortam,

1019 1828 1135 1857 trahunt
1152 1830 1225 1857 illam
1244 1838 1392 1867 sequentes
1407 1835 1440 1862 ad
1453 1836 1654 1867 obscuritatem
1676 1847 1806 1876 corpora-

1018 1871 1051 1900 lis
1067 1873 1274 1904 destructionis.

1053 1959 1163 1989 σνεδδιιε
1176 1963 1232 1997 ejus
1243 1971 1293 1991 non
1302 1965 1458 1999 ﬁrmantur.
1474 1968 1563 2004 Opera
1576 1971 1648 1999 enim
1659 1971 1728 2008 ejus,
1742 1981 1805 2002 curn

1017 2012 1071 2033 non
1089 2007 1145 2034 sint
1159 2008 1280 2041 stabilia,
1296 2017 1351 2038 non
1369 2017 1435 2039 sunt
1452 2018 1520 2041 tuta.

1051 2091 1134 2122 Vsus.
1153 2095 1179 2122 6.
1198 2094 1262 2124 Vias
1271 2097 1342 2125 enim
1358 2099 1418 2127 uiue
1432 2108 1483 2128 non
1497 2102 1627 2131 ambulat.
1642 2104 1703 2140 Ipsa
1717 2107 1802 2141 enim,

1016 2139 1144 2168 mandata
1161 2141 1219 2174 Dei,
1233 2151 1294 2179 quae
1308 2144 1413 2174 ducunt
1434 2147 1467 2174 ad
1492 2149 1577 2177 vitam
1602 2139 1702 2180 animae
1721 2157 1803 2182 aeter-

1017 2191 1080 2212 nam
1096 2189 1124 2212 et
1139 2186 1261 2222 beatam,
1278 2190 1304 2217 in
1321 2191 1399 2225 praxi
1417 2199 1471 2219 non
1487 2193 1563 2220 colit.

206 2237 357 2271 Σφαλεραί
372 2237 406 2264 δὲ
420 2239 450 2264 αἱ
466 2238 581 2272 τροχιαί
598 2237 704 2272 αὐτῆς,
723 2238 770 2265 καὶ
784 2239 839 2266 οὐκ
854 2240 962 2274 εὐγνω-

1052 2230 1115 2267 Vagi
1126 2238 1188 2261 sunt
1202 2243 1308 2269 gressus
1322 2237 1380 2271 ejus
1396 2242 1421 2264 et
1430 2238 1636 2275 investigabiles.
1650 2241 1801 2277 Vagantur.

169 2290 246 2311 στοι.
264 2284 430 2318 Σφάλλονται
453 2284 481 2311 δὲ
505 2285 569 2319 περὶ
583 2286 633 2318 τὴν
654 2284 702 2311 τοῦ
719 2285 803 2312 καλοῦ
822 2286 921 2322 κρίσιν,
937 2287 961 2313 oi

170 2329 242 2356 κατὰ
257 2329 374 2365 θεωρίας
386 2330 480 2365 δρόμοι
500 2331 601 2365 αὺτῆς’
617 2330 654 2362 ὡς
667 2330 703 2366 μὴ
719 2330 787 2366 πρὸς
801 2331 832 2357 τὸ
845 2332 878 2367 τῇ
895 2332 962 2368 ἁλη-

171 2375 242 2410 θείᾳ,
260 2375 328 2401 ἀλλὰ
340 2377 374 2411 τῇ
389 2375 483 2410 ψευδεί
496 2375 631 2411 ὑπολήψει
648 2376 730 2403 καλὸν
747 2376 960 2409 ἀποὸὶέποντες·

170 2422 219 2448 καὶ
234 2421 283 2448 οὐκ
300 2421 418 2454 εὐκόλως
439 2421 526 2454 οὕτως
546 2421 619 2458 ἔχειν
634 2422 903 2456 καταλαμϐάνονται,
918 2423 963 2450 διὰ

170 2468 200 2494 τὸ
214 2468 267 2494 τῶν
282 2469 458 2505 προσκαίρων
474 2468 560 2503 ἡδέων
574 2469 725 2504 ἀπατηλόν.

205 2512 238 2546 ζ’.
255 2514 319 2541 Νῦν
334 2511 401 2545 οὖν,
411 2511 434 2541 ὦ
447 2513 502 2547 υἱὲ,
517 2513 608 2541 ἁκουέ
624 2522 694 2549 μου,
713 2514 762 2541 καὶ
776 2514 820 2548 μὴ
832 2514 963 2548 ἀκύρους

169 2559 301 2592 ποιήσῃς
316 2558 408 2593 ἐμοὺς
430 2559 553 2593 λόγους.
576 2559 657 2586 Κατὰ
679 2559 744 2593 γοῦν
769 2559 815 2585 τὸν
842 2559 963 2593 παρόντα

170 2605 260 2631 πάντα
271 2604 368 2637 αἰῶνα,
376 2605 492 2636 τεχνίον,
503 2605 623 2640 ὑπήκοος
636 2604 681 2630 ἔσο
695 2613 750 2639 μοι,
762 2604 809 2632 καὶ
826 2604 863 2654 ui;
874 2604 963 2654 ἀπρέ-

170 2657 250 2681 κτους
259 2648 309 2680 τὰς
322 2649 391 2684 ἐμὰς
404 2649 508 2685 ἐργάσῃ
519 2648 702 2680 διδασκαλίας·
717 2648 791 2679 ὅπως
802 2647 915 2678 ταύταις
926 2647 963 2678 ὥς

168 2702 239 2720 ιιισιν
255 2694 324 2725 ὁδοῖς
343 2693 495 2729 ἀμέμπτως
510 2693 624 2728 όδεύσῃς
638 2692 707 2729 πρὸς
720 2692 765 2720 τὸν
783 2692 926 2727 μέλλοντα.

148 2737 152 2753 ἶ
206 2744 240 2775 η’.
267 2740 393 2774 Μακρὰν
422 2740 554 2773 ποίησον
580 2739 631 2766 ἀπ’
659 2738 759 2791 αὑτῆηςι
788 2737 850 2772 σὴν
876 2737 961 2791 ‘dw‘r.

169 2785 269 2820 Πόρῤω
276 2786 336 2822 τῆς,
347 2786 384 2818 ὡς
397 2787 517 2821 εῐρηται,
529 2784 672 2818 ἀλογίστου
683 2784 846 2819 αἰσθήσεως,
856 2783 904 2818 τὴν
915 2783 963 2819 σὴν

169 2831 327 2866 ἀπέργασαι
348 2831 452 2867 βιοτήν.

205 2878 253 2912 Μὴ
267 2877 391 2913 ἐγγίσῃς
409 2877 568 2912 προθύροις
593 2876 684 2903 οικων
700 2875 804 2910 αὐτῆς.
828 2875 883 2902 Καὶ
906 2874 962 2900 δια-

1014 2277 1088 2305 circa
1105 2279 1169 2307 boui
1187 2281 1336 2316 judicium,
1360 2284 1550 2320 intelligentia;
1576 2287 1637 2323 ejus
1664 2297 1776 2324 gressus
1794 2300 1801 2318 :

1014 2329 1067 2349 non
1093 2324 1166 2351 enim
1186 2325 1288 2354 bonum
1309 2327 1336 2354 in
1352 2329 1480 2362 veritate,
1498 2332 1547 2358 sed
1566 2332 1592 2359 in
1613 2333 1681 2361 falso
1695 2334 1803 2369 judicio

1013 2368 1200 2402 considerant,
1214 2375 1241 2398 et
1259 2371 1292 2399 de
1305 2373 1348 2400 his
1363 2381 1418 2401 non
1435 2375 1515 2404 facile
1530 2368 1743 2414 convincuntur,
1767 2381 1803 2409 ob

1013 2415 1205 2447 temporalium
1222 2417 1392 2452 voluptatum
1409 2419 1557 2449 fallaciam.

1051 2501 1135 2530 Vens.
1150 2504 1177 2531 7.
1196 2503 1275 2532 Nunc
1287 2514 1359 2542 ergo,
1380 2507 1421 2542 ﬁti
1437 2509 1484 2541 mi,
1500 2509 1564 2536 audi
1577 2518 1626 2544 me,
1644 2515 1670 2538 et
1685 2520 1717 2539 ne
1737 2521 1804 2540 vam:

1012 2548 1057 2583 [ac
1069 2550 1148 2577 verba
1174 2559 1243 2578 mea.
1262 2552 1344 2588 Ergo,
1365 2553 1413 2586 t‘lli,
1441 2558 1502 2582 esto
1517 2555 1616 2583 docilis
1642 2557 1676 2584 ad
1696 2566 1739 2586 me
1757 2567 1805 2594 per

1013 2601 1121 2622 omnem
1143 2601 1303 2631 praesentem
1321 2600 1413 2633 vitam,
1435 2605 1462 2628 et
1479 2603 1586 2630 custodi
1614 2604 1806 2632 Ineascloctii~

1013 2642 1172 2673 nas,uthis
1182 2649 1312 2679 tanquam
1326 2645 1388 2678 viis,
1408 2646 1462 2673 vita
1482 2647 1718 2683 irrepreliensibili
1747 2659 1804 2677 am-

1014 2686 1093 2714 bulas
1107 2687 1140 2714 ad
1158 2688 1279 2716 futuram
1291 2690 1386 2717 vitam.

1050 2735 1133 2763 Vens.
1167 2737 1193 2764 8.
1211 2737 1299 2773 Longe
1323 2739 1367 2773 [ac
1397 2740 1430 2766 ab
1442 2748 1473 2767 ea
1500 2742 1569 2768 viam
1587 2747 1671 2770 luam.
1688 2744 1728 2770 All
1757 2744 1802 2771 ill’l

1015 2779 1220 2807 inconsiderata
1249 2782 1375 2814 scientia.
1413 2788 1441 2810 ut
1461 2784 1565 2812 dictum
1591 2791 1642 2819 est,
1656 2787 1735 2822 longe
1753 2777 1802 2815 'fac

1015 2825 1084 2852 viam
1102 2830 1186 2854 tuam.

1052 2870 1093 2897 Nc
1114 2872 1304 2907 appropinquu
1316 2873 1418 2908 foribus
1430 2874 1524 2903 domus
1536 2876 1602 2912 ejus.
1612 2876 1645 2905 Et
1659 2878 1801 2906 ambulans
