2079 3161
262 181 330 213 i263

262 241 361 277 spiritu
389 238 423 266 ad
441 236 522 265 verba
537 235 693 265 veritatuni,
717 233 779 268 fuge
813 228 990 266 apparentias
1005 233 1052 255 ea-
1069 230 1091 256 Α

260 275 333 320 rum,
349 292 410 321 qua}
423 285 451 311 in
467 282 596 311 sensibus
609 280 737 316 potentia:
762 277 900 306 sensitive:
917 275 997 311 quasi
1024 275 1050 301 in

261 333 349 370 portis
359 332 465 367 jacsnt,
480 329 508 356 in
526 327 626 364 quibus
651 326 710 353 lucc
730 324 852 360 potentia
867 325 962 349 manet
992 325 1052 347 tan-

262 385 344 414 quam
362 377 390 405 in
406 374 535 404 domibus
549 380 564 400 a
575 380 605 400 se
617 370 737 399 dilectis.

302 468 384 495 Vsus.
401 466 428 493 9.
442 463 484 492 Ne
498 462 543 490 des
555 462 636 489 vitam
649 448 756 490 alienis,
769 462 794 485 et
823 463 906 483 annos
922 459 980 481 tuos
992 461 1051 480 cru-

266 515 383 544 delibus.
398 511 438 540 Ne
451 511 501 539 des
517 509 623 540 alteris,
639 514 654 534 a
665 506 720 533 Deo
737 504 882 532 formatam
899 500 1052 531 tibivitam,

268 568 298 591 ut
325 561 420 590 divina
451 556 591 587 mandata,
617 562 665 590 per
687 559 747 587 qum
763 550 854 578 omnia
871 548 944 576 facta
976 549 1053 578 sunt,

262 607 423 641 carnalibus
434 603 624 633 voluntatibus
647 599 844 634 subjiciuntur,
857 600 884 624 et
896 602 976 623 omne
985 599 1055 628 opus

267 663 345 683 tuum
358 654 462 682 bonum
475 650 637 678 crudelibus
651 646 843 675 submittatur.

299 744 384 772 Vin-5.
412 741 457 769 10.
493 740 531 767 Ne
544 738 612 772 forte
634 735 795 770 impleantur
817 730 938 760 extranei
955 729 1056 757 uiribus

266 791 328 818 tuis.
340 788 380 816 Ne
395 787 534 816 fruantur,
551 791 567 810 a
583 782 639 810 Deo
658 780 776 816 separati
790 779 940 809 daemones,
958 779 1057 811 poten-

267 839 316 869 tia,
332 842 415 871 quam
427 833 461 860 ad
473 832 545 859 bona
561 835 646 864 opera
660 826 799 863 possides,
817 825 868 851 liae
885 823 941 850 illis
957 828 1057 849 secun-

264 869 433 914 dumvtuam
461 879 633 907 voluntatem
662 872 793 902 servienti
810 871 843 899 ad
874 869 980 898 scelera
1009 874 1057 902 pa-

266 929 374 958 tranda.

304 976 387 1002 Vens.
403 973 448 1000 Η.
464 971 496 998 Ει
511 969 615 996 labores
629 967 668 993 tui
694 965 749 992 sint
771 963 799 990 in
814 961 935 989 domibus
949 959 1056 992 alienis,

264 1027 289 1050 et
308 1026 331 1048 te
351 1018 476 1054 pwniteat
493 1016 520 1043 in
532 1011 681 1042 novissimis
696 1010 760 1037 tuis.
783 1008 815 1035 Et
829 1007 938 1034 labores
962 1004 1013 1036 tui,
1027 1003 1056 1030 in

264 1049 363 1095 domus
379 1062 580 1098 suppliciorum
597 1055 769 1085 daemonibus
785 1056 958 1089 praeparatas
973 1049 1056 1077 indu-

266 1116 375 1143 cantur,
389 1096 532 1137 materiam
545 1104 618 1139 ignis
631 1101 724 1130 aeterni
742 1099 791 1127 tibi
811 1096 1035 1126 tbesauriaantes
1048 1101 1056 1120 :

266 1161 293 1186 et
312 1159 339 1186 te
350 1153 482 1191 pteniteat
495 1151 523 1177 in
537 1147 710 1176 novissimis.
748 1156 751 1158 ν

303 1247 388 1275 Vitas.
405 1244 449 1272 l2.
461 1241 575 1277 Quando
602 1236 795 1271 consumpseris
822 1241 913 1261 carnes
939 1230 1057 1265 corporis

276 1294 326 1327 tui,
341 1297 366 1320 et
377 1292 450 1318 dicas
469 1297 478 1316 :
496 1296 544 1315 cur
575 1286 721 1313 detestatus
743 1289 802 1309 sum
829 1277 1010 1312 disciplinam,
1032 1279 1057 1302 et

267 1336 492 1374 increpationibus
507 1341 560 1361 mm
573 1329 701 1366 acquievit
718 1336 763 1355 cor
782 1333 879 1354 meum.
889 1324 957 1352 Cum
968 1329 1055 1350 mem-

268 1387 318 1414 bra
340 1369 466 1418 eorporis
487 1380 526 1407 tui
557 1378 721 1410 consumpta
753 1372 867 1404 fuerint,
885 1375 911 1398 et
924 1369 959 1397 ad
985 1369 1057 1396 bona

269 1437 352 1465 opera
366 1415 422 1464 pra
437 1427 579 1454 senectute
593 1423 728 1456 languens
743 1419 809 1451 eris,
825 1420 853 1444 et
872 1415 988 1447 dixeris,
1018 1417 1059 1440 te-

270 1458 544 1512 ipsuIn-increpando
559 1478 565 1496 :
580 1468 636 1495 Cur
649 1464 838 1500 disciplinam,
862 1461 965 1488 bonum
990 1458 1057 1512 mihi

269 1503 467 1557 prroponentem
477 1517 630 1544 detestatus
648 1518 720 1543 sum,
744 1513 772 1538 et
783 1507 875 1536 verbis
886 1512 948 1540 qum
978 1503 1057 1531 mali-

270 1549 337 1595 iiam
349 1571 437 1593 meam
454 1560 618 1590 refellebant
633 1564 689 1585 non
699 1554 818 1583 attendit
833 1551 950 1588 spiritus
961 1549 1058 1577 meus?

305 1653 390 1681 Vsus.
406 1651 452 1679 i3.
474 1649 537 1676 Non
559 1646 651 1674 audivi
671 1651 758 1672 vocem
787 1641 923 1667 docentem
952 1643 1010 1668 me;
1039 1639 1064 1681 et

271 1698 413 1728 instruenti
434 1704 474 1723 me
491 1702 543 1722 non
554 1691 656 1728 prtebui
679 1696 771 1716 aurem
783 1693 879 1713 meam.
896 1683 956 1710 Non
971 1677 1064 1709 audivi

273 1753 334 1774 eum
348 1743 395 1780 qui
413 1749 456 1770 me
471 1748 487 1768 a
510 1747 562 1767 non
580 1733 808 1765 convenientibus
837 1729 995 1761 avertebat;
1037 1733 1066 1760 et

272 1792 299 1820 ei
317 1775 365 1826 qui
376 1788 443 1816 mihi
454 1785 578 1815 decentia
599 1779 771 1818 proponebat
783 1785 839 1805 non
851 1775 957 1810 subieci
979 1780 1062 1801 aures

272 1843 360 1867 meas,
375 1837 405 1861 ut
421 1833 556 1860 audirem.

307 1866 392 1909 Vens.
408 1879 452 1907 M.
473 1877 542 1904 Pene
563 1875 602 1910 {ui
619 1874 648 1901 in
663 1871 735 1900 omni
751 1870 835 1902 malo,
854 1869 882 1896 in
905 1866 991 1895 medio
1020 1873 1063 1893 ec-

272 1927 360 1955 clesite
375 1930 400 1953 et
414 1930 567 1960 synagagw.
585 1920 654 1948 Fere
666 1924 774 1946 omnem
802 1915 945 1946 malitiam,
963 1913 991 1941 in
1006 1913 1063 1947 spi-

274 1974 328 2001 ritu
342 1977 369 1999 et
387 1956 505 2005 corpore
517 1956 654 2002 operatus
678 1971 752 1996 sum,
768 1966 863 1989 contra
880 1960 967 1995 legem
982 1956 1064 1992 spiri-

275 2018 376 2046 tualem
393 2022 454 2052 quae
469 2010 725 2045 animabustempla
742 2010 886 2044 praeparat,
902 2013 950 2033 eas
966 2010 1064 2032 secun-

275 2066 339 2093 dum
352 2050 496 2091 scientiam
513 2056 704 2094 puriﬁcando:
738 2058 834 2081 contra
865 2052 952 2086 legem
973 2050 1063 2084 serip-

275 2115 344 2142 tam,
361 2106 471 2136 fortiter
489 2110 598 2132 errores
631 2100 785 2136 fugantem,
797 2100 826 2125 et
840 2097 984 2125 ducentem
1014 2101 1062 2121 eos

275 2155 363 2191 quiin
394 2152 486 2180 varias
498 2154 526 2178 et
545 2147 686 2183 oppositas
706 2148 796 2173 sortes
818 2142 898 2171 divisi
915 2141 1003 2172 fuere,
1028 2138 1062 2166 ad

277 2189 347 2228 lianc
364 2206 445 2226 uuam
459 2199 566 2224 natura
583 2194 680 2228 legem,
697 2189 870 2219 exhortando
880 2195 1017 2224 quemque
1031 2189 1062 2213 ut

277 2246 431 2283 proximum
442 2242 537 2278 diligat
550 2240 622 2268 sicut
636 2238 767 2272 seipsum.

315 2335 398 2363 Vens.
416 2335 459 2362 i5.
478 2333 542 2360 Bibe
553 2339 635 2367 aquas
646 2331 676 2357 de
688 2331 802 2357 cisterna
816 2334 872 2361 tua,
887 2333 912 2355 et
930 2328 961 2355 de
984 2327 1066 2362 fonti-

278 2383 326 2410 bus
345 2386 485 2417 puteorum
504 2383 620 2405 tuarum.
639 2376 713 2411 Elige
724 2375 864 2410 dogmata,
896 2381 951 2401 non
967 2373 1067 2401 cister-

279 2434 389 2458 narum,
406 2433 420 2452 a
435 2424 536 2459 quibus
551 2426 649 2450 natura
679 2420 796 2448 rationis
807 2426 906 2454 expers
922 2418 1065 2446 scientiam

281 2473 365 2501 sumit
379 2472 412 2499 de
422 2470 565 2503 voluptate
582 2473 609 2495 et
624 2466 658 2495 de
675 2466 770 2494 dolore
788 2473 801 2492 a
823 2465 952 2492 sensibus
968 2470 1066 2498 prove-

282 2519 391 2550 niente;
413 2523 474 2551 quae
490 2515 610 2542 cisterna
639 2517 682 2540 est
703 2511 816 2538 omnino
832 2509 956 2538 sensatio
972 2512 998 2536 et
1014 2515 1062 2543 ap-

281 2562 403 2598 parentia
416 2568 486 2588 vana
500 2569 507 2587 :
523 2567 611 2594 neque
636 2557 815 2586 scientiarum
831 2555 961 2582 Ecclesia:
992 2555 1068 2582 Grat-

280 2615 377 2635 corum
404 2605 631 2641 alienigenarum,
663 2603 721 2638 qui,
760 2605 890 2636 tanquam
915 2608 949 2627 ex
977 2600 1067 2634 puteis

281 2653 348 2680 dant
365 2652 421 2680 illis
434 2652 480 2687 qui
496 2651 520 2678 ei
537 2650 677 2677 adhaerent
690 2648 774 2675 falsas
784 2647 818 2675 de
845 2646 927 2674 rebus
956 2650 1067 2673 senten-

283 2700 335 2726 tias
355 2707 361 2725 :
378 2697 425 2725 sed
438 2704 502 2724 erue
516 2696 550 2722 ab
567 2695 611 2722 his
626 2701 687 2729 quae
699 2693 747 2721 tibi
762 2692 848 2727 magis
864 2692 972 2727 propria
993 2695 1067 2722 sum.

284 2744 309 2772 id
324 2747 376 2775 est,
396 2751 427 2769 ex
449 2741 544 2776 spiritu
562 2743 590 2767 et
607 2737 786 2773 intelligentia
802 2746 835 2765 ex
850 2737 962 2772 quibus,
988 2737 1068 2772 quasi

283 2798 316 2818 ex
331 2788 459 2817 cisternis
480 2787 665 2821 disponuntur
697 2784 763 2812 boni
791 2783 848 2811 veri
882 2787 977 2811 etnon
1010 2782 1069 2810 veri

283 2836 363 2870 iusta:
383 2833 511 2861 notiones
531 2839 538 2856 :
562 2838 628 2858 erue
657 2829 806 2865 (dogmata)
838 2830 989 2864 eseriptis,
1014 2829 1070 2856 Deo

283 2881 451 2917 inspirante,
473 2877 583 2915 spiritui
597 2883 625 2906 et
640 2877 825 2912 intelligentiae
842 2876 869 2904 in
879 2877 1010 2904 auxilium
1025 2875 1070 2903 da-

940 169 1116 203 PROCOPII
1133 167 1254 198 GAZxEI

1821 158 1888 188 1%4

1106 225 1207 252 ὁαίνων
1221 223 1290 251 κατὰ
1299 221 1360 249 νοῦν
1375 220 1443 256 πρὸς
1458 220 1519 251 τοὺς
1534 212 1628 252 λόγως
1644 216 1698 243 τῶν
1712 215 1806 248 όντων,
1820 216 1888 241 ἀπο-

1105 278 1172 304 φυγι
1183 270 1232 301 τὰς
1242 268 1401 303 ἐπιφανείας
1413 265 1514 298 αὐτῶν,
1529 265 1557 291 αἳ
1572 264 1730 299 πρόκεινται
1744 262 1800 293 τοῖς
1812 261 1890 296 δίκην

1105 315 1195 350 θυρῶν
1212 314 1374 349 είσαγωγοϊς
1393 310 1580 347 αἰσθητηρίοις
1603 309 1652 345 τῆς
1665 307 1815 343 φαντασίας
1837 308 1892 334 τῶν

1105 361 1241 396 αἰσθητῶν
1254 370 1260 377 ·
1284 357 1324 392 οἷς
1345 359 1383 391 ὥς
1400 366 1470 385 τισιν
1486 357 1629 392 οίκήμασι,
1647 354 1800 391 παραμένει
1812 355 1893 390 ἐμφι-

1104 406 1262 442 λοχωροῦσα
1278 406 1294 441 ἡ
1308 405 1445 440 αἴσθησις.
1510 427 1513 430 ,

1141 453 1172 480 θ’.
1187 452 1253 479 "Ira
1261 451 1303 486 μὴ
1317 451 1394 484 πρόῃ
1406 450 1511 482 ἄλλοις
1523 447 1599 481 ζωήν
1609 453 1678 479 σου,
1693 446 1742 473 καί
1753 446 1811 472 σὸν
1822 444 1894 477 βίον

1105 497 1318 532 ἁνελεήμοσιν.
1334 497 1428 527 ὀπως
1449 495 1486 530 μὴ
1504 493 1611 530 προδῷς
1628 493 1679 528 τήν
1692 500 1722 519 τε
1743 491 1834 518 θεόθεν
1852 499 1894 517 σοι

1105 543 1311 580 χορηγουμένην
1324 542 1395 578 ζωὴν
1420 541 1524 576 ἑτέροις
1539 539 1615 575 παρὰ
1627 541 1661 566 τὰ
1675 538 1733 565 θεῖα
1743 537 1893 573 θελήματα.

1105 591 1165 617 καθ’
1180 590 1197 617 ἃ
1217 590 1252 617 τὰ
1266 590 1355 616 πάντα
1371 587 1497 623 γεγόνασι
1517 586 1657 620 σαρκικοῖς
1677 585 1810 620 θελήμασι
1823 583 1894 616 διεξ-

1106 636 1231 670 άγεσθαι,
1246 636 1294 662 καὶ
1324 635 1396 662 ἅπαν
1413 642 1458 662 σου
1481 633 1510 659 τὸ
1526 631 1685 666 σπούδασμα
1700 631 1761 662 ταῖς
1774 635 1895 664 τιμωρη-

1105 683 1195 713 τικαῖς
1214 681 1371 715 δυνάμεσιν.

1143 731 1168 755 ι’.
1186 728 1253 755 Ἵνα
1266 728 1308 762 μὴ
1331 725 1511 758 πλησθῶσιν
1527 723 1678 757 ἀλλότριοι
1699 721 1760 756 σῆς
1778 721 1894 755 ισχύος.

1107 774 1162 801 Καὶ
1175 772 1367 808 ἐμφορηθῶσιν
1379 772 1404 798 οἱ
1414 769 1668 805 ἀπηλλοτριωμένοι
1683 767 1751 794 Θεοῦ
1759 767 1894 802 δαίμονες,

1106 817 1140 854 ἦς
1154 819 1287 852 κέκτησαι
1304 817 1446 852 δυνάμεως
1467 816 1535 850 πρὸς
1557 814 1689 850 ἐργασίας
1704 812 1751 839 τοῦ
1772 810 1875 845 ἀγαθοῦ
1888 819 1894 825 ·

1107 863 1298 899 ὑπουργούσης
1314 862 1420 893 τούτοις
1442 861 1511 888 κατὰ
1529 861 1577 896 σὴν
1594 859 1768 896 προαίρεσιν,
1789 858 1828 890 εἰς
1845 857 1898 884 πᾶ-

1072 903 1094 930 Β
1109 919 1158 937 σαν
1173 909 1273 945 πρᾶξιν
1285 908 1427 943 ἀθέμιτον.

1143 958 1187 982 ια’.
1202 956 1234 981 Ol
1250 953 1284 981 δὲ
1303 954 1351 981 σοι
1367 953 1468 985 πόνοι,
1478 953 1521 986 είς
1529 953 1633 984 οἴκους
1642 951 1823 985 ἀλλοτρίους
1834 950 1897 976 εισ-

1106 1000 1227 1032 ἐλθωσι,
1243 999 1291 1027 καὶ
1303 998 1514 1034 μεταμεληθῇς
1527 997 1575 1025 ἐπ’
1589 997 1728 1032 ἐσχάτων
1741 1003 1812 1023 σου.
1825 995 1857 1022 Οί
1867 995 1895 1021 ει

1107 1047 1150 1074 σοὶ¹
1165 1046 1259 1082 μόχθοι
1276 1047 1315 1077 εἰς
1331 1046 1378 1078 τὰς
1390 1044 1595 1080 ήτοιμασμένας
1609 1044 1699 1075 αὐτοῖς
1718 1044 1774 1073 τοῖς
1786 1042 1898 1077 δαίμοσι

1109 1091 1193 1127 μονὰς
1205 1092 1261 1118 τῶν
1275 1090 1414 1117 κολάσεων
1434 1089 1596 1125 είσαχθῶσιν
1607 1111 1614 1122 ,
1639 1088 1689 1123 ὕλη
1705 1097 1746 1115 σοι
1767 1087 1814 1114 τοῦ
1829 1088 1896 1113 αἰω-

1107 1137 1164 1164 νίου
1186 1137 1272 1172 πυρὸς
1294 1136 1527 1172 χρηματίσαντες,
1550 1135 1597 1162 καὶ
1617 1134 1761 1170 μεταγνῷς
1778 1135 1807 1166 ἐς
1820 1133 1898 1160 ὓστε-

1109 1190 1167 1218 ρον.

1147 1227 1190 1264 ιβ’.
1211 1227 1313 1255 Ἠνίκα
1336 1227 1374 1254 ἂν
1396 1226 1613 1261 κατατριϐῶσιν
1632 1225 1746 1259 σάρκες
1762 1224 1899 1259 σώματός

1108 1283 1177 1308 σου,
1194 1274 1244 1301 καὶ
1258 1273 1334 1308 ἐρεῖς
1343 1281 1350 1289 ⁸
1362 1273 1429 1306 Πῶς
1443 1273 1575 1308 ἐμίσησα
1589 1271 1736 1304 παιδείας,
1751 1270 1800 1297 καὶ
1813 1269 1899 1304 ἐλέγ-

1111 1329 1185 1355 χους
1199 1319 1354 1351 ἐξέκλινεν
1376 1319 1396 1352 ὴ
1414 1317 1519 1352 καρδία
1536 1325 1613 1352 you;
1635 1316 1769 1352 Ὀπηνίκα
1792 1315 1827 1342 τὰ
1849 1315 1898 1349 τῆς

1111 1365 1211 1402 σαρκός
1224 1373 1271 1391 σου
1288 1364 1355 1399 μέλη
1370 1363 1408 1398 τῷ
1426 1364 1514 1398 χρόνῳ
1531 1362 1756 1397 καταδαπανηθῇ,
1770 1361 1818 1388 καὶ
1831 1360 1900 1395 πρὸς

1108 1412 1240 1449 ἐργασίαν
1262 1411 1309 1438 τοῦ
1335 1409 1439 1444 ἀγαθοῦ
1458 1409 1502 1436 διὰ
1514 1409 1544 1436 τὸ
1557 1409 1646 1444 γῆρας
1661 1408 1836 1443 ὲξατονήσῃς,
1852 1408 1900 1434 καὶ

1108 1458 1188 1494 εἴπῃς
1205 1457 1300 1484 ἑαυτὸν
1314 1455 1541 1488 ταλανίζων,”Ινα
1555 1454 1581 1481 τί
1603 1454 1651 1489 τὴν
1667 1454 1698 1480 τὸ
1716 1453 1817 1488 ἀγαθὸν
1835 1453 1900 1479 ὐποο

1107 1503 1254 1538 τιθεμένην
1270 1511 1316 1537 μοι
1334 1496 1514 1529 διδασκαλίαν
1529 1500 1724 1534 ὲὸδελυξὰμην,
1743 1500 1791 1527 καὶ
1811 1499 1901 1532 λόγοις

1111 1549 1160 1584 τὴν
1176 1548 1276 1575 κακίαν
1290 1556 1340 1584 μου
1355 1547 1537 1582 διελέγχουσιν
1548 1546 1579 1573 οὐ
1595 1545 1729 1582 προσέσχε
1743 1554 1795 1581 μου
1811 1546 1828 1581 ἡ
1844 1545 1902 1571 διά-

1114 1603 1174 1624 νοια
1184 1603 1192 1628 ;

1153 1645 1198 1676 ιγ’.
1216 1642 1276 1668 Οὐκ
1292 1640 1408 1675 ἤκουον
1431 1639 1534 1675 φωνῆς
1560 1639 1755 1672 παιδεύοντός
1770 1647 1826 1674 με’
1852 1639 1902 1666 κηι

1114 1688 1290 1716 διδάσκοντι
1305 1696 1344 1723 με
1360 1689 1396 1715 οὺ
1420 1687 1590 1721 παρέϐαλον
1621 1686 1655 1712 τὸ
1676 1684 1731 1719 οὖς
1752 1696 1822 1720 μου.
1846 1687 1903 1721 Οὐχ

1114 1733 1251 1769 ὑπήκουον
1262 1731 1301 1768 τῷ
1317 1732 1371 1759 τῶν
1387 1732 1424 1767 μὴ
1441 1732 1555 1758 δεόντων
1580 1739 1613 1766 με
1635 1731 1837 1758 ἀναστέλλοντι⁴
1856 1732 1904 1757 καὶ

1114 1779 1154 1815 τῷ
1165 1779 1199 1806 τὰ
1213 1779 1307 1806 δέοντα
1329 1778 1517 1814 ὑποτιθεμένῳ
1544 1786 1601 1813 μοι,
1625 1778 1655 1805 οὐ
1680 1777 1844 1812 παρετίθουν
1869 1778 1904 1803 τὶ

1115 1823 1172 1853 ὦτα
1190 1825 1257 1860 πρὸς
1275 1825 1418 1859 ἀκρόασιν.

1151 1871 1191 1898 ιδ’.
1207 1871 1278 1904 Παρ’
1302 1871 1407 1905 ὀλίγον
1420 1869 1568 1904 ἐγενόμην
1585 1868 1621 1895 ἐν
1645 1868 1733 1895 παντί
1760 1867 1850 1901 κακῷ,
1869 1867 1904 1893 ἐν

1112 1917 1197 1951 μέσῳ
1206 1916 1372 1950 ἐκκλησίας
1384 1915 1434 1942 καὶ
1447 1913 1636 1949 συναγωγῆς.
1653 1913 1730 1950 Παρὰ
1748 1913 1833 1949 βραχὺ
1849 1914 1903 1939 πᾶ-

1115 1971 1165 1989 σαν
1180 1961 1318 1997 ἁμαρτίαν
1343 1962 1414 1989 κατὰ
1437 1961 1526 1996 ψυχὴν
1547 1961 1594 1987 καὶ
1616 1960 1695 1995 σῶμα
1715 1960 1904 1995 διεπραξάμην

1114 2009 1232 2036 ἐνώπιον
1242 2008 1289 2035 τοῦ
1305 2017 1335 2034 τε
1347 2008 1395 2040 τὰς
1409 2008 1498 2043 ψυχὰς
1513 2007 1703 2038 ναοποιοῦντος
1720 2005 1903 2041 πνευματικοῦ

1114 2055 1207 2090 νόμου,
1224 2055 1252 2082 ὲν
1272 2053 1310 2090 τῷ
1331 2054 1434 2085 ταύτας
1452 2053 1594 2088 καθαίρειν
1613 2052 1684 2079 κατὰ
1701 2052 1835 2079 διάνοιαν·
1855 2053 1905 2077 καὶ

1113 2099 1159 2126 τοῦ
1179 2099 1234 2126 τῶν
1255 2099 1315 2125 κατ’
1336 2098 1476 2133 ἐνέργειαν
1499 2097 1708 2132 ἁμαρτημάτων
1727 2095 1906 2130 καθαίροντος

1113 2145 1248 2180 γραπτοῦ,
1266 2144 1314 2171 καὶ
1329 2144 1492 2178 συνάγοντος
1507 2143 1571 2174 τοὺς
1587 2142 1626 2173 είς
1647 2141 1747 2173 πολλὰς
1763 2141 1811 2168 καὶ
1827 2141 1904 2167 ἀντι-

1114 2191 1207 2221 θέτους
1232 2190 1329 2226 μοίρας
1352 2187 1589 2224 κατατμηθέντας,
1606 2187 1675 2223 πρὸς
1697 2187 1744 2214 τὸν
1759 2187 1807 2214 tu:
1826 2187 1905 2220 λόγον

1078 2244 1103 2273 υ
1116 2236 1165 2271 τῆς
1181 2236 1298 2270 φύσεως,
1327 2237 1356 2262 ὲν
1377 2234 1416 2270 τῷ
1441 2233 1646 2262 διακελεύεσθαι
1663 2227 1904 2268 ’ἐκαστονῖγαπᾷν

1117 2283 1162 2309 τὸν
1175 2281 1289 2316 πλησίον
1303 2281 1339 2312 ὡς
1356 2280 1462 2307 ἑαυτόν.

1154 2329 1195 2356 ιε’.
1209 2329 1281 2355 Πίνε
1294 2328 1389 2354 ὕδατα
1403 2328 1461 2355 ἀπὸ
1476 2326 1540 2354 σῶν
1554 2327 1691 2361 ἀγγείων,
1708 2325 1757 2353 καὶ
1771 2325 1829 2353 ἀπὸ
1841 2325 1907 2352 σῶν

1117 2375 1252 2410 φρεάτων
1263 2373 1375 2408 πηγῶν.
1395 2372 1491 2408 Ἀρύου
1501 2372 1635 2407 δόγματα,
1651 2372 1687 2407 μὴ
1705 2372 1739 2398 τὰ
1751 2372 1798 2406 ἀφ’
1807 2368 1845 2398 ὧν
1857 2373 1908 2405 ἁγ-

1117 2421 1199 2454 γείων
1212 2420 1259 2446 καὶ
1274 2421 1290 2454 ἡ
1307 2419 1402 2453 ἄλογος
1418 2418 1498 2453 φύσις
1509 2418 1558 2453 τὴν
1569 2417 1629 2444 καθ’
1641 2417 1738 2452 ἡδονὴν
1752 2417 1799 2444 καὶ
1811 2417 1907 2451 ὀδύνην

1118 2467 1172 2493 τῶν
1189 2466 1326 2500 αἰσθητῶν
1342 2465 1445 2499 γνῶσιν
1456 2464 1617 2499 κομίζεται·
1644 2463 1716 2498 ειπερ
1730 2462 1840 2493 πάντως
1856 2463 1906 2496 ἀγ-

1117 2513 1179 2546 γεῖα
1194 2513 1210 2546 ὴ
1229 2511 1354 2546 αἴσθησις
1372 2511 1418 2537 καὶ
1439 2510 1454 2545 ή
1471 2509 1607 2544 φαντασία
1621 2509 1695 2535 ὲστί·
1714 2509 1776 2544 μήτ’
1789 2508 1842 2534 ἀπὸ
1853 2508 1908 2534 τῶν

1117 2559 1167 2593 τῆς
1179 2557 1344 2591 Ἐκκλησίας
1353 2556 1435 2589 ξένων
1442 2554 1606 2590 Ἑλληνικῶν
1614 2553 1856 2590 μαθημάτων,τῶν
1865 2552 1910 2580 οῗα

1119 2603 1245 2638 φρεάτων
1265 2600 1503 2637 ὲπιχορηγούντων
1522 2601 1578 2631 τοῖς
1593 2600 1658 2633 περὶ
1677 2599 1762 2626 ταῦτα
1779 2598 1909 2633 ἀσχολου-

1121 2649 1223 2684 μένοις,
1239 2647 1286 2679 τὰς
1303 2648 1367 2683 περ)⁵
1381 2647 1434 2674 τῶν
1448 2646 1534 2673 ὄντων
1552 2646 1660 2680 ψευδεῖς
1676 2645 1764 2678 δόξας,
1785 2645 1842 2672 ἀλλ’
1855 2645 1911 2672 ἀπὸ

1118 2694 1172 2720 τῶν
1190 2693 1343 2724 tamam;
1361 2691 1426 2724 σῶν,
1441 2691 1489 2718 τοῦ
1500 2700 1529 2718 τε
1544 2690 1590 2717 νοῦ
1605 2691 1652 2717 καὶ
1667 2691 1716 2725 τῆς
1727 2690 1845 2721 διανοίας
1855 2697 1864 2704 ·
1881 2690 1912 2722 ἐξ

1119 2736 1168 2770 ὧν.
1183 2739 1221 2770 ὡς
1243 2738 1275 2765 ἐκ
1286 2746 1365 2765 τινων
1384 2737 1514 2772 ἀγγείων,
1529 2737 1557 2763 αί
1571 2736 1619 2762 τοῦ
1636 2736 1711 2767 ὄντος
1732 2735 1847 2770 ἀγαθοῦ,
1863 2736 1913 2762 καὶ⁹

1119 2785 1165 2811 τοῦ
1180 2784 1217 2819 μὴ
1232 2783 1363 2816 τοιούτου,
1380 2783 1488 2817 λογικαὶ
1501 2782 1575 2815 δόξαι
1589 2782 1728 2817 ἀρύονται,
1742 2783 1789 2808 καὶ
1804 2781 1859 2808 τῶν
1872 2783 1911 2811 εἰς

1123 2831 1248 2866 βοήθειαν
1263 2829 1391 2856 δοθεισῶν
1412 2829 1520 2860 τούτοις
1532 2827 1722 2855 θεοπνεύστων
1735 2827 1866 2862 Γραφῶν·
1882 2827 1914 2857 ἐξ

1122 2873 1159 2903 ὧν
1173 2876 1211 2908 ὡς
1226 2876 1353 2911 φρεάτων
1373 2875 1455 2902 τινῶν
1472 2874 1553 2909 βάθος
1572 2873 1693 2910 ἐχουσῶν
1717 2872 1916 2906 ἁνεξάντλητον
