2079 3161
288 158 354 190 1267

949 173 1107 204 PROCOPI
1112 176 1124 205 Ι
1144 176 1266 206 GA'AEI

1845 182 1911 213 1:368

285 214 395 247 dentur,
408 218 438 242 ut
449 223 542 245 earum
556 221 723 253 apparentiis
738 221 855 258 bareas,
865 229 957 254 etnon
972 235 1065 263 proce-

1123 231 1362 266 συμπεριγράςρου,
1376 233 1446 258 κατὰ
1453 233 1482 259 τὸ
1488 233 1665 268 ὲναπομένειν
1674 235 1734 266 ταῖς
1740 235 1909 270 ἐπιφανείαις

285 260 335 288 das
347 261 374 289 in
383 262 481 297 spiritu
492 264 525 291 ad
543 263 641 292 harum
657 268 788 298 rationes.

319 346 403 375 Vsus.
422 349 468 377 2t.
495 351 563 379 Ante
589 353 678 381 oculos
700 354 760 388 Dei,
790 362 853 385 sunt
869 360 917 387 uite
941 360 1068 389 hominis.

284 391 382 423 Nullus
395 396 514 426 hominis
531 403 653 428 motnttm
667 402 864 438 spiritualium,
889 407 986 434 oculos
1010 407 1067 442 Dei,

283 441 376 468 omnia
390 442 525 476 videntes,
536 444 613 480 fugit.

321 527 416 557 Omnes
431 531 504 559 illius
513 534 624 562 semitas
639 538 801 566 considerat.
822 539 923 568 Omnes
939 542 1011 570 illius
1027 551 1071 570 se-

284 574 366 602 mitas
379 580 406 603 et
423 579 574 607 secundum
583 582 717 610 theoriam
734 589 761 611 et
789 587 938 614 secundum
952 590 1068 623 praxim,

284 619 344 653 ipse
353 622 524 657 considerat,
543 626 565 653 si
583 628 734 655 secundum
760 630 820 663 ejus
837 631 992 661 voluntates
1008 641 1069 661 am-

286 665 370 692 bulet.

318 709 402 739 Vens.
416 713 461 740 22.
479 714 639 750 Iniquitates
652 719 761 749 capiunt
774 721 915 749 hominem.
933 722 1069 758 Volupta-

283 755 357 784 tibus
370 758 473 794 iniquis
488 765 619 797 tanquam
634 765 740 793 retibus
762 766 843 794 ltomo
857 755 1067 804 constringitur,

281 810 343 837 quae
353 811 407 832 non
423 806 517 834 sinunt
531 813 561 836 ut
572 811 723 839 secundum
753 812 800 840 Dei
816 815 944 842 mandata
971 817 1070 844 ambu-

283 849 331 876 let.

317 891 400 921 Vens.
414 895 460 923 23.
476 896 595 926 Funibus
607 908 774 934 peccatorum
782 913 889 932 suorum
901 907 1044 942 stringitur
1057 916 1068 935 .'
1084 906 1106 935 Β

283 938 340 976 ipse
350 941 466 969 moritttr
481 951 543 970 cum
560 945 762 980 ignorantibus.
790 949 932 986 Tanquam
957 953 1068 981 funibus

281 985 499 1022 tnevitabilibus,
523 998 628 1025 magnae
655 996 862 1023 consuetudinis
879 1004 1003 1024 errorum
1021 999 1068 1034 qui

281 1033 308 1061 in
326 1035 372 1063 illo
389 1041 455 1064 sunt
470 1039 585 1072 retibus.
599 1041 637 1068 ita
652 1045 681 1068 ut
696 1042 731 1069 ab
744 1043 784 1070 eis
797 1051 850 1070 non
869 1045 956 1079 possit
985 1033 1067 1077 solvi.

279 1078 380 1114 ligatur
398 1083 489 1110 omnis
506 1088 637 1118 peccator
654 1094 661 1113 :
676 1087 722 1121 qui
752 1088 774 1115 si
792 1078 1067 1125 remaneatimpmni-

280 1127 353 1159 tens,
383 1135 438 1154 non
455 1129 567 1165 cﬂ‘ugiet
594 1132 775 1166 perditionem
804 1142 867 1162 cum
890 1137 932 1163 his
949 1137 996 1171 qui
1020 1136 1067 1164 Dei

280 1171 383 1197 monita
397 1179 452 1199 non
468 1173 652 1203 admiserunt.

316 1215 357 1242 Es
387 1219 569 1253 magnitudine
598 1222 659 1249 vita:
684 1232 741 1252 sate
758 1226 942 1260 pracipitatas
968 1233 1020 1261 est,
1042 1232 1068 1257 et

277 1261 356 1299 periit
369 1262 400 1290 ob
417 1264 573 1294 stultitiam.
591 1267 613 1294 A
644 1274 776 1306 perpetua
793 1275 821 1299 et
842 1272 920 1300 beata
953 1274 1066 1309 spiritus

277 1305 344 1338 vita,
360 1314 421 1342 quae
430 1308 480 1341 illi,
492 1313 522 1336 ut
534 1310 569 1338 ad
581 1311 730 1347 imaginem
755 1319 782 1343 et
794 1305 1004 1345 similitudinem
1019 1317 1065 1346 Dei

279 1351 353 1380 iacto
364 1355 474 1390 propria
490 1362 543 1390 est,
553 1363 665 1394 propter
676 1363 817 1396 propriam
834 1365 947 1392 exuitur
964 1366 1064 1394 volun-

278 1400 360 1428 tatem
372 1407 381 1433 ;
393 1403 420 1428 et
431 1408 481 1429 sua
495 1402 619 1438 privatur
630 1406 720 1434 salute
735 1408 771 1435 ob
781 1408 865 1436 vitam
882 1410 1062 1440 insensatam.

604 1538 682 1569 CAP.
702 1540 747 1569 Vl.

308 1580 394 1610 Vsus.
409 1582 434 1612 Ι.
465 1583 531 1618 Fili,
547 1586 571 1613 si
601 1589 773 1622 spoponderis
794 1597 842 1623 pro
866 1591 961 1624 amico,
985 1573 1100 1620 dabisc

276 1627 384 1656 inimico
393 1637 512 1659 manum.
524 1631 577 1660 Fili
593 1633 758 1668 spiritualis,
775 1637 798 1662 si
814 1637 841 1663 in
854 1637 1006 1665 crastinum
1018 1646 1063 1665 re-

277 1673 371 1702 mittas
385 1679 414 1702 ut
443 1675 499 1704 Deo
512 1684 595 1712 opera
619 1680 799 1713 ptenitentiaa,
815 1682 843 1709 in
855 1689 972 1717 corpore
989 1685 1063 1718 quod

277 1719 326 1747 tibi
341 1721 453 1749 charum
465 1727 519 1756 est,
533 1725 675 1757 ostendas,
686 1731 712 1753 et
726 1727 749 1754 si
763 1727 804 1756 vis
814 1728 895 1757 hodie
903 1731 1062 1759 carnalibus

276 1772 374 1797 vacare
408 1767 605 1803 voluptatibus,
619 1770 674 1798 illis
685 1775 759 1798 tuam
783 1774 932 1807 potentiam
946 1779 974 1803 et
995 1769 1062 1803 eon-

277 1812 465 1846 cupiscibilem
475 1819 502 1841 et
513 1814 680 1844 irasribilem
695 1818 893 1853 submitleudo,
911 1821 1061 1855 practicam

278 1861 351 1886 tuam
375 1860 538 1893 potentiam,
567 1862 721 1890 animarum
746 1870 904 1894 nostrarum
920 1870 1060 1897 communi

276 1903 346 1930 hosti
359 1904 496 1940 subjiciet,
513 1912 542 1936 ut
557 1907 643 1937 iacias
658 1916 692 1937 ea
717 1918 778 1947 qua:
795 1911 845 1941 tibi
863 1914 896 1940 ad
909 1914 1059 1949 perniciem

274 1955 379 1983 propou
384 1950 389 1976 i
394 1953 414 1977 t.

309 1992 392 2022 Vens.
417 1995 444 2022 2.
464 1995 524 2024 ﬂete
535 1997 722 2033 fortehomim',
752 2003 861 2036 propria
887 2004 970 2033 labia.
993 2007 1060 2034 ﬂete

274 2038 463 2068 inextricabile
481 2043 584 2071 homini
610 2046 839 2081 concupiscibilis
855 2052 883 2076 et
908 2048 1058 2080 irascibilis

273 2086 405 2120 potentia.
417 2094 477 2121 quae
495 2092 589 2122 aperta
599 2094 628 2117 ut
643 2091 766 2125 quadam
794 2092 866 2119 labia
876 2093 913 2121 ob
942 2103 1059 2133 propen-

273 2131 378 2159 sionem
404 2133 437 2164 ad
461 2134 615 2167 sensibilis,
632 2137 852 2166 exhortationem
870 2141 920 2167 via:
946 2131 1056 2170 virtutis

271 2181 422 2209 removent,
440 2181 466 2210 et
486 2179 624 2208 hominem
639 2181 665 2208 in
685 2184 847 2214 servitutem
863 2185 1001 2221 redigunt,
1029 2192 1059 2215 ut

1121 277 1175 302 τῶν
1188 277 1304 312 ὁρατῶν,
1320 279 1367 304 καὶ
1385 279 1424 314 μὴ
1439 279 1591 306 διασαίνειν
1608 279 1681 306 κατὰ
1695 281 1757 308 νοῦν
1770 283 1837 317 πρὸς
1847 284 1910 314 τοὺς

1121 321 1217 355 λόγους
1233 324 1336 351 αὐτῶν.
1927 359 1930 362 .

1157 370 1210 394 κα¹.
1230 367 1378 395 Ἐνώπιον
1400 369 1455 404 γάρ
1471 371 1530 397 εἰσι
1544 370 1603 397 τῶν
1624 372 1677 398 τοῦ
1701 374 1776 401 Θεοῦ
1801 374 1908 409 ὀφθαλ-

1118 409 1194 445 μῶν,
1210 411 1274 439 ὁδοὶ
1286 413 1405 448 ἀνδρός.
1423 415 1506 442 Οὐδὲν
1529 416 1583 451 γὰρ
1614 417 1668 444 τῶν
1694 420 1765 446 κατὰ
1794 421 1906 456 γνώμην

1119 455 1167 483 τοῦ
1191 456 1335 492 ἀνθρώπου
1353 460 1531 495 κινημάτων,
1546 463 1610 494 τοὺς
1639 465 1825 500 παντεφόρους
1857 466 1906 493 τοῦ

1120 501 1187 529 Θεοῦ
1207 503 1318 539 λέληθεν
1330 505 1496 541 ὀφθαλμούς.

1151 547 1204 580 Εἰς
1217 548 1251 574 δὲ
1266 549 1366 583 πάσας
1389 551 1442 585 τὰς
1471 554 1592 588 τροχιὰς
1621 556 1716 583 αὐτοῦ
1749 559 1904 586 σκοπεύει.

1127 592 1189 619 Ἐπὶ
1202 594 1305 626 πάντας
1319 596 1347 622 δὲ
1365 598 1429 628 τοὺς
1444 599 1515 626 κατά
1543 609 1572 626 τε
1602 601 1719 637 Θεωρίαν
1738 603 1785 630 καὶ
1804 605 1906 639 πρᾶξιν

1119 638 1234 673 δρόμους
1245 641 1327 667 αὐτοῦ
1340 642 1435 678 ἐφορᾷ,
1445 644 1469 670 εἰ
1482 646 1551 672 κατὰ
1558 647 1608 681 τὴν
1617 647 1712 674 τούτου
1729 649 1906 684 προϐαίνουσι

1120 683 1257 719 βούλησιν.

1154 731 1207 765 κβ¹.
1231 734 1414 768 Παρανομίαι
1424 735 1518 770 ἄνδρα
1533 737 1706 772 ὰγρεύουσι.
1731 739 1839 767 Ἣόοναὶ
1851 749 1905 767 πα-

1121 776 1229 811 ράλογοι
1260 779 1452 813 παγιδεύουσιν
1477 782 1630 818 ἄνθρωπον,
1674 785 1711 820 μὴ
1745 787 1904 821 συγχωροῦ-

1120 830 1164 850 σαι
1182 823 1278 850 τοῦτον
1295 825 1344 860 τὴν
1360 827 1419 855 ὁδὸν
1434 828 1489 855 τῶν
1519 829 1599 856 θείων
1631 831 1748 858 ἐντολῶν
1767 832 1904 868 διεξέρχε-

1119 868 1192 896 σθαι.

1153 918 1207 949 κγ¹.
1224 916 1340 950 Σειραῒς
1356 917 1390 944 δὲ
1402 918 1461 945 τῶν
1477 919 1586 948 ἑαυτοῦ
1604 922 1754 957 ἁμαρτιῶν
1774 924 1905 958 ἕκαστος

1118 960 1290 994 σφίγγεται·
1323 960 1411 996 οὗτος
1435 965 1560 1000 τελευτᾷ
1597 969 1673 1002 μετὰ
1704 969 1901 998 ἀπαιδεύτων.

1119 1003 1169 1031 Οἷα
1180 1006 1209 1032 δέ
1223 1015 1278 1033 τισι
1291 1007 1404 1043 δεσμοῖς
1420 1011 1562 1044 ἀφύκτοις,
1577 1014 1636 1046 ταῖς
1656 1015 1688 1041 ἐκ
1707 1016 1816 1051 μακρᾶς
1836 1025 1900 1043 συν-

1118 1051 1212 1085 ηθείας
1231 1053 1285 1079 τῶν
1301 1054 1411 1081 οἰκείων
1426 1058 1604 1092 πταισμάτων
1631 1061 1805 1094 πλεκτάναις,
1837 1071 1903 1089 συν-

1118 1096 1210 1131 έχεται
1227 1098 1280 1129 πᾶς
1297 1099 1531 1134 δυσαποσπάστως
1547 1103 1616 1139 ἔχων
1629 1106 1677 1140 τῆς
1699 1107 1837 1142 ἁμαρτίας
1851 1117 1856 1123 ·
1873 1109 1902 1140 ὃς

1117 1141 1165 1167 ἐὰν
1196 1142 1276 1179 μείνῃ
1300 1143 1495 1181 ἀμετανόητος,
1511 1150 1631 1184 καταντᾷ
1646 1151 1685 1182 εἰς
1704 1141 1841 1179 ἀπώλειαν
1854 1162 1904 1188 μεθ

1116 1187 1151 1213 τὰ
1167 1187 1221 1214 τῶν
1234 1189 1356 1224 μηδόλως
1365 1190 1521 1226 δεξαμένων
1536 1195 1678 1222 νουθεσίαν
1694 1197 1809 1232 Κυρίου.

1151 1232 1203 1260 Ἐκ
1214 1234 1249 1260 δὲ
1262 1235 1398 1269 πλήθους
1410 1237 1466 1272 τῆς
1497 1240 1591 1267 αὐτοῦ
1613 1241 1720 1275 ,ϐιοτῆς
1747 1242 1901 1278 ἐξεῤῥίέρη.

1116 1278 1165 1305 καί
1189 1279 1325 1308 ἀπώλετο
1339 1282 1376 1309 δι’
1393 1283 1581 1319 ἀφροσύνην.
1609 1287 1674 1313 ’Δπδ
1690 1288 1717 1314 δὲ
1734 1288 1783 1323 τῆς
1799 1289 1901 1315 οἰκειο-

1115 1325 1201 1360 τάτης
1213 1325 1296 1361 αὐτῷ,
1324 1327 1362 1359 ὡς
1393 1330 1528 1366 γενομένῳ
1557 1331 1618 1358 κατ’
1647 1333 1741 1360 εἰκόνα
1761 1334 1829 1360 Θεοῦ
1853 1336 1902 1362 καὶ

1115 1370 1256 1405 ὁμοίωσιν,
1280 1372 1461 1410 ἀτελευτήτου
1481 1376 1529 1402 καὶ
1541 1378 1679 1412 μακαρίας
1702 1379 1732 1405 ὲν
1762 1380 1902 1414 πνεύματι

1115 1414 1198 1451 ζωῆς,
1220 1417 1280 1444 κατ’
1293 1419 1396 1446 οἰκείαν
1423 1419 1537 1457 γνώμην
1561 1422 1731 1459 ἀπέρριπται
1745 1432 1754 1440 ο
1781 1425 1829 1452 καὶ
1849 1425 1902 1461 τῆς

1115 1461 1213 1488 ἑαυτοῦ
1228 1465 1366 1500 σωτηρίας
1392 1465 1550 1502 ἐπέρηται,
1577 1468 1622 1495 διὰ
1650 1470 1812 1506 προαίρεσιν
1839 1471 1901 1499 ἀλό-

1115 1512 1219 1538 γιστον.

1413 1556 1539 1585 ΚΕΦΛΛ.
1553 1560 1599 1592 (τ’.

1149 1599 1184 1623 α’.
1201 1597 1260 1631 Titi,
1277 1597 1332 1626 ἐὰν
1356 1599 1490 1636 ἐγγυήσῃ
1517 1603 1576 1629 σὸν
1599 1605 1701 1638 φίλον,
1714 1605 1902 1640 παραδώσεις

1115 1641 1200 1676 χεῖρα
1209 1643 1313 1678 ἐχθρῷ.
1324 1644 1424 1672 Τέκνον
1437 1649 1631 1682 πνευματικὸν,
1648 1651 1672 1677 εί
1684 1651 1726 1682 εις
1735 1652 1785 1686 τὴν
1804 1652 1900 1687 αὔριον

1114 1687 1298 1720 ἐπιδείξασθαι
1314 1690 1344 1716 τὸ
1357 1692 1504 1726 προσφιλές
1520 1702 1560 1720 σοι
1574 1694 1654 1730 σῶμα
1669 1697 1812 1730 μετανοίας
1830 1698 1899 1733 ἔργα

1113 1732 1173 1768 Θεῷ
1187 1734 1342 1771 ἐπαγγέλλῃ
1354 1756 1361 1767 ,
1377 1738 1424 1762 καὶ
1435 1737 1484 1772 τὴν
1501 1739 1621 1774 σήμερον
1642 1741 1692 1772 τὰς
1715 1742 1776 1768 κατ’
1805 1742 1898 1768 ἐπιθυ-

1114 1777 1179 1813 μίας
1194 1779 1241 1806 καὶ
1255 1779 1340 1815 θυμὸν
1355 1781 1490 1816 σαρκικὰς
1507 1783 1629 1819 πληροῦν
1644 1785 1750 1820 ὀρέξεις
1765 1785 1898 1822 βουλόμε-

1111 1831 1167 1856 νος,
1185 1825 1313 1860 παρέξεις
1325 1826 1379 1862 τὴν
1389 1829 1544 1864 πρακτικήν
1559 1838 1606 1856 σου
1626 1830 1744 1866 δύναμιν
1760 1832 1799 1866 τῷ
1814 1832 1898 1867 κοινῷ

1112 1870 1234 1907 πολεμίῳ
1248 1873 1302 1900 τῶν
1324 1874 1467 1910 ἡμετέρων
1481 1875 1589 1911 ψυχῶν,
1610 1878 1651 1910 εἰς
1673 1878 1705 1905 τὺ
1730 1879 1898 1914 ἐργάζεσθαι

1110 1916 1129 1944 ἆ
1141 1926 1182 1944 σοι
1205 1918 1274 1954 πρὸς
1291 1918 1428 1947 ἀπώλειαν
1440 1921 1610 1957 ὑποτίθησιν.

1146 2007 1178 2043 β’.
1193 2008 1286 2043 Παγὶς
1300 2009 1355 2043 γὰρ
1371 2010 1480 2044 ισχυρὰ
1498 2010 1584 2044 ἀνδρί
1598 2010 1634 2038 τὰ
1651 2011 1712 2038 Ϊδια
1724 2012 1822 2046 χείλη.
1839 2012 1895 2047 Θή-

1112 2061 1211 2090 ρατρον
1227 2055 1280 2089 γὰρ
1292 2054 1452 2090 δυσέφικτον
1475 2055 1622 2092 ἀνθρώπῳ,
1650 2057 1667 2092 ἦ
1692 2066 1721 2084 τε
1751 2057 1897 2092 ἐπιθυμία,

1111 2099 1158 2126 καὶ
1172 2100 1186 2126 ὁ
1207 2100 1301 2134 θυμὸς,
1315 2100 1333 2127 ἃ.
1344 2101 1421 2136 δίκην
1435 2101 1548 2136 χειλέων
1565 2103 1701 2137 κεχηνότα
1715 2104 1786 2130 κατὰ
1802 2105 1897 2138 σχέσιν

1111 2144 1179 2178 πρὸς
1202 2144 1236 2170 τὰ
1249 2145 1378 2180 αἰσθητὰ,
1394 2145 1440 2171 τοῦ
1457 2146 1517 2171 κατ’
1529 2145 1631 2182 ἀρετὴν
1655 2146 1756 2181 δρόμου
1785 2148 1832 2174 τὸν
1851 2148 1897 2175 λό-

1110 2196 1160 2221 γον
1174 2188 1308 2215 κωλύουσι
1321 2198 1328 2205 ·
1357 2190 1404 2216 καὶ
1423 2190 1522 2217 πάθεσι
1543 2190 1592 2224 μὲν
1623 2191 1759 2219 δουλεύειν
1775 2193 1824 2228 τὴν
1847 2195 1897 2228 σήμ

273 2222 354 2251 hodie
388 2225 489 2252 serviat
514 2227 723 2262 cupiditatibus,
744 2234 772 2257 et
816 2232 1007 2266 pmnitcntiam
1030 2234 1057 2261 in

1114 2230 1205 2269 μερον,
1227 2235 1276 2268 τὴν
1287 2234 1315 2261 δὲ
1329 2235 1463 2270 κάθαρσιν
1478 2237 1518 2267 εἰς
1529 2222 1579 2271 τὴν
1594 2236 1688 2273 αὔριον
1698 2222 1895 2274 ὑπερτίθεσθαι

270 2268 421 2296 crastinum
436 2271 568 2300 remittat.

305 2313 341 2340 Et
358 2315 462 2349 capitur
477 2315 555 2343 labiis
569 2319 747 2353 propriioris.
765 2321 797 2348 Et
812 2328 960 2357 superatur
977 2323 1059 2351 homo

271 2357 372 2393 iniquis
389 2361 539 2389 voluntatis
561 2371 618 2390 suae
636 2368 878 2400 propensionibus,
895 2377 944 2404 per
973 2370 1055 2404 quam

271 2404 348 2438 quasi
361 2412 408 2439 per
424 2407 562 2441 quoddam
579 2416 622 2442 os,
637 2410 748 2439 virtutis
761 2413 802 2439 vel
831 2414 942 2442 malitiae
972 2415 1057 2450 parti-

270 2457 333 2485 ceps
350 2450 379 2477 tit
391 2451 418 2478 in
434 2453 544 2486 spiritu.

306 2496 389 2524 Vens.
402 2497 429 2524 ὅ.
446 2497 514 2530 Fac,
529 2499 570 2534 ﬁli
583 2502 631 2532 mi,
645 2510 677 2529 ea
689 2510 747 2537 qua
763 2502 811 2529 tibi
823 2511 952 2539 propono,
982 2510 1006 2532 et
1023 2506 1056 2533 li-

270 2540 379 2568 berate.
405 2541 585 2577 Operare,tili
618 2547 779 2581 spiritualis,
808 2556 839 2577 ea
855 2557 916 2584 quae
929 2551 977 2578 tibi
992 2559 1056 2586 pro-

270 2594 353 2625 pono,
369 2592 397 2615 et
407 2589 442 2616 ab
457 2590 559 2626 iniquis
574 2593 682 2624 custodi
698 2597 724 2621 te
736 2594 944 2630 cupiditatibus.

309 2677 410 2705 Venisti
428 2680 455 2707 in
467 2689 560 2708 manus
576 2682 708 2712 malorum
724 2689 830 2720 propter
838 2687 952 2714 amicum
968 2693 1053 2716 tuum.

268 2722 387 2751 Coactus
403 2724 491 2758 fuisti.
512 2731 542 2754 ut
557 2727 600 2755 his
626 2730 790 2763 perniciosis
810 2732 930 2768 capiaris
944 2734 1052 2770 cupidi-

270 2768 383 2802 tatibus.
396 2775 508 2806 propter
521 2772 569 2800 tibi
580 2775 772 2803 charissimam
791 2785 901 2813 corpus.

304 2813 369 2847 Esto
379 2815 468 2856 fortis.
478 2815 545 2844 Esto
562 2818 692 2848 robustus
708 2821 821 2855 spiritus
833 2823 972 2854 ﬁrmitate.

1110 2281 1189 2305 τοῦτο
1205 2280 1455 2314 ἁνδραποδὶζουσιν.

1144 2325 1199 2352 Καὶ
1218 2327 1375 2352 ἁλίσκεται
1402 2328 1539 2361 χείλεσιν
1562 2328 1640 2355 ἰδίου
1653 2330 1812 2364 στόματος.
1837 2332 1893 2358 Καὶ

1109 2371 1253 2404 κρατεῖται
1265 2372 1279 2397 ὀ
1292 2371 1436 2407 ἄνθρωπος
1450 2374 1512 2405 ταῖς
1523 2374 1677 2409 ἀλογίστοις
1709 2377 1818 2411 σχέσεσι
1844 2378 1893 2404 τοῦ

1108 2415 1207 2442 οἰκείου
1236 2418 1430 2451 προαιρετικοῦ
1443 2426 1450 2433 ·
1469 2418 1503 2444 δι’
1514 2416 1545 2445 οὗ
1565 2419 1603 2451 ὡς
1614 2420 1658 2447 διά
1673 2429 1744 2452 τινος
1760 2422 1894 2457 στόματος

1107 2461 1208 2496 ἀρετῆς
1223 2462 1239 2497 ἢ
1256 2463 1354 2494 κακίας
1374 2464 1577 2500 μεταλαμϐάνει
1593 2467 1663 2493 κατὰ
1679 2467 1778 2503 ψυχήν.

1139 2509 1173 2540 γ’.
1189 2508 1281 2540 [Io/et,
1296 2508 1351 2541 υἱὲ,
1364 2508 1383 2535 d
1393 2510 1449 2544 ἐγώ
1463 2519 1513 2537 σοι
1522 2511 1709 2546 ἐντέλλομαι,
1720 2513 1768 2539 καὶ
1784 2513 1892 2543 σώζου.

1113 2551 1257 2587 Ὲργάζου,
1274 2554 1368 2581 τέκνον
1383 2557 1576 2591 πνευματικὸν,
1593 2557 1666 2592 ἅπερ
1679 2567 1719 2584 σοι
1736 2560 1817 2591 αὐτὸς
1826 2561 1893 2586 ὑπο-

1105 2597 1212 2633 τίθημι,
1230 2600 1277 2626 καὶ
1308 2601 1363 2627 ἀπὸ
1389 2602 1446 2628 τῶν
1475 2603 1639 2639 παραλόγων
1671 2604 1807 2639 φυλάττου
1835 2614 1891 2633 πα-

1107 2644 1172 2673 θῶν.

1143 2690 1246 2723 ’Ἥκεις
1261 2691 1316 2726 γὰρ
1328 2693 1372 2725 εἰς
1385 2692 1487 2727 χεῖρας
1503 2695 1605 2721 κακῶν
1621 2695 1670 2723 διὰ
1700 2695 1759 2723 σὸν
1786 2697 1892 2731 φίλον.

1106 2735 1258 2771 Συνελαύνῃ
1273 2737 1326 2772 γὰρ
1339 2739 1380 2769 εἰς
1393 2739 1423 2764 τὸ
1436 2741 1492 2771 τοῖς
1505 2740 1637 2772 τοιούτοις
1653 2741 1786 2777 ὀλεθρίοις
1818 2742 1892 2770 ἁλῶ-

1106 2789 1151 2807 ναι
1167 2781 1275 2814 πάθεσι,
1302 2782 1346 2810 διὰ
1360 2783 1391 2810 τὸ
1405 2785 1555 2820 προσφιλές
1569 2794 1609 2813 σοι
1622 2787 1712 2822 σῶμα.

1141 2827 1221 2854 ἰσθι
1233 2827 1275 2862 μὴ
1287 2828 1479 2864 ἐκλυόμενος,
1497 2831 1563 2859 Ἐσο
1589 2832 1628 2870 μὴ
1652 2833 1698 2860 τὸν
1721 2834 1770 2869 τῆς
1800 2834 1893 2870 ψυχῆς

1106 2880 1153 2897 σου
1168 2873 1243 2898 τόνον
1255 2874 1448 2910 χαυνούμενος.
