2079 3161
187 184 255 216 1273

680 185 951 217 COMMENTARH
972 187 1014 216 IN
1031 187 1260 218 PROVERBIA.

1745 191 1813 224 1274

185 239 244 272 οοῦ,
259 238 398 266 ἐλεύσεται
410 238 536 274 δαψιλὴς,
549 237 593 265 οἶα
605 239 678 275 πηγὴ
696 239 801 274 ἄφθονα
821 242 972 276 προχέουσα

1027 241 1089 270 fons
1102 243 1171 271 dans
1187 244 1316 278 copiosos
1329 242 1442 277 ﬂuctus,
1462 244 1562 271 mchis
1573 244 1682 272 fructus
1698 252 1811 281 operum

185 286 304 319 νάματα,
325 285 343 320 ἠ
359 284 406 311 τοῦ
420 285 528 320 καρποῦ
541 286 597 312 τῶν
610 287 659 321 τῆς
682 286 856 322 δικαιοσύνης
882 287 971 323 ἔργων

186 330 349 366 συγκομιδὴ.

226 377 257 405 Ἡ
270 377 305 404 δὲ
316 376 417 404 ἕνδειὰ
427 384 486 404 σου
501 376 603 411 ὥσπερ
620 379 713 411 κακὸς
730 377 860 413 δρομεὺς
875 379 973 406 ἀπαυ-

184 423 360 458 τομολήσει.
377 423 414 450 Τὸ
427 423 455 450 δὲ
476 423 521 451 διὰ
535 422 566 450 τὸ
582 423 614 450 ὲκ
638 423 719 459 ψιλῆς
738 424 835 460 ἀκοῆς,
861 425 908 452 καὶ
935 426 972 461 μὴ
994 433 998 435 λ

185 469 257 498 κατὰ
272 471 370 504 πεῖραν
383 470 538 505 πρακτικὴν
553 469 652 496 ειδέναι
665 478 694 496 σε
716 471 746 496 τὺ
760 470 844 502 ὅντως
859 470 972 504 ἀγαθὸν,

185 515 286 551 προσόν
304 523 346 542 σοι
360 514 457 550 πρώην
479 514 543 550 περὶ
559 515 609 550 τὴν
623 515 718 542 τούτου
744 515 846 549 γνῶσιν
870 515 971 549 ἐνδεὲς,

185 560 314 595 φεύξεται
325 560 381 588 ἀπὸ
399 561 448 587 σοῦ
465 569 473 577 υ
492 561 543 587 οὑκ
572 561 656 592 ὀξέως
675 560 770 595 ὥσπερ
791 562 824 596 τῇ
852 561 975 597 ἀπραξίᾳ

184 606 232 633 τοῦ
246 606 329 633 καλοῦ
353 607 554 641 παραγέγονεν,
570 607 637 634 ἀλλὰ
651 606 839 642 σχολαιότερον
853 609 914 639 ταῖς
925 616 975 633 κα-

184 651 218 678 τὰ
238 652 321 687 μέρος
343 651 486 686 ἐργασίαις
500 651 555 677 τῶν
570 651 695 683 ἐντολῶν,
708 651 746 683 ὡς
759 651 853 683 ἂτονός
864 660 905 683 τις
915 651 976 687 δρο-

186 697 266 733 μεὺς,
282 696 327 723 διὰ
340 696 432 731 τὸτῆς
454 697 577 732 κτήσεως
599 696 646 723 τοῦ
677 697 782 730 ἀγαθοῦ
811 698 975 731 πρόσαντες.

221 741 264 777 ιβ’.
283 741 373 776 Ἀνὴρ
402 741 505 776 ἄφρων
537 742 587 769 καὶ
614 742 795 777 παράνομος,
819 744 976 777 πορεύεται

185 788 275 821 ὀδοὺς
289 789 346 816 οὐκ
377 788 501 822 ἀγαθάς.
530 788 691 824 Ἀνθρωπος
711 789 817 824 ἀγνοῶν
833 791 864 818 τὸ
890 791 975 822 ὅντως

185 834 276 866 καλὸν,
289 834 336 860 καὶ
349 833 384 860 τὰ
401 834 545 869 παράλογα
560 835 700 870 πράττων,
714 836 742 861 ὲν
753 836 843 862 σκότει
860 835 973 869 ἀγνοίας

184 881 232 907 καὶ
245 879 441 916 προσκόμμασι
462 880 572 913 κακίας,
589 881 638 916 τὴν
653 880 751 908 ἑαυτοῦ
771 881 843 917 ζωὴν
871 881 975 916 διεξέρ-

184 935 271 962 χεται.

219 971 264 1006 ιγ’.
285 972 316 998 '0
336 971 363 998 δ’
397 971 488 1004 αὐτὸς
519 971 635 998 ἐννεύει
661 971 814 1006 ὀφθαλμῷ,
833 972 972 1007 σημαίνει

181 1017 217 1045 δὲ
230 1017 310 1049 ποδί,
330 1016 466 1044 διδάσκει
482 1017 518 1044 δὲ
535 1018 668 1052 νεύμασι
684 1017 851 1045 δακτύλων.
879 1018 909 1044 ⁴0
921 1018 970 1044 αὑ-

182 1064 263 1096 τὸςδὲ
279 1064 328 1090 ἅτε
340 1063 374 1090 τὰ
386 1063 560 1098 προσήκοντα
570 1064 626 1094 τοῖς
645 1063 733 1097 λόγοις
744 1063 843 1097 ἀγαθὰ,
851 1064 897 1090 καὶ
909 1063 971 1096 ἄξια

182 1109 290 1145 γλώττῃ
302 1108 488 1145 προφέρεσθαι
508 1109 555 1135 καὶ
577 1108 643 1135 ὠσὶν
667 1109 825 1141 ἀκούεσθαι,
860 1108 896 1144 μὴ
916 1108 972 1135 δια-

181 1152 366 1189 λογιζόμενος,
378 1153 481 1179 δέδοικε
494 1153 598 1188 ῥήμασι
618 1154 768 1189 προφέρειν
778 1154 808 1180 τὸ
822 1153 877 1181 τῶν
887 1153 970 1181 αὑτοῦ

182 1197 382 1235 ἐνθυμημάτων
404 1199 679 1234 πεπανουργευμένον
695 1200 742 1226 καὶ
755 1200 864 1235 δολερόν
878 1207 884 1214 ·
915 1200 970 1226 πά-

182 1244 225 1272 λιν
239 1245 271 1280 δὴ
291 1245 436 1277 κοινωνούς
450 1254 529 1276 τινας
552 1245 624 1280 ἔχειν
647 1245 700 1271 τῶν
731 1246 858 1282 πονηρῶν
886 1246 970 1273 αὑτοῦ

182 1291 381 1326 διανοημάτων,
396 1291 501 1317 οἴκοθεν
515 1290 686 1326 βιαζόμενος,
717 1290 858 1326 ὀφθαλμοῦ
869 1300 900 1318 τε
923 1292 970 1318 καὶΙ

183 1337 263 1367 ποδὸς
302 1336 350 1363 καὶ
374 1336 514 1363 δακτύλων
538 1336 640 1371 χειρὸς,
666 1337 792 1371 πονηρῶς
815 1337 967 1372 ἐσχηματι-

184 1382 292 1417 σμένοις
304 1382 446 1416 κινήμασι,
460 1380 557 1417 μηνύει
571 1381 602 1408 τὸ
616 1381 744 1417 βουλητὸν
756 1381 830 1418 αὑτῷ
840 1384 896 1414 τοῖς
907 1383 970 1418 ὁμο-

182 1429 293 1464 τρόποις
312 1427 407 1455 αὑτοῦ.

217 1475 259 1502 ιδ’.
270 1473 491 1508 Διεστραμμένη
511 1472 545 1500 δὲ
557 1472 664 1507 καρδίᾳ
678 1473 862 1500 τεκταίνεται
879 1473 968 1501 κακά,

182 1518 428 1556 Παρεγκεχ).ιμὲνῃ
446 1519 474 1544 δὲ
486 1517 532 1544 τοῦ
562 1517 657 1546 εὐθέος
685 1517 801 1553 διανοίᾳ,
819 1518 855 1545 τὰ
884 1519 971 1554 παρά-

182 1566 249 1601 λογοι
263 1566 473 1602 διαπράττεται.

217 1614 271 1640 Ἐν
282 1615 372 1640 παντὶ
382 1614 473 1648 καιρῷ
484 1616 499 1642 d
512 1615 647 1648 τοιοῦτος
658 1614 791 1650 ταραχὰς
802 1614 970 1647 συνίστησι

182 1660 279 1688 πόλει.
300 1657 386 1693 Οὗτος
399 1663 472 1689 κατὰ
488 1662 578 1689 πάντα
595 1662 692 1698 καιρὸν
709 1662 865 1698 εὐπραγίας
880 1661 970 1696 ἥδυσ-

182 1707 315 1742 πραγίας,
343 1708 462 1744 τάραχον
486 1709 581 1735 παθῶν
605 1709 676 1736 κατὰ
698 1709 812 1743 γνώμην
828 1708 970 1744 ὐφιστᾷτῇ

183 1752 236 1788 ἰδίει
267 1753 357 1789 ψυχῇ*
374 1753 404 1779 ὲν
462 1754 608 1790 περιπολεῖ
634 1754 705 1781 κατὰ
728 1753 848 1780 διάθεσιν
864 1752 972 1788 ήτριάς

181 1800 235 1825 τῶν
249 1800 352 1835 ταύτης
364 1800 506 1835 δυνάμεων
517 1809 524 1816 ·
539 1801 648 1832 στάσεις
675 1800 792 1835 ἐγείρων
807 1799 854 1826 τοῦ
871 1808 902 1826 τε
912 1799 973 1826 ἑπι-

182 1846 335 1881 θυμητικοῦ
353 1847 400 1872 καὶ
418 1846 466 1873 τοῦ
491 1845 608 1880 θυμικοῦ
637 1846 709 1872 κατὰ
735 1846 782 1872 τοῦ
803 1844 970 1879 λογιστικοῦ,

181 1894 212 1919 ἐν
242 1892 281 1928 τῷ
309 1893 380 1928 μήτε
408 1893 469 1920 κατ’
500 1893 648 1928 ἐπιθυμίαν
677 1892 730 1919 τῶν
752 1892 838 1927 ἡδέων
869 1893 971 1927 ἐγκρα-

181 1939 328 1972 τεύεσθαι,
355 1940 423 1976 μήτε
453 1940 523 1967 κατὰ
553 1939 639 1975 θυμὸν
668 1940 818 1974 ὑπομένειν
850 1938 886 1966 τὰ
912 1938 970 1966 θλι-

182 1983 211 2010 ϐε
216 1985 260 2019 ρά.

218 2033 258 2059 ιε’.
271 2033 319 2062 ις’.
335 2031 386 2057 Διά
408 2030 496 2057 τοῦτο
527 2030 674 2064 ἐξαπίνης
693 2030 810 2065 ἔρχεται
831 2029 967 2058 ἀπώλεια

181 2075 285 2107 αὑτοῦ,
296 2075 423 2110 διακοπὴ
438 2076 488 2103 καὶ
501 2077 648 2110 συντριϐῇ
659 2077 792 2109 ἀνίατος,
811 2076 854 2104 ὅτι
869 2077 967 2110 χαίρει

181 2121 230 2148 ἐπὶ
242 2121 338 2149 πᾶσιν
351 2119 397 2154 οἷς
408 2121 518 2156 μισεῖό
529 2122 646 2156 Κύριος.
661 2122 759 2149 Ἐνοεν
772 2131 813 2148 τοι
822 2122 969 2156 αἰφνιδίως

183 2167 328 2203 ἐπέρχεται
350 2167 466 2203 τούτῳή
484 2168 565 2195 αὑτοῦ
581 2168 780 2204 ὲξολόθρευσις,
807 2168 970 2204 ὑπάρχουσα

181 2213 322 2248 χωρισμός
339 2222 369 2240 τε
385 2213 476 2248 ψυχῆς
486 2214 540 2240 ἀπὸ
552 2213 690 2247 σώματος,
701 2215 747 2240 καὶ
763 2214 876 2246 κόλασις
891 2214 970 2246 τέλος

1020 287 1144 322 justitim.

1061 376 1118 403 Tua
1134 380 1223 403 autem
1239 381 1351 411 egestas,
1372 382 1402 405 ut
1415 378 1502 405 malus
1513 387 1618 413 cursor,
1629 379 1704 415 longe
1718 380 1811 417 fugiet.

1025 421 1085 449 Eta
1110 427 1135 449 te
1163 423 1242 458 longe
1254 423 1339 458 fugiet
1367 424 1489 451 defectus
1527 425 1648 452 scientia:
1673 426 1756 459 boni,
1784 427 1811 453 in

1024 475 1104 503 quem
1137 467 1257 495 incidisti
1275 475 1330 495 non
1354 472 1459 496 attente
1479 468 1629 502 audiendo,
1646 473 1674 497 et
1703 471 1811 505 praxim

1024 516 1082 543 veri
1093 515 1328 550 honiignorando,
1344 524 1400 544 non
1426 517 1538 552 quidem
1571 518 1712 551 velociter,
1738 518 1812 547 sicut

1025 561 1184 596 supervenit
1198 561 1226 588 in
1240 565 1266 588 te
1282 561 1347 589 boni
1366 563 1540 598 negligentia,
1559 564 1606 591 sed
1617 564 1720 591 lentius
1745 572 1811 600 par-

1025 608 1073 635 tim
1088 615 1170 642 quam
1182 609 1374 635 mandatorum
1392 609 1527 644 impletio.
1554 609 1654 637 similis
1668 610 1811 645 languenti

1025 653 1146 685 cursori,
1161 654 1196 680 ob
1212 653 1325 681 virtutis
1344 653 1538 689 acquisitionis
1551 653 1758 683 diilicultatem.

1061 743 1145 771 Vens.
1165 742 1209 769 12.
1223 742 1271 769 Vir
1285 743 1438 770 insensatus
1453 747 1477 770 et
1497 743 1605 778 iniquus
1616 744 1738 771 ambulat
1767 753 1813 779 per

1026 789 1082 816 vias
1095 798 1146 816 non
1159 790 1251 817 bonas.
1267 789 1315 817 Vir
1328 790 1454 818 nesciens
1486 798 1581 817 verum
1599 791 1701 818 bonum
1716 798 1741 819 et
1761 793 1814 820 ini-

1027 843 1079 870 qua
1092 835 1208 867 faciens,
1230 835 1257 862 in
1270 835 1392 863 tenebris
1408 836 1580 871 ignorantiae,
1596 836 1662 864 etin
1675 837 1813 865 scandulis

1028 881 1149 915 malitize,
1167 881 1251 908 vitam
1268 889 1344 909 suam
1357 881 1443 909 ducit.

1059 968 1274 1004 Vens.l3.lp3e
1285 974 1373 996 autem
1405 969 1500 997 annuit
1523 969 1619 1002 oculis,
1647 970 1708 997 terit
1736 971 1812 1006 pede,

1024 1016 1108 1051 signis
1119 1015 1262 1051 digitorum
1279 1015 1366 1043 docet.
1383 1015 1431 1043 Ille
1445 1020 1548 1049 autem,
1582 1016 1654 1044 bona
1675 1020 1702 1044 et
1727 1021 1812 1050 recta,

1025 1062 1161 1090 mandatis
1172 1062 1305 1097 imperata
1314 1069 1365 1089 nec
1377 1069 1425 1089 ore
1439 1061 1514 1097 loqui
1528 1069 1579 1089 nec
1594 1062 1708 1089 auribus
1717 1062 1814 1090 audire

1024 1106 1130 1140 volens,
1154 1106 1247 1134 verbis
1260 1107 1433 1134 mendacium
1461 1111 1490 1135 et
1521 1107 1658 1135 fallaciam
1686 1115 1810 1135 suorum

1025 1152 1204 1179 consiliorum
1220 1160 1274 1180 non
1286 1153 1383 1186 audet;
1400 1152 1449 1180 sed
1465 1153 1569 1187 denuo,
1583 1153 1718 1180 malarum
1737 1153 1812 1188 cogi-

1026 1198 1158 1225 tationum
1178 1198 1269 1226 socios
1282 1198 1383 1226 habere
1398 1199 1514 1234 cupiens
1542 1199 1569 1226 in
1585 1199 1687 1233 seipse,
1703 1202 1730 1225 et
1741 1206 1810 1226 ocu-

1025 1245 1125 1278 lorum,
1142 1250 1170 1273 et
1181 1245 1290 1280 pedum,
1303 1250 1330 1272 et
1338 1245 1485 1280 digitorum
1497 1245 1586 1272 medio
1601 1245 1740 1273 sitnulatis
1753 1252 1811 1270 ma-

1011 1291 1058 1318 -lis
1075 1292 1216 1326 cperibus,
1237 1292 1276 1320 eis
1289 1292 1335 1327 qui
1353 1294 1449 1321 eadem
1469 1300 1501 1320 ac
1515 1293 1575 1328 ipse
1585 1293 1720 1324 sentiant,
1731 1298 1811 1318 suam

1024 1338 1184 1365 manifestat
1197 1338 1381 1366 voluntatem.

1060 1480 1145 1509 Vens.
1163 1481 1208 1508 14.
1226 1479 1312 1509 Corde
1323 1487 1406 1515 pravo
1418 1479 1590 1506 machinatur
1609 1479 1694 1506 mata.
1713 1477 1812 1506 Anima

1024 1534 1039 1554 a
1056 1531 1131 1555 recto
1147 1530 1262 1559 remota,
1281 1526 1375 1562 iniqua
1387 1529 1531 1561 operatur.

1058 1616 1136 1645 Omni
1153 1622 1277 1652 tempore,
1290 1618 1340 1645 iste
1351 1617 1494 1646 seditiones
1514 1616 1615 1644 excitat
1645 1616 1674 1642 in
1696 1615 1812 1642 ciuitate.

1023 1666 1069 1693 llle
1081 1670 1170 1694 autem
1182 1667 1240 1694 sive
1255 1665 1451 1702 prosperitatis
1464 1665 1523 1693 sive
1541 1664 1708 1692 calamitatis
1739 1667 1811 1690 tem-

1024 1718 1101 1746 pore,
1127 1711 1272 1738 tumultum
1303 1711 1485 1746 cupiditatum
1510 1709 1666 1738 voluntarie
1696 1708 1814 1737 suscitat

1023 1756 1122 1783 animae
1136 1763 1204 1789 suae,
1224 1756 1252 1783 in
1270 1764 1324 1791 qua
1345 1756 1498 1783 constituta
1526 1755 1578 1782 fuit
1591 1755 1704 1782 trinitas
1716 1757 1814 1789 poten-

1022 1803 1122 1830 tiarum
1139 1802 1289 1836 :aqnietc,
1320 1801 1564 1837 concupiscibilem
1589 1805 1618 1828 et
1645 1801 1811 1828 irascibilem

1021 1849 1183 1884 excitatope
1203 1848 1409 1881 intellectualis,
1425 1852 1456 1875 ut
1479 1848 1543 1880 illae,
1566 1855 1615 1875 nec
1641 1847 1811 1882 voluptatum

1022 1894 1218 1928 cupiditatibus
1242 1894 1389 1930 imperent,
1410 1901 1462 1922 nec
1477 1894 1587 1922 fortiter
1616 1893 1812 1921 tribulationes

1022 1940 1189 1968 sustineant.

1056 2030 1139 2059 Vsus.
1154 2030 1197 2063 l5,
1214 2031 1256 2058 16.
1275 2030 1380 2058 Idcirco
1394 2030 1482 2058 subito
1501 2031 1586 2058 veniet
1595 2030 1715 2066 perditio
1733 2030 1811 2065 ejus;

1022 2077 1142 2112 fractura
1165 2081 1189 2104 et
1209 2077 1349 2104 tribulatio
1361 2085 1412 2104 non
1439 2076 1585 2109 sanabiles,
1609 2077 1672 2111 quia
1703 2075 1814 2102 lcetulur

1020 2123 1048 2150 in
1061 2123 1094 2150 iis
1108 2130 1166 2158 quin
1179 2123 1235 2149 odit
1246 2122 1384 2149 Dominus.
1404 2121 1471 2150 lnde
1496 2124 1586 2149 veniet
1603 2121 1652 2149 tibi
1672 2121 1811 2155 insperata

1021 2167 1185 2199 destructio,
1199 2167 1399 2202 separationem
1412 2167 1511 2194 anima:
1525 2174 1643 2201 operans
1657 2173 1671 2192 a
1684 2173 1808 2201 corpore.

1020 2217 1048 2240 et
1077 2212 1240 2248 supplicium
1258 2212 1318 2240 sine
1344 2213 1397 2240 line
1413 2212 1548 2245 atterens;
1574 2212 1640 2247 quia
1655 2213 1764 2239 laetatur
1784 2210 1812 2237 in

181 2258 232 2285 οὐκ
257 2257 372 2294 ἔχουσα·
389 2258 457 2286 διότι
487 2258 700 2294 ὲπευφραίνεται
722 2259 804 2286 πᾶσιν
820 2257 860 2291 οἷς
893 2260 968 2295 μισεῖ

1023 2257 1055 2284 iis
1066 2265 1128 2292 quze
1141 2257 1200 2285 odit
1216 2257 1288 2286 Deus
1301 2258 1425 2286 omnium
1444 2257 1588 2290 Dominus,
1605 2261 1633 2284 et
1644 2256 1812 2285 versaturin

180 2306 195 2331 ὀ
209 2304 318 2331 πάντων
330 2304 468 2338 Δεσπότης
481 2304 558 2336 Θεὸς,
572 2305 619 2331 καὶ
633 2305 847 2340 ἀποστρέφεται.

216 2351 448 2386 Συντριϐήσεται
456 2350 491 2377 δὲ
506 2350 544 2377 δι’
553 2351 742 2385 ἀκαθαρσίαν
752 2351 867 2386 ψυχῆς.
879 2350 968 2378 Κολα-

182 2396 311 2431 σθήσεται
321 2396 354 2428 δ’,
365 2396 402 2428 ὡς
411 2397 530 2432 εἴρηται,
549 2397 593 2423 διὰ
603 2397 648 2424 τὸν
661 2399 693 2424 ὲκ
702 2397 749 2424 τοῦ
766 2398 897 2434 βορϐόρου
913 2397 968 2424 τῶν

181 2442 276 2468 παθῶν
293 2441 431 2476 μολυσμὸν
446 2443 496 2478 τῆς
509 2443 598 2478 ψυχῆς
611 2443 719 2470 ἑαυτοῦ.

216 2487 261 2520 ιζ’.
288 2489 460 2524 ὀφθαλμὸς
487 2489 641 2524 ὑϐριστοῦ.
674 2489 789 2525 Βλέμμα
817 2489 969 2526 μεμψιμοί-

182 2542 240 2569 pou.

214 2579 318 2613 Χεῖρας
331 2580 492 2614 ἐκχέουσιν
504 2579 578 2616 αἷμα
592 2581 720 2610 δίκαιον.
746 2581 865 2618 Πρὰξεις
892 2590 968 2616 μιαι-

181 2626 255 2660 φόνοι
266 2627 335 2653 κατὰ
349 2626 457 2653 δικαίου
470 2627 578 2661 ἀνδρός.

216 2674 261 2705 ιη’.
288 2672 402 2705 Καρδία
415 2672 632 2707 τεκταινομένη
648 2673 814 2707 λογισμοὺς
845 2673 966 2705 κακούς.

180 2716 289 2744 Διάνοια
301 2717 507 2753 ἑπιτεχνωμένη
521 2718 642 2753 πονηρὰς
656 2718 833 2754 ἐνθυμήσεις.

214 2764 269 2790 Kal
284 2763 376 2797 πόδες
392 2764 630 2796 ἐπισπεύδοντες
644 2763 828 2791 κακοποιεῖν.
855 2764 908 2791 Καὶ
922 2765 968 2799 ὁρ-

181 2810 231 2844 μαὶ
250 2810 289 2842 εἰς
308 2810 411 2846 βλάϐην
429 2810 477 2837 τοῦ
496 2810 580 2842 πέλας
595 2810 820 2845 ὲπιταχύνουσαι.

214 2855 546 2890 Ἐξολοθρευθτήσονται.
562 2856 742 2892 Χωρήσουσιν
766 2857 806 2887 εἰς
828 2856 966 2884 ἀπώλειαν

179 2901 311 2935 παντελῆ,
330 2901 367 2933 ὡς
378 2902 438 2937 Θεῷ
453 2902 500 2933 καὶ
514 2901 669 2938 ἀνθρώποις
682 2901 845 2937 μισούμενα.

1023 2303 1087 2331 illis.

1058 2349 1374 2385 Conterelurignaminia
1389 2349 1511 2383 spiritus.
1543 2348 1576 2376 Et
1603 2349 1676 2377 sicut
1705 2348 1813 2376 dictum

1025 2396 1192 2431 supplicium
1220 2396 1308 2428 dabit,
1327 2401 1439 2431 propter
1463 2396 1563 2423 animae
1587 2403 1645 2423 sum
1663 2396 1811 2427 maculam,

1023 2446 1113 2469 ortam
1123 2449 1157 2469 ex
1171 2446 1293 2469 stercore
1309 2442 1505 2477 cupiditatum.

1058 2486 1142 2515 Vsus.
1164 2487 1207 2514 Π.
1227 2486 1326 2516 Oculus
1345 2488 1460 2521 superbi.
1478 2487 1583 2515 Oculus
1599 2486 1633 2514 de
1663 2486 1726 2513 aliis
1741 2494 1807 2520 que-

1023 2533 1123 2560 rentis.

1060 2579 1155 2606 Manus
1167 2580 1328 2613 eﬂ'uudentes
1352 2581 1508 2614 sanguinem
1527 2580 1645 2615 justum.
1676 2580 1812 2607 Actiones

1022 2623 1126 2651 homini
1143 2625 1218 2660 justo
1235 2629 1349 2652 mortem
1370 2625 1525 2652 atterentes.

1059 2668 1138 2697 Vens.
1157 2670 1198 2697 l8.
1211 2669 1264 2698 Cor
1285 2670 1440 2697 machinam
1471 2670 1648 2705 cogitationes
1661 2670 1805 2704 pestilitas.

1021 2716 1158 2750 Cogitatio
1170 2716 1239 2742 mala
1254 2716 1370 2743 consilia
1388 2716 1563 2743 tuacliinans.

1056 2761 1091 2788 Et
1118 2761 1194 2796 pedes
1214 2761 1370 2796 festinantes
1387 2761 1423 2788 ad
1442 2762 1542 2788 malum
1571 2761 1726 2796 faciendum
1776 2760 1810 2786 Et

1021 2808 1136 2836 consilia
1146 2809 1179 2836 ad
1193 2808 1341 2844 perniciem
1358 2808 1474 2843 proximi
1492 2808 1660 2836 festinantia.

1056 2853 1324 2882 Extcrminubuntur.
1363 2853 1554 2889 Properabunt
1585 2853 1619 2881 ad
1659 2852 1808 2888 perfectam

1022 2901 1213 2936 perditionem,
1232 2909 1293 2927 cum
1309 2900 1362 2928 sint
1375 2905 1401 2927 ct
1412 2900 1573 2929 hominibus
1587 2903 1613 2928 ct
1633 2899 1688 2927 Deo
1701 2899 1808 2926 odiosa-

1852 1767 1871 1781 Ο
