2079 3161
177 179 245 213 1277

718 185 987 215 COMMENTARII
1005 185 1046 216 IN
1068 186 1298 217 PROVERBIA.

1745 185 1815 218 1278

176 239 258 273 ἔργον
281 247 340 273 σου,
359 239 402 267 ῐνα
410 249 436 267 τι
453 240 521 277 εὕρῃ
535 240 664 277 διαϐολῆς
679 242 765 276 ἀξιον,
777 243 824 269 καὶ
834 242 969 278 διαϐάλλῃ

1026 248 1052 271 ιιι
1066 244 1171 279 aliquid
1187 243 1334 271 calumniae
1350 241 1462 278 dignum
1478 241 1609 273 inveniat,
1641 244 1668 268 et
1686 249 1734 276 per
1765 242 1817 270 l:oc

176 286 208 312 ἐκ
223 287 320 312 τούτου
335 287 382 314 καὶ
402 287 450 322 τὴν
460 288 614 324 ἀμώμητον
626 289 717 315 πίστιν
733 298 793 316 σου.

211 335 261 359 κε’.
279 333 338 364 ΥΙὲ,
348 334 390 368 μή
401 340 439 360 σε
450 334 566 368 νικήσῃ
578 334 710 368 κάλλους
729 336 880 370 ἐπιθυμία,
907 336 972 362 Λοι-

148 380 151 383 ’
177 377 238 410 πδν,
257 378 286 404 ὲν
305 379 400 414 Κυρίῳ
415 379 522 413 τέκνον,
539 380 577 415 μή
589 388 618 406 σε
636 381 743 418 ήττήσῃ
758 381 875 413 κάλλους
883 381 972 418 χρόνῳ

178 423 379 458 μαραινομένου
394 423 536 463 ἀλόγιστος
548 425 653 460 ἔφεσις.

211 468 297 504 Μηδὲ
310 470 459 505 omnem
474 471 542 504 σοῖς
551 471 726 507 ὀφθαλμοῖς.
741 471 816 507 Μηδὲ
838 472 971 507 παγιδευ-

177 514 227 549 Θῇς
242 514 296 541 ἀπὸ
308 515 362 541 τῶν
384 515 439 542 σῶν
455 516 615 552 ὀφθαλμῶν,
633 517 709 554 ὥραν
736 517 867 552 γυναικὸς
892 526 974 553 περι-

178 559 267 596 έργως
282 561 421 597 ὁρώντων.

204 606 296 643 ’,Μηδὲ
311 608 531 642 συναρπασθῇς
545 608 604 636 ἀπὸ
619 607 679 635 τῶν
688 608 784 643 αὐτῆς
795 609 970 644 βλεφάρων.

179 653 256 688 Μηδὲ
269 653 312 679 διὰ
337 653 392 679 τῶν
409 654 662 689 προσκαλουμένων
687 663 718 681 σε
741 655 809 690 πρὸς
831 655 905 690 μίξιν
932 656 974 682 αί-

181 699 267 734 σχρὰν
280 698 425 734 βλεφάρων
440 700 730 736 αὑτῆς,συνελκυσθῇς
742 701 857 736 ταχέως,
867 701 913 728 καὶ
926 700 973 728 τοῦ

181 744 319 779 σώφρονος
332 746 379 771 καὶ
393 745 593 782 καθεστηκότος
609 747 709 782 ἐκστῇς
723 747 867 782 λογισμοῦ.

216 794 273 823 κζ’.
294 791 365 826 Τιμὴ
384 792 438 826 γὰρ
462 792 588 826 πόρνης,
609 792 681 818 ὡσεὶ
693 792 742 819 καί
774 793 843 826 ἐνὸς
870 792 972 826 ἄρτου.

180 837 318 872 Μισοωμα
343 839 398 872 γὰρ
425 838 557 872 γυναικὸς
581 838 694 873 πόρνης,
720 838 878 873 ἐλάχιστον·
908 838 974 865 ὡσεὶ

181 886 290 921 τίμημα
323 886 408 921 ἄρτου
439 886 513 918 ὲνὸς,
544 886 625 921 ἡδονὴ
653 886 825 922 πρόσκαιρος
849 886 974 921 ὑπάρχον

1026 295 1101 317 tuam
1116 288 1387 323 irrcprelicnsibilem
1406 287 1487 315 iidem
1499 287 1695 315 calumnietur.

1061 334 1146 362 Vens.
1162 334 1207 361 25.
1223 333 1288 366 Fili,
1303 342 1335 361 ne
1345 338 1369 360 te
1385 334 1475 361 vincat
1489 332 1696 367 pulchritudinis
1707 333 1815 368 cupido.

1025 380 1054 408 In
1066 381 1182 415 reliquo,
1196 380 1233 407 lili
1247 380 1274 407 in
1287 379 1413 411 Domino,
1425 387 1459 406 ne
1475 383 1501 406 te
1512 383 1623 414 superet
1632 378 1817 413 pulchritudi-

1025 427 1080 459 nis,
1099 434 1160 461 quaa
1176 434 1223 461 per
1245 429 1353 460 tempus
1366 424 1562 460 exstinguitur,
1572 423 1691 451 absurda
1703 423 1815 458 cupido.

1063 473 1104 501 Ne
1131 473 1247 507 capiaris
1269 472 1320 499 tuis
1349 471 1446 499 oculis.
1474 469 1515 498 Ne
1532 470 1651 504 capiaris
1676 469 1731 497 tuis
1750 476 1817 496 ocu-

1026 519 1071 552 lis.
1091 519 1173 547 nimis
1205 517 1285 546 avide
1304 517 1427 545 mulieris
1452 515 1685 552 pulchritudinem
1707 514 1817 549 conspi-

1026 566 1173 594 cientibus.
1670 566 1673 568 ‘

1064 611 1105 640 Ne
1130 621 1146 638 a
1163 611 1261 638 retibus
1280 609 1467 645 palpebrarum
1481 607 1537 643 ejus
1549 606 1676 641 capiaris.
1694 604 1734 632 Ne
1760 605 1818 632 cito

1028 658 1189 694 illaquearis
1215 657 1353 692 palpebris
1371 655 1442 690 ejus,
1465 660 1492 681 te
1508 653 1542 681 ad
1565 657 1672 688 turpem
1687 659 1817 687 congres-

1028 714 1088 734 sum
1101 704 1276 735 vocantibus,
1292 707 1319 731 et
1333 711 1367 730 ne
1385 706 1411 729 te
1427 709 1443 728 a
1459 701 1583 736 sapiente
1601 704 1630 727 et
1645 704 1757 727 sensato
1772 698 1818 733 ju-

1028 753 1102 781 dicio
1114 758 1267 779 removeas.

1063 796 1147 824 Vens.
1166 795 1211 823 ‘26.
1224 794 1370 822 Prwmium
1387 792 1541 824 meretricis,
1565 791 1643 827 quasi
1672 790 1751 817 unius
1767 798 1818 825 pa-

1029 843 1081 870 nis.
1108 842 1255 869 Praemium
1282 840 1407 866 mulieris
1430 838 1597 868 meretricis.
1627 844 1759 872 parvum;
1788 839 1819 861 ut

1029 889 1147 924 pretium
1175 887 1256 914 unius
1286 886 1376 921 panis,
1406 885 1534 919 voluptas
1562 883 1645 917 fugax
1679 881 1816 916 corporis,

181 933 290 967 σαρκὸς,
300 931 338 967 τῷ
353 932 456 967 ταύτης
472 932 779 968 ἡδυπαθεῖὲπαρκοῦσα
805 933 852 959 ἐπὶ
875 933 973 968 βραχύ.

1027 941 1181 970 procurans
1196 932 1278 966 hujus
1291 931 1419 958 amatori.

215 977 300 1011 Γυνὴ
329 977 364 1003 δὲ
383 977 502 1011 ἀνδρῶν
513 977 619 1011 τιμίων
639 978 743 1012 ψυχὰς
763 978 894 1012 ἀγρεύει.
915 978 974 1004 Ἀν-

178 1023 250 1058 δρῶν
264 1024 287 1050 δ’
304 1023 444 1059 ἡτοιαύτη
460 1023 528 1059 γυνὴ
549 1023 692 1058 παγιδεύει
719 1024 819 1059 ψυχὰς,
836 1020 875 1050 ὧν
886 1024 946 1055 ὅλος
961 1024 975 1050 ὁ

179 1069 275 1106 παρὼν
290 1070 393 1105 κόσμος
403 1070 454 1096 οὐκ
469 1070 542 1096 ἔστιν
561 1070 701 1102 ἀντάξιος.

232 1114 341 1147 κζ’-κθ’.
371 1114 532 1148 Ἀποδήσει
552 1123 597 1148 τις
619 1115 679 1149 πῦρ
709 1115 744 1142 ὲν
758 1117 873 1150 κόλπῳ,
890 1115 926 1143 τὰ
941 1115 975 1142 δὲ

178 1161 277 1195 ἱμάτια
298 1162 333 1188 οὑ
362 1161 568 1194 κατακαύσει;
590 1161 608 1195 ἢ
631 1161 829 1195 περιπατήσει
855 1171 902 1195 τις
927 1162 974 1188 ἐπ’

178 1207 337 1241 ἀνθράκων
347 1207 454 1241 πυρὸς,
480 1206 552 1240 τοὺς
564 1207 599 1233 δὲ
612 1207 709 1240 πόδας
724 1209 760 1235 οὐ
770 1207 974 1240 κατακαύσει;

178 1255 272 1287 οὕτως
287 1256 304 1282 ὁ
317 1254 463 1282 εἰσελθὼν
481 1254 557 1289 πρὸς
580 1255 709 1288 γυναῖκα
732 1254 898 1290 iiii/arripere,
918 1255 974 1282 οὐκ

178 1300 398 1336 ἁθωωθήσεται,
409 1300 482 1328 οὐδὲ
497 1301 557 1334 πᾶς
573 1302 589 1329 ὁ
599 1301 768 1336 ἁπτόμενος
785 1301 893 1334 αὐτῆς.
910 1301 975 1327 ’Ὠσ-

179 1355 234 1382 περ
247 1347 301 1383 γὰρ
310 1348 324 1374 ὁ
340 1347 389 1383 μὲν
409 1347 660 1382 ὲγκολπωσάμενος
674 1347 743 1384 πῦρ,
757 1347 928 1375 κατακαύσει
939 1347 974 1374 τὰ

179 1393 286 1429 ιμάτια,
299 1394 345 1421 ὁδ’
357 1394 401 1420 ἐπ’
417 1394 563 1430 ἀνθράκων
582 1394 706 1430 βαδίσας,
721 1395 786 1426 τοὺς
817 1394 900 1426 πόδας
927 1394 974 1421 τὸν

179 1440 262 1469 αὑτὸν
283 1439 385 1475 τρόπον
401 1440 416 1467 ὃ
431 1448 461 1466 τε
483 1439 672 1476 παρεμϐαλὼν
687 1440 794 1473 ὲαυτδν,
810 1439 845 1467 δι’
856 1440 975 1476 αίσχρᾶς

180 1486 317 1522 πράξεως,
336 1486 405 1522 πρὸς
419 1487 540 1521 γυναῖκα.
556 1486 781 1522 συνεζευγμένην
805 1486 895 1522 ἀνδρὶ,
925 1486 976 1517 τὰς

180 1533 227 1560 ἐπὶ
241 1532 282 1568 τῷ
303 1532 418 1568 τοιούτῳ
445 1533 602 1568 ἐγκλήματι
631 1533 682 1560 οὐκ
707 1531 870 1567 ἐκφεύξεται
885 1533 973 1566 δίκας,

180 1579 228 1605 κιύ¹
243 1579 258 1606 ὁ
269 1578 313 1606 ἐπ’
331 1579 401 1614 αὑτῇ
417 1578 488 1605 κατὰ
500 1578 621 1606 διάνοιαν
634 1579 684 1615 τὴν
707 1579 848 1614 ἁμαρτίαν
874 1580 975 1606 ἀποτε-

181 1623 234 1650 λῶν
248 1631 254 1639 ε
271 1624 285 1650 ὁ
304 1617 352 1658 μὲν
382 1623 436 1659 γὰρ
455 1623 486 1650 τὸ
519 1623 598 1659 δίκην
624 1623 712 1659 πυρὸς
734 1623 902 1650 ὑπανάπτων
931 1624 978 1650 τὸν

183 1670 327 1697 σατανικὸν
343 1669 444 1706 ἔρωτα,
460 1670 558 1697 εἴδωλα
568 1670 618 1706 τῆς
635 1671 753 1706 αἰσχρᾶς
765 1670 893 1705 πράξεως
910 1670 979 1696 ἀπο-

182 1716 238 1747 θεὶς
254 1717 287 1751 τῇ
303 1715 393 1751 ψυχῇ,
420 1716 613 1752 ἀποτεφρώσει
637 1716 689 1748 τὰς
718 1717 833 1752 ἀρετὰς,
848 1716 882 1748 ἃς
907 1716 976 1752 αὕτη

181 1761 254 1788 κατὰ
266 1762 431 1798 προαίρεσιν
445 1762 482 1794 ὡς
492 1762 585 1798 ἀμφιά
595 1771 658 1789 τινα
673 1763 822 1798 περιϐεϐλη
829 1762 909 1798 μένη,
924 1762 978 1789 ἀπὸ

181 1807 229 1834 τοῦ
243 1807 381 1843 χειμῶνος
397 1807 562 1842 φυλάττεται
574 1808 630 1835 τῶν
658 1807 755 1836 παθῶν
765 1816 772 1824 ⁸
789 1810 803 1836 ὁ
813 1808 842 1835 δὲ
856 1809 891 1844 τῇ
907 1809 979 1836 κατά

181 1853 301 1880 διάνοιαν
331 1852 432 1888 μελέτῃ
445 1853 489 1879 ἐπ’
506 1853 596 1880 αὐτῶν
609 1854 729 1890 βαδίζων
751 1854 806 1881 τῶν
816 1855 867 1888 τῆς
883 1854 977 1890 ἀμαρ-

181 1898 243 1930 ’ςίας
266 1898 401 1932 ὲμπαθῶν
424 1899 576 1934 λογισμῶν,
600 1899 648 1932 οὓς
661 1900 692 1926 τὸ
704 1900 761 1935 πῦρ
777 1899 901 1935 ἑπανῆψε
926 1899 978 1935 τῆς

183 1943 342 1980 παραλόγου
352 1944 481 1980 ὀρέξεως,
495 1945 641 1981 διαφθερεῖ
655 1945 690 1973 τὰ
700 1945 792 1980 ἀγαθὰ
803 1946 977 1982 διανοήματα

181 1992 232 2026 τῆς
249 1990 355 2026 ψυχῆς·
366 1990 400 2017 δι’
410 1987 459 2023 ὧν,
474 1990 513 2022 ὥς
536 1999 619 2018 τινων
640 1991 740 2025 ποδῶν,
754 1991 823 2027 πρὸς
845 1991 894 2027 τὴν
922 2000 976 2027 μα-

183 2036 282 2072 καρίαν
313 2036 365 2072 τῆς
386 2036 523 2068 ἀπαθείας
548 2037 626 2072 λῆξιν
661 2036 732 2073 αὕτη
759 2037 866 2072 πέφυκε
897 2037 977 2073 φέρε-

184 2082 257 2109 σθαι.

217 2128 250 2155 λ’.
267 2129 307 2156 Οῠ
320 2128 496 2163 θαυμαστὸν
507 2128 561 2155 ἐὰν
583 2127 647 2161 ἁλῷ
671 2137 718 2161 τις
745 2128 895 2156 κλέπτων.
922 2129 978 2156 Καὶ

183 2173 258 2207 ξένον
276 2175 325 2209 μὲν
340 2174 417 2201 οὐδέν
431 2175 516 2206 ὲστιν,
533 2174 581 2200 ὲάν
601 2182 642 2205 τις
658 2174 705 2200 ἐπὶ
727 2174 814 2209 κλοπῇ
840 2174 977 2210 κρατηθῇ,

184 2220 304 2247 κλέπτει
326 2220 381 2256 γὰρ
393 2219 426 2247 ’τὰ
441 2220 581 2255 ἀλλότρια,
594 2220 638 2246 ἴνα
652 2217 690 2247 ὧν
706 2219 763 2256 ἔχει
781 2219 879 2252 ἐνδεῶς
895 2229 976 2255 κορε-

187 2265 249 2302 σοῇ.

218 2311 269 2338 λα’.
287 2312 359 2339 Ἐὰν
369 2312 403 2339 δὲ
421 2313 496 2346 ἁλῷ,
511 2312 650 2340 ἀποτίσει
668 2311 893 2344 ἑπταπλασίως.
915 2312 974 2338 Φω-

185 2357 278 2391 ραθεὶς
290 2358 320 2384 δὲ
335 2359 384 2385 καὶ
402 2358 594 2394 κατασχεθεὶς,
612 2357 748 2385 ἀποδώσει
774 2357 973 2389 ὲπταπλασίως

183 2402 197 2429 ὃ
208 2403 344 2438 ἀφείλετο.

219 2450 271 2477 Kal
287 2450 386 2477 πάντα
400 2451 435 2478 τὰ
448 2450 624 2485 ὑπάρχοντα
634 2449 728 2476 αὐτοῦ
743 2449 826 2482 δοὺς,
842 2449 970 2482 ῥύσεται

183 2496 302 2522 ἑαυτόν.
334 2496 390 2522 Καὶ
418 2497 508 2523 πᾶσαν
527 2496 577 2531 τὴν
603 2495 761 2531 προσοῦσαν
777 2494 851 2529 αὑτῴ
867 2503 975 2530 περιου-
987 2517 993 2522 .

185 2541 245 2568 σίαν
264 2541 424 2577 παρασχὼν,
452 2542 657 2578 ἀπολυθήσεται
677 2541 724 2568 τοῦ
737 2541 860 2568 τοιούτου
875 2541 974 2577 ἐγκλή-

185 2596 279 2622 ματος.

218 2633 268 2669 λβν.
288 2634 318 2660 ’0
327 2633 361 2660 δὲ
368 2633 484 2668 μοιχὸς,
500 2633 537 2660 δι’
548 2633 668 2661 ἔνδειαν
678 2632 806 2669 φρενῶν,
819 2632 974 2660 ἀπώλειαν

183 2677 219 2712 τῇ
236 2679 345 2707 ἑαυτοῦ
359 2679 446 2714 ψυχῇ
475 2679 680 2713 περιποιεῖται.
705 2679 735 2706 '0
749 2679 778 2705 δὲ
793 2687 973 2713 περιπεπτω-

183 2724 241 2756 κὼς
257 2724 296 2760 τῷ
305 2725 357 2760 τῆς
371 2726 497 2761 μοιχείας
506 2725 673 2761 ἐγκλήματι,
681 2725 711 2752 οὺ
722 2724 802 2760 μόνον
810 2725 843 2751 δι’
854 2725 974 2758 ἀφροσύ-

183 2778 243 2804 νην,
257 2770 306 2806 τὴν
319 2771 387 2797 ἰδίαν
401 2771 514 2798 ἀπόλλει
523 2770 611 2806 ψυχὴν
627 2770 699 2797 κατὰ
707 2770 828 2797 διάνοιαν
844 2772 892 2797 καὶ
903 2772 974 2799 κατὰ

186 2816 295 2852 πρᾶξιν,
309 2817 347 2847 ὡς
357 2818 476 2854 εἴρηται,

218 2861 270 2895 λγ’.
289 2862 416 2897 ὀδύνας
434 2872 467 2891 τε
483 2863 533 2891 καὶ
553 2863 675 2898 ἀτιμίαν
704 2862 856 2898 ὑποφέρει.
891 2864 972 2892 Ἀλλά

185 2908 231 2934 καὶ
242 2909 387 2944 αἰκισμοὺς
406 2910 508 2944 σαρκδς
519 2910 567 2937 καὶ
582 2909 674 2945 ὕϐρεις
686 2909 843 2944 ὑφίσταται.

990 1600 1012 1629 C

1061 980 1161 1007 Mulier
1173 979 1363 1006 honoratorum
1386 977 1505 1004 uirorum
1521 976 1626 1002 animus
1642 974 1724 1008 capit.
1741 972 1817 1000 Talis

1026 1027 1126 1054 mulier
1142 1026 1264 1052 virorum
1279 1024 1388 1051 animas
1404 1024 1490 1058 capil,
1517 1022 1619 1057 quibus
1644 1025 1734 1048 totum
1750 1027 1818 1055 prie-

1025 1081 1090 1101 sens
1107 1072 1238 1100 saeculum
1257 1079 1311 1098 non
1329 1074 1419 1105 potest
1436 1069 1602 1104 comparari.

1062 1119 1145 1147 Vsus.
1159 1117 1256 1145 27-99.
1276 1116 1329 1150 Qui
1345 1117 1447 1151 injiciet
1463 1116 1550 1150 ignem
1564 1115 1592 1141 in
1607 1115 1707 1146 sinum,
1723 1118 1747 1140 et
1764 1121 1817 1140 non

1025 1166 1180 1193 vestimenta
1205 1163 1355 1190 ardebunt?
1373 1163 1425 1189 Aut
1447 1161 1597 1188 ambulabit
1621 1168 1700 1194 super
1714 1167 1816 1195 prunas

1025 1211 1106 1246 ignis,
1123 1215 1211 1238 etnon
1226 1210 1428 1245 conﬂagrabuut
1445 1207 1522 1241 pedes
1544 1206 1624 1240 eius?
1640 1207 1679 1234 sic
1705 1214 1757 1233 non
1784 1204 1818 1232 li-

1025 1253 1160 1281 berabitur
1191 1253 1236 1289 qui
1254 1252 1402 1288 ingreditur
1423 1251 1458 1278 ad
1481 1251 1616 1277 mulierem
1632 1249 1817 1284 coniugatam,

1025 1309 1071 1328 nec
1087 1301 1173 1328 ontnis
1199 1300 1244 1336 qui
1262 1300 1286 1327 ei
1300 1299 1394 1327 lueret.
1419 1298 1499 1326 Sicut
1517 1297 1602 1329 enim,
1619 1297 1665 1332 qui
1681 1297 1771 1332 ignem
1788 1295 1816 1322 in

1026 1348 1117 1376 sinum
1135 1347 1228 1379 mittit,
1247 1353 1297 1374 sua
1312 1347 1487 1378 vestimenta,
1501 1348 1529 1372 et
1543 1344 1592 1379 qui
1611 1351 1696 1379 super
1712 1349 1817 1378 prunas

1026 1392 1148 1420 ambulat
1172 1399 1238 1420 snos
1263 1391 1350 1427 pedes
1371 1390 1529 1423 comburit;
1549 1389 1586 1417 ita
1603 1389 1661 1422 ille.
1678 1388 1728 1424 qui
1743 1387 1817 1424 turpi

1027 1442 1090 1466 actu
1115 1438 1237 1474 seipsum
1257 1437 1342 1465 tradit
1357 1436 1468 1464 mulieri
1491 1435 1658 1470 conjngatte,
1680 1437 1708 1462 et
1733 1434 1817 1461 etiam

1027 1484 1073 1518 qui
1091 1490 1138 1518 per
1153 1482 1351 1519 cogitationem
1378 1488 1463 1516 super
1480 1480 1555 1508 illam
1577 1483 1721 1515 peccatum
1750 1486 1817 1514 ope-

1026 1536 1116 1562 ratur,
1136 1530 1220 1564 hujus
1248 1529 1363 1557 sceleris
1394 1535 1490 1563 prunas
1513 1535 1567 1554 non
1593 1526 1723 1562 eﬂttgiet;
1753 1527 1818 1553 talis

1028 1575 1114 1607 enim,
1130 1575 1257 1602 satanico
1273 1581 1379 1606 amore,
1397 1574 1471 1608 quod
1487 1573 1564 1608 juste
1590 1573 1662 1607 ignis
1690 1576 1818 1602 vocatur.

1030 1621 1201 1654 inhaerendo,
1216 1625 1243 1648 et
1266 1622 1294 1648 in
1320 1619 1413 1648 anima
1431 1619 1612 1654 turpitudinis
1640 1619 1743 1646 idolum
1759 1619 1819 1645 col-

1028 1665 1145 1693 locando
1163 1686 1171 1699 ,
1198 1666 1313 1693 virtutes
1342 1665 1398 1701 igni
1414 1665 1509 1697 tradit,
1533 1672 1604 1700 quas
1630 1672 1680 1700 pro
1697 1664 1759 1691 vita:
1775 1671 1819 1691 ra-

1028 1713 1103 1739 tione
1118 1712 1196 1746 quasi
1220 1711 1384 1739 vestimenta
1400 1710 1530 1742 induens,
1551 1710 1642 1738 anima
1665 1717 1681 1737 a
1697 1709 1819 1736 tumultu

1028 1757 1211 1793 cupiditatum
1235 1757 1387 1791 liberatur;
1409 1756 1456 1784 ille
1481 1759 1574 1783 autem
1595 1755 1643 1791 qui
1661 1753 1819 1782 voluntarie

1028 1805 1056 1832 in
1070 1810 1246 1840 peccatorum
1262 1803 1495 1831 tumultuantibus
1509 1801 1632 1829 ambulat
1643 1800 1820 1829 sermonibus

1028 1859 1098 1886 quos
1113 1852 1190 1878 mala:
1206 1850 1345 1885 cupidinis
1365 1847 1491 1877 accendit
1517 1847 1600 1883 ignis,
1618 1847 1705 1875 bonas
1721 1846 1820 1874 anima!

1028 1897 1210 1931 cogitationes
1237 1896 1364 1927 destruit.
1394 1903 1443 1929 per
1466 1902 1537 1930 quas
1567 1896 1636 1926 hac,
1668 1892 1749 1928 quasi
1770 1899 1820 1928 per

1027 1942 1162 1978 quosdam
1186 1941 1280 1977 pedes,
1308 1941 1342 1968 ad
1373 1939 1607 1976 impassibilitatis
1639 1939 1747 1967 beatam
1775 1946 1820 1966 re-

1028 1988 1119 2024 quiem
1136 1987 1279 2024 pervenire
1292 1987 1446 2014 consuevit.

1064 2120 1147 2149 Vsas.
1166 2121 1210 2148 50.
1232 2119 1292 2148 Non
1319 2120 1416 2147 mirum
1436 2120 1460 2147 si
1481 2119 1604 2154 capiatur
1629 2118 1690 2154 quis
1712 2117 1818 2153 furans.

1028 2167 1087 2195 Non
1108 2172 1278 2199 estnovum,
1294 2158 1316 2193 si
1330 2166 1391 2200 quis
1412 2167 1439 2193 iu
1461 2165 1537 2192 furto
1557 2165 1818 2200 comprehendatur.

1029 2213 1149 2241 Furatur
1186 2212 1260 2240 enim
1299 2212 1399 2244 aliena,
1433 2215 1462 2238 ut
1475 2211 1615 2239 nutriatur
1648 2210 1689 2238 eis
1718 2209 1820 2244 quibus

991 2273 1014 2300 ο
1028 2264 1099 2296 eget.

1065 2306 1148 2334 Vens.
1175 2306 1220 2333 51.
1251 2305 1281 2334 Si
1297 2304 1523 2338 deprehendatur,
1542 2303 1634 2332 reddet
1657 2303 1819 2339 septuplum.

1029 2353 1220 2388 Depreliensus
1234 2358 1261 2380 et
1279 2353 1419 2385 detentus,
1445 2352 1540 2379 reddet
1553 2351 1707 2387 septuplum
1725 2357 1821 2378 eorum

1026 2408 1088 2435 qua:
1101 2399 1200 2434 rapuit.

1060 2445 1094 2472 Et
1110 2446 1199 2472 omnia
1215 2453 1265 2472 sua
1281 2445 1360 2476 dans,
1376 2444 1491 2479 seipsum
1507 2443 1641 2471 liberabit.
1657 2443 1690 2470 Et
1709 2450 1819 2471 omnem

1027 2499 1104 2519 suam
1119 2491 1304 2519 substantiam
1329 2490 1440 2518 tradens
1467 2490 1502 2517 ab
1521 2490 1573 2517 hoc
1590 2490 1708 2518 crimine
1719 2489 1820 2517 libera-

1027 2537 1112 2565 bitur.

1057 2627 1140 2654 Vsus.
1156 2626 1202 2654 52.
1223 2627 1335 2654 Adulter
1353 2635 1412 2654 vero
1436 2627 1468 2654 ob
1492 2627 1612 2662 inopiam
1629 2627 1821 2663 cogitationth

1024 2674 1166 2708 perniciem
1192 2681 1248 2701 sua:
1279 2675 1376 2701 animus
1403 2674 1527 2701 attrahit.
1550 2674 1602 2707 Qui
1635 2674 1662 2701 in
1695 2675 1820 2702 tntncliiu:

1025 2722 1127 2750 scelere
1156 2721 1263 2753 incidit,
1294 2729 1348 2750 non
1376 2721 1463 2749 soluat
1501 2726 1612 2757 pr0pter
1636 2730 1715 2749 suam
1749 2722 1820 2749 insi-

1025 2769 1168 2804 pientiam,
1192 2771 1220 2796 et
1233 2776 1281 2803 per
1312 2769 1510 2804 cogitationem
1536 2773 1564 2796 et
1581 2776 1630 2804 per
1654 2776 1724 2805 opus
1752 2776 1821 2804 pro-

1025 2815 1111 2850 priam
1129 2815 1249 2842 animam
1266 2814 1373 2850 perdet.
1388 2819 1419 2842 ut
1434 2815 1538 2843 dictum
1556 2820 1608 2848 est,

1052 2862 1137 2890 Vens.
1157 2862 1202 2889 55.
1233 2861 1344 2890 Dolores
1372 2867 1397 2889 et
1421 2862 1595 2897 ignominiam
1616 2861 1734 2896 suﬂ'eret.
1765 2860 1819 2888 Sed

1023 2909 1104 2938 ctiam
1119 2909 1226 2937 dolores
1251 2909 1376 2945 corporis
1397 2913 1425 2938 et
1439 2909 1584 2945 opprobria
1606 2908 1763 2938 sustinebit.
