2079 3161
175 173 238 206 1281

687 165 921 197 COMMENTAR
929 165 955 194 11
981 163 1017 192 [Χ
1039 163 1267 193 ΡΒΟνΕιὶΒιΑ.

1734 159 1802 191 1282

172 242 213 258 σοι
230 229 354 264 ποίησον.
375 228 420 255 διὰ
440 228 488 262 τῆς
506 226 599 253 πασῶν
614 226 667 252 τῶν
684 223 843 258 πρακτικῶν
858 222 962 258 ἀρετῶν

1023 222 1168 254 generalem
1187 220 1312 248 omnium
1329 221 1512 255 practicarutu
1531 218 1661 246 virtutum
1677 217 1800 245 dilectio-

171 275 358 310 γενικωτάτης
385 273 510 307 ἀγάπης·
529 269 605 307 δι’ἦς
617 272 634 306 ἡ
657 270 725 306 πρὸς
740 270 783 296 τὸν
798 268 865 295 Θεὸν
875 268 961 301 Λόγον

171 323 268 358 ἀγάπη
282 321 458 356 γνωρίζεται.

208 372 239 396 ε’.
254 369 321 396 Ἵνα
335 375 373 394 σε
389 365 506 401 τηρήσῃ
515 365 575 392 ἀπὸ
582 363 725 400 γυναικὸς
736 362 898 396 ἀλλοτρίας
912 360 963 388 καὶ

173 413 319 448 πονηρᾶς.
329 413 425 444 Ὅπως
437 421 466 439 σε
482 411 588 447 φυλάξῃ
602 410 656 437 ἀπὺ
665 408 814 444 ἐπιθυμίας
826 408 888 442 τῆς,
901 407 961 434 κατ’

172 459 289 494 ἔλλειψιν
301 459 350 491 μὲν
365 458 415 492 τῆς
428 457 619 492 σωφροσύνης,
644 454 735 490 ἐώσης
749 454 798 490 τὴν
814 453 963 480 ἀπόλαυσιν

172 505 218 532 τοῦ
230 504 466 540 συναρμοσθέντος
490 503 559 538 αὐτῇ
572 502 652 536 λόγου
672 500 743 528 κατά
755 500 801 527 τδν
816 500 899 534 νόμον
912 499 964 534 τῆς

173 550 348 586 ἀνθρωπίνης
364 549 483 583 φύσεως,
509 549 556 575 καὶ
571 547 679 583 ἐρώσης
694 545 842 573 ἀπολαύειν
866 544 965 572 ἀκολά-

175 607 245 630 στως
261 598 311 632 τῆς
326 596 482 628 πολυειδοῦς
499 595 558 622 κατ’
575 595 702 630 αἴσθησιν
717 593 886 629 προσκαίρου
901 592 964 627 ἡδο-

175 645 234 678 νῆς,
249 644 311 671 καθ’
320 642 508 678 ὑπερϐολὴνόὲ
516 642 615 672 πόνους
626 640 734 675 ἐρώσης
742 639 804 671 τοὺς
814 638 885 666 κατὰ
892 636 965 674 [τὴν]

175 690 230 717 ἀπὸ
244 690 297 716 τῶν
312 690 398 724 ἡδέων
418 687 551 723 ὴλιθιώδη
566 686 742 722 ἐγκράτειαν,
757 685 795 716 ὡς
812 684 966 720 μωραίνου-

176 744 226 762 σαν
238 735 268 761 ἐν
278 733 317 769 τῷ
335 733 372 769 μὴ
396 730 465 760 εἶναι
482 732 526 759 διὰ
542 731 620 764 Θεὸν,
638 729 707 756 ἀλλά
719 727 922 755 ἐπιδείκνυσθαι
932 727 968 753 δι’

178 779 228 807 ἀνθ
233 778 333 815 ρώπων
348 778 508 814 ἀρέσκειαν.

216 825 289 853 Ἐάν
299 824 444 859 σελόγοις
453 823 514 855 τοῖς
521 822 596 856 πρὸς
603 819 871 855 χάρινὲμϐάληται.
880 818 967 853 Εἴπερ

177 880 207 899 σε
224 872 241 907 ἡ
258 870 370 905 τοιαύτη
379 869 512 904 ἐπιθυμία
526 868 664 902 λογισμοῖς
677 868 732 898 τοῖς
748 865 816 901 πρὸς
826 865 932 900 τέρψιν,
950 864 967 898 ἢ

176 918 233 948 τοῖς
247 915 315 951 πρὸς
324 915 434 941 ἔπαινον
447 913 635 949 ὲμΰιΰάσειεν.

215 965 252 996 ς’.
276 961 348 989 Ἀπὸ
359 961 414 997 γὰρ
432 959 554 995 θυρίδος
565 960 600 987 ἐκ
612 959 665 986 τοῦ
685 958 772 986 οἴκου
790 955 896 990 αὐτῆς,
926 955 969 988 εἰς

177 1009 231 1044 τὰς
244 1008 390 1041 πλατείας
406 1007 658 1041 παρακύπτουσα.
695 1004 763 1031 Ἀπὸ
777 1005 832 1039 γάρ
842 1010 914 1034 τινος
929 1001 970 1028 αὶ-

180 1054 312 1090 σθήσεως,
357 1053 394 1085 ὡς
407 1054 436 1079 ἐν
446 1052 521 1088 οἰκίᾳ
537 1052 592 1078 τινὶ
604 1050 775 1086 ὲνδιατρίὸει,
798 1048 971 1084 προκύπτου-

181 1109 215 1128 σα
227 1101 266 1132 είς
279 1100 329 1131 τὰς
350 1100 389 1130 είς
404 1097 541 1125 ἀπώλειαν
565 1096 687 1131 ἀγούσας
718 1095 892 1131 εὐρυχώρους
919 1093 971 1128 τῆς

180 1147 329 1178 ἀκολασίας
344 1145 431 1177 ὁδούς.

217 1192 250 1225 ζ’.
267 1192 322 1218 ⁸ον
337 1190 375 1218 ἂν
390 1190 439 1224 ιδῃ
460 1190 520 1216 τῶν
531 1189 670 1224 ἀφρόνων
695 1188 818 1219 τέκνων,
837 1186 972 1214 νεανίαν

180 1236 271 1272 ἐνδεῆ
300 1235 428 1271 φρενῶν.
453 1232 543 1270 ⁴ᾯτινι
570 1233 605 1261 ἂν
626 1233 724 1269 ἐντύχῃ
748 1233 803 1259 τῶν
822 1232 972 1266 ἀλογίστως

183 1283 313 1319 βιούντων
326 1282 376 1317 τῆς
389 1281 526 1312 ἀπωλείας
539 1280 616 1312 υἱῶν,
630 1281 663 1315 τῇ
677 1279 770 1314 ἡλικίᾳ
784 1278 908 1310 νεάζοντι
921 1277 969 1304 καὶ

182 1330 242 1361 ταῖς
265 1328 362 1364 φρεσὶν
377 1327 477 1354 ἀτελεῖ.

217 1374 254 1410 η’.
268 1373 555 1408 Παραπορευόμενον
563 1371 637 1408 [cod.
647 1369 745 1406 -ένη]
759 1369 839 1404 παρὰ
864 1369 974 1404 γωνίαν

182 1419 218 1446 ὲν
233 1418 345 1451 διόδοις
358 1418 442 1446 oleam
457 1416 561 1451 αὐτῆς.
580 1416 626 1452 Μὴ
654 1415 791 1447 ίθυτενῶς,
822 1414 900 1450 παρὰ
929 1413 974 1440 τὸν

183 1465 262 1500 λόγον
276 1464 305 1491 δὲ
320 1464 370 1499 τῆς
389 1463 562 1499 ἀνθρωπίνης
577 1462 685 1497 φύσεως
702 1461 748 1488 τὸν
762 1461 858 1497 ὥσπερ
874 1460 975 1495 γωνίαν

186 1510 351 1539 συναπτικὺν
366 1510 417 1545 τῆς
428 1519 458 1537 τε
471 1510 570 1545 νοητῆς
586 1509 634 1536 καὶ
646 1509 695 1544 τῆς
711 1508 843 1544 αἰσθητῆς
856 1508 974 1543 φύσεως,

1013 275 1086 300 netu,
1105 275 1152 302 per
1170 275 1253 302 quam
1270 266 1448 303 cognoscitur
1465 273 1542 293 amor
1568 273 1726 292 Sermonum
1740 265 1798 292 Dei.

1043 354 1127 381 Vrsas.
1156 354 1183 381 5.
1202 352 1235 380 Ut
1262 357 1287 379 te
1313 352 1448 380 custodiat
1471 360 1487 379 a
1506 352 1614 378 muliere
1634 356 1760 379 extranea
1777 355 1802 378 ct

1015 401 1098 428 mala.
1116 400 1150 428 Ut
1170 401 1287 435 teipsum
1312 399 1457 427 custodias
1473 407 1488 426 a
1505 399 1668 433 cupiditate,
1693 406 1755 434 quae
1768 406 1802 426 ex

1014 447 1121 475 defectu
1135 446 1287 482 prudentiae
1300 446 1402 478 oritur,
1420 450 1446 473 et
1464 446 1583 481 impellit
1595 445 1629 472 ad
1646 445 1803 481 voluptates

1014 493 1049 521 ad
1065 500 1135 528 quas
1154 500 1187 520 ex
1203 500 1233 519 se
1247 492 1334 520 fertur
1349 491 1470 518 humana
1490 495 1600 522 natura,
1615 495 1642 518 et
1657 499 1718 526 qua:
1730 496 1805 518 amat

1016 539 1070 566 l'rui
1097 539 1276 566 immoderate
1298 538 1381 565 variis
1405 538 1602 572 temporalibus
1625 538 1802 571 libidinibus;

1016 589 1046 612 ut
1063 590 1087 612 te
1103 591 1246 612 removeas
1260 584 1295 610 ab
1309 592 1340 611 ea
1359 591 1421 618 qum
1434 591 1468 610 ex
1489 583 1600 610 virtutis
1619 591 1733 611 excessu
1749 585 1805 610 ori-

1017 633 1072 661 tur,
1085 630 1246 664 cupiditate,
1264 637 1325 664 quae
1348 629 1502 656 delectatur
1520 629 1617 656 insane
1631 629 1664 656 de
1678 629 1803 665 volupta-

1018 676 1092 703 tibus
1119 676 1266 711 superatis,
1296 676 1428 710 glorians,
1450 683 1504 702 nou
1532 675 1606 710 quod
1630 675 1682 703 hoc
1698 676 1734 703 sit
1749 674 1805 702 Deo

1016 721 1180 757 jucundum,
1203 721 1250 749 sed
1265 721 1331 756 quia
1347 720 1410 748 inde
1430 725 1521 756 potest
1534 721 1648 748 exaltari
1661 721 1733 756 apud
1754 721 1806 749 ho-

1018 775 1116 795 nunes.

1054 813 1085 841 Si
1109 819 1133 840 te
1159 813 1324 841 sermonibus
1350 812 1474 840 adoritur
1498 813 1635 847 gratiosis.
1659 813 1687 840 Si
1707 817 1732 840 te
1749 813 1808 840 haec

1020 860 1160 894 cupiditas
1172 859 1347 886 sermonibus
1368 858 1517 894 voluptatis
1530 859 1571 886 vel
1588 859 1725 893 superbiae
1741 860 1808 886 ado-

1020 905 1090 932 riatu
1096 913 1116 932 r.
1598 935 1600 938 ν

1051 950 1133 978 Vsus.
1151 951 1177 977 6.
1205 950 1244 977 De
1268 950 1385 984 fenestra
1399 949 1480 981 enim,
1493 956 1507 976 e
1526 948 1604 975 domo
1618 957 1679 980 sua,
1697 948 1725 975 in
1749 948 1809 983 pla-

1021 1001 1077 1023 teas
1116 995 1291 1030 prospiciens.
1317 994 1401 1028 Quasi
1431 994 1465 1021 de
1494 993 1626 1026 fenestra,
1652 993 1688 1021 de
1714 993 1809 1028 aliqua

1021 1049 1103 1068 sensu
1125 1041 1212 1076 partis
1231 1040 1383 1072 sensitive,
1398 1039 1427 1066 in
1443 1046 1497 1074 qua
1515 1039 1601 1066 veluti
1621 1039 1648 1065 in
1660 1038 1741 1065 domo
1759 1038 1810 1064 ha-

1021 1087 1102 1118 bitat,
1116 1087 1300 1122 prospiciens,
1316 1086 1343 1113 iu
1361 1086 1452 1121 largas
1467 1085 1669 1120 2dissolutionis
1683 1084 1751 1115 vias,
1770 1084 1810 1110 l‘e-

1021 1137 1114 1160 rentes
1130 1133 1162 1160 ad
1182 1138 1309 1159 mortem.

1053 1179 1138 1206 Vsus.
1155 1179 1180 1205 7.
1198 1177 1229 1206 Si
1256 1185 1334 1213 quem
1358 1177 1429 1204 ridet
1444 1177 1644 1203 insensatorum
1655 1182 1810 1209 puerorum,

1021 1226 1143 1261 juvenem
1168 1224 1309 1260 prudentia
1334 1225 1502 1251 destitutum.
1524 1222 1553 1250 Si
1577 1223 1620 1250 cui
1645 1223 1810 1252 occurrerit.

1024 1271 1188 1307 perditionis
1202 1271 1321 1298 ﬁliorum
1339 1277 1393 1296 non
1413 1274 1488 1297 recte
1503 1269 1716 1300 ambulantium,
1731 1272 1812 1296 aetate

1021 1317 1126 1352 juveni,
1141 1317 1286 1352 prudentia
1301 1324 1394 1351 parvo.

1055 1363 1139 1391 Vsus.
1155 1364 1182 1392 8.
1217 1363 1408 1390 Trauseuntem
1434 1361 1514 1396 juxta
1540 1361 1679 1395 angulum,
1716 1361 1743 1387 in
1764 1361 1813 1386 riis

1025 1411 1118 1438 domus
1133 1410 1201 1445 ejus.
1223 1409 1264 1445 (Si
1290 1408 1425 1443 occurrit)
1440 1408 1523 1435 alicui
1541 1407 1658 1434 tiliorum
1675 1414 1726 1436 non
1740 1412 1814 1434 recte

1026 1457 1224 1484 ambulantiqu
1253 1456 1331 1491 juxta
1363 1462 1519 1482 sermonem
1549 1454 1675 1480 humana!
1697 1458 1815 1484 naturae,

1024 1503 1183 1538 juttgentem
1201 1501 1273 1528 inter
1300 1508 1329 1527 se
1342 1505 1472 1535 tauquam
1497 1499 1639 1534 angulum,
1666 1503 1693 1526 et
1710 1502 1814 1533 partem

184 1558 234 1594 τὴν
259 1558 362 1593 γνῶσιν
387 1544 441 1584 τῶν
464 1544 602 1592 αἰσθητῶν
623 1556 690 1582 υἱῶν
715 1555 927 1591 διεξερχομένων
945 1556 973 1581 ὲν

1027 1547 1181 1583 spiritalem
1196 1550 1225 1574 et
1246 1552 1350 1582 partem
1366 1545 1551 1580 corporalem,
1572 1548 1600 1571 et
1625 1544 1708 1571 rebus
1727 1544 1816 1571 sensi-

184 1604 244 1636 ταῖς
267 1603 418 1639 ἐνεργείαις
436 1603 496 1634 ταῖς
530 1602 601 1630 κατὰ
630 1603 665 1628 τὰ
691 1601 875 1637 αίσθητήρια¹
898 1601 978 1628 ἄτινά

186 1651 239 1676 εισι
255 1649 324 1685 πρὸς
341 1649 376 1676 τὰ
390 1648 511 1685 αἰσθητά
525 1649 579 1675 ὁδοὶ
592 1648 648 1674 τῶν
665 1647 818 1683 αἰσθήσεων
831 1656 838 1664 ·
867 1645 912 1679 αῖς
940 1648 978 1679 ὡς

186 1695 216 1723 ἐν
225 1703 298 1722 τισιν
309 1695 396 1726 οἴκοις
410 1693 481 1731 αὕτη
498 1694 673 1730 ἐνδιατρίϐει.
823 1690 826 1693 ’

221 1785 254 1813 θ’.
272 1785 328 1813 Kal
340 1785 496 1813 λαλοῦντα
509 1785 544 1812 ὲν
563 1785 666 1812 σκότει
690 1784 848 1819 ἐσπερινῷ.
879 1785 933 1812 Καὶ
944 1780 979 1818 ᾧ·

187 1840 241 1860 τινι
256 1830 470 1866 διαλογιζομένῳ
488 1831 517 1857 ὲν
526 1831 618 1857 σκότει
640 1832 764 1865 ἀγνοίας,
782 1831 841 1866 μεθ’
851 1831 865 1857 ὃ
878 1831 910 1857 ἂν
928 1831 979 1857 ὑπὸ

189 1877 238 1913 τὴν
263 1877 356 1911 γήϊνον
388 1877 477 1911 σάρκα
496 1876 621 1911 κρυόὦσι
647 1877 718 1902 κατὰ
733 1876 783 1911 τὴν
801 1876 864 1910 περὶ
878 1875 979 1910 ταύτην

190 1922 284 1956 σχέσιν
300 1920 394 1953 αὑτοῦ,
411 1921 438 1947 αἱ
454 1920 649 1955 διαυγάζουσαι
663 1920 751 1956 τούτῳ
767 1920 817 1956 τὴν
844 1920 902 1947 ὁδὸν
931 1921 981 1955 τῆς

188 1966 362 2002 δικαιοσύνης
382 1966 452 1993 θεῖαι
466 1966 589 1999 ἐντολαὶ,
611 1966 706 2002 ὥσπερ
730 1967 782 1993 ὑπο
798 1966 850 2001 γῆν
872 1966 981 1998 ἀκτῖνες

190 2013 313 2048 ἡλιακαι.

234 2057 335 2086 Ἡνίὸια
361 2058 399 2085 ἂν
420 2058 537 2093 ἡσυχία
559 2057 720 2092 νυκτερινὴ
734 2055 755 2093 ᾖ
773 2057 821 2084 καὶ
838 2056 979 2091 ζοφώδης.

197 2105 331 2140 Ὀπηνίκα
342 2105 381 2141 μὴ
394 2104 576 2139 διαλογίζεται
594 2113 622 2130 τι
641 2103 768 2139 χρηστὸν,
783 2103 818 2129 δι’
845 2103 981 2137 ἀγνωσίαν

192 2151 238 2178 καὶ
251 2151 383 2186 ἁορασίαν
397 2151 444 2177 τοῦ
466 2150 551 2181 ὅντως
565 2149 661 2176 καλοῦ.

229 2199 255 2223 ι’.
273 2196 305 2224 Ἠ
319 2196 354 2223 δὲ
377 2195 455 2230 γυνὴ
481 2195 618 2228 συναντᾷ
644 2194 733 2228 αὐτῷ,
758 2193 838 2228 εΐὸος
865 2195 980 2229 ἔχουσα

1029 1593 1101 1620 libus
1124 1592 1291 1623 inltmrendo,
1323 1598 1454 1618 sensuum
1482 1589 1626 1617 scientiam
1649 1587 1814 1620 colentium;

1028 1647 1072 1667 res
1085 1639 1158 1666 enim
1185 1638 1304 1666 sensiles
1332 1641 1396 1665 sunt
1425 1635 1554 1663 sensibus
1577 1635 1703 1669 quaedam
1719 1635 1770 1662 viae
1782 1635 1815 1661 ad

1029 1685 1195 1720 voluptates,
1216 1684 1244 1711 in
1273 1683 1374 1719 quibus
1399 1681 1484 1710 veluti
1513 1682 1540 1709 in
1559 1681 1688 1709 domibus
1712 1680 1818 1708 habitat

1029 1730 1085 1757 illa.

1063 1774 1145 1803 Vens.
1172 1775 1199 1802 9.
1226 1773 1261 1801 Et
1278 1774 1426 1808 loquentem
1449 1773 1477 1800 in
1501 1772 1624 1804 tenebris,
1652 1779 1766 1805 vespere.
1786 1771 1819 1797 it

1030 1822 1155 1857 loquenti
1183 1821 1210 1848 in
1223 1820 1388 1856 ignorantiae
1409 1819 1543 1851 tenebris,
1568 1819 1670 1853 quibus
1690 1817 1819 1845 duranti-

1030 1868 1093 1898 bus,
1109 1866 1188 1902 quasi
1207 1866 1275 1893 radii
1292 1866 1400 1893 solares
1415 1865 1468 1892 sub
1488 1869 1573 1896 terra,
1591 1864 1627 1890 ita
1644 1863 1695 1890 sub
1710 1868 1819 1890 terrena

1030 1921 1126 1945 carne,
1152 1919 1264 1948 propter
1291 1911 1351 1946 ejus
1375 1913 1401 1938 in
1422 1918 1482 1938 eam
1498 1909 1685 1941 dilectionem,
1703 1908 1820 1935 abscon-

1031 1959 1135 1986 duutur
1164 1958 1257 1986 divina
1281 1962 1427 1993 praecepta,
1456 1957 1494 1984 illi
1521 1957 1594 1982 viam
1618 1955 1733 1990 justitim
1755 1954 1823 1980 illit-

1030 2005 1155 2033 strantia.

1066 2051 1180 2085 Quando
1194 2050 1331 2077 silentium
1349 2048 1435 2075 noctis
1452 2053 1477 2074 et
1496 2047 1643 2074 obscuritas
1659 2045 1738 2072 venit.
1752 2044 1821 2072 Cum

1032 2097 1101 2126 nihil
1134 2097 1198 2124 boni
1223 2099 1296 2131 agat,
1317 2095 1353 2122 ob
1368 2094 1553 2130 ignorantiam
1581 2093 1636 2120 veri
1656 2091 1721 2119 boni
1745 2091 1819 2126 quod

1033 2152 1087 2172 non
1107 2143 1193 2170 videt.

1065 2189 1149 2217 Vsus.
1165 2189 1209 2216 10.
1241 2186 1341 2214 Mulier
1353 2191 1417 2213 tum:
1435 2184 1552 2212 occurrit
1569 2184 1621 2216 illi,
1654 2183 1751 2219 [aciem
1772 2183 1820 2209 Im-

193 2243 349 2276 πορνικόν.
374 2227 406 2269 ’11
422 2227 535 2276 τοιαύτη
550 2227 683 2275 ἐπιθυμία
698 2241 804 2275 ὑπαντᾷ
822 2227 910 2275 αὐτῷ,
935 2241 973 2275 ὁρ-

1034 2236 1095 2263 bens
1119 2235 1277 2262 meretricis.
1298 2233 1376 2260 Tunc
1410 2233 1455 2259 illa
1480 2231 1616 2266 cupiditas
1637 2230 1760 2258 occurrit
1777 2229 1822 2264 ju—

195 2289 281 2324 μῶντι
296 2288 365 2324 πρὸς
379 2288 464 2323 αὐτὴν
476 2287 548 2314 κατὰ
563 2287 688 2322 γνώμην,
703 2287 812 2314 εἴδωλον
818 2287 983 2322 περιφέρου-

195 2343 229 2361 σα
245 2335 397 2370 ἁμαρτίας,
417 2335 449 2360 ὲκ
475 2334 522 2360 τοῦ
540 2335 636 2370 πόρρω
661 2333 754 2360 νεῦσαι
776 2333 823 2359 τοῦ
846 2333 984 2369 σώφρονος

191 2380 334 2416 λογισμοῦ.

231 2430 269 2456 Ἦ
293 2429 374 2455 ποιεῖ
390 2427 467 2454 νέων
484 2427 662 2459 ἐξίπτασθαι
681 2425 816 2458 καρδίας.
832 2424 912 2455 ’Ἦτις
923 2424 984 2450 ἐπι-

193 2474 278 2509 Θυμία
297 2472 502 2508 παρασκευάζει
520 2472 569 2508 μὲν
581 2472 632 2503 τὰς
654 2470 772 2502 διανοίας
798 2474 853 2497 τῶν
872 2471 908 2505 μὴ
937 2470 982 2504 βε-

193 2520 318 2555 ϐηκότων
342 2519 391 2551 τὰς
421 2519 533 2554 φρένας,
561 2518 643 2551 ὀξέως
664 2516 874 2552 φέρεσθαιπρδς
892 2516 982 2552 ἀμαρ-

191 2567 263 2598 τίας.
311 2586 317 2590 Α

230 2615 274 2639 ια’.
301 2609 545 2645 Ἀναπτερωμένη
557 2609 591 2636 δέ
605 2609 671 2636 ἐστι
683 2609 731 2635 καὶ
746 2608 872 2641 ἄσωτος.
881 2607 984 2642 ’γ’πάρ⁴

193 2665 236 2693 χει
248 2657 276 2683 δὲ
292 2657 359 2692 πρὸς
375 2657 424 2692 μὲν
442 2655 544 2690 ταύτην
559 2655 678 2689 ὀργῶσα,
695 2653 744 2681 τοῦ
765 2654 794 2680 δὲ
814 2653 885 2680 κατά
895 2652 984 2688 ψυχὴν

195 2703 309 2730 πλούτου
325 2703 508 2737 δαπανητική.

235 2749 283 2774 Ἑν
298 2748 370 2780 οῖκῳ
386 2747 419 2774 δὲ
434 2749 491 2781 οὺχ
503 2745 710 2781 ἡσυχάζουσιν
727 2745 754 2772 οὶ
773 2744 864 2777 πόδες
878 2743 983 2778 αὐτῆς.

200 2795 244 2821 Ἑν
262 2790 318 2831 ᾗδὲ
329 2794 366 2825 ὡς
381 2795 409 2820 ὲν
427 2794 496 2828 οἴκῳ
524 2793 576 2818 τινὶ
591 2791 721 2826 διατρίϐει
743 2790 877 2826 αἰσθήσει,
892 2790 922 2817 οὐ
938 2790 984 2825 μέ-

194 2848 284 2866 νουσιν
295 2840 322 2866 at
341 2840 462 2874 κινήσεις
476 2838 560 2872 αὐτῆς
572 2836 748 2873 ἀμετάϐατοι.

231 2884 272 2919 ιβ’.
290 2884 405 2919 Χρόνον
420 2884 474 2920 γάρ
489 2892 555 2912 τινα
580 2883 639 2915 ἔξω
663 2881 812 2918 ῥέμϐεται,
836 2882 905 2909 nm
935 2881 983 2916 μὲν

1033 2281 1107 2313 veni,
1134 2288 1165 2307 ex
1188 2280 1272 2307 corde
1291 2278 1458 2310 accurrenti,
1478 2277 1570 2304 ferens
1587 2275 1684 2303 faciem
1703 2276 1819 2311 peccati,

1033 2333 1066 2353 ex
1082 2333 1116 2353 eo
1130 2325 1203 2361 quod
1219 2325 1301 2360 longe
1315 2324 1376 2352 ierit
1391 2332 1406 2350 a
1418 2327 1494 2351 recto
1511 2329 1647 2350 sermone.

1070 2419 1135 2447 Huic
1157 2419 1221 2453 facit
1241 2419 1352 2454 juvenes
1367 2418 1475 2445 auolare
1497 2426 1512 2445 a
1528 2418 1616 2444 corde.
1639 2416 1701 2444 Hac
1713 2416 1820 2451 cupidi-

1034 2471 1076 2494 tas
1104 2469 1210 2493 tuentes
1235 2473 1330 2492 eorum
1358 2465 1405 2499 qui
1431 2463 1574 2499 prudentia
1594 2470 1648 2490 non
1678 2462 1825 2490 ﬁrmantur

1035 2510 1170 2545 disponit,
1189 2515 1218 2537 ut
1235 2514 1360 2545 prompte
1383 2509 1417 2536 ad
1432 2514 1544 2544 peccata
1560 2510 1749 2543 prorumpam.

1070 2609 1155 2638 Vens.
1173 2609 1216 2636 11.
1237 2609 1366 2636 Animata
1383 2613 1408 2635 et
1424 2608 1559 2640 dissipata
1577 2612 1627 2635 est.
1644 2606 1726 2634 Venit
1743 2606 1775 2633 ad
1791 2607 1808 2634 il

1035 2658 1091 2685 lum
1112 2656 1252 2692 pruriens,
1263 2655 1430 2691 spiritalium
1447 2654 1606 2682 divitiarum
1625 2654 1784 2689 dissipator.

1071 2745 1105 2772 In
1119 2744 1198 2772 domo
1214 2753 1265 2772 non
1283 2749 1356 2771 stunt
1367 2744 1444 2778 pedes
1461 2743 1529 2779 ejus.
1541 2742 1571 2770 in
1588 2748 1664 2778 parte
1678 2742 1821 2773 sensitim,

1036 2790 1063 2817 in
1078 2798 1131 2826 qua
1149 2790 1234 2818 veluti
1248 2790 1331 2817 domo
1344 2790 1460 2823 habitat,
1481 2789 1629 2817 immobilis
1642 2796 1694 2816 non
1712 2793 1823 2816 mam-nt

1037 2835 1120 2871 pedes
1135 2836 1206 2870 ejus.

1075 2879 1158 2910 Vtilis.
1190 2882 1233 2909 12.
1262 2882 1314 2911 Per
1329 2881 1438 2918 aliquod
1463 2886 1561 2918 tempus
1577 2881 1650 2917 foras
1662 2880 1822 2908 errabunda-
