2079 3161
284 159 293 189 1
299 160 351 190 283

948 155 1126 186 PROCOPII
1147 155 1268 186 GAZzEI

1851 156 1921 188 1284

288 213 360 240 l‘uuc
372 212 445 239 enim
463 218 511 246 per
524 209 653 244 Spiritum
672 212 748 236 errat
767 207 795 236 in
812 207 848 236 iis
860 216 921 244 quae
937 208 1005 235 foris
1027 217 1074 242 ap-

1131 209 1181 244 γὰρ
1203 211 1233 236 ὲν
1258 211 1315 240 τοῖς
1341 211 1515 245 φαινομένοις
1541 209 1740 244 περιπλανᾶται
1766 209 1837 237 κατά
1860 210 1917 236 δια-

302 262 390 286 arent.

302 267 390 286 arent.

283 267 300 294 Ρ
320 305 371 330 l’er
386 309 490 336 tempus
519 302 545 328 in
560 301 656 336 plateis
675 300 756 335 juxta
773 309 876 327 omnem
891 300 1018 335 angulum
1035 299 1075 326 in-

283 349 367 376 sidias
389 352 477 382 parat.
496 346 574 374 Tunc
592 347 620 374 in
633 347 698 375 latis
715 351 893 382 peccatorum
910 346 974 379 viis,
992 346 1072 374 dere-

283 395 411 430 linquens
438 402 548 422 onmem
574 401 731 421 sermonem
764 393 810 428 qui
837 393 937 420 similis
962 392 1074 427 angulo,

284 441 436 468 secundum
463 440 683 474 uniuscujusque
711 438 748 466 rei
767 438 960 465 rationabilem
983 445 1074 470 usum,

283 495 344 521 qiue
360 486 488 513 videnlur
501 486 593 520 jungit
608 485 641 512 ad
657 492 690 512 ea
708 492 769 519 qum
783 484 884 518 spiritu
898 483 1076 518 conspiciun-

283 537 340 564 tur,
357 533 428 559 clam
458 532 632 566 voluptatum
657 530 798 558 illecebris
814 529 962 557 insidiatur
977 529 1076 556 adver-

284 585 333 605 sus
350 577 556 604 insensatorum
576 577 695 603 animas.

320 624 403 651 Vens.
421 624 464 651 15.
482 622 583 650 Deinde
606 625 711 657 capiens
735 622 812 649 illum
825 626 911 649 amat.
929 621 995 649 Post
1006 621 1074 655 haec,

285 670 360 698 illum
377 670 506 705 dzligens,
522 670 641 696 amicum
657 668 708 696 sibi
727 672 849 703 separat.

319 759 470 792 Impudenti
493 758 571 793 facie,
613 758 682 784 dixit
714 758 765 784 illi.
796 757 972 793 [inpudenter
994 765 1079 793 agens

284 812 346 832 cum
364 805 421 837 illo,
439 804 504 831 talia
518 804 706 839 colloquitur:

319 896 403 925 Vens.
429 896 472 924 14.
508 895 623 924 Victima
639 895 754 930 paciﬁca
772 900 813 923 est
834 895 910 922 mihi.
925 894 1028 923 Blande
1043 897 1076 922 ad
1093 890 1116 921 Β

284 943 448 978 temporalia
468 943 655 970 reconcilians
671 949 720 970 eos
735 943 783 977 qui
802 950 852 977 pro
870 942 969 969 mortis
984 941 1080 968 dolore

285 990 319 1017 ad
335 990 379 1017 illa
409 990 503 1017 odium
530 989 645 1022 habent,
671 989 747 1016 venit
769 988 884 1016 omnino
906 988 942 1016 ad
957 996 1012 1021 me,
1032 988 1079 1015 ilia

284 1044 345 1071 quae
360 1045 374 1063 a
390 1036 530 1072 principio
542 1035 666 1068 exsistit,
683 1036 824 1071 voluptas.

320 1123 409 1151 Hodie
423 1123 529 1159 effando
548 1131 637 1158 preces
652 1131 735 1151 meas.
752 1123 846 1152 Firmo
866 1124 940 1152 bono
959 1124 987 1152 in
1005 1123 1080 1152 futuc

285 1178 345 1197 rum
368 1170 421 1197 frui
452 1170 628 1202 desiderans.
651 1169 726 1205 quod
750 1170 818 1197 mihi
841 1170 994 1198 secundum
1011 1174 1080 1198 tem-

284 1224 336 1251 pus
351 1216 594 1252 praesens'videtur
611 1217 678 1243 mihi
699 1216 812 1248 bonum,
831 1217 998 1244 naturaliter
1016 1224 1079 1252 per-

285 1262 348 1289 ficio
366 1263 548 1290 sententiose.
752 1263 756 1267 “

322 1307 403 1335 Vsus.
430 1309 474 1335 l5.
504 1308 616 1342 Propter
639 1309 709 1344 quod
726 1308 783 1336 veni
799 1308 826 1335 in
850 1316 991 1336 occursum
1020 1308 1079 1335 tibi.

285 1353 373 1388 llnjus
399 1354 510 1388 gratia,
539 1354 740 1381 intellectualia
769 1354 988 1389 derelinquens,
1016 1355 1080 1381 veni

285 1400 318 1426 ad
342 1399 467 1434 sensilia,
492 1400 543 1428 tibi
558 1408 712 1428 occurrens
725 1401 775 1436 qui
790 1401 826 1428 ob
842 1401 1006 1436 praesentia,
1029 1408 1078 1428 ne-

284 1445 366 1482 gligis
383 1445 486 1473 futura.

321 1493 483 1520 Desideram
516 1492 613 1528 faciem
637 1497 725 1526 luant.
751 1497 776 1521 te
799 1492 896 1520 inveni.
915 1492 1080 1521 Desiderans

286 1544 314 1568 te
327 1540 374 1575 qui
390 1540 418 1567 in
432 1540 526 1568 anima
541 1539 646 1568 futuris
669 1539 816 1576 presentia
830 1539 956 1576 praefers,
972 1540 1035 1568 veni
1050 1541 1079 1568 in

285 1595 435 1616 occursum
453 1587 517 1616 tibi.

322 1633 407 1663 Vens.
439 1634 483 1662 16.
514 1634 686 1662 Ornamentis
713 1633 797 1661 stravi
827 1633 956 1660 lectulum
982 1641 1080 1660 meum.

288 1681 420 1709 Dulcibus
434 1681 546 1708 funibus
568 1687 681 1708 carnem
704 1680 825 1714 alligavi,
848 1684 878 1707 ut
892 1680 939 1707 illa
955 1680 1036 1715 quasi
1053 1680 1081 1707 in

286 1726 369 1759 lecto,
389 1726 474 1753 variis
489 1726 662 1760 voluptatum
681 1724 790 1760 gaudiis
806 1724 944 1760 perfruar.

324 1819 467 1853 Tapetibus
492 1826 526 1846 ex
543 1818 663 1854 lEgypto
686 1819 780 1845 stravi.
807 1817 947 1845 lllecebris
967 1825 1001 1845 ex
1020 1825 1081 1852 pec-

287 1871 349 1891 cato
372 1865 521 1899 voluptatis
547 1871 657 1891 carnem
688 1864 795 1898 paravi,
826 1864 963 1898 repellens
990 1871 1006 1890 a
1038 1871 1082 1891 me

287 1910 460 1944 gravitatem,
490 1909 565 1936 illius
594 1916 654 1944 qua:
678 1910 831 1936 secundum
849 1909 933 1937 Deum
949 1913 991 1937 est
1007 1910 1078 1936 vita;

325 1996 408 2025 Vens.
421 1998 464 2024 17.
480 1998 589 2033 Aspersi
614 1999 711 2025 lectum
726 2007 816 2034 croco,
833 2004 857 2026 et
874 2000 982 2027 domum
996 2008 1079 2027 meam

287 2045 466 2072 cinnanwmo.
482 2044 599 2072 Carnem
619 2046 646 2072 in
665 2053 719 2080 qua
751 2051 781 2072 ut
799 2047 825 2072 in
853 2048 968 2082 grabato
983 2055 1030 2082 per
1046 2048 1080 2074 li-

289 2091 409 2118 bi-linem
439 2091 544 2124 habito,
575 2093 683 2126 aspersi
709 2092 850 2127 voluptate
874 2094 993 2125 carnali,
1021 2098 1080 2120 tan-

287 2145 370 2171 quum
386 2144 481 2170 croco,
500 2144 562 2170 quae
577 2138 698 2164 animam
721 2138 782 2165 sine
798 2139 879 2166 modo
895 2139 1002 2173 titillet;
1017 2147 1081 2174 par-

288 2187 342 2209 tem
366 2187 457 2209 autem
483 2183 656 2217 sensilivam,
683 2184 777 2219 inqua
802 2188 932 2220 tanquam
947 2187 973 2213 in
998 2186 1080 2214 domo

1129 264 1216 282 VOLa‘J.

1163 303 1280 336 Χρόνον
1294 302 1328 328 δὲ
1350 309 1384 328 εν
1403 303 1559 334 πλατείαις
1574 304 1652 336 παρὰ
1680 302 1784 336 πάσας
1810 303 1920 338 γωνίας

1128 348 1286 382 ἐνεδρεύω.
1314 349 1382 375 nm
1410 348 1439 375 δὲ
1467 349 1496 375 ἐν
1522 350 1581 381 ταῖς
1606 349 1772 384 εὐρυχώροις
1787 350 1855 380 ὁδοῖς
1869 349 1919 384 τῆς

1129 392 1278 427 ἁμαρτίας,
1294 393 1369 428 παρὰ
1383 393 1473 419 πάντα
1487 393 1577 427 λόγον,
1608 393 1653 419 τὸν
1677 393 1748 420 κατά
1775 393 1825 429 τὴν
1852 394 1919 420 ἑκά-

1131 447 1194 464 στου
1210 438 1374 473 πράγματος
1389 438 1498 473 εὔλογον
1512 439 1622 474 χρῆσιν,
1642 440 1721 474 δίκην
1737 440 1840 474 γωνίας
1853 448 1918 466 συν-

1128 484 1252 511 δεκτικδν
1278 485 1325 511 τοῦ
1352 485 1515 520 φαινομένου
1538 485 1608 521 πρὸς
1635 485 1664 511 τὸ
1689 485 1843 521 νοούμενον,
1870 486 1919 512 λα-

1130 530 1231 566 θραίως
1249 531 1289 566 τῷ
1311 531 1375 567 λείῳ
1385 531 1434 566 τῆς
1457 532 1554 567 ἡδονῆς
1579 531 1750 558 ἐπιϐουλεύει
1776 533 1838 564 ταῖς
1863 531 1920 558 τῶν

1129 577 1254 612 ἀφρόνων
1265 576 1374 612 ψυχαῖς.

1167 627 1211 657 ιγ’.
1229 622 1301 651 Εἶτα
1328 623 1529 658 ἐπιλαϐομένη
1546 624 1696 659 ἐφίλησεν
1716 625 1819 651 αὐτόν.
1842 624 1920 650 Μετά

1130 670 1216 696 ταῦτα
1242 670 1271 696 δὲ
1294 670 1468 705 κατασχοῦσα
1492 670 1589 696 τοῦτον
1608 670 1667 697 καθ’
1686 669 1753 702 ἕξιν,
1781 669 1918 705 προσφιλῆ

1131 716 1214 751 ἑαυτῇ
1227 716 1424 750 ἀπειργάσατο.

1167 761 1295 789 Ἀναιδεῖ
1318 761 1352 788 δὲ
1375 761 1524 795 προσώπῳ
1548 761 1713 796 προσεῖπεν
1734 760 1824 793 αὐτῷ.
1860 761 1919 788 Ἀν-

1132 808 1287 840 υποστόλως
1299 808 1328 834 δὲ
1343 808 1538 844 προσωμίλησε
1551 808 1639 843 τούτῳ
1651 816 1658 823 ·
1670 808 1732 834 τάδε
1743 807 1823 834 οἱονεὶ
1833 816 1918 842 προσ-

1131 853 1309 888 διαλεξαμένη
1322 853 1407 888 αὐτῷ·

1166 899 1206 925 ιδ’.
1221 899 1317 926 Θυσία
1331 898 1465 934 ειρηνική
1481 907 1530 933 μοι
1543 899 1619 926 ἐστι.
1632 899 1804 935 Προταγωγὴ
1825 898 1921 926 καταλ-

1129 945 1266 972 λάττουσα
1281 945 1351 981 πρὸς
1364 947 1399 973 τὰ
1412 947 1535 982 παρόντα
1563 945 1626 977 τοὺς
1641 945 1684 972 διὰ
1709 945 1759 980 τὴν
1776 944 1846 971 κατά
1870 944 1920 979 τὴν

1130 991 1232 1028 φθορὰν
1253 992 1350 1027 ὀδύνην
1373 991 1500 1027 ἀπεχθῶς
1524 991 1593 1027 πρὸς
1611 990 1696 1018 ταῦτα
1717 990 1919 1025 διακειμένους,

1130 1039 1248 1074 ὑπάρχει
1275 1039 1342 1074 παρ’
1361 1038 1424 1074 ἐμοὶ
1450 1037 1562 1069 πάντως
1594 1038 1610 1073 ἡ
1635 1038 1707 1064 κατὰ
1732 1036 1783 1072 τὴν
1810 1036 1920 1071 γένεσιν

1131 1085 1223 1120 ἡδονή.

1165 1129 1301 1164 Σήμερον
1321 1128 1486 1165 ἀποδίδωμι
1513 1128 1567 1161 τὰς
1593 1126 1685 1161 εὐχάς
1699 1136 1770 1162 μου.
1781 1126 1861 1153 Φύσει
1873 1125 1922 1154 τοῦ

1130 1175 1233 1211 κυρίως
1247 1175 1350 1210 ἀγαθοῦ
1366 1176 1437 1203 κατὰ
1450 1175 1480 1201 τὸ
1496 1175 1591 1210 μέλλον
1612 1173 1761 1202 ἀπολαύειν
1776 1172 1921 1207 ιφιεμὲνη,

1131 1222 1201 1249 κατὰ
1214 1222 1243 1248 τὸ
1271 1222 1358 1258 παρὸν
1379 1222 1410 1248 τὸ
1422 1221 1531 1257 δοκήσει
1558 1229 1602 1256 μοι
1619 1219 1732 1255 ἀγαθὸν,
1752 1218 1829 1254 παρὰ
1840 1218 1922 1253 φύσιν

1131 1268 1277 1302 γνωμικῶς
1288 1267 1400 1295 ὲκτελῶ.

1166 1316 1207 1340 ιε’.
1224 1313 1336 1340 ’Ἕνεκα
1359 1313 1478 1344 τούτου,
1506 1311 1640 1346 ἐξῆλθον
1665 1312 1708 1344 είς
1729 1309 1922 1343 συνάντησίν

1130 1366 1199 1386 σου.
1217 1359 1320 1385 Τούτου
1340 1359 1422 1394 χάριν
1447 1358 1635 1392 καταλείψασα
1656 1358 1690 1385 τὰ
1710 1357 1854 1392 νοούμενα,
1877 1357 1923 1390 ἐξ·

1130 1405 1212 1440 ἦλθον
1227 1406 1295 1440 πρὸς
1307 1405 1340 1432 τὰ
1349 1405 1508 1440 φαινόμενα,
1523 1404 1677 1440 ὑπαντῆσαι
1689 1413 1729 1430 σοι
1744 1403 1783 1439 τῷ
1797 1403 1923 1438 κατολιγ-

1131 1450 1246 1486 ωροῦντι
1263 1451 1316 1478 τῶν
1335 1450 1485 1486 μελλόντων
1501 1450 1544 1477 διὰ
1559 1450 1594 1477 τὰ
1608 1449 1754 1476 ἐνεστῶτα.

1167 1495 1306 1524 Ποθοῦσα
1318 1495 1351 1523 τὸ
1362 1495 1422 1523 σὸν
1428 1496 1600 1530 πρόσωπον,
1612 1495 1726 1530 εὕρηκά
1737 1503 1785 1523 σε.
1798 1494 1924 1530 Ζητοῦσά

1132 1550 1163 1568 σε
1177 1541 1223 1568 τὸν
1238 1541 1310 1569 κατά
1343 1541 1457 1577 γνώμην
1485 1541 1521 1568 τὰ
1545 1541 1668 1577 παρόντα
1693 1541 1748 1568 τῶν
1773 1540 1924 1576 μελλόντων

1133 1587 1360 1623 προαιρούμενον,
1375 1586 1501 1622 ἐνέτυχόν
1520 1595 1570 1613 σοι.

1170 1634 1219 1666 ις’.
1236 1633 1367 1668 Κειρίαις
1383 1633 1492 1660 τέτακα
1507 1632 1564 1668 τὴν
1586 1633 1696 1666 κλίνην
1708 1641 1777 1668 μου.
1793 1632 1861 1664 Ταῖς
1873 1631 1923 1666 ψυ-

1132 1681 1224 1716 χικαῖς
1250 1681 1360 1716 σχέσεσι
1384 1680 1433 1715 τὴν
1461 1681 1551 1715 σάρκα
1571 1680 1774 1715 κατεδέσμησα,
1793 1679 1864 1705 ὥστε
1890 1686 1924 1713 με

1132 1727 1218 1764 ταύτῃ
1235 1728 1297 1758 ταῖς
1313 1726 1533 1761 ποικιλοτρόποις
1543 1726 1598 1753 τῶν
1615 1725 1719 1762 ἡδονῶν
1729 1724 1923 1758 ἀπολαύσεσιν,

1131 1771 1176 1800 οἶά
1187 1781 1240 1799 τινι
1253 1773 1332 1809 κλίνῃ
1343 1771 1580 1799 ἐπαναπαύεσθαι.

1173 1815 1368 1850 Ἀμφιτάποις
1397 1815 1431 1842 δὲ
1456 1817 1595 1851 ἕστρωσα
1616 1816 1679 1850 τοῖς
1696 1815 1747 1843 ἀπ’
1761 1815 1925 1851 Αἰγύπτου.

1132 1863 1200 1894 Ταῖς
1216 1862 1244 1888 δὲ
1269 1863 1302 1888 ἐκ
1316 1863 1367 1897 τῆς
1378 1862 1517 1897 ἁμαρτίας
1531 1862 1655 1897 λειότησι
1678 1863 1728 1897 τῆς
1741 1861 1851 1897 ἡδονῆς,
1864 1861 1924 1887 rati-

1132 1917 1181 1944 την
1203 1908 1356 1944 ὴτοίμασα,
1373 1908 1403 1934 τὸ
1421 1909 1508 1944 τραχὺ
1531 1908 1577 1935 τοῦ
1599 1909 1670 1935 κατὰ
1687 1909 1754 1934 Θεὸν
1775 1908 1834 1943 βίου
1855 1917 1926 1942 παρ-

1131 1955 1272 1990 ωσαμένη.

1169 2002 1211 2034 ιζ’.
1227 2002 1394 2037 Διέρῤαγκα
1428 2002 1486 2034 τὴν
1502 2002 1607 2036 κοίτην
1622 2011 1682 2036 μου
1703 2002 1810 2036 κρόκῳ,
1829 2002 1882 2028 τὸν
1893 2001 1928 2028 δὲ

1131 2045 1217 2074 οἶκον
1229 2057 1289 2083 μου
1306 2048 1474 2082 κιναμώμῳ.
1492 2048 1669 2083 Κατέρῤανον
1686 2047 1736 2083 τὴν
1753 2048 1803 2083 μὲν
1826 2048 1926 2083 σάρκα,

1131 2091 1190 2131 ὲνῇ
1214 2094 1251 2125 ὡς
1275 2094 1304 2120 ἐν
1320 2094 1451 2129 κραὸάτῳ
1479 2093 1690 2125 ἀπολαυστικῶς
1715 2093 1925 2128 ἀναπέπαυμαι,

1131 2141 1164 2175 τῇ
1177 2139 1279 2174 κρόκου
1299 2139 1378 2174 δίκην
1393 2139 1520 2174 ἀμέτρως
1537 2139 1681 2174 διαχεούσῃ
1697 2138 1746 2174 τὴν
1759 2138 1849 2174 ψυχὴν
1860 2139 1929 2166 ἁποο

1131 2185 1226 2212 λαύσει
1248 2184 1303 2212 τῶν
1331 2185 1449 2211 ὑλικῶν·
1475 2186 1525 2220 τὴν
1547 2185 1575 2211 δὲ
1600 2185 1737 2219 αἴσθησιν,
1755 2183 1817 2222 ὲνῇ
1842 2185 1880 2216 ὡς
1898 2185 1927 2211 ἐν

287 2236 428 2262 remaneo,
448 2231 527 2264 quasi
544 2230 720 2258 cinnamomo
741 2232 848 2266 aspersi
864 2233 999 2260 electione
1013 2241 1076 2260 seu-

1131 2241 1184 2258 τινι
1203 2231 1354 2267 παραμένω
1377 2231 1549 2267 οίκητηρίῳ,
1578 2233 1611 2266 τῇ
1636 2229 1734 2267 οἷάπερ
1764 2232 1927 2267 κινάμωμον

288 2274 393 2306 silium,
427 2283 488 2310 qua:
518 2275 654 2310 voluptate
691 2277 873 2310 permulcent,
908 2281 932 2305 et
985 2279 1080 2306 dolore

288 2324 415 2355 pungunt
429 2329 436 2348 :
459 2321 555 2348 autbas
578 2322 697 2356 aspersi,
713 2328 740 2349 et
755 2323 884 2350 sordibus
901 2328 1078 2359 peccatorum

289 2366 404 2400 replevi.

325 2454 407 2482 Vens.
434 2455 478 2483 18.
512 2455 576 2482 Veni
611 2460 636 2483 et
664 2455 785 2490 fruemur
819 2458 955 2485 amoribus
997 2466 1077 2493 usque

288 2507 377 2526 mane.
402 2501 467 2527 Veni
494 2508 614 2532 mecum,
638 2506 666 2528 et
691 2502 843 2528 sententias
874 2502 1079 2530 irrationabiles

287 2544 429 2580 sequendo
459 2546 540 2573 simul
571 2545 698 2573 fruantur
716 2547 870 2580 amoribus,
886 2547 974 2575 donec
1001 2549 1079 2574 luce-

287 2596 348 2618 s'rat
363 2593 390 2618 in
408 2591 488 2619 nobis
504 2592 549 2618 lux
568 2591 681 2627 iustitia:
696 2593 776 2623 solis.
793 2599 821 2620 et
836 2594 963 2621 ostendat
980 2615 986 2627 ,
1004 2594 1078 2629 quod

288 2637 450 2673 ignorantia
465 2637 593 2666 tenebras
609 2637 695 2673 fugat,
712 2647 807 2666 verum
823 2639 934 2667 bontnn.

327 2725 402 2759 Veni,
417 2726 579 2753 exsultemur
592 2727 825 2761 nmoribus.Veni,
843 2733 870 2755 et
886 2730 1077 2764 temporalium

287 2779 377 2799 rerum
402 2771 600 2805 cupiditatibus
628 2773 792 2806 scrvianms,
820 2774 847 2800 in
865 2775 997 2809 operibus
1027 2783 1077 2802 uo-

287 2822 309 2844 st
317 2818 354 2843 ris
367 2824 461 2843 earum
481 2817 669 2851 voluptatibus
685 2826 737 2846 nos
753 2820 935 2848 maculantes.

325 2863 405 2890 Vnus.
436 2863 480 2890 19.
495 2864 572 2890 Abest
600 2864 638 2890 uir
656 2873 727 2892 meus
750 2874 763 2892 e
785 2866 873 2893 domo.
902 2868 985 2895 Abest
1002 2869 1074 2896 enim

1133 2277 1269 2314 ὴδυνούσῃ
1289 2277 1350 2304 καθ’
1369 2277 1483 2312 ἡδονὴν,
1510 2277 1557 2303 καὶ
1580 2277 1716 2314 δακνούσῃ
1745 2278 1806 2305 κατ’
1829 2278 1926 2313 ὀδύνην

1133 2323 1267 2359 διακρίσει
1278 2324 1332 2350 τῶν
1345 2323 1481 2358 αἰσθητῶν
1495 2332 1502 2340 ·
1523 2324 1693 2359 κατὲρῤανον
1711 2324 1738 2351 δὲ
1748 2325 1862 2356 ταύτας,
1877 2325 1926 2351 τοῦ

1134 2371 1166 2396 ὲκ
1175 2371 1223 2405 τῆς
1234 2370 1370 2405 ἁμαρτίας
1391 2369 1541 2404 μολυσμοῦ,
1569 2369 1617 2397 καὶ
1638 2370 1801 2405 ἀμφοτέρας
1815 2370 1927 2405 πληρόμ

1135 2424 1215 2444 σασα.

1170 2461 1214 2497 ιη’.
1231 2462 1317 2490 Ἐλθὲ
1332 2462 1379 2489 καὶ
1390 2462 1612 2497 ἀπολαύσωμεν
1621 2464 1726 2497 φιλίας
1739 2463 1794 2496 ἕως
1807 2464 1925 2499 ὄρθρον.

1133 2508 1294 2544 Παραγενοῦ
1327 2508 1435 2541 λοιπὸν,
1455 2509 1503 2535 καὶ
1526 2509 1582 2535 τῶν
1599 2509 1645 2536 διὰ
1662 2510 1743 2543 δόξαν
1761 2510 1860 2545 ἄλογον
1879 2520 1928 2537 πο-

1133 2552 1272 2586 οουμὲνων
1283 2553 1350 2587 ἡμῖν
1362 2552 1622 2589 συναπολαύσωμεν,
1635 2553 1690 2586 ἕως
1709 2554 1743 2581 ἄν
1757 2555 1788 2582 τὸ
1803 2556 1862 2589 φῶς
1878 2556 1924 2583 τοῦ

1132 2599 1182 2632 τῆς
1206 2597 1382 2632 δικαιοσύνης
1402 2598 1493 2625 Ἡλίου
1509 2599 1537 2625 ὲν
1556 2600 1622 2634 ἡμῖν
1636 2600 1794 2634 διαυγάσειε
1808 2607 1815 2615 ⁵
1831 2602 1879 2628 καὶ
1896 2603 1928 2627 τὸ

1132 2643 1183 2677 τῆς
1198 2643 1312 2676 ἀγνοίας
1340 2643 1435 2676 σκότος
1456 2644 1648 2678 διασκεδάσαν,
1678 2646 1708 2672 τὸ
1735 2646 1820 2679 ὅντως
1843 2649 1928 2674 καλὶν

1133 2689 1308 2722 ὑποδεῖξειεν.

1168 2735 1259 2769 Δεῦρο
1270 2735 1318 2762 καί
1348 2735 1575 2771 ἐγκυλίσθῶμεν
1590 2739 1684 2771 ἔρωτι.
1708 2738 1794 2770 Ἑλθὲ,
1820 2740 1868 2766 καὶ
1889 2740 1929 2774 τῷ

1131 2780 1185 2807 τῶν
1210 2782 1387 2816 προσκαίρων
1415 2782 1491 2817 πόθῳ
1517 2784 1766 2818 καταχρανθῶμεν,
1789 2786 1824 2820 τῇ
1855 2787 1928 2812 κατα

1133 2826 1232 2861 πρᾶξιν
1247 2826 1395 2853 ἀπολαύσει
1409 2827 1499 2854 αὐτῶν
1519 2828 1708 2864 μολυνόμενοι.

1169 2872 1210 2898 ιδ’.
1238 2873 1278 2899 Οίσ
1306 2873 1359 2908 γὰρ
1384 2874 1530 2908 πάρεστιν
1552 2877 1568 2902 d
1589 2876 1666 2909 ἀνήρ
1688 2885 1748 2910 μου
1781 2877 1816 2903 ἐν
1841 2877 1924 2909 ohe).
