2079 3161
165 166 235 198 1285

706 158 972 193 COMMENTARII
986 159 1027 189 ΙΝ
1047 157 1197 188 ΡιιονΕΒ
1204 157 1276 187 ΒΙΑ.

1740 151 1808 183 1286

164 196 281 239 ;Ᾰτιεστι
307 209 362 246 γὰρ
386 210 400 236 ὁ
426 209 497 236 κατὰ
523 208 573 243 τῆς
594 207 770 242 ἀνθρωπίνης
788 204 898 240 φύσεως
917 203 961 230 νό-

1023 202 1060 237 ιιιὶ
1090 201 1157 229 mihi
1183 200 1335 228 secundum
1363 198 1490 225 humana».
1510 201 1618 224 natura?
1635 196 1721 231 legem
1740 203 1808 223 con-

164 267 216 294 μον
231 256 431 293 συναρμοσθείς
458 263 504 291 μοι
527 254 605 288 λόγος
620 252 669 280 τοῦ
689 251 785 288 νοεροῦ
801 249 961 286 οἰκητηρίου

164 304 196 332 αὖ
200 304 245 330 τοῦ
251 324 258 330 .

198 348 383 382 Πεπόρευται
413 347 487 374 ὁδὸν
499 345 630 381 μακράν.
663 343 783 379 Ἀπῆλθε
800 343 897 370 τούτου
912 350 964 377 μα-

164 395 244 430 κρὰν,
259 395 291 430 τῇ
309 393 369 420 κατ’
394 392 522 428 αἴσθησιν
549 391 642 426 ἀπάτῃ
671 389 889 425 ἐμφιλοχωρῶν,
917 388 963 415 καὶ

164 441 228 472 τοὺς
243 440 294 475 τῆς
313 439 415 470 κακίας
430 438 571 469 ποικίλους
587 437 708 472 τρόπους
722 435 850 462 ἐπινοῶν.

148 494 155 519 3
200 489 236 512 κ’.
254 485 429 519 Ἔνὸεσμον
457 484 602 519 ἀργυρίου
620 482 721 510 ,λαϐὼν
737 483 771 509 ἐν
787 481 894 516 χερσὶν
909 481 964 508 αὺ-

145 524 153 533 “
165 533 230 560 τοῦ.
248 533 304 567 Τὴν
319 531 374 567 γὰρ
393 531 472 566 δίκην
484 531 620 566 ἀργυρίου
644 527 900 564 λελαμπρυσμένην
925 526 964 562 τῷ

165 579 216 613 τῆς
229 578 304 610 θείας
319 577 488 613 ὡραιότητος
515 576 619 608 κάλλει,
642 575 732 611 ψυχὴν
748 574 839 601 λαϐὼν
854 573 964 600 κατὰτὸ

167 624 353 657 αὐτεξούσιον,
382 624 420 655 ὡς
452 623 481 649 έν
509 631 564 650 τισι
589 623 678 658 χερσὶ,
701 623 761 653 ταῖς
785 621 964 656 προαιρεταίς

168 670 320 706 ἐνεργείαις
332 669 427 701 αὑτοῦ,
442 670 511 705 πρὸς
524 669 654 704 πρόνοιαν
665 669 716 703 τῆς
729 667 849 701 ζωτικῆς
862 666 965 702 ταύτης

167 715 320 749 δυνάμεως,
349 714 419 749 μετὰ
449 713 496 741 τοῦ
520 713 621 749 δεσμοῦ
641 713 691 747 τ’ἠς
707 713 807 748 σαρκὸς
821 720 965 747 κατησφα-

169 760 302 795 λισμένην
316 768 323 776 ο
338 759 372 786 ἶν’
392 760 457 786 ὅταν
486 759 556 793 αῦτη
579 759 623 785 διὰ
642 759 692 793 τὴν
705 758 784 791 ἀξίαν
805 757 964 792 ἐπαίρηται,

169 805 214 832 διὰ
227 807 274 832 τὸν
289 805 354 840 χοῦν
368 805 566 841 συστέλληται·
581 805 630 831 καὶ
649 804 686 839 μὴ
700 803 813 830 συλᾶται
828 803 904 838 παρὰ
917 801 964 829 τοῦ

169 852 309 887 λαθραίως
325 851 412 887 ταύτῃ
425 851 472 879 διὰ
485 852 540 879 τῶν
556 851 617 878 καθ’
636 850 791 886 ὑπερϐολὴν
801 850 851 885 τῆς
864 849 965 885 ἀρετῆς

1012 249 1126 284 junctus
1142 251 1194 279 est,
1215 245 1349 281 spiritalis
1364 244 1463 272 domus
1484 243 1560 271 illius
1576 250 1678 270 sermo.

1051 337 1124 364 Abiit
1140 336 1208 364 viam
1222 335 1404 370 longinquam.
1418 333 1493 361 Abiit
1508 333 1589 369 longe
1604 333 1639 361 ab
1652 333 1699 360 illa
1715 332 1808 362 domn.

1014 384 1133 418 diligens
1149 381 1285 417 spiritalis
1317 380 1527 413 habitationem,
1553 385 1581 408 et
1601 379 1698 408 modos
1714 379 1809 406 varios

1014 429 1129 457 malitia:
1143 428 1281 463 cogitans.

1047 475 1132 503 Vens.
1161 474 1207 501 20.
1226 474 1369 502 Summam
1393 473 1495 508 argenti
1517 472 1624 507 capiens
1640 472 1667 499 in
1687 472 1809 498 manibus

1013 523 1080 550 suis.
1109 521 1271 556 Fulgentem
1298 524 1327 547 ιιι
1350 524 1505 554 argenturm,
1533 519 1633 546 divina:
1657 518 1809 545 venustatis

1014 567 1231 604 pulchritudine.
1260 574 1307 602 per
1323 566 1493 592 voluntatem
1519 571 1596 592 suam
1623 564 1736 598 capiens
1750 566 1810 589 ani-

1015 622 1086 641 mam
1111 613 1218 640 viribus
1239 613 1298 639 suis
1316 611 1423 641 liberis.
1438 615 1572 645 tanquam
1586 609 1612 636 in
1626 609 1764 640 manibus,
1783 613 1810 635 et

1015 661 1148 688 minutam
1172 659 1286 686 vinculo
1314 659 1451 693 corporis,
1481 657 1513 684 ad
1539 656 1738 691 providendum
1768 655 1810 681 vi-

1014 707 1086 734 venti
1103 714 1159 734 sua:
1174 707 1302 740 potentiae
1312 714 1319 736 ;
1329 709 1359 731 ut
1373 705 1395 730 si
1411 707 1521 738 propter
1541 702 1702 737 dignitatem
1714 709 1812 735 snper-

1014 752 1070 782 bia.
1090 756 1201 787 propter
1216 751 1356 787 pulverem
1372 750 1552 781 humilietur;
1567 753 1594 776 et
1608 757 1662 775 non
1678 748 1812 783 spoliatur

1015 805 1030 824 a
1046 797 1171 825 diemone
1190 797 1236 832 qui
1257 795 1327 824 clam
1347 795 1386 822 illi
1400 803 1448 830 per
1461 795 1628 830 cupiditates
1644 802 1676 821 ex
1695 801 1811 821 εχει-μη

1016 843 1127 870 virtutis
1149 843 1283 870 oriundos
1315 841 1481 869 insidiatur:
1516 841 1643 867 habitans
1673 840 1699 867 in
1728 840 1812 874 spiri-

170 883 265 925 naﬂibv
278 883 501 929 ἐπιϐουλεῦοντος
514 897 642 932 δαίμονος
652 905 660 913 ·
683 883 861 931 έναπομένων
883 883 911 922 δὲ
931 883 964 931 τῇ

1023 889 1084 917 tuali
1102 889 1256 916 carnalium
1273 895 1365 915 rerum
1391 886 1555 918 fallacia,ob
1571 885 1698 913 aﬂectum
1713 887 1813 912 animm

171 943 231 971 κατ’
246 943 372 979 αίσθησιν
387 943 480 979 ἀπάτῃ
496 943 552 970 τῶν
564 943 674 975 ὑλικῶν,
690 942 736 969 διὰ
752 942 803 977 τὴν
825 941 893 977 πρὸς
916 941 967 976 τὴν

173 989 262 1025 σάρκα
275 989 324 1024 τῆς
336 989 429 1024 ψυχῆς
443 988 548 1024 σχέσιν,
566 989 615 1015 καὶ
629 988 694 1020 τοὺς
715 987 835 1023 τρόπους
850 986 968 1014 ἐπινοῶν

171 1035 225 1063 τῶν
245 1036 306 1062 κατ’
321 1034 440 1070 ἔλλειψιν
453 1035 502 1070 τῆς
518 1035 621 1071 ἀρετῆς
635 1034 742 1062 παθῶν.

207 1081 247 1108 Δι’
261 1081 379 1116 ἡμερῶν
394 1080 519 1108 πολλῶν
532 1080 678 1113 ἐπανήξει
691 1081 735 1113 είς
749 1079 802 1106 τὸν
813 1079 897 1106 οἷκον
913 1080 967 1107 αὺ-

171 1127 234 1155 τοῦ.
256 1128 293 1154 Οὐ
313 1128 356 1154 διὰ
386 1127 501 1163 βραχέος
527 1125 624 1163 καιροῦ
645 1126 858 1153 έπανελεὺσεται
879 1127 919 1158 είς
936 1125 969 1152 τὸ

173 1173 244 1200 κατὰ
256 1174 318 1200 νοῦν
329 1174 412 1200 αὐτοῦ
425 1173 595 1208 οίκητήριον,
607 1174 666 1204 ταῖς
679 1173 723 1199 διὰ
734 1173 783 1207 τῆς
792 1173 820 1199 ἐν
832 1172 969 1207 πνεύματι

175 1219 292 1254 φυσικῆς
313 1218 441 1254 θεωρίας,
469 1218 542 1244 κατὰ
560 1218 642 1254 μέρος
669 1218 720 1253 τῆς
743 1217 832 1253 ψυχῆς
847 1217 901 1244 ἀπὸ
913 1217 969 1244 τῶν

175 1266 236 1292 κατ’
255 1264 382 1300 αἴσθησιν
411 1265 506 1291 τύπων
534 1264 603 1300 πρὸς
635 1263 685 1299 τὴν
714 1264 845 1300 ἀλήθειαν
867 1262 969 1290 ἀναδά-

176 1321 260 1339 σεσιν.

210 1358 264 1386 xa'.
284 1357 500 1391 Ἀπδπλάνησε
531 1357 564 1384 δὲ
596 1355 690 1384 αὐτὸν
727 1355 830 1390 πολλῇ
856 1356 968 1390 ὁμιλίᾳ.

182 1403 354 1440 Ἐξηπὰτησε
369 1403 459 1430 τοίνυν
479 1404 511 1438 τῇ
534 1402 630 1438 μακρᾷ
654 1402 777 1437 ὲντυχίᾳ,
803 1401 972 1436 συγκαταθέ-

177 1449 239 1475 σθαι
251 1449 320 1484 αὐτῇ
335 1447 432 1474 τοῦτον
452 1447 702 1482 παρασκευάσασα.

212 1494 338 1528 Βρόχοις
369 1502 402 1520 τε
422 1493 485 1527 τοῖς
510 1493 569 1520 ἀπὸ
591 1493 651 1520 τῶν
667 1492 792 1527 χειλέων
811 1492 972 1525 ἐξώκειλεν

177 1541 281 1567 αὐτόν.
305 1541 421 1575 Δεσμοίς
445 1548 475 1566 τε
495 1541 552 1571 τοῖς
573 1541 606 1566 ἐκ
640 1539 695 1565 τῶν
710 1539 780 1574 πρὸς
804 1539 838 1566 τὰ
853 1539 971 1574 meum
984 1559 1006 1587 ο

178 1587 297 1621 σχέσεων
320 1586 375 1612 τῶν
396 1585 561 1622 αἰσθήσεων,
591 1585 626 1612 δι’
648 1582 686 1612 ὧν
703 1585 740 1617 ὥς
764 1594 845 1612 τινων
858 1585 971 1620 χειλέων

177 1632 265 1659 ταῦτα
293 1631 454 1663 ἀσπάζεται,
482 1631 629 1667 ἐξέστησεν
651 1630 734 1658 αὐτὸν
751 1629 799 1657 τοῦ
824 1630 972 1666 βεϐηκότος

180 1680 289 1711 πάντως
305 1680 388 1714 φρονὴ
395 1687 490 1714 ματος.

215 1725 268 1760 κβ’.
291 1725 321 1751 '0
336 1724 371 1751 δὲ
388 1723 639 1758 ἐπηκολούθησεν
655 1721 734 1757 αὐτῇ
749 1722 925 1757 κεπφωθείς.
944 1721 973 1749 '0

179 1769 298 1800 τοιοῦτος
316 1770 338 1796 δ’
353 1769 478 1803 ὑπετάγη
495 1769 565 1805 αὐτῇ
583 1767 622 1804 τῷ
637 1767 712 1803 πόθῳ
726 1767 781 1794 τῶν
801 1768 862 1794 κατ’
876 1767 974 1801 αἴσθη-

182 1823 224 1841 σιν
237 1814 322 1849 ἡδέων
336 1813 501 1845 δελεασθείς.

217 1859 331 1893 Ὥσπερ
339 1859 373 1886 δὲ
388 1859 466 1892 βοῦς
477 1859 526 1886 ἐπὶ
544 1858 669 1894 σφαγὴν
682 1858 794 1894 ἄγεται.
803 1859 936 1893 Καθάπερ
946 1858 975 1885 δέ

183 1904 246 1939 βοῦς
263 1904 416 1939 ἁποκαμὼν
443 1905 510 1941 περὶ
540 1905 632 1939 τὸτῆς
655 1904 788 1939 ἐργασίας
813 1904 973 1939 φερέπονον,

182 1952 295 1986 φέρεται
312 1951 381 1986 πρὸς
394 1951 512 1987 σφαγὴν,
526 1951 598 1978 οὕτω
614 1951 646 1986 δὴ
658 1950 706 1977 καὶ
717 1950 810 1981 αὐτὸς,
823 1949 975 1984 ἁποκαμὼν

181 1997 221 2032 τῷ
231 1997 357 2032 ἐπιπόνῳ
373 1998 423 2029 τῆς
440 1997 552 2033 ἀρετῆς,
569 1997 637 2032 πρὸς
650 1997 699 2032 τὴν
711 1995 871 2032 νεκροποιδν
879 1995 975 2030 ἄγεται

182 2043 331 2078 ἁμαρτίαν.

218 2090 274 2116 Καὶ
292 2089 394 2124 ὥσπερ
414 2090 497 2117 κύων
516 2089 566 2116 ἐπὶ
583 2089 724 2124 δεσμούς.
749 2089 804 2116 Καὶ
826 2088 977 2124 καθώσπερ

183 2135 256 2163 κύων
268 2136 414 2172 ἑλκόμενος
426 2137 494 2172 πρὸς
505 2137 621 2171 δεσμοὺς
635 2136 759 2171 σχολάζει
769 2135 816 2162 τοῦ
830 2136 977 2170 φυλάττειν

184 2183 238 2210 ἀπὸ
250 2183 306 2210 τῶν
323 2183 564 2214 ὲπιὸουλευὸντων,
577 2182 649 2210 οὕτω
663 2184 708 2209 κα“.
725 2180 811 2214 οὗτος,
828 2183 977 2218 ἐπειγόμε-

1017 936 1051 964 ad
1070 943 1193 967 carnem,
1211 938 1240 962 et
1253 933 1378 968 cogitans
1394 932 1490 960 modos
1517 931 1698 967 cupiditatum
1714 940 1747 958 ex
1765 931 1813 958 de-

1018 981 1091 1010 fectu
1109 981 1221 1009 virtutis
1235 979 1427 1008 oriundarum.

1052 1070 1117 1098 Post
1132 1070 1230 1097 multos
1243 1069 1299 1096 dies
1325 1072 1471 1095 revertetur
1484 1067 1512 1094 in
1526 1067 1635 1093 domum
1651 1073 1738 1093 suam.
1754 1064 1814 1092 Non

1019 1116 1096 1145 brevi
1119 1115 1220 1143 redibit
1236 1119 1360 1150 tempore
1376 1114 1487 1141 doninm
1506 1112 1691 1147 spiritualem,
1713 1111 1816 1139 intelli-

1020 1163 1111 1199 gentia
1132 1161 1286 1189 ascendens
1308 1168 1322 1187 a
1339 1160 1424 1187 rebus
1443 1158 1595 1186 sensilibus
1620 1157 1654 1184 ad
1671 1157 1815 1184 veritatem

1021 1218 1070 1246 per
1085 1208 1240 1237 naturalem
1258 1206 1466 1235 meditationem
1482 1206 1509 1232 in
1529 1205 1642 1240 spiritu.

1059 1361 1142 1389 \‘Ins.
1171 1361 1216 1388 2|.
1235 1359 1356 1388 Irretivit
1380 1367 1439 1386 eum
1458 1357 1551 1385 multis
1575 1355 1751 1383 sermonibus.
1765 1353 1818 1381 De-

1022 1407 1096 1442 cepit
1129 1406 1205 1434 illum
1235 1406 1317 1441 longo
1332 1411 1472 1438 sermone,
1499 1404 1651 1438 disponens
1683 1401 1761 1429 illum
1788 1405 1818 1427 ιιι

1023 1452 1076 1480 sibi
1090 1451 1242 1479 adhaereat.

1051 1498 1160 1525 ﬂetibus
1177 1497 1311 1525 Iabiorum
1331 1504 1441 1524 suorum
1458 1495 1570 1522 attraxit
1588 1494 1675 1521 illum.
1691 1493 1759 1520 Cum
1776 1492 1820 1519 iu-

1024 1544 1107 1571 nibus
1132 1543 1235 1570 amoris
1270 1549 1403 1570 sensuum
1444 1541 1477 1568 ad
1507 1540 1644 1572 carnalia,
1672 1546 1721 1575 per
1747 1546 1819 1574 quos

1023 1589 1101 1624 quasi
1122 1596 1170 1624 per
1185 1588 1255 1614 labia
1274 1587 1418 1615 osculatur
1435 1587 1493 1619 illa,
1508 1586 1624 1613 removit
1643 1585 1721 1612 illum
1742 1592 1757 1611 a
1773 1592 1819 1611 re-

1023 1635 1076 1662 ctis
1091 1633 1204 1661 omnino
1225 1632 1452 1669 cogitationibus.

1060 1724 1143 1753 Vens.
1159 1724 1204 1751 2i.
1234 1723 1286 1751 Hic
1305 1727 1413 1750 secutus
1438 1726 1478 1750 est
1490 1721 1566 1749 illam
1588 1729 1684 1748 cattus.
1713 1720 1762 1748 Hic
1780 1720 1819 1747 illi

1024 1771 1156 1803 ohedivit,
1182 1769 1365 1806 cupiditatum
1391 1767 1547 1795 carnalium
1571 1769 1713 1802 voluptate
1735 1771 1820 1793 aur..-

1025 1822 1097 1845 ctus.

1063 1862 1096 1890 Ut
1122 1861 1223 1889 bos'ad
1247 1867 1359 1889 mortem
1385 1860 1510 1887 trahitur.
1539 1859 1626 1887 Sicuti
1652 1859 1703 1887 hos
1721 1858 1821 1886 cadens

1026 1909 1078 1937 sub
1100 1908 1204 1935 laboris
1230 1907 1360 1942 pondere,
1390 1905 1425 1933 ad
1449 1913 1545 1933 necem
1563 1905 1693 1937 trahitur,
1713 1905 1754 1932 sic
1774 1904 1822 1931 ille

1026 1954 1128 1983 cadens
1143 1954 1195 1982 sub
1223 1953 1318 1981 labore
1336 1952 1459 1985 virtutis,
1477 1952 1599 1980 trahitur
1624 1951 1658 1980 ad
1678 1951 1820 1979 mortifera

1026 2004 1151 2036 peccata.

1064 2085 1097 2111 Et
1114 2085 1181 2112 sicut
1204 2083 1279 2111 canis
1303 2083 1338 2110 ad
1357 2083 1436 2111 retia.
1463 2081 1496 2108 Et
1513 2082 1585 2110 sicut
1599 2081 1687 2113 canis,
1708 2080 1820 2108 funibus

1028 2132 1128 2167 ligatus
1139 2152 1146 2164 ,
1172 2131 1207 2157 ab
1223 2129 1420 2157 insidiantibus
1437 2128 1579 2156 custodire
1594 2127 1707 2160 desinit,
1724 2128 1761 2154 ita
1776 2126 1824 2153 ilio

1029 2179 1163 2206 festinans
1189 2176 1290 2204 vinciri
1322 2180 1500 2212 peccatorum
1528 2174 1673 2209 operibus,
1699 2173 1823 2208 seipsnm

185 2237 229 2261 νος
240 2229 409 2265 δεσμηθῆναι
425 2231 457 2265 τῇ
477 2229 538 2256 κατ’
553 2230 696 2264 ἐνέργειαν
716 2230 849 2265 ἁμαρτίᾳ,
861 2229 973 2256 παύεται

1030 2224 1178 2253 defendere
1192 2228 1282 2251 cessat
1297 2222 1432 2250 adversus
1447 2221 1587 2249 daemones
1604 2219 1657 2254 ipsi
1671 2218 1823 2247 secundum

184 2275 232 2302 τοῦ
248 2275 391 2309 φυλάττειν
413 2276 509 2302 ἑαυτὸν
531 2276 587 2302 ἀπὸ
600 2276 654 2302 τῶν
669 2275 901 2302 ἐπιϐουλευόντων
920 2275 979 2302 δαι-

187 2322 277 2357 μόνων
287 2322 358 2348 κατὰ
371 2322 471 2357 ψυχήν.

222 2371 274 2402 κγ’.
291 2368 326 2395 Ἢ
346 2368 386 2401 ὡς
397 2368 510 2402 ἔλαφος
531 2368 690 2403 τοξεύματι
711 2368 873 2403 πεπληγὼς
887 2369 931 2401 εις
947 2368 980 2395 τὸ

189 2410 279 2448 ἧπαρ,
294 2413 329 2439 Ἣ
344 2413 440 2450 ὥσπερ
456 2423 498 2446 τις
512 2414 611 2449 ἔλαφος
625 2415 681 2445 τοῖς
696 2414 875 2450 ὑψηλοτάτοις
890 2414 982 2449 ὄρεσιν

188 2459 397 2495 ἐμφιλοχωρῶν,
422 2460 453 2486 τὸ
468 2458 546 2497 ἧπαρ
566 2460 639 2495 βέλει
660 2459 785 2495 πληγεὶς,
806 2460 902 2496 νεκρὸς
929 2461 982 2488 ὑπὸ

188 2505 242 2532 τῶν
259 2505 404 2541 ἀγρευτῶν
425 2506 533 2540 ἄγεται,
550 2506 598 2534 τὸν
620 2506 701 2534 αὐτὸν
720 2507 822 2542 τρόπον
843 2507 891 2534 καὶ
904 2504 982 2539 οὗτος

189 2551 305 2587 τρωθεὶς
324 2554 385 2579 κατ’
401 2553 550 2588 ἐπιθυμίαν
573 2552 627 2580 τῶν
651 2554 830 2590 προσκαίρων
855 2554 893 2589 τῷ
910 2554 983 2590 βέλει

189 2596 236 2623 τοῦ
247 2597 302 2624 τῶν
315 2598 459 2634 ἡμετέρων
470 2598 565 2633 ψυχῶν
579 2598 723 2635 θηρευτοῦ,
737 2599 920 2634 ἐστερημένος
935 2600 984 2634 τῆς

190 2645 383 2679 πνευματικῆς
402 2643 487 2679 ζωῆς,
509 2644 579 2680 πρὸς
593 2645 686 2672 πᾶσαν
701 2645 802 2672 κακίαν
817 2645 914 2680 ἄγεται
937 2645 983 2672 ὑπ’

191 2689 285 2722 αὑτοῦ,
301 2689 350 2725 τῆς
361 2690 489 2726 οὐρανίου
503 2691 637 2726 σχολάσας
648 2692 797 2728 διαγωγῆς.

228 2734 355 2761 Σπεύδει
368 2734 402 2761 δὲ
417 2734 519 2770 ὥσπερ
533 2735 639 2770 ὄρνεον
652 2736 696 2768 είς
712 2736 832 2771 παγίδα.
850 2736 986 2774 Καθάπερ

193 2780 222 2808 δέ
241 2789 268 2808 τι
280 2781 381 2816 πτηνὸν
397 2781 482 2814 ὀξέως
495 2782 607 2818 φέρεται
624 2783 692 2818 πρὸς
709 2783 759 2818 τὴν
782 2783 872 2819 ἄγραν
892 2784 986 2811 δελεα-

196 2826 267 2860 σθὲν,
283 2827 354 2854 οὕτω
377 2828 425 2855 καὶ
446 2824 534 2860 οὗτος,
557 2828 655 2863 ἀθρόον
672 2830 704 2864 τῇ
726 2830 848 2866 ἁμαρτίᾳ
875 2830 920 2858 διὰ
937 2831 986 2866 τῆς

195 2873 349 2907 φαντασίας
359 2873 430 2901 κατὰ
439 2873 560 2901 διάθεσιν
572 2874 764 2910 ἐφιστάμενος,
776 2876 922 2909 σπουδάζει
934 2877 987 2905 ὑπὸ

195 2919 244 2947 τοῦ
258 2919 404 2957 εἰρημένου
419 2920 552 2958 θηρευτοῦ
566 2921 747 2958 ἀγρενθῆναι.

1031 2271 1150 2299 animam
1167 2269 1344 2298 insidiantes.

1069 2383 1152 2412 Vens.
1170 2383 1215 2411 25.
1245 2382 1292 2410 Vel
1307 2387 1336 2410 ut
1363 2390 1454 2409 cervus
1474 2381 1569 2416 iaculo
1588 2381 1614 2408 in
1625 2380 1702 2415 jecur
1714 2387 1825 2415 percus-

1033 2439 1090 2458 sus.
1109 2430 1156 2458 Vel
1171 2434 1202 2457 ut
1216 2437 1328 2461 cervus,
1344 2429 1492 2457 altissimis
1511 2427 1651 2455 montibus
1668 2426 1826 2454 inhabitare

1034 2483 1140 2508 amans,
1160 2475 1253 2508 iaculo
1265 2474 1344 2510 jecur
1360 2474 1534 2505 vulneratus,
1551 2473 1673 2500 trahitur
1684 2472 1796 2500 occisus
1810 2480 1824 2499 ιι

1033 2522 1227 2552 venatoribus,
1243 2521 1338 2548 eodem
1361 2519 1444 2548 modo
1464 2519 1523 2550 ille.
1539 2518 1730 2554 temporalium
1747 2518 1825 2553 cupi-

1035 2568 1132 2600 ditate.
1151 2567 1246 2602 jaculo
1261 2567 1417 2594 animarum
1433 2569 1592 2593 nostrarum
1613 2565 1701 2593 hostis
1714 2572 1830 2600 percus-

1035 2620 1094 2646 sus,
1126 2613 1182 2640 vita
1208 2611 1346 2647 spirituali
1373 2611 1509 2647 privatus,
1536 2611 1571 2638 ab
1596 2611 1646 2638 ilio
1660 2612 1693 2638 ad
1716 2619 1826 2639 onmem

1036 2659 1168 2687 malitiam
1187 2658 1286 2690 fertur,
1305 2666 1320 2686 a
1337 2658 1445 2686 caelesti
1468 2657 1601 2693 regimine
1620 2657 1737 2686 alienus.

1074 2745 1195 2773 Festinat
1211 2750 1240 2773 ut
1256 2748 1311 2774 avis
1327 2745 1361 2773 ad
1375 2751 1438 2774 rete.
1459 2745 1538 2774 Sicut
1555 2746 1614 2774 avis
1630 2745 1758 2774 celeriter
1774 2745 1828 2773 fer-

1037 2796 1084 2819 tur
1101 2791 1134 2819 ad
1153 2791 1266 2819 illicium
1293 2796 1422 2825 attracta,
1445 2792 1482 2819 ita
1499 2792 1557 2824 ille,
1572 2794 1680 2826 statim,
1695 2800 1743 2828 per
1762 2791 1829 2819 alie-

1039 2842 1125 2869 rtum,
1161 2837 1354 2865 illecebrarum
1386 2838 1488 2874 specie,
1523 2838 1677 2866 obstrictus
1703 2841 1827 2873 peccato,

1040 2884 1151 2913 festinat
1165 2884 1199 2912 ad
1212 2884 1281 2912 retia
1296 2884 1448 2920 supradicti
1465 2884 1566 2914 hostis.
