2079 3161
155 176 223 209 1289

659 181 928 212 COMMENTARII
948 181 989 212 IN
1010 181 1239 214 PROVERBIA.

1709 188 1778 222 1290

147 235 240 263 πυλῶν
269 236 340 263 κατὰ
358 237 474 273 θεωρίαν
490 237 652 273 εἰσαγωγαῖς
673 239 748 275 [cod.
771 240 938 274 εἰσαγωγῆςι

992 241 1191 275 percipluntur,
1207 242 1253 269 sed
1277 243 1359 270 etiam
1375 251 1423 278 per
1440 252 1522 279 quos,
1538 247 1618 280 quasi
1631 255 1678 282 per
1692 256 1778 283 quas-

147 282 216 317 πρὸς
226 281 257 308 τὸ
267 282 469 318 ἐπιγνωσθῆναι
481 283 562 310 αὑτὸν
579 285 649 312 κατὰ
661 285 723 312 νοῦν
737 287 770 320 τῇ
781 285 864 320 ψυχῇ,
879 285 937 312 δια-

146 328 235 363 τρίϐει
261 328 388 364 αἰσθήσει
411 329 466 356 τῶν
493 329 532 366 μὴ
552 331 713 366 ἡττημένων
729 333 762 367 τῇ
778 331 871 366 ἀπάτῃ
887 331 937 367 τῆς

146 374 309 408 ἐπιφανείας
322 374 377 404 τῶν
391 375 507 411 ὁρατῶν.

188 418 240 446 Ἐν
258 418 292 445 δὲ
309 419 440 453 εἰσόδοις
455 420 600 455 ὑμνεῖται.
623 421 666 449 Ἐν
681 422 710 449 δὲ
725 424 783 453 ταῖς
799 421 937 454 τοιαύταις

147 466 230 494 αὐτοῦ
251 466 319 502 πρὸς
343 466 405 493 νοῦν
426 468 603 500 εἰσελεύσεσι,
621 469 804 504 μεγαλύνεται
824 469 868 496 διὰ
884 468 937 496 τῶν

146 512 219 539 κατὰ
235 512 351 548 μίμησιν
367 513 450 540 αὑτοῦ
463 514 573 548 ἀγαθῶν
588 514 678 550 ἔργων
692 514 729 546 ὡς
741 515 796 541 τῶν
811 515 938 551 ὁρώντων

147 558 218 586 αὐτὰ
230 557 396 590 δοξαζόντων
414 560 509 587 τοῦτον
523 560 569 587 τὸν
583 561 630 587 τοῦ
645 561 745 594 παντὸς
761 561 847 589 αἴτιον
866 562 935 596 ἁγα-

148 603 195 631 θοῦ
206 612 213 618 ·
231 605 278 631 καὶ
293 605 378 631 ταῦτα
395 605 444 640 μὲν
455 605 489 632 τὰ
503 606 554 640 τῆς
569 607 676 641 σοφίας.

183 648 214 676 δ’.
238 648 325 683 Ὺμᾶς
340 649 385 681 δὲ,
397 647 420 677 ὦ
436 651 595 684 ἅνθρωποι,
615 653 789 687 παρακαλῶ.
811 653 898 689 Ύμᾶς
910 653 938 680 δὲ

146 694 210 726 τοὺς
221 695 267 721 τὸν
279 695 329 730 τῆς
341 695 514 732 ἀνθρωπίνης
529 697 637 731 φύσεως
651 697 730 732 λόγον
745 698 815 726 σῶον
836 698 938 732 φυλάτ-

147 749 253 774 τοντας,
268 740 316 768 καὶ
331 743 387 773 τοῖς
402 743 451 777 μὲν
471 743 548 778 παρὰ
561 743 643 777 φύσιν
658 744 758 771 πάθεσι
780 744 818 780 μὴ
840 744 938 771 ὑποπί-

148 795 275 821 πτοντας,
292 788 400 820 φύσεως
422 788 445 814 δ’
460 789 545 824 αὐτῆς
561 792 743 826 καταφρονεῖν
759 792 844 826 μήπω
863 791 938 818 δεδυ-

148 832 293 867 νημένους,
309 833 338 859 οὺ
355 834 416 860 κατ’
429 834 539 870 ἐντολὴν
552 835 601 870 τὴν
614 835 718 872 ταύτης
734 836 938 872 καταφρόνησιν

147 877 267 910 ἀπαιτῶ,
282 878 365 912 φόϐον
381 879 443 906 τινὰ
456 879 585 907 ἐπισείων
602 881 677 916 ὑμῖν,
693 881 753 908 ἀλλ’
771 883 801 909 ὲν
820 882 861 917 τῷ
873 883 939 910 dva-

147 923 283 951 διδάσκειν
303 924 353 956 τὰς
367 924 414 952 τοῦ
436 925 507 961 ὑπὲρ
527 926 608 961 φύσιν
623 927 703 961 λόγου
724 928 851 963 χάριτας,
873 928 942 965 πρὸς

148 969 230 996 πόθον
242 969 395 1006 ὲφέλκομαι
416 971 464 1006 τῆς
474 971 647 1008 τελειοτέρας
660 973 808 1009 διαγωγῆς.

182 1013 238 1040 Καὶ
252 1015 386 1049 προΐεμαι
396 1015 475 1050 ἐμὴν
484 1016 589 1051 φωνὴν
599 1017 676 1050 υἱοῖς
689 1018 863 1053 ἀνθρώπων.
874 1019 942 1055 Προ-

148 1058 224 1094 φέρω
239 1060 268 1086 δὲ
282 1061 333 1095 τὴν
345 1061 414 1096 ἐμὴν
429 1061 615 1095 διδασκαλίαν,
633 1063 682 1090 καὶ
695 1065 751 1095 τοῖς
765 1058 810 1092 διὰ
825 1065 855 1091 τὸ
872 1065 941 1100 μόνα

148 1107 256 1140 φρονεῖν
278 1106 313 1132 τὰ
335 1107 387 1142 τῆς
401 1108 477 1136 κάτω
493 1108 620 1144 γνώσεως
630 1130 637 1143 ,
654 1109 805 1146 ἀνθρώπων
820 1131 829 1145 ,
845 1112 891 1138 καὶ
910 1112 940 1140 οὐ

148 1150 216 1177 Θεοῦ
231 1152 444 1187 χρηματίζουσι.

184 1200 215 1223 ε’.
223 1197 372 1231 Noricam,
381 1199 499 1233 ἄκακοι,
507 1202 702 1237 πανουργίαν.
712 1201 812 1236 Γνῶτε,
819 1204 843 1230 οἱ
851 1204 940 1239 πάσης

148 1242 248 1276 κακίας
264 1244 475 1280 καθαρεύοντες,
493 1247 544 1282 τὴν
556 1247 657 1280 παντὸς
671 1248 774 1282 ἀγαθοῦ
790 1249 940 1284 ὲμμέθοδον

148 1287 290 1323 ἐνέργειαν
302 1298 309 1305 ·
323 1291 480 1325 ἐπιγνόντες
495 1292 566 1319 κατὰ
583 1294 683 1328 πρᾶξιν
694 1294 744 1326 τὰς
753 1294 800 1322 τοῦ
815 1295 883 1322 Θεοῦ
897 1297 940 1322 ἐν·

148 1333 246 1366 τολάς·
264 1335 313 1362 καὶ
327 1336 366 1367 είς
382 1337 523 1372 φωτισμὸν
540 1338 666 1366 ἐντεῦθεν
681 1340 735 1367 ἀπὸ
750 1341 800 1375 τῆς
820 1341 939 1376 electro)—

148 1380 232 1415 γικῆς
246 1381 407 1417 καθάρσεως
419 1383 617 1419 προκόψαντες.

186 1427 220 1453 οι
234 1426 268 1453 δὲ
282 1426 467 1460 ἀπαίδευτοι,
478 1429 604 1457 ἕνθεσθε
617 1431 752 1465 καρδίαν.
768 1432 800 1458 Οἱ
815 1432 844 1459 δὲ
858 1433 940 1468 μήπω

148 1472 276 1507 τυχόντες
292 1473 430 1508 πατρικῆς
446 1474 570 1506 παιδείας
593 1475 661 1511 πρὸς
677 1476 822 1512 κάθαρσιν,
835 1477 939 1513 ἐμϐάλ-

149 1517 210 1544 λετε
221 1518 262 1550 είς
278 1518 328 1550 τὰς
340 1519 408 1551 ιδίας
419 1520 508 1556 ψυχὰς
523 1521 572 1556 τὴν
592 1521 722 1556 ζωογόνον
735 1523 798 1558 περὶ
811 1523 878 1551 Θεοῦ
895 1524 939 1551 ἐν·

149 1572 224 1591 νοιαν
235 1571 244 1580 ³
258 1564 320 1600 ἥτις
344 1564 389 1592 διὰ
404 1565 450 1592 τὸν
468 1566 665 1602 ὲρρυπωμένον
680 1568 736 1604 βίον
752 1569 828 1604 φόϐῳ
844 1570 938 1604 αὐτοῦ,

150 1609 242 1645 πάσης
255 1610 417 1647 ἐκκαθαίρει
431 1612 550 1647 κηλίδος.
602 1645 607 1650 ⁷

186 1655 223 1689 ς’.
234 1657 445 1685 Εισακούσατέ
455 1666 527 1693 μου⁹
540 1660 637 1694 σεμνὰ
651 1659 707 1694 γὰρ
719 1660 786 1695 ἐρεῖν
802 1661 851 1688 καὶ
863 1661 940 1689 ἐνοί-

149 1710 194 1728 σω
211 1702 271 1729 ἀπὸ
290 1703 415 1737 χειλέων
434 1703 517 1738 ὀρθά.
545 1705 679 1740 Πείσθητέ
704 1715 758 1741 μοι·
780 1707 860 1742 τίμια
887 1708 941 1744 γὰρ

150 1747 322 1784 φθέγξομαι·
339 1750 387 1776 καὶ
401 1749 513 1785 προάξω
537 1750 570 1777 ὲκ
583 1750 717 1785 στόματός
737 1759 788 1786 μου
809 1752 876 1787 εὑθῆ
897 1752 941 1779 λό-

150 1802 208 1829 για.

186 1839 219 1873 ζ’.
234 1840 300 1868 Ὀτι
327 1841 474 1875 ἀλήθειαν
495 1842 658 1877 μελετήσει
686 1844 703 1870 ὁ
725 1843 844 1879 φάρυγξ
867 1853 938 1879 μου.

151 1887 224 1913 Διότι
239 1894 285 1922 μοι
310 1887 324 1913 ό
339 1887 417 1922 δίκην
435 1888 576 1924 φάρυγγος
598 1888 722 1921 δεκτικὸς
739 1889 811 1922 νοῦς,
826 1890 874 1917 τοῦ
888 1891 940 1925 ψυ-

124 1924 125 1927 i
145 1931 202 1967 ’χάς
220 1933 392 1968 στηρίζοντος
409 1933 535 1969 οὐρανίου
551 1934 645 1970 ἄρτου,
666 1935 806 1969 φροντίσει
831 1924 940 1967 πάντως

150 1977 254 2009 διδάξαι
270 1978 340 2013 ὑμᾶς
355 1978 403 2014 τὴν
419 1979 448 2005 ἐν
462 1978 534 2010 ὅλοις
553 1979 700 2014 ἀλήθειαν⁹
723 1979 818 2007 τοῦτον
838 1980 939 2017 δηλαδὴ

149 2023 195 2050 τὸν
210 2024 263 2050 ὑπὸ
277 2024 369 2059 πάσης
381 2024 432 2059 τῆς
443 2024 558 2056 κτίσεως
569 2025 771 2060 κηρυττόμενον
788 2026 938 2054 ἔνυπόστα-

130 2078 195 2098 κτον
211 2071 259 2098 τοῦ
272 2070 342 2098 Θεοῦ
353 2071 443 2105 λόγον.

191 2117 409 2152 Ἐϐὃελυγμένα
421 2117 455 2144 δὲ
471 2117 612 2158 ἐναντίον
630 2118 703 2153 ἐμοῦ
722 2119 808 2153 χείλη
827 2118 936 2154 ψευδῆ.

150 2162 293 2189 Βδελυκτοὶ
311 2163 339 2189 δὲ
355 2163 476 2190 ἐναντίον
488 2163 568 2199 ἐμοῦ,
584 2164 609 2190 al
623 2164 654 2190 τὸ
668 2164 768 2200 ἀληθὲς
788 2165 827 2200 μὴ
846 2166 938 2200 ἀπαγ-

149 2208 291 2242 γέλλοντες
304 2208 389 2243 λόγοι.

988 284 1050 312 dam
1067 291 1172 320 portas,
1196 287 1373 316 meditatione
1397 290 1585 319 introducitur
1613 292 1730 321 Verbum
1748 300 1777 322 ιιι

990 330 1087 358 horum
1119 336 1216 360 auctor
1246 334 1406 369 cognitum,
1436 341 1466 364 ut
1493 337 1527 364 ah
1559 339 1648 366 anima
1677 347 1777 368 secun-

988 377 1054 404 dum
1072 378 1203 412 placitum
1217 387 1441 416 recognoscatur.

1020 423 1055 451 In
1070 425 1148 452 atriis
1172 427 1369 462 magniﬁcatur.
1385 427 1418 455 Et
1439 428 1467 456 in
1487 429 1658 464 ingressibus
1670 431 1729 467 ejus
1743 433 1778 459 ad

988 469 1121 503 animam,
1133 471 1247 504 exaltat,
1260 480 1320 507 quae
1337 481 1368 500 ex
1386 473 1447 507 ejus
1459 474 1610 503 imitatione
1626 475 1698 503 facta
1714 482 1779 504 sunt

988 522 1073 549 opera
1094 516 1176 548 bona,
1204 520 1234 543 ut
1249 524 1280 544 ea
1297 518 1432 550 videntes,
1453 519 1528 546 illum
1550 521 1640 548 onmis
1652 520 1779 550 boniatt-

988 564 1094 588 ctorem
1111 561 1254 590 celebrent
1267 573 1273 591 :
1290 568 1317 591 et
1331 565 1387 592 lucc
1399 565 1482 592 verba
1497 566 1648 600 sapientiae.

1024 647 1106 676 Vsus.
1122 649 1151 677 4.
1169 649 1191 677 0
1208 650 1268 683 viri,
1290 651 1325 678 ad
1344 660 1389 680 vos
1407 653 1526 684 domito.
1543 655 1597 684 Vos
1613 660 1705 686 autem
1720 660 1779 694 qui,

994 692 1123 721 humanae
1141 698 1249 723 natura:
1265 696 1350 732 legem
1375 705 1470 726 sanam
1486 702 1684 736 custodientes,
1703 692 1780 733 acu-

989 738 1154 773 piditatibus
1180 748 1241 776 qua:
1263 747 1329 770 Sunt
1353 747 1450 771 contra
1469 749 1596 774 naturam
1621 755 1677 775 non
1692 749 1780 777 vincl-

989 783 1069 816 mini,
1100 785 1147 812 sed
1174 787 1222 821 qui
1246 787 1369 814 nondum
1399 789 1470 817 hanc
1491 790 1579 824 ipsam
1606 798 1782 822 contemnere

988 829 1102 862 valetis,
1120 837 1175 857 non
1187 838 1235 858 vos
1247 839 1296 866 per
1309 832 1455 868 imperium
1468 834 1504 861 ad
1514 836 1575 871 ejus
1590 841 1781 873 contemptum

989 882 1068 908 voco,
1099 876 1220 911 quodam
1249 878 1329 906 vobis
1356 879 1459 914 injecto
1497 882 1604 916 timore,
1625 883 1674 911 sed
1702 885 1781 912 vobis

957 916 1067 950 Bverbi
1101 925 1321 958 supernaturalis
1357 932 1517 956 venustates
1547 935 1717 964 monstrans,
1745 933 1781 960 ad

992 967 1167 1003 perfectioris
1182 969 1244 998 vita
1258 970 1428 1000 desiderium
1446 974 1567 1002 attrahe.

1026 1013 1061 1040 Et
1073 1022 1157 1042 vocem
1169 1023 1254 1042 meam
1271 1017 1378 1051 e/fundo
1393 1018 1427 1045 ad
1440 1019 1512 1054 ﬁlios
1527 1020 1673 1054 hominum,
1692 1021 1780 1050 Meam

991 1058 1145 1087 doctrinam
1159 1065 1186 1088 et
1200 1061 1234 1089 iis
1250 1070 1387 1098 propono,
1404 1065 1450 1099 qui
1466 1071 1566 1093 vacant
1579 1066 1613 1094 ad
1626 1067 1781 1103 intelligen-

991 1105 1056 1132 tiam
1071 1114 1164 1134 eorum
1184 1115 1245 1143 qua:
1268 1109 1420 1137 secundutn
1444 1110 1588 1140 hominum
1611 1118 1638 1141 et
1652 1121 1707 1142 non
1733 1115 1780 1143 Dei

990 1150 1145 1179 scientiam.

1029 1195 1111 1224 Vsus.
1124 1197 1150 1224 5.
1163 1197 1317 1234 Intelligite,
1332 1201 1460 1233 insontes,
1471 1203 1611 1231 astutiam.
1623 1204 1779 1240 lntclligite,

990 1248 1040 1268 vos
1056 1242 1103 1276 qui
1124 1243 1160 1270 ab
1180 1245 1254 1271 onmi
1278 1246 1382 1273 malitia
1400 1247 1483 1274 alieni
1499 1250 1577 1282 estis,
1595 1251 1781 1279 methodicau.

991 1287 1081 1315 omnis
1098 1287 1162 1316 boni
1176 1291 1362 1324 operationem
1381 1301 1388 1320 :
1409 1300 1638 1329 recognoscentes
1661 1298 1688 1325 in
1705 1300 1783 1333 pravi

991 1331 1039 1360 Dei
1055 1338 1200 1369 praecepta;
1215 1337 1288 1363 etab
1300 1338 1457 1372 expiatione
1474 1349 1535 1375 qua:
1549 1349 1592 1370 est
1606 1351 1655 1378 per
1670 1331 1781 1373 modum

991 1377 1203 1408 introductionis
1219 1383 1398 1415 prOccdentes
1415 1385 1449 1412 ad
1466 1385 1567 1415 lucem.

1026 1422 1200 1458 Insipientes,
1233 1427 1436 1457 animadvertite
1474 1432 1563 1462 corde.
1592 1433 1614 1462 0
1643 1443 1711 1470 vos,
1735 1440 1782 1472 qui

990 1469 1111 1496 nondum
1136 1470 1169 1498 ad
1196 1475 1338 1507 paternam
1353 1474 1506 1503 doctrinam
1529 1479 1643 1507 venistis
1671 1469 1706 1508 ad
1733 1469 1783 1509 ex-

990 1514 1148 1550 piationem,
1168 1516 1250 1551 jacite
1275 1519 1302 1546 in
1330 1521 1438 1550 animas
1467 1527 1573 1551 vestras
1599 1526 1780 1556 viviﬁcantem

991 1560 1039 1588 Dei
1054 1562 1257 1598 cognitionem;
1275 1573 1336 1601 qua:
1352 1566 1450 1596 timore
1467 1569 1538 1604 ejus,
1552 1571 1637 1599 vitam
1660 1575 1782 1602 macula.

994 1610 1049 1634 tam
1066 1608 1100 1635 ab
1112 1608 1186 1636 omni
1203 1609 1262 1637 lahe
1280 1611 1416 1646 puriﬁcat.

1029 1652 1111 1681 Vens.
1126 1654 1153 1682 6.
1168 1655 1265 1683 Audite
1291 1665 1341 1691 me,
1362 1660 1454 1693 gravia
1477 1661 1546 1688 enim
1568 1663 1691 1692 locutura
1704 1675 1783 1700 rum;

992 1699 1126 1734 proferant
1151 1701 1230 1729 labiis
1247 1703 1310 1731 meis
1324 1709 1408 1733 recta.
1424 1706 1524 1736 Audite
1539 1717 1592 1743 me,
1611 1699 1785 1742 honorabilia.

993 1745 1127 1778 clamabo.
1139 1751 1166 1774 et
1179 1748 1315 1782 proteram
1330 1758 1363 1778 ex
1374 1758 1422 1779 ore
1436 1760 1496 1780 meo
1510 1758 1584 1781 recta
1600 1759 1626 1784 et
1639 1757 1725 1791 jnsta.

1028 1831 1113 1860 Vsus.
1157 1834 1184 1861 7.
1230 1834 1300 1868 Quia
1331 1837 1469 1864 veritatem
1498 1840 1672 1869 meditabitur
1690 1849 1784 1879 guttur

993 1884 1090 1905 meum.
1105 1878 1173 1910 Quia
1201 1879 1267 1906 mihi
1293 1882 1372 1915 quasi
1396 1889 1458 1911 vere
1482 1888 1587 1918 guttur,
1605 1878 1718 1922 spiritus
1735 1897 1783 1917 ca-

993 1931 1046 1959 pax
1059 1925 1138 1959 panis
1155 1926 1276 1955 caelestis
1294 1928 1401 1956 animas
1417 1929 1623 1965 conﬁrmantis,
1640 1935 1784 1964 meditabi-

991 1974 1038 1998 tur
1052 1971 1165 1999 omnino
1183 1978 1335 2002 monstrare
1352 1975 1430 2003 vobis
1440 1977 1580 2006 veritatem
1597 1979 1625 2006 in
1642 1982 1782 2016 omnibus,

992 2016 1098 2045 scilicet
1108 2018 1295 2047 manifestabit
1303 2028 1351 2055 per
1361 2029 1391 2049 se
1402 2021 1594 2052 subsistentem
1608 2024 1657 2053 Dei
1669 2027 1781 2055 verbum

992 2070 1008 2090 a
1026 2067 1082 2090 tota
1102 2065 1240 2092 creatione
1257 2067 1424 2095 nuntiatum.

1029 2107 1133 2136 Odiosa
1159 2114 1219 2137 ante
1238 2118 1279 2137 me
1304 2111 1376 2138 labia
1392 2112 1496 2140 dolosa.
1516 2114 1615 2142 Odiosa
1635 2121 1701 2144 sunt
1719 2121 1783 2146 ante

992 2162 1045 2189 me,
1054 2162 1114 2190 qua:
1131 2163 1226 2183 verum
1244 2165 1298 2184 uon
1314 2158 1490 2192 aununtiant,
1504 2160 1597 2188 verba.

183 2256 219 2288 η’.
233 2254 315 2280 Μετὰ
322 2253 518 2288 δικαιοσύνης
526 2253 626 2281 πάντα
635 2254 670 2280 τὰ
679 2253 801 2288 ῥήματα
810 2253 863 2281 τοῦ
870 2253 939 2280 στό-

1027 2245 1110 2274 Vens.
1127 2246 1154 2274 8.
1175 2246 1242 2274 Cum
1255 2247 1366 2281 justitia
1377 2248 1467 2275 omnia
1481 2249 1558 2277 verba
1569 2250 1623 2277 oris
1639 2251 1700 2279 mei.
1713 2251 1781 2280 Cum

146 2299 240 2334 ματός
258 2307 328 2334 μου.
344 2299 422 2326 Μετὰ
439 2299 558 2335 κρίσεως
569 2300 708 2335 ἀρρεποῦς
725 2300 814 2326 πάντα
830 2299 865 2326 τὰ
885 2299 940 2335 ἐμὰ

150 2345 383 2382 παραγγέλματα.

187 2391 283 2418 οὐδὲν
303 2391 339 2417 ἐν
363 2391 467 2424 αὺτοῖς
490 2391 628 2424 σκολιὸν,
643 2390 716 2418 οὐδὲ
738 2391 940 2427 στραγγαλιῶ-

149 2436 211 2470 δες.
229 2436 312 2463 Οὐδὲν
321 2436 350 2463 ἐν
364 2437 456 2468 αὐτοῖς
472 2436 569 2471 ψεῦδος
587 2437 801 2473 ὑποκρινόμενον
811 2438 860 2473 τὴν
875 2437 940 2473 ἀλή-

150 2483 238 2516 θειαν,
251 2482 313 2509 οὔτε
330 2482 383 2518 μὴν
400 2482 447 2509 τοῦ
466 2482 558 2514 εὐθέος
571 2483 803 2518 ἐκτετραμμένον.

186 2529 218 2555 θ’.
235 2528 337 2556 Πάντα
350 2528 462 2555 ἐνώπια
475 2529 538 2562 τοῖς
552 2529 705 2556 συνιοῦσι.
720 2529 844 2556 ’Δπαντα
860 2538 941 2564 φανε-

151 2576 186 2613 ρὰ
211 2577 269 2608 τοῖς
294 2575 452 2603 συννεύουσι
481 2576 550 2611 πρδς
579 2575 609 2602 τδ
632 2575 746 2609 ἀγαθὸν,
762 2576 809 2601 καὶ
828 2575 872 2601 διὰ
890 2575 941 2610 τῆς

150 2622 222 2650 κατὰ.
245 2621 346 2656 πρᾶξιν
369 2620 478 2657 πείρας,
498 2620 553 2647 τῶν
573 2621 688 2647 ἐντολῶν
712 2621 763 2656 τὴν
785 2621 940 2656 ὲπιστήμην

150 2677 240 2704 κτησα
245 2667 348 2703 μένοις.

184 2714 239 2742 Kal
253 2714 325 2749 ὀρθὰ
334 2713 397 2747 τοῖς
412 2713 589 2748 εὑρίσκουσι
601 2712 724 2746 γνῶσιν.
737 2713 792 2740 Καὶ
807 2713 941 2740 εὐθύτατα

150 2761 206 2792 τοῖς
229 2759 386 2792 ἐξετάζουσι
412 2759 460 2786 καὶ
477 2759 717 2794 καταλαμϐάνουσι
738 2759 894 2793 γνωπικῶς
911 2759 942 2785 τὸ

150 2805 262 2841 ἀληθές.

187 2851 213 2879 ι’.
229 2851 340 2879 Λάϐετε
354 2850 493 2878 παιδείαν
507 2851 557 2878 καὶ
566 2851 609 2886 μὴ
622 2850 774 2885 ἀργύριον.
796 2850 941 2886 Κτήσασθε

150 2898 222 2934 ὑπὲρ
239 2899 289 2934 μὲν
301 2896 434 2932 ἀργύριον
448 2896 578 2932 καθαρὸν,
600 2895 648 2932 τὴν
665 2897 802 2928 ἐπιπόνως
820 2896 873 2923 τῶν
887 2896 941 2923 άπὸ

270 2945 406 2976 ΡΑΤιιοι..
422 2945 481 2977 Gn.
501 2943 680 2976 LXXXVI].

991 2291 1096 2320 iudicio
1113 2292 1191 2320 ﬁrmo
1207 2301 1304 2321 omnes
1320 2294 1526 2323 exhortationes
1544 2303 1622 2324 mem.

1028 2380 1090 2408 Non
1112 2386 1151 2408 est
1174 2381 1202 2408 in
1227 2382 1266 2409 eis
1286 2389 1397 2416 pravum
1418 2381 1493 2417 quid,
1518 2391 1598 2418 neque
1619 2392 1779 2418 perversum.

989 2428 1098 2456 Nullum
1127 2429 1154 2456 in
1191 2429 1232 2456 eis
1259 2429 1430 2457 mendacium
1458 2431 1601 2458 veritatem
1635 2431 1779 2464 simulans,

990 2484 1041 2504 nec
1052 2484 1067 2503 ιι
1083 2477 1246 2504 rectitudine
1261 2485 1415 2504 removens.
1504 2475 1507 2477 ’

1024 2521 1108 2550 Vsus.
1127 2522 1154 2550 9.
1178 2522 1275 2550 Omnia
1299 2528 1361 2550 ante
1382 2523 1472 2551 oculos
1489 2523 1530 2551 his
1544 2525 1590 2558 qui
1615 2525 1780 2560 intelligunt.

991 2567 1088 2596 Omnia
1109 2569 1255 2597 manifesta
1281 2569 1325 2597 his
1342 2570 1390 2604 qui
1408 2569 1442 2596 ad
1462 2570 1565 2597 bonum
1583 2570 1736 2604 festinant;
1753 2576 1780 2598 et

990 2615 1037 2650 qui
1056 2622 1104 2649 per
1120 2620 1237 2643 conatus
1256 2616 1407 2650 praeticos,
1424 2616 1615 2644 mandatorum
1637 2616 1779 2644 scientiam

991 2661 1147 2694 acquirunt.

1028 2705 1061 2732 Et
1082 2711 1154 2733 recta
1184 2706 1374 2735 invenientibus
1402 2707 1549 2735 scientiam.
1567 2707 1600 2734 Et
1626 2708 1780 2737 rectissima

991 2751 1176 2786 quaerentibus
1200 2755 1228 2779 et
1250 2752 1453 2781 invenientibus
1482 2755 1623 2782 scientiam
1645 2755 1779 2783 veritatis.

1024 2848 1109 2876 Vsus.
1125 2848 1170 2876 10.
1185 2848 1378 2883 ΑρρηΙιρηιίίιε
1390 2849 1560 2884 disciplinam
1581 2855 1606 2878 et
1622 2859 1673 2878 non
1688 2859 1780 2886 argen-

992 2900 1057 2923 tum.
1084 2895 1225 2930 Acquirite
1245 2903 1326 2932 super
1353 2901 1496 2932 argentum
1511 2905 1622 2933 purum,
1648 2898 1778 2925 virtutum

1560 2945 1597 2974 Μ
