  <div class='ocr_page' id='page_1' title='image "/cluster/home/n/w/nwhite01/storage/ocr_20150623/87, pt.1/njp.32101013202641/654.png"; bbox 0 0 2079 3161; ppageno 0'>
   <div class='ocr_carea' id='block_1_1' title="bbox 178 166 247 199">
    <p class='ocr_par' dir='ltr' id='par_1_1' title="bbox 178 166 247 199">
     <span class='ocr_line' id='line_1_1' title="bbox 178 166 247 199; baseline 0.029 -2"><span class='ocrx_word' id='word_1_1' title='bbox 178 166 247 199; x_wconf 76' lang='grc'><strong>1293</strong></span> 
     </span>
    </p>
   </div>
   <div class='ocr_carea' id='block_1_2' title="bbox 717 166 1294 209">
    <p class='ocr_par' dir='ltr' id='par_1_2' title="bbox 717 166 1294 209">
     <span class='ocr_line' id='line_1_2' title="bbox 717 166 1294 209; baseline -0.003 -11"><span class='ocrx_word' id='word_1_2' title='bbox 717 167 986 198; x_wconf 72' lang='lat' dir='ltr'><strong>COMMENTARII</strong></span> <span class='ocrx_word' id='word_1_3' title='bbox 1010 167 1050 196; x_wconf 87' lang='grc' dir='ltr'>ΙΝ</span> <span class='ocrx_word' id='word_1_4' title='bbox 1068 166 1294 209; x_wconf 67' lang='lat' dir='ltr'><strong>PROVERBIA.</strong></span> 
     </span>
    </p>
   </div>
   <div class='ocr_carea' id='block_1_3' title="bbox 1745 165 1811 198">
    <p class='ocr_par' dir='ltr' id='par_1_3' title="bbox 1745 165 1811 198">
     <span class='ocr_line' id='line_1_3' title="bbox 1745 165 1811 198; baseline -0.015 0"><span class='ocrx_word' id='word_1_5' title='bbox 1745 165 1811 198; x_wconf 74' lang='grc'><strong>1204</strong></span> 
     </span>
    </p>
   </div>
   <div class='ocr_carea' id='block_1_4' title="bbox 176 223 964 260">
    <p class='ocr_par' dir='ltr' id='par_1_4' title="bbox 176 224 964 260">
     <span class='ocr_line' id='line_1_4' title="bbox 176 224 964 260; baseline 0 -8"><span class='ocrx_word' id='word_1_6' title='bbox 176 226 238 252; x_wconf 84' lang='grc' dir='ltr'>σίαν</span> <span class='ocrx_word' id='word_1_7' title='bbox 261 224 366 256; x_wconf 72' lang='grc' dir='ltr'>τούτοις</span> <span class='ocrx_word' id='word_1_8' title='bbox 385 224 485 251; x_wconf 77' lang='grc' dir='ltr'><strong>δίδοται</strong></span> <span class='ocrx_word' id='word_1_9' title='bbox 498 224 622 260; x_wconf 81' lang='grc' dir='ltr'>δύναμις,</span> <span class='ocrx_word' id='word_1_10' title='bbox 639 224 676 257; x_wconf 83' lang='grc' dir='ltr'><strong>ὡς</strong></span> <span class='ocrx_word' id='word_1_11' title='bbox 690 225 873 253; x_wconf 79' lang='grc' dir='ltr'>ὲνυπσστάτου</span> <span class='ocrx_word' id='word_1_12' title='bbox 887 225 964 252; x_wconf 63' lang='lat' dir='ltr'><strong>sm.</strong></span> 
     </span>
    </p>
   </div>
   <div class='ocr_carea' id='block_1_5' title="bbox 1015 223 1811 260">
    <p class='ocr_par' dir='ltr' id='par_1_5' title="bbox 1019 223 1811 260">
     <span class='ocr_line' id='line_1_5' title="bbox 1019 223 1811 260; baseline 0.001 -9"><span class='ocrx_word' id='word_1_13' title='bbox 1019 232 1082 252; x_wconf 86' lang='lat' dir='ltr'><strong>nem</strong></span> <span class='ocrx_word' id='word_1_14' title='bbox 1109 225 1164 252; x_wconf 81' lang='lat' dir='ltr'><strong>illis</strong></span> <span class='ocrx_word' id='word_1_15' title='bbox 1181 223 1344 252; x_wconf 78' lang='lat' dir='ltr'><strong>conceditur</strong></span> <span class='ocrx_word' id='word_1_16' title='bbox 1359 224 1490 258; x_wconf 88' lang='lat' dir='ltr'><strong>potentia,</strong></span> <span class='ocrx_word' id='word_1_17' title='bbox 1507 231 1522 251; x_wconf 93' lang='lat' dir='ltr'><strong>a</strong></span> <span class='ocrx_word' id='word_1_18' title='bbox 1543 231 1587 252; x_wconf 90' lang='lat' dir='ltr'><strong>me</strong></span> <span class='ocrx_word' id='word_1_19' title='bbox 1607 228 1636 252; x_wconf 94' lang='lat' dir='ltr'><strong>ut</strong></span> <span class='ocrx_word' id='word_1_20' title='bbox 1647 232 1662 251; x_wconf 78' lang='grc' dir='ltr'><strong>ιι</strong></span> <span class='ocrx_word' id='word_1_21' title='bbox 1678 229 1811 260; x_wconf 85' lang='lat' dir='ltr'><strong>potestate</strong></span> 
     </span>
    </p>
   </div>
   <div class='ocr_carea' id='block_1_6' title="bbox 177 270 581 308">
    <p class='ocr_par' dir='ltr' id='par_1_6' title="bbox 177 270 581 308">
     <span class='ocr_line' id='line_1_6' title="bbox 177 270 581 308; baseline 0.002 -11"><span class='ocrx_word' id='word_1_22' title='bbox 177 279 251 308; x_wconf 88' lang='grc' dir='ltr'>μεως</span> <span class='ocrx_word' id='word_1_23' title='bbox 262 270 308 297; x_wconf 78' lang='grc' dir='ltr'>τοῦ</span> <span class='ocrx_word' id='word_1_24' title='bbox 321 270 389 297; x_wconf 68' lang='grc' dir='ltr'>Θεοῦ</span> <span class='ocrx_word' id='word_1_25' title='bbox 407 271 455 297; x_wconf 73' lang='grc' dir='ltr'><strong>καὶ</strong></span> <span class='ocrx_word' id='word_1_26' title='bbox 465 271 581 306; x_wconf 78' lang='grc' dir='ltr'><strong>Πατρός.</strong></span> 
     </span>
    </p>
   </div>
   <div class='ocr_carea' id='block_1_7' title="bbox 212 316 966 354">
    <p class='ocr_par' dir='ltr' id='par_1_7' title="bbox 212 316 966 354">
     <span class='ocr_line' id='line_1_7' title="bbox 212 316 966 354; baseline 0.011 -12"><span class='ocrx_word' id='word_1_27' title='bbox 212 319 252 343; x_wconf 83' lang='grc' dir='ltr'>ιε’.</span> <span class='ocrx_word' id='word_1_28' title='bbox 267 317 307 343; x_wconf 85' lang='grc' dir='ltr'><strong>Δι’</strong></span> <span class='ocrx_word' id='word_1_29' title='bbox 317 316 390 351; x_wconf 82' lang='grc' dir='ltr'><strong>ἐμοῦ</strong></span> <span class='ocrx_word' id='word_1_30' title='bbox 399 316 541 350; x_wconf 72' lang='grc' dir='ltr'>,βασιλεῖς</span> <span class='ocrx_word' id='word_1_31' title='bbox 552 318 767 350; x_wconf 77' lang='grc' dir='ltr'><strong>βασιλεύουσι.</strong></span> <span class='ocrx_word' id='word_1_32' title='bbox 782 319 821 346; x_wconf 82' lang='grc' dir='ltr'><strong>Δι’</strong></span> <span class='ocrx_word' id='word_1_33' title='bbox 836 317 914 354; x_wconf 76' lang='grc' dir='ltr'>ἐμοῦ.</span> <span class='ocrx_word' id='word_1_34' title='bbox 928 318 966 350; x_wconf 81' lang='grc' dir='ltr'><strong>ὠς</strong></span> 
     </span>
    </p>
   </div>
   <div class='ocr_carea' id='block_1_8' title="bbox 175 363 966 401">
    <p class='ocr_par' dir='ltr' id='par_1_8' title="bbox 175 363 966 401">
     <span class='ocr_line' id='line_1_8' title="bbox 175 363 966 401; baseline 0.001 -11"><span class='ocrx_word' id='word_1_35' title='bbox 175 363 245 390; x_wconf 75' lang='grc' dir='ltr'>Θεοῦ</span> <span class='ocrx_word' id='word_1_36' title='bbox 265 363 365 397; x_wconf 76' lang='grc' dir='ltr'>Λόγου,</span> <span class='ocrx_word' id='word_1_37' title='bbox 382 363 407 390; x_wconf 72' lang='lat' dir='ltr'><strong>oi</strong></span> <span class='ocrx_word' id='word_1_38' title='bbox 427 363 482 390; x_wconf 85' lang='grc' dir='ltr'><strong>τῶν</strong></span> <span class='ocrx_word' id='word_1_39' title='bbox 503 364 597 391; x_wconf 88' lang='grc' dir='ltr'>παθῶν</span> <span class='ocrx_word' id='word_1_40' title='bbox 622 365 823 401; x_wconf 82' lang='grc' dir='ltr'>αὐτοκράτορες</span> <span class='ocrx_word' id='word_1_41' title='bbox 845 364 966 400; x_wconf 71' lang='grc' dir='ltr'>ἐννόμων</span> 
     </span>
    </p>
   </div>
   <div class='ocr_carea' id='block_1_9' title="bbox 175 409 771 446">
    <p class='ocr_par' dir='ltr' id='par_1_9' title="bbox 175 409 771 446">
     <span class='ocr_line' id='line_1_9' title="bbox 175 409 771 446; baseline 0.002 -9"><span class='ocrx_word' id='word_1_42' title='bbox 175 409 352 437; x_wconf 80' lang='grc' dir='ltr'>ὲπιστατοῦσι</span> <span class='ocrx_word' id='word_1_43' title='bbox 370 410 403 445; x_wconf 86' lang='grc' dir='ltr'><strong>τῇ</strong></span> <span class='ocrx_word' id='word_1_44' title='bbox 417 410 551 446; x_wconf 64' lang='grc' dir='ltr'><strong>ἐπιθυμίᾳ⁵</strong></span> <span class='ocrx_word' id='word_1_45' title='bbox 565 410 612 438; x_wconf 85' lang='grc' dir='ltr'>καὶ</span> <span class='ocrx_word' id='word_1_46' title='bbox 627 411 666 445; x_wconf 85' lang='grc' dir='ltr'>τῷ</span> <span class='ocrx_word' id='word_1_47' title='bbox 682 410 771 446; x_wconf 81' lang='grc' dir='ltr'>θυμῷ.</span> 
     </span>
    </p>
   </div>
   <div class='ocr_carea' id='block_1_10' title="bbox 212 455 965 491">
    <p class='ocr_par' dir='ltr' id='par_1_10' title="bbox 212 455 965 491">
     <span class='ocr_line' id='line_1_10' title="bbox 212 455 965 491; baseline -0.001 -8"><span class='ocrx_word' id='word_1_48' title='bbox 212 455 267 484; x_wconf 72' lang='grc' dir='ltr'><strong>Καὶ</strong></span> <span class='ocrx_word' id='word_1_49' title='bbox 278 457 305 482; x_wconf 81' lang='grc' dir='ltr'><strong>οἱ</strong></span> <span class='ocrx_word' id='word_1_50' title='bbox 322 455 470 482; x_wconf 81' lang='grc' dir='ltr'><strong>δυνάσται</strong></span> <span class='ocrx_word' id='word_1_51' title='bbox 484 455 632 490; x_wconf 62' lang='grc' dir='ltr'>γράφουσι</span> <span class='ocrx_word' id='word_1_52' title='bbox 649 456 857 491; x_wconf 81' lang='grc' dir='ltr'>δικαιοσύνην.</span> <span class='ocrx_word' id='word_1_53' title='bbox 872 456 927 483; x_wconf 71' lang='grc' dir='ltr'><strong>Καὶ</strong></span> <span class='ocrx_word' id='word_1_54' title='bbox 941 457 965 482; x_wconf 79' lang='grc' dir='ltr'>οἱ</span> 
     </span>
    </p>
   </div>
   <div class='ocr_carea' id='block_1_11' title="bbox 177 501 966 538">
    <p class='ocr_par' dir='ltr' id='par_1_11' title="bbox 177 501 966 538">
     <span class='ocr_line' id='line_1_11' title="bbox 177 501 966 538; baseline -0.003 -8"><span class='ocrx_word' id='word_1_55' title='bbox 177 502 430 531; x_wconf 77' lang='grc' dir='ltr'>καθυποτάσσοντες</span> <span class='ocrx_word' id='word_1_56' title='bbox 445 501 494 537; x_wconf 77' lang='grc' dir='ltr'>τὴν</span> <span class='ocrx_word' id='word_1_57' title='bbox 511 503 601 538; x_wconf 83' lang='grc' dir='ltr'>σάρκα</span> <span class='ocrx_word' id='word_1_58' title='bbox 622 502 660 538; x_wconf 83' lang='grc' dir='ltr'>τῷ</span> <span class='ocrx_word' id='word_1_59' title='bbox 677 502 824 538; x_wconf 86' lang='grc' dir='ltr'>πνεύματι.</span> <span class='ocrx_word' id='word_1_60' title='bbox 841 502 886 528; x_wconf 84' lang='grc' dir='ltr'>τὸν</span> <span class='ocrx_word' id='word_1_61' title='bbox 901 502 966 537; x_wconf 80' lang='grc' dir='ltr'>χοῦν</span> 
     </span>
    </p>
   </div>
   <div class='ocr_carea' id='block_1_12' title="bbox 175 548 966 584">
    <p class='ocr_par' dir='ltr' id='par_1_12' title="bbox 175 548 966 584">
     <span class='ocr_line' id='line_1_12' title="bbox 175 548 966 584; baseline -0.001 -9"><span class='ocrx_word' id='word_1_62' title='bbox 175 549 246 576; x_wconf 72' lang='grc' dir='ltr'>κατὰ</span> <span class='ocrx_word' id='word_1_63' title='bbox 261 548 362 584; x_wconf 79' lang='grc' dir='ltr'>πρᾶξιν</span> <span class='ocrx_word' id='word_1_64' title='bbox 377 548 483 583; x_wconf 74' lang='grc' dir='ltr'>ἠθικῶς</span> <span class='ocrx_word' id='word_1_65' title='bbox 503 548 723 581; x_wconf 84' lang='grc' dir='ltr'>διαπλάττοντες,</span> <span class='ocrx_word' id='word_1_66' title='bbox 739 548 783 576; x_wconf 83' lang='grc' dir='ltr'>διὰ</span> <span class='ocrx_word' id='word_1_67' title='bbox 804 548 900 576; x_wconf 80' lang='grc' dir='ltr'>τούτου</span> <span class='ocrx_word' id='word_1_68' title='bbox 918 556 966 583; x_wconf 89' lang='grc' dir='ltr'><strong>ση-</strong></span> 
     </span>
    </p>
   </div>
   <div class='ocr_carea' id='block_1_13' title="bbox 177 595 966 632">
    <p class='ocr_par' dir='ltr' id='par_1_13' title="bbox 177 595 966 632">
     <span class='ocr_line' id='line_1_13' title="bbox 177 595 966 632; baseline -0.001 -9"><span class='ocrx_word' id='word_1_69' title='bbox 177 595 328 632; x_wconf 74' lang='grc' dir='ltr'>μειοῦνται,</span> <span class='ocrx_word' id='word_1_70' title='bbox 340 596 378 628; x_wconf 87' lang='grc' dir='ltr'><strong>ὡς</strong></span> <span class='ocrx_word' id='word_1_71' title='bbox 397 596 441 623; x_wconf 87' lang='grc' dir='ltr'><strong>διὰ</strong></span> <span class='ocrx_word' id='word_1_72' title='bbox 467 596 593 631; x_wconf 80' lang='grc' dir='ltr'>μέλανος,</span> <span class='ocrx_word' id='word_1_73' title='bbox 609 596 657 632; x_wconf 80' lang='grc' dir='ltr'>τὴν</span> <span class='ocrx_word' id='word_1_74' title='bbox 674 596 723 631; x_wconf 83' lang='grc' dir='ltr'>τῆς</span> <span class='ocrx_word' id='word_1_75' title='bbox 744 597 833 632; x_wconf 81' lang='grc' dir='ltr'>ψυχῆς</span> <span class='ocrx_word' id='word_1_76' title='bbox 857 596 966 632; x_wconf 77' lang='grc' dir='ltr'>ἀρρεπῆ</span> 
     </span>
    </p>
   </div>
   <div class='ocr_carea' id='block_1_14' title="bbox 176 641 967 677">
    <p class='ocr_par' dir='ltr' id='par_1_14' title="bbox 176 641 967 677">
     <span class='ocr_line' id='line_1_14' title="bbox 176 641 967 677; baseline 0 -9"><span class='ocrx_word' id='word_1_77' title='bbox 176 641 268 677; x_wconf 80' lang='grc' dir='ltr'><strong>κρίσιν</strong></span> <span class='ocrx_word' id='word_1_78' title='bbox 286 641 354 676; x_wconf 70' lang='grc' dir='ltr'>πρὸς</span> <span class='ocrx_word' id='word_1_79' title='bbox 373 641 407 668; x_wconf 85' lang='grc' dir='ltr'>τὰ</span> <span class='ocrx_word' id='word_1_80' title='bbox 430 642 491 667; x_wconf 80' lang='grc' dir='ltr'>κατ’</span> <span class='ocrx_word' id='word_1_81' title='bbox 504 641 622 672; x_wconf 74' lang='grc' dir='ltr'><strong>ἔλλειψιν</strong></span> <span class='ocrx_word' id='word_1_82' title='bbox 633 641 684 676; x_wconf 81' lang='grc' dir='ltr'>τῆς</span> <span class='ocrx_word' id='word_1_83' title='bbox 698 642 799 677; x_wconf 83' lang='grc' dir='ltr'>ἀρετῆς</span> <span class='ocrx_word' id='word_1_84' title='bbox 822 641 870 668; x_wconf 74' lang='grc' dir='ltr'>καὶ</span> <span class='ocrx_word' id='word_1_85' title='bbox 882 641 967 676; x_wconf 80' lang='grc' dir='ltr'>ὑπερ-</span> 
     </span>
    </p>
   </div>
   <div class='ocr_carea' id='block_1_15' title="bbox 177 686 966 723">
    <p class='ocr_par' dir='ltr' id='par_1_15' title="bbox 177 686 966 723">
     <span class='ocr_line' id='line_1_15' title="bbox 177 686 966 723; baseline 0.003 -10"><span class='ocrx_word' id='word_1_86' title='bbox 177 687 257 721; x_wconf 76' lang='grc' dir='ltr'>ϐολὴν</span> <span class='ocrx_word' id='word_1_87' title='bbox 279 687 352 721; x_wconf 80' lang='grc' dir='ltr'>πάθη</span> <span class='ocrx_word' id='word_1_88' title='bbox 366 686 433 722; x_wconf 76' lang='grc' dir='ltr'>ἐμοῦ</span> <span class='ocrx_word' id='word_1_89' title='bbox 450 686 496 713; x_wconf 83' lang='grc' dir='ltr'>τὸν</span> <span class='ocrx_word' id='word_1_90' title='bbox 515 687 593 722; x_wconf 88' lang='grc' dir='ltr'>λόγον</span> <span class='ocrx_word' id='word_1_91' title='bbox 617 687 667 722; x_wconf 81' lang='grc' dir='ltr'>τῆς</span> <span class='ocrx_word' id='word_1_92' title='bbox 680 687 782 723; x_wconf 81' lang='grc' dir='ltr'>ἀρετῆς</span> <span class='ocrx_word' id='word_1_93' title='bbox 794 687 899 720; x_wconf 81' lang='grc' dir='ltr'><strong>τούτοις</strong></span> <span class='ocrx_word' id='word_1_94' title='bbox 913 687 966 715; x_wconf 84' lang='grc' dir='ltr'><strong>ὐπ-</strong></span> 
     </span>
    </p>
   </div>
   <div class='ocr_carea' id='block_1_16' title="bbox 176 732 364 768">
    <p class='ocr_par' dir='ltr' id='par_1_16' title="bbox 176 732 364 768">
     <span class='ocr_line' id='line_1_16' title="bbox 176 732 364 768; baseline 0 -8"><span class='ocrx_word' id='word_1_95' title='bbox 176 732 364 768; x_wconf 84' lang='grc' dir='ltr'>αγορεὺοντος.</span> 
     </span>
    </p>
   </div>
   <div class='ocr_carea' id='block_1_17' title="bbox 213 778 964 815">
    <p class='ocr_par' dir='ltr' id='par_1_17' title="bbox 213 778 964 815">
     <span class='ocr_line' id='line_1_17' title="bbox 213 778 964 815; baseline 0.003 -10"><span class='ocrx_word' id='word_1_96' title='bbox 213 782 261 811; x_wconf 84' lang='grc' dir='ltr'>ις’.</span> <span class='ocrx_word' id='word_1_97' title='bbox 279 779 318 805; x_wconf 82' lang='grc' dir='ltr'><strong>Δι’</strong></span> <span class='ocrx_word' id='word_1_98' title='bbox 332 778 406 813; x_wconf 82' lang='grc' dir='ltr'><strong>ἐμοῦ</strong></span> <span class='ocrx_word' id='word_1_99' title='bbox 417 778 598 814; x_wconf 79' lang='grc' dir='ltr'><strong>μεγιστᾶνες</strong></span> <span class='ocrx_word' id='word_1_100' title='bbox 609 779 821 814; x_wconf 78' lang='grc' dir='ltr'>μεγίιλοῦντιιι.</span> <span class='ocrx_word' id='word_1_101' title='bbox 835 780 874 806; x_wconf 84' lang='grc' dir='ltr'><strong>Δι’</strong></span> <span class='ocrx_word' id='word_1_102' title='bbox 886 780 964 815; x_wconf 65' lang='grc' dir='ltr'>ἐμοῦ,</span> 
     </span>
    </p>
   </div>
   <div class='ocr_carea' id='block_1_18' title="bbox 175 823 966 860">
    <p class='ocr_par' dir='ltr' id='par_1_18' title="bbox 175 823 966 860">
     <span class='ocr_line' id='line_1_18' title="bbox 175 823 966 860; baseline 0.003 -9"><span class='ocrx_word' id='word_1_103' title='bbox 175 824 213 856; x_wconf 81' lang='grc' dir='ltr'><strong>ὡς</strong></span> <span class='ocrx_word' id='word_1_104' title='bbox 228 824 365 858; x_wconf 85' lang='grc' dir='ltr'>ἀλαθήτου</span> <span class='ocrx_word' id='word_1_105' title='bbox 379 823 514 859; x_wconf 85' lang='grc' dir='ltr'>γνώστου,</span> <span class='ocrx_word' id='word_1_106' title='bbox 525 825 574 852; x_wconf 76' lang='grc' dir='ltr'>καὶ</span> <span class='ocrx_word' id='word_1_107' title='bbox 585 825 701 860; x_wconf 77' lang='grc' dir='ltr'><strong>ἐσχάτου</strong></span> <span class='ocrx_word' id='word_1_108' title='bbox 718 825 842 860; x_wconf 74' lang='grc' dir='ltr'>ὀρεκτοῦ,</span> <span class='ocrx_word' id='word_1_109' title='bbox 855 825 880 852; x_wconf 86' lang='grc' dir='ltr'>οἱ</span> <span class='ocrx_word' id='word_1_110' title='bbox 895 825 966 853; x_wconf 84' lang='grc' dir='ltr'>κατὰ</span> 
     </span>
    </p>
   </div>
   <div class='ocr_carea' id='block_1_19' title="bbox 175 870 966 907">
    <p class='ocr_par' dir='ltr' id='par_1_19' title="bbox 175 870 966 907">
     <span class='ocr_line' id='line_1_19' title="bbox 175 870 966 907; baseline 0.003 -11"><span class='ocrx_word' id='word_1_111' title='bbox 175 870 277 905; x_wconf 85' lang='grc' dir='ltr'>γνῶσιν</span> <span class='ocrx_word' id='word_1_112' title='bbox 291 871 338 897; x_wconf 78' lang='grc' dir='ltr'>καὶ</span> <span class='ocrx_word' id='word_1_113' title='bbox 351 871 452 905; x_wconf 84' lang='grc' dir='ltr'>ἀρετὴν</span> <span class='ocrx_word' id='word_1_114' title='bbox 464 870 639 906; x_wconf 69' lang='grc' dir='ltr'>προῦχοντες,</span> <span class='ocrx_word' id='word_1_115' title='bbox 654 871 725 898; x_wconf 82' lang='grc' dir='ltr'>κατὰ</span> <span class='ocrx_word' id='word_1_116' title='bbox 737 871 837 902; x_wconf 81' lang='grc' dir='ltr'>ταύτας</span> <span class='ocrx_word' id='word_1_117' title='bbox 849 880 966 907; x_wconf 82' lang='grc' dir='ltr'>περιφα-</span> 
     </span>
    </p>
   </div>
   <div class='ocr_carea' id='block_1_20' title="bbox 175 916 557 952">
    <p class='ocr_par' dir='ltr' id='par_1_20' title="bbox 175 916 557 952">
     <span class='ocr_line' id='line_1_20' title="bbox 175 916 557 952; baseline 0.003 -9"><span class='ocrx_word' id='word_1_118' title='bbox 175 918 228 948; x_wconf 74' lang='grc' dir='ltr'>νεῖς</span> <span class='ocrx_word' id='word_1_119' title='bbox 240 917 287 944; x_wconf 74' lang='grc' dir='ltr'>καὶ</span> <span class='ocrx_word' id='word_1_120' title='bbox 300 916 416 950; x_wconf 72' lang='grc' dir='ltr'>ἐπίδοξοι</span> <span class='ocrx_word' id='word_1_121' title='bbox 428 918 557 952; x_wconf 85' lang='grc' dir='ltr'>γίνονται.</span> 
     </span>
    </p>
   </div>
   <div class='ocr_carea' id='block_1_21' title="bbox 209 963 962 1001">
    <p class='ocr_par' dir='ltr' id='par_1_21' title="bbox 209 963 962 1001">
     <span class='ocr_line' id='line_1_21' title="bbox 209 963 962 1001; baseline 0.004 -12"><span class='ocrx_word' id='word_1_122' title='bbox 209 963 264 990; x_wconf 77' lang='grc' dir='ltr'><strong>Καὶ</strong></span> <span class='ocrx_word' id='word_1_123' title='bbox 289 963 428 998; x_wconf 80' lang='grc' dir='ltr'>τύραννοι</span> <span class='ocrx_word' id='word_1_124' title='bbox 457 964 494 991; x_wconf 81' lang='grc' dir='ltr'>δι’</span> <span class='ocrx_word' id='word_1_125' title='bbox 505 964 580 999; x_wconf 84' lang='grc' dir='ltr'>ἐμοῦ</span> <span class='ocrx_word' id='word_1_126' title='bbox 604 966 750 998; x_wconf 81' lang='grc' dir='ltr'><strong>κρατοῦσι</strong></span> <span class='ocrx_word' id='word_1_127' title='bbox 773 965 840 1001; x_wconf 82' lang='grc' dir='ltr'>γῆς.</span> <span class='ocrx_word' id='word_1_128' title='bbox 861 965 918 993; x_wconf 78' lang='grc' dir='ltr'>Καὶ</span> <span class='ocrx_word' id='word_1_129' title='bbox 937 965 962 992; x_wconf 81' lang='grc' dir='ltr'>οι</span> 
     </span>
    </p>
   </div>
   <div class='ocr_carea' id='block_1_22' title="bbox 173 1008 963 1046">
    <p class='ocr_par' dir='ltr' id='par_1_22' title="bbox 173 1008 963 1046">
     <span class='ocr_line' id='line_1_22' title="bbox 173 1008 963 1046; baseline 0.004 -11"><span class='ocrx_word' id='word_1_130' title='bbox 173 1008 223 1044; x_wconf 75' lang='grc' dir='ltr'><strong>τὴν</strong></span> <span class='ocrx_word' id='word_1_131' title='bbox 239 1010 334 1044; x_wconf 85' lang='grc' dir='ltr'><strong>γήϊνον</strong></span> <span class='ocrx_word' id='word_1_132' title='bbox 362 1010 451 1045; x_wconf 84' lang='grc' dir='ltr'>σάρκα</span> <span class='ocrx_word' id='word_1_133' title='bbox 477 1010 720 1046; x_wconf 76' lang='grc' dir='ltr'>παραϐιαζόμενοι,</span> <span class='ocrx_word' id='word_1_134' title='bbox 735 1011 803 1046; x_wconf 81' lang='grc' dir='ltr'>πρὸς</span> <span class='ocrx_word' id='word_1_135' title='bbox 818 1011 849 1038; x_wconf 83' lang='grc' dir='ltr'><strong>τὺ</strong></span> <span class='ocrx_word' id='word_1_136' title='bbox 861 1011 963 1045; x_wconf 81' lang='grc' dir='ltr'><strong>ταύτης</strong></span> 
     </span>
    </p>
   </div>
   <div class='ocr_carea' id='block_1_23' title="bbox 174 1053 960 1091">
    <p class='ocr_par' dir='ltr' id='par_1_23' title="bbox 174 1053 960 1091">
     <span class='ocr_line' id='line_1_23' title="bbox 174 1053 960 1091; baseline 0.003 -11"><span class='ocrx_word' id='word_1_137' title='bbox 174 1053 366 1090; x_wconf 82' lang='grc' dir='ltr'>ἀπονεκρῶσαι</span> <span class='ocrx_word' id='word_1_138' title='bbox 386 1054 525 1090; x_wconf 87' lang='grc' dir='ltr'>φρόνημα,</span> <span class='ocrx_word' id='word_1_139' title='bbox 541 1054 575 1082; x_wconf 84' lang='grc' dir='ltr'><strong>δι’</strong></span> <span class='ocrx_word' id='word_1_140' title='bbox 586 1054 653 1090; x_wconf 71' lang='grc' dir='ltr'>ἐμοῦ</span> <span class='ocrx_word' id='word_1_141' title='bbox 668 1055 756 1090; x_wconf 85' lang='grc' dir='ltr'>αὐτῆς</span> <span class='ocrx_word' id='word_1_142' title='bbox 767 1055 941 1091; x_wconf 79' lang='grc' dir='ltr'>κυριεύουσιν</span> <span class='ocrx_word' id='word_1_143' title='bbox 953 1063 960 1070; x_wconf 89' lang='grc'><strong>·</strong></span> 
     </span>
    </p>
   </div>
   <div class='ocr_carea' id='block_1_24' title="bbox 173 1098 963 1137">
    <p class='ocr_par' dir='ltr' id='par_1_24' title="bbox 173 1098 963 1137">
     <span class='ocr_line' id='line_1_24' title="bbox 173 1098 963 1137; baseline 0.004 -12"><span class='ocrx_word' id='word_1_144' title='bbox 173 1098 212 1131; x_wconf 83' lang='grc' dir='ltr'><strong>ὡς</strong></span> <span class='ocrx_word' id='word_1_145' title='bbox 225 1098 272 1126; x_wconf 77' lang='grc' dir='ltr'><strong>τὸν</strong></span> <span class='ocrx_word' id='word_1_146' title='bbox 291 1099 374 1126; x_wconf 81' lang='grc' dir='ltr'>πόθον</span> <span class='ocrx_word' id='word_1_147' title='bbox 402 1100 472 1136; x_wconf 79' lang='grc' dir='ltr'>πρὸς</span> <span class='ocrx_word' id='word_1_148' title='bbox 488 1100 522 1127; x_wconf 85' lang='grc' dir='ltr'><strong>τὰ</strong></span> <span class='ocrx_word' id='word_1_149' title='bbox 535 1100 671 1137; x_wconf 82' lang='grc' dir='ltr'>νοούμενα</span> <span class='ocrx_word' id='word_1_150' title='bbox 687 1101 742 1128; x_wconf 78' lang='grc' dir='ltr'>ἀπὸ</span> <span class='ocrx_word' id='word_1_151' title='bbox 760 1101 815 1128; x_wconf 86' lang='grc' dir='ltr'><strong>τῶν</strong></span> <span class='ocrx_word' id='word_1_152' title='bbox 830 1100 963 1137; x_wconf 77' lang='grc' dir='ltr'>φαινομέ-</span> 
     </span>
    </p>
   </div>
   <div class='ocr_carea' id='block_1_25' title="bbox 173 1146 418 1181">
    <p class='ocr_par' dir='ltr' id='par_1_25' title="bbox 173 1146 418 1181">
     <span class='ocr_line' id='line_1_25' title="bbox 173 1146 418 1181; baseline 0.008 -9"><span class='ocrx_word' id='word_1_153' title='bbox 173 1153 227 1172; x_wconf 89' lang='grc' dir='ltr'><strong>νων</strong></span> <span class='ocrx_word' id='word_1_154' title='bbox 244 1146 418 1181; x_wconf 78' lang='grc' dir='ltr'>μετάγοντος.</span> 
     </span>
    </p>
   </div>
   <div class='ocr_carea' id='block_1_26' title="bbox 210 1191 962 1229">
    <p class='ocr_par' dir='ltr' id='par_1_26' title="bbox 210 1191 962 1229">
     <span class='ocr_line' id='line_1_26' title="bbox 210 1191 962 1229; baseline 0.004 -10"><span class='ocrx_word' id='word_1_155' title='bbox 210 1191 254 1224; x_wconf 79' lang='grc' dir='ltr'><strong>ιζ’.</strong></span> <span class='ocrx_word' id='word_1_156' title='bbox 276 1192 347 1228; x_wconf 74' lang='grc' dir='ltr'><strong>Ἐγὼ</strong></span> <span class='ocrx_word' id='word_1_157' title='bbox 366 1193 438 1226; x_wconf 83' lang='grc' dir='ltr'>τοὺς</span> <span class='ocrx_word' id='word_1_158' title='bbox 460 1193 513 1228; x_wconf 72' lang='grc' dir='ltr'><strong>ἐμὲ</strong></span> <span class='ocrx_word' id='word_1_159' title='bbox 533 1194 699 1228; x_wconf 75' lang='grc' dir='ltr'><strong>φιλοῦντας</strong></span> <span class='ocrx_word' id='word_1_160' title='bbox 718 1194 835 1229; x_wconf 74' lang='grc' dir='ltr'>ἀγαπῶ.</span> <span class='ocrx_word' id='word_1_161' title='bbox 863 1195 962 1227; x_wconf 78' lang='grc' dir='ltr'>Αὐτὸς,</span> 
     </span>
    </p>
   </div>
   <div class='ocr_carea' id='block_1_27' title="bbox 173 1236 964 1275">
    <p class='ocr_par' dir='ltr' id='par_1_27' title="bbox 173 1236 964 1275">
     <span class='ocr_line' id='line_1_27' title="bbox 173 1236 964 1275; baseline 0.005 -12"><span class='ocrx_word' id='word_1_162' title='bbox 173 1236 219 1264; x_wconf 76' lang='grc' dir='ltr'>διὰ</span> <span class='ocrx_word' id='word_1_163' title='bbox 245 1237 302 1265; x_wconf 85' lang='grc' dir='ltr'><strong>τῶν</strong></span> <span class='ocrx_word' id='word_1_164' title='bbox 323 1238 399 1273; x_wconf 70' lang='grc' dir='ltr'>ἐμῶν</span> <span class='ocrx_word' id='word_1_165' title='bbox 415 1239 541 1270; x_wconf 81' lang='grc' dir='ltr'><strong>ἐντολῶν,</strong></span> <span class='ocrx_word' id='word_1_166' title='bbox 563 1240 627 1271; x_wconf 79' lang='grc' dir='ltr'>τοὺς</span> <span class='ocrx_word' id='word_1_167' title='bbox 645 1240 810 1274; x_wconf 79' lang='grc' dir='ltr'>ἀγαπῶντάς</span> <span class='ocrx_word' id='word_1_168' title='bbox 828 1249 862 1275; x_wconf 85' lang='grc' dir='ltr'><strong>με</strong></span> <span class='ocrx_word' id='word_1_169' title='bbox 876 1240 964 1267; x_wconf 79' lang='grc' dir='ltr'>ἀπαλ-</span> 
     </span>
    </p>
   </div>
   <div class='ocr_carea' id='block_1_28' title="bbox 174 1282 963 1321">
    <p class='ocr_par' dir='ltr' id='par_1_28' title="bbox 174 1282 963 1321">
     <span class='ocr_line' id='line_1_28' title="bbox 174 1282 963 1321; baseline 0.005 -12"><span class='ocrx_word' id='word_1_170' title='bbox 174 1282 279 1309; x_wconf 86' lang='grc' dir='ltr'>λάττων</span> <span class='ocrx_word' id='word_1_171' title='bbox 296 1282 351 1309; x_wconf 90' lang='grc' dir='ltr'><strong>τῶν</strong></span> <span class='ocrx_word' id='word_1_172' title='bbox 377 1284 542 1320; x_wconf 80' lang='grc' dir='ltr'>παραλόγων</span> <span class='ocrx_word' id='word_1_173' title='bbox 564 1284 670 1316; x_wconf 83' lang='grc' dir='ltr'>παθῶν,</span> <span class='ocrx_word' id='word_1_174' title='bbox 691 1285 830 1321; x_wconf 81' lang='grc' dir='ltr'>γνώριμον</span> <span class='ocrx_word' id='word_1_175' title='bbox 857 1285 963 1318; x_wconf 85' lang='grc' dir='ltr'>τούτοις</span> 
     </span>
    </p>
   </div>
   <div class='ocr_carea' id='block_1_29' title="bbox 173 1328 964 1366">
    <p class='ocr_par' dir='ltr' id='par_1_29' title="bbox 173 1328 964 1366">
     <span class='ocr_line' id='line_1_29' title="bbox 173 1328 964 1366; baseline 0.005 -11"><span class='ocrx_word' id='word_1_176' title='bbox 173 1328 224 1364; x_wconf 80' lang='grc' dir='ltr'>τὴν</span> <span class='ocrx_word' id='word_1_177' title='bbox 240 1329 308 1364; x_wconf 73' lang='grc' dir='ltr'>πρὸς</span> <span class='ocrx_word' id='word_1_178' title='bbox 323 1329 422 1362; x_wconf 75' lang='grc' dir='ltr'>αὐτοὺς</span> <span class='ocrx_word' id='word_1_179' title='bbox 438 1330 550 1366; x_wconf 83' lang='grc' dir='ltr'>ἀγάπην</span> <span class='ocrx_word' id='word_1_180' title='bbox 566 1339 617 1366; x_wconf 84' lang='grc' dir='ltr'><strong>μου</strong></span> <span class='ocrx_word' id='word_1_181' title='bbox 635 1331 758 1358; x_wconf 84' lang='grc' dir='ltr'>καθιστῶ</span> <span class='ocrx_word' id='word_1_182' title='bbox 769 1340 777 1348; x_wconf 80' lang='grc'><strong>”</strong></span> <span class='ocrx_word' id='word_1_183' title='bbox 793 1332 846 1359; x_wconf 78' lang='grc' dir='ltr'>κᾶν</span> <span class='ocrx_word' id='word_1_184' title='bbox 856 1333 964 1364; x_wconf 85' lang='grc' dir='ltr'>πάντας</span> 
     </span>
    </p>
   </div>
   <div class='ocr_carea' id='block_1_30' title="bbox 174 1374 964 1414">
    <p class='ocr_par' dir='ltr' id='par_1_30' title="bbox 174 1374 964 1414">
     <span class='ocr_line' id='line_1_30' title="bbox 174 1374 964 1414; baseline 0.006 -13"><span class='ocrx_word' id='word_1_185' title='bbox 174 1374 338 1410; x_wconf 81' lang='grc' dir='ltr'>ἀνθρώπους</span> <span class='ocrx_word' id='word_1_186' title='bbox 353 1375 392 1407; x_wconf 85' lang='grc' dir='ltr'>ὡς</span> <span class='ocrx_word' id='word_1_187' title='bbox 418 1375 533 1412; x_wconf 82' lang='grc' dir='ltr'>πλάσμα</span> <span class='ocrx_word' id='word_1_188' title='bbox 560 1377 626 1404; x_wconf 87' lang='grc' dir='ltr'>ῐδιον</span> <span class='ocrx_word' id='word_1_189' title='bbox 640 1377 751 1412; x_wconf 83' lang='grc' dir='ltr'><strong>ἀγαπῶ,</strong></span> <span class='ocrx_word' id='word_1_190' title='bbox 768 1377 867 1414; x_wconf 81' lang='grc' dir='ltr'>ἐπίσης</span> <span class='ocrx_word' id='word_1_191' title='bbox 879 1379 964 1406; x_wconf 82' lang='grc' dir='ltr'>θέλων</span> 
     </span>
    </p>
   </div>
   <div class='ocr_carea' id='block_1_31' title="bbox 174 1420 513 1458">
    <p class='ocr_par' dir='ltr' id='par_1_31' title="bbox 174 1420 513 1458">
     <span class='ocr_line' id='line_1_31' title="bbox 174 1420 513 1458; baseline 0.006 -11"><span class='ocrx_word' id='word_1_192' title='bbox 174 1420 286 1448; x_wconf 79' lang='grc' dir='ltr'>πάντων</span> <span class='ocrx_word' id='word_1_193' title='bbox 298 1420 347 1456; x_wconf 84' lang='grc' dir='ltr'>τὴν</span> <span class='ocrx_word' id='word_1_194' title='bbox 363 1421 513 1458; x_wconf 75' lang='grc' dir='ltr'>σωτηρίαν.</span> 
     </span>
    </p>
   </div>
   <div class='ocr_carea' id='block_1_32' title="bbox 207 1466 963 1505">
    <p class='ocr_par' dir='ltr' id='par_1_32' title="bbox 207 1466 963 1505">
     <span class='ocr_line' id='line_1_32' title="bbox 207 1466 963 1505; baseline 0.005 -12"><span class='ocrx_word' id='word_1_195' title='bbox 207 1467 240 1493; x_wconf 89' lang='grc' dir='ltr'><strong>οι</strong></span> <span class='ocrx_word' id='word_1_196' title='bbox 250 1467 285 1494; x_wconf 80' lang='grc' dir='ltr'><strong><em>δὲ</em></strong></span> <span class='ocrx_word' id='word_1_197' title='bbox 307 1467 360 1502; x_wconf 73' lang='grc' dir='ltr'><strong>ἐμὲ</strong></span> <span class='ocrx_word' id='word_1_198' title='bbox 378 1466 547 1502; x_wconf 76' lang='grc' dir='ltr'>ζητοῦντες,</span> <span class='ocrx_word' id='word_1_199' title='bbox 573 1467 745 1502; x_wconf 78' lang='grc' dir='ltr'>εὑρήσουσι</span> <span class='ocrx_word' id='word_1_200' title='bbox 774 1470 873 1505; x_wconf 76' lang='grc' dir='ltr'>χάριν.</span> <span class='ocrx_word' id='word_1_201' title='bbox 890 1471 922 1497; x_wconf 85' lang='lat' dir='ltr'><strong>Ol</strong></span> <span class='ocrx_word' id='word_1_202' title='bbox 936 1470 963 1497; x_wconf 77' lang='grc' dir='ltr'><strong>δὲ</strong></span> 
     </span>
    </p>
   </div>
   <div class='ocr_carea' id='block_1_33' title="bbox 174 1513 964 1551">
    <p class='ocr_par' dir='ltr' id='par_1_33' title="bbox 174 1513 964 1551">
     <span class='ocr_line' id='line_1_33' title="bbox 174 1513 964 1551; baseline 0.005 -12"><span class='ocrx_word' id='word_1_203' title='bbox 174 1513 244 1549; x_wconf 78' lang='grc' dir='ltr'>πρός</span> <span class='ocrx_word' id='word_1_204' title='bbox 259 1522 293 1549; x_wconf 82' lang='grc' dir='ltr'><strong>με</strong></span> <span class='ocrx_word' id='word_1_205' title='bbox 309 1513 340 1540; x_wconf 82' lang='grc' dir='ltr'>τδ</span> <span class='ocrx_word' id='word_1_206' title='bbox 350 1514 426 1546; x_wconf 77' lang='grc' dir='ltr'>τέλος</span> <span class='ocrx_word' id='word_1_207' title='bbox 439 1514 493 1541; x_wconf 85' lang='grc' dir='ltr'><strong>τῶν</strong></span> <span class='ocrx_word' id='word_1_208' title='bbox 505 1514 645 1549; x_wconf 82' lang='grc' dir='ltr'>γνωστῶν,</span> <span class='ocrx_word' id='word_1_209' title='bbox 661 1515 711 1550; x_wconf 83' lang='grc' dir='ltr'>τὴν</span> <span class='ocrx_word' id='word_1_210' title='bbox 730 1515 862 1551; x_wconf 83' lang='grc' dir='ltr'>ἀλήθειαν</span> <span class='ocrx_word' id='word_1_211' title='bbox 871 1536 879 1549; x_wconf 86' lang='grc'><strong>,</strong></span> <span class='ocrx_word' id='word_1_212' title='bbox 892 1515 964 1543; x_wconf 83' lang='grc' dir='ltr'>κατὰ</span> 
     </span>
    </p>
   </div>
   <div class='ocr_carea' id='block_1_34' title="bbox 1019 269 1457 304">
    <p class='ocr_par' dir='ltr' id='par_1_34' title="bbox 1019 269 1457 304">
     <span class='ocr_line' id='line_1_34' title="bbox 1019 269 1457 304; baseline 0 -7"><span class='ocrx_word' id='word_1_213' title='bbox 1019 270 1064 297; x_wconf 81' lang='lat' dir='ltr'><strong>Dei</strong></span> <span class='ocrx_word' id='word_1_214' title='bbox 1080 278 1112 297; x_wconf 93' lang='lat' dir='ltr'><strong>ac</strong></span> <span class='ocrx_word' id='word_1_215' title='bbox 1125 270 1216 297; x_wconf 80' lang='lat' dir='ltr'><strong>Patris</strong></span> <span class='ocrx_word' id='word_1_216' title='bbox 1230 269 1457 304; x_wconf 85' lang='lat' dir='ltr'><strong>persubsistentc.</strong></span> 
     </span>
    </p>
   </div>
   <div class='ocr_carea' id='block_1_35' title="bbox 1052 315 1813 351">
    <p class='ocr_par' dir='ltr' id='par_1_35' title="bbox 1052 315 1813 351">
     <span class='ocr_line' id='line_1_35' title="bbox 1052 315 1813 351; baseline -0.001 -8"><span class='ocrx_word' id='word_1_217' title='bbox 1052 315 1135 343; x_wconf 80' lang='lat' dir='ltr'><strong>Vsus.</strong></span> <span class='ocrx_word' id='word_1_218' title='bbox 1156 315 1199 343; x_wconf 73' lang='grc'><strong>15.</strong></span> <span class='ocrx_word' id='word_1_219' title='bbox 1217 315 1268 343; x_wconf 85' lang='lat' dir='ltr'><strong>Per</strong></span> <span class='ocrx_word' id='word_1_220' title='bbox 1282 324 1322 342; x_wconf 86' lang='lat' dir='ltr'><strong>me</strong></span> <span class='ocrx_word' id='word_1_221' title='bbox 1338 323 1409 351; x_wconf 73' lang='lat' dir='ltr'><strong>reges</strong></span> <span class='ocrx_word' id='word_1_222' title='bbox 1427 320 1548 350; x_wconf 81' lang='lat' dir='ltr'><strong>regnant.</strong></span> <span class='ocrx_word' id='word_1_223' title='bbox 1563 315 1614 343; x_wconf 80' lang='lat' dir='ltr'><strong>Per</strong></span> <span class='ocrx_word' id='word_1_224' title='bbox 1629 322 1681 347; x_wconf 89' lang='lat' dir='ltr'><strong>me,</strong></span> <span class='ocrx_word' id='word_1_225' title='bbox 1701 319 1730 343; x_wconf 93' lang='lat' dir='ltr'><strong>ut</strong></span> <span class='ocrx_word' id='word_1_226' title='bbox 1744 316 1813 343; x_wconf 74' lang='lat' dir='ltr'><strong>divi-</strong></span> 
     </span>
    </p>
   </div>
   <div class='ocr_carea' id='block_1_36' title="bbox 1017 360 1812 398">
    <p class='ocr_par' dir='ltr' id='par_1_36' title="bbox 1017 360 1812 398">
     <span class='ocr_line' id='line_1_36' title="bbox 1017 360 1812 398; baseline 0.001 -9"><span class='ocrx_word' id='word_1_227' title='bbox 1017 370 1083 389; x_wconf 81' lang='lat' dir='ltr'><strong>num</strong></span> <span class='ocrx_word' id='word_1_228' title='bbox 1099 361 1231 393; x_wconf 79' lang='lat' dir='ltr'><strong>Verbum,</strong></span> <span class='ocrx_word' id='word_1_229' title='bbox 1244 361 1262 388; x_wconf 90' lang='lat' dir='ltr'><strong>ii</strong></span> <span class='ocrx_word' id='word_1_230' title='bbox 1275 361 1322 396; x_wconf 86' lang='lat' dir='ltr'><strong>qui</strong></span> <span class='ocrx_word' id='word_1_231' title='bbox 1335 360 1489 396; x_wconf 72' lang='lat' dir='ltr'><strong>cupiditatis</strong></span> <span class='ocrx_word' id='word_1_232' title='bbox 1505 361 1648 396; x_wconf 75' lang='lat' dir='ltr'><strong>conformis</strong></span> <span class='ocrx_word' id='word_1_233' title='bbox 1664 362 1716 398; x_wconf 82' lang='lat' dir='ltr'><strong>(egi</strong></span> <span class='ocrx_word' id='word_1_234' title='bbox 1730 362 1812 396; x_wconf 81' lang='lat' dir='ltr'><strong>impe-</strong></span> 
     </span>
    </p>
   </div>
   <div class='ocr_carea' id='block_1_37' title="bbox 1017 407 1719 443">
    <p class='ocr_par' dir='ltr' id='par_1_37' title="bbox 1017 407 1719 443">
     <span class='ocr_line' id='line_1_37' title="bbox 1017 407 1719 443; baseline 0.001 -9"><span class='ocrx_word' id='word_1_235' title='bbox 1017 414 1088 440; x_wconf 84' lang='lat' dir='ltr'><strong>rant,</strong></span> <span class='ocrx_word' id='word_1_236' title='bbox 1105 409 1241 443; x_wconf 85' lang='lat' dir='ltr'><strong>imperant</strong></span> <span class='ocrx_word' id='word_1_237' title='bbox 1255 407 1488 443; x_wconf 73' lang='lat' dir='ltr'><strong>concupiscentiis</strong></span> <span class='ocrx_word' id='word_1_238' title='bbox 1509 411 1537 435; x_wconf 89' lang='lat' dir='ltr'><strong>et</strong></span> <span class='ocrx_word' id='word_1_239' title='bbox 1554 408 1719 435; x_wconf 88' lang='lat' dir='ltr'><strong>tumoribus.</strong></span> 
     </span>
    </p>
   </div>
   <div class='ocr_carea' id='block_1_38' title="bbox 1040 453 1810 490">
    <p class='ocr_par' dir='ltr' id='par_1_38' title="bbox 1040 453 1810 490">
     <span class='ocr_line' id='line_1_38' title="bbox 1040 453 1810 490; baseline 0 -8"><span class='ocrx_word' id='word_1_240' title='bbox 1040 454 1088 483; x_wconf 30' lang='lat' dir='ltr'><strong>.Et</strong></span> <span class='ocrx_word' id='word_1_241' title='bbox 1102 459 1219 490; x_wconf 75' lang='lat' dir='ltr'><strong>potentes</strong></span> <span class='ocrx_word' id='word_1_242' title='bbox 1233 453 1350 481; x_wconf 75' lang='lat' dir='ltr'><strong>scribunt</strong></span> <span class='ocrx_word' id='word_1_243' title='bbox 1364 453 1510 489; x_wconf 71' lang='lat' dir='ltr'><strong>justitiam.</strong></span> <span class='ocrx_word' id='word_1_244' title='bbox 1527 453 1558 480; x_wconf 83' lang='lat' dir='ltr'><strong>Et</strong></span> <span class='ocrx_word' id='word_1_245' title='bbox 1572 454 1622 487; x_wconf 87' lang='lat' dir='ltr'><strong>illi,</strong></span> <span class='ocrx_word' id='word_1_246' title='bbox 1637 454 1684 490; x_wconf 92' lang='lat' dir='ltr'><strong>qui</strong></span> <span class='ocrx_word' id='word_1_247' title='bbox 1701 454 1810 490; x_wconf 86' lang='lat' dir='ltr'><strong>spiritui</strong></span> 
     </span>
    </p>
   </div>
   <div class='ocr_carea' id='block_1_39' title="bbox 1017 499 1809 535">
    <p class='ocr_par' dir='ltr' id='par_1_39' title="bbox 1017 499 1809 535">
     <span class='ocr_line' id='line_1_39' title="bbox 1017 499 1809 535; baseline 0 -7"><span class='ocrx_word' id='word_1_248' title='bbox 1017 508 1127 529; x_wconf 87' lang='lat' dir='ltr'><strong>carnem</strong></span> <span class='ocrx_word' id='word_1_249' title='bbox 1152 500 1314 534; x_wconf 78' lang='lat' dir='ltr'><strong>subjiciunt,</strong></span> <span class='ocrx_word' id='word_1_250' title='bbox 1344 499 1372 527; x_wconf 91' lang='lat' dir='ltr'><strong>in</strong></span> <span class='ocrx_word' id='word_1_251' title='bbox 1402 499 1480 535; x_wconf 83' lang='lat' dir='ltr'><strong>praxi</strong></span> <span class='ocrx_word' id='word_1_252' title='bbox 1503 499 1645 528; x_wconf 81' lang='lat' dir='ltr'><strong>etlluenter</strong></span> <span class='ocrx_word' id='word_1_253' title='bbox 1658 501 1809 528; x_wconf 89' lang='lat' dir='ltr'><strong>secundum</strong></span> 
     </span>
    </p>
   </div>
   <div class='ocr_carea' id='block_1_40' title="bbox 1017 545 1812 582">
    <p class='ocr_par' dir='ltr' id='par_1_40' title="bbox 1017 545 1812 582">
     <span class='ocr_line' id='line_1_40' title="bbox 1017 545 1812 582; baseline 0.001 -10"><span class='ocrx_word' id='word_1_254' title='bbox 1017 545 1146 572; x_wconf 84' lang='lat' dir='ltr'><strong>moralem</strong></span> <span class='ocrx_word' id='word_1_255' title='bbox 1160 548 1261 572; x_wconf 87' lang='lat' dir='ltr'><strong>terram</strong></span> <span class='ocrx_word' id='word_1_256' title='bbox 1277 545 1448 580; x_wconf 79' lang='lat' dir='ltr'><strong>conﬁngunt,</strong></span> <span class='ocrx_word' id='word_1_257' title='bbox 1462 552 1510 580; x_wconf 89' lang='lat' dir='ltr'><strong>per</strong></span> <span class='ocrx_word' id='word_1_258' title='bbox 1526 546 1577 572; x_wconf 90' lang='lat' dir='ltr'><strong>hoc</strong></span> <span class='ocrx_word' id='word_1_259' title='bbox 1607 549 1736 581; x_wconf 82' lang='lat' dir='ltr'><strong>tanquam</strong></span> <span class='ocrx_word' id='word_1_260' title='bbox 1761 553 1812 582; x_wconf 83' lang='lat' dir='ltr'><strong>per</strong></span> 
     </span>
    </p>
   </div>
   <div class='ocr_carea' id='block_1_41' title="bbox 1015 590 1811 623">
    <p class='ocr_par' dir='ltr' id='par_1_41' title="bbox 1015 590 1811 623">
     <span class='ocr_line' id='line_1_41' title="bbox 1015 590 1811 623; baseline 0.001 -5"><span class='ocrx_word' id='word_1_261' title='bbox 1015 593 1221 623; x_wconf 83' lang='lat' dir='ltr'><strong>atramentum,</strong></span> <span class='ocrx_word' id='word_1_262' title='bbox 1245 597 1289 618; x_wconf 88' lang='lat' dir='ltr'><strong>me</strong></span> <span class='ocrx_word' id='word_1_263' title='bbox 1310 590 1365 618; x_wconf 91' lang='lat' dir='ltr'><strong>illis</strong></span> <span class='ocrx_word' id='word_1_264' title='bbox 1392 590 1501 618; x_wconf 83' lang='lat' dir='ltr'><strong>virtutis</strong></span> <span class='ocrx_word' id='word_1_265' title='bbox 1532 591 1647 618; x_wconf 86' lang='lat' dir='ltr'><strong>verbum</strong></span> <span class='ocrx_word' id='word_1_266' title='bbox 1669 595 1811 619; x_wconf 87' lang='lat' dir='ltr'><strong>mutuanto</strong></span> 
     </span>
    </p>
   </div>
   <div class='ocr_carea' id='block_1_42' title="bbox 1016 635 1811 672">
    <p class='ocr_par' dir='ltr' id='par_1_42' title="bbox 1016 635 1811 672">
     <span class='ocr_line' id='line_1_42' title="bbox 1016 635 1811 672; baseline 0.001 -9"><span class='ocrx_word' id='word_1_267' title='bbox 1016 636 1124 664; x_wconf 85' lang='lat' dir='ltr'><strong>ﬁrmum</strong></span> <span class='ocrx_word' id='word_1_268' title='bbox 1143 636 1241 663; x_wconf 70' lang='lat' dir='ltr'><strong>anima:</strong></span> <span class='ocrx_word' id='word_1_269' title='bbox 1254 635 1387 670; x_wconf 87' lang='lat' dir='ltr'><strong>judicium</strong></span> <span class='ocrx_word' id='word_1_270' title='bbox 1405 635 1477 664; x_wconf 86' lang='lat' dir='ltr'><strong>circa</strong></span> <span class='ocrx_word' id='word_1_271' title='bbox 1500 636 1665 672; x_wconf 78' lang='lat' dir='ltr'><strong>cupiditates</strong></span> <span class='ocrx_word' id='word_1_272' title='bbox 1677 658 1685 670; x_wconf 83' lang='lat'><strong>,</strong></span> <span class='ocrx_word' id='word_1_273' title='bbox 1701 645 1733 664; x_wconf 87' lang='lat' dir='ltr'><strong>ex</strong></span> <span class='ocrx_word' id='word_1_274' title='bbox 1751 635 1811 665; x_wconf 81' lang='lat' dir='ltr'><strong>def-</strong></span> 
     </span>
    </p>
   </div>
   <div class='ocr_carea' id='block_1_43' title="bbox 1015 683 1430 713">
    <p class='ocr_par' dir='ltr' id='par_1_43' title="bbox 1015 683 1430 713">
     <span class='ocr_line' id='line_1_43' title="bbox 1015 683 1430 713; baseline -0.007 -1"><span class='ocrx_word' id='word_1_275' title='bbox 1015 688 1043 713; x_wconf 88' lang='lat' dir='ltr'><strong>et</strong></span> <span class='ocrx_word' id='word_1_276' title='bbox 1065 691 1125 712; x_wconf 77' lang='lat' dir='ltr'><strong>exc.</strong></span> <span class='ocrx_word' id='word_1_277' title='bbox 1143 683 1252 711; x_wconf 83' lang='lat' dir='ltr'><strong>virtutis</strong></span> <span class='ocrx_word' id='word_1_278' title='bbox 1268 686 1430 710; x_wconf 86' lang='lat' dir='ltr'><strong>connotant.</strong></span> 
     </span>
    </p>
   </div>
   <div class='ocr_carea' id='block_1_44' title="bbox 1051 771 1812 808">
    <p class='ocr_par' dir='ltr' id='par_1_44' title="bbox 1051 771 1812 808">
     <span class='ocr_line' id='line_1_44' title="bbox 1051 771 1812 808; baseline -0.001 -8"><span class='ocrx_word' id='word_1_279' title='bbox 1051 773 1135 801; x_wconf 67' lang='lat' dir='ltr'><strong>Vsus.</strong></span> <span class='ocrx_word' id='word_1_280' title='bbox 1153 772 1197 800; x_wconf 75' lang='grc'><strong>16.</strong></span> <span class='ocrx_word' id='word_1_281' title='bbox 1230 771 1282 800; x_wconf 88' lang='lat' dir='ltr'><strong>Per</strong></span> <span class='ocrx_word' id='word_1_282' title='bbox 1297 781 1338 800; x_wconf 81' lang='lat' dir='ltr'><strong>me</strong></span> <span class='ocrx_word' id='word_1_283' title='bbox 1365 773 1496 808; x_wconf 64' lang='lat' dir='ltr'><strong>principes</strong></span> <span class='ocrx_word' id='word_1_284' title='bbox 1527 772 1667 806; x_wconf 81' lang='lat' dir='ltr'><strong>imperant.</strong></span> <span class='ocrx_word' id='word_1_285' title='bbox 1693 771 1746 798; x_wconf 86' lang='lat' dir='ltr'><strong>Per</strong></span> <span class='ocrx_word' id='word_1_286' title='bbox 1768 777 1812 799; x_wconf 81' lang='lat' dir='ltr'><strong>me</strong></span> 
     </span>
    </p>
   </div>
   <div class='ocr_carea' id='block_1_45' title="bbox 1015 817 1811 854">
    <p class='ocr_par' dir='ltr' id='par_1_45' title="bbox 1015 817 1811 854">
     <span class='ocr_line' id='line_1_45' title="bbox 1015 817 1811 854; baseline -0.005 -7"><span class='ocrx_word' id='word_1_287' title='bbox 1015 825 1144 854; x_wconf 84' lang='lat' dir='ltr'><strong>tanquam</strong></span> <span class='ocrx_word' id='word_1_288' title='bbox 1160 818 1194 846; x_wconf 92' lang='lat' dir='ltr'><strong>ab</strong></span> <span class='ocrx_word' id='word_1_289' title='bbox 1207 819 1254 845; x_wconf 90' lang='lat' dir='ltr'><strong>illo</strong></span> <span class='ocrx_word' id='word_1_290' title='bbox 1268 826 1349 853; x_wconf 86' lang='lat' dir='ltr'><strong>quem</strong></span> <span class='ocrx_word' id='word_1_291' title='bbox 1363 818 1430 845; x_wconf 73' lang='lat' dir='ltr'><strong>nihil</strong></span> <span class='ocrx_word' id='word_1_292' title='bbox 1449 817 1558 849; x_wconf 88' lang='lat' dir='ltr'><strong>latet,ct</strong></span> <span class='ocrx_word' id='word_1_293' title='bbox 1573 824 1701 852; x_wconf 84' lang='lat' dir='ltr'><strong>supremo</strong></span> <span class='ocrx_word' id='word_1_294' title='bbox 1711 824 1811 844; x_wconf 85' lang='lat' dir='ltr'><strong>concu-</strong></span> 
     </span>
    </p>
   </div>
   <div class='ocr_carea' id='block_1_46' title="bbox 1016 864 1810 901">
    <p class='ocr_par' dir='ltr' id='par_1_46' title="bbox 1016 864 1810 901">
     <span class='ocr_line' id='line_1_46' title="bbox 1016 864 1810 901; baseline -0.004 -8"><span class='ocrx_word' id='word_1_295' title='bbox 1016 865 1147 901; x_wconf 85' lang='lat' dir='ltr'><strong>piscibili,</strong></span> <span class='ocrx_word' id='word_1_296' title='bbox 1177 869 1204 892; x_wconf 86' lang='lat' dir='ltr'><strong>et</strong></span> <span class='ocrx_word' id='word_1_297' title='bbox 1232 864 1279 900; x_wconf 89' lang='lat' dir='ltr'><strong>qui</strong></span> <span class='ocrx_word' id='word_1_298' title='bbox 1309 865 1336 892; x_wconf 92' lang='lat' dir='ltr'><strong>in</strong></span> <span class='ocrx_word' id='word_1_299' title='bbox 1366 864 1481 892; x_wconf 88' lang='lat' dir='ltr'><strong>scientia</strong></span> <span class='ocrx_word' id='word_1_300' title='bbox 1498 867 1525 891; x_wconf 89' lang='lat' dir='ltr'><strong>et</strong></span> <span class='ocrx_word' id='word_1_301' title='bbox 1548 864 1651 891; x_wconf 80' lang='lat' dir='ltr'><strong>virtute</strong></span> <span class='ocrx_word' id='word_1_302' title='bbox 1680 866 1810 898; x_wconf 84' lang='lat' dir='ltr'><strong>potentes</strong></span> 
     </span>
    </p>
   </div>
   <div class='ocr_carea' id='block_1_47' title="bbox 1016 909 1520 946">
    <p class='ocr_par' dir='ltr' id='par_1_47' title="bbox 1016 909 1520 946">
     <span class='ocr_line' id='line_1_47' title="bbox 1016 909 1520 946; baseline -0.006 -7"><span class='ocrx_word' id='word_1_303' title='bbox 1016 919 1065 946; x_wconf 89' lang='lat' dir='ltr'><strong>per</strong></span> <span class='ocrx_word' id='word_1_304' title='bbox 1079 911 1128 937; x_wconf 84' lang='lat' dir='ltr'><strong>has</strong></span> <span class='ocrx_word' id='word_1_305' title='bbox 1145 910 1241 946; x_wconf 87' lang='lat' dir='ltr'><strong>inclyti</strong></span> <span class='ocrx_word' id='word_1_306' title='bbox 1261 913 1288 938; x_wconf 90' lang='lat' dir='ltr'><strong>et</strong></span> <span class='ocrx_word' id='word_1_307' title='bbox 1303 910 1426 937; x_wconf 82' lang='lat' dir='ltr'><strong>celebres</strong></span> <span class='ocrx_word' id='word_1_308' title='bbox 1442 909 1520 936; x_wconf 75' lang='lat' dir='ltr'><strong>(lunt.</strong></span> 
     </span>
    </p>
   </div>
   <div class='ocr_carea' id='block_1_48' title="bbox 1050 954 1812 991">
    <p class='ocr_par' dir='ltr' id='par_1_48' title="bbox 1050 954 1812 991">
     <span class='ocr_line' id='line_1_48' title="bbox 1050 954 1812 991; baseline -0.003 -8"><span class='ocrx_word' id='word_1_309' title='bbox 1050 956 1086 983; x_wconf 83' lang='lat' dir='ltr'><strong>Et</strong></span> <span class='ocrx_word' id='word_1_310' title='bbox 1099 964 1145 991; x_wconf 80' lang='lat' dir='ltr'><strong>per</strong></span> <span class='ocrx_word' id='word_1_311' title='bbox 1164 964 1204 983; x_wconf 77' lang='lat' dir='ltr'><strong>me</strong></span> <span class='ocrx_word' id='word_1_312' title='bbox 1223 956 1330 991; x_wconf 82' lang='lat' dir='ltr'><strong>tyranni</strong></span> <span class='ocrx_word' id='word_1_313' title='bbox 1344 960 1422 982; x_wconf 73' lang='lat' dir='ltr'><strong>terra:</strong></span> <span class='ocrx_word' id='word_1_314' title='bbox 1438 955 1580 989; x_wconf 84' lang='lat' dir='ltr'><strong>imperant.</strong></span> <span class='ocrx_word' id='word_1_315' title='bbox 1601 954 1635 982; x_wconf 88' lang='lat' dir='ltr'><strong>Et</strong></span> <span class='ocrx_word' id='word_1_316' title='bbox 1650 954 1669 981; x_wconf 91' lang='lat' dir='ltr'><strong>ii</strong></span> <span class='ocrx_word' id='word_1_317' title='bbox 1684 954 1732 989; x_wconf 88' lang='lat' dir='ltr'><strong>qui</strong></span> <span class='ocrx_word' id='word_1_318' title='bbox 1757 958 1812 981; x_wconf 77' lang='lat' dir='ltr'><strong>ter-</strong></span> 
     </span>
    </p>
   </div>
   <div class='ocr_carea' id='block_1_49' title="bbox 1013 1000 1808 1037">
    <p class='ocr_par' dir='ltr' id='par_1_49' title="bbox 1013 1000 1808 1037">
     <span class='ocr_line' id='line_1_49' title="bbox 1013 1000 1808 1037; baseline -0.005 -7"><span class='ocrx_word' id='word_1_319' title='bbox 1013 1011 1107 1031; x_wconf 88' lang='lat' dir='ltr'><strong>renam</strong></span> <span class='ocrx_word' id='word_1_320' title='bbox 1123 1010 1232 1030; x_wconf 86' lang='lat' dir='ltr'><strong>carnem</strong></span> <span class='ocrx_word' id='word_1_321' title='bbox 1249 1001 1414 1037; x_wconf 84' lang='lat' dir='ltr'><strong>reprimunt,</strong></span> <span class='ocrx_word' id='word_1_322' title='bbox 1428 1000 1461 1028; x_wconf 90' lang='lat' dir='ltr'><strong>ad</strong></span> <span class='ocrx_word' id='word_1_323' title='bbox 1480 1000 1541 1036; x_wconf 82' lang='lat' dir='ltr'><strong>ejus</strong></span> <span class='ocrx_word' id='word_1_324' title='bbox 1558 1000 1716 1036; x_wconf 79' lang='lat' dir='ltr'><strong>superbiam</strong></span> <span class='ocrx_word' id='word_1_325' title='bbox 1734 1007 1808 1027; x_wconf 90' lang='lat' dir='ltr'><strong>mor-</strong></span> 
     </span>
    </p>
   </div>
   <div class='ocr_carea' id='block_1_50' title="bbox 1013 1045 1810 1084">
    <p class='ocr_par' dir='ltr' id='par_1_50' title="bbox 1013 1045 1810 1084">
     <span class='ocr_line' id='line_1_50' title="bbox 1013 1045 1810 1084; baseline -0.006 -8"><span class='ocrx_word' id='word_1_326' title='bbox 1013 1048 1181 1080; x_wconf 81' lang='lat' dir='ltr'><strong>tiﬁcandam,</strong></span> <span class='ocrx_word' id='word_1_327' title='bbox 1198 1048 1235 1075; x_wconf 94' lang='lat' dir='ltr'><strong>illi</strong></span> <span class='ocrx_word' id='word_1_328' title='bbox 1253 1056 1301 1084; x_wconf 88' lang='lat' dir='ltr'><strong>per</strong></span> <span class='ocrx_word' id='word_1_329' title='bbox 1316 1055 1359 1075; x_wconf 87' lang='lat' dir='ltr'><strong>me</strong></span> <span class='ocrx_word' id='word_1_330' title='bbox 1374 1047 1508 1081; x_wconf 88' lang='lat' dir='ltr'><strong>imperant</strong></span> <span class='ocrx_word' id='word_1_331' title='bbox 1523 1056 1529 1073; x_wconf 95' lang='lat'>:</span> <span class='ocrx_word' id='word_1_332' title='bbox 1553 1050 1683 1081; x_wconf 86' lang='lat' dir='ltr'><strong>tanquam</strong></span> <span class='ocrx_word' id='word_1_333' title='bbox 1701 1045 1810 1074; x_wconf 78' lang='lat' dir='ltr'><strong>deside-</strong></span> 
     </span>
    </p>
   </div>
   <div class='ocr_carea' id='block_1_51' title="bbox 1013 1091 1809 1123">
    <p class='ocr_par' dir='ltr' id='par_1_51' title="bbox 1013 1091 1809 1123">
     <span class='ocr_line' id='line_1_51' title="bbox 1013 1091 1809 1123; baseline -0.005 -1"><span class='ocrx_word' id='word_1_334' title='bbox 1013 1096 1083 1123; x_wconf 83' lang='lat' dir='ltr'><strong>rium</strong></span> <span class='ocrx_word' id='word_1_335' title='bbox 1099 1095 1207 1122; x_wconf 91' lang='lat' dir='ltr'><strong>illorum</strong></span> <span class='ocrx_word' id='word_1_336' title='bbox 1236 1101 1251 1121; x_wconf 85' lang='lat' dir='ltr'><strong>a</strong></span> <span class='ocrx_word' id='word_1_337' title='bbox 1279 1093 1436 1121; x_wconf 86' lang='lat' dir='ltr'><strong>visibilibus</strong></span> <span class='ocrx_word' id='word_1_338' title='bbox 1451 1092 1484 1120; x_wconf 89' lang='lat' dir='ltr'><strong>ad</strong></span> <span class='ocrx_word' id='word_1_339' title='bbox 1503 1091 1698 1120; x_wconf 87' lang='lat' dir='ltr'><strong>intellectualia</strong></span> <span class='ocrx_word' id='word_1_340' title='bbox 1714 1095 1809 1119; x_wconf 85' lang='lat' dir='ltr'><strong>trans-</strong></span> 
     </span>
    </p>
   </div>
   <div class='ocr_carea' id='block_1_52' title="bbox 1013 1141 1157 1170">
    <p class='ocr_par' dir='ltr' id='par_1_52' title="bbox 1013 1141 1157 1170">
     <span class='ocr_line' id='line_1_52' title="bbox 1013 1141 1157 1170; baseline -0.014 0"><span class='ocrx_word' id='word_1_341' title='bbox 1013 1141 1157 1170; x_wconf 79' lang='lat' dir='ltr'><strong>ferentem.</strong></span> 
     </span>
    </p>
   </div>
   <div class='ocr_carea' id='block_1_53' title="bbox 1049 1182 1812 1221">
    <p class='ocr_par' dir='ltr' id='par_1_53' title="bbox 1049 1182 1812 1221">
     <span class='ocr_line' id='line_1_53' title="bbox 1049 1182 1812 1221; baseline -0.008 -7"><span class='ocrx_word' id='word_1_342' title='bbox 1049 1187 1134 1215; x_wconf 73' lang='lat' dir='ltr'><strong>Vsus.</strong></span> <span class='ocrx_word' id='word_1_343' title='bbox 1151 1186 1194 1214; x_wconf 82' lang='lat' dir='ltr'><strong>i7.</strong></span> <span class='ocrx_word' id='word_1_344' title='bbox 1222 1186 1276 1221; x_wconf 87' lang='lat' dir='ltr'><strong>Ego</strong></span> <span class='ocrx_word' id='word_1_345' title='bbox 1292 1185 1431 1220; x_wconf 79' lang='lat' dir='ltr'><strong>diligentes</strong></span> <span class='ocrx_word' id='word_1_346' title='bbox 1447 1192 1486 1211; x_wconf 80' lang='lat' dir='ltr'><strong>me</strong></span> <span class='ocrx_word' id='word_1_347' title='bbox 1503 1183 1596 1219; x_wconf 80' lang='lat' dir='ltr'><strong>diligo.</strong></span> <span class='ocrx_word' id='word_1_348' title='bbox 1618 1182 1672 1218; x_wconf 88' lang='lat' dir='ltr'><strong>Ipsi</strong></span> <span class='ocrx_word' id='word_1_349' title='bbox 1688 1189 1738 1216; x_wconf 89' lang='lat' dir='ltr'><strong>per</strong></span> <span class='ocrx_word' id='word_1_350' title='bbox 1752 1188 1812 1209; x_wconf 84' lang='lat' dir='ltr'><strong>mea</strong></span> 
     </span>
    </p>
   </div>
   <div class='ocr_carea' id='block_1_54' title="bbox 1013 1227 1811 1270">
    <p class='ocr_par' dir='ltr' id='par_1_54' title="bbox 1013 1227 1811 1270">
     <span class='ocr_line' id='line_1_54' title="bbox 1013 1227 1811 1270; baseline -0.008 -9"><span class='ocrx_word' id='word_1_351' title='bbox 1013 1237 1148 1270; x_wconf 61' lang='lat' dir='ltr'><strong>praecepta</strong></span> <span class='ocrx_word' id='word_1_352' title='bbox 1158 1252 1165 1265; x_wconf 88' lang='lat'><strong>,</strong></span> <span class='ocrx_word' id='word_1_353' title='bbox 1182 1239 1224 1260; x_wconf 91' lang='lat' dir='ltr'><strong>me</strong></span> <span class='ocrx_word' id='word_1_354' title='bbox 1239 1231 1383 1266; x_wconf 78' lang='lat' dir='ltr'><strong>diligentes</strong></span> <span class='ocrx_word' id='word_1_355' title='bbox 1396 1231 1429 1257; x_wconf 74' lang='lat' dir='ltr'><strong>al)</strong></span> <span class='ocrx_word' id='word_1_356' title='bbox 1445 1230 1546 1265; x_wconf 82' lang='lat' dir='ltr'><strong>iniquis</strong></span> <span class='ocrx_word' id='word_1_357' title='bbox 1557 1229 1756 1264; x_wconf 84' lang='lat' dir='ltr'><strong>cupiditatibus</strong></span> <span class='ocrx_word' id='word_1_358' title='bbox 1777 1227 1811 1256; x_wconf 89' lang='lat' dir='ltr'><strong>li-</strong></span> 
     </span>
    </p>
   </div>
   <div class='ocr_carea' id='block_1_55' title="bbox 1013 1275 1810 1313">
    <p class='ocr_par' dir='ltr' id='par_1_55' title="bbox 1013 1275 1810 1313">
     <span class='ocr_line' id='line_1_55' title="bbox 1013 1275 1810 1313; baseline -0.008 -6"><span class='ocrx_word' id='word_1_359' title='bbox 1013 1280 1154 1313; x_wconf 82' lang='lat' dir='ltr'><strong>berantur;</strong></span> <span class='ocrx_word' id='word_1_360' title='bbox 1171 1278 1227 1306; x_wconf 87' lang='lat' dir='ltr'><strong>illis</strong></span> <span class='ocrx_word' id='word_1_361' title='bbox 1242 1286 1332 1305; x_wconf 91' lang='lat' dir='ltr'><strong>meum</strong></span> <span class='ocrx_word' id='word_1_362' title='bbox 1347 1285 1396 1312; x_wconf 90' lang='lat' dir='ltr'><strong>pro</strong></span> <span class='ocrx_word' id='word_1_363' title='bbox 1422 1277 1490 1312; x_wconf 91' lang='lat' dir='ltr'><strong>ipsis</strong></span> <span class='ocrx_word' id='word_1_364' title='bbox 1518 1283 1639 1303; x_wconf 77' lang='lat' dir='ltr'><strong>antorem</strong></span> <span class='ocrx_word' id='word_1_365' title='bbox 1668 1275 1810 1311; x_wconf 69' lang='lat' dir='ltr'><strong>cognitum</strong></span> 
     </span>
    </p>
   </div>
   <div class='ocr_carea' id='block_1_56' title="bbox 1014 1322 1810 1355">
    <p class='ocr_par' dir='ltr' id='par_1_56' title="bbox 1014 1322 1810 1355">
     <span class='ocr_line' id='line_1_56' title="bbox 1014 1322 1810 1355; baseline -0.009 -2"><span class='ocrx_word' id='word_1_366' title='bbox 1014 1325 1128 1353; x_wconf 83' lang='lat' dir='ltr'><strong>ostendo</strong></span> <span class='ocrx_word' id='word_1_367' title='bbox 1166 1331 1229 1351; x_wconf 93' lang='lat' dir='ltr'><strong>cum</strong></span> <span class='ocrx_word' id='word_1_368' title='bbox 1263 1330 1358 1350; x_wconf 87' lang='lat' dir='ltr'><strong>oumes</strong></span> <span class='ocrx_word' id='word_1_369' title='bbox 1402 1322 1527 1348; x_wconf 82' lang='lat' dir='ltr'><strong>homines</strong></span> <span class='ocrx_word' id='word_1_370' title='bbox 1574 1325 1706 1355; x_wconf 83' lang='lat' dir='ltr'><strong>tanquam</strong></span> <span class='ocrx_word' id='word_1_371' title='bbox 1745 1326 1810 1354; x_wconf 90' lang='lat' dir='ltr'><strong>pro-</strong></span> 
     </span>
    </p>
   </div>
   <div class='ocr_carea' id='block_1_57' title="bbox 1013 1364 1811 1406">
    <p class='ocr_par' dir='ltr' id='par_1_57' title="bbox 1013 1364 1811 1406">
     <span class='ocr_line' id='line_1_57' title="bbox 1013 1364 1811 1406; baseline -0.008 -8"><span class='ocrx_word' id='word_1_372' title='bbox 1013 1372 1104 1406; x_wconf 88' lang='lat' dir='ltr'><strong>prium</strong></span> <span class='ocrx_word' id='word_1_373' title='bbox 1136 1377 1207 1405; x_wconf 90' lang='lat' dir='ltr'><strong>opus</strong></span> <span class='ocrx_word' id='word_1_374' title='bbox 1233 1369 1343 1405; x_wconf 79' lang='lat' dir='ltr'><strong>diligam</strong></span> <span class='ocrx_word' id='word_1_375' title='bbox 1370 1368 1466 1396; x_wconf 85' lang='lat' dir='ltr'><strong>volens</strong></span> <span class='ocrx_word' id='word_1_376' title='bbox 1481 1367 1564 1395; x_wconf 85' lang='lat' dir='ltr'><strong>etiam</strong></span> <span class='ocrx_word' id='word_1_377' title='bbox 1587 1366 1711 1394; x_wconf 84' lang='lat' dir='ltr'><strong>omnium</strong></span> <span class='ocrx_word' id='word_1_378' title='bbox 1737 1364 1811 1393; x_wconf 80' lang='lat' dir='ltr'><strong>salu-</strong></span> 
     </span>
    </p>
   </div>
   <div class='ocr_carea' id='block_1_58' title="bbox 1018 1422 1085 1446">
    <p class='ocr_par' dir='ltr' id='par_1_58' title="bbox 1018 1422 1085 1446">
     <span class='ocr_line' id='line_1_58' title="bbox 1018 1422 1085 1446; baseline 0 -1"><span class='ocrx_word' id='word_1_379' title='bbox 1018 1422 1085 1446; x_wconf 86' lang='lat' dir='ltr'><strong>tem.</strong></span> 
     </span>
    </p>
   </div>
   <div class='ocr_carea' id='block_1_59' title="bbox 1050 1471 1809 1509">
    <p class='ocr_par' dir='ltr' id='par_1_59' title="bbox 1050 1471 1809 1509">
     <span class='ocr_line' id='line_1_59' title="bbox 1050 1471 1809 1509; baseline -0.005 -7"><span class='ocrx_word' id='word_1_380' title='bbox 1050 1475 1103 1508; x_wconf 84' lang='lat' dir='ltr'><strong>Qui</strong></span> <span class='ocrx_word' id='word_1_381' title='bbox 1118 1482 1158 1501; x_wconf 83' lang='lat' dir='ltr'><strong>me</strong></span> <span class='ocrx_word' id='word_1_382' title='bbox 1171 1478 1305 1509; x_wconf 70' lang='lat' dir='ltr'><strong>quierunt,</strong></span> <span class='ocrx_word' id='word_1_383' title='bbox 1327 1472 1460 1500; x_wconf 75' lang='lat' dir='ltr'><strong>inveniant</strong></span> <span class='ocrx_word' id='word_1_384' title='bbox 1473 1472 1602 1507; x_wconf 84' lang='lat' dir='ltr'><strong>gratiam.</strong></span> <span class='ocrx_word' id='word_1_385' title='bbox 1619 1471 1671 1504; x_wconf 83' lang='lat' dir='ltr'><strong>Qui</strong></span> <span class='ocrx_word' id='word_1_386' title='bbox 1692 1478 1758 1499; x_wconf 83' lang='lat' dir='ltr'><strong>vero</strong></span> <span class='ocrx_word' id='word_1_387' title='bbox 1775 1471 1809 1498; x_wconf 85' lang='lat' dir='ltr'><strong>ad</strong></span> 
     </span>
    </p>
   </div>
   <div class='ocr_carea' id='block_1_60' title="bbox 1014 1516 1810 1554">
    <p class='ocr_par' dir='ltr' id='par_1_60' title="bbox 1014 1516 1810 1554">
     <span class='ocr_line' id='line_1_60' title="bbox 1014 1516 1810 1554; baseline -0.006 -6"><span class='ocrx_word' id='word_1_388' title='bbox 1014 1529 1068 1554; x_wconf 90' lang='lat' dir='ltr'><strong>me,</strong></span> <span class='ocrx_word' id='word_1_389' title='bbox 1096 1521 1242 1548; x_wconf 83' lang='lat' dir='ltr'><strong>terminum</strong></span> <span class='ocrx_word' id='word_1_390' title='bbox 1271 1519 1466 1553; x_wconf 88' lang='lat' dir='ltr'><strong>scientiarum,</strong></span> <span class='ocrx_word' id='word_1_391' title='bbox 1489 1517 1644 1550; x_wconf 82' lang='lat' dir='ltr'><strong>veritatem,</strong></span> <span class='ocrx_word' id='word_1_392' title='bbox 1673 1516 1810 1544; x_wconf 86' lang='lat' dir='ltr'><strong>desiderio</strong></span> 
     </span>
    </p>
   </div>
   <div class='ocr_carea' id='block_1_61' title="bbox 174 1558 964 1603">
    <p class='ocr_par' dir='ltr' id='par_1_61' title="bbox 174 1558 964 1596">
     <span class='ocr_line' id='line_1_61' title="bbox 174 1558 964 1596; baseline 0.004 -11"><span class='ocrx_word' id='word_1_393' title='bbox 174 1558 236 1585; x_wconf 78' lang='grc' dir='ltr'>νοῦν</span> <span class='ocrx_word' id='word_1_394' title='bbox 253 1558 408 1594; x_wconf 73' lang='grc' dir='ltr'>κινούμενοι</span> <span class='ocrx_word' id='word_1_395' title='bbox 419 1558 478 1594; x_wconf 73' lang='grc' dir='ltr'>μετ’</span> <span class='ocrx_word' id='word_1_396' title='bbox 488 1559 620 1593; x_wconf 71' lang='grc' dir='ltr'>ἐφέσεως,</span> <span class='ocrx_word' id='word_1_397' title='bbox 636 1558 686 1594; x_wconf 85' lang='grc' dir='ltr'>τῆς</span> <span class='ocrx_word' id='word_1_398' title='bbox 701 1559 747 1586; x_wconf 84' lang='grc' dir='ltr'>τοῦ</span> <span class='ocrx_word' id='word_1_399' title='bbox 761 1560 898 1596; x_wconf 86' lang='grc' dir='ltr'>ὁμοφυοῦς</span> <span class='ocrx_word' id='word_1_400' title='bbox 919 1569 964 1596; x_wconf 90' lang='grc' dir='ltr'><strong>μοι</strong></span> 
     </span>
    </p>
   </div>
   <div class='ocr_carea' id='block_1_62' title="bbox 1015 1558 1808 1603">
    <p class='ocr_par' dir='ltr' id='par_1_62' title="bbox 1017 1562 1808 1603">
     <span class='ocr_line' id='line_1_62' title="bbox 1017 1562 1808 1603; baseline -0.006 -8"><span class='ocrx_word' id='word_1_401' title='bbox 1017 1566 1152 1603; x_wconf 83' lang='lat' dir='ltr'><strong>spirituali</strong></span> <span class='ocrx_word' id='word_1_402' title='bbox 1174 1569 1319 1594; x_wconf 89' lang='lat' dir='ltr'><strong>moventur</strong></span> <span class='ocrx_word' id='word_1_403' title='bbox 1330 1586 1338 1598; x_wconf 94' lang='lat'><strong>,</strong></span> <span class='ocrx_word' id='word_1_404' title='bbox 1356 1565 1471 1601; x_wconf 73' lang='lat' dir='ltr'><strong>gratiam</strong></span> <span class='ocrx_word' id='word_1_405' title='bbox 1487 1564 1604 1599; x_wconf 81' lang='lat' dir='ltr'><strong>spiritus</strong></span> <span class='ocrx_word' id='word_1_406' title='bbox 1619 1563 1667 1598; x_wconf 93' lang='lat' dir='ltr'><strong>qui</strong></span> <span class='ocrx_word' id='word_1_407' title='bbox 1682 1562 1808 1597; x_wconf 83' lang='lat' dir='ltr'><strong>ejusdem</strong></span> 
     </span>
    </p>
   </div>
   <div class='ocr_carea' id='block_1_63' title="bbox 174 1602 965 1640">
    <p class='ocr_par' dir='ltr' id='par_1_63' title="bbox 174 1602 965 1640">
     <span class='ocr_line' id='line_1_63' title="bbox 174 1602 965 1640; baseline 0.004 -10"><span class='ocrx_word' id='word_1_408' title='bbox 174 1602 331 1639; x_wconf 82' lang='grc' dir='ltr'>πνεύματος</span> <span class='ocrx_word' id='word_1_409' title='bbox 347 1603 534 1636; x_wconf 82' lang='grc' dir='ltr'>ὲπιτεύξονται</span> <span class='ocrx_word' id='word_1_410' title='bbox 549 1604 661 1639; x_wconf 85' lang='grc' dir='ltr'>χάριτος</span> <span class='ocrx_word' id='word_1_411' title='bbox 672 1611 679 1618; x_wconf 82' lang='lat'><strong><em>°</em></strong></span> <span class='ocrx_word' id='word_1_412' title='bbox 693 1605 876 1640; x_wconf 77' lang='grc' dir='ltr'>χαριζομένου</span> <span class='ocrx_word' id='word_1_413' title='bbox 900 1606 965 1633; x_wconf 82' lang='grc' dir='ltr'>τού-</span> 
     </span>
    </p>
   </div>
   <div class='ocr_carea' id='block_1_64' title="bbox 173 1649 964 1687">
    <p class='ocr_par' dir='ltr' id='par_1_64' title="bbox 173 1649 964 1687">
     <span class='ocr_line' id='line_1_64' title="bbox 173 1649 964 1687; baseline 0.004 -11"><span class='ocrx_word' id='word_1_414' title='bbox 173 1656 242 1681; x_wconf 74' lang='grc' dir='ltr'>τοις,</span> <span class='ocrx_word' id='word_1_415' title='bbox 257 1649 287 1676; x_wconf 86' lang='grc' dir='ltr'>ὲν</span> <span class='ocrx_word' id='word_1_416' title='bbox 301 1649 340 1684; x_wconf 81' lang='grc' dir='ltr'>τῷ</span> <span class='ocrx_word' id='word_1_417' title='bbox 351 1650 390 1681; x_wconf 84' lang='grc' dir='ltr'><strong>είς</strong></span> <span class='ocrx_word' id='word_1_418' title='bbox 408 1651 500 1676; x_wconf 80' lang='grc' dir='ltr'>πᾶσαν</span> <span class='ocrx_word' id='word_1_419' title='bbox 516 1649 565 1685; x_wconf 85' lang='grc' dir='ltr'>τὴν</span> <span class='ocrx_word' id='word_1_420' title='bbox 581 1650 711 1685; x_wconf 74' lang='grc' dir='ltr'>ἀλήθειαν</span> <span class='ocrx_word' id='word_1_421' title='bbox 732 1650 831 1683; x_wconf 85' lang='grc' dir='ltr'>αὐτοὺς</span> <span class='ocrx_word' id='word_1_422' title='bbox 846 1652 964 1687; x_wconf 75' lang='grc' dir='ltr'><strong>ὁδηγεῖν,</strong></span> 
     </span>
    </p>
   </div>
   <div class='ocr_carea' id='block_1_65' title="bbox 175 1694 623 1731">
    <p class='ocr_par' dir='ltr' id='par_1_65' title="bbox 175 1694 623 1731">
     <span class='ocr_line' id='line_1_65' title="bbox 175 1694 623 1731; baseline 0.004 -10"><span class='ocrx_word' id='word_1_423' title='bbox 175 1694 244 1731; x_wconf 67' lang='grc' dir='ltr'>ἐμοῦ</span> <span class='ocrx_word' id='word_1_424' title='bbox 260 1695 309 1730; x_wconf 81' lang='grc' dir='ltr'>τῆς</span> <span class='ocrx_word' id='word_1_425' title='bbox 324 1695 422 1730; x_wconf 79' lang='grc' dir='ltr'>σοφίας</span> <span class='ocrx_word' id='word_1_426' title='bbox 436 1695 486 1731; x_wconf 85' lang='grc' dir='ltr'><strong>τὴν</strong></span> <span class='ocrx_word' id='word_1_427' title='bbox 503 1695 623 1730; x_wconf 81' lang='grc' dir='ltr'>μέθεξιν.</span> 
     </span>
    </p>
   </div>
   <div class='ocr_carea' id='block_1_66' title="bbox 211 1751 965 1791">
    <p class='ocr_par' dir='ltr' id='par_1_66' title="bbox 211 1751 965 1791">
     <span class='ocr_line' id='line_1_66' title="bbox 211 1751 965 1791; baseline 0.004 -12"><span class='ocrx_word' id='word_1_428' title='bbox 211 1755 256 1787; x_wconf 89' lang='grc' dir='ltr'><strong>ιη’.</strong></span> <span class='ocrx_word' id='word_1_429' title='bbox 277 1752 413 1785; x_wconf 77' lang='grc' dir='ltr'><strong>Πλοῦτος</strong></span> <span class='ocrx_word' id='word_1_430' title='bbox 430 1752 480 1779; x_wconf 74' lang='grc' dir='ltr'>καὶ</span> <span class='ocrx_word' id='word_1_431' title='bbox 498 1751 574 1785; x_wconf 77' lang='grc' dir='ltr'><strong>δόξα</strong></span> <span class='ocrx_word' id='word_1_432' title='bbox 587 1753 652 1786; x_wconf 79' lang='grc' dir='ltr'><strong>ἐμοὶ</strong></span> <span class='ocrx_word' id='word_1_433' title='bbox 662 1753 790 1788; x_wconf 79' lang='grc' dir='ltr'><strong>ὑπάρχει</strong></span> <span class='ocrx_word' id='word_1_434' title='bbox 802 1774 810 1787; x_wconf 93' lang='grc'><strong>,</strong></span> <span class='ocrx_word' id='word_1_435' title='bbox 826 1755 877 1782; x_wconf 74' lang='grc' dir='ltr'><strong>καί</strong></span> <span class='ocrx_word' id='word_1_436' title='bbox 892 1755 965 1791; x_wconf 82' lang='grc' dir='ltr'><strong>κτῆ-</strong></span> 
     </span>
    </p>
   </div>
   <div class='ocr_carea' id='block_1_67' title="bbox 174 1796 965 1834">
    <p class='ocr_par' dir='ltr' id='par_1_67' title="bbox 174 1796 965 1834">
     <span class='ocr_line' id='line_1_67' title="bbox 174 1796 965 1834; baseline 0.001 -9"><span class='ocrx_word' id='word_1_437' title='bbox 174 1803 226 1830; x_wconf 83' lang='grc' dir='ltr'><strong>σις</strong></span> <span class='ocrx_word' id='word_1_438' title='bbox 236 1796 370 1829; x_wconf 73' lang='grc' dir='ltr'>πολλῶν,</span> <span class='ocrx_word' id='word_1_439' title='bbox 386 1796 436 1824; x_wconf 76' lang='grc' dir='ltr'>καὶ</span> <span class='ocrx_word' id='word_1_440' title='bbox 454 1797 645 1832; x_wconf 79' lang='grc' dir='ltr'>δικαιοσύνη.</span> <span class='ocrx_word' id='word_1_441' title='bbox 664 1798 693 1825; x_wconf 84' lang='grc'><strong>’0</strong></span> <span class='ocrx_word' id='word_1_442' title='bbox 707 1799 763 1834; x_wconf 75' lang='grc' dir='ltr'><strong>γὰρ</strong></span> <span class='ocrx_word' id='word_1_443' title='bbox 775 1799 830 1826; x_wconf 82' lang='grc' dir='ltr'><strong>τῶν</strong></span> <span class='ocrx_word' id='word_1_444' title='bbox 839 1800 867 1826; x_wconf 81' lang='grc' dir='ltr'>ὲν</span> <span class='ocrx_word' id='word_1_445' title='bbox 878 1800 965 1834; x_wconf 78' lang='grc' dir='ltr'>ἐπαγ-</span> 
     </span>
    </p>
   </div>
   <div class='ocr_carea' id='block_1_68' title="bbox 175 1841 965 1882">
    <p class='ocr_par' dir='ltr' id='par_1_68' title="bbox 175 1841 965 1882">
     <span class='ocr_line' id='line_1_68' title="bbox 175 1841 965 1882; baseline 0.006 -14"><span class='ocrx_word' id='word_1_446' title='bbox 175 1841 278 1876; x_wconf 81' lang='grc' dir='ltr'>γελίαις</span> <span class='ocrx_word' id='word_1_447' title='bbox 296 1843 488 1879; x_wconf 77' lang='grc' dir='ltr'>ἀποκειμένων</span> <span class='ocrx_word' id='word_1_448' title='bbox 499 1843 635 1875; x_wconf 76' lang='grc' dir='ltr'>ἁκὲνωτος</span> <span class='ocrx_word' id='word_1_449' title='bbox 648 1844 796 1880; x_wconf 72' lang='grc' dir='ltr'>θησαυρὸς,</span> <span class='ocrx_word' id='word_1_450' title='bbox 808 1845 856 1872; x_wconf 79' lang='grc' dir='ltr'>καὶ</span> <span class='ocrx_word' id='word_1_451' title='bbox 867 1847 882 1881; x_wconf 86' lang='grc' dir='ltr'><strong>ἡ</strong></span> <span class='ocrx_word' id='word_1_452' title='bbox 895 1846 965 1882; x_wconf 84' lang='grc' dir='ltr'><strong>ἀκή-</strong></span> 
     </span>
    </p>
   </div>
   <div class='ocr_carea' id='block_1_69' title="bbox 177 1888 965 1926">
    <p class='ocr_par' dir='ltr' id='par_1_69' title="bbox 177 1888 965 1926">
     <span class='ocr_line' id='line_1_69' title="bbox 177 1888 965 1926; baseline 0.004 -11"><span class='ocrx_word' id='word_1_453' title='bbox 177 1896 258 1924; x_wconf 78' lang='grc' dir='ltr'>ρατος</span> <span class='ocrx_word' id='word_1_454' title='bbox 270 1888 396 1920; x_wconf 83' lang='grc' dir='ltr'>εὕκλεια,</span> <span class='ocrx_word' id='word_1_455' title='bbox 410 1889 444 1916; x_wconf 74' lang='grc' dir='ltr'><strong>τὰ</strong></span> <span class='ocrx_word' id='word_1_456' title='bbox 466 1889 536 1925; x_wconf 79' lang='grc' dir='ltr'>ὑπὲρ</span> <span class='ocrx_word' id='word_1_457' title='bbox 554 1890 635 1924; x_wconf 83' lang='grc' dir='ltr'>φύσιν</span> <span class='ocrx_word' id='word_1_458' title='bbox 651 1890 753 1924; x_wconf 80' lang='grc' dir='ltr'>ἀγαθὰ,</span> <span class='ocrx_word' id='word_1_459' title='bbox 769 1891 838 1926; x_wconf 73' lang='grc' dir='ltr'>πρὸς</span> <span class='ocrx_word' id='word_1_460' title='bbox 863 1891 892 1918; x_wconf 80' lang='grc' dir='ltr'><strong>δὲ</strong></span> <span class='ocrx_word' id='word_1_461' title='bbox 917 1891 965 1918; x_wconf 71' lang='grc' dir='ltr'>καὶ</span> 
     </span>
    </p>
   </div>
   <div class='ocr_carea' id='block_1_70' title="bbox 176 1934 965 1972">
    <p class='ocr_par' dir='ltr' id='par_1_70' title="bbox 176 1934 965 1972">
     <span class='ocr_line' id='line_1_70' title="bbox 176 1934 965 1972; baseline 0.004 -11"><span class='ocrx_word' id='word_1_462' title='bbox 176 1934 247 1961; x_wconf 77' lang='grc' dir='ltr'>κατὰ</span> <span class='ocrx_word' id='word_1_463' title='bbox 275 1934 400 1971; x_wconf 69' lang='grc' dir='ltr'>φύσινσῆ</span> <span class='ocrx_word' id='word_1_464' title='bbox 416 1943 446 1962; x_wconf 84' lang='grc' dir='ltr'><strong>τε</strong></span> <span class='ocrx_word' id='word_1_465' title='bbox 462 1935 526 1962; x_wconf 82' lang='grc' dir='ltr'>καθ’</span> <span class='ocrx_word' id='word_1_466' title='bbox 541 1936 596 1968; x_wconf 71' lang='grc' dir='ltr'>ἕξιν</span> <span class='ocrx_word' id='word_1_467' title='bbox 619 1935 721 1969; x_wconf 85' lang='grc' dir='ltr'>γνῶσις</span> <span class='ocrx_word' id='word_1_468' title='bbox 747 1937 802 1963; x_wconf 81' lang='grc' dir='ltr'><strong>τῶν</strong></span> <span class='ocrx_word' id='word_1_469' title='bbox 826 1937 965 1972; x_wconf 87' lang='grc' dir='ltr'>διαφόρων</span> 
     </span>
    </p>
   </div>
   <div class='ocr_carea' id='block_1_71' title="bbox 174 1979 964 2018">
    <p class='ocr_par' dir='ltr' id='par_1_71' title="bbox 174 1979 964 2018">
     <span class='ocr_line' id='line_1_71' title="bbox 174 1979 964 2018; baseline 0.005 -12"><span class='ocrx_word' id='word_1_470' title='bbox 174 1979 262 2014; x_wconf 75' lang='grc' dir='ltr'>λόγων</span> <span class='ocrx_word' id='word_1_471' title='bbox 273 1980 334 2007; x_wconf 84' lang='grc' dir='ltr'>καθ’</span> <span class='ocrx_word' id='word_1_472' title='bbox 350 1979 398 2011; x_wconf 81' lang='grc' dir='ltr'>οὓς</span> <span class='ocrx_word' id='word_1_473' title='bbox 420 1981 549 2015; x_wconf 73' lang='grc' dir='ltr'>γεγόνασί</span> <span class='ocrx_word' id='word_1_474' title='bbox 564 1989 594 2007; x_wconf 85' lang='grc' dir='ltr'><strong>τε</strong></span> <span class='ocrx_word' id='word_1_475' title='bbox 614 1981 649 2008; x_wconf 80' lang='grc' dir='ltr'><strong>τὰ</strong></span> <span class='ocrx_word' id='word_1_476' title='bbox 669 1982 759 2008; x_wconf 80' lang='grc' dir='ltr'>πάντα</span> <span class='ocrx_word' id='word_1_477' title='bbox 784 1983 832 2009; x_wconf 80' lang='grc' dir='ltr'>καὶ</span> <span class='ocrx_word' id='word_1_478' title='bbox 845 1983 964 2018; x_wconf 73' lang='grc' dir='ltr'>ἀκίνητα</span> 
     </span>
    </p>
   </div>
   <div class='ocr_carea' id='block_1_72' title="bbox 176 2025 963 2063">
    <p class='ocr_par' dir='ltr' id='par_1_72' title="bbox 176 2025 963 2063">
     <span class='ocr_line' id='line_1_72' title="bbox 176 2025 963 2063; baseline 0.003 -11"><span class='ocrx_word' id='word_1_479' title='bbox 176 2025 297 2060; x_wconf 81' lang='grc' dir='ltr'>μένουσι,</span> <span class='ocrx_word' id='word_1_480' title='bbox 314 2026 361 2052; x_wconf 82' lang='grc' dir='ltr'>καὶ</span> <span class='ocrx_word' id='word_1_481' title='bbox 374 2027 390 2062; x_wconf 78' lang='grc' dir='ltr'><strong>ἠ</strong></span> <span class='ocrx_word' id='word_1_482' title='bbox 402 2027 472 2053; x_wconf 76' lang='grc' dir='ltr'>κατᾶ</span> <span class='ocrx_word' id='word_1_483' title='bbox 489 2027 602 2059; x_wconf 79' lang='grc' dir='ltr'>τούτους</span> <span class='ocrx_word' id='word_1_484' title='bbox 625 2028 692 2063; x_wconf 85' lang='grc' dir='ltr'>πρὸς</span> <span class='ocrx_word' id='word_1_485' title='bbox 706 2027 741 2054; x_wconf 79' lang='grc' dir='ltr'><strong>τὰ</strong></span> <span class='ocrx_word' id='word_1_486' title='bbox 766 2029 827 2054; x_wconf 83' lang='grc' dir='ltr'>κατ’</span> <span class='ocrx_word' id='word_1_487' title='bbox 843 2028 963 2063; x_wconf 79' lang='grc' dir='ltr'>ἔλλειψιν</span> 
     </span>
    </p>
   </div>
   <div class='ocr_carea' id='block_1_73' title="bbox 174 2072 962 2110">
    <p class='ocr_par' dir='ltr' id='par_1_73' title="bbox 174 2072 962 2110">
     <span class='ocr_line' id='line_1_73' title="bbox 174 2072 962 2110; baseline 0.003 -12"><span class='ocrx_word' id='word_1_488' title='bbox 174 2072 225 2107; x_wconf 78' lang='grc' dir='ltr'>τῆς</span> <span class='ocrx_word' id='word_1_489' title='bbox 245 2072 345 2107; x_wconf 82' lang='grc' dir='ltr'>ἀρετῆς</span> <span class='ocrx_word' id='word_1_490' title='bbox 366 2073 413 2099; x_wconf 79' lang='grc' dir='ltr'>καὶ</span> <span class='ocrx_word' id='word_1_491' title='bbox 437 2072 590 2108; x_wconf 77' lang='grc' dir='ltr'>ὑπερϐολὴν</span> <span class='ocrx_word' id='word_1_492' title='bbox 602 2073 695 2108; x_wconf 83' lang='grc' dir='ltr'>πάθη,</span> <span class='ocrx_word' id='word_1_493' title='bbox 712 2073 838 2109; x_wconf 80' lang='grc' dir='ltr'>ὰῤῥεπὴς</span> <span class='ocrx_word' id='word_1_494' title='bbox 861 2073 962 2110; x_wconf 79' lang='grc' dir='ltr'>κρίσις,</span> 
     </span>
    </p>
   </div>
   <div class='ocr_carea' id='block_1_74' title="bbox 175 2117 964 2154">
    <p class='ocr_par' dir='ltr' id='par_1_74' title="bbox 175 2117 964 2154">
     <span class='ocr_line' id='line_1_74' title="bbox 175 2117 964 2154; baseline 0.004 -11"><span class='ocrx_word' id='word_1_495' title='bbox 175 2117 204 2144; x_wconf 75' lang='grc' dir='ltr'>ἐν</span> <span class='ocrx_word' id='word_1_496' title='bbox 221 2117 282 2152; x_wconf 73' lang='grc' dir='ltr'>ἐμοί</span> <span class='ocrx_word' id='word_1_497' title='bbox 296 2118 381 2149; x_wconf 77' lang='grc' dir='ltr'>ἐστιν,</span> <span class='ocrx_word' id='word_1_498' title='bbox 398 2117 436 2149; x_wconf 83' lang='grc' dir='ltr'><strong>ὡς</strong></span> <span class='ocrx_word' id='word_1_499' title='bbox 451 2117 543 2152; x_wconf 83' lang='grc' dir='ltr'>δοτῆρι</span> <span class='ocrx_word' id='word_1_500' title='bbox 566 2117 615 2152; x_wconf 80' lang='grc' dir='ltr'>μὲν</span> <span class='ocrx_word' id='word_1_501' title='bbox 637 2118 691 2145; x_wconf 80' lang='grc' dir='ltr'><strong>τῶν</strong></span> <span class='ocrx_word' id='word_1_502' title='bbox 714 2119 784 2154; x_wconf 82' lang='grc' dir='ltr'>ὑπὲρ</span> <span class='ocrx_word' id='word_1_503' title='bbox 798 2119 880 2153; x_wconf 83' lang='grc' dir='ltr'>φύσιν</span> <span class='ocrx_word' id='word_1_504' title='bbox 893 2119 964 2154; x_wconf 85' lang='grc' dir='ltr'>ἀγα-</span> 
     </span>
    </p>
   </div>
   <div class='ocr_carea' id='block_1_75' title="bbox 175 2162 628 2198">
    <p class='ocr_par' dir='ltr' id='par_1_75' title="bbox 175 2162 628 2198">
     <span class='ocr_line' id='line_1_75' title="bbox 175 2162 628 2198; baseline 0.002 -9"><span class='ocrx_word' id='word_1_505' title='bbox 175 2162 241 2195; x_wconf 89' lang='grc' dir='ltr'>θῶν,</span> <span class='ocrx_word' id='word_1_506' title='bbox 255 2163 333 2198; x_wconf 85' lang='grc' dir='ltr'>αίτίῳ</span> <span class='ocrx_word' id='word_1_507' title='bbox 346 2163 374 2190; x_wconf 83' lang='grc' dir='ltr'><strong>δὲ</strong></span> <span class='ocrx_word' id='word_1_508' title='bbox 387 2162 442 2190; x_wconf 86' lang='grc' dir='ltr'><strong>τῶν</strong></span> <span class='ocrx_word' id='word_1_509' title='bbox 454 2163 525 2190; x_wconf 78' lang='grc' dir='ltr'>κατὰ</span> <span class='ocrx_word' id='word_1_510' title='bbox 535 2163 628 2197; x_wconf 79' lang='grc' dir='ltr'>φύσιν.</span> 
     </span>
    </p>
   </div>
   <div class='ocr_carea' id='block_1_76' title="bbox 212 2219 961 2255">
    <p class='ocr_par' dir='ltr' id='par_1_76' title="bbox 212 2219 961 2255">
     <span class='ocr_line' id='line_1_76' title="bbox 212 2219 961 2255; baseline 0.001 -9"><span class='ocrx_word' id='word_1_511' title='bbox 212 2219 255 2247; x_wconf 89' lang='grc' dir='ltr'>ιθ’.</span> <span class='ocrx_word' id='word_1_512' title='bbox 270 2219 397 2246; x_wconf 79' lang='grc' dir='ltr'><strong>Βέλτιον</strong></span> <span class='ocrx_word' id='word_1_513' title='bbox 407 2219 460 2255; x_wconf 78' lang='grc' dir='ltr'><strong>ἐμὲ</strong></span> <span class='ocrx_word' id='word_1_514' title='bbox 473 2219 676 2255; x_wconf 78' lang='grc' dir='ltr'>καρπίζεσθαι,</span> <span class='ocrx_word' id='word_1_515' title='bbox 689 2220 765 2254; x_wconf 80' lang='grc' dir='ltr'>ὑπὲρ</span> <span class='ocrx_word' id='word_1_516' title='bbox 776 2221 905 2254; x_wconf 85' lang='grc' dir='ltr'>χρυσίον</span> <span class='ocrx_word' id='word_1_517' title='bbox 913 2220 961 2248; x_wconf 75' lang='grc' dir='ltr'><strong>καὶ</strong></span> 
     </span>
    </p>
   </div>
   <div class='ocr_carea' id='block_1_77' title="bbox 174 2265 961 2302">
    <p class='ocr_par' dir='ltr' id='par_1_77' title="bbox 174 2265 961 2302">
     <span class='ocr_line' id='line_1_77' title="bbox 174 2265 961 2302; baseline 0.001 -10"><span class='ocrx_word' id='word_1_518' title='bbox 174 2266 263 2293; x_wconf 64' lang='grc' dir='ltr'>λίθον</span> <span class='ocrx_word' id='word_1_519' title='bbox 276 2266 375 2300; x_wconf 81' lang='grc' dir='ltr'>τίμιον</span> <span class='ocrx_word' id='word_1_520' title='bbox 398 2266 508 2293; x_wconf 70' lang='grc' dir='ltr'>πολύν.</span> <span class='ocrx_word' id='word_1_521' title='bbox 524 2266 656 2301; x_wconf 83' lang='grc' dir='ltr'>Κρείττον</span> <span class='ocrx_word' id='word_1_522' title='bbox 667 2265 762 2292; x_wconf 76' lang='grc' dir='ltr'>λοιπὸν</span> <span class='ocrx_word' id='word_1_523' title='bbox 776 2266 847 2301; x_wconf 82' lang='grc' dir='ltr'>ὑπὲρ</span> <span class='ocrx_word' id='word_1_524' title='bbox 861 2266 961 2302; x_wconf 86' lang='grc' dir='ltr'>χρυσόν</span> 
     </span>
    </p>
   </div>
   <div class='ocr_carea' id='block_1_78' title="bbox 173 2311 962 2347">
    <p class='ocr_par' dir='ltr' id='par_1_78' title="bbox 173 2311 962 2347">
     <span class='ocr_line' id='line_1_78' title="bbox 173 2311 962 2347; baseline -0.001 -9"><span class='ocrx_word' id='word_1_525' title='bbox 173 2320 206 2338; x_wconf 83' lang='grc' dir='ltr'><strong>τε</strong></span> <span class='ocrx_word' id='word_1_526' title='bbox 220 2312 268 2338; x_wconf 73' lang='grc' dir='ltr'>καὶ</span> <span class='ocrx_word' id='word_1_527' title='bbox 281 2311 372 2342; x_wconf 84' lang='grc' dir='ltr'>λίθους</span> <span class='ocrx_word' id='word_1_528' title='bbox 391 2312 428 2346; x_wconf 78' lang='grc' dir='ltr'>μὴ</span> <span class='ocrx_word' id='word_1_529' title='bbox 445 2311 646 2347; x_wconf 80' lang='grc' dir='ltr'>εὐαριθμήτους</span> <span class='ocrx_word' id='word_1_530' title='bbox 659 2311 871 2347; x_wconf 83' lang='grc' dir='ltr'>πολυτιμήτους,</span> <span class='ocrx_word' id='word_1_531' title='bbox 887 2311 922 2338; x_wconf 83' lang='grc' dir='ltr'><strong>τὰ</strong></span> <span class='ocrx_word' id='word_1_532' title='bbox 933 2313 962 2338; x_wconf 76' lang='grc' dir='ltr'>ἐν</span> 
     </span>
    </p>
   </div>
   <div class='ocr_carea' id='block_1_79' title="bbox 174 2357 964 2393">
    <p class='ocr_par' dir='ltr' id='par_1_79' title="bbox 174 2357 964 2393">
     <span class='ocr_line' id='line_1_79' title="bbox 174 2357 964 2393; baseline 0 -9"><span class='ocrx_word' id='word_1_533' title='bbox 174 2357 271 2392; x_wconf 62' lang='grc' dir='ltr'>κόσμῳ</span> <span class='ocrx_word' id='word_1_534' title='bbox 288 2357 403 2392; x_wconf 76' lang='grc' dir='ltr'>τερπνὰ,</span> <span class='ocrx_word' id='word_1_535' title='bbox 419 2357 470 2392; x_wconf 77' lang='grc' dir='ltr'><strong>ἐμὲ</strong></span> <span class='ocrx_word' id='word_1_536' title='bbox 484 2357 530 2384; x_wconf 82' lang='grc' dir='ltr'>τὸν</span> <span class='ocrx_word' id='word_1_537' title='bbox 552 2357 601 2392; x_wconf 84' lang='grc' dir='ltr'>τῆς</span> <span class='ocrx_word' id='word_1_538' title='bbox 621 2357 773 2389; x_wconf 80' lang='grc' dir='ltr'>ἀθανασίας</span> <span class='ocrx_word' id='word_1_539' title='bbox 789 2357 909 2393; x_wconf 83' lang='grc' dir='ltr'>καρπὸν,</span> <span class='ocrx_word' id='word_1_540' title='bbox 925 2357 964 2389; x_wconf 86' lang='grc' dir='ltr'>ὡς</span> 
     </span>
    </p>
   </div>
   <div class='ocr_carea' id='block_1_80' title="bbox 175 2402 962 2438">
    <p class='ocr_par' dir='ltr' id='par_1_80' title="bbox 175 2402 962 2438">
     <span class='ocr_line' id='line_1_80' title="bbox 175 2402 962 2438; baseline 0.001 -9"><span class='ocrx_word' id='word_1_541' title='bbox 175 2402 205 2429; x_wconf 75' lang='grc' dir='ltr'>ιν</span> <span class='ocrx_word' id='word_1_542' title='bbox 219 2402 376 2438; x_wconf 81' lang='grc' dir='ltr'>παραδείσῳ</span> <span class='ocrx_word' id='word_1_543' title='bbox 393 2402 434 2438; x_wconf 87' lang='grc' dir='ltr'><strong>τῷ</strong></span> <span class='ocrx_word' id='word_1_544' title='bbox 453 2402 506 2437; x_wconf 81' lang='grc' dir='ltr'><strong>ὅλῳ</strong></span> <span class='ocrx_word' id='word_1_545' title='bbox 529 2402 624 2438; x_wconf 86' lang='grc' dir='ltr'>κόσμῳ</span> <span class='ocrx_word' id='word_1_546' title='bbox 641 2403 798 2437; x_wconf 59' lang='grc' dir='ltr'>συλλέγειν</span> <span class='ocrx_word' id='word_1_547' title='bbox 811 2404 841 2430; x_wconf 79' lang='grc' dir='ltr'>ἐν</span> <span class='ocrx_word' id='word_1_548' title='bbox 855 2403 895 2438; x_wconf 86' lang='grc' dir='ltr'>τῷ</span> <span class='ocrx_word' id='word_1_549' title='bbox 917 2403 962 2430; x_wconf 75' lang='grc' dir='ltr'><strong>ατ-</strong></span> 
     </span>
    </p>
   </div>
   <div class='ocr_carea' id='block_1_81' title="bbox 177 2448 964 2484">
    <p class='ocr_par' dir='ltr' id='par_1_81' title="bbox 177 2448 964 2484">
     <span class='ocr_line' id='line_1_81' title="bbox 177 2448 964 2484; baseline 0.003 -10"><span class='ocrx_word' id='word_1_550' title='bbox 177 2456 234 2484; x_wconf 85' lang='grc' dir='ltr'>ρειν</span> <span class='ocrx_word' id='word_1_551' title='bbox 250 2457 285 2483; x_wconf 82' lang='grc' dir='ltr'><strong>με</strong></span> <span class='ocrx_word' id='word_1_552' title='bbox 299 2448 331 2475; x_wconf 80' lang='grc' dir='ltr'>ὲκ</span> <span class='ocrx_word' id='word_1_553' title='bbox 347 2448 472 2480; x_wconf 80' lang='grc' dir='ltr'>πάντων,</span> <span class='ocrx_word' id='word_1_554' title='bbox 491 2448 563 2475; x_wconf 83' lang='grc' dir='ltr'>κατὰ</span> <span class='ocrx_word' id='word_1_555' title='bbox 579 2449 629 2483; x_wconf 81' lang='grc' dir='ltr'>τὴν</span> <span class='ocrx_word' id='word_1_556' title='bbox 641 2450 670 2475; x_wconf 80' lang='grc' dir='ltr'>ὲν</span> <span class='ocrx_word' id='word_1_557' title='bbox 692 2449 829 2484; x_wconf 87' lang='grc' dir='ltr'>πνεύματι</span> <span class='ocrx_word' id='word_1_558' title='bbox 844 2449 964 2484; x_wconf 81' lang='grc' dir='ltr'>φυσικὴν</span> 
     </span>
    </p>
   </div>
   <div class='ocr_carea' id='block_1_82' title="bbox 175 2493 964 2530">
    <p class='ocr_par' dir='ltr' id='par_1_82' title="bbox 175 2493 964 2530">
     <span class='ocr_line' id='line_1_82' title="bbox 175 2493 964 2530; baseline 0 -9"><span class='ocrx_word' id='word_1_559' title='bbox 175 2493 293 2529; x_wconf 72' lang='grc' dir='ltr'>θεωρίαν</span> <span class='ocrx_word' id='word_1_560' title='bbox 313 2494 412 2526; x_wconf 76' lang='grc' dir='ltr'>αὐτῶν,</span> <span class='ocrx_word' id='word_1_561' title='bbox 425 2494 463 2525; x_wconf 78' lang='grc' dir='ltr'>ὥς</span> <span class='ocrx_word' id='word_1_562' title='bbox 488 2494 558 2530; x_wconf 77' lang='grc' dir='ltr'>ὑπὲρ</span> <span class='ocrx_word' id='word_1_563' title='bbox 575 2495 665 2522; x_wconf 77' lang='grc' dir='ltr'>πάντα</span> <span class='ocrx_word' id='word_1_564' title='bbox 686 2495 747 2522; x_wconf 77' lang='grc' dir='ltr'>κατ’</span> <span class='ocrx_word' id='word_1_565' title='bbox 762 2495 857 2522; x_wconf 81' lang='grc' dir='ltr'>οὐσίαν</span> <span class='ocrx_word' id='word_1_566' title='bbox 875 2494 964 2530; x_wconf 80' lang='grc' dir='ltr'>ύπάρ-</span> 
     </span>
    </p>
   </div>
   <div class='ocr_carea' id='block_1_83' title="bbox 176 2549 267 2576">
    <p class='ocr_par' dir='ltr' id='par_1_83' title="bbox 176 2549 267 2576">
     <span class='ocr_line' id='line_1_83' title="bbox 176 2549 267 2576; baseline 0.011 -9"><span class='ocrx_word' id='word_1_567' title='bbox 176 2549 267 2576; x_wconf 82' lang='grc' dir='ltr'>χοντα.</span> 
     </span>
    </p>
   </div>
   <div class='ocr_carea' id='block_1_84' title="bbox 213 2596 965 2632">
    <p class='ocr_par' dir='ltr' id='par_1_84' title="bbox 213 2596 965 2632">
     <span class='ocr_line' id='line_1_84' title="bbox 213 2596 965 2632; baseline 0.001 -9"><span class='ocrx_word' id='word_1_568' title='bbox 213 2597 252 2623; x_wconf 82' lang='grc' dir='ltr'><em>Τὰ</em></span> <span class='ocrx_word' id='word_1_569' title='bbox 265 2596 298 2623; x_wconf 80' lang='grc' dir='ltr'><strong>δὲ</strong></span> <span class='ocrx_word' id='word_1_570' title='bbox 307 2596 363 2630; x_wconf 78' lang='grc' dir='ltr'><strong>ἐμὰ</strong></span> <span class='ocrx_word' id='word_1_571' title='bbox 377 2596 548 2632; x_wconf 79' lang='grc' dir='ltr'>γεννήματα</span> <span class='ocrx_word' id='word_1_572' title='bbox 559 2598 706 2631; x_wconf 81' lang='grc' dir='ltr'>κρεῖσσον</span> <span class='ocrx_word' id='word_1_573' title='bbox 724 2597 869 2632; x_wconf 77' lang='grc' dir='ltr'>ἀργυρίου</span> <span class='ocrx_word' id='word_1_574' title='bbox 879 2598 965 2624; x_wconf 77' lang='grc' dir='ltr'>ἐκλε-</span> 
     </span>
    </p>
   </div>
   <div class='ocr_carea' id='block_1_85' title="bbox 176 2643 965 2680">
    <p class='ocr_par' dir='ltr' id='par_1_85' title="bbox 176 2643 965 2680">
     <span class='ocr_line' id='line_1_85' title="bbox 176 2643 965 2680; baseline 0.003 -10"><span class='ocrx_word' id='word_1_575' title='bbox 176 2644 258 2671; x_wconf 83' lang='grc' dir='ltr'>κτοῦ.</span> <span class='ocrx_word' id='word_1_576' title='bbox 287 2645 328 2671; x_wconf 74' lang='grc' dir='ltr'><strong>Τὰ</strong></span> <span class='ocrx_word' id='word_1_577' title='bbox 350 2644 380 2671; x_wconf 72' lang='grc' dir='ltr'><strong>δὲ</strong></span> <span class='ocrx_word' id='word_1_578' title='bbox 408 2645 463 2679; x_wconf 86' lang='grc' dir='ltr'>ὲμὰ</span> <span class='ocrx_word' id='word_1_579' title='bbox 494 2645 652 2680; x_wconf 83' lang='grc' dir='ltr'>θελήματα,</span> <span class='ocrx_word' id='word_1_580' title='bbox 677 2643 718 2677; x_wconf 77' lang='grc' dir='ltr'><strong>οἷς</strong></span> <span class='ocrx_word' id='word_1_581' title='bbox 747 2645 791 2672; x_wconf 86' lang='grc' dir='ltr'><strong>διὰ</strong></span> <span class='ocrx_word' id='word_1_582' title='bbox 814 2646 848 2672; x_wconf 76' lang='grc' dir='ltr'><strong>τὰ</strong></span> <span class='ocrx_word' id='word_1_583' title='bbox 877 2646 965 2672; x_wconf 76' lang='grc' dir='ltr'>πάντα</span> 
     </span>
    </p>
   </div>
   <div class='ocr_carea' id='block_1_86' title="bbox 177 2690 966 2727">
    <p class='ocr_par' dir='ltr' id='par_1_86' title="bbox 177 2690 966 2727">
     <span class='ocr_line' id='line_1_86' title="bbox 177 2690 966 2727; baseline 0.003 -11"><span class='ocrx_word' id='word_1_584' title='bbox 177 2691 246 2717; x_wconf 76' lang='grc' dir='ltr'>πᾶσι</span> <span class='ocrx_word' id='word_1_585' title='bbox 262 2690 351 2718; x_wconf 83' lang='grc' dir='ltr'>πάντα</span> <span class='ocrx_word' id='word_1_586' title='bbox 377 2690 489 2726; x_wconf 87' lang='grc' dir='ltr'>γίνομαι</span> <span class='ocrx_word' id='word_1_587' title='bbox 510 2692 570 2718; x_wconf 83' lang='grc' dir='ltr'>κατ’</span> <span class='ocrx_word' id='word_1_588' title='bbox 591 2691 733 2727; x_wconf 77' lang='grc' dir='ltr'>ἐνέργειαν</span> <span class='ocrx_word' id='word_1_589' title='bbox 744 2712 751 2724; x_wconf 96' lang='grc'><strong>,</strong></span> <span class='ocrx_word' id='word_1_590' title='bbox 768 2691 878 2718; x_wconf 81' lang='grc' dir='ltr'>κάλλιόν</span> <span class='ocrx_word' id='word_1_591' title='bbox 896 2693 966 2718; x_wconf 71' lang='grc' dir='ltr'>εἰσιν</span> 
     </span>
    </p>
   </div>
   <div class='ocr_carea' id='block_1_87' title="bbox 177 2737 966 2773">
    <p class='ocr_par' dir='ltr' id='par_1_87' title="bbox 177 2737 966 2773">
     <span class='ocr_line' id='line_1_87' title="bbox 177 2737 966 2773; baseline 0.001 -10"><span class='ocrx_word' id='word_1_592' title='bbox 177 2737 248 2771; x_wconf 79' lang='grc' dir='ltr'>ὑπὲρ</span> <span class='ocrx_word' id='word_1_593' title='bbox 259 2737 402 2764; x_wconf 84' lang='grc' dir='ltr'>ὲπίλεκτον</span> <span class='ocrx_word' id='word_1_594' title='bbox 431 2737 562 2773; x_wconf 84' lang='grc' dir='ltr'>ἄργυρον,</span> <span class='ocrx_word' id='word_1_595' title='bbox 584 2738 621 2769; x_wconf 84' lang='grc' dir='ltr'>ὡς</span> <span class='ocrx_word' id='word_1_596' title='bbox 638 2737 734 2764; x_wconf 72' lang='grc' dir='ltr'>τούτου</span> <span class='ocrx_word' id='word_1_597' title='bbox 754 2737 966 2773; x_wconf 79' lang='grc' dir='ltr'>καθαρωτέρους</span> 
     </span>
    </p>
   </div>
   <div class='ocr_carea' id='block_1_88' title="bbox 177 2781 966 2821">
    <p class='ocr_par' dir='ltr' id='par_1_88' title="bbox 177 2781 966 2818">
     <span class='ocr_line' id='line_1_88' title="bbox 177 2781 966 2818; baseline 0.003 -11"><span class='ocrx_word' id='word_1_598' title='bbox 177 2782 225 2808; x_wconf 75' lang='grc' dir='ltr'>καὶ</span> <span class='ocrx_word' id='word_1_599' title='bbox 248 2781 458 2818; x_wconf 78' lang='grc' dir='ltr'>λαμπροτέρους</span> <span class='ocrx_word' id='word_1_600' title='bbox 488 2782 701 2810; x_wconf 80' lang='grc' dir='ltr'>ἁποδεικνύοντα</span> <span class='ocrx_word' id='word_1_601' title='bbox 726 2782 791 2814; x_wconf 78' lang='grc' dir='ltr'>τοὺς</span> <span class='ocrx_word' id='word_1_602' title='bbox 820 2782 966 2814; x_wconf 77' lang='grc' dir='ltr'>ποιοῦντας</span> 
     </span>
    </p>
   </div>
   <div class='ocr_carea' id='block_1_89' title="bbox 178 2827 259 2854">
    <p class='ocr_par' dir='ltr' id='par_1_89' title="bbox 178 2827 259 2854">
     <span class='ocr_line' id='line_1_89' title="bbox 178 2827 259 2854; baseline 0 0"><span class='ocrx_word' id='word_1_603' title='bbox 178 2827 259 2854; x_wconf 71' lang='grc' dir='ltr'>αὐτὰ.</span> 
     </span>
    </p>
   </div>
   <div class='ocr_carea' id='block_1_90' title="bbox 214 2882 966 2919">
    <p class='ocr_par' dir='ltr' id='par_1_90' title="bbox 214 2882 966 2919">
     <span class='ocr_line' id='line_1_90' title="bbox 214 2882 966 2919; baseline 0.001 -10"><span class='ocrx_word' id='word_1_604' title='bbox 214 2883 248 2911; x_wconf 85' lang='grc' dir='ltr'><strong>κ’.</strong></span> <span class='ocrx_word' id='word_1_605' title='bbox 271 2883 322 2911; x_wconf 78' lang='grc' dir='ltr'><em>Ἔν</em></span> <span class='ocrx_word' id='word_1_606' title='bbox 338 2883 419 2917; x_wconf 78' lang='grc' dir='ltr'>ὁδοῖς</span> <span class='ocrx_word' id='word_1_607' title='bbox 429 2883 625 2918; x_wconf 69' lang='grc' dir='ltr'>δικαιοσύνης</span> <span class='ocrx_word' id='word_1_608' title='bbox 638 2884 796 2919; x_wconf 81' lang='grc' dir='ltr'>περιπατῶ.</span> <span class='ocrx_word' id='word_1_609' title='bbox 811 2882 903 2910; x_wconf 76' lang='grc' dir='ltr'>Ταῦτα</span> <span class='ocrx_word' id='word_1_610' title='bbox 912 2883 966 2919; x_wconf 78' lang='grc' dir='ltr'><strong>γὰρ</strong></span> 
     </span>
    </p>
   </div>
   <div class='ocr_carea' id='block_1_91' title="bbox 1018 1607 1809 1648">
    <p class='ocr_par' dir='ltr' id='par_1_91' title="bbox 1018 1607 1809 1648">
     <span class='ocr_line' id='line_1_91' title="bbox 1018 1607 1809 1648; baseline -0.009 -7"><span class='ocrx_word' id='word_1_611' title='bbox 1018 1621 1051 1641; x_wconf 88' lang='lat' dir='ltr'><strong>ac</strong></span> <span class='ocrx_word' id='word_1_612' title='bbox 1064 1620 1115 1648; x_wconf 79' lang='lat' dir='ltr'><strong>ego</strong></span> <span class='ocrx_word' id='word_1_613' title='bbox 1130 1616 1235 1640; x_wconf 69' lang='lat' dir='ltr'><strong>natura:</strong></span> <span class='ocrx_word' id='word_1_614' title='bbox 1246 1631 1253 1642; x_wconf 83' lang='lat'><strong>,</strong></span> <span class='ocrx_word' id='word_1_615' title='bbox 1267 1611 1430 1638; x_wconf 85' lang='lat' dir='ltr'><strong>obtinebunt</strong></span> <span class='ocrx_word' id='word_1_616' title='bbox 1453 1609 1594 1645; x_wconf 69' lang='lat' dir='ltr'><strong>sapientiae</strong></span> <span class='ocrx_word' id='word_1_617' title='bbox 1617 1607 1809 1644; x_wconf 86' lang='lat' dir='ltr'><strong>participatio-</strong></span> 
     </span>
    </p>
   </div>
   <div class='ocr_carea' id='block_1_92' title="bbox 1017 1652 1809 1691">
    <p class='ocr_par' dir='ltr' id='par_1_92' title="bbox 1017 1652 1809 1691">
     <span class='ocr_line' id='line_1_92' title="bbox 1017 1652 1809 1691; baseline -0.009 -4"><span class='ocrx_word' id='word_1_618' title='bbox 1017 1667 1090 1691; x_wconf 83' lang='lat' dir='ltr'><strong>nem,</strong></span> <span class='ocrx_word' id='word_1_619' title='bbox 1113 1661 1143 1686; x_wconf 91' lang='lat' dir='ltr'><strong>ut</strong></span> <span class='ocrx_word' id='word_1_620' title='bbox 1169 1659 1196 1685; x_wconf 93' lang='lat' dir='ltr'><strong>in</strong></span> <span class='ocrx_word' id='word_1_621' title='bbox 1218 1663 1326 1684; x_wconf 89' lang='lat' dir='ltr'><strong>omnem</strong></span> <span class='ocrx_word' id='word_1_622' title='bbox 1346 1655 1491 1683; x_wconf 82' lang='lat' dir='ltr'><strong>veritatem</strong></span> <span class='ocrx_word' id='word_1_623' title='bbox 1521 1654 1670 1687; x_wconf 87' lang='lat' dir='ltr'><strong>ducantur,</strong></span> <span class='ocrx_word' id='word_1_624' title='bbox 1692 1660 1735 1681; x_wconf 90' lang='lat' dir='ltr'><strong>me</strong></span> <span class='ocrx_word' id='word_1_625' title='bbox 1753 1652 1809 1680; x_wconf 89' lang='lat' dir='ltr'><strong>illis</strong></span> 
     </span>
    </p>
   </div>
   <div class='ocr_carea' id='block_1_93' title="bbox 1017 1704 1198 1733">
    <p class='ocr_par' dir='ltr' id='par_1_93' title="bbox 1017 1704 1198 1733">
     <span class='ocr_line' id='line_1_93' title="bbox 1017 1704 1198 1733; baseline -0.017 0"><span class='ocrx_word' id='word_1_626' title='bbox 1017 1704 1198 1733; x_wconf 85' lang='lat' dir='ltr'><strong>concedente.</strong></span> 
     </span>
    </p>
   </div>
   <div class='ocr_carea' id='block_1_94' title="bbox 1052 1753 1809 1791">
    <p class='ocr_par' dir='ltr' id='par_1_94' title="bbox 1052 1753 1809 1791">
     <span class='ocr_line' id='line_1_94' title="bbox 1052 1753 1809 1791; baseline -0.009 -3"><span class='ocrx_word' id='word_1_627' title='bbox 1052 1760 1136 1788; x_wconf 77' lang='lat' dir='ltr'><strong>Vsus.</strong></span> <span class='ocrx_word' id='word_1_628' title='bbox 1150 1759 1192 1786; x_wconf 74' lang='lat'><strong>[8.</strong></span> <span class='ocrx_word' id='word_1_629' title='bbox 1210 1758 1315 1785; x_wconf 72' lang='lat' dir='ltr'><strong>Divitiw</strong></span> <span class='ocrx_word' id='word_1_630' title='bbox 1327 1760 1353 1784; x_wconf 85' lang='lat' dir='ltr'><strong>et</strong></span> <span class='ocrx_word' id='word_1_631' title='bbox 1363 1756 1449 1791; x_wconf 87' lang='lat' dir='ltr'><strong>gloria</strong></span> <span class='ocrx_word' id='word_1_632' title='bbox 1461 1763 1561 1783; x_wconf 77' lang='lat' dir='ltr'><strong>mecum</strong></span> <span class='ocrx_word' id='word_1_633' title='bbox 1578 1759 1650 1786; x_wconf 73' lang='lat' dir='ltr'><strong>sunt,</strong></span> <span class='ocrx_word' id='word_1_634' title='bbox 1664 1763 1724 1789; x_wconf 74' lang='lat' dir='ltr'><strong>opu</strong></span> <span class='ocrx_word' id='word_1_635' title='bbox 1738 1753 1809 1782; x_wconf 86' lang='lat' dir='ltr'><strong>mul—</strong></span> 
     </span>
    </p>
   </div>
   <div class='ocr_carea' id='block_1_95' title="bbox 1019 1801 1810 1840">
    <p class='ocr_par' dir='ltr' id='par_1_95' title="bbox 1019 1801 1810 1840">
     <span class='ocr_line' id='line_1_95' title="bbox 1019 1801 1810 1840; baseline -0.009 -7"><span class='ocrx_word' id='word_1_636' title='bbox 1019 1810 1052 1833; x_wconf 72' lang='grc' dir='ltr'><strong>ιιε</strong></span> <span class='ocrx_word' id='word_1_637' title='bbox 1069 1810 1094 1833; x_wconf 87' lang='lat' dir='ltr'><strong>et</strong></span> <span class='ocrx_word' id='word_1_638' title='bbox 1114 1804 1235 1840; x_wconf 70' lang='lat' dir='ltr'><strong>iustitia.</strong></span> <span class='ocrx_word' id='word_1_639' title='bbox 1252 1804 1282 1830; x_wconf 93' lang='lat' dir='ltr'><strong>In</strong></span> <span class='ocrx_word' id='word_1_640' title='bbox 1298 1801 1530 1838; x_wconf 83' lang='lat' dir='ltr'><strong>promissionibus</strong></span> <span class='ocrx_word' id='word_1_641' title='bbox 1547 1805 1748 1828; x_wconf 85' lang='lat' dir='ltr'><strong>reservatorum</strong></span> <span class='ocrx_word' id='word_1_642' title='bbox 1761 1807 1810 1826; x_wconf 85' lang='lat' dir='ltr'><strong>ve-</strong></span> 
     </span>
    </p>
   </div>
   <div class='ocr_carea' id='block_1_96' title="bbox 1019 1844 1810 1880">
    <p class='ocr_par' dir='ltr' id='par_1_96' title="bbox 1019 1844 1810 1880">
     <span class='ocr_line' id='line_1_96' title="bbox 1019 1844 1810 1880; baseline -0.008 -3"><span class='ocrx_word' id='word_1_643' title='bbox 1019 1858 1065 1877; x_wconf 81' lang='lat' dir='ltr'><strong>rus</strong></span> <span class='ocrx_word' id='word_1_644' title='bbox 1090 1849 1245 1878; x_wconf 80' lang='lat' dir='ltr'><strong>thesaurus,</strong></span> <span class='ocrx_word' id='word_1_645' title='bbox 1271 1852 1298 1874; x_wconf 90' lang='lat' dir='ltr'><strong>et</strong></span> <span class='ocrx_word' id='word_1_646' title='bbox 1327 1845 1542 1880; x_wconf 83' lang='lat' dir='ltr'><strong>incorruptibilis</strong></span> <span class='ocrx_word' id='word_1_647' title='bbox 1579 1845 1675 1880; x_wconf 68' lang='lat' dir='ltr'><strong>gloria,</strong></span> <span class='ocrx_word' id='word_1_648' title='bbox 1705 1844 1732 1872; x_wconf 89' lang='lat' dir='ltr'><strong>id</strong></span> <span class='ocrx_word' id='word_1_649' title='bbox 1755 1849 1810 1876; x_wconf 88' lang='lat' dir='ltr'><strong>est,</strong></span> 
     </span>
    </p>
   </div>
   <div class='ocr_carea' id='block_1_97' title="bbox 1018 1891 1809 1929">
    <p class='ocr_par' dir='ltr' id='par_1_97' title="bbox 1018 1891 1809 1929">
     <span class='ocr_line' id='line_1_97' title="bbox 1018 1891 1809 1929; baseline -0.008 -6"><span class='ocrx_word' id='word_1_650' title='bbox 1018 1896 1090 1923; x_wconf 87' lang='lat' dir='ltr'><strong>bona</strong></span> <span class='ocrx_word' id='word_1_651' title='bbox 1116 1893 1346 1929; x_wconf 86' lang='lat' dir='ltr'><strong>supernaturalia,</strong></span> <span class='ocrx_word' id='word_1_652' title='bbox 1367 1896 1394 1918; x_wconf 86' lang='lat' dir='ltr'><strong>et</strong></span> <span class='ocrx_word' id='word_1_653' title='bbox 1428 1891 1500 1919; x_wconf 87' lang='lat' dir='ltr'><strong>bona</strong></span> <span class='ocrx_word' id='word_1_654' title='bbox 1517 1899 1578 1925; x_wconf 72' lang='lat' dir='ltr'><strong>quae</strong></span> <span class='ocrx_word' id='word_1_655' title='bbox 1592 1891 1743 1919; x_wconf 87' lang='lat' dir='ltr'><strong>secundum</strong></span> <span class='ocrx_word' id='word_1_656' title='bbox 1758 1898 1809 1917; x_wconf 81' lang='lat' dir='ltr'><strong>na-</strong></span> 
     </span>
    </p>
   </div>
   <div class='ocr_carea' id='block_1_98' title="bbox 1018 1937 1809 1974">
    <p class='ocr_par' dir='ltr' id='par_1_98' title="bbox 1018 1937 1809 1974">
     <span class='ocr_line' id='line_1_98' title="bbox 1018 1937 1809 1974; baseline -0.004 -7"><span class='ocrx_word' id='word_1_657' title='bbox 1018 1945 1107 1968; x_wconf 90' lang='lat' dir='ltr'><strong>turam</strong></span> <span class='ocrx_word' id='word_1_658' title='bbox 1125 1943 1152 1967; x_wconf 86' lang='lat' dir='ltr'><strong>et</strong></span> <span class='ocrx_word' id='word_1_659' title='bbox 1168 1947 1218 1974; x_wconf 85' lang='lat' dir='ltr'><strong>pro</strong></span> <span class='ocrx_word' id='word_1_660' title='bbox 1241 1943 1338 1965; x_wconf 87' lang='lat' dir='ltr'><strong>natura</strong></span> <span class='ocrx_word' id='word_1_661' title='bbox 1354 1945 1361 1964; x_wconf 90' lang='lat'><strong>:</strong></span> <span class='ocrx_word' id='word_1_662' title='bbox 1377 1941 1404 1965; x_wconf 88' lang='lat' dir='ltr'><strong>et</strong></span> <span class='ocrx_word' id='word_1_663' title='bbox 1428 1945 1443 1964; x_wconf 83' lang='lat' dir='ltr'><strong>a</strong></span> <span class='ocrx_word' id='word_1_664' title='bbox 1474 1945 1538 1964; x_wconf 79' lang='lat' dir='ltr'><strong>vera</strong></span> <span class='ocrx_word' id='word_1_665' title='bbox 1566 1938 1739 1972; x_wconf 87' lang='lat' dir='ltr'><strong>superiorum</strong></span> <span class='ocrx_word' id='word_1_666' title='bbox 1770 1937 1809 1964; x_wconf 87' lang='lat' dir='ltr'><strong>le-</strong></span> 
     </span>
    </p>
   </div>
   <div class='ocr_carea' id='block_1_99' title="bbox 1018 1981 1810 2019">
    <p class='ocr_par' dir='ltr' id='par_1_99' title="bbox 1018 1981 1810 2019">
     <span class='ocr_line' id='line_1_99' title="bbox 1018 1981 1810 2019; baseline -0.004 -8"><span class='ocrx_word' id='word_1_667' title='bbox 1018 1992 1080 2019; x_wconf 79' lang='lat' dir='ltr'><strong>gum</strong></span> <span class='ocrx_word' id='word_1_668' title='bbox 1102 1983 1228 2014; x_wconf 81' lang='lat' dir='ltr'><strong>scicntia.</strong></span> <span class='ocrx_word' id='word_1_669' title='bbox 1252 1990 1300 2017; x_wconf 88' lang='lat' dir='ltr'><strong>per</strong></span> <span class='ocrx_word' id='word_1_670' title='bbox 1316 1990 1384 2017; x_wconf 85' lang='lat' dir='ltr'><strong>quas</strong></span> <span class='ocrx_word' id='word_1_671' title='bbox 1400 1982 1491 2008; x_wconf 87' lang='lat' dir='ltr'><strong>omnia</strong></span> <span class='ocrx_word' id='word_1_672' title='bbox 1508 1982 1579 2009; x_wconf 81' lang='lat' dir='ltr'><strong>facta</strong></span> <span class='ocrx_word' id='word_1_673' title='bbox 1595 1986 1670 2013; x_wconf 91' lang='lat' dir='ltr'><strong>sunt,</strong></span> <span class='ocrx_word' id='word_1_674' title='bbox 1688 1987 1715 2009; x_wconf 88' lang='lat' dir='ltr'><strong>et</strong></span> <span class='ocrx_word' id='word_1_675' title='bbox 1733 1981 1810 2008; x_wconf 83' lang='lat' dir='ltr'><strong>ﬁrma</strong></span> 
     </span>
    </p>
   </div>
   <div class='ocr_carea' id='block_1_100' title="bbox 1017 2027 1810 2062">
    <p class='ocr_par' dir='ltr' id='par_1_100' title="bbox 1017 2027 1810 2062">
     <span class='ocr_line' id='line_1_100' title="bbox 1017 2027 1810 2062; baseline -0.003 -6"><span class='ocrx_word' id='word_1_676' title='bbox 1017 2033 1178 2061; x_wconf 85' lang='lat' dir='ltr'><strong>remanent;</strong></span> <span class='ocrx_word' id='word_1_677' title='bbox 1205 2033 1232 2055; x_wconf 89' lang='lat' dir='ltr'><strong>et</strong></span> <span class='ocrx_word' id='word_1_678' title='bbox 1257 2033 1359 2055; x_wconf 84' lang='lat' dir='ltr'><strong>rectum</strong></span> <span class='ocrx_word' id='word_1_679' title='bbox 1386 2027 1518 2062; x_wconf 82' lang='lat' dir='ltr'><strong>judicium</strong></span> <span class='ocrx_word' id='word_1_680' title='bbox 1536 2027 1610 2062; x_wconf 88' lang='lat' dir='ltr'><strong>quod</strong></span> <span class='ocrx_word' id='word_1_681' title='bbox 1638 2035 1671 2054; x_wconf 77' lang='lat' dir='ltr'><strong>ex</strong></span> <span class='ocrx_word' id='word_1_682' title='bbox 1697 2027 1751 2054; x_wconf 88' lang='lat' dir='ltr'><strong>illis</strong></span> <span class='ocrx_word' id='word_1_683' title='bbox 1775 2027 1810 2054; x_wconf 77' lang='lat' dir='ltr'><strong>de</strong></span> 
     </span>
    </p>
   </div>
   <div class='ocr_carea' id='block_1_101' title="bbox 1017 2073 1808 2110">
    <p class='ocr_par' dir='ltr' id='par_1_101' title="bbox 1017 2073 1808 2110">
     <span class='ocr_line' id='line_1_101' title="bbox 1017 2073 1808 2110; baseline -0.004 -7"><span class='ocrx_word' id='word_1_684' title='bbox 1017 2075 1211 2110; x_wconf 76' lang='lat' dir='ltr'><strong>cupiditatibus</strong></span> <span class='ocrx_word' id='word_1_685' title='bbox 1229 2083 1260 2101; x_wconf 79' lang='lat' dir='ltr'><strong>ex</strong></span> <span class='ocrx_word' id='word_1_686' title='bbox 1281 2073 1334 2101; x_wconf 73' lang='lat' dir='ltr'><strong>def.</strong></span> <span class='ocrx_word' id='word_1_687' title='bbox 1353 2078 1380 2101; x_wconf 91' lang='lat' dir='ltr'><strong>et</strong></span> <span class='ocrx_word' id='word_1_688' title='bbox 1398 2081 1458 2100; x_wconf 88' lang='lat' dir='ltr'><strong>exc.</strong></span> <span class='ocrx_word' id='word_1_689' title='bbox 1483 2074 1602 2104; x_wconf 86' lang='lat' dir='ltr'><strong>virtutis,</strong></span> <span class='ocrx_word' id='word_1_690' title='bbox 1631 2074 1750 2105; x_wconf 90' lang='lat' dir='ltr'><strong>eruitur,</strong></span> <span class='ocrx_word' id='word_1_691' title='bbox 1781 2074 1808 2100; x_wconf 90' lang='lat' dir='ltr'><strong>in</strong></span> 
     </span>
    </p>
   </div>
   <div class='ocr_carea' id='block_1_102' title="bbox 1018 2119 1810 2155">
    <p class='ocr_par' dir='ltr' id='par_1_102' title="bbox 1018 2119 1810 2155">
     <span class='ocr_line' id='line_1_102' title="bbox 1018 2119 1810 2155; baseline -0.003 -7"><span class='ocrx_word' id='word_1_692' title='bbox 1018 2129 1061 2148; x_wconf 92' lang='lat' dir='ltr'><strong>me</strong></span> <span class='ocrx_word' id='word_1_693' title='bbox 1085 2125 1160 2153; x_wconf 82' lang='lat' dir='ltr'><strong>sunt,</strong></span> <span class='ocrx_word' id='word_1_694' title='bbox 1188 2125 1317 2155; x_wconf 80' lang='lat' dir='ltr'><strong>tanquam</strong></span> <span class='ocrx_word' id='word_1_695' title='bbox 1336 2119 1362 2146; x_wconf 91' lang='lat' dir='ltr'><strong>in</strong></span> <span class='ocrx_word' id='word_1_696' title='bbox 1380 2120 1476 2147; x_wconf 85' lang='lat' dir='ltr'><strong>datore</strong></span> <span class='ocrx_word' id='word_1_697' title='bbox 1492 2119 1626 2146; x_wconf 87' lang='lat' dir='ltr'><strong>bonorqu</strong></span> <span class='ocrx_word' id='word_1_698' title='bbox 1642 2124 1810 2154; x_wconf 82' lang='lat' dir='ltr'><strong>supernatu-</strong></span> 
     </span>
    </p>
   </div>
   <div class='ocr_carea' id='block_1_103' title="bbox 1018 2167 1658 2194">
    <p class='ocr_par' dir='ltr' id='par_1_103' title="bbox 1018 2167 1658 2194">
     <span class='ocr_line' id='line_1_103' title="bbox 1018 2167 1658 2194; baseline -0.003 0"><span class='ocrx_word' id='word_1_699' title='bbox 1018 2167 1127 2194; x_wconf 87' lang='lat' dir='ltr'><strong>ralium.</strong></span> <span class='ocrx_word' id='word_1_700' title='bbox 1656 2171 1658 2173; x_wconf 89' lang='lat'>&#39;</span> 
     </span>
    </p>
   </div>
   <div class='ocr_carea' id='block_1_104' title="bbox 1053 2220 1810 2256">
    <p class='ocr_par' dir='ltr' id='par_1_104' title="bbox 1053 2220 1810 2256">
     <span class='ocr_line' id='line_1_104' title="bbox 1053 2220 1810 2256; baseline -0.004 -7"><span class='ocrx_word' id='word_1_701' title='bbox 1053 2222 1135 2250; x_wconf 74' lang='lat' dir='ltr'><strong>Vsus.</strong></span> <span class='ocrx_word' id='word_1_702' title='bbox 1148 2222 1190 2250; x_wconf 78' lang='lat' dir='ltr'><strong>l9.</strong></span> <span class='ocrx_word' id='word_1_703' title='bbox 1200 2220 1296 2248; x_wconf 71' lang='lat' dir='ltr'><strong>Melius</strong></span> <span class='ocrx_word' id='word_1_704' title='bbox 1311 2229 1352 2248; x_wconf 83' lang='lat' dir='ltr'><strong>me</strong></span> <span class='ocrx_word' id='word_1_705' title='bbox 1362 2222 1476 2256; x_wconf 72' lang='lat' dir='ltr'><strong>fructum</strong></span> <span class='ocrx_word' id='word_1_706' title='bbox 1487 2220 1609 2256; x_wconf 75' lang='lat' dir='ltr'><strong>colligere</strong></span> <span class='ocrx_word' id='word_1_707' title='bbox 1620 2228 1698 2256; x_wconf 83' lang='lat' dir='ltr'><strong>quam</strong></span> <span class='ocrx_word' id='word_1_708' title='bbox 1714 2227 1810 2246; x_wconf 80' lang='lat' dir='ltr'><strong>aurum</strong></span> 
     </span>
    </p>
   </div>
   <div class='ocr_carea' id='block_1_105' title="bbox 1013 2266 1808 2302">
    <p class='ocr_par' dir='ltr' id='par_1_105' title="bbox 1013 2266 1808 2302">
     <span class='ocr_line' id='line_1_105' title="bbox 1013 2266 1808 2302; baseline -0.004 -7"><span class='ocrx_word' id='word_1_709' title='bbox 1013 2273 1038 2296; x_wconf 84' lang='lat' dir='ltr'><strong>et</strong></span> <span class='ocrx_word' id='word_1_710' title='bbox 1052 2268 1164 2302; x_wconf 79' lang='lat' dir='ltr'><strong>lapidem</strong></span> <span class='ocrx_word' id='word_1_711' title='bbox 1184 2267 1328 2302; x_wconf 74' lang='lat' dir='ltr'><strong>pretiosum</strong></span> <span class='ocrx_word' id='word_1_712' title='bbox 1350 2267 1471 2293; x_wconf 85' lang='lat' dir='ltr'><strong>multum.</strong></span> <span class='ocrx_word' id='word_1_713' title='bbox 1485 2266 1581 2294; x_wconf 77' lang='lat' dir='ltr'><strong>Melius</strong></span> <span class='ocrx_word' id='word_1_714' title='bbox 1593 2271 1635 2293; x_wconf 88' lang='lat' dir='ltr'><strong>est</strong></span> <span class='ocrx_word' id='word_1_715' title='bbox 1659 2273 1740 2301; x_wconf 84' lang='lat' dir='ltr'><strong>quant</strong></span> <span class='ocrx_word' id='word_1_716' title='bbox 1758 2273 1808 2293; x_wconf 85' lang='lat' dir='ltr'><strong>au-</strong></span> 
     </span>
    </p>
   </div>
   <div class='ocr_carea' id='block_1_106' title="bbox 1015 2311 1808 2348">
    <p class='ocr_par' dir='ltr' id='par_1_106' title="bbox 1015 2311 1808 2348">
     <span class='ocr_line' id='line_1_106' title="bbox 1015 2311 1808 2348; baseline -0.005 -6"><span class='ocrx_word' id='word_1_717' title='bbox 1015 2322 1086 2346; x_wconf 87' lang='lat' dir='ltr'><strong>rum,</strong></span> <span class='ocrx_word' id='word_1_718' title='bbox 1117 2318 1145 2342; x_wconf 86' lang='lat' dir='ltr'><strong>et</strong></span> <span class='ocrx_word' id='word_1_719' title='bbox 1169 2314 1272 2348; x_wconf 86' lang='lat' dir='ltr'><strong>lapides</strong></span> <span class='ocrx_word' id='word_1_720' title='bbox 1288 2313 1505 2348; x_wconf 87' lang='lat' dir='ltr'><strong>pretiosissimos</strong></span> <span class='ocrx_word' id='word_1_721' title='bbox 1530 2316 1557 2340; x_wconf 86' lang='lat' dir='ltr'><strong>et</strong></span> <span class='ocrx_word' id='word_1_722' title='bbox 1581 2311 1808 2342; x_wconf 86' lang='lat' dir='ltr'><strong>innumerabiles.</strong></span> 
     </span>
    </p>
   </div>
   <div class='ocr_carea' id='block_1_107' title="bbox 1014 2355 1801 2393">
    <p class='ocr_par' dir='ltr' id='par_1_107' title="bbox 1014 2355 1801 2393">
     <span class='ocr_line' id='line_1_107' title="bbox 1014 2355 1801 2393; baseline -0.006 -6"><span class='ocrx_word' id='word_1_723' title='bbox 1014 2355 1041 2387; x_wconf 74' lang='lat' dir='ltr'><strong>in</strong></span> <span class='ocrx_word' id='word_1_724' title='bbox 1060 2359 1162 2386; x_wconf 86' lang='lat' dir='ltr'><strong>mundo</strong></span> <span class='ocrx_word' id='word_1_725' title='bbox 1183 2358 1316 2393; x_wconf 86' lang='lat' dir='ltr'><strong>jucunda,</strong></span> <span class='ocrx_word' id='word_1_726' title='bbox 1349 2365 1391 2385; x_wconf 93' lang='lat' dir='ltr'><strong>me</strong></span> <span class='ocrx_word' id='word_1_727' title='bbox 1427 2356 1640 2384; x_wconf 83' lang='lat' dir='ltr'><strong>immortalitatis</strong></span> <span class='ocrx_word' id='word_1_728' title='bbox 1666 2356 1801 2387; x_wconf 73' lang='lat' dir='ltr'><strong>fructum,</strong></span> 
     </span>
    </p>
   </div>
   <div class='ocr_carea' id='block_1_108' title="bbox 1014 2400 1806 2439">
    <p class='ocr_par' dir='ltr' id='par_1_108' title="bbox 1014 2400 1806 2439">
     <span class='ocr_line' id='line_1_108' title="bbox 1014 2400 1806 2439; baseline -0.005 -7"><span class='ocrx_word' id='word_1_729' title='bbox 1014 2409 1043 2432; x_wconf 91' lang='lat' dir='ltr'><strong>ut</strong></span> <span class='ocrx_word' id='word_1_730' title='bbox 1053 2405 1079 2432; x_wconf 90' lang='lat' dir='ltr'><strong>in</strong></span> <span class='ocrx_word' id='word_1_731' title='bbox 1094 2403 1220 2439; x_wconf 79' lang='lat' dir='ltr'><strong>paradiso</strong></span> <span class='ocrx_word' id='word_1_732' title='bbox 1229 2410 1261 2431; x_wconf 81' lang='lat' dir='ltr'><strong>ex</strong></span> <span class='ocrx_word' id='word_1_733' title='bbox 1275 2406 1332 2430; x_wconf 86' lang='lat' dir='ltr'><strong>toto</strong></span> <span class='ocrx_word' id='word_1_734' title='bbox 1346 2401 1448 2430; x_wconf 90' lang='lat' dir='ltr'><strong>mundo</strong></span> <span class='ocrx_word' id='word_1_735' title='bbox 1461 2402 1606 2436; x_wconf 77' lang='lat' dir='ltr'><strong>colligere;</strong></span> <span class='ocrx_word' id='word_1_736' title='bbox 1623 2409 1655 2429; x_wconf 84' lang='lat' dir='ltr'><strong>ex</strong></span> <span class='ocrx_word' id='word_1_737' title='bbox 1675 2400 1806 2429; x_wconf 81' lang='lat' dir='ltr'><strong>omnibus</strong></span> 
     </span>
    </p>
   </div>
   <div class='ocr_carea' id='block_1_109' title="bbox 1014 2447 1808 2485">
    <p class='ocr_par' dir='ltr' id='par_1_109' title="bbox 1014 2447 1808 2485">
     <span class='ocr_line' id='line_1_109' title="bbox 1014 2447 1808 2485; baseline -0.006 -7"><span class='ocrx_word' id='word_1_738' title='bbox 1014 2450 1157 2485; x_wconf 85' lang='lat' dir='ltr'><strong>capiendo,</strong></span> <span class='ocrx_word' id='word_1_739' title='bbox 1175 2457 1224 2485; x_wconf 86' lang='lat' dir='ltr'><strong>pro</strong></span> <span class='ocrx_word' id='word_1_740' title='bbox 1242 2449 1350 2476; x_wconf 92' lang='lat' dir='ltr'><strong>illorum</strong></span> <span class='ocrx_word' id='word_1_741' title='bbox 1380 2449 1408 2475; x_wconf 90' lang='lat' dir='ltr'><strong>in</strong></span> <span class='ocrx_word' id='word_1_742' title='bbox 1433 2448 1533 2483; x_wconf 85' lang='lat' dir='ltr'><strong>spiritu</strong></span> <span class='ocrx_word' id='word_1_743' title='bbox 1549 2447 1668 2474; x_wconf 82' lang='lat' dir='ltr'><strong>naturali</strong></span> <span class='ocrx_word' id='word_1_744' title='bbox 1693 2447 1808 2474; x_wconf 79' lang='lat' dir='ltr'><strong>medita-</strong></span> 
     </span>
    </p>
   </div>
   <div class='ocr_carea' id='block_1_110' title="bbox 1015 2493 1807 2531">
    <p class='ocr_par' dir='ltr' id='par_1_110' title="bbox 1015 2493 1807 2531">
     <span class='ocr_line' id='line_1_110' title="bbox 1015 2493 1807 2531; baseline -0.008 -7"><span class='ocrx_word' id='word_1_745' title='bbox 1015 2496 1098 2528; x_wconf 85' lang='lat' dir='ltr'><strong>tione,</strong></span> <span class='ocrx_word' id='word_1_746' title='bbox 1115 2496 1193 2531; x_wconf 81' lang='lat' dir='ltr'><strong>quasi</strong></span> <span class='ocrx_word' id='word_1_747' title='bbox 1207 2503 1288 2530; x_wconf 84' lang='lat' dir='ltr'><strong>super</strong></span> <span class='ocrx_word' id='word_1_748' title='bbox 1307 2494 1400 2522; x_wconf 89' lang='lat' dir='ltr'><strong>omnia</strong></span> <span class='ocrx_word' id='word_1_749' title='bbox 1415 2501 1464 2529; x_wconf 85' lang='lat' dir='ltr'><strong>per</strong></span> <span class='ocrx_word' id='word_1_750' title='bbox 1475 2493 1622 2520; x_wconf 87' lang='lat' dir='ltr'><strong>essentiam</strong></span> <span class='ocrx_word' id='word_1_751' title='bbox 1647 2493 1807 2520; x_wconf 85' lang='lat' dir='ltr'><strong>subsistam.</strong></span> 
     </span>
    </p>
   </div>
   <div class='ocr_carea' id='block_1_111' title="bbox 1051 2595 1809 2633">
    <p class='ocr_par' dir='ltr' id='par_1_111' title="bbox 1051 2595 1809 2633">
     <span class='ocr_line' id='line_1_111' title="bbox 1051 2595 1809 2633; baseline -0.005 -8"><span class='ocrx_word' id='word_1_752' title='bbox 1051 2598 1086 2625; x_wconf 90' lang='lat' dir='ltr'><strong>Et</strong></span> <span class='ocrx_word' id='word_1_753' title='bbox 1100 2598 1233 2633; x_wconf 84' lang='lat' dir='ltr'><strong>genimina</strong></span> <span class='ocrx_word' id='word_1_754' title='bbox 1248 2605 1306 2624; x_wconf 78' lang='lat' dir='ltr'><strong>mea</strong></span> <span class='ocrx_word' id='word_1_755' title='bbox 1323 2604 1402 2632; x_wconf 74' lang='lat' dir='ltr'><strong>super</strong></span> <span class='ocrx_word' id='word_1_756' title='bbox 1423 2600 1558 2631; x_wconf 84' lang='lat' dir='ltr'><strong>argentum</strong></span> <span class='ocrx_word' id='word_1_757' title='bbox 1574 2595 1694 2623; x_wconf 77' lang='lat' dir='ltr'><strong>electum.</strong></span> <span class='ocrx_word' id='word_1_758' title='bbox 1710 2595 1743 2622; x_wconf 87' lang='lat' dir='ltr'><strong>Et</strong></span> <span class='ocrx_word' id='word_1_759' title='bbox 1762 2603 1809 2622; x_wconf 85' lang='lat' dir='ltr'><strong>vo-</strong></span> 
     </span>
    </p>
   </div>
   <div class='ocr_carea' id='block_1_112' title="bbox 1016 2642 1807 2678">
    <p class='ocr_par' dir='ltr' id='par_1_112' title="bbox 1016 2642 1807 2678">
     <span class='ocr_line' id='line_1_112' title="bbox 1016 2642 1807 2678; baseline -0.003 -8"><span class='ocrx_word' id='word_1_760' title='bbox 1016 2644 1134 2671; x_wconf 81' lang='lat' dir='ltr'><strong>luntates</strong></span> <span class='ocrx_word' id='word_1_761' title='bbox 1160 2651 1236 2675; x_wconf 68' lang='lat' dir='ltr'><strong>meae,</strong></span> <span class='ocrx_word' id='word_1_762' title='bbox 1252 2643 1353 2678; x_wconf 88' lang='lat' dir='ltr'><strong>quibus</strong></span> <span class='ocrx_word' id='word_1_763' title='bbox 1368 2649 1416 2677; x_wconf 91' lang='lat' dir='ltr'><strong>per</strong></span> <span class='ocrx_word' id='word_1_764' title='bbox 1433 2642 1536 2675; x_wconf 87' lang='lat' dir='ltr'><strong>omnia,</strong></span> <span class='ocrx_word' id='word_1_765' title='bbox 1561 2642 1689 2669; x_wconf 92' lang='lat' dir='ltr'><strong>omnibus</strong></span> <span class='ocrx_word' id='word_1_766' title='bbox 1715 2642 1807 2668; x_wconf 86' lang='lat' dir='ltr'><strong>omnia</strong></span> 
     </span>
    </p>
   </div>
   <div class='ocr_carea' id='block_1_113' title="bbox 1017 2687 1807 2723">
    <p class='ocr_par' dir='ltr' id='par_1_113' title="bbox 1017 2687 1807 2723">
     <span class='ocr_line' id='line_1_113' title="bbox 1017 2687 1807 2723; baseline -0.004 -7"><span class='ocrx_word' id='word_1_767' title='bbox 1017 2690 1104 2716; x_wconf 81' lang='lat' dir='ltr'><strong>factus</strong></span> <span class='ocrx_word' id='word_1_768' title='bbox 1118 2697 1177 2716; x_wconf 91' lang='lat' dir='ltr'><strong>sum</strong></span> <span class='ocrx_word' id='word_1_769' title='bbox 1194 2689 1305 2721; x_wconf 77' lang='lat' dir='ltr'><strong>virtute,</strong></span> <span class='ocrx_word' id='word_1_770' title='bbox 1321 2689 1449 2716; x_wconf 89' lang='lat' dir='ltr'><strong>meliores</strong></span> <span class='ocrx_word' id='word_1_771' title='bbox 1465 2691 1531 2716; x_wconf 90' lang='lat' dir='ltr'><strong>sunt</strong></span> <span class='ocrx_word' id='word_1_772' title='bbox 1548 2694 1663 2723; x_wconf 78' lang='lat' dir='ltr'><strong>argento</strong></span> <span class='ocrx_word' id='word_1_773' title='bbox 1682 2687 1807 2723; x_wconf 86' lang='lat' dir='ltr'><strong>probato,</strong></span> 
     </span>
    </p>
   </div>
   <div class='ocr_carea' id='block_1_114' title="bbox 1017 2731 1807 2769">
    <p class='ocr_par' dir='ltr' id='par_1_114' title="bbox 1017 2731 1807 2769">
     <span class='ocr_line' id='line_1_114' title="bbox 1017 2731 1807 2769; baseline -0.004 -8"><span class='ocrx_word' id='word_1_774' title='bbox 1017 2742 1079 2762; x_wconf 90' lang='lat' dir='ltr'><strong>cum</strong></span> <span class='ocrx_word' id='word_1_775' title='bbox 1101 2735 1160 2762; x_wconf 80' lang='lat' dir='ltr'><strong>illas</strong></span> <span class='ocrx_word' id='word_1_776' title='bbox 1178 2737 1336 2769; x_wconf 86' lang='lat' dir='ltr'><strong>sequentes,</strong></span> <span class='ocrx_word' id='word_1_777' title='bbox 1351 2736 1465 2769; x_wconf 77' lang='lat' dir='ltr'><strong>argento</strong></span> <span class='ocrx_word' id='word_1_778' title='bbox 1481 2732 1606 2767; x_wconf 87' lang='lat' dir='ltr'><strong>puriores</strong></span> <span class='ocrx_word' id='word_1_779' title='bbox 1618 2735 1645 2759; x_wconf 89' lang='lat' dir='ltr'><strong>et</strong></span> <span class='ocrx_word' id='word_1_780' title='bbox 1661 2731 1807 2767; x_wconf 76' lang='lat' dir='ltr'><strong>fulgentio-</strong></span> 
     </span>
    </p>
   </div>
   <div class='ocr_carea' id='block_1_115' title="bbox 1017 2780 1202 2808">
    <p class='ocr_par' dir='ltr' id='par_1_115' title="bbox 1017 2780 1202 2808">
     <span class='ocr_line' id='line_1_115' title="bbox 1017 2780 1202 2808; baseline -0.011 0"><span class='ocrx_word' id='word_1_781' title='bbox 1017 2788 1062 2808; x_wconf 73' lang='lat' dir='ltr'><strong>res</strong></span> <span class='ocrx_word' id='word_1_782' title='bbox 1078 2780 1202 2808; x_wconf 80' lang='lat' dir='ltr'><strong>reddant.</strong></span> 
     </span>
    </p>
   </div>
   <div class='ocr_carea' id='block_1_116' title="bbox 1055 2880 1805 2917">
    <p class='ocr_par' dir='ltr' id='par_1_116' title="bbox 1055 2880 1805 2917">
     <span class='ocr_line' id='line_1_116' title="bbox 1055 2880 1805 2917; baseline -0.001 -8"><span class='ocrx_word' id='word_1_783' title='bbox 1055 2881 1134 2911; x_wconf 78' lang='lat' dir='ltr'><strong>Vsus.</strong></span> <span class='ocrx_word' id='word_1_784' title='bbox 1155 2881 1200 2911; x_wconf 74' lang='lat'><strong>20.</strong></span> <span class='ocrx_word' id='word_1_785' title='bbox 1215 2881 1247 2910; x_wconf 84' lang='lat' dir='ltr'><strong><em>In</em></strong></span> <span class='ocrx_word' id='word_1_786' title='bbox 1263 2883 1309 2910; x_wconf 75' lang='lat' dir='ltr'><strong>viis</strong></span> <span class='ocrx_word' id='word_1_787' title='bbox 1325 2883 1442 2917; x_wconf 79' lang='lat' dir='ltr'><strong>justit&#39;a:</strong></span> <span class='ocrx_word' id='word_1_788' title='bbox 1456 2881 1571 2909; x_wconf 86' lang='lat' dir='ltr'><strong>ambulo.</strong></span> <span class='ocrx_word' id='word_1_789' title='bbox 1589 2880 1652 2909; x_wconf 59' lang='lat' dir='ltr'><strong>Haec</strong></span> <span class='ocrx_word' id='word_1_790' title='bbox 1665 2881 1727 2914; x_wconf 84' lang='lat' dir='ltr'><strong>illis,</strong></span> <span class='ocrx_word' id='word_1_791' title='bbox 1746 2885 1805 2908; x_wconf 89' lang='lat' dir='ltr'><strong>tau-</strong></span> 
     </span>
    </p>
   </div>
  </div>
