2079 3161
300 174 368 206 1295

955 174 1131 205 PROCOPII
1150 175 1272 206 GAZ/EI

1849 173 1913 205 1296

295 238 376 266 quam
391 229 449 256 Vlﬂa
465 229 495 255 ad
511 230 592 255 vitam
609 228 873 263 irrepreliensibilem
887 229 1085 263 conducentes.

1144 227 1183 258 id
1196 240 1273 263 τινας
1287 231 1363 263 ὁδοὺς
1377 231 1416 263 είς
1428 231 1477 267 τὴν
1492 230 1640 266 ἄμεμπτον
1654 230 1754 265 ἄγοντα
1776 230 1916 263 πολιτείαν,

295 277 482 305 doctrinaliter
494 275 622 303 ostendo.

331 321 366 348 Et
381 323 408 348 in
430 321 516 348 medio
535 322 691 349 semitarum
715 321 914 355 iustiﬁcationis
932 327 983 349 sto.
1010 320 1044 348 Et
1058 321 1086 348 in

297 367 387 394 medio
410 374 517 400 eorum,
544 367 590 401 qui
619 367 686 394 mihi
718 366 823 394 veritati
855 366 1031 399 inhaerentes,
1060 370 1088 393 et

297 414 398 440 bonum
424 413 581 441 hominibus
595 413 721 448 placendi
737 412 876 440 desiderio
890 420 942 439 non
958 413 1089 439 simulan-

297 464 349 492 tes.
361 467 455 487 earnm
481 460 652 487 voluntatum
668 458 764 486 modos
777 463 899 488 servant.
914 458 1021 493 vigilias
1037 466 1088 493 ago

298 505 430 533 adversus
457 506 624 540 cupiditates
643 512 704 539 quas
728 512 761 531 ex
790 504 895 531 delectu
923 507 950 530 et
973 511 1087 531 excessu

298 551 408 578 virtutis
420 551 556 578 oriuntur.

334 595 473 624 Vsus.2l.
492 595 526 622 Ut
539 594 656 622 dividam
670 602 710 622 me
723 593 891 629 diligentibus
905 593 983 620 bona.
1001 592 1035 620 Ut
1047 593 1089 619 ιΙίο

299 641 392 669 vidam
412 649 455 669 me
475 641 644 673 amantibus,
673 640 825 668 secundum
858 642 962 674 partem
989 638 1089 673 cuique

299 687 536 724 proportionatam
554 686 687 721 gratuitas
714 684 826 712 divitias
845 685 1026 713 dciticationis
1041 691 1090 720 per

300 732 426 768 gratiam.

338 777 373 803 Et
388 777 496 804 illorum
512 778 649 804 thesauros
669 776 793 810 impleam
808 775 892 802 bonis.
915 774 947 801 Et
960 774 1023 802 inde
1039 774 1089 801 im-

301 823 381 858 plebo
397 831 491 850 eorum
511 823 711 850 intellectuales
740 826 766 850 et
793 821 1022 856 concupiscibiles
1046 829 1092 856 po-

301 870 413 902 tentias,
429 871 530 905 quibus
546 870 673 898 virtutem
689 874 716 898 et
733 870 873 897 scientiam
903 869 929 896 in
952 868 1008 896 vita
1032 868 1091 896 the-

302 916 477 942 saurizarunt
488 915 630 950 promissis
642 923 657 942 a
669 923 712 943 me
723 916 814 946 bonis,
829 915 866 942 ita
876 920 903 941 ut
914 914 1091 950 experiantur
1107 903 1127 931 Β

301 965 331 988 et
344 960 453 988 videant
469 968 557 988 meum
574 961 758 996 splendorem,
773 966 800 989 et
821 961 948 988 fruantur
973 960 1001 987 in
1030 967 1094 987 con-

302 1006 423 1042 platiune
437 1007 531 1042 gloriae
546 1015 622 1035 meae.

333 1093 366 1121 Si
390 1095 463 1123 vobis
480 1096 572 1122 nuntio
586 1095 728 1123 secundum
739 1095 808 1122 diem
829 1095 913 1130 facta,
930 1103 1032 1123 memor
1048 1103 1093 1123 ero

304 1148 321 1167 a
340 1140 438 1168 ramulo
453 1145 661 1169 numeraturum.
673 1141 702 1168 Si
720 1141 798 1169 vobis
813 1146 1003 1170 monstravero
1022 1150 1036 1168 a
1051 1149 1094 1169 me

304 1192 355 1218 pro
370 1186 460 1213 salute
472 1186 613 1214 hominum
639 1187 711 1214 facta
738 1195 785 1222 per
803 1187 943 1215 carnalem
964 1188 1094 1214 nativita-

305 1235 360 1258 tem
380 1231 446 1262 tnei.
461 1231 581 1266 iustitia:
593 1233 671 1265 solis,
687 1241 747 1260 mea
765 1233 894 1269 mysteria
918 1235 952 1261 ab
976 1238 1092 1264 aeterno.

305 1276 447 1304 voluntate
471 1277 563 1305 Patris
590 1278 642 1306 mei
665 1279 845 1315 exsistentia,
870 1278 1016 1307 ostemlere
1040 1287 1094 1306 me-

263 1325 273 1337 ‘
305 1329 366 1349 mor
379 1329 438 1349 ero.

339 1412 421 1440 Vsus.
442 1413 487 1441 2‘2.
506 1413 636 1441 Dominus
649 1423 689 1441 me
704 1415 801 1442 creavit
812 1415 972 1450 principium
989 1416 1092 1443 viarum

305 1465 427 1491 suarum.
441 1459 468 1486 in
484 1467 563 1493 opera
579 1460 647 1494 ejus.
671 1460 748 1488 Scito
762 1469 829 1496 ergo
845 1462 910 1496 quia
929 1461 1003 1488 Patri
1020 1469 1090 1493 meo.

305 1505 429 1531 omnium
452 1504 569 1532 Domino
592 1505 697 1540 placuit
723 1513 766 1533 me
783 1506 938 1533 increatnm
962 1511 1089 1533 creatum

305 1548 365 1578 ﬁeri
383 1558 490 1578 carne:
514 1555 543 1578 ut
565 1551 611 1586 qui
638 1551 672 1578 ad
698 1551 771 1579 illam
803 1559 850 1587 per
876 1552 1004 1579 mandata
1030 1551 1091 1587 ejus

305 1597 484 1625 adambulare
499 1597 606 1626 volunt.
625 1604 668 1623 me
686 1601 715 1623 ut
728 1604 821 1624 eorum
833 1597 931 1626 salutis
939 1601 1093 1629 auctorem,

304 1648 332 1671 et
349 1644 467 1678 primum
477 1643 629 1670 secundum
646 1643 690 1670 illa
702 1643 783 1670 modo
811 1643 970 1671 hominibus
995 1651 1094 1671 conve-

306 1690 399 1717 niente
418 1690 617 1720 ambulantem.
637 1694 801 1725 sequantur.
825 1694 909 1723 etut,
935 1698 978 1718 me
1001 1698 1096 1718 exem-

305 1735 382 1769 plum
409 1735 436 1762 in
457 1735 586 1770 operibus
611 1735 716 1763 divinis
740 1734 856 1769 justitia:
883 1735 1030 1768 faciendis,
1060 1736 1094 1764 ad

306 1780 471 1809 imitandum
488 1780 605 1808 habeant
619 1788 626 1814 ;
648 1783 676 1807 et
692 1780 733 1808 sic
746 1787 790 1807 me
805 1780 913 1808 creavit
928 1780 1093 1810 increatum.

343 1868 428 1895 Vsus.
451 1868 497 1896 ‘25.
527 1869 566 1895 Ab
593 1873 691 1895 «τιονηο
717 1869 838 1904 fundavit
863 1877 914 1897 me.
950 1870 991 1898 Ab
1019 1870 1094 1898 omni

308 1915 460 1942 aeternitate
474 1915 568 1942 habuit
584 1915 718 1949 optimum
735 1922 801 1942 meae,
817 1915 1018 1943 lncarnationis
1029 1925 1096 1944 con-

307 1961 410 1991 silium.
426 1965 455 1988 ut
474 1966 603 1995 tanquam
620 1961 694 1989 illius
714 1968 770 1996 prae
793 1961 974 1989 constitutum
998 1962 1096 1991 funda-

307 2010 440 2033 mentum.

347 2051 428 2079 Vens.
445 2052 490 2084 24,
506 2051 552 2078 25.
574 2052 596 2078 Α
623 2052 764 2087 principio,
789 2057 930 2088 antequam
952 2059 1022 2081 terra
1049 2055 1096 2089 ﬁe-

307 2103 356 2130 ret,
374 2102 398 2125 et
414 2097 513 2133 abyssi,
529 2102 553 2124 et
569 2103 733 2132 erumperent
759 2098 844 2133 fontes
861 2108 1000 2134 aquarum,
1020 2105 1094 2127 ante-

307 2152 387 2180 quam
411 2149 510 2170 montes
527 2144 720 2171 stabilirentur.
746 2145 765 2171 Α
781 2146 927 2182 principio.
949 2151 1094 2181 antequam

308 2194 408 2217 terrain
420 2189 766 2225 produceret.etaquarum
776 2191 902 2226 abyssos.
910 2197 936 2219 et
947 2197 1095 2228 antequam

1138 276 1337 309 διδασκαλικῶς
1349 277 1536 312 διεξέρχομαι.

1173 324 1229 350 Καὶ
1252 323 1310 350 ἀνὰ
1330 323 1430 358 μέσον
1450 323 1557 356 τρίϐων
1575 321 1770 356 δικαιώματος
1781 322 1920 356 ἀναστρέ-

1138 377 1239 403 φομαι.
1257 369 1312 395 Καὶ
1333 368 1415 404 μέςον
1439 367 1493 394 τῶν
1511 367 1578 402 ἐμοῦ
1599 367 1649 402 τῆς
1664 366 1794 402 ἀληθείας
1810 366 1921 402 ἐξηρτη-

1140 414 1240 448 μένων,
1257 414 1303 440 καὶ
1318 413 1355 448 μὴ
1372 413 1407 440 δι’
1423 412 1687 449 ἀνθρωπαρεσκείας
1704 412 1922 446 ὑποκρινομένων

1137 460 1168 486 τὸ
1191 459 1304 492 ἀγαθὴν,
1322 457 1473 492 ποιητικῶν
1495 458 1599 484 τούτων
1617 457 1672 483 τῶν
1692 457 1851 493 θελημάτων
1875 466 1922 492 μου

1138 505 1257 540 τρόπων,
1274 504 1415 540 περιπολῶ
1427 504 1482 531 τῶν
1495 504 1555 530 κατ’
1570 503 1688 538 ἔλλειψιν
1702 503 1750 538 τῆς
1764 504 1863 539 ἀρετῆς
1880 503 1924 530 καὶ

1139 550 1292 586 ὑπερϐολὴν
1306 550 1434 577 ἁπάντων
1447 549 1552 576 παθῶν.

1174 599 1227 623 na’.
1244 597 1312 623 Ἵνα
1323 596 1438 631 μερίσω
1461 595 1524 628 τοῖς
1546 594 1599 629 ἐμὲ
1612 594 1769 629 ἀγαπῶσιν
1786 594 1924 628 ὓπαρξιν.

1140 640 1235 672 Ὅπως
1250 640 1383 675 διανείμω
1398 641 1454 671 τοῖς
1476 640 1527 675 ἐμὲ
1551 639 1675 669 ποθοῦσι,
1699 639 1768 666 κατὰ
1785 639 1816 665 τὸ
1831 640 1925 674 μέλλον

1139 687 1280 720 ἀναλόγως
1300 686 1419 722 ἑκάστῳ,
1437 686 1483 713 τὸν
1499 686 1638 713 ἀδάπανον
1663 685 1778 712 πλοῦτον
1794 687 1842 720 τῆς
1857 685 1926 712 κατὰ

1140 732 1221 768 χάριν
1236 731 1371 763 θεὼσεως.

1175 778 1229 804 Καὶ
1242 777 1314 810 τοὺς
1331 776 1503 811 θησαυροὺς
1520 776 1620 804 αὐτῶν
1637 777 1784 811 ἐμπλήσω
1799 775 1926 811 ἀγαθῶν.

1139 823 1296 851 Κάντεῦθεν
1312 824 1450 859 πληρώσω
1465 823 1515 854 τὰς
1527 823 1700 858 θεωρητικὰς
1722 823 1769 849 καὶ
1785 823 1927 857 όρεκτικὰς

1141 870 1285 904 δυνάμεις,
1299 867 1344 902 αἷς
1363 869 1413 904 τὴν
1429 869 1531 905 ἀρετὴν
1554 870 1601 896 καὶ
1618 869 1667 904 τὴν
1693 869 1794 903 γνῶσιν
1817 869 1847 894 ὲν
1873 868 1926 903 ζωῇ

1141 916 1232 942 αὐτῶν
1246 915 1480 950 ἀπεθησαύρισαν,
1498 915 1553 942 τῶν
1567 916 1596 942 ἐν
1609 915 1786 949 ἐπαγγελίαις
1800 922 1850 949 μου
1863 914 1928 947 ἀγα-

1143 961 1208 995 θῶν,
1227 961 1299 989 κατά
1324 961 1355 988 τὸ
1375 961 1472 988 παθεῖν
1496 960 1628 997 [ποθείνῖ]
1649 961 1697 987 καὶ
1719 960 1783 987 ίδείν
1798 959 1849 995 τὴν
1863 959 1928 994 ἐμὴν

1142 1007 1336 1042 λαμπρότητα,
1352 1005 1399 1033 καὶ
1421 1005 1606 1042 χορτασθῆναι
1624 1007 1652 1032 ὲν
1677 1005 1716 1042 τῷ
1737 1005 1853 1040 δοθῆναι
1869 1003 1929 1030 τού-

1141 1062 1200 1085 τοις
1218 1053 1268 1088 τὴν
1279 1053 1358 1085 δόξαν
1375 1061 1438 1088 μου.

1184 1099 1256 1127 Ἐὰν
1267 1099 1436 1134 ἀναγγειλω
1446 1098 1516 1133 ὑμῖν
1526 1098 1563 1126 τὰ
1575 1097 1639 1125 καθ’
1651 1097 1765 1132 ἡμέραν
1779 1097 1929 1132 γινόμενα.

1140 1145 1341 1180 μνημονεύσω
1352 1145 1388 1171 τὰ
1403 1144 1438 1177 ἐξ
1445 1144 1553 1177 αἰῶνος
1563 1144 1776 1178 ἀριθμηθέντα.
1798 1144 1876 1170 Ἐπεὶ
1886 1144 1930 1169 ἐὰν

1142 1191 1241 1224 διδάξω
1262 1191 1334 1226 ὑμᾶς
1356 1191 1391 1217 τὰ.
1413 1190 1484 1217 κατὰ
1510 1191 1561 1225 τὴν
1584 1191 1613 1217 ὲν
1636 1191 1719 1226 σαρκὶ
1732 1189 1866 1225 ἀνατολήν
1882 1197 1929 1224 μου

1141 1237 1193 1273 τῆς
1207 1237 1382 1271 δικαιοσύνης
1399 1236 1502 1268 Ἠλίου,
1514 1236 1561 1262 ἐπὶ
1575 1237 1697 1272 σωτηρίᾳ
1713 1236 1768 1262 τῶν
1781 1235 1930 1270 ἀνθρώπων

1141 1282 1304 1318 τελούμενα,
1331 1283 1482 1318 ἀναμνήσω
1505 1282 1552 1309 τοῦ
1581 1282 1728 1314 διεξελθεῖν
1746 1281 1781 1308 τὰ
1811 1281 1886 1316 παρὰ
1899 1281 1929 1314 τῇ

1141 1328 1190 1356 τοῦ
1206 1327 1313 1364 Πατρός
1335 1336 1386 1363 μου
1407 1326 1488 1363 βουλῇ
1504 1327 1597 1358 ἀῑδίως
1613 1326 1769 1362 ὑπάρχοντα
1787 1325 1855 1359 περὶ
1868 1322 1930 1359 ἐμοῦ

1144 1375 1294 1410 μυστήρια.

1178 1420 1231 1455 κβ’.
1250 1420 1358 1453 Κύριος
1384 1418 1487 1446 ἔκτισέ
1500 1427 1540 1453 με
1562 1417 1662 1453 ἀρχὴν
1676 1417 1755 1445 ὁδῶν
1771 1417 1877 1449 αὑτοῦ,
1891 1416 1931 1448 εἰς

1142 1465 1214 1501 ἔργα
1228 1465 1332 1493 αὐτοῦ.
1347 1465 1467 1491 Γίνωσκε
1482 1465 1572 1491 τοίνυν
1590 1465 1632 1491 ὅτι
1644 1465 1658 1490 ὁ
1669 1464 1734 1498 ὲμὺς
1756 1463 1854 1498 Πατὴρ
1866 1482 1874 1494 ,
1888 1461 1931 1488 καὶ

1142 1512 1199 1539 τῶν
1228 1512 1297 1539 ὅλων
1313 1510 1454 1545 Δεσπότης
1477 1510 1555 1542 Θεδς,
1578 1510 1707 1544 εὐδόκησε
1729 1509 1842 1536 κτιστὺν
1855 1506 1930 1542 σαρκί

1145 1566 1178 1592 με
1193 1556 1322 1592 γενέσθαι
1335 1556 1381 1583 τὸν
1402 1556 1531 1583 ἄκτιστον
1542 1564 1550 1572 ’
1566 1556 1604 1587 ὡς
1619 1555 1652 1582 ἂν
1670 1555 1694 1582 οἱ
1707 1555 1775 1590 πρὸς
1796 1554 1880 1581 αὐτὸν
1891 1553 1930 1579 διὰ

1143 1602 1199 1629 τῶν
1212 1601 1296 1629 αὑτοῦ
1311 1601 1425 1628 ἐντολῶν
1441 1600 1544 1627 ὁδεύειν
1561 1600 1734 1636 βουλόμενοι,
1746 1600 1812 1634 ἐμοὶ
1837 1597 1930 1633 οἷάπερ

1144 1648 1259 1684 ἁρχηγῷ
1269 1648 1319 1682 τῆς
1330 1647 1468 1683 σωτηρίας
1476 1647 1566 1673 αὐτῶν
1577 1646 1708 1678 ἕπωνται,
1724 1645 1826 1681 πρώτῳ
1836 1645 1930 1674 ταύτα;

1146 1692 1391 1729 ἀνθρωποπρεπῶς
1408 1691 1528 1718 ὁδεύοντι
1542 1699 1549 1707 ·
1565 1691 1613 1717 καὶ
1634 1689 1717 1726 ἔχωσί
1736 1698 1769 1725 με
1789 1690 1931 1723 ὑπογραμ-

1147 1740 1197 1775 μὸν
1208 1739 1248 1771 είς
1267 1739 1298 1765 τὸ
1320 1737 1393 1765 κατὰ
1420 1737 1536 1773 μίμησιν
1560 1736 1629 1772 ἐμὴν
1649 1735 1683 1762 τὰ
1698 1735 1757 1762 θεῖα
1769 1735 1821 1770 τῆς
1835 1735 1931 1761 δικαιο-

1147 1785 1230 1822 σύνης
1254 1785 1322 1821 ἔργα
1349 1784 1515 1820 ἐργάξεσθαι
1529 1790 1536 1798 ·
1553 1783 1600 1810 καὶ
1621 1782 1693 1809 οὕτω
1717 1783 1768 1817 μὶν
1791 1779 1884 1808 ἐκτισὲ
1901 1787 1930 1814 με

1145 1830 1192 1858 τὸν
1207 1831 1345 1857 ἄκτιστον.

1180 1878 1234 1909 κγ’.
1248 1873 1310 1909 Πρὸ
1335 1873 1388 1900 τοῦ
1418 1873 1528 1905 αἰῶνος
1554 1871 1734 1908 ὲθεμελίωσέ
1755 1880 1807 1906 με.
1836 1871 1888 1907 Πρὸ
1903 1869 1929 1895 δὲ

1145 1921 1247 1953 παντὸς
1269 1919 1368 1951 αιῶνος
1394 1916 1452 1954 εἶχε
1477 1919 1527 1953 τὴν
1541 1918 1668 1953 περὶτῆς
1684 1918 1821 1953 ὲνσάρκου
1837 1917 1931 1943 οἰκονο-

1147 1968 1212 2004 μίας
1239 1975 1290 2002 μου
1310 1964 1486 2001 ὐπεράγαθον
1513 1964 1623 2000 βουλὴν,
1638 1964 1676 1996 ὥς
1702 1972 1765 1990 τινα
1790 1965 1932 1999 προϋποτε-

1146 2013 1272 2048 θειμένον
1290 2010 1394 2046 ταύτης
1411 2010 1547 2046 θεμέλιον.

1184 2057 1234 2091 κδ’,
1250 2061 1300 2085 κε’.
1324 2057 1375 2084 Ἐν
1397 2055 1489 2090 ἀρχῇ.
1507 2055 1563 2090 πρὸ
1581 2055 1634 2082 τοῦ
1652 2054 1710 2088 τὴν
1721 2054 1780 2089 γῆν
1802 2053 1930 2086 ποιῆσαι.

1146 2105 1197 2132 καί
1221 2103 1278 2137 πρὸ
1305 2102 1358 2130 τοῦ
1381 2103 1435 2135 τὰς
1455 2102 1613 2134 ἀϐύσσους
1634 2101 1775 2134 ποιῆσαι·
1793 2100 1851 2134 πρὸ
1883 2098 1932 2125 τοῦ

1146 2149 1306 2184 προελθεῖν
1322 2149 1376 2180 τὰς
1390 2148 1490 2182 πηγὰς
1507 2146 1568 2173 τῶν
1584 2146 1717 2174 ὑδάτων·
1732 2146 1789 2180 πρὸ
1816 2145 1869 2172 τοῦ
1883 2145 1931 2178 ὄρη

1147 2194 1341 2229 ἑδρασθῆναι.
1367 2193 1435 2220 Κατ’
1449 2193 1537 2229 ἀρχὰς
1556 2192 1621 2228 πρὶν
1638 2192 1654 2227 ἦ
1668 2191 1718 2227 τὴν
1733 2191 1787 2226 γῆν
1810 2198 1933 2226 παραγαο

308 2235 424 2264 salirent
448 2242 543 2263 earum
561 2234 662 2270 fontes,
677 2239 705 2264 et
719 2240 826 2265 montes
845 2237 1094 2265 consolidarentur.

1148 2242 1218 2276 γεῖν,
1234 2239 1341 2271 καὶτὰς
1354 2238 1408 2266 τῶν
1424 2238 1529 2265 ὑδάτων
1548 2237 1694 2269 ἀϐύσσους,
1711 2236 1759 2263 καὶ
1778 2237 1844 2272 πρὶν
1859 2235 1874 2271 ἢ
1888 2235 1932 2265 τὰς

341 2371 409 2399 Ante
424 2380 513 2399 omnes
527 2372 606 2400 colles
622 2373 713 2408 genuit
730 2381 769 2400 me
785 2379 795 2400 :
808 2371 964 2408 Antequam
978 2378 1004 2400 et
1020 2373 1097 2408 ipsos

308 2425 404 2446 omnes
424 2419 562 2454 angelicas
583 2420 698 2447 ordines
709 2419 940 2454 produceret,qui
967 2424 1098 2454 tanquam

308 2464 486 2496 colles.omni
503 2466 648 2493 altitudine
662 2466 816 2500 superiora,
832 2466 962 2493 omnibus
978 2467 1098 2495 sensibi-

308 2509 382 2537 libus
407 2511 543 2539 creaturis
564 2512 752 2543 dominantur.
773 2515 800 2539 et
821 2513 855 2539 ab
870 2513 946 2540 omni
962 2518 1053 2540 creata
1070 2521 1100 2540 re

310 2560 484 2591 separantur,
527 2559 690 2585 naturaliter
727 2563 754 2585 et
781 2558 816 2585 ab
863 2563 965 2586 aeterno
1005 2560 1100 2594 genuit

311 2609 366 2629 me.

347 2647 430 2675 Vsus.
445 2648 492 2675 ’26.
513 2649 640 2676 Dominus
656 2651 715 2685 fecit
730 2655 815 2677 terras
831 2650 999 2681 habitabiles.
1015 2656 1040 2678 et
1059 2651 1099 2677 in-

311 2693 455 2726 Itabitatas,
476 2699 501 2721 et
521 2701 641 2721 extrema
658 2696 779 2722 habitata
800 2696 856 2730 ejus
882 2696 930 2723 sub
955 2698 1018 2723 ειεΙο
1049 2701 1099 2723 est.

310 2739 378 2768 Nam
407 2740 489 2768 Pater
516 2749 603 2774 mens,
621 2746 648 2768 et
676 2742 800 2769 omnium
817 2742 959 2775 Dominus,
981 2750 994 2769 a
1014 2742 1100 2770 nihilo

311 2788 345 2815 ad
363 2795 426 2815 esse
443 2788 588 2815 transtulit
607 2793 698 2823 partes
708 2794 735 2816 et
746 2790 888 2825 portiones
899 2795 1014 2818 cunctas
1025 2790 1099 2818 circa

312 2839 432 2866 terrain:
459 2839 487 2861 et
518 2840 608 2869 partes
630 2843 691 2869 quae
723 2836 823 2864 multos
851 2837 957 2864 incolas
984 2841 1012 2863 et
1039 2844 1099 2863 om-

313 2888 362 2908 nes
378 2885 475 2916 gentes
495 2881 641 2909 continere
657 2885 792 2916 possunt;
814 2887 842 2912 et
854 2889 947 2919 partes
966 2891 1028 2919 quae
1043 2892 1098 2912 non

1149 2288 1253 2315 τούτων
1266 2285 1417 2314 ἀναϐλῦσαι
1431 2285 1535 2321 πηγὰς,
1551 2286 1600 2312 καὶ
1615 2285 1669 2321 πρὸ
1682 2284 1729 2311 τοῦ
1745 2283 1778 2311 τὰ
1791 2284 1841 2320 ὅρη
1857 2282 1932 2318 πῆξιν

1150 2333 1253 2361 λαΰεῖν.

1186 2378 1247 2413 Πρὸ
1262 2377 1296 2404 δὲ
1310 2377 1432 2404 πάντων
1447 2375 1573 2408 ,βουνῶν
1592 2375 1685 2410 γεννᾷ
1700 2384 1749 2410 με.
1766 2375 1824 2410 Πρὸ
1847 2374 1874 2401 δὲ
1888 2373 1932 2408 τῆς

1150 2423 1321 2460 παραγωγῆς
1348 2422 1396 2449 καὶ
1426 2421 1517 2449 αὐτῶν
1537 2421 1633 2448 πασῶν
1656 2421 1711 2448 τῶν
1725 2420 1878 2455 ἀγγελικῶν
1889 2419 1932 2446 τά·

1151 2470 1228 2503 gem,
1246 2469 1274 2495 αἳ
1288 2468 1415 2503 καθάπερ
1432 2467 1522 2503 βουνοί
1537 2476 1620 2499 τινες,
1636 2467 1737 2499 παντὸς
1756 2467 1853 2498 ἄλσους
1866 2465 1931 2500 ὑψη-

1149 2516 1279 2551 λωμένοι,
1308 2515 1418 2541 πάντων
1442 2514 1497 2540 τῶν
1519 2513 1657 2549 αἰσθητῶν
1677 2513 1837 2548 κτισμάτων
1860 2511 1933 2546 ὺπέρ-

1151 2573 1266 2595 κεινται,
1286 2563 1334 2590 καὶ
1354 2563 1446 2597 πάσης
1465 2561 1532 2597 ὕλης
1547 2559 1802 2596 ὰπηλλοτρίωνται,
1818 2556 1932 2593 φυσικῶς

1150 2609 1198 2636 καὶ
1211 2609 1305 2640 ἀϊδίοις
1317 2608 1399 2642 γεννᾷ
1413 2615 1456 2642 με.

1184 2657 1240 2687 κςν.
1258 2655 1366 2688 Κύριος
1391 2653 1517 2687 ἐποίησε
1540 2652 1658 2687 χώρας,
1679 2651 1729 2679 καί
1761 2650 1930 2682 ἀοικήτους.

1151 2700 1200 2727 καὶ
1221 2700 1298 2734 ἂκρα
1324 2699 1485 2734 οἰκούμενα
1507 2699 1563 2733 τῆς·
1574 2699 1626 2726 ὑπ’
1643 2699 1783 2733 οἰιρανόν.
1809 2697 1862 2724 Καὶ
1883 2695 1932 2729 γὰρ

1151 2746 1240 2781 ὀὲμδς
1268 2746 1429 2781 Πατὴρ,κα“ι
1453 2745 1508 2771 τῶν
1529 2745 1598 2771 ὅλων
1624 2744 1771 2778 Δεσπότης,
1783 2744 1814 2769 ὲκ
1837 2741 1882 2768 τοῦ
1899 2740 1932 2774 μὴ

1152 2793 1227 2824 ὕντος
1241 2793 1280 2823 εἰς
1294 2791 1324 2818 τὸ
1338 2789 1407 2818 εἶναι
1420 2792 1567 2826 παρήγαγε
1588 2790 1622 2817 τὰ
1643 2790 1690 2816 τοῦ
1708 2789 1847 2824 περιγείου
1861 2786 1932 2813 τοῦδε

1154 2839 1224 2874 μέρη
1251 2838 1299 2864 καὶ
1319 2839 1451 2872 τμήματα
1471 2845 1480 2853 '
1495 2838 1525 2863 τό
1539 2845 1568 2862 τε
1593 2835 1699 2862 πολλῶν
1718 2835 1868 2870 οἰκητόρων
1891 2832 1932 2858 καὶ

1153 2883 1239 2911 ἐθνῶν
1246 2884 1314 2911 ὅλων
1322 2882 1485 2919 χωρητικὸν,
1496 2883 1544 2911 καὶ
1550 2882 1581 2910 τὺ
1591 2881 1629 2918 μὴ
1636 2882 1705 2916 ὅλως
1715 2881 1788 2910 οίκού
1792 2889 1881 2917 μενον,
1889 2877 1932 2906 καὶ
