2079 3161
275 193 343 226 1239

938 205 1115 235 PROCOPII
1135 207 1258 237 GAZEI

1841 207 1909 239 1300

272 254 323 280 hus
343 252 461 280 viriliter
489 253 638 289 imperans,
666 255 742 283 audit
768 265 822 289 tne,
849 258 1003 287 hortantem
1028 269 1060 288 ne

1115 262 1228 294 ἔπαινος
1251 263 1280 294 ὃς
1305 264 1375 291 κατὰ
1398 263 1455 291 τῶν
1483 263 1577 291 παθῶν
1601 264 1816 299 ἀνδρισάμενος,
1845 275 1906 292 πει-

274 299 328 327 illis
336 299 506 327 succumbat.

305 388 340 416 Et
355 390 394 416 vir
405 389 452 424 qui
465 389 522 417 υἰαε
539 398 610 417 mea:
628 391 756 419 custodit.
775 393 808 420 Et
822 392 868 428 qui
886 400 998 421 sursum
1019 402 1066 422 as-

270 435 386 470 piciens.
405 443 464 462 mea
480 436 609 464 mandata
629 438 762 465 custodit.

308 479 428 515 Vigilan:
447 482 475 508 in
502 482 579 509 atriis
606 483 670 510 meis
697 483 826 518 quotidie.
858 484 984 520 Vigilaus
1018 493 1067 521 per

268 534 377 555 onmem
395 532 558 562 praesentem
573 528 672 561 vitam,
687 537 771 564 super
797 538 897 558 δθηευε
914 539 991 564 SUOS,
1007 537 1068 560 tan-

268 581 350 608 quam
366 577 460 609 portas
486 578 596 609 apertas
617 575 651 602 ad
672 576 935 610 contemplationem
960 585 1065 605 rerum.

300 665 458 693 Custodiens
479 669 571 700 portas
593 666 723 693 atriorum
750 674 878 695 meorum.
903 666 1067 696 Custodieus

267 712 446 740 theoreticam
465 713 616 739 secundum
639 712 766 747 spiritum
784 714 1021 746 constitutionem,
1039 715 1067 741 ct

267 758 415 786 secundum
425 757 511 793 legem
524 758 673 792 practicam
688 760 878 793 operationem
894 759 993 786 anima:
1007 767 1067 794 qua:

267 809 331 833 sunt
349 804 450 832 auxilia
466 804 650 832 custodientia
675 805 708 832 ad
732 805 806 832 illam
820 805 982 840 ingressus;
1003 814 1063 833 mea

266 848 496 885 cognoscibilium
508 849 571 876 linis
588 854 616 876 ut
631 849 767 883 veritatis,
783 854 811 878 et
823 851 1022 885 practicorum,
1036 857 1066 880 ut

268 896 353 928 boui,
396 901 432 921 ne
456 894 528 922 clam
566 895 740 923 sensibilium
777 896 948 931 apparentiis
983 896 1064 923 intret

1121 308 1251 345 σθήσεται
1264 319 1321 346 μοι,
1352 311 1390 346 μὴ
1418 311 1582 339 ὑποπίπτειν
1611 311 1702 343 αὐτοῖς
1730 311 1908 348 παραινοῦντι

1118 354 1203 390 αὐτῷ.

1153 403 1208 429 Kal
1225 402 1380 438 ἅνθρωπος
1398 403 1432 438 ὃς
1443 405 1496 438 τὰς
1509 405 1583 440 ἐμὰς
1593 404 1683 438 ὀδοὺς
1695 404 1837 440 φυλάξει.
1852 404 1909 432 Καὶ

1117 447 1146 481 ὃς
1161 449 1218 476 ἄνω
1234 450 1351 484 βλέπων,
1364 451 1480 486 τηρήσει
1496 451 1546 483 τὰς
1568 451 1639 486 ἐμὰς
1654 452 1774 483 ἐντολάς.

1160 495 1334 530 Ἀτρυπνῶν
1345 497 1392 523 ἐπ’
1410 497 1494 532 ἐμαῖς
1505 498 1609 532 θύραις
1622 497 1687 525 καθ’
1698 497 1820 532 ἡμέραν.
1836 497 1909 532 Γρη-

1117 541 1208 576 γορῶν
1220 542 1292 569 κατὰ
1305 543 1396 569 πᾶσαν
1407 543 1458 579 τὴν
1473 543 1613 579 παροῦσαν
1632 543 1715 579 ζωὴν,
1733 543 1780 569 ἐπὶ
1795 545 1851 574 τοῖς
1865 543 1906 569 δί-

1118 595 1170 622 κην
1183 587 1273 623 θυρῶν
1287 588 1526 624 ἀναπεπταμένοις
1547 589 1616 625 πρὸς
1625 589 1742 624 θεωρίαν
1757 589 1812 615 τῶν
1820 589 1907 615 ὄντων

1118 631 1320 667 αἰσθητηρίοις.

1157 677 1257 711 Τγιρῶν
1272 677 1426 713 σταθμοὺς
1447 678 1527 713 ἐμῶν
1539 679 1675 706 εἰσόδων.
1694 679 1839 705 Φυλάσσων
1855 678 1907 714 τὴν

1119 724 1190 750 κατὰ
1201 724 1264 750 νοῦν
1279 724 1453 760 θεωρητικὴν
1461 725 1527 758 ἕξιν,
1543 725 1589 751 καὶ
1604 725 1653 759 τὴν
1666 724 1826 759 κατὰλόγον
1836 733 1907 757 πρα-

1118 769 1217 803 κτικὴν
1231 769 1374 805 ἐνέργειαν
1391 771 1441 806 τῆς
1455 771 1545 806 ψυχῆς
1562 771 1612 802 τὰς
1627 770 1797 804 φυλακτικὰς
1819 779 1906 805 παρα-

1118 815 1245 847 στάτιδας
1256 815 1312 842 τῶν
1328 816 1397 851 πρὸς
1412 816 1499 852 αὐτὴν
1512 816 1622 843 εἰσόδων
1642 825 1693 850 μου
1704 824 1711 831 ·
1725 816 1842 850 πέρατος
1861 816 1907 842 ὅν-

1116 869 1172 892 τος,
1189 861 1242 887 τῶν
1260 862 1310 896 μὲν
1319 862 1458 896 γνωστῶν,
1475 862 1513 894 ὡς
1529 862 1660 897 ἀληθείας
1671 863 1740 889 -τῶν
1752 862 1779 888 δὲ
1794 871 1908 897 πρακτι-

1117 907 1184 940 κῶν,
1195 908 1233 940 ὡς
1243 908 1347 943 ἀγαθοῦ
1360 916 1366 923 ·
1377 909 1416 940 εἰς
1424 909 1454 935 τὸ
1465 909 1502 944 μὴ
1514 908 1691 944 συνέρχεσθαι
1700 907 1849 942 λεληθότως
1859 908 1907 934 τὸν

266 941 354 968 malus
377 941 502 976 spiritus,
531 945 558 968 et
587 942 682 967 horum
722 948 816 969 amore
845 942 968 969 animum
988 942 1060 976 liget:

1116 953 1235 989 πονηρὸν
1247 955 1279 989 τῇ
1295 954 1442 989 ἐπιφανείᾳ
1457 953 1511 980 τῶν
1526 953 1674 988 αἰσθητῶν,
1691 953 1738 980 καὶ
1757 955 1791 988 τῇ
1803 953 1906 979 τούτων

264 991 292 1014 (ιι
308 994 343 1014 ne
360 987 537 1014 consentiant
555 987 653 1014 hoI-um
670 987 747 1022 sequi
767 995 921 1021 sermones,
942 991 971 1015 et
998 987 1062 1015 inde

267 1043 310 1064 me
328 1036 485 1063 admittant.

305 1131 362 1160 Via
381 1133 450 1160 enim
467 1140 543 1165 mea,
560 1134 609 1160 vita
623 1133 696 1160 vim.
713 1132 848 1168 EgreSSus
868 1132 942 1160 enim
972 1133 1023 1160 mei
1046 1141 1061 1160 a

266 1179 321 1207 Deo
336 1184 364 1207 et
386 1178 469 1207 Patre
488 1179 640 1207 secundum
666 1179 753 1215 legem
776 1179 928 1206 naturalem
942 1183 970 1206 et
990 1179 1059 1206 scri-

265 1230 337 1261 ptam
357 1233 390 1253 ac
406 1224 590 1260 spiritualem.
616 1225 735 1260 itemque
757 1232 772 1252 e
798 1224 974 1252 sanctissimo
1000 1223 1062 1259 Spi-

267 1271 332 1302 ritu,
349 1271 564 1306 gratiﬁcationes
578 1275 644 1298 sunt
668 1270 738 1298 datae
755 1270 789 1298 iis
806 1270 853 1306 qui
871 1278 986 1306 regnum
1004 1276 1062 1298 ca:-

264 1318 334 1345 teste
355 1316 566 1344 hareditabunt.

304 1414 337 1442 Et
355 1419 469 1450 paratur
481 1415 602 1442 voluntas
616 1423 632 1442 a
648 1415 774 1443 Domino.
788 1415 822 1443 Et
837 1419 953 1451 paratur
970 1415 997 1443 in
1014 1423 1062 1443 vo-

265 1460 318 1492 bis,
333 1466 382 1495 per
396 1465 453 1487 tres
470 1459 644 1494 supradictas
680 1459 766 1495 leges,
781 1467 796 1486 a
810 1468 854 1487 me
868 1460 991 1487 omnium
1007 1459 1061 1486 Do-

266 1506 352 1538 mino,
379 1504 548 1532 desiderium
570 1505 698 1532 naturale
722 1511 749 1533 et
773 1506 896 1541 logicum
925 1505 1060 1540 (rationa-

267 1553 342 1587 I-ile),
371 1556 399 1580 et
428 1551 503 1588 quod
535 1552 757 1580 substantialiter
785 1560 800 1579 a
824 1558 923 1579 natura
951 1552 1061 1587 junctus

267 1599 451 1634 proprietates
469 1599 602 1626 conitnet.

302 1645 385 1673 Vens.
402 1645 447 1673 56.
466 1645 517 1678 Qui
533 1646 559 1672 in
576 1653 616 1672 me
630 1649 750 1680 peccant,
767 1645 794 1672 in
807 1653 871 1672 sua:
887 1645 993 1672 animas
1009 1644 1062 1671 im-

265 1691 304 1725 pii
321 1694 393 1717 sunt.
413 1689 466 1723 Qui
484 1697 528 1717 me
543 1689 664 1718 Verbum
681 1690 740 1723 Dei,
760 1691 796 1717 ob
822 1689 1004 1725 cupiditatum
1021 1690 1060 1716 ir-

267 1736 433 1764 rationabile
457 1735 627 1764 desiderium
653 1744 710 1764 non
736 1740 901 1771 sequuntur,
927 1735 1063 1764 frustraut

266 1782 373 1809 animas
387 1789 451 1809 suas
468 1781 573 1808 honore
587 1788 653 1808 mea;
669 1780 890 1816 participationis
904 1799 912 1812 ,
930 1785 1061 1816 tanquam

267 1826 423 1861 rejicientes
441 1833 519 1853 sum
545 1833 608 1852 cum
624 1826 681 1853 Deo
706 1826 927 1857 similitudinem,
951 1833 981 1853 se
1003 1826 1062 1853 aui-

267 1872 386 1899 malibus
402 1870 609 1899 irrationalibus
626 1876 829 1906 comparantes,
852 1876 879 1899 et
889 1871 945 1899 illis
959 1870 1062 1898 similes

268 1916 345 1944 facti.

299 1961 333 1989 Et
344 1963 389 1998 qui
406 1971 446 1990 me
461 1963 563 1995 odium,
599 1967 709 1991 mortem
735 1963 862 1999 diligunt.
894 1963 928 1991 Et
951 1964 999 2000 qui
1017 1971 1061 1991 me

266 2008 372 2039 odiunt,
399 2008 509 2035 dantem
554 2009 710 2037 volentibus
752 2010 835 2036 vitam
868 2009 980 2045 spiritus
1008 2009 1061 2047 im-

266 2054 419 2086 mortalem,
435 2054 553 2089 diligunt
577 2060 692 2082 mortem
718 2056 885 2088 naturalem,
912 2063 927 2083 α
946 2060 1061 2091 peccato

266 2104 353 2128 ortam
364 2119 371 2132 ,
402 2100 459 2128 haec
473 2108 522 2135 per
535 2107 646 2129 omnem
663 2101 836 2137 Scripturam
854 2101 969 2130 docens.

584 2190 660 2217 CAP.
692 2190 738 2218 IX.

301 2233 384 2263 Vsus.
402 2235 426 2262 1‘
439 2235 576 2270 Sapientia
594 2237 737 2270 wdiﬁcavit
754 2237 805 2264 sibi
820 2238 940 2265 domum.
957 2237 1060 2266 Poten-

1115 1000 1207 1035 σχέσει
1233 1000 1344 1035 δεσμεῖν
1363 1001 1409 1027 τὸν
1435 1001 1508 1032 νοῦν,
1532 1002 1580 1028 καὶ
1606 1001 1643 1036 μὴ
1664 1002 1817 1035 συγχωρεῖν
1835 1000 1906 1035 πρὸς

1112 1046 1176 1077 τοὺς
1195 1045 1286 1073 αὐτῶν
1308 1046 1457 1075 διαϐαίνειν
1481 1046 1589 1081 λόγους,
1605 1046 1754 1073 κάντεῦθεν
1776 1047 1904 1082 ὑποδέχει

1113 1091 1176 1118 σθαι
1191 1100 1237 1127 με.

1148 1137 1195 1165 λε’.
1215 1139 1250 1165 Αἱ
1264 1139 1319 1173 γὰρ
1335 1137 1437 1170 ἔξοδοι
1461 1147 1531 1173 μου,
1557 1138 1656 1171 ἔξοδοι
1687 1138 1772 1172 ζωῆς.
1791 1139 1824 1165 At
1847 1138 1902 1174 γὰρ

1113 1183 1189 1219 παρὰ
1205 1183 1252 1210 τοῦ
1264 1183 1330 1210 Θεοῦ
1345 1185 1391 1211 καὶ
1408 1185 1524 1219 Πατρδς,
1539 1185 1717 1219 προνοητικαὶ
1731 1185 1802 1211 κατά
1814 1193 1843 1211 τε
1856 1184 1903 1211 τὸν

1113 1229 1228 1264 φυσικὸν
1242 1229 1289 1256 καὶ
1306 1229 1352 1256 τὸν
1379 1230 1504 1265 γραπτὸν
1522 1230 1568 1257 καὶ
1588 1230 1634 1257 τὸν
1665 1231 1849 1264 πνευματικὸν
1860 1230 1905 1257 νό-

1113 1283 1163 1310 μον
1181 1274 1333 1307 ὲξελεῦσεις
1353 1284 1416 1310 μου,
1431 1275 1478 1302 τοῦ
1502 1275 1637 1310 παναγὲου
1658 1284 1709 1310 μου
1731 1275 1902 1310 Πνεύματος,

1112 1319 1185 1346 κατὰ
1207 1321 1288 1356 χάριν
1316 1321 1475 1356 μεταδόσεις
1497 1322 1554 1353 τοῖς
1573 1321 1702 1357 μέλλουσι
1723 1321 1905 1357 κληρονομεῖν

1113 1366 1254 1401 βασιλείαν
1267 1366 1331 1393 εισι.

1149 1412 1204 1439 Καὶ
1218 1412 1401 1447 ὲτοιμάζέται
1415 1413 1541 1447 θέλησις
1559 1413 1639 1447 παρὰ
1654 1413 1775 1448 Κυρίου.
1789 1411 1847 1440 Καὶ
1856 1412 1904 1439 εὖ-

1111 1457 1271 1492 τρεπιζεται
1286 1457 1316 1484 ὲν
1328 1458 1405 1493 ὑμῖν,
1418 1458 1462 1485 διὰ
1474 1459 1529 1485 τῶν
1537 1459 1691 1494 εἰρημένων
1703 1459 1787 1494 τριῶν
1801 1459 1906 1494 νόμων,

1111 1503 1179 1538 παρ’
1193 1503 1262 1539 ἐμοῦ
1276 1503 1324 1531 τοῦ
1343 1504 1398 1531 τῶν
1425 1505 1494 1532 ὅλων
1515 1506 1663 1536 Δεσπότου.
1685 1505 1773 1539 ὄρεξις
1800 1504 1904 1540 φυσική

1111 1556 1141 1574 τε
1157 1549 1205 1575 καὶ
1220 1549 1329 1585 λογικὴ,
1347 1549 1395 1576 καὶ
1418 1550 1527 1577 πάντων
1543 1550 1598 1577 τῶν
1615 1550 1752 1582 οὐσιωδῶς
1773 1551 1806 1585 τῇ
1823 1549 1906 1584 φύσει

1113 1593 1270 1628 προσόντων
1289 1594 1442 1630 ἰδιωμάτων
1457 1595 1614 1630 συνεκτική.

1149 1639 1203 1672 λς’.
1222 1641 1254 1667 οι
1267 1639 1302 1667 δὲ
1312 1642 1356 1673 εἰς
1373 1641 1426 1675 ἐμὲ
1440 1641 1672 1676 ἁμαρτάνοντες,
1688 1640 1852 1668 ἀσεϐοῦσιν
1861 1641 1907 1673 εις

1113 1686 1166 1719 τὰς
1180 1686 1297 1713 ἑαυτῶν
1310 1687 1424 1721 ψυχάς.
1439 1687 1471 1713 0t
1485 1687 1507 1713 δ’
1520 1687 1588 1722 ἐμοῦ
1600 1686 1648 1713 τοῦ
1659 1687 1726 1713 Θεοῦ
1744 1687 1843 1720 Λόγου,
1860 1686 1907 1713 διὰ

1113 1731 1162 1767 τὴν
1177 1731 1232 1758 τῶν
1245 1732 1340 1759 παθῶν
1357 1733 1455 1767 ἄλογον
1471 1732 1562 1768 δρεξιν
1584 1733 1831 1768 ἀποτυγχάνοντες,
1853 1732 1906 1763 τὰς

1114 1778 1218 1804 ἑαυτῶν
1231 1778 1320 1814 ψυχὰς
1337 1779 1386 1814 τῆς
1398 1779 1470 1806 κατὰ
1483 1779 1590 1814 μέθεξίν
1601 1788 1652 1813 μου
1666 1778 1790 1814 στεροῦη
1801 1778 1884 1812 τιμῆς
1895 1786 1904 1794 ο

1113 1821 1213 1859 οἷάπερ
1232 1824 1434 1859 ἁποδαλόμενοι
1456 1825 1487 1851 τὸ
1513 1825 1574 1852 καθ’
1598 1825 1727 1860 ὁμοίωσιν
1754 1823 1834 1857 Θεοῦ,
1856 1823 1906 1850 καὶ

1113 1869 1394 1906 παρασυμϐληθέντες
1417 1871 1473 1902 τοῖς
1494 1872 1606 1906 κτήνεσι
1620 1872 1676 1902 τοῖς
1699 1870 1841 1905 ἀνοήτοις,
1856 1870 1905 1896 καὶ

1112 1915 1292 1950 ὁμοιωθέντες
1302 1916 1406 1947 αὐτοῖς.

1152 1961 1207 1989 Kal
1219 1962 1246 1988 οἱ
1258 1961 1426 1995 μισοῦντές
1440 1970 1495 1996 με,
1511 1962 1668 1996 ἀγαπῶσιν
1689 1961 1828 1989 θάνατον.
1847 1961 1904 1988 Καὶ

1111 2007 1136 2033 οῑ
1150 2006 1388 2043 ἀποστρεφόμενοι
1407 2016 1440 2042 με
1453 2007 1503 2043 τὴν
1524 2008 1574 2042 τὴν
1590 2007 1742 2043 ἀνώλεθρον
1755 2015 1903 2041 πνευματι-

1111 2051 1163 2087 κὴν
1181 2052 1255 2088 ζωὴν
1272 2053 1327 2084 τοῖς
1339 2053 1446 2079 Θέλουσι
1461 2052 1652 2088 χαριζόμενον,
1673 2053 1842 2084 ἀσπάζονται
1855 2051 1903 2078 τὸν

1112 2096 1173 2123 καθ’
1189 2097 1327 2133 ἁμαρτίαν
1341 2097 1457 2133 ψυχικὸν
1478 2098 1584 2125 ἑαυτῶν
1607 2097 1717 2133 ὄλεθρον
1727 2105 1735 2112 ·
1750 2096 1836 2124 ταῦτα
1857 2096 1904 2124 διὰ

1112 2143 1203 2178 πάσης
1223 2144 1274 2178 τῆς
1287 2142 1400 2179 Γραφῆς
1413 2143 1590 2171 διδάσκουσα.

1422 2193 1549 2220 ΚΕΦΑΛ.
1570 2193 1609 2220 Θ’.

1148 2241 1184 2267 α’.
1199 2237 1234 2265 Ἠ
1246 2239 1341 2274 σοφία
1365 2238 1560 2274 ᾠκοδόμησεν
1578 2238 1671 2273 ἑαυτῇ
1689 2236 1783 2265 οἶκον.
1808 2238 1839 2264 'H
1864 2238 1903 2264 ὲν-

264 2281 304 2308 tia
318 2280 365 2308 Dci
383 2288 415 2308 ac
436 2281 526 2310 Patris
547 2290 595 2318 per
614 2283 826 2318 se;subsistens,
843 2284 982 2320 propriam
1006 2283 1057 2312 sibi

1113 2284 1264 2316 υπόστατος
1277 2284 1323 2311 τοῦ
1342 2285 1410 2311 Θεοῦ
1427 2285 1474 2312 καὶ
1498 2285 1604 2320 ιΙατρὺς
1617 2285 1744 2319 δύναμις,
1760 2285 1824 2311 ἴδιον
1835 2293 1903 2310 κατ-

263 2328 431 2363 pra-paravit
447 2328 561 2356 domum
579 2329 739 2357 universum
755 2330 862 2363 orbem,
887 2331 915 2358 in
938 2339 993 2366 quo
1009 2340 1058 2367 per

262 2373 394 2401 virtutem
405 2374 520 2407 habitat,
532 2378 559 2402 ct
569 2375 658 2409 illum,
667 2376 713 2410 qui
723 2375 756 2403 ad
768 2375 813 2403 Dei
829 2376 974 2411 imaginem
984 2382 1012 2404 et
1021 2377 1059 2404 si-

264 2418 451 2446 militudinem
468 2423 578 2448 creatus
591 2424 645 2453 est,
661 2421 764 2449 visibili
773 2426 800 2449 et
815 2422 947 2450 invisibili
958 2425 1056 2450 natura

264 2468 440 2492 constantem
447 2484 453 2492 .

301 2509 337 2536 Et
356 2511 452 2538 excidit
467 2512 605 2539 columnas
620 2517 728 2546 septem.
754 2512 787 2541 Et
802 2513 877 2541 omni
894 2517 1001 2542 natura:
1015 2513 1057 2540 vi-

263 2556 338 2583 sibili
354 2557 387 2584 ad
400 2558 592 2586 cxsisteudum
608 2559 685 2587 dedit
700 2560 909 2588 hebdomarium
921 2561 1058 2596 temporis

264 2601 426 2635 circuitum;
444 2603 549 2631 homini
577 2612 652 2638 vero,
674 2609 736 2641 post
766 2606 934 2633 creationem
956 2613 1057 2633 secun-

264 2646 329 2674 dum
343 2647 484 2676 Christum
507 2650 635 2684 formato,
652 2657 682 2679 ut.
698 2651 726 2678 in
751 2651 824 2679 hunc
841 2651 948 2685 credat,
964 2658 991 2679 et
1005 2652 1058 2679 hu-

262 2692 308 2727 jus
328 2693 456 2721 mandata
483 2695 623 2731 observet,
645 2697 719 2725 dedit
740 2706 755 2725 e
775 2698 916 2726 contrario
950 2704 1056 2733 septem

266 2737 385 2772 Spiritus
415 2741 503 2768 sancti
534 2741 700 2769 charismata
730 2753 736 2770 :
762 2744 882 2778 quibus,
908 2744 1012 2771 virtute
1042 2751 1056 2771 a

265 2783 380 2810 scientia
397 2785 528 2817 excitata,
546 2790 573 2812 et
588 2787 722 2820 vicissim,
738 2788 852 2815 scientia
865 2796 912 2824 per
924 2790 1055 2817 virtutem

266 2829 452 2861 manifestata,
477 2830 634 2865 spiritualis
652 2831 733 2860 homo
751 2839 972 2868 consummatur,
994 2835 1057 2862 ﬁdei

264 2875 435 2909 perfectione
457 2875 581 2904 ﬁrmatus
610 2878 638 2905 in
666 2881 917 2914 supernaturalium
943 2881 1058 2916 partici-

265 2921 383 2955 patiouc.
397 2921 464 2949 Nam
491 2923 706 2959 puriﬁcationem
734 2927 881 2955 secundum
907 2929 1055 2964 practicam

1112 2331 1262 2358 εσκεύασεν
1276 2332 1445 2366 οἰκητήριον,
1461 2331 1505 2358 τόν
1520 2340 1550 2357 τε
1575 2331 1634 2357 ὅλον
1652 2331 1765 2366 κόσμον,
1783 2332 1812 2358 ἐν
1831 2327 1854 2364 ᾧ
1866 2331 1903 2357 ot-

1112 2377 1156 2402 κεῖ
1170 2377 1231 2403 κατ’
1245 2376 1399 2411 ἐνέργειαν,
1420 2377 1467 2403 καὶ
1480 2377 1561 2403 αὑτὸν
1583 2377 1628 2403 τὸν
1648 2377 1709 2403 κατ’
1723 2377 1815 2403 εἰκόνα
1831 2376 1901 2403 Θεοῦ

1112 2422 1159 2448 καὶ
1169 2421 1310 2457 ὁμοίωσιν,
1331 2422 1361 2454 ἐξ
1384 2423 1486 2459 ὁρατῆς
1506 2422 1555 2450 καὶ
1577 2423 1694 2458 ἀοράτου
1715 2422 1822 2457 φύσεως
1842 2430 1903 2448 κτι-

1113 2467 1211 2494 σθέντα
1226 2467 1379 2502 ἄνθρωπον.

1147 2513 1359 2547 Καιύπὴρεισε
1383 2514 1517 2547 στύλους
1541 2513 1626 2541 ἑπτά.
1647 2514 1703 2541 Καὶ
1722 2515 1755 2549 τῇ
1784 2514 1834 2548 μὲν
1854 2513 1905 2550 ὅλῃ

1112 2559 1228 2595 αἰσθητῇ
1253 2560 1334 2595 φύσει
1360 2560 1474 2587 ὑπέθετο
1494 2561 1563 2596 πρὸς
1585 2560 1713 2595 ὕπαρξιν,
1727 2560 1777 2595 τὴν
1789 2560 1904 2595 ἑϐδομα-

1110 2605 1188 2641 δικὴν
1201 2605 1247 2632 τοῦ
1254 2605 1349 2641 χρόνου
1362 2606 1494 2641 περίοδον·
1505 2605 1579 2641 αὐτῴ
1589 2606 1617 2631 δὲ
1627 2605 1666 2640 τῷ
1675 2606 1822 2641 ἀνθρώπῳ.
1831 2606 1903 2640 μετὰ

1110 2651 1161 2688 τὴν
1182 2652 1288 2686 γένεσιν
1314 2653 1385 2679 κατὰ
1410 2653 1527 2688 Χριστὸν
1557 2652 1762 2688 κτιζομένῳ,ὲν
1790 2651 1829 2686 τῷ
1858 2660 1904 2677 πι-

1112 2699 1219 2725 στεύειν
1232 2698 1307 2733 αὐτῷ
1317 2699 1364 2726 καὶ
1377 2699 1427 2734 τὴν
1440 2699 1523 2725 αὐτοῦ
1538 2699 1635 2734 τηρεῖν
1649 2697 1769 2733 ἐντολὴν,
1785 2698 1904 2724 ὑπέθετο

1111 2742 1189 2776 αὖθις
1216 2744 1250 2770 τὰ
1273 2744 1342 2770 ἑπτὰ
1363 2743 1409 2770 τοῦ
1437 2743 1596 2779 Πνεῦματῡς
1618 2744 1796 2780 χαρίσματα’
1813 2744 1842 2770 ἐν
1861 2741 1904 2776 οἷς

1110 2790 1285 2826 ψυχουμένης
1299 2791 1348 2826 τῆς
1368 2791 1466 2825 ἀρετῆς
1490 2791 1562 2818 κατὰ
1582 2791 1693 2824 γνῶσιν,
1716 2790 1821 2825 καὶτῆς
1835 2789 1906 2824 γνώ-

1111 2845 1180 2868 σεως
1204 2834 1282 2868 αὖθις
1307 2836 1522 2871 σωματουμένης
1547 2836 1608 2862 κατ’
1621 2836 1733 2871 ἀρετὴν,
1747 2837 1761 2863 ὁ
1779 2844 1904 2871 πνευμα-

1109 2882 1186 2915 τικὸς
1206 2883 1389 2918 ἀπαρτίζεται
1412 2883 1556 2919 ἄνθρωπος
1566 2902 1573 2915 ,
1590 2883 1781 2918 τελειοὺμενος
1796 2882 1836 2918 τῷ
1849 2882 1903 2917 τῆς

1112 2929 1230 2960 πῖστεως
1250 2928 1333 2962 τέλει,
1361 2930 1393 2964 τῇ
1418 2928 1471 2955 τῶν
1496 2929 1565 2964 ὑπὲρ
1599 2928 1682 2963 φύσιν
1707 2927 1835 2964 μεθέξει·
1853 2928 1900 2955 καὶ
