2079 3161
200 161 266 193 1301

708 164 977 195 COMMENTARII
993 165 1033 195 ΙΝ
1049 166 1277 198 PROV’ERBIA.

1770 169 1836 199 12102

194 223 249 255 γὰρ
270 220 318 255 τὴν
337 219 386 254 μὲν
407 220 478 247 κατὰ
499 221 548 256 τὴν
571 221 728 257 πρακτικὴν
756 223 915 258 φιλοσοφίας
935 223 985 250 κά-

1045 226 1216 260 )liilosophia:
1231 230 1426 261 operantnr.et
1438 227 1530 259 timor,
1539 227 1643 254 docens
1658 227 1833 262 cupiditatem

194 267 293 303 θαρσιν
305 266 480 301 ἐργάζονται,
495 268 509 293 ὅ
531 275 559 293 τε
579 264 661 301 φόϐος
679 268 781 295 πείθων
795 269 848 295 ἀπὸ
870 269 924 296 τῶν
939 278 990 296 πα-

195 312 250 339 θῶν
280 313 513 348 ὲγκρειτεύεσθαι,
542 313 591 339 καὶ
617 314 633 348 ὴ
659 314 801 349 ἐπιστήμη
831 315 990 342 ὑποτιθεῖσα

195 359 259 390 τοὺς
281 358 331 393 τῆς
358 357 521 392 καθάρσεως
545 359 676 394 τρόπους,
708 361 755 386 καὶ
783 361 799 395 ὴ
829 361 930 395 γνῶσις
953 361 991 397 μὴ

195 405 303 437 ἀγνοεῖν
320 403 501 438 συγχωροῦσα
515 405 565 435 τὰς
581 404 728 436 ἐπιϐουλὰς
747 405 794 432 τοῦ
815 406 941 441 Ἑχθροῦ.

233 448 285 474 Τὸν
302 448 330 473 δὲ
354 448 424 474 κατὰ
440 449 488 482 τὴν
504 449 623 484 φυτικὴν
643 451 673 476 ὲν
692 450 827 485 πνεύματι
851 452 991 487 φωτισμὸν

197 493 388 529 κατορθοῦσιν.
397 494 415 529 ἢ
426 502 454 520 τε
467 495 542 529 ἰσχὺς
554 495 701 530 προθύμως
710 497 798 532 ὁρμᾷν
805 498 992 525 καὶκινεῖσθαι

198 539 448 574 παρασκευάζουσα
483 540 552 575 πρὸς
574 541 637 572 τοὺς
660 541 756 575 λόγους
775 543 830 570 τῶν
856 543 941 570 ὅντων
957 545 993 571 τὰ

197 586 257 612 θεῖα
277 586 385 617 πάντως
406 585 557 621 θελήματα,
573 587 634 613 καθ’
649 587 712 614 ἃτὰ
731 589 821 616 πάντα
843 591 991 624 γεγόνασι·

197 632 244 658 καὶ
267 632 283 666 ὴ
305 631 387 667 βουλὴ
411 632 572 667 διακρίνασα
596 633 630 660 τὰ
645 634 759 662 τοιαῦτα
780 636 927 670 πανάγαοα
943 636 991 664 τοῦ

197 676 265 703 Θεοῦ
282 676 432 712 θελήματα,
444 676 481 708 ὡς
493 677 530 712 μὴ
544 678 671 714 ·ῖ’,ργμὲνα
680 680 726 706 καὶ
739 679 875 716 ἄφθαρτα,
888 683 935 708 καὶ
950 682 992 709 ὲν-

197 721 329 757 δεχόμενα
351 721 471 748 νοεῖσθαι
496 722 543 748 καὶ
576 722 715 750 λαλεῖσθαι
738 725 785 751 καὶ
810 725 991 761 πράττεσθαι,

197 767 251 794 ἀπὸ
263 766 317 793 τῶν
335 767 373 802 μὴ
397 767 525 794 τοιούτων
537 775 543 782 ·
561 769 608 794 καὶ
628 769 644 804 ἡ
662 769 787 802 σύνεσις,
807 772 876 807 πρὸς
894 771 991 806 ταῦτα,

197 814 244 840 καὶ
258 813 296 848 μὴ
310 813 379 848 πρὸς
394 813 429 840 τὰ
443 814 551 840 ἐναντία
575 815 692 842 ποιοῦσα
715 816 853 843 συννεύειν
868 818 916 844 καὶ
931 827 994 844 συν-

198 859 444 895 διατίθεσθαι·τὴν
472 860 500 886 δὲ
527 861 597 887 κατὰ
622 861 671 896 τὴν
695 863 829 899 μυστικὴν
855 863 993 897 θεολογίαν

198 906 387 940 τελείωσιν,ή
413 905 474 932 θεία
501 906 570 942 μόνη
597 907 678 940 σοφία
703 897 861 943 χαρίζεται,
882 909 991 944 μέθεξιν
1010 897 1030 924 Β

197 952 245 978 τοῦ
259 951 317 987 βίου
331 951 517 986 παρεχομένη.

236 996 268 1031 β’.
284 996 419 1030 Ἔσφαξε
434 997 468 1023 τὰ
481 996 591 1030 ἑαυτῆς
604 997 731 1031 θύματα.
751 997 830 1025 Οὕτω
847 1000 903 1030 τοῖς
923 1000 993 1026 ἑπτὰ

197 1042 244 1069 ’τῸῦ
263 1042 396 1076 παναγίου
411 1042 569 1077 Πνεύματος
589 1043 757 1079 χαρίσμασιν
770 1046 784 1071 ὁ
798 1045 845 1071 τοῦ
861 1045 928 1072 Θεοῦ
940 1047 992 1073 Λό-

197 1097 246 1124 γος
260 1090 419 1125 οἰκητήριον
433 1089 522 1124 ἐαυτῷ
536 1090 767 1125 ἀπεργασάμενος
777 1091 823 1118 τὸν
837 1091 992 1127 ἄνθρωπον,

198 1136 358 1162 ἀπέκτεινεν
373 1136 402 1162 ὲν
417 1135 492 1170 αὑτῷ
509 1136 542 1171 τῇ
563 1136 688 1171 μαχαίρᾳ
701 1138 734 1172 τῇ
756 1137 803 1163 τοῦ
819 1138 991 1174 Πνεύματος,

197 1181 248 1216 τῆς
261 1181 429 1217 φαινομένης
441 1181 559 1213 κτίσεως
570 1181 619 1216 τὴν
634 1181 742 1217 κίνησιν
757 1183 849 1210 καὶτὰ
864 1185 993 1220 σχήματα

199 1227 246 1252 καὶ
264 1226 346 1261 αὐτὴν
359 1226 407 1261 τὴν
421 1226 475 1253 τῶν
490 1226 575 1252 ὄντων
591 1227 686 1253 οὐσίαν
698 1235 705 1242 ·
721 1228 863 1264 νεκρώσας
877 1230 926 1265 τὴν
939 1231 991 1265 ὲμτ

200 1272 274 1307 παθῆ
294 1273 407 1308 περὶτὰ
430 1272 583 1308 φαινόμενα
601 1273 722 1301 διάθεσιν
747 1275 847 1308 αὐτοῦ,
866 1277 922 1308 ,καὶ
944 1276 994 1312 τὴν

199 1319 285 1354 ψευδῆ
303 1319 368 1355 περὶ
381 1319 434 1346 τῶν
448 1319 532 1346 ὄντων
546 1319 637 1353 δόξαν,
653 1321 701 1347 καὶ
718 1321 767 1356 τὴν
780 1321 912 1349 πολύθεον
928 1323 996 1350 πλά-

200 1375 260 1403 νην.

241 1413 400 1448 Ἕκέρασεν
414 1415 454 1447 είς
473 1414 606 1448 κρατῆρα
628 1416 682 1442 τὸν·
699 1415 809 1450 ἑαυτῆς
826 1414 928 1443 οἶνον·
945 1416 995 1443 καί

199 1458 384 1493 ἡτοιμάσατο
400 1458 458 1492 τὴν
473 1459 584 1493 ἑαυτῆς
603 1459 758 1494 τράπεζαν.
779 1461 833 1487 Καὶ
846 1461 952 1496 ἥνωσεν
965 1463 994 1488 ἐν

199 1504 238 1539 τῷ
253 1504 366 1540 τοιούτῳ
385 1504 520 1540 ἀνθρώπῳ
531 1526 538 1537 ,
557 1506 585 1531 ὲν
599 1502 621 1540 ᾧ
636 1505 673 1537 ὥς
688 1514 741 1532 τινι
757 1507 875 1541 κρατῆρι
899 1508 993 1543 κιρνᾶ-

199 1559 244 1577 ται
259 1552 276 1586 ἡ
291 1551 373 1586 νοητὴ
390 1552 437 1577 καὶ
453 1551 570 1587 αἰσθητὴ
588 1552 670 1586 φύσις
693 1553 726 1588 τῇ
756 1553 809 1579 τῶν
823 1553 908 1579 ὄντων
921 1553 993 1588 γνώ-
1007 1569 1030 1599 C

200 1605 254 1629 σει,
271 1597 321 1633 τὴν
337 1597 435 1624 ἑαυτοῦ
452 1598 488 1630 ὡς
505 1598 614 1625 πάντων
629 1599 716 1625 αἰτίου
743 1599 910 1633 ἐπίγνωσιν,
929 1600 992 1635 ἥτις

200 1643 307 1677 πέφυκε
322 1643 368 1670 τὸν
383 1643 445 1670 νοῦν
478 1644 587 1671 πάντων
602 1644 655 1670 τῶν
670 1645 739 1679 μετὰ
751 1645 818 1671 Θεὸν
829 1645 907 1679 δίκην
922 1646 995 1672 οτνου

200 1689 324 1724 ἐξιστᾷν·
341 1689 388 1716 καὶ
406 1689 477 1716 οὓτω
492 1690 526 1716 δι’
536 1690 646 1722 ἑαυτοῦ,
658 1690 741 1726 ἄρτου
752 1691 879 1726 οὐρανίου
894 1692 996 1727 τυγχά-

200 1743 308 1767 νοντος,
325 1735 413 1770 ψυχὰς
429 1737 488 1762 κατ’
502 1736 604 1771 ἀρετὴν
620 1737 766 1772 τρέφοντος
778 1757 785 1768 ,
806 1738 877 1764 κατὰ
894 1737 995 1772 γνῶσιν

199 1781 302 1812 ταύτας
316 1781 471 1813 ποτίζοντος
484 1782 531 1808 καὶ
549 1782 740 1817 εὐφραίνοντος
751 1803 758 1815 ,
773 1783 834 1809 τόδε
850 1783 880 1809 τὸ
893 1784 947 1810 πᾶν
957 1783 995 1815 ὥς

198 1836 261 1854 τινα
277 1827 439 1854 πανδαισίαν
449 1828 609 1861 εὐτρέπισεν
624 1829 664 1860 εἰς
676 1828 865 1864 πνευματικὴν
878 1829 995 1865 εὐωχίαν

200 1873 255 1900 τῶν
273 1873 440 1908 βουλομένων
460 1873 682 1908 μεταλαμϐάνειν
696 1873 791 1901 αὑτοῦ.

237 1923 271 1953 γ’.
291 1918 465 1946 Ἀπέστειλε
491 1919 561 1953 τοὺς
584 1919 697 1953 ἑαυτῆς
722 1920 855 1953 δούλους
879 1928 995 1955 συγκα-

200 1965 300 1992 λοῦσα
322 1965 397 1999 μετὰ
418 1963 541 1999 ὑψηλοῦ
567 1967 757 1999 κηρύγματος
778 1966 828 1992 ἐπὶ
849 1965 993 2000 κρατῆρα,

199 2012 344 2046 λέγουσα.
360 2011 487 2046 Ἔπεμψέ
505 2020 535 2037 τε
552 2012 615 2042 τοὺς
632 2011 670 2046 τῷ
686 2011 751 2046 θείῳ
765 2012 848 2038 αὑτοῦ
860 2012 994 2047 θελήματι

201 2056 426 2092 λειτουργοῦντας
448 2057 626 2089 ἀποστόλους,
652 2059 720 2092 μετὰ
740 2057 788 2084 τοῦ
815 2057 994 2092 εὑαγγελικοῦ

203 2100 444 2137 κηρύγματος,τοῦ
458 2101 533 2132 ὄντος
543 2102 612 2136 ὑπὲρ
628 2102 673 2127 τὸν
688 2102 810 2137 γραπτὸν
822 2103 869 2129 καὶ
880 2103 995 2136 φυσικὸν

202 2147 282 2180 νόμον
297 2146 334 2178 ὡς
348 2146 534 2181 πνευματικοῦ
543 2167 550 2178 ,
567 2147 807 2182 προσκαλούμενος
821 2147 863 2182 ἐφ’
877 2149 974 2174 ἑαυτόν
985 2157 992 2164 ·

203 2192 232 2217 ὲν
241 2188 263 2224 ᾧ
272 2189 309 2222 ὥς
325 2199 378 2217 τινι
395 2190 515 2226 κρατῆρι
531 2192 602 2218 κατὰ
613 2191 643 2218 τὸ
653 2192 704 2226 τῆς
716 2192 872 2227 οἰκονομίας
891 2193 994 2229 μυστή-

1042 272 1196 302 continere,
1231 274 1256 297 cl
1290 270 1484 305 intelligentia.
1514 270 1611 298 modos
1637 271 1835 305 puriticationis

1041 314 1203 346 ostendens,
1233 319 1259 340 et
1288 314 1416 346 scientia,
1445 314 1547 341 docens
1574 315 1712 349 quomodo
1734 315 1835 342 diaboli

1041 358 1156 387 insidias
1179 363 1387 395 recognosccat.

1078 447 1110 474 Et
1127 447 1300 483 splendorem
1330 448 1446 484 spiritus
1471 449 1624 476 naturalem
1649 453 1784 481 exaltant,
1805 454 1835 476 et

1042 494 1142 526 virtus,
1175 494 1326 530 disponens
1352 495 1384 521 ad
1402 495 1579 530 quaerendum
1598 503 1660 522 cum
1679 495 1786 523 fervore
1809 501 1835 522 et

1042 539 1265 572 desiderantium,
1282 539 1434 567 secundum
1456 548 1544 567 rerum
1573 540 1835 580 rationes,'omnino

1043 586 1151 613 divinas
1184 587 1350 620 voluntates,
1377 587 1529 614 secundum
1553 594 1622 621 quas
1645 587 1736 614 omnia
1763 586 1835 613 facta

1043 638 1120 665 sunt,
1136 638 1163 660 et
1180 633 1338 664 consilium,
1354 633 1517 661 discernens
1534 634 1569 661 ab
1583 633 1617 661 iis
1631 641 1690 668 quae
1706 634 1833 661 tales:;on

1043 683 1118 709 sunt,
1132 678 1325 706 sanctissimas
1338 677 1386 706 Dei
1401 678 1569 712 voluntates,
1583 683 1713 713 tanquam
1730 679 1834 706 increa.

1044 728 1086 751 tas
1102 728 1129 751 et
1143 723 1325 757 immortales,
1352 729 1380 752 et
1406 724 1534 759 cogitari,
1564 728 1591 751 et
1609 733 1656 752 ore
1672 724 1787 760 proferri
1808 729 1835 751 et

1044 769 1101 796 fieri
1121 769 1307 803 recipientes:
1336 773 1363 796 et
1381 769 1538 804 prudentia.
1558 770 1717 797 consentire
1741 774 1769 797 et
1789 778 1834 797 ac-

1043 816 1188 849 quiescere
1205 813 1310 841 iaciens
1326 814 1359 841 ad
1374 815 1444 841 istas
1459 818 1486 842 et
1500 821 1553 841 non
1567 815 1600 842 ad
1619 816 1733 848 alteras;
1749 816 1836 850 perle-

1044 861 1163 888 ctionem
1180 868 1247 887 vero
1266 868 1328 895 quae
1344 864 1386 887 est
1399 860 1551 888 secundum
1569 861 1712 896 mysticam
1731 861 1836 888 theolo—

1046 906 1128 941 giam,
1144 905 1202 932 sola
1212 905 1304 932 divina
1316 905 1400 932 donat
1411 906 1559 940 sapientia,
1575 906 1679 934 scilicet
1696 906 1758 934 vitae
1772 914 1835 941 par—

1044 951 1244 985 ticipationem.

1077 992 1161 1025 Vsus.
1187 998 1215 1024 2.
1243 997 1395 1024 Immolarit
1410 997 1530 1025 victimas
1551 987 1626 1025 ξιιοι.
1653 998 1698 1026 Sic
1716 1006 1764 1034 per
1793 1007 1831 1026 se-

1044 1046 1116 1077 ptem
1128 1042 1322 1070 sanctisissiuﬁ
1332 1041 1452 1076 Spiritus
1464 1041 1643 1075 charismata,
1656 1042 1702 1070 Dei
1716 1042 1838 1075 Verbum

1044 1086 1096 1113 sibi
1124 1086 1291 1114 liabitualem
1322 1086 1427 1114 faciens
1443 1086 1596 1120 hominem,
1619 1087 1744 1114 extendit
1761 1087 1787 1114 in
1803 1095 1836 1114 co

1044 1133 1134 1168 gladio
1148 1133 1273 1167 spiritus,
1288 1132 1405 1160 visibilis
1433 1132 1583 1160 ereationis
1611 1137 1725 1165 motum.
1737 1138 1764 1161 et
1779 1133 1837 1160 for-

1045 1187 1127 1210 mam,
1142 1184 1169 1206 et
1181 1187 1272 1206 rerum
1290 1179 1472 1206 substantiam
1489 1188 1495 1206 :
1512 1178 1683 1207 mortificans
1699 1180 1835 1206 turbatam

1044 1232 1108 1259 erga
1138 1225 1258 1252 visibilia
1280 1224 1466 1258 alTectionem,
1489 1228 1517 1252 et
1542 1224 1667 1253 fallacem
1695 1225 1730 1254 de
1753 1225 1836 1253 rebus

1045 1272 1235 1306 gloriationem
1253 1276 1280 1300 et
1296 1272 1471 1308 polytheismi
1484 1280 1614 1301 errorem.

1081 1404 1190 1432 Miscuit
1210 1405 1236 1432 in
1251 1410 1356 1433 cratera
1369 1405 1457 1433 vinum
1478 1414 1578 1440 suum;
1596 1411 1621 1434 et
1638 1407 1742 1441 paravit
1763 1415 1836 1434 men-

1045 1460 1100 1478 sam
1119 1459 1205 1478 suam.
1222 1451 1255 1478 Et
1267 1452 1353 1478 univit
1368 1452 1396 1479 in
1418 1452 1464 1479 tali
1489 1452 1610 1485 homine,
1640 1453 1665 1480 in
1688 1461 1754 1488 quo,
1778 1457 1837 1481 lan-

1045 1506 1127 1533 quam
1147 1498 1173 1525 in
1190 1501 1300 1525 cratera
1316 1498 1450 1525 miscetur
1472 1499 1626 1533 spiritualis
1639 1503 1670 1526 et
1684 1499 1836 1533 corporalis

1045 1548 1157 1576 natura.
1187 1551 1290 1582 rerum
1335 1545 1471 1576 scientim.
1497 1545 1630 1580 suiipsius
1659 1549 1687 1571 ut
1713 1545 1834 1572 omnium

1047 1590 1170 1617 auctoris
1184 1590 1410 1627 notitiamrqute
1438 1591 1645 1626 intelligentiam
1669 1590 1747 1622 facit,
1774 1596 1835 1618 tan-

1045 1644 1128 1671 quam
1141 1636 1205 1664 vino
1220 1637 1350 1664 inebriari
1365 1637 1409 1664 hie
1429 1645 1490 1672 qua?
1504 1641 1569 1664 sunt
1587 1638 1661 1664 circa
1679 1637 1763 1665 Deum
1779 1647 1786 1664 :
1809 1641 1836 1665 et

1046 1683 1084 1712 ita
1099 1692 1148 1720 per
1162 1684 1297 1719 seipsum,
1312 1684 1359 1719 qui
1373 1687 1415 1711 est
1430 1685 1509 1719 panis
1527 1684 1661 1716 caelestis,
1681 1685 1788 1712 animas
1807 1686 1835 1711 in

1046 1732 1148 1760 virtute
1161 1731 1298 1765 nutriens,
1312 1736 1341 1759 et
1361 1732 1389 1759 in
1413 1732 1539 1760 doctrina
1558 1732 1698 1759 inebrians
1719 1737 1747 1759 et
1761 1732 1836 1759 dele-

1045 1782 1136 1811 etans,
1156 1778 1214 1806 lucc
1232 1778 1323 1805 omnia
1348 1782 1377 1805 ut
1390 1778 1486 1812 epulas
1510 1778 1631 1812 disponit
1652 1779 1684 1804 ad
1694 1778 1836 1813 spirituale

1046 1823 1215 1856 convivium,
1236 1823 1301 1851 huic
1319 1824 1477 1859 participari
1495 1823 1726 1852 desiderantium.

1082 1913 1168 1941 Vsus.
1191 1914 1220 1941 5.
1245 1913 1320 1941 Misit
1346 1921 1434 1941 seruos
1460 1922 1522 1941 suos
1533 1922 1642 1943 .voaans
1658 1922 1716 1941 cum
1737 1922 1834 1948 magna

1044 1960 1251 1994 proclamationc
1266 1959 1301 1986 ad
1320 1960 1454 1994 poculum.
1471 1959 1572 1987 dicens.
1597 1960 1671 1987 Misit
1686 1960 1835 1996 Apostolus

1045 2006 1145 2033 divinat
1164 2005 1239 2033 illius
1258 2005 1391 2033 voluntati
1403 2005 1588 2033 deservientes
1602 2013 1665 2033 eum
1679 2007 1835 2042 evangelica

1046 2052 1271 2087 proclamatione,
1287 2058 1347 2086 quae
1367 2058 1501 2086 tanquam
1517 2058 1531 2077 a
1549 2051 1649 2086 spiritu
1667 2052 1779 2079 veniens
1796 2058 1836 2079 est

1046 2105 1128 2132 super
1141 2097 1272 2131 scriptam
1287 2100 1314 2123 et
1331 2097 1488 2123 naturalem
1508 2096 1605 2131 legem,
1626 2104 1729 2124 vocans
1743 2097 1777 2124 ad
1791 2105 1835 2125 se-

1047 2144 1135 2178 ipsum
1149 2152 1156 2177 ;
1175 2143 1202 2170 in
1216 2150 1270 2178 quo
1285 2147 1315 2169 ut
1329 2144 1356 2169 in
1370 2147 1491 2174 cratera,
1505 2142 1765 2177 perlncarnationis
1779 2151 1837 2178 my-

1047 2189 1174 2222 sterium,
1190 2188 1261 2215 facta
1276 2191 1318 2216 est
1342 2187 1492 2215 secundum
1510 2187 1678 2223 liypostasim
1699 2187 1759 2215 sine
1772 2195 1824 2215 con

204 2245 272 2272 ριον,
288 2237 304 2271 ἠ
320 2236 472 2272 παράδοξος
485 2237 584 2271 κρᾶσις
600 2237 650 2272 τῆς
665 2238 741 2270 θείας
758 2238 865 2273 φύσεως
881 2240 928 2266 καὶ
948 2241 995 2274 τῆς

1051 2237 1158 2264 fusione
1170 2236 1305 2264 mirabilis
1319 2239 1425 2263 natura:
1436 2235 1536 2263 divinae
1547 2239 1575 2263 et
1586 2235 1715 2263 humana:
1728 2235 1835 2263 mistio:

203 2281 376 2318 ἀνθρωπίνης
391 2282 553 2318 ἁσυγχὺτως
566 2283 628 2309 καθ’
641 2284 791 2310 ὑπόστασιν
806 2285 902 2318 γέγονε
911 2293 918 2300 ·
931 2285 995 2313 τάδε

203 2329 285 2354 οἱονεὶ
297 2328 331 2354 δι’
341 2327 430 2355 αὑτῶν
446 2328 561 2362 φάσκων
575 2337 584 2345 ο

242 2372 270 2399 δ’.
289 2373 341 2406 ’⁷ος
362 2373 427 2399 ἐστι
449 2373 571 2407 ἄφρων,
597 2373 763 2401 ἐκκλινάτω
789 2376 864 2409 πρός
883 2385 932 2411 με.
946 2377 996 2409 Ὃς

203 2420 278 2446 ἐστιν
293 2419 388 2454 ἄφρων
398 2439 406 2451 ,
426 2419 470 2447 διὰ
485 2420 516 2446 τὸ
533 2420 733 2455 διαλογίζεσθαι
748 2422 778 2448 ὲν
793 2422 894 2458 καρδίᾳ.
911 2423 995 2451 αὐτοῦ

206 2466 243 2501 μὴ
257 2463 327 2493 εἶναι
345 2467 421 2499 Θεὸν,
435 2467 515 2501 ἀφεὶς
532 2467 581 2502 τὴν
593 2461 698 2499 ἀθεΐαν,
715 2468 855 2502 ὲγγισάτω
868 2478 913 2504 μοι
926 2470 995 2497 κατὰ

205 2513 312 2538 πίστιν·
331 2513 379 2539 καὶ
395 2511 492 2546 γνώτω
512 2521 545 2547 με
563 2512 731 2548 δημιουργὸν
755 2514 802 2540 τοῦ
829 2515 930 2547 παντὸς
949 2515 996 2542 καὶ

205 2558 353 2593 Δεσπότην.

239 2604 270 2632 ε’.
287 2605 342 2631 Καὶ
352 2604 414 2637 τοῖς
423 2605 541 2632 ὲνδεέσι
549 2605 677 2639 φρενῶν,
687 2605 771 2633 εἶπεν
779 2615 785 2621 ·
799 2608 932 2640 ¹Ε.ιθετε,
941 2608 997 2643 φά-

204 2660 270 2686 τετε
281 2651 333 2678 τὸν
348 2651 422 2685 ἐμὸν
433 2650 534 2685 ἄρτον,
549 2652 596 2678 καί
613 2653 695 2679 πίετε
706 2653 790 2680 οἶνον·
802 2653 837 2680 ὃν
851 2654 997 2689 κεκέρακα

204 2698 286 2733 ὑμῖν.
307 2698 361 2724 Καὶ
375 2698 430 2729 τοῖς
444 2697 485 2724 ἔτι
499 2697 638 2732 δεομένοις
652 2699 706 2725 τῶν
717 2699 806 2734 ἔργων
818 2701 866 2735 τῆς
879 2701 997 2732 πίστεως

205 2745 253 2772 καὶ
265 2746 321 2776 τοῖς
337 2744 380 2770 ἐπ’
392 2743 484 2774 αὐτοῖς
496 2743 665 2779 τελειοτέρας
684 2744 821 2778 γνώσεως,
836 2746 902 2781 ἔφη·
915 2747 997 2773 Δεὶτε

205 2791 306 2825 φάγετε
325 2789 355 2816 τὸ
378 2790 436 2815 κατ’
461 2789 561 2824 ἀρετὴν
590 2788 669 2824 δίκην
693 2790 776 2825 ἄρτου
802 2791 902 2826 τρέφον
926 2792 999 2826 ὑμᾶς

207 2834 286 2868 σῶμά.
304 2841 370 2868 μον
395 2833 443 2860 καὶ
469 2833 545 2860 πίετε
562 2832 591 2858 τὸ
606 2833 677 2859 κατὰ
693 2833 793 2866 γνῶσιν
824 2834 901 2869 δίκην
924 2835 997 2861 οἴνου

205 2879 349 2916 εὐφραῖνον
367 2879 449 2914 ὑμᾶς,
465 2878 512 2906 καὶ
528 2879 596 2915 πρὸς
609 2879 705 2906 θέωσιν
722 2879 834 2911 timo;
849 2877 920 2915 αἷμά
935 2888 996 2915 μου,

1048 2287 1075 2311 et
1090 2282 1156 2310 talia
1172 2290 1221 2317 per
1237 2289 1285 2309 eos
1307 2281 1409 2309 clamat
1428 2290 1436 2309 :

1084 2369 1169 2397 Vsus.
1185 2370 1212 2397 4.
1231 2369 1284 2403 Qui
1300 2375 1338 2397 est
1351 2370 1489 2405 insipiens,
1503 2375 1589 2398 veniat
1607 2371 1641 2397 ad
1653 2379 1703 2398 me.
1729 2370 1780 2403 Qui
1797 2376 1839 2398 est

1050 2416 1194 2451 insipiens.
1216 2415 1289 2450 quod
1308 2416 1336 2443 in
1354 2417 1438 2445 corde
1456 2417 1560 2452 cogitat
1580 2416 1666 2444 Deum
1690 2424 1744 2443 non
1761 2424 1838 2449 esse,

1049 2463 1183 2498 abjiciens
1208 2463 1388 2498 impietatem.
1411 2471 1458 2498 per
1471 2463 1550 2490 fidem
1566 2463 1599 2490 ad
1634 2471 1678 2490 me
1699 2463 1836 2490 declinet:

1049 2513 1077 2536 et
1089 2510 1159 2537 sciat
1173 2517 1216 2537 me
1231 2517 1294 2537 esse
1311 2510 1436 2537 oumium
1452 2511 1586 2538 factorem
1600 2515 1626 2537 et
1639 2509 1796 2537 Dominum.

1087 2600 1159 2627 Vrsas
1169 2599 1195 2627 5.
1206 2598 1239 2626 Et
1255 2599 1288 2625 iis
1298 2599 1343 2633 qui
1354 2599 1473 2633 indigent
1483 2598 1624 2632 sapientia,
1636 2598 1700 2625 dicit
1713 2606 1722 2625 :
1739 2597 1839 2631 Venite.

1051 2646 1211 2673 manducate
1227 2652 1328 2671 mecum
1348 2652 1454 2678 partem,
1471 2649 1495 2671 et
1506 2643 1584 2671 bibite
1597 2644 1685 2671 uiuum
1696 2644 1765 2679 quod
1777 2644 1840 2670 mis-

1052 2693 1094 2720 cui
1108 2692 1191 2719 vobis.
1209 2691 1242 2719 Et
1258 2693 1291 2720 iis
1309 2693 1356 2728 qui
1369 2692 1430 2720 fidei
1446 2693 1575 2728 operibus
1591 2692 1725 2727 indigent,
1740 2698 1767 2720 et
1779 2701 1842 2728 per-

1053 2739 1180 2766 fectionis
1194 2739 1220 2765 in
1235 2738 1290 2766 illis
1302 2739 1437 2766 doctrina!
1461 2740 1516 2767 sint
1532 2748 1538 2766 :
1556 2738 1663 2772 Venite,
1677 2740 1841 2767 manducatc

1053 2793 1152 2820 corpus
1181 2792 1283 2817 meum,
1312 2785 1386 2819 quod
1405 2792 1453 2812 vos
1479 2784 1631 2812 secundum
1658 2785 1785 2812 virtutem
1806 2784 1839 2811 ad

1054 2833 1141 2860 instar
1164 2832 1244 2867 panis
1266 2832 1372 2865 nutrit;
1388 2837 1415 2860 et
1447 2832 1533 2860 bibite
1556 2833 1718 2867 sanguinem
1735 2839 1840 2864 meum,

1053 2879 1125 2914 quod
1140 2878 1291 2906 secundum
1311 2878 1465 2907 doctrinam
1488 2879 1521 2907 ad
1541 2879 1629 2907 instar
1644 2878 1717 2910 vini;
1732 2884 1780 2904 vos
1794 2877 1840 2903 ds-
