2079 3161
261 153 330 187 1303

919 155 1096 188 PROCOPII
1113 156 1234 188 GAZ/EI

1821 157 1889 190 1304

257 217 349 244 tcctat,
367 216 393 239 et
411 211 445 239 ad
473 211 672 239 deificationem
704 212 856 246 conducit;
886 214 1045 249 sanguinem

1101 213 1116 240 ὃ
1129 216 1162 249 τῇ
1177 215 1283 249 θεότητι
1298 215 1456 259 παραδόξως
1471 216 1620 251 κεκέρακα,
1635 216 1679 243 διὰ
1690 215 1740 251 τὴν
1752 216 1888 252 σωτηρίαν

257 259 330 286 enim
356 259 436 287 modo
458 258 575 286 mirabili
605 258 702 286 Deitati
731 259 842 293 miscui,
870 259 904 286 ad
929 260 1046 287 salutem

256 308 392 331 vestram.

290 348 374 376 Vens.
391 349 418 377 6.
443 348 590 384 Relinquite
604 350 758 382 stultitiam,
782 354 807 377 et
830 350 929 377 vinetis.
945 348 1046 377 Relin-

255 396 330 430 quite
348 395 576 429 inrredulitatem,
593 401 621 423 et.
636 397 772 424 habebitis
793 396 943 431 spiritalem
957 401 985 424 et
996 396 1048 423 im-

256 442 399 469 mortalem
415 442 509 469 vitam.

292 485 324 512 EI
341 487 450 522 quaerite
460 486 678 519 prudentiam,ut
693 487 798 521 vivatis,
813 492 837 514 et
852 489 994 524 corrigatis
1006 488 1049 516 in-

256 532 424 568 telligentia»:
436 534 463 560 in
475 533 607 560 doctrina.
623 533 656 560 Et
669 535 783 568 quaerite
799 535 972 569 prudentiam
982 535 1047 563 boni

255 578 348 613 praxis
365 585 496 612 causam;
519 582 548 605 ut
564 579 807 613 castigatissimam
824 580 897 607 viam
916 579 1048 614 acquira-

256 625 303 656 tis,
321 627 350 650 et
372 623 398 650 in
415 623 529 650 scientia
546 624 603 650 veri
627 624 690 650 boni
714 623 876 658 proficiatis,
898 624 932 651 ad
949 624 1047 658 triplex

256 671 369 702 bonum,
383 671 484 696 anima:
498 669 684 704 prudentiam,
698 677 780 704 quam
796 677 830 697 ex
847 669 900 698 ﬂde
920 669 1045 705 cepistis.

290 760 372 790 Vens.
388 763 415 789 7.
437 761 490 794 Qui
509 762 618 796 corripit
641 763 738 794 malos,
764 763 815 789 sibi
835 767 914 797 parat
934 764 1048 799 ignomi-

255 808 338 834 niam.
364 807 443 841 Quia,
462 807 509 842 qui
532 808 596 834 terit
611 807 745 842 [veritatis
759 809 851 836 verbis
871 810 996 838 homines
1013 810 1047 838 ad

255 854 324 880 mala
336 861 399 881 vere
414 857 637 889 prorumpentes,
649 858 676 881 et
690 854 790 890 corrigi
806 855 943 888 nolentes,
954 855 1047 883 irritat

1099 259 1189 295 ὑμῶν.

1136 351 1174 380 ς’.
1190 347 1362 376 Ἁπολίπετε
1375 349 1566 384 ἀφροσύνην,
1579 350 1629 377 καὶ
1640 349 1778 384 ζήσεσθε.
1797 351 1890 378 Κατα-

1097 392 1191 420 λίπετε
1214 394 1364 427 ἀπιστίαν,
1389 395 1436 422 καὶ
1462 396 1511 431 τὴν
1540 396 1729 431 πνευματικὴν
1750 395 1822 432 ζωὴν
1843 398 1890 424 καὶ

1097 439 1252 475 ἀνώλεθρον
1270 441 1358 474 ἒξετε.
1369 451 1394 463 *ιη

1132 486 1188 513 Kal
1206 485 1353 520 ζητήσατε
1360 487 1521 521 φρόνησιν,
1535 487 1586 514 ἵνα
1595 488 1740 522 ﬂuitante,
1755 488 1806 515 καὶ
1822 497 1891 515 κατ-

1097 532 1250 566 ορθώσητε
1263 533 1395 559 σύνεσιν
1416 533 1451 559 ἐν
1474 533 1592 568 γνώσει.
1613 534 1668 560 Καὶ
1685 534 1824 570 ποθήσατε
1839 535 1890 569 τὴν

1097 579 1147 613 τῆς
1161 578 1286 614 πράξεως
1299 579 1346 605 τοῦ
1361 578 1465 612 ἀγαθοῦ
1483 579 1572 606 αἰτίαν
1585 580 1717 615 φρόνησιν
1726 589 1733 596 ·
1749 581 1824 612 ὅπως
1838 588 1889 607 πο-

1097 623 1201 651 λιτείαν
1215 625 1361 660 ἄμεμπτον
1384 625 1532 660 κτήσησθε,
1548 625 1595 652 καὶ
1611 626 1784 662 ἀπαρτίσητε
1806 627 1835 652 ἐν
1855 627 1889 662 τῇ

1097 669 1198 704 γνώσει
1214 669 1261 696 τοῦ
1284 670 1369 702 ὅντως
1392 670 1487 702 καλοῦ,
1502 671 1551 706 τὴν
1567 671 1636 706 πρὸς
1650 671 1717 698 αὐτὸ
1731 671 1778 698 τοῦ
1791 680 1891 707 τριμε-

1100 717 1165 752 ροῦς
1183 716 1233 751 τῆς
1252 715 1342 751 ψυχῆς
1362 715 1481 747 σύνεσιν,
1497 714 1532 753 ἧς
1548 718 1582 744 ἐκ
1602 717 1720 749 πίστεως
1740 717 1870 753 ἧρξασθε.

1134 763 1167 795 ζ’.
1188 762 1220 789 '0
1235 762 1386 789 παιδεύων
1402 762 1533 796 κακοὺς,
1557 763 1689 797 λήψεται
1710 762 1806 796 ἐαυτῷ
1828 763 1890 790 dti-

1095 809 1179 843 μίαν.
1193 808 1254 835 Ὀτι
1267 808 1295 834 δέ
1308 807 1322 833 ό
1337 807 1463 842 πλήττων
1476 809 1596 843 ῥήμασιν
1607 808 1736 844 ἀληθείας
1749 808 1812 839 τοὺς
1822 808 1890 842 πρὸς

1099 854 1199 881 κακίαν
1211 854 1321 889 ἀληθῶς
1338 854 1483 889 ρἐοντας,
1495 855 1543 880 καὶ
1558 853 1730 889 διορθοῦσθαι
1746 853 1784 888 μὴ
1799 852 1889 880 θέλον-

253 905 302 926 eos
316 899 443 933 amplius,
460 904 487 927 et
501 906 597 926 eorum
613 899 747 927 malitiam
774 907 890 936 augens,
917 905 1043 929 contem-

1096 907 1154 931 τας,
1176 899 1336 935 παροξύνων
1364 899 1464 934 μᾶλλον
1482 899 1591 930 αὐτοὺς,
1604 899 1651 925 καὶ
1675 898 1816 925 ἐπιτείνων
1838 898 1890 933 τὴν

254 949 329 978 ptum
344 951 377 971 ex
394 945 445 972 hoc
459 945 512 972 sibi
525 950 674 981 praeparat.

288 1036 407 1070 Arguens
428 1035 549 1070 impium,
575 1038 687 1069 seipsum
714 1037 848 1071 corripiet.
872 1036 1045 1066 Manifestum

254 1081 357 1109 faciens
371 1081 396 1108 ei
416 1082 463 1116 qui
483 1081 569 1109 Deum
586 1090 640 1109 non
662 1083 793 1116 honorat,
808 1091 887 1110 suam
903 1084 1044 1118 malitiam,

254 1127 306 1155 sub
322 1132 480 1162 contemptu
493 1127 615 1162 seipsum
630 1127 760 1160 collocat,
771 1132 800 1154 ut
817 1127 856 1155 illi
871 1129 1046 1164 corripiendo

255 1181 308 1200 non
324 1181 455 1208 parcens;
471 1181 526 1201 non
541 1173 631 1201 solum
654 1174 693 1201 illi
713 1173 862 1201 utilitatem
882 1182 936 1201 non
953 1175 1046 1209 affert,

255 1220 302 1247 sed
334 1220 479 1254 plurimum
507 1223 599 1252 nocet,
618 1228 724 1255 ponens
740 1220 824 1248 istum
838 1220 891 1248 sub
907 1221 981 1249 illius
995 1221 1046 1249 do-

255 1266 416 1294 minatione.

291 1312 494 1348 Objurgationes
510 1313 590 1347 impio
605 1334 612 1346 ,
626 1313 713 1349 plaga
738 1312 790 1339 illi.
806 1311 905 1344 Verba,
919 1313 1046 1348 impieta-

254 1363 308 1386 tem
338 1359 421 1386 Deum
460 1366 514 1385 non
541 1359 665 1386 timentis
700 1357 917 1390 manifestautia,
960 1359 1046 1394 plagae

255 1409 319 1432 sunt
333 1406 360 1432 in
376 1405 466 1432 anima
482 1405 731 1438 lllius,inferentes
748 1405 788 1432 illi
803 1404 859 1432 odii
877 1404 1045 1434 desiderium

253 1451 325 1488 quod
344 1451 453 1479 dimcile
470 1451 634 1480 destruitnr.

289 1497 372 1525 Vens.
387 1498 413 1525 8.
424 1497 466 1525 Ne
477 1497 589 1533 objurga
604 1499 737 1532 malas,ut
748 1501 833 1528 non'te
849 1500 908 1529 odio
920 1501 1044 1529 habeant.

254 1541 292 1570 Ne
308 1542 500 1577 objurges,his
516 1544 562 1578 qui
576 1545 714 1579 propriam
729 1547 921 1575 rectitudinem
929 1548 1044 1582 nolunt;

253 1596 302 1615 sua
315 1593 428 1624 peccata
443 1598 450 1623 ;
466 1595 496 1617 ut
509 1597 564 1617 non
586 1590 613 1618 in
629 1591 722 1618 odium
737 1593 776 1620 tui
800 1593 862 1621 illos
877 1594 993 1627 excites,
1019 1599 1047 1622 et

254 1634 326 1668 inde,
342 1635 409 1669 quin
428 1642 525 1662 eorum
549 1635 629 1663 tollas
651 1637 795 1670 malitiam,
809 1639 896 1675 magis
912 1639 984 1667 illam
999 1648 1046 1668 au-

252 1687 331 1715 geas.

287 1724 396 1761 Corripe
421 1728 577 1761 sapientem,
603 1731 629 1754 et
655 1727 745 1764 diliget
775 1734 810 1757 te.
838 1729 983 1758 Manifesta
1002 1738 1046 1758 sa-

254 1772 385 1806 pientiam
402 1773 512 1801 babenti
532 1774 673 1807 defectus,
689 1781 715 1801 ul
732 1776 830 1803 habeat
842 1777 967 1804 timorem
987 1777 1044 1810 Dei.

252 1823 281 1846 et
313 1820 388 1852 talis,
425 1821 636 1856 correptionum
667 1822 798 1850 utilitatis
826 1830 881 1851 non
911 1824 1044 1860 ignarus,

252 1865 369 1893 multum
389 1865 522 1893 honorem
541 1865 589 1893 tibi
605 1865 715 1895 aﬂ'eret.

290 1954 374 1985 Vens.
385 1957 412 1985 9.
427 1957 467 1984 Da
483 1958 597 1992 sapienti
607 1958 781 1991 occasionem,
792 1963 817 1985 et
827 1958 972 1993 sapientior
985 1960 1043 1987 erit.

252 2005 373 2033 Ostende
390 2004 516 2032 timorem
533 2004 580 2031 Dei
603 2004 726 2037 habenti,
740 2009 915 2041 peccatorum
931 2013 1043 2033 suorum

251 2051 408 2083 scientiam,
440 2055 469 2077 ut
494 2057 543 2086 per
568 2050 756 2086 expiationem
773 2055 799 2078 et
817 2051 1045 2079 illuminationem

252 2096 422 2132 perficiatur.

287 2142 357 2170 Doce
384 2142 501 2177 justum,
515 2147 539 2169 et
553 2142 672 2177 accipere
688 2143 835 2177 festinabit.
849 2142 990 2170 Manifesta
1007 2143 1045 2171 illi

251 2188 298 2224 qui
313 2196 361 2223 per
371 2192 537 2216 aeternorum
550 2188 748 2223 suppliciorum
760 2189 885 2216 timorem
909 2189 955 2216 Dei
978 2197 1046 2224 prae-

1097 944 1199 972 κακίαν
1218 945 1319 978 αὐτῶν,
1342 945 1421 980 ὓϐριν
1440 945 1590 971 ἐπισπᾶται
1608 944 1651 971 διὰ
1669 943 1749 970 τοῦτο
1767 944 1807 976 εἰς
1826 944 1890 970 ἐαυο

1095 991 1152 1018 τόν.

1139 1038 1288 1072 Ἐλέγχων
1308 1037 1343 1064 δὲ
1365 1037 1420 1064 τὸν
1441 1034 1536 1070 ἀσεϐῆ
1551 1056 1558 1069 ,
1578 1035 1753 1070 μωμήσεται
1767 1035 1886 1062 ἑαυτόν.

1095 1085 1219 1121 Φανερὰν
1234 1085 1262 1111 δὲ
1277 1085 1362 1111 ποιῶν
1373 1084 1412 1119 τῷ
1429 1083 1466 1119 μὴ
1487 1082 1635 1118 ἐχοντι¹εἰς
1649 1082 1715 1109 Θεὸν
1732 1082 1826 1117 τιμὴν,
1839 1080 1890 1117 τὴν

1096 1131 1196 1158 κακίαν
1219 1130 1316 1163 αὑτοῦ,
1333 1130 1386 1156 ὑπὸ
1411 1129 1516 1164 μέμψιν
1540 1127 1704 1163 καθίστησιν
1728 1127 1834 1159 ἑαυτὸν,
1851 1127 1890 1159 ὡς

1098 1176 1137 1212 μὴ
1152 1176 1312 1211 φειδόμενος
1333 1176 1385 1211 τῆς
1403 1175 1505 1210 βλάϐης
1524 1173 1623 1200 αὑτοῦ·
1646 1173 1714 1210 πρὸς
1729 1173 1784 1209 γὰρ
1797 1173 1837 1208 τῷ
1851 1172 1889 1209 μὴ

1096 1222 1215 1258 ὠφελεῖν
1227 1222 1319 1255 αὐτὴν,
1339 1221 1438 1257 μᾶλλον
1455 1221 1501 1247 καὶ
1517 1220 1642 1255 βλάπτει,
1664 1219 1825 1255 παρακινιῖΝ
1840 1219 1889 1246 αὑ-

1095 1268 1142 1296 τὸν
1161 1269 1184 1295 εί
1204 1269 1254 1304 τὴν
1274 1269 1334 1294 κατ’
1346 1267 1430 1294 αὑτοῦ
1449 1267 1605 1303 τυραννίδα.

1095 1317 1109 1332 Γ
1134 1316 1167 1341 Ol
1179 1314 1234 1349 γὰρ
1250 1314 1369 1348 ἔλεγχοι
1385 1313 1424 1346 τῷ
1439 1312 1559 1344 ἀσεϐεῖ,
1574 1312 1720 1347 μώλωπες
1737 1312 1827 1346 αὐτῷ.
1848 1313 1889 1340 Τὰ

1096 1360 1151 1395 γὰρ
1163 1359 1331 1394 φανεροποιὰ
1345 1358 1395 1393 τῆς
1417 1358 1517 1389 κακίας
1538 1357 1586 1383 τοῦ
1611 1357 1648 1393 μὴ
1674 1358 1808 1393 τιμῶντος
1823 1358 1890 1385 θεὸν

1096 1405 1184 1439 λόγια,
1200 1404 1302 1439 πληγαί
1314 1405 1368 1431 εἱσι
1383 1405 1417 1439 τῇ
1431 1403 1528 1430 τούτου
1539 1403 1623 1438 ψυχῇ,
1639 1403 1807 1438 ἐμποιοῦντα
1819 1403 1888 1440 αὐτῇ

1097 1452 1194 1489 μίσους
1211 1450 1422 1484 δυσεξάλειπτον
1438 1449 1535 1481 πάθος.

1131 1500 1167 1532 η’.
1187 1497 1236 1531 Μὴ
1259 1496 1365 1531 ἔλεγχε
1385 1495 1510 1527 κακοὺς,
1527 1494 1578 1521 ἵνα
1597 1493 1640 1528 μὴ
1663 1494 1820 1528 μισήσωσί
1840 1502 1886 1522 σε.

1096 1542 1143 1578 Μὴ
1159 1541 1335 1578 φανεροποίει
1348 1542 1405 1573 τοῖς
1421 1540 1458 1576 μὴ
1471 1540 1578 1566 θέλουσι
1590 1541 1639 1574 τὴν
1655 1540 1723 1566 ίδίαν
1735 1539 1888 1574 διόρθωσιν,

1096 1589 1131 1616 τὰ
1151 1589 1255 1615 τούτων
1278 1588 1371 1620 κακὰ,
1388 1588 1463 1618 ὃπως
1485 1587 1522 1622 μὴ
1545 1588 1585 1618 είς
1603 1588 1681 1622 μῖσος
1696 1586 1726 1613 τδ
1748 1587 1819 1614 κατὰ
1842 1586 1888 1612 σοῦ

1095 1635 1208 1671 ἐγείρῃς
1232 1635 1343 1666 αὐτοὺς,
1361 1633 1510 1660 κάντεῦθεν
1524 1634 1585 1660 ἀντὶ
1607 1633 1654 1660 τοῦ
1679 1632 1818 1667 περιελεῖν
1839 1632 1890 1669 τὴν

1097 1681 1198 1710 κακίαν
1217 1681 1318 1714 αὐτῶν,
1340 1681 1442 1716 μᾶλλον
1463 1680 1594 1715 αὐξήσεις
1613 1680 1710 1716 αὑτήν,

1134 1728 1263 1763 Ἔλεγχε
1277 1728 1387 1762 σοφὸν,
1403 1726 1453 1754 καί
1467 1726 1620 1761 ἀγαπήσει
1631 1734 1678 1754 σε.
1698 1726 1806 1762 Φανερὰ
1817 1726 1890 1753 ποίει

1096 1774 1131 1802 τὰ
1144 1774 1325 1809 ἐλαττώματα
1341 1773 1380 1809 τῷ
1398 1774 1540 1809 μετέχοντι
1565 1773 1662 1808 σοφίας
1674 1793 1681 1805 ,
1704 1773 1734 1799 ἐν
1757 1772 1796 1808 τῷ
1817 1772 1890 1808 ἔχειν

1094 1820 1179 1847 αὑτὸν
1197 1820 1280 1855 φόῦον
1294 1819 1374 1850 Θεοῦ,
1389 1819 1436 1846 καὶ
1448 1819 1486 1851 ὡς
1500 1818 1538 1854 μὴ
1555 1819 1661 1853 ἀγνοῶν
1677 1820 1692 1845 ὁ
1706 1819 1827 1850 τοιοῦτος
1841 1819 1889 1854 τὴν

1097 1866 1129 1893 ἐκ
1141 1866 1196 1893 τῶν
1211 1866 1330 1901 ἐλέγχων
1345 1866 1414 1892 ίδίαν
1429 1865 1628 1900 ὠφέλειαν,ὲπὶ
1638 1865 1719 1892 πλέον
1730 1865 1820 1897 καλῶς
1831 1865 1890 1892 δια-

1094 1911 1241 1948 τεθήσεται
1260 1911 1325 1948 περὶ
1345 1911 1386 1938 σέ.

1131 1957 1164 1985 θ’.
1184 1957 1273 1984 Δίδου
1284 1956 1370 1991 σοφῷ
1382 1956 1532 1991 ἀφορμὴν,
1543 1956 1592 1983 καί
1607 1951 1776 1991 σοφώτερος
1791 1957 1888 1984 ἔσται.

1097 2004 1204 2040 Πάρεχε
1229 2003 1269 2039 τῷ
1293 2003 1381 2039 ἔχοντι
1404 2002 1486 2037 φόϐον
1508 2002 1586 2034 Θεοῦ,
1609 2002 1787 2037 ἐσφαλμένων
1813 2002 1889 2038 αὐτῷ

1095 2050 1244 2085 διάγνωσιν
1256 2049 1302 2076 διὰ
1315 2049 1477 2085 καθάρσεως
1488 2049 1535 2075 καὶ
1547 2047 1688 2083 φωτισμοῦ
1700 2048 1768 2083 πρὸς
1781 2048 1890 2074 τελείω-

1096 2103 1149 2124 σιν.

1132 2141 1260 2176 Γνώριζε
1276 2140 1398 2174 δικαίῳ,
1411 2140 1461 2167 καὶ
1478 2139 1646 2174 προσθήσει
1661 2139 1715 2167 τοῦ
1735 2139 1887 2174 δέχεσθαι.

1102 2189 1292 2217 ’Δνακάλυπτε
1316 2188 1356 2224 τῷ
1378 2189 1421 2215 διὰ
1443 2188 1488 2215 τὸν
1510 2188 1591 2222 φόϐον
1609 2188 1726 2214 αἰωνίων
1750 2187 1889 2214 κολάσειαν

250 2239 329 2269 cepta
345 2234 477 2267 custodit,
501 2242 595 2262 verum
621 2234 694 2269 quod
721 2235 747 2261 in
766 2235 806 2262 eis
821 2238 864 2262 est
887 2235 1001 2268 bonum,
1020 2239 1045 2262 et

1097 2236 1229 2272 τηροῦντι
1244 2235 1294 2266 τὰς
1308 2235 1355 2261 τοῦ
1377 2234 1444 2261 Θεοῦ
1460 2233 1581 2265 ἐντολὰς,
1596 2234 1627 2260 τὸ
1647 2234 1677 2260 ὲν
1691 2234 1805 2264 ταύταις
1822 2232 1889 2268 ἀλη-

251 2280 299 2307 ille
317 2280 433 2315 diligens
443 2279 521 2313 illud,
543 2284 674 2313 tanquam
693 2287 851 2315 supremum
867 2280 1041 2315 concupisci-

253 2326 318 2359 Lile,
333 2326 408 2354 illius
422 2333 544 2353 amorem
562 2333 613 2360 pro
624 2325 723 2353 affectu
741 2325 863 2361 augebit.

291 2414 375 2444 Vsus.
395 2415 439 2443 10.
460 2414 626 2447 Principium
647 2416 796 2450 sapientia,
823 2415 902 2442 timor
923 2415 1039 2443 Domini.

251 2461 421 2496 Principium
451 2469 542 2489 rerum
558 2461 714 2489 divinarum
738 2461 868 2493 scientiae.
894 2467 935 2490 est
959 2462 1044 2490 timor

254 2508 363 2536 Domini
379 2509 502 2536 omnium
525 2509 582 2536 Dei.

292 2556 417 2583 Voluntas
431 2561 584 2584 sanctorum
596 2556 748 2590 prudentia.
767 2555 800 2582 Et
814 2555 935 2589 illorum,
951 2556 997 2591 qui
1009 2557 1043 2583 ab

254 2603 328 2629 omni
359 2603 461 2629 malitia
489 2602 594 2638 purgati
622 2605 698 2634 sunt,
721 2605 748 2629 et
779 2601 842 2628 inde
863 2605 968 2636 ponunt
983 2602 1043 2629 sine

253 2647 450 2681 Impedimento
499 2655 667 2682 cognoscere
701 2654 796 2674 verum
834 2646 947 2680 bonum,
985 2646 1042 2674 dis-

252 2695 340 2720 cretio
368 2693 443 2720 circa
465 2693 532 2720 illud
553 2698 595 2720 est
610 2692 755 2727 prudentia
775 2691 858 2718 trium
879 2691 978 2719 anima;
993 2699 1044 2727 po-

253 2741 413 2773 tcntiarum,
432 2740 465 2767 ad
482 2746 627 2767 sermones
641 2739 795 2773 modosque
807 2738 870 2765 boui
891 2738 919 2765 in
940 2745 1043 2773 praece-

254 2792 310 2822 pta.

290 2832 377 2860 Nosse
401 2831 493 2866 legem,
513 2832 589 2859 bona:
607 2835 646 2858 est
672 2830 864 2866 intelligentia.
886 2829 1045 2866 Intelligere

253 2884 356 2913 autem,
366 2887 419 2915 qua
432 2879 500 2907 nihil
513 2877 684 2913 impossibile
699 2881 746 2904 aut
762 2876 872 2912 durum,
887 2879 984 2913 repetit
1002 2878 1042 2906 lex

1097 2282 1151 2314 θῶς
1165 2281 1278 2316 ἀγαθὸν,
1289 2281 1336 2308 καὶ
1350 2281 1496 2316 ἀγαπήσας
1511 2282 1525 2307 ὁ
1539 2279 1660 2311 τοιοῦτος
1672 2279 1750 2311 αὐτὸ,
1760 2279 1796 2310 ὡς
1808 2278 1890 2314 ἔσχα-

1096 2337 1143 2355 τον
1161 2327 1287 2364 ὀρεκτὸν,
1300 2326 1350 2362 τὴν
1366 2326 1462 2353 τούτου
1477 2326 1548 2353 κατὰ
1561 2325 1682 2352 διάθεσιν
1698 2325 1820 2359 ἐπιτείνῃ
1836 2331 1889 2351 πα-

1098 2373 1225 2410 ραδοχήν.
1832 2375 1835 2378 ⁴

1132 2422 1159 2446 ι’.
1177 2418 1269 2453 Ἀρχὴ
1283 2418 1396 2453 σοφίας
1410 2418 1503 2452 φόϐος
1520 2416 1643 2451 Κυρίου.
1661 2415 1745 2451 Ἀρχὴ
1762 2415 1817 2451 γάρ
1831 2415 1890 2441 ἐστι

1096 2465 1146 2500 τῆς
1162 2465 1243 2491 θείων
1258 2463 1432 2500 πραγμάτων
1445 2464 1600 2498 ἐπιστήμης
1611 2463 1626 2489 ὁ
1638 2461 1720 2497 φόϐος
1729 2461 1776 2489 τοῦ
1789 2462 1891 2488 Δεσπό-

1096 2518 1144 2536 του
1164 2510 1219 2536 τῶν
1237 2509 1306 2536 ὅλων
1326 2509 1405 2536 Θεοῦ.

1132 2556 1186 2583 Καὶ
1208 2556 1310 2589 ,βουλὴ
1330 2557 1434 2590 ἁγίων,
1450 2555 1589 2587 σύνεσις.
1609 2554 1665 2581 Καὶ
1678 2553 1734 2580 τῶν
1751 2553 1891 2588 κεκαθαρ-

1099 2602 1187 2637 μένων
1209 2602 1263 2629 ἀπὸ
1281 2603 1372 2637 πάσης
1389 2602 1500 2634 κακίας,
1518 2602 1566 2629 καὶ
1587 2601 1744 2635 δυναμένων
1766 2599 1891 2626 ἐντεῦθεν

1096 2647 1309 2680 ἀνεπικωλύτως
1334 2649 1475 2674 κατανοεῖν
1498 2647 1529 2673 τὸ
1552 2647 1637 2678 ὅντως
1663 2646 1778 2681 ἀγαθὸν,
1794 2646 1810 2681 ἡ
1826 2645 1891 2680 περὶ

1097 2694 1190 2721 τούτου
1202 2694 1349 2730 διάκρισις,
1359 2693 1501 2724 σύννευσίς
1512 2695 1570 2720 ἐστι
1587 2693 1643 2719 τῶν
1652 2692 1735 2728 τριῶν
1742 2691 1791 2727 τ’ἠς
1801 2691 1891 2727 ψυχῆς

1096 2740 1239 2775 δυνάμεων
1262 2740 1331 2775 πρὸς
1344 2740 1409 2772 τοὺς
1424 2740 1484 2766 κατ’
1496 2739 1607 2775 ἐντολὴν
1622 2739 1718 2774 λόγους
1729 2746 1759 2765 τε
1769 2738 1817 2765 καὶ
1827 2739 1891 2773 τρό-

1097 2794 1165 2817 πους
1184 2785 1278 2812 αὑτοῦ.

1136 2831 1172 2858 Τὸ
1193 2831 1228 2857 δὲ
1247 2831 1360 2865 γνῶναι
1381 2833 1486 2867 νόμον,
1503 2832 1639 2865 διανοίας
1661 2830 1749 2858 ἐστίν
1765 2829 1889 2865 ἀγαθῆς.

1098 2877 1135 2904 Τὸ
1159 2877 1188 2904 δὲ
1214 2877 1389 2911 καταλαὸεἴν,
1406 2878 1446 2905 ὅτι
1471 2878 1548 2906 οὐδὲν
1565 2877 1695 2906 ἀδύνατον
1720 2876 1736 2913 ἢ
1761 2875 1889 2912 σκληρὸν,
