2079 3161
190 183 260 216 1305

731 179 1002 211 COMMENTARII
1019 180 1060 211 IN
1082 180 1311 211 PROVERBIA.

1756 176 1826 209 1306

187 241 303 268 ἁπαιτεῖ
318 240 333 266 ὁ
346 239 413 275 πρὸς
430 238 460 264 τὺ
473 237 558 269 ὅντως
573 235 676 270 ἀγαθὸν
690 235 796 271 ὁδηγῶν
811 237 885 271 ἡμᾶς
902 235 984 271 νόμος

1038 239 1151 273 spiritus
1163 246 1214 265 uos
1228 238 1261 264 ad
1275 244 1370 264 verum
1384 235 1483 263 bonum
1496 234 1666 266 conducens,
1678 239 1720 262 est
1735 235 1827 262 scicn-

187 287 235 314 τοῦ
250 285 421 320 Πνεύματος,
437 284 497 315 νοός
517 283 576 310 ἐστι
591 281 811 317 διαλογιζομένου
824 289 854 308 τε
871 280 919 308 καὶ
934 281 983 316 ζη·

187 332 296 364 τοῦντος
309 331 375 358 αὐτὸ
386 331 417 357 τὸ
429 329 537 365 ἀληθῶς
552 328 666 363 ἀγαθόν.

224 382 270 406 ια’.
293 378 394 410 Τούτῳ
408 376 463 411 γὰρ
476 375 516 408 τῷ
531 375 645 409 τρόπῳ,
669 373 771 401 πολὺν
788 372 890 408 ζήσεις
912 372 984 408 χρό-

187 435 253 454 νον.
274 426 318 452 Ἐν
333 425 388 460 γὰρ
411 424 450 460 τῷ
476 423 570 458 ζητεῖν
584 422 616 449 τὺ
631 421 750 456 ἀγαθὸν,
768 420 984 456 προσγενήσεταί

188 483 241 506 σοι,
252 474 326 504 ὅστις
343 473 376 500 ἂν
390 472 438 498 καὶ
463 471 533 506 εἴης,
549 471 566 506 ἡ
582 467 926 506 ἀπέραντος,πνευματικὴ
937 468 985 494 καὶ

188 520 249 547 θεία
269 519 337 553 ζωή.

224 564 279 593 Kal
295 561 533 599 προστεθήσεται
552 569 602 588 σοι
619 561 672 595 ἐτη
687 559 773 594 ζωῆς.
793 559 849 587 Καὶ
868 560 986 586 ὲπεκτα-

188 610 301 647 (λήσεταί
320 618 361 636 σοι
380 608 415 635 τὰ
429 608 476 643 τῆς
489 607 562 642 ζωῆς
582 606 680 642 μέτρα,
699 605 985 641 προσεπικτησαμένῳ

186 655 221 689 τῇ
237 652 363 689 παρούσῃ
380 652 454 687 ζωῇ,
470 651 514 677 διὰ
531 651 580 685 τῆς
597 652 626 677 ἐν
648 650 716 685 αὐτῇ
741 649 889 685 οεαρέστου
908 649 986 676 πολι-

187 699 274 731 τείας,
296 699 344 725 καὶ
362 698 411 733 τὴν
433 697 597 733 μέλλουσαν.

223 745 269 780 ιβ’.
293 744 359 776 Υίὲ,
374 744 429 771 ἐὰν
445 743 542 778 σοφὸς
567 742 639 777 γένῃ
657 740 793 774 σεαυτῷ,
811 741 907 775 σοφὸς
927 740 985 774 ἔσῃ

188 791 236 818 καὶ
251 790 314 823 τοῖς
327 789 463 824 πλησίον
481 796 550 816 σου.
572 789 628 822 Τῆς
643 787 714 822 ἐμῆς
732 786 908 817 διδασκαλίας
922 785 987 812 παί-

187 837 287 872 δευμα,
301 837 325 862 εί
341 835 422 870 σοφὸς
439 834 570 871 ὑπάρξεις
584 833 700 869 σεαυτῷ,
717 833 793 867 φόϐῳ
808 832 873 866 Θείῳ
890 831 986 858 ἑαυτὸν

189 882 324 918 καθάρας,
341 883 388 908 καλ¹
405 881 512 908 συνέσει
523 880 654 915 φωτίσας,
668 879 716 906 καὶ
732 878 814 915 σοφίᾳ
825 877 984 909 τελειώσας,

1035 285 1073 311 tia
1090 284 1150 318 ejus
1167 283 1214 318 qui
1232 283 1336 318 cogitat
1348 285 1375 308 et
1390 281 1486 316 quierit
1505 287 1599 307 reiiiin
1614 280 1726 307 bunum.

1071 369 1155 397 Vsus.
1173 369 1217 395 11.
1237 368 1295 395 [Ioc
1311 368 1482 402 enimmodo,
1505 369 1588 395 multo
1610 368 1676 395 vives
1701 373 1826 403 tempere.

1035 415 1189 449 Quau'eiido
1202 420 1291 442 autem
1307 414 1422 446 bonum,
1450 415 1622 449 superveniet
1644 415 1704 447 libi,
1720 415 1827 450 qualis—

1036 471 1146 498 cunque
1161 463 1258 494 lueris,
1274 462 1392 493 infinita,
1410 461 1561 496 spiriiiialis
1574 466 1601 488 et
1619 461 1711 489 divina
1724 462 1789 489 vita.

1073 550 1106 577 Et
1121 550 1252 578 addentur
1275 550 1322 576 tibi
1337 551 1400 576 anni
1414 550 1484 577 vitae.
1510 549 1543 576 Et
1565 553 1682 584 augetur
1699 557 1827 578 mensura

1035 599 1099 625 vita:
1113 598 1172 630 tibi,
1189 598 1249 633 qui.
1279 597 1407 632 praesenti
1428 597 1510 627 vitae.
1531 595 1567 623 ob
1592 600 1669 622 tuum
1688 604 1736 629 per
1758 597 1828 625 hanc

1036 645 1178 672 cmlesteiii
1198 644 1307 671 vivendi
1321 643 1430 670 modum
1442 663 1450 675 ,
1467 642 1596 669 addidisti
1617 647 1644 669 et
1660 642 1790 669 futuram.

1073 732 1213 762 \'i-:iis.12.
1242 730 1309 764 Fili,
1334 733 1357 758 si
1383 731 1488 764 δαρὶεηδ
1505 731 1558 758 eris
1573 731 1620 757 tibi
1642 731 1702 764 ipsi,
1722 732 1828 764 sapiens

1036 779 1088 805 eris
1099 783 1124 805 et
1135 778 1267 812 proximo.
1280 777 1416 804 Doctrina:
1433 783 1500 804 meas
1513 776 1658 811 discipule.
1677 777 1699 803 si
1718 778 1828 812 Sapiens

1036 825 1091 852 eris
1108 824 1179 859 apud
1189 823 1376 858 temetipsum,
1387 827 1469 850 temet
1485 823 1582 850 timore
1602 822 1648 849 Dei
1666 823 1827 856 purilicaus,

1037 869 1182 905 prudentia
1210 869 1382 902 illuminans,
1403 872 1431 896 et
1454 868 1590 902 sapientia
1616 869 1774 903 perliciens,
1799 873 1827 895 cl.

187 928 302 959 καὶτοῖς
318 928 433 962 ἔγγιστά
448 936 509 959 σου,
526 927 638 962 ζηλοῦσι
653 935 701 953 σου
716 926 746 953 τὸ
762 926 856 961 σοφὸν,
873 925 986 952 κάντεῦ-

1038 915 1082 942 his
1101 915 1149 949 qui
1164 915 1212 941 tibi
1226 914 1346 950 proximi
1365 918 1442 946 sunt,
1462 917 1490 941 et
1505 914 1674 941 aemulantur
1688 917 1764 941 tuam
1784 922 1828 942 sa-

189 974 236 1002 θεν
260 974 432 1009 πειθομένοις
450 974 508 1005 τοῖς
533 973 622 1007 λόγοις
645 981 703 1005 σου,
728 972 776 999 καὶ
803 971 984 1007 μιμουμένοις

188 1020 254 1051 τοὺς
273 1021 391 1056 τρόπους
416 1027 474 1051 σου,
491 1019 625 1054 ὑπάρξεις
638 1018 734 1053 σοφός·
750 1018 789 1050 ὡς
813 1017 862 1045 καὶ
884 1017 984 1050 αὐτοὺς

189 1065 328 1101 φωτίζων,
344 1066 392 1092 καὶ
406 1065 557 1100 καθαίρων,
576 1065 624 1091 καὶ
638 1063 761 1091 τελειῶν.

223 1122 296 1149 Ἐὰν
309 1121 344 1148 δὲ
354 1122 446 1154 κακὸς
456 1120 585 1155 ἀποϐῇς,
599 1121 692 1155 μόνος
704 1119 869 1155 ἀντλήσεις
882 1118 919 1146 τὰ
931 1127 985 1145 κα-

189 1168 237 1196 κά.
260 1168 292 1194 Εἰ
310 1167 339 1194 δὲ
355 1168 415 1198 ταῖς
429 1167 500 1194 κατὰ
527 1167 626 1202 μικρὸν
640 1167 760 1198 ἀπάταις
780 1166 828 1193 τοῦ
854 1165 985 1202 πονηροῦ,

188 1214 290 1246 κακίας
311 1213 410 1246 μεστὸς
433 1213 637 1249 ἀποτελεσθῇς,
661 1214 691 1239 έν
708 1214 747 1249 τῷ
766 1214 849 1248 μηδὲν
866 1212 985 1248 χρηστὸν

188 1261 308 1295 φρονεῖν,
326 1259 342 1294 ἢ
357 1259 459 1291 λαλεῖν,
471 1259 553 1286 αὑτὸν
569 1260 609 1291 είς
624 1258 706 1285 αὐτὸν
721 1258 862 1293 ὲπισπάσῃ
877 1258 912 1284 τα
925 1257 987 1284 ταύ-

188 1314 238 1341 της
254 1306 391 1341 ἐπίχειρα,
404 1305 451 1331 καὶ
467 1306 504 1340 μή
520 1304 593 1336 τινός
609 1313 651 1332 σοι
662 1304 750 1332 ταῦτα
766 1304 925 1339 ὲπαγόντος.

227 1363 277 1393 '0;
302 1361 446 1395 ἐρείδεται
470 1361 520 1388 ἐπὶ
541 1361 705 1396 ψεύδεσιν,
733 1359 824 1395 οὗτος
849 1361 991 1396 ποιμανεῖ

189 1406 329 1442 ἀνέμους.
344 1407 394 1439 Ὃς
419 1416 460 1439 τις
483 1408 538 1443 γὰρ
553 1408 683 1434 πέποιθεν
699 1408 746 1435 ἐπὶ
762 1409 819 1439 τοῖς
837 1407 987 1442 ἀπατηλοῖς

189 1463 219 1481 τε
235 1455 282 1480 καὶ
298 1454 417 1490 ῥέουσιν,
433 1451 510 1486 οὗτος
525 1455 689 1489 κυϐερνήσει
704 1455 738 1481 τὰ
757 1454 890 1489 ἱστάμενα
900 1473 907 1484 ,
923 1462 987 1480 συν-

190 1500 381 1535 αλλοιούμενος
404 1501 461 1532 τοῖς
484 1501 658 1532 ἀλλοιωτοῖς,
675 1501 704 1527 ὲν
730 1500 768 1536 τῷ
794 1500 831 1536 μὴ
855 1500 986 1527 δύνασθαι

191 1546 287 1581 στῆσαι
303 1546 354 1580 τὴν
370 1545 474 1573 τούτων
488 1547 586 1582 φορὰν,
603 1546 641 1578 ὡς
655 1546 710 1573 οὐδ’
720 1547 833 1582 ἀνέμων
851 1547 947 1582 πνοήν,

1037 961 1178 997 pientiam,
1191 965 1218 989 et
1227 961 1291 988 inde
1306 961 1360 988 tuis
1375 960 1469 988 verbis
1481 960 1609 993 credunt,
1622 964 1650 987 et
1664 965 1726 988 tuos
1736 968 1828 990 mores

1037 1008 1193 1040 imitantur,
1211 1007 1325 1042 sapiens
1348 1007 1420 1039 eris;
1448 1011 1578 1041 tanquam
1601 1006 1663 1034 illos
1677 1010 1705 1034 et
1725 1006 1828 1035 illumi-

1037 1062 1120 1086 naus,
1138 1058 1164 1082 et
1177 1053 1341 1089 puriﬁcans,
1357 1057 1384 1081 et
1402 1053 1557 1088 perﬁciens.

1073 1111 1103 1140 Si
1114 1112 1201 1138 malus
1217 1111 1344 1144 evaseris,
1370 1112 1442 1139 salus
1462 1111 1569 1139 hauriet
1584 1113 1667 1140 mala.
1689 1112 1717 1140 Si
1734 1114 1828 1148 paula-

1037 1160 1085 1186 tim
1103 1158 1235 1187 daeiuonis
1248 1158 1380 1191 fallaciis,
1395 1158 1506 1186 malitiae
1519 1159 1614 1194 plenus
1631 1158 1768 1191 eﬂiciaris,
1790 1161 1826 1187 ita

1038 1209 1068 1232 ut
1096 1205 1222 1232 decentia
1253 1211 1308 1232 nou
1343 1205 1449 1239 cogites
1485 1205 1528 1232 vel
1558 1205 1688 1240 loquaris,
1717 1205 1828 1240 ipsein

1038 1250 1213 1286 temetipsum
1235 1251 1371 1278 attraxisti
1397 1251 1507 1279 malitiae
1534 1251 1654 1286 praemia,
1685 1256 1712 1279 et
1736 1253 1829 1281 nullus

1037 1295 1096 1323 haec
1111 1297 1158 1323 tibi
1178 1296 1303 1324 adduxit.

1074 1353 1127 1386 Qui
1154 1353 1251 1381 nititur
1266 1354 1424 1386 mendaciis,
1450 1355 1536 1388 pascit
1561 1360 1658 1382 remos.
1674 1355 1726 1388 Qui
1741 1356 1832 1384 credit

1038 1400 1158 1429 fallaciis
1174 1407 1202 1430 et
1219 1403 1323 1435 verbis,
1344 1403 1482 1437 gubernat
1494 1403 1612 1433 stabilia.
1633 1405 1691 1438 ipse
1707 1407 1830 1431 mutatus

1037 1455 1100 1476 cuin
1120 1448 1314 1483 mutabilibus,
1331 1449 1394 1484 quia
1415 1457 1468 1476 uou
1486 1453 1576 1484 potest
1593 1456 1688 1476 eorum
1699 1449 1830 1478 cohibere

1039 1494 1183 1530 impetum,
1201 1502 1256 1522 non
1275 1495 1364 1530 magis
1388 1503 1419 1522 ac
1436 1499 1580 1522 ventorum
1598 1495 1759 1530 procellam.

232 1604 263 1631 '0
278 1604 305 1631 δ’
315 1604 406 1637 αὐτὸς
419 1603 554 1636 διώξεται
570 1603 658 1638 ὄρνεα
676 1603 836 1638 πετόμενα.
855 1603 885 1630 Ὀ
898 1603 986 1630 τοιοῦ-

1074 1602 1127 1630 Ille
1140 1604 1307 1638 persequitur
1321 1611 1380 1640 ares
1394 1602 1522 1630 volantes.
1552 1603 1601 1630 Ille
1623 1603 1764 1631 incassum
1781 1610 1830 1630 ca-

190 1661 235 1684 τος
247 1652 274 1678 δὲ
285 1651 450 1678 καταλαὸεῖν
463 1650 586 1686 ματαίως
599 1650 768 1685 ἐπιχειρήσει
781 1649 816 1677 τὰ
826 1649 905 1684 δίκην
918 1658 988 1686 πτη-

191 1698 245 1726 νῶν
260 1697 344 1731 ὀξέως
362 1697 500 1733 φερόμενα
514 1698 547 1724 ὲκ
563 1697 699 1732 γενέσεως
713 1696 754 1728 είς
769 1696 885 1731 φθοράν.

227 1754 369 1782 Ἀπέλιπε
390 1753 446 1789 γὰρ
469 1753 559 1787 ὀδοὺς
585 1753 640 1780 τοῦ
663 1752 773 1780 ἑαυτοῦ
798 1752 986 1788 ἀμπελῶνος.

147 1806 150 1809 ’
191 1801 331 1829 Κατέλιπε
352 1801 407 1836 γὰρ
430 1801 480 1832 τὰς
503 1800 563 1826 κατ’
575 1799 727 1834 ἐπίγνωσιν
750 1798 889 1834 φερούσας
913 1798 988 1830 θείας

191 1847 301 1878 ἐντολὰς
319 1847 360 1878 είς
376 1847 421 1873 τὸν
435 1845 566 1881 εἰρηκότα
579 1865 586 1878 ,
602 1845 644 1871 ὅτι
661 1843 731 1878 Ἐγώ
746 1844 804 1879 ειμι
818 1844 835 1879 ἡ
851 1843 986 1878 ἄμπελος,

191 1893 258 1919 Θεὸν
273 1892 371 1926 Λόγον,
387 1892 416 1918 έν
432 1888 454 1925 ᾧ
467 1890 672 1925 πεφυτευμένος
687 1890 755 1923 ἐστὶ,
774 1890 846 1917 κατὰ
875 1890 920 1917 τὸν
937 1890 988 1925 τῆς

193 1939 261 1970 ἰδίας
277 1938 385 1973 φύσεως
400 1938 477 1972 λόγον
492 1937 646 1972 ἄνθρωπος,
660 1937 698 1968 ὥς
721 1945 747 1963 τι
760 1936 854 1972 κλῆμα
868 1944 875 1952 ·
896 1945 987 1972 γεωρ-

191 1985 248 2020 γῶν
261 1985 311 2021 τὴν
325 1984 402 2020 δίκην
425 1984 498 2011 οἴνου
521 1983 636 2020 καρδίαν
662 1982 863 2018 εὐφραίνουσαν
886 1982 988 2016 γνῶσιν

191 2032 248 2059 τῶν
263 2032 307 2058 δντ
311 2039 360 2058 ων.

229 2087 304 2120 Τοὺς
324 2086 357 2113 δὲ
372 2085 484 2119 ἄξονας
505 2084 559 2112 τοῦ
573 2085 650 2112 ἰδίου
663 2085 807 2121 γεωργίου
826 2084 985 2117 πεπλάνηο

191 2143 248 2161 ται.
263 2134 315 2160 Τὸν
328 2133 357 2160 δὲ
373 2132 436 2159 νοῦν
451 2132 499 2158 καὶ
512 2133 557 2158 τὸν
571 2131 660 2166 λόγον,
677 2132 701 2158 οἳ
715 2131 763 2167 τὴν
775 2131 843 2166 μετὰ
859 2130 987 2165 γνώσεως

191 2181 292 2216 ἀρετὴν
305 2181 404 2206 οἰκεῖον
419 2179 554 2214 γεώργιον
568 2179 691 2212 ἄγουσιν,
710 2179 862 2212 ἠπάτηται.

228 2236 436 2270 Δια-πορεύεται
450 2235 487 2262 δι’
502 2235 635 2269 ἀνύδρου
650 2235 774 2270 ἐρήμου,
789 2235 838 2262 καί
854 2235 913 2270 γῆν
923 2236 987 2262 δια-

193 2282 376 2318 τεταγμένην
392 2282 425 2309 ἐν
441 2281 617 2316 διψώδεσιν.
649 2282 704 2308 Καὶ
718 2281 887 2316 διεξέρχεται
911 2281 986 2317 ζωήν

193 2337 224 2355 τε
239 2328 426 2364 ἐστερημένην
443 2328 633 2362 πνευματικῆς
649 2327 824 2359 διδασκαλίας
831 2328 910 2363 δίκην
923 2327 987 2354 ὓδα-

193 2383 239 2407 τος
255 2374 423 2410 ἁρδευούσης
450 2374 539 2411 ψυχὴν
556 2374 623 2410 πρὸς
645 2374 837 2410 καρποφορίαν
853 2374 907 2401 τῶν
920 2375 986 2409 ἀρε-

194 2421 259 2455 τῶν,
271 2421 318 2448 καὶ
334 2421 436 2456 παγίαν
454 2421 512 2454 ἕξιν
542 2421 640 2452 κακίας
669 2421 874 2456 έφηπλωμένην
887 2421 916 2447 ὲν
933 2421 986 2456 ψυ-

195 2469 256 2504 χαῖς
269 2467 372 2494 ὲνδεέσι
386 2468 436 2502 τῆς
451 2467 600 2503 εἰρημένης
613 2466 688 2498 θείας
705 2465 893 2497 διδασκαλίας.

230 2523 357 2558 Συνάγει
369 2522 403 2550 δὲ
423 2522 530 2558 χερσίν
545 2522 705 2557 ἀκαρπίαν.
720 2521 774 2549 Καὶ
788 2521 913 2556 συλλέγει
926 2522 987 2548 κατ’

195 2569 334 2604 ἐνέργειαν
349 2569 409 2600 ταῖς
425 2569 592 2604 πρακτικαῖς
606 2569 655 2603 τῆς
668 2567 758 2602 ψυχῆς
771 2566 856 2594 αὐτοῦ
869 2567 986 2601 δυνάμε-

196 2622 238 2640 σιν
247 2614 395 2648 ἁμαρτίαν,
409 2613 427 2647 ἦ
441 2613 482 2644 τίς
496 2613 578 2648 (sem)
591 2613 719 2648 στέρησις
735 2612 782 2639 τοῦ
802 2612 988 2647 πνευματικοῦ

196 2659 301 2696 καρποῦ
316 2659 370 2686 τῶν
389 2658 506 2694 ἀρετῶν.

233 2730 279 2762 ιγ’.
291 2727 376 2761 Γυνὴ
397 2727 500 2761 ἄφρων
513 2726 563 2753 καί
584 2726 718 2760 θρασεῖα,
744 2726 852 2760 ἐνδεὴς
881 2726 988 2761 ψωμοῦ

198 2773 321 2808 γίνεται.
346 2772 485 2800 Φαντασία
509 2772 564 2808 γὰρ
593 2773 763 2808 ἑστερημένη
780 2773 858 2805 θείας
870 2774 987 2805 ἐννοίας,

198 2819 245 2846 καὶ
270 2819 420 2854 προπετὴς,
437 2819 474 2851 ὡς
488 2819 543 2854 πρὸ
559 2819 608 2854 τῆς
633 2819 704 2845 κατὰ
723 2818 801 2853 λόγον
827 2819 945 2854 κρίσεως
958 2819 989 2846 τὸ

197 2864 293 2891 δοκοῦν
320 2866 389 2901 αὐτῇ
406 2865 545 2901 κρίνουσα,
572 2865 764 2901 συναπτομένη
782 2866 932 2900 ἀλογίστως
947 2865 987 2901 τῷ

199 2911 371 2948 ὴπατημένῳ
387 2912 452 2948 παρ’
481 2911 565 2947 αὐτῆς
577 2911 626 2947 νῷ,
644 2910 674 2937 ὲν
687 2910 724 2947 τῷ
734 2911 784 2948 τὴν
799 2911 849 2948 μὲν
865 2911 988 2940 σύνοικον

1037 1659 1104 1688 pere
1121 1652 1220 1680 nititur
1233 1660 1277 1684 ea,
1294 1660 1355 1688 quae
1368 1652 1446 1687 quasi
1461 1659 1537 1683 aves,
1553 1652 1686 1679 velociter
1700 1659 1715 1678 a
1728 1652 1829 1679 nativi-

1039 1704 1096 1727 tate
1112 1701 1145 1727 ad
1166 1704 1281 1726 mortem
1299 1702 1457 1734 properant.

1075 1756 1210 1791 Relinquit
1227 1757 1281 1783 vias
1294 1757 1410 1791 propria:
1430 1756 1500 1783 uilis.
1516 1754 1658 1789 Relinquit.
1681 1754 1727 1782 Dei
1751 1762 1829 1782 man-

1037 1803 1101 1831 data
1113 1811 1173 1838 qua:
1186 1804 1338 1830 secundum
1351 1803 1578 1838 recognitionem,
1591 1802 1698 1829 ducunt
1708 1801 1740 1828 ad
1752 1802 1829 1828 illum

1039 1851 1086 1885 qui
1104 1850 1184 1883 dixit,
1193 1849 1250 1884 Ego
1272 1857 1333 1877 sum
1352 1849 1426 1882 vitis,
1443 1849 1566 1876 divinum
1581 1848 1714 1881 Verbum,
1731 1847 1757 1874 in
1775 1855 1830 1882 quo

1038 1896 1178 1931 plautatus
1207 1900 1249 1923 est
1273 1895 1355 1923 h0ino
1376 1895 1526 1923 secundum
1550 1893 1685 1921 rationein
1714 1893 1831 1928 prnpria:

1039 1947 1154 1971 naturae.
1184 1945 1214 1968 Iit
1237 1946 1427 1973 sarmentum;
1453 1941 1558 1974 roleus,
1583 1948 1645 1976 qua:
1665 1940 1752 1966 instar
1773 1938 1830 1966 viui

1038 1996 1086 2015 cor
1101 1988 1228 2020 delectat,
1250 1995 1340 2015 rerum
1358 1987 1515 2015 scientiam.

1074 2091 1110 2117 Et
1126 2098 1171 2124 per
1188 2090 1297 2117 semitas
1315 2090 1357 2117 sui
1372 2090 1431 2125 agri
1450 2094 1578 2124 pererrat.
1596 2089 1733 2117 Percurrit
1748 2089 1830 2116 intel-

1039 2136 1177 2170 ligentiam
1192 2141 1219 2162 et
1236 2142 1404 2168 sermonem,
1420 2136 1479 2171 qui,
1499 2136 1627 2162 virtutem
1642 2143 1705 2161 cuin
1727 2135 1831 2161 doctri-

1039 2190 1084 2212 na.
1111 2183 1250 2218 propriam
1266 2189 1400 2213 messem,
1425 2181 1595 2209 conducunt.

1075 2239 1201 2267 Ambulat
1219 2248 1266 2275 per
1285 2239 1389 2267 deserta
1410 2240 1541 2274 inaquosa
1566 2243 1590 2265 et
1609 2243 1708 2265 terram
1731 2238 1758 2264 in
1782 2237 1829 2265 siti

1039 2287 1220 2313 constitutam.
1235 2287 1266 2313 Et
1286 2287 1436 2321 pertransit
1456 2286 1539 2312 vitain
1553 2284 1688 2319 spirituali
1704 2283 1828 2310 doctrina

1037 2337 1180 2365 egentem,
1204 2331 1323 2357 animam
1353 2338 1430 2357 more
1462 2337 1595 2364 aquarum
1633 2332 1662 2355 ut
1695 2328 1829 2355 virtutum

1039 2375 1144 2403 fructus
1165 2375 1236 2402 feiat
1258 2376 1410 2410 irrigaiite;
1428 2379 1455 2402 et.
1471 2376 1576 2401 lirniam
1597 2373 1660 2400 muli
1679 2378 1830 2400 consuetu-

1038 2422 1128 2449 dinem
1145 2422 1172 2448 iii
1189 2422 1327 2449 mentibus
1341 2422 1422 2456 hujus
1436 2422 1537 2448 divinae
1550 2420 1683 2448 doctrinae
1704 2418 1828 2454 experti-

1038 2468 1091 2495 bus
1105 2468 1278 2502 explicatam.

1075 2522 1184 2557 Colligit
1205 2527 1294 2549 autem
1318 2522 1441 2549 manibus
1468 2522 1648 2549 sterilitatem.
1676 2521 1830 2557 Congregzit

1040 2573 1129 2596 autem
1143 2569 1233 2603 quoad
1247 2569 1395 2596 efﬁcaciam
1413 2568 1511 2595 artivis
1536 2568 1634 2596 animm
1650 2576 1708 2595 sum
1723 2567 1830 2596 viribus

1041 2619 1195 2650 pet-catuiii,
1217 2623 1313 2651 nempe
1331 2615 1484 2651 spirituulis
1499 2615 1630 2643 vii-tutum
1650 2614 1756 2642 fructus
1774 2614 1831 2650 pri‘

1041 2666 1190 2688 VHUOIICIN.

1078 2726 1161 2755 VERS.
1183 2728 1225 2755 15.
1244 2727 1344 2754 Mulier
1365 2727 1449 2754 stulta
1464 2733 1488 2754 et
1504 2727 1594 2754 and/ia:
1606 2726 1723 2754 buecella
1737 2735 1830 2754 carens

1040 2775 1160 2809 efﬁcitur.
1183 2774 1329 2802 Phantasia
1346 2774 1418 2802 enim
1430 2774 1522 2802 divina
1539 2774 1707 2809 cogitatione
1723 2773 1831 2808 privata

1040 2825 1067 2848 et
1087 2827 1220 2855 princeps,
1246 2824 1339 2855 utpote
1363 2827 1423 2854 qua:
1441 2827 1494 2846 uou
1510 2819 1660 2846 secundum
1681 2818 1829 2849 rationem,

1041 2866 1088 2894 sed
1107 2866 1258 2893 secundum
1275 2866 1477 2901 heueplai-itum
1493 2864 1610 2900 iudicat,
1632 2868 1659 2891 et
1681 2863 1830 2890 irrationa—

1040 2912 1135 2942 biliter
1166 2913 1250 2941 menti
1275 2912 1310 2941 ab
1339 2913 1397 2948 ipsa
1414 2913 1534 2948 deceptas
1566 2911 1698 2944 adhaeret,
1717 2909 1828 2944 quando
