2079 3161
213 179 283 211 1309

725 183 994 213 COMMENTARII
1010 184 1052 214 IN
1067 184 1295 215 PRUVEHBIA.

1766 181 1835 213 1310

209 236 260 270 χῆς
288 235 534 271 συμπαραχοεῖσαν
547 237 580 272 τῇ
602 236 693 271 φύσει,
721 238 781 266 ἀλλ’
807 239 991 275 ὲπεγερθεῖσα

1057 239 1083 266 in
1099 246 1198 267 natura
1218 238 1392 274 productum,
1407 237 1455 266 sed
1483 237 1632 265 excitatum
1647 240 1674 266 et
1692 244 1839 273 exaspera-

210 281 304 317 παθῶν
319 282 517 317 ἀγριαίνουσαν
533 283 682 310 θάλασσαν.

245 328 297 355 Καὶ
307 327 465 362 ὑπερϐήσῃ
481 329 617 363 ποταμὸν
630 329 804 365 ἀλλτττριον.
818 330 875 358 Καὶ
888 330 919 357 τὸ
930 331 1001 358 κατὰ

207 372 239 399 τὸ
250 372 415 408 φαινόμενον
423 373 475 408 τῆς
490 373 598 408 φύσεως
616 374 697 408 ῥυτὸν
711 375 759 401 καὶ
771 375 926 410 παροδικδν,
942 375 956 402 δ
967 376 999 412 δὴ

208 417 255 444 καὶ
266 418 332 444 αὐτὸ
343 417 381 454 μὴ
395 419 456 445 κατ’
468 419 557 454 ἀρχὰς
573 419 736 453 συγκτισθὲν
761 421 840 456 αὐτῇ,
863 422 903 452 είς
918 421 1001 448 κατά-

208 471 298 498 κρισιν
313 463 357 491 διὰ
370 464 418 500 τὴν
436 465 593 499 παράϐασιν
607 465 715 498 ἔλασεν,
730 467 811 502 ἀφεὶς
825 467 911 498 κάτω,
926 466 999 501 γνῶ-

206 517 251 536 ναι
263 509 376 543 φθάσεις
388 509 437 544 τὴν
446 510 626 538 ἀναλλοίωτον
634 511 722 546 αὐτῆς
731 512 802 538 κατὰ
814 511 844 538 τὸ
852 511 999 547 νοούμενον

206 554 349 591 διαμονήν.

247 645 314 672 Ἇπὸ
328 645 363 672 δὲ
379 645 489 679 ὓδατος
512 647 677 680 ἀλλοτρίου
710 647 862 682 ἀπόσχου.
883 647 951 674 Ἀπὸ
969 647 998 674 δὲ

205 689 254 722 τῆς
279 689 402 725 θολερᾶς.
428 691 474 717 καὶ
501 692 574 718 κατὰ
599 692 646 719 τὸν
662 693 711 727 τῆς
724 693 833 727 φύσεως
847 692 926 727 λόγον
941 692 997 720 ἀπὸ

204 734 255 770 ’τῆς
269 735 324 762 τῶν
335 737 430 762 παϐὦν
446 737 546 772 ἅλμης,
561 739 597 773 μὴ
615 739 767 774 μετάσχῃς.

240 780 294 807 Kal
315 781 375 808 ἀπὸ
397 782 496 816 πηγῆς
521 783 685 817 ἀλλοτρίας
702 784 745 818 μὴ
774 784 856 818 πίῃς.
875 784 930 811 Καὶ
942 784 996 811 ἀπὸ

204 827 254 861 τῆς
266 828 371 863 ὁρατῶν
386 829 457 856 κατὰ
473 830 557 865 μόνην
580 830 707 865 αἴσθησιν
729 831 866 864 γνώσεως,
879 830 995 865 βλυστα-

204 872 303 908 νούσης
315 873 363 900 οἷά
377 883 448 906 τινος
469 876 562 910 πηγῆς
583 876 633 912 τὴν
650 877 767 911 ῥευστὴν
781 876 829 902 καὶ
844 876 995 912 παροδικὴν

1052 290 1107 311 tum
1121 284 1301 319 cupiditatum
1319 291 1405 310 mare.

1085 329 1118 356 Ει
1130 329 1265 363 superabia
1276 330 1372 363 ﬂumen
1385 329 1559 375 pgrcgrinum.
1574 328 1608 355 Et
1618 327 1689 362 quod
1701 327 1728 354 in
1740 331 1837 356 natura

1050 376 1201 402 Secundum
1218 382 1317 402 sensus
1329 379 1372 402 est
1383 373 1485 401 ﬂuxum
1499 377 1526 400 et
1540 373 1750 406 transitorium;
1764 373 1837 407 quod

1050 420 1159 454 quidem
1180 427 1234 447 non
1250 420 1284 447 ab
1299 419 1378 447 initio
1399 426 1461 446 cum
1476 418 1522 445 illa
1533 423 1656 445 creatum
1674 422 1727 451 est,
1746 418 1792 451 sed
1808 419 1837 445 in

1050 470 1172 493 eamdem
1192 467 1326 493 rationem
1349 465 1472 492 additum
1500 469 1614 500 propter
1635 465 1836 498 transgressio-

1050 520 1124 544 nem,
1144 511 1215 539 infra
1234 516 1260 538 te
1277 512 1429 542 dimittens.
1448 518 1563 538 noscere
1580 510 1724 538 festinabis
1739 511 1836 538 ἰιιιιιιο-

1048 557 1129 585 bilem
1158 558 1223 592 ejus
1261 557 1413 586 secundum
1449 556 1642 592 cogitationem
1667 556 1835 591 permansio-

1048 611 1120 630 lltilll.

1082 649 1121 675 Ab
1140 657 1208 683 aqua
1231 648 1368 684 peregrina
1386 648 1498 676 abstine.
1525 647 1559 676 Et
1580 656 1642 675 cum
1669 648 1791 681 turbido,
1808 653 1836 676 et

1047 695 1200 722 SﬁtftllldUIll
1222 700 1327 722 natura:
1348 695 1480 722 rationem
1506 695 1689 730 cupiditatum
1716 696 1782 722 mari
1803 704 1836 723 ne

1047 747 1153 776 partem
1168 741 1279 768 habeas.

1087 783 1176 819 Neque
1193 784 1266 811 bibus
1280 784 1311 812 de
1323 784 1395 819 [ante
1409 785 1557 820 peregrino.
1573 783 1605 810 Et
1633 785 1666 811 de
1686 783 1834 811 visibilium

1047 840 1095 867 per
1108 833 1182 859 solos
1198 839 1297 859 sensus
1310 831 1441 864 scientia,
1464 831 1647 863 scaturiente,
1666 835 1696 857 ut
1716 830 1836 864 quodam

1047 877 1121 904 fonte
1131 897 1138 909 ,
1153 876 1253 903 ﬂllxam
1268 880 1294 903 et
1314 876 1504 903 transitoriam
1524 876 1674 911 voluptatis
1689 881 1714 903 et
1733 875 1836 902 doloris

204 918 266 945 καθ’
278 919 373 955 ἡδονὴν
383 921 428 946 καὶ
435 921 532 956 ὀδύνην
543 921 626 956 ζωὴν,
639 923 687 948 καὶ
697 922 733 953 ὡς
746 922 851 948 οἰκείαν
862 923 894 957 τῇ
905 922 991 956 ἀλόγῳ

1048 922 1128 949 vitam
1141 929 1148 954 ;
1160 929 1243 956 quam
1260 929 1323 948 vero
1340 927 1370 948 ut
1383 921 1563 948 irrationabili
1576 925 1679 947 natura:
1697 921 1834 956 propriam

205 963 284 997 φύσει
312 965 520 1001 ἀπεξενωμὲνης
547 967 597 1002 τῆς
623 967 776 1002 πεφυκυίας
791 967 826 993 τὰ
848 967 913 994 ὄντα
924 967 995 994 κατὰ

203 1009 281 1044 λόγον
294 1011 458 1038 ἐπίστασθαι
478 1012 590 1048 λογικῆς
607 1013 725 1047 φύσεως,
742 1012 779 1048 μὴ
803 1013 900 1049 γεύσῃ.

241 1055 308 1083 Ἵνα
327 1057 427 1084 πολὺν
442 1057 536 1093 (dom-
549 1060 670 1093 χρόνον.
688 1059 782 1090 Ὅπως
797 1058 912 1094 μόνιμον
934 1059 995 1086 κατ’

203 1100 305 1136 ἀρετὴν
324 1100 356 1136 ζή
362 1110 411 1137 σῃς
426 1102 511 1137 ζωήν.

238 1145 294 1172 Kal
314 1147 552 1180 προστεθήσεται
561 1157 611 1175 σοι
625 1149 676 1183 ἐτη
686 1149 771 1184 ζωῆς.
791 1149 993 1183 Ἐπεκταθήσε-

202 1191 285 1217 ταιδέ
298 1200 338 1217 σοι
350 1192 384 1218 τὰ
396 1193 444 1227 τῆς
460 1195 629 1230 προσκαίρου
645 1195 718 1231 ζωῆς
734 1196 792 1231 ἐτη,
815 1195 995 1231 μεταστειλά-

204 1237 273 1271 μενά
303 1246 333 1264 σε
350 1257 357 1269 ,
386 1239 430 1265 διὰ
455 1239 505 1275 τὴν
533 1241 562 1266 ἐν
588 1241 693 1273 τούτοις
717 1242 810 1269 ἔνθεον
839 1250 887 1268 σου
915 1242 993 1269 πολι-

202 1283 288 1316 τείαν,
319 1285 388 1320 πρὸς
416 1286 466 1322 τὴν
494 1287 644 1322 μέλλουσαν
667 1289 766 1325 ἀγήρω
791 1289 840 1316 καὶ
852 1289 992 1325 μακαρίαν

203 1329 287 1366 ζωήν-

509 1410 637 1439 ΚΕΦΑΛ.
659 1411 687 1440 I'.

237 1477 271 1503 α’.
287 1475 355 1509 Υἱὸς
382 1477 481 1511 σοφὸς
498 1479 653 1512 εὐφραίνει
682 1480 806 1514 πατέρα.
823 1480 922 1508 Ἔνθεν
949 1489 991 1508 τοι

201 1519 278 1554 λόγος
288 1522 445 1557 τικτόμενος
459 1523 508 1558 μὲν
519 1525 573 1550 ἀπὸ
584 1524 642 1557 νοδς
650 1525 722 1552 κατὰ
733 1525 852 1553 διάνοιαν
862 1527 895 1562 τῇ
905 1526 990 1562 ψυχῇ,

202 1566 363 1600 ἐπιστήμων
373 1567 401 1593 δὲ
413 1567 460 1594 τοῦ
471 1568 555 1600 ὅντως
570 1569 664 1601 καλοῦ,
679 1571 822 1605 χαροποιεῖ
838 1579 990 1606 πνευματιο

201 1611 258 1642 κῶς
270 1611 314 1638 διὰ
325 1613 374 1647 τῆς
382 1612 499 1647 ἀληθοῦς
511 1615 575 1649 περὶ
586 1615 641 1641 τῶν
648 1604 733 1642 ὄντων
744 1616 834 1650 δόξης,
843 1615 889 1642 τὸν
903 1604 989 1642 αἴτιον
1004 1604 1025 1633 C

201 1656 282 1683 αὑτοῦ
311 1658 372 1684 νοῦν
388 1658 425 1690 ὡς
443 1660 512 1686 κατὰ
540 1660 620 1694 λόγον
636 1661 738 1696 ταύτης
763 1662 989 1697 ὲπιτυγχίινοντα,

200 1702 230 1729 ἐν
244 1703 283 1739 τῷ
295 1703 388 1737 ζητεῖν
400 1705 490 1732 αίτίαν
504 1706 532 1732 ὲν
551 1706 638 1733 ἅπασι
654 1708 714 1743 μετ’
726 1708 858 1743 ἐφέσεως.

239 1792 306 1822 Υἱὸς
318 1792 353 1818 δὲ
367 1792 479 1826 ἄφρων,
493 1795 576 1828 λύπη
584 1795 682 1829 μητρί.
700 1796 837 1831 Λογισμὸς
849 1797 889 1830 δὲ,
901 1799 991 1825 τικτό-

202 1845 282 1871 μενος
294 1837 344 1872 μὲν
359 1839 419 1864 κατ’
431 1839 582 1876 αἴσθησινῆ
596 1842 747 1875 φαντασίαν
760 1844 792 1878 τῇ
807 1843 991 1879 ψυχῇ,ἀνετ;ι-

201 1883 313 1916 στήμων
323 1884 351 1910 δὲ
363 1884 409 1911 τοῦ
424 1885 509 1916 ὅντως
524 1886 617 1918 καλοῦ,
633 1886 722 1921 λύπης
733 1888 818 1920 αἴτιος
833 1884 932 1925 ταύτῃ,
948 1890 991 1917 διὰ

199 1929 250 1962 τὴν
260 1928 343 1964 ψευδῆ
351 1931 405 1957 τῶν
415 1931 499 1958 ὗντων
507 1932 586 1964 δόξαν
598 1933 628 1965 ἐξ
637 1933 859 1969 ἀποτελέσματος
872 1935 989 1970 γίνεται·

200 1974 350 2011 όρεγομένῃ
379 1976 430 2010 μὲν
457 1977 562 2012 ἡδονῆς,
594 1979 831 2015 περιτυγχανούσῃ
845 1980 873 2007 δὲ
888 1981 968 2017 ὀδύνῃ
981 1990 988 1997 ·

198 2019 241 2046 ὃτι
255 2020 330 2053 τέλος
342 2022 392 2056 τῆς
404 2023 464 2049 κατ’
480 2023 608 2058 αἴσθησιν
619 2024 724 2060 ἡδονῆς,
740 2026 756 2061 ἡ
772 2025 853 2062 ὀδύνη
866 2027 952 2053 ἐστίν.

235 2108 267 2144 β’.
280 2109 341 2136 οὐκ
363 2110 560 2145 ὠφελήσουσι
586 2113 731 2146 θησαυροὶ
756 2113 898 2148 ἀνόμους.
923 2115 991 2141 Οὐδὲ

198 2155 253 2190 γὰρ
268 2155 480 2190 συμϐαλοῦνται,
496 2157 564 2193 πρὸς
580 2158 741 2194 ἀπαλλαγὴν
773 2160 827 2186 τῶν
840 2160 988 2195 ὀδυνηρῶν,

199 2203 310 2235 ταμιεῖα
319 2202 446 2236 πλούτου,
457 2205 512 2235 τοῖς
525 2204 563 2240 μὴ
576 2204 647 2231 κατὰ
661 2206 760 2240 νόμους
777 2205 865 2238 θείους
878 2206 988 2233 κενοῦσι

197 2247 285 2274 ταῦτα
292 2249 349 2280 τοῖς
361 2248 508 2284 δεομένοις.

233 2295 415 2328 Δικαιοσύνη
439 2295 474 2321 δὲ
485 2296 589 2329 ῥύεται
601 2296 636 2323 ἐκ
659 2296 801 2324 θανάτου.
826 2297 858 2324 Ἦ
870 2297 898 2324 δὲ
913 2299 986 2326 κατὰ

196 2340 246 2371 τὰς
265 2339 339 2372 Θείας
353 2342 462 2373 ἐντολὰς
486 2343 688 2378 ὰπαρὲγκλιτος
713 2343 761 2370 τοῦ
785 2343 870 2370 κα.λοῦ
885 2345 986 2379 κρίσις,

196 2386 245 2412 τοῦ
264 2386 325 2414 καθ’
347 2387 484 2423 ἁμαρτίαν
515 2388 566 2424 τῆς
590 2388 680 2425 ψυχῆς
708 2389 875 2417 ἀπαλλάττει
898 2390 988 2418 κινδύσ

197 2439 254 2458 νου.

232 2479 267 2510 γ’.
283 2477 326 2503 Οὐ
348 2478 562 2512 λιμοκτονήσει
584 2479 694 2514 Κύριος
720 2479 825 2514 ψυχὰς
850 2480 985 2508 δικαίων.

195 2523 250 2550 Καὶ
262 2524 292 2550 οὐ
301 2525 427 2560 στερήσει
438 2526 454 2560 ἡ
465 2527 703 2561 παντοκρατορικὴ
717 2526 829 2562 δύναμις
842 2527 889 2554 τοῦ
906 2527 985 2562 Θεοῦ,

195 2570 209 2595 ὁ
221 2570 316 2596 τούτου
329 2571 510 2603 ὲνυπόστατος
522 2573 618 2606 Λόγος,
626 2573 677 2608 τῆς
688 2572 785 2600 ἑαυτοῦ
796 2573 985 2609 μεταλήψεως,

193 2617 276 2650 ἄρτου
291 2617 322 2643 ὲκ
334 2617 381 2643 τοῦ
394 2618 507 2652 οὖρανοῦ
521 2619 741 2651 καταϐαίνοντος,
761 2619 810 2650 τὰς
822 2619 987 2654 πειθομένας

193 2662 280 2697 αὐτῷ,
295 2665 327 2698 τῇ
342 2663 579 2701 αύτοδικαιοσύνῃ,
608 2665 697 2700 ψυχὰς
723 2665 777 2691 τῶν
801 2664 926 2691 ἐντεῦθεν
941 2664 983 2691 δι-

193 2707 278 2740 καίως
291 2708 508 2744 πολιτευομένων
521 2710 593 2736 κατὰ
615 2710 716 2744 πρᾶξιν
729 2710 782 2737 τῶν
798 2711 883 2744 ἁγίων
901 2710 986 2737 αὑτοῦ

194 2754 323 2781 ἐντολῶν.

228 2799 315 2833 Ζωὴν
327 2799 361 2826 δὲ
375 2799 495 2828 ἀσεϐῶν
506 2800 677 2834 ἀνατρέψει.
691 2801 747 2837 Τὴν
760 2801 788 2828 δὲ
800 2802 924 2836 eodem
940 2803 985 2829 καὶ

192 2843 334 2879 φιλήδονον
352 2845 424 2880 ζωὴν
448 2845 503 2871 τῶν
522 2845 560 2881 μὴ
574 2845 757 2872 πιστευόντων
772 2848 812 2878 εἰς
828 2848 920 2880 αὑτὸν,
938 2848 986 2874 καὶ

192 2889 304 2925 (pLth
314 2890 368 2917 τῶν
381 2892 431 2927 τῆς
443 2891 617 2927 δικαιοσύνης
630 2891 720 2929 ἔργων
734 2892 878 2928 τιμώντων
892 2894 983 2927 αὑτὸν,

1045 967 1155 1003 expellit
1172 967 1343 995 rationabilis
1367 972 1464 994 natura
1485 967 1519 994 ad
1538 974 1582 994 res
1598 966 1705 994 ratione
1724 973 1838 1001 cognos-

1045 1014 1149 1041 cendas
1165 1019 1238 1048 apta,
1251 1013 1306 1040 noli
1322 1017 1448 1048 gustare.
1466 1014 1473 1022 '

1083 1058 1115 1086 Ut
1130 1060 1242 1086 multum
1254 1060 1325 1086 vivos
1340 1063 1452 1093 tempus.
1462 1057 1498 1085 Ut
1511 1057 1636 1086 stabilem
1649 1065 1696 1092 per
1708 1058 1836 1084 virtutem

1044 1107 1121 1133 viras
1135 1107 1230 1133 vitam.

1083 1151 1116 1178 Et
1147 1152 1277 1178 addentur
1296 1151 1344 1177 tibi
1361 1150 1424 1177 anni
1445 1150 1516 1178 vim.
1561 1149 1752 1177 Extendentur
1783 1148 1834 1176 tibi

1044 1201 1241 1224 momentaneze
1251 1197 1312 1224 vitta
1326 1196 1389 1223 anni
1401 1215 1409 1227 ,
1421 1200 1592 1223 arcessentes
1605 1199 1631 1222 te
1645 1197 1756 1229 propter
1767 1194 1835 1221 divi-

1044 1250 1106 1269 nam
1122 1246 1195 1269 tuam
1211 1244 1239 1270 in
1253 1242 1309 1270 illis
1320 1241 1418 1278 agendi
1434 1240 1589 1269 rationibus
1605 1240 1760 1268 adfuturam
1775 1239 1835 1268 sine

1043 1290 1098 1318 lino
1111 1294 1138 1317 et
1152 1289 1260 1317 beatam
1275 1289 1369 1317 vitam.

1372 1406 1450 1434 CAP.
1471 1407 1506 1435 X.

1078 1474 1162 1503 Vens.
1180 1475 1206 1502 1.
1232 1475 1320 1502 Filius
1344 1476 1447 1510 sapiens
1484 1475 1605 1510 laetiﬁcat
1632 1481 1745 1510 patrem.
1771 1475 1835 1503 lude

1043 1528 1109 1548 sane
1125 1521 1195 1548 ratio
1208 1528 1224 1548 a
1240 1525 1330 1548 mente
1351 1529 1400 1556 per
1421 1522 1614 1556 cogitationem
1634 1523 1660 1548 in
1681 1523 1772 1549 anima
1789 1530 1835 1556 ge-

1043 1571 1147 1596 nerata,
1168 1572 1286 1592 noscens
1311 1569 1401 1592 autem
1425 1565 1499 1600 quod
1521 1573 1584 1592 vere
1606 1566 1752 1600 pulchrum
1779 1569 1832 1597 est,

1042 1618 1089 1645 per
1104 1618 1197 1638 veram
1211 1610 1246 1637 de
1261 1611 1344 1638 rebus
1357 1611 1514 1646 opinionem
1528 1619 1639 1638 causam
1656 1612 1743 1646 ipsius
1758 1619 1834 1638 men-

1042 1660 1095 1682 te.u
1128 1655 1260 1688 laetiﬁcat,
1288 1663 1348 1691 quae
1375 1657 1526 1683 secumlum
1552 1657 1685 1684 rationem
1721 1655 1832 1683 veritati

1042 1701 1175 1734 occurrit,
1197 1701 1262 1728 dum
1287 1701 1316 1728 in
1340 1701 1470 1730 omnibus
1495 1709 1608 1728 causam
1635 1701 1765 1728 ardenter
1791 1701 1834 1728 in-

1041 1747 1138 1781 quirit.

1079 1791 1169 1820 Filius
1198 1801 1258 1821 vero
1283 1794 1392 1826 stultus,
1415 1793 1541 1821 maestitia
1567 1793 1660 1820 matri.
1694 1792 1832 1828 Cogitatio

1042 1843 1143 1871 autem.
1162 1839 1313 1867 secundum
1329 1847 1428 1868 sensus
1443 1843 1490 1866 aut
1507 1839 1679 1874 phantasiam
1696 1839 1723 1865 in
1738 1838 1831 1866 anima

1042 1891 1181 1920 generata,
1195 1886 1277 1920 hujus
1285 1894 1351 1913 vero
1360 1886 1431 1921 quod
1445 1892 1506 1912 vere
1518 1885 1663 1920 pulchrum
1675 1889 1718 1912 est
1728 1886 1830 1918 ignara,

1042 1932 1180 1960 mestitiae
1190 1940 1273 1960 causa
1286 1933 1383 1959 animm
1398 1932 1426 1958 (it
1441 1939 1474 1958 ex
1489 1935 1598 1962 eventu,
1612 1935 1723 1965 propter
1736 1930 1831 1957 falsam

1041 1979 1074 2006 de
1090 1980 1170 2006 rebus
1181 1979 1351 2014 opinionem,
1368 1985 1430 2014 qua
1451 1977 1561 2013 quidem
1579 1977 1700 2003 laetitiam
1717 1976 1830 2010 appetit.

1041 2024 1163 2052 dolorem
1182 2032 1247 2052 vero
1267 2024 1383 2056 invenit,
1406 2023 1471 2058 quia
1495 2022 1558 2050 ﬁnis
1584 2021 1668 2057 hujus
1699 2030 1760 2057 qua
1782 2029 1831 2056 per

1041 2079 1139 2099 Sensus
1155 2075 1197 2098 est
1213 2071 1322 2102 laetitize,
1336 2070 1415 2096 dolor
1428 2074 1481 2097 est.

1077 2116 1160 2144 Vens.
1184 2117 1211 2143 2.
1229 2115 1307 2143 Nihil
1331 2115 1477 2150 proderunt
1503 2115 1623 2142 thesauri
1645 2115 1746 2150 impiis.
1770 2114 1829 2142 Non

1041 2163 1113 2189 enim
1138 2163 1171 2190 ad
1198 2163 1333 2189 malorum
1352 2163 1543 2189 liberationem
1568 2162 1700 2196 adjuvant
1732 2161 1828 2188 aeraria

1040 2208 1197 2235 divitiarum
1216 2216 1264 2236 eos
1278 2207 1324 2242 qui
1338 2215 1393 2235 non
1407 2215 1439 2235 ea
1455 2207 1531 2242 juxta
1545 2207 1618 2243 leges
1633 2207 1741 2234 divinas
1755 2205 1828 2233 indi-

1004 2272 1026 2300 D
1040 2254 1167 2289 gentibus
1179 2254 1342 2290 largiuntur.

1074 2300 1188 2327 iustitia
1207 2309 1266 2328 vero
1280 2301 1402 2327 liberabit
1421 2309 1439 2327 a
1463 2305 1558 2327 morte.
1584 2298 1651 2332 Qua:
1667 2306 1733 2326 vero
1751 2298 1828 2333 iuxta

1040 2345 1132 2373 divina
1148 2347 1273 2373 mandata
1285 2346 1493 2377 inﬂexibilisfest
1507 2346 1541 2373 de
1556 2345 1628 2373 bono
1644 2346 1792 2378 sententia.
1807 2353 1824 2373 a

1039 2392 1161 2426 periculo
1172 2392 1276 2426 peccati
1293 2393 1412 2419 animam
1427 2392 1535 2419 liberat.

1076 2479 1156 2508 Vens.
1173 2481 1199 2508 5.
1214 2479 1275 2508 Non
1288 2481 1382 2516 afﬂiget
1399 2480 1528 2508 Dominus
1537 2480 1608 2515 fame
1622 2480 1725 2508 animos
1738 2480 1827 2516 justo-

1038 2535 1108 2554 rum.
1137 2527 1197 2554 Non
1224 2527 1341 2560 privabit
1367 2527 1439 2554 enim
1469 2527 1643 2562 omnipotens
1672 2526 1825 2554 dominatio

1039 2573 1097 2605 Dei,
1112 2573 1348 2599 consubstantiale
1363 2572 1424 2607 ejus
1451 2572 1580 2605 Verbum,
1599 2573 1641 2599 sui
1658 2573 1824 2607 receptione,

1038 2626 1107 2653 pane
1119 2617 1151 2644 de
1166 2618 1235 2645 cmlo
1250 2617 1443 2648 descendente.
1461 2617 1568 2644 animas
1585 2618 1635 2652 ipsi
1649 2617 1765 2652 justitim
1781 2616 1825 2643 di-

1038 2666 1106 2691 vim“:
1118 2664 1287 2695 obedientes,
1309 2671 1404 2691 eorum
1421 2664 1528 2690 animas
1545 2664 1590 2696 qui
1607 2663 1650 2690 hic
1664 2662 1740 2697 juste
1763 2671 1826 2697 cge-

1037 2715 1101 2737 runt
1120 2718 1167 2744 per
1181 2714 1342 2737 sanctorum
1363 2709 1450 2744 ipsius
1469 2708 1661 2735 mandatorum
1690 2709 1825 2744 adimple-

1038 2757 1150 2783 tionem.

1076 2803 1164 2830 l'ilam
1179 2806 1267 2829 autem
1291 2802 1433 2837 impiorum
1455 2802 1596 2829 subvertet.
1616 2801 1701 2828 Vitam
1730 2805 1821 2828 autent

1036 2852 1193 2875 terrestrem
1205 2851 1232 2875 et
1246 2848 1436 2882 voluptuosam
1459 2855 1554 2874 eorum
1575 2847 1620 2881 qui
1637 2854 1691 2873 non
1708 2846 1735 2872 in
1757 2851 1821 2871 eum

1035 2892 1213 2920 crediderunt
1226 2899 1275 2919 nec
1287 2900 1336 2927 per
1349 2899 1432 2928 opera
1446 2891 1562 2927 justitta:
1578 2891 1654 2917 illum
1671 2889 1778 2922 colunt,
1796 2889 1824 2916 in
