2079 3161
259 183 323 216 1311

885 187 1062 219 PROCOPII
1082 189 1204 219 GAZ;E[

1817 188 1887 220 1312

254 239 381 267 acerbam
398 239 482 268 vitam
498 246 657 273 convertet;
674 242 785 277 quando
798 242 908 278 quidem
926 247 953 270 et
970 251 1030 278 prae-

1090 245 1130 276 είς
1156 244 1291 280 ὀδυνηρὰν
1319 245 1430 277 πάντως
1455 245 1633 282 περιτρέψει·
1652 245 1682 271 ὲν
1694 244 1733 280 τῷ
1748 254 1813 272 ποτε
1835 247 1883 273 καὶ

253 286 378 314 sentibus
398 286 578 322 privabuntur
592 293 620 315 et
638 288 730 315 fultura
749 296 804 316 non
825 294 1019 324 assequentur.

287 384 368 413 Vens.
381 386 407 414 ι.
423 387 570 422 Paupertas
582 389 666 415 virum
679 389 813 422 deprimit.
825 388 931 417 Etenim
947 389 1040 417 oriens

250 439 282 459 cx
303 432 466 468 negligentia
481 434 666 468 spiritualium
681 435 759 469 juxta
772 434 926 462 doctrinam
940 439 967 462 et
983 436 1040 462 vir-

225 477 231 483 ”
252 482 334 505 lutem
344 478 499 506 divitiarum
511 480 671 514 indigentia.
685 488 748 508 eum
760 481 806 516 qui
823 480 906 508 homo
928 481 1038 516 quidem

249 527 303 553 est,
319 532 380 550 cum
405 531 499 552 natura
521 526 636 553 sortitus
654 527 690 554 sit
707 526 740 554 ad
758 526 803 554 Dei
819 527 972 561 'imagiuem
989 535 1040 561 po-

249 570 362 595 tentiam
379 572 496 596 activam
514 574 540 597 rt
557 571 692 604 liberaui;
709 579 771 598 eum
785 579 850 598 vero
868 571 913 606 qui
927 579 980 598 non
997 575 1039 599 cst

250 612 349 645 virilis,
367 614 467 648 quippe
488 615 534 649 qui
555 623 609 645 non
628 616 758 650 operibus
778 624 826 643 sua
841 617 977 643 electione
992 625 1040 644 os-

249 659 368 685 tenderit
395 660 428 686 ad
458 659 504 687 Dei
525 660 731 688 similitudinem
754 661 837 696 hujus
863 662 1038 690 rationabilis

248 704 376 738 potentiae
390 705 441 731 vim
460 710 486 732 et
509 706 672 739 libertatem,
697 707 723 734 in
748 708 977 735 irrationabilium
993 716 1039 736 cu-

248 749 391 783 piditatum
421 752 581 778 servitutem
599 758 623 779 et
638 752 759 781 dedecus
781 753 903 788 deducit,
920 755 1038 789 conjun-

246 799 320 822 ctum
339 797 424 824 brutis
446 802 471 824 et
487 797 541 824 illis
557 798 674 825 similem
693 798 806 826 factum.

282 841 379 869 Manus
401 849 488 870 autem
514 844 624 878 fortium
651 845 759 872 divitias
797 849 905 879 parant.
934 845 1037 873 Activze

246 890 337 913 autem
353 887 425 914 vires
441 895 536 915 eorum
553 889 598 924 qui
617 889 747 923 operibus
770 891 961 918 rationabilem
986 898 1035 924 po-

1089 291 1144 317 τῶν
1161 292 1305 327 παρόντων
1330 292 1498 328 στερηθῆναι
1514 293 1624 326 αὐτοὺς,
1639 291 1755 319 καὶτῶν
1771 292 1884 328 μελλόν-

1091 346 1146 364 των
1159 337 1196 372 μὴ
1210 338 1362 372 ἐπιτυχεῖν.

1124 383 1155 409 δ’.
1171 383 1264 409 Πενία
1275 382 1369 417 ἄνδρα
1381 382 1525 410 ταπεινοῖ.
1549 382 1605 409 Καὶ
1617 382 1671 418 γὰρ
1684 383 1700 418 ὴ
1713 382 1742 416 ἐξ
1754 382 1885 418 ἀμελείας

1090 429 1226 464 ἀποτυχία
1238 429 1286 455 τοῦ
1301 429 1372 456 κατὰ
1395 429 1497 464 γνῶσιν
1513 429 1560 455 καὶ
1577 429 1679 465 ἀρετὴν
1694 429 1882 464 πνευματικοῦ

1090 475 1217 508 πλούτου,
1231 475 1276 501 τὸν
1291 475 1448 511 ὑπάρχοντα
1461 475 1546 510 ἄνδρα
1564 475 1624 510 μὲν,
1639 475 1676 507 ὡς
1691 475 1771 510 φύσει
1787 484 1884 511 κεκτη-

1091 521 1171 555 μένον
1191 521 1252 547 κατ’
1268 521 1360 548 εἰκόνα
1385 521 1453 547 Θεοῦ
1481 521 1596 557 δύναμιν
1616 521 1764 557 δραστικήν
1780 530 1811 548 τε
1834 521 1884 549 καὶ

1089 566 1273 598 αὐτεξούσιον,
1287 567 1337 592 οὐκ
1354 567 1476 602 ἀνδρεῖον
1487 567 1525 600 δὲ,
1535 567 1573 599 ὡς
1588 568 1750 602 προαιρέσει
1765 568 1802 603 μὴ
1819 569 1882 594 ὲπι-

1088 612 1262 647 δεικνύμενον
1273 612 1364 648 ἔργοις
1377 614 1437 639 καθ’
1468 613 1597 648 ὁμοίωσιν
1612 614 1679 640 Θεοῦ
1693 615 1722 640 τὸ
1740 615 1789 649 τῆς
1804 616 1881 649 είρη-

1090 657 1174 692 μένης
1195 657 1308 693 λογικῆς
1340 658 1483 692 δυνάμεως
1509 659 1656 694 δραστικὸν
1673 668 1702 686 τε
1733 660 1778 686 καὶ
1805 660 1883 686 ἐλευ-

1089 702 1190 738 θέριον,
1216 704 1330 737 κατάγει
1355 705 1395 735 εἰς
1419 704 1542 731 δουλείαν
1578 705 1685 738 ἀλόγων
1716 705 1810 733 παθῶν
1833 706 1880 732 καὶ

1088 749 1210 784 ἀτιμίαν,
1225 750 1495 785 παρασυμϐληθέντα
1502 752 1558 782 τοῖς
1567 751 1703 785 ἀνοήτοις,
1713 751 1882 786 ὁμοιωθέντα

1039 807 1043 811 <
1088 795 1192 826 αὐτοῖς.

1122 844 1224 878 Χεζρες
1231 843 1265 870 δὲ
1273 843 1418 878 ἀνδρείων
1432 844 1657 874 πλουτίζουσιν.
1675 844 1708 871 Δί
1721 844 1749 871 δὲ
1761 852 1879 880 πρακτι-

1088 890 1134 915 καὶ
1150 889 1279 924 δυνάμεις
1293 889 1348 916 τῶν
1369 889 1460 925 ἔργοις
1484 890 1715 925 ἐπιδεικνυμένων
1729 890 1759 916 τὸ
1773 891 1823 925 τῆς
1835 890 1879 916 λο-

244 932 357 959 tentiam
371 934 500 961 exhibent
513 942 566 962 non
580 935 822 964 irrationabilibus
834 937 1030 971 cupiditatibus

1089 934 1172 969 γικῆς
1196 935 1349 970 δυνάμεως,
1365 937 1424 967 τοῖς
1453 935 1562 969 ἀλόγοις
1588 936 1703 962 πάθεσιν
1727 935 1877 962 ἀδούλωτον

243 978 420 1011 servientem,
436 979 483 1006 sed
508 980 535 1007 in
554 988 601 1008 eas
619 985 799 1018 pugnantem,
825 990 879 1009 non
898 981 979 1008 modo
993 983 1037 1009 in-

245 1031 332 1054 tactas
350 1027 471 1062 ipsorum
494 1028 601 1056 animas
622 1033 745 1061 servant,
763 1029 810 1056 sed
828 1033 855 1056 et
879 1029 941 1056 aliis
953 1029 1037 1064 spiri-

243 1073 332 1099 luales
348 1073 498 1101 secundum
515 1074 642 1101 virtutem
661 1080 686 1102 et
700 1075 908 1109 intelligentiam
925 1075 1036 1102 divitias

243 1118 455 1154 impertiuntur;
474 1127 522 1147 eos
535 1120 619 1153 enim,
631 1121 714 1148 verbo
726 1120 837 1156 quidem
854 1121 985 1148 docentes
1002 1121 1035 1148 ad

242 1164 344 1192 bonum
358 1166 490 1200 excitant,
512 1174 526 1193 a
539 1167 611 1193 malo
629 1172 719 1193 autem
738 1172 886 1201 avertunt;
904 1167 1036 1202 operibus

242 1218 307 1238 Vero
324 1212 518 1240 continuantes
535 1213 647 1240 verbum
662 1217 688 1240 et
701 1213 903 1248 pet-suadentes
920 1218 949 1241 ut
964 1213 1035 1241 dicta

241 1257 408 1292 adimpleant
420 1266 502 1293 opera
516 1258 667 1291 imitando;
684 1259 786 1286 etenim

277 1346 360 1373 Vens.
373 1346 399 1373 5.
417 1346 504 1374 Filius
517 1347 636 1375 eruditus
653 1349 758 1383 sapiens
775 1349 836 1376 erit.
852 1348 903 1382 Qui
922 1349 1032 1383 quidem

239 1399 255 1419 ει
273 1392 328 1420 Deo
354 1393 501 1428 adoptatus
522 1399 563 1421 est
586 1394 659 1422 illius
687 1403 735 1429 per
751 1403 898 1430 operosum
919 1396 1031 1422 institu-

240 1442 309 1471 tum,
329 1447 342 1465 a
362 1440 471 1466 u-alitize
494 1435 608 1468 maculis
628 1440 781 1468 cmundaus
805 1441 936 1473 animum,
956 1441 1031 1468 utili-

241 1485 304 1512 tatis
318 1485 421 1520 peritus
442 1487 494 1513 erit
516 1494 577 1522 qius
601 1486 668 1514 oriri
686 1487 829 1522 poteritex
853 1488 887 1515 iis
900 1495 960 1522 qua:
978 1487 1030 1523 ipsi

239 1533 336 1556 contra
349 1530 518 1558 voluntatem
538 1531 748 1565 Superveniunt.

276 1576 365 1603 Stulto
381 1581 480 1609 autem,
507 1582 535 1604 ut
559 1585 632 1604 servo
654 1582 752 1605 utetur.
778 1577 829 1611 Qui
853 1583 943 1605 autem
975 1585 1028 1604 non

239 1623 291 1651 fert
306 1623 388 1651 Deum
410 1623 436 1651 in
460 1624 543 1651 corde
557 1631 617 1657 suo,
642 1625 664 1651 si
687 1623 804 1658 sapienti
827 1623 990 1651 al‘llictiones
1003 1630 1031 1651 et

238 1669 349 1696 dolores
370 1669 521 1701 induxerit,
541 1678 638 1698 servus
663 1670 738 1697 illius
754 1669 806 1697 erit
829 1670 864 1696 ad
891 1670 1027 1703 salutem;

238 1722 356 1750 eumque
384 1715 430 1749 qui
462 1715 550 1749 ipsum
581 1720 670 1747 vexat,
696 1719 726 1742 ut
758 1715 961 1743 benefactorem
983 1717 1028 1750 ju-

238 1763 298 1786 stus
313 1761 428 1792 noverit,
443 1765 469 1787 et
485 1760 539 1787 Deo
557 1760 584 1787 in
609 1760 736 1788 omnibus
754 1760 858 1796 gratias
876 1765 949 1796 aget,
964 1761 1029 1796 quia

238 1812 336 1838 nempe

273 1849 398 1878 Saiuutus
425 1857 465 1878 est
492 1852 524 1878 ab
543 1852 639 1879 ardore
666 1852 739 1886 [ilius
774 1851 898 1887 prudens.
931 1852 1028 1881 Invitis

238 1898 448 1930 tentationibus,
460 1899 505 1932 qui
524 1899 598 1926 novit
611 1907 660 1933 pro
675 1899 798 1926 laborum
812 1900 943 1934 patientia
957 1907 1028 1927 mer-

238 1944 347 1977 cedem;
364 1948 391 1972 et
411 1944 447 1971 ita
464 1945 519 1978 ille,
532 1949 559 1971 ut
576 1945 604 1971 in
623 1952 697 1975 area.
715 1945 843 1980 praesenti
859 1945 970 1976 saeculo,
986 1945 1027 1971 la-

228 1990 352 2018 'boribus
367 1991 458 2018 carnis
482 1991 594 2018 acribus
618 1991 765 2026 impulsus,
789 1999 803 2017 a
826 1991 1026 2025 cupiditatibus

237 2043 271 2062 ex
295 2036 438 2063 nativitate
465 2035 502 2062 illi
530 2035 629 2069 insitis,
658 2040 688 2062 ut
713 2044 728 2062 a
751 2036 916 2071 quibusdam
938 2036 1025 2071 paleis

236 2079 415 2113 frumentum,
431 2081 598 2115 mundatur;
616 2086 643 2109 et
663 2087 848 2117 congregatur
865 2082 901 2110 ab
917 2086 1026 2109 nostra-

237 2134 296 2154 rum
313 2128 466 2154 auimarum
480 2127 610 2163 agricola.
633 2131 663 2155 ut
684 2128 711 2156 in
731 2128 855 2164 quadam
871 2128 981 2158 horrea.
996 2127 1023 2154 in

235 2177 351 2199 internas
365 2172 473 2200 domos.

277 2218 356 2245 Vento
371 2219 552 2253 corrumpitur
564 2219 591 2245 in
607 2227 689 2246 messe
701 2219 774 2254 ﬁlius
790 2219 935 2254 improbus.
950 2218 1023 2246 Ven-

1088 979 1137 1006 καὶ
1162 979 1223 1007 κατ’
1239 981 1329 1007 αὐτῶν
1357 981 1516 1016 δραστικὸν,
1529 982 1559 1008 οὐ
1575 981 1655 1015 μόνον
1687 980 1815 1012 ἀϐλαϐεῖς
1828 982 1878 1013 τὰς

1086 1025 1190 1052 τούτων
1206 1026 1364 1063 διατηροῦσι
1376 1026 1477 1061 ψυχὰς,
1494 1026 1563 1053 ἀλλὰ
1577 1027 1625 1054 καὶ
1637 1026 1742 1062 ἑτέροις
1755 1027 1803 1053 τοῦ
1817 1029 1876 1053 κατ’

1086 1071 1188 1107 ἀρετὴν
1206 1072 1253 1098 καὶ
1267 1071 1368 1106 γνῶσιν
1380 1073 1568 1108 πνευματικοῦ
1588 1073 1706 1100 πλούτου
1725 1073 1879 1108 μεταδιδόα-

1087 1125 1145 1144 σιν·
1161 1117 1199 1149 ὠς
1211 1118 1322 1150 τούτους
1338 1118 1410 1154 λόγῳ
1429 1119 1478 1154 μὲν
1495 1119 1689 1154 διδασκαλικῷ,
1704 1119 1773 1152 πρὸς
1787 1118 1835 1154 μὲν
1847 1119 1878 1146 τὸ

1087 1164 1188 1198 ἀγαθὸν
1203 1165 1423 1200 προτρεπόντων,
1447 1165 1494 1192 τοῦ
1507 1165 1534 1192 δὲ
1549 1165 1635 1192 κακοῦ
1651 1166 1858 1200 ὰποτρεπόπων
1868 1173 1876 1180 ·

1086 1211 1178 1247 ἔργοις
1187 1211 1215 1238 δὲ
1233 1211 1416 1247 βεϐαιούντων
1429 1212 1476 1239 τδν
1505 1212 1595 1247 λόγον,
1612 1213 1660 1239 καὶ
1673 1212 1823 1239 πειθόντων
1837 1213 1872 1239 τὰ

1085 1257 1131 1284 τοῦ
1149 1257 1228 1292 λόγου
1262 1259 1358 1290 ποιεῖν,
1377 1259 1406 1286 ἐν
1421 1258 1460 1294 τῷ
1486 1259 1630 1294 μιμεῖσθαι
1643 1259 1678 1285 τὰ
1702 1258 1772 1294 ἔργα
1791 1267 1798 1274 ·
1828 1260 1877 1286 καὶ

1085 1304 1139 1339 γὰρ

1120 1354 1150 1378 ε’.
1171 1350 1238 1384 Υιὸς
1265 1351 1512 1385 πεπαιδευμένος.
1542 1350 1638 1386 σοφὸς
1661 1351 1758 1378 ἔσται.
1781 1350 1811 1378 ’0
1824 1350 1876 1385 μὲν

1086 1397 1255 1432 υἱοθετηοεὶς
1269 1397 1339 1433 Θεῷ,
1356 1397 1400 1424 διὰ
1414 1397 1464 1431 τῆς
1481 1396 1699 1433 ὲκκαθαιρούσης
1711 1397 1760 1432 τὴν
1785 1396 1876 1432 ψυχὴν

1084 1443 1138 1469 τῶν
1149 1443 1202 1469 ἀπὸ
1216 1443 1314 1475 κακίας
1334 1443 1450 1478 κηλίδων
1473 1443 1603 1469 ἐπιπόνου
1619 1443 1741 1477 ἀγωγῆς,
1754 1442 1803 1477 τῆς
1818 1443 1873 1468 dab

1084 1488 1140 1515 τῶν
1157 1489 1349 1524 ἐπερχομένων
1369 1489 1445 1525 αὐτῷ
1466 1489 1621 1524 ἀϐουλήτως
1637 1487 1772 1522 ὠφελείας
1800 1488 1875 1523 εἰδή-

1086 1544 1145 1570 μων
1159 1535 1261 1562 ἔσεται.

1119 1579 1164 1612 Τῷ
1175 1580 1208 1606 δὲ
1219 1579 1337 1614 ἄφρονι,
1355 1579 1485 1612 διακόνῳ
1500 1578 1654 1613 χρήσεται.
1667 1578 1719 1604 Τὺν
1730 1577 1758 1604 δὲ
1775 1577 1813 1613 μὴ
1826 1586 1875 1604 πε-

1083 1625 1228 1662 ριφέροντα
1253 1626 1319 1652 Θεὸν
1335 1626 1363 1651 ὲν
1377 1625 1488 1660 καρδίᾳ,
1506 1624 1610 1659 θλίψεις
1625 1623 1699 1659 αὑτῷ
1713 1624 1760 1650 καὶ
1776 1623 1873 1654 ὀδύνας

1080 1671 1227 1706 ἐπάγοντα,
1248 1672 1389 1707 ὑπηρέτην
1418 1672 1474 1704 ἕξει
1501 1671 1569 1706 πρὸς
1585 1670 1722 1705 σωτηρίαν
1732 1670 1770 1701 ὡς
1784 1669 1830 1696 τόν
1843 1678 1873 1696 τε

1078 1716 1214 1743 λυποῦντα
1232 1717 1313 1743 αὑτὸν
1328 1717 1475 1752 εὐεργέτην
1502 1716 1590 1748 εἰδὼς,
1617 1717 1663 1743 καὶ
1693 1716 1731 1751 τῷ
1753 1715 1814 1750 Θεῷ
1827 1715 1874 1741 ἐπὶ

1078 1763 1162 1789 πᾶσιν
1173 1763 1353 1798 εὐχαριστῶν·
1370 1764 1411 1789 ὅτι
1424 1771 1477 1798 περ

1113 1850 1243 1885 Διεσώθη
1258 1851 1316 1878 ἀπὸ
1332 1852 1483 1886 καύματος
1497 1851 1562 1884 υίὸς
1575 1850 1704 1885 νοήμων.
1716 1850 1870 1877 Ἀκουσίων

1078 1897 1251 1932 πειρασμῶν,
1264 1898 1278 1924 ό
1292 1897 1413 1933 εἰδήμων
1430 1896 1478 1924 τοῦ
1502 1898 1572 1932 ὑπὲρ
1589 1897 1638 1931 τῆς
1660 1895 1800 1931 ὑπομονῆς
1812 1896 1868 1922 τῶν

1078 1944 1167 1970 πόνων
1193 1943 1290 1978 μισθοῦ
1305 1951 1312 1958 ·
1326 1944 1373 1969 καὶ
1384 1943 1455 1970 οὕτω
1469 1943 1519 1978 μὲν
1550 1940 1627 1974 οὗτος
1642 1942 1679 1974 ὡς
1693 1943 1722 1968 ὲν
1736 1941 1818 1968 ἄλωνι
1831 1941 1870 1977 τῷ

1077 1990 1192 2026 παρόντι
1208 1989 1297 2022 αἰῶνι,
1313 1990 1406 2021 πόνοις
1422 1989 1526 2025 σαρκὸς
1538 1989 1612 2022 ὀξέσι
1635 1989 1810 2024 βαλλόμενος,
1825 1987 1870 2015 οἷὰ

1075 2045 1118 2068 τις
1133 2037 1205 2067 σῖτος
1215 2035 1269 2062 τῶν
1281 2036 1313 2063 ὲκ
1335 2035 1468 2070 γενέσεως
1493 2035 1597 2067 παθῶν,
1615 2035 1652 2067 ὥς
1662 2044 1743 2062 τινων
1756 2035 1869 2070 ἀχύρων

1076 2081 1310 2117 ἀποκαθαίρεται·
1328 2082 1375 2108 καὶ
1398 2082 1544 2116 συνάγεται
1568 2081 1644 2116 παρὰ
1669 2080 1716 2107 τοῦ
1743 2079 1868 2116 γεωργοῦ

1075 2127 1281 2163 τῶνὴμετέρων
1299 2127 1404 2163 ψυχῶν,
1420 2128 1457 2159 ὡς
1470 2128 1510 2159 είς
1539 2135 1616 2159 τινας
1643 2125 1788 2162 ἀποθήκας
1814 2126 1867 2158 τὰς

1073 2171 1199 2202 αἰωνίους
1212 2172 1308 2205 μονάς.

1109 2216 1328 2252 Ἀνεμόφθορος
1337 2217 1372 2244 δὲ
1381 2218 1494 2252 γίνεται
1506 2218 1540 2244 ἐν
1553 2217 1655 2252 ἀμητῷ
1686 2219 1752 2252 υίὸς
1765 2218 1864 2252 παρά-

235 2263 272 2291 tis
288 2264 471 2298 improbitatis
488 2265 597 2297 pellitur
621 2265 648 2292 in
668 2265 781 2292 exitium
807 2273 855 2300 per
874 2265 1022 2292 irrationa-

1081 2271 1176 2296 νομος.
1200 2263 1268 2289 Ὑπὸ
1281 2263 1335 2290 τῶν
1361 2264 1525 2299 πνευμάτων
1538 2264 1566 2291 δὲ
1578 2264 1627 2299 τῆς
1643 2265 1775 2300 πονηρίας
1787 2265 1868 2291 ὲλαῠ-

234 2310 304 2337 biles
313 2310 436 2342 allectus,
448 2310 678 2345 quemadmodqu
691 2311 779 2338 ventis
789 2311 877 2345 palea.
891 2311 918 2338 in
932 2311 1022 2345 ignem

235 2357 367 2384 mittenda
399 2357 498 2384 messis
530 2364 643 2391 operum
670 2361 809 2391 tempore;
833 2357 879 2392 qui
904 2357 1024 2392 appellat

234 2403 344 2437 quidem
354 2402 463 2430 Patrem
477 2411 556 2429 suum
571 2402 665 2436 Deum,
677 2407 787 2438 propter
801 2403 880 2430 {idem
895 2403 921 2431 in
935 2404 1022 2436 illum,

235 2449 438 2484 transgreditur
453 2453 545 2477 autem
563 2453 660 2476 sancta
671 2449 732 2484 ejus
747 2453 895 2484 praecepta.

269 2581 351 2608 Vens.
366 2581 392 2608 6.
405 2581 555 2608 Benedictio
569 2581 676 2608 Domini
687 2590 766 2616 super
781 2582 947 2617 caputjuati.
961 2582 1023 2610 Lar-

233 2628 300 2663 gltio
313 2628 385 2655 enim
403 2628 558 2655 sanctitatis
585 2636 600 2656 a
627 2628 744 2655 Domino
763 2630 886 2656 omnium
913 2629 968 2656 Deo
993 2629 1020 2656 in

233 2678 316 2709 caput
331 2674 604 2710 irreprebensibiliter
618 2676 723 2708 agentis
737 2677 885 2703 secundum
904 2675 1020 2710 gratiam

232 2719 366 2754 procedit,
381 2727 442 2747 eum
460 2724 546 2747 totqu
559 2719 647 2748 media
664 2721 692 2748 in
709 2724 799 2747 nnute
813 2721 1001 2749 sanctilieans.

269 2807 306 2835 Os
322 2813 409 2835 autem
434 2809 575 2844 impiorum
602 2811 693 2838 obruet
716 2811 793 2839 dolor
810 2813 1019 2847 intempestivus.

233 2852 344 2880 Plenam
378 2858 468 2882 autem
498 2855 666 2890 blasphemia
688 2857 841 2885 doctrinam
867 2859 1017 2893 spirituum

233 2899 342 2927 malitia:
355 2899 438 2928 Deum
454 2908 508 2930 non
526 2902 686 2936 colentium,
701 2908 859 2932 consteruet
874 2906 1016 2940 peccanti-

1077 2317 1151 2335 νεται
1176 2308 1221 2336 διὰ
1235 2309 1289 2335 τῶν
1315 2309 1478 2344 παραλόγων
1494 2311 1588 2336 παθῶν
1613 2311 1653 2343 εἰς
1663 2311 1813 2342 ἀπώλειαν,
1826 2310 1865 2342 ὡς

1077 2354 1128 2381 ὑπὸ
1140 2354 1248 2388 ἀνέμων
1263 2354 1373 2389 ἄχυρον,
1388 2355 1427 2390 τῷ
1439 2356 1506 2390 πυρὶ
1517 2356 1825 2392 παραπεμφθησόμενον
1835 2357 1865 2383 ἐν

1075 2400 1113 2435 τῷ
1127 2401 1177 2435 τῆς
1191 2401 1357 2436 συγκομιδῆς
1369 2401 1422 2428 τῶν
1434 2401 1522 2437 ἔργων
1535 2402 1634 2438 καιρῷ,
1651 2403 1664 2428 ό
1678 2402 1864 2437 ἐπικαλούμε-

1075 2455 1119 2479 νος
1134 2447 1182 2482 μὲν
1200 2448 1308 2482 Πατέρα
1330 2447 1427 2474 ἑαυτοῦ
1452 2447 1498 2474 τὸν
1522 2448 1588 2474 Θεὸν
1609 2449 1654 2475 διὰ
1680 2449 1730 2483 τὴν
1743 2449 1784 2480 είς
1813 2449 1865 2475 αὐ-

1074 2493 1119 2519 τὸν
1142 2493 1241 2526 πίστιν,
1270 2493 1447 2529 παραϐαίνων
1461 2494 1490 2521 δὲ
1500 2494 1549 2526 τὰς
1576 2494 1657 2529 ἁγίας
1679 2494 1763 2522 αὐτοῦ
1785 2497 1862 2522 ἐντο-

1075 2537 1134 2571 λάς.

1110 2587 1147 2616 ς’.
1159 2585 1289 2619 Εὑλοτία
1303 2585 1413 2618 Κυρίου
1425 2585 1475 2612 ἐπὶ
1490 2586 1628 2620 κεφαλὴν
1647 2586 1775 2613 δικαίου.
1803 2587 1862 2614 Καὶ

1073 2631 1125 2666 γὰρ
1139 2632 1279 2666 μετάδοσις
1294 2633 1343 2667 μὲν
1355 2632 1490 2667 ἁγιασμοῦ
1500 2632 1577 2668 παρὰ
1588 2633 1637 2660 τοῦ
1653 2633 1792 2659 Δεσπότου
1805 2633 1861 2659 τῶν

1073 2677 1142 2704 ὅλων
1156 2677 1234 2710 Θεοῦ,
1252 2679 1359 2713 πρόεισι
1374 2679 1444 2706 κατὰ
1459 2679 1541 2715 χάριν
1557 2680 1604 2706 ἐπὶ
1622 2678 1660 2714 τῷ
1673 2679 1788 2714 ἡγεμόνι
1813 2679 1861 2705 τοῦ

1072 2723 1225 2758 ἀμέμπτως
1236 2724 1454 2760 πολιτευομένου,
1469 2725 1528 2752 ὅλον
1537 2724 1631 2752 τοῦτον
1646 2725 1690 2751 διὰ
1704 2725 1787 2760 μέσου
1802 2725 1863 2757 νοὸς

1072 2768 1185 2803 ἁγιάζου
1191 2778 1234 2795 σα.

1106 2815 1205 2849 Στόμα
1219 2814 1252 2841 δὲ
1266 2815 1385 2842 ἀσεϐῶν
1411 2817 1542 2850 καλύψει
1561 2816 1672 2850 πένθος
1680 2817 1786 2850 ἄωρον.
1804 2817 1861 2852 Τὴν

1070 2860 1098 2886 δὲ
1115 2861 1218 2896 μεστὴν
1231 2861 1406 2897 βλασφημίας
1413 2861 1589 2889 διδασκαλίαν
1599 2862 1655 2888 τῶν
1665 2863 1701 2897 μὴ
1714 2861 1860 2897 τιμώντων

1070 2906 1137 2934 Θεὸν
1157 2907 1319 2944 πνευμάτων
1337 2908 1387 2945 τῆς
1403 2909 1545 2944 πονηρίας.
1573 2908 1701 2945 σνστείλῃ
1712 2909 1858 2944 ηὲπιγινο-
