2079 3161
196 177 262 210 1313

700 183 967 214 COMMENTARII
989 185 1030 215 IN
1057 185 1285 219 PROVERBIA.

1751 189 1819 221 1314

194 237 332 283 μένηντοῖς
345 238 548 273 ἁμαρτάνουσιν
555 239 588 266 ἐκ
603 241 784 276 μεταμελείας
801 242 838 277 μὴ
851 243 921 269 κατὰ
934 243 979 270 τὺν

1032 244 1083 273 bus
1093 248 1291 280 superveniens
1308 255 1362 274 non
1373 252 1497 282 tempore
1517 253 1673 283 opportuno
1692 248 1725 275 ad
1744 255 1824 275 erro-

193 282 347 316 ὲπιτήδειον
356 283 452 318 καιρόν
464 285 533 319 πρὸς
544 285 593 320 τὴν
603 285 658 312 τῶν
676 286 853 322 ἐσφαλμένων
868 287 981 322 διόρθω-

194 337 246 360 σιν,
259 328 289 360 ὅς
303 329 377 356 ἔστιν
392 330 406 356 ὁ
420 330 525 365 παρὼν,
540 331 608 358 ἀλλὰ
616 332 688 358 κατὰ
698 333 729 359 τὸ
742 333 839 368 μέλλον
854 333 981 370 διηνεκὴς

193 374 241 402 καὶ
252 374 382 410 ἀνόνητος
395 375 479 411 λύπη.

230 419 264 452 ζ’.
280 421 388 456 Μνήμη
407 421 524 449 δικαίου
545 423 610 456 μετ’
628 423 788 457 ἐγκωμίων.
817 424 872 450 Καὶ
885 424 981 451 ἀνεπί-

194 466 291 501 ληστος
315 467 365 502 μὲν
388 467 488 502 γνῶσις
503 467 578 494 ἔσται
593 469 668 505 παρὰ
684 469 744 504 Θεῷ
759 469 812 496 τῶν
828 469 982 505 ἀμέμπτως

194 512 420 547 πολιτευομένων,
448 513 506 548 μετ’
525 514 644 541 ἐπαίνων
662 515 835 550 παρεχόντων
861 514 981 551 ἇρῥητον

193 557 366 593 εὐφροσύνην
379 558 480 589 αὐτοῖς.

231 605 341 637 "Oropo
365 604 400 630 δὲ
416 603 533 631 ἀσεϐῶν
557 604 730 632 σϐέννυται.
756 605 788 631 Ἦ
801 605 847 631 ἀπ’
861 605 943 632 αὑτοῦ
952 605 980 632 δὲ

194 649 263 675 Θεοῦ
283 650 453 684 προσηγορία
467 650 522 676 τῶν
538 650 575 685 μὴ
593 650 736 685 τιμώντων
747 651 828 678 αὑτὸν
842 651 875 678 δι’
891 651 981 686 ἔργων

195 694 306 728 ἀγαθῶν
321 695 492 728 ἀφανίζεται,
505 695 549 721 διὰ
561 695 595 722 τὰ
608 695 705 721 τούτου
724 696 855 731 ἀλλότρια
871 697 979 731 πονηρὰ

194 741 264 776 ἔργα
285 741 384 774 αὐτῶν,
405 741 573 778 ἀγνοουμὲνη
600 741 772 777 αὑτῷ-κατὰ
785 742 825 775 τδ,
840 742 895 769 Οὺκ
922 740 981 769 οἶδα

194 786 266 822 ὑμᾶς
277 787 369 814 λοπόν.

229 833 264 869 η’.
279 833 379 868 Σοφὸς
407 834 514 868 καρδίᾳ
533 833 648 866 δέξεται
673 834 809 868 ἐντολάς.
831 834 859 861 '0
872 834 918 861 τὸν
933 833 980 860 τοῦ

194 879 260 907 Θεοῦ
275 880 354 914 λόγον
374 880 534 912 ὲνδιαθέτως
548 881 580 915 τῇ
596 880 678 907 αὑτοῦ
709 880 864 915 περιφέρων
894 881 980 915 ψυχῇ,

1035 299 1094 318 rnm
1110 293 1319 325 eorrectionem,
1332 294 1403 327 quod
1426 299 1465 321 est
1484 298 1593 328 tempus
1621 302 1751 329 praesens,
1775 295 1823 321 sed

1034 336 1062 363 in
1074 336 1166 364 futuro
1183 342 1313 372 perpetua
1328 342 1354 365 et
1371 338 1474 366 inutilis
1490 339 1612 366 tristitia.

1068 427 1151 455 Vens.
1167 428 1192 454 7.
1210 427 1340 455 Memoria
1351 428 1420 463 justi
1439 437 1498 455 cum
1514 429 1649 456 laudibus.
1666 429 1699 456 Et
1718 437 1824 456 memor

1034 474 1143 508 quidem
1164 475 1285 508 cognitio
1306 475 1359 501 erit
1374 475 1445 509 apud
1461 474 1544 501 Deum
1565 483 1659 501 eorum
1681 475 1727 509 qui
1752 476 1822 502 irre-

1034 519 1257 554 prehensibiliter
1277 523 1373 554 agunt,
1402 528 1465 547 cum
1496 521 1625 547 laudibus
1657 520 1820 547 incllabilem

1035 566 1087 592 illis
1096 565 1214 592 laetitiam
1224 566 1429 600 praestantibus.

1068 610 1103 637 Et
1113 619 1205 637 nomen
1217 611 1358 645 impiorum
1373 611 1561 646 exstinguitur.
1579 610 1644 638 Illud
1658 611 1728 646 quod
1740 619 1755 638 a
1767 611 1822 638 Deo

1034 660 1075 683 est
1101 663 1198 682 nomen
1227 663 1322 682 eorum
1346 657 1393 690 qui
1418 657 1495 684 illum
1519 657 1598 684 bouis
1620 657 1749 691 operibus
1767 665 1819 684 non

1034 702 1138 728 colunt.
1161 702 1309 734 evanescit,
1340 710 1392 729 non
1420 702 1476 736 jam
1503 703 1556 728 Deo
1583 707 1686 734 uotum,
1712 706 1821 737 propter

1035 747 1104 774 mala
1117 755 1211 774 eorum
1220 755 1300 781 opera
1311 755 1372 782 quae
1384 747 1438 775 Deo
1450 748 1567 775 adversa
1575 753 1649 776 sunt.
1662 748 1819 776 Secundum

1034 791 1100 818 illud
1119 791 1200 818 :Jam
1218 792 1312 819 nescio
1323 799 1382 818 vos.

1069 836 1152 864 Vens.
1171 837 1197 864 8.
1218 837 1329 872 Sapiens
1352 838 1431 865 corde
1455 838 1579 871 suscipiet
1599 844 1741 872 prwcepla.
1768 837 1819 870 Qui

1037 882 1082 911 Dei
1107 884 1219 911 verbum
1252 885 1325 911 ultro
1347 884 1374 911 in
1397 885 1487 911 anima
1517 892 1564 912 sua
1582 885 1644 915 fert.
1675 884 1818 918 suscipiet,

193 927 375 964 παραδέξεται
389 928 436 954 καὶ
451 928 500 954 οὐκ
513 927 671 962 ἀποπέμψει
686 928 757 954 κατά
769 927 869 964 πρᾶξιν
878 927 913 954 τὰ
920 926 980 953 τού-

1032 939 1119 966 neque
1133 938 1197 958 vero
1212 931 1319 966 abjiciet
1333 931 1424 966 quoad
1440 935 1518 959 actus
1532 931 1619 965 ipsius
1634 931 1773 958 mandata.

192 983 240 1002 του
257 975 467 1010 προστάγματα.

234 1021 266 1048 '0
279 1021 313 1048 δὲ
323 1020 450 1056 δίστεγος
470 1022 597 1056 χείλεσι,
620 1020 786 1051 σκολιάζων
818 1021 982 1048 ὑποσκελι-

191 1067 347 1102 σθήσεται.
356 1068 384 1095 ‘0
394 1068 423 1095 δὲ
439 1068 609 1104 μὴὲμμένων
621 1068 665 1094 διὰ
678 1067 732 1094 τῶν
743 1068 792 1103 τῆς
808 1065 981 1101 δικαιοσύνης

194 1114 283 1150 ἔργων
302 1116 335 1150 τῇ
351 1114 384 1141 δι’
397 1114 544 1150 ὁμολογίας
553 1115 620 1149 τι.μῇ
632 1113 679 1140 τοῦ
693 1112 771 1144 Θεοῦ,
786 1112 918 1139 ἐκκλίνων
940 1111 981 1143 εἷς

191 1170 222 1188 τε
232 1161 267 1188 τὰ
277 1160 338 1188 κατ’
350 1160 468 1195 ἔλλειψιν
476 1160 525 1194 τῆς
533 1160 635 1195 ἀρετῆς
647 1159 732 1194 πάθη,
747 1158 790 1193 ἐφ’
804 1155 844 1189 οἷς
851 1157 900 1189 τὰς
906 1156 980 1188 θείας

195 1208 232 1243 μὴ
248 1209 319 1234 ποιεῖ
333 1207 453 1239 ἐντολὰς,
473 1207 520 1234 καὶ
530 1207 569 1238 εἰς
580 1206 614 1232 τὰ
624 1206 684 1232 καθ’
699 1204 864 1240 ὑπερὸολὴν,
879 1204 922 1238 ἐφ’
939 1202 980 1235 οἷς

193 1254 281 1289 ψιλοῖς
296 1254 416 1289 ῥήμασιν
426 1252 565 1289 ὁμολογῶν
578 1253 668 1283 αὺτδν,
687 1251 758 1286 μέγα
771 1252 875 1286 φρονεῖ.
889 1259 979 1286 παρα-

191 1301 363 1336 τραπήσεται
375 1300 424 1335 τῆς
446 1299 583 1334 φέρουσης
607 1299 646 1329 εἰς
659 1297 709 1333 τὴν
721 1296 830 1324 αἰώνιον
845 1295 917 1332 ζωὴν
934 1297 979 1323 εὐ-

193 1346 281 1379 θείας,
294 1346 355 1373 κατ’
369 1345 470 1381 ἀρετὴν
488 1345 546 1372 ὁδοῦ
559 1351 565 1359 ·
581 1345 627 1371 καὶ
639 1345 694 1380 γὰρ

228 1393 261 1421 θ’.
281 1394 334 1426 Ὃς
344 1393 501 1426 πορεύεται
523 1391 636 1424 ἁπλῶς,
648 1390 804 1425 πορεύεται
819 1388 979 1422 πεποιθώς.
1003 1389 1007 1392 ‘

194 1439 243 1469 ’ος
263 1438 312 1471 μὲν
328 1437 430 1465 δια-θύει
448 1436 497 1472 τὴν
522 1436 583 1463 κατ’
599 1435 699 1471 ἀρετὴν
718 1435 779 1462 ὁδὸν
790 1434 980 1470 ἀνυποκρίτιυς

191 1483 236 1510 διὰ
250 1482 327 1514 Θεὸν,
361 1482 408 1509 καὶ
438 1482 475 1517 μὴ
507 1481 693 1516 παραμιγνὺει
716 1481 801 1517 αὐτὴν
823 1482 857 1516 τῇ
874 1481 980 1516 πονηρᾷ

192 1529 263 1564 πρῆς
279 1529 328 1563 τὴν
339 1528 394 1554 τῶν
408 1527 513 1555 πολλῶν
524 1527 631 1562 ἀπάτην
648 1527 764 1562 διανοίᾳ.
782 1526 918 1562 διέρχεται
930 1525 980 1561 τὴν

191 1573 320 1609 τοιαύτην
336 1572 394 1600 ὁδὸν
413 1573 449 1609 μὴ
465 1572 632 1604 πτοούμενος
649 1571 665 1607 ἢ
679 1572 744 1603 τοὺς
759 1572 830 1598 κατὰ
851 1571 881 1598 τὸ
893 1571 980 1607 παρὸν

191 1620 208 1654 ἢ
227 1620 290 1651 τοὺς
309 1619 379 1646 κατὰ
397 1618 494 1654 μέλλον
508 1618 635 1654 ἐλέγχους
649 1617 699 1653 τῆς
713 1617 895 1654 ὑποκρίσεως.

234 1676 265 1703 '0
276 1676 310 1703 δὲ
321 1675 509 1710 διαστρέφων
527 1675 580 1707 τὰς
595 1674 685 1708 ὀδοὺς
709 1674 814 1706 αὐτοῦ,
843 1673 979 1709 γνωσθή-

193 1729 289 1749 σεται.
307 1722 337 1748 '0
351 1721 380 1748 δὲ
397 1720 452 1748 ἀπὸ
477 1720 606 1757 ἀληθείας
631 1721 671 1752 είς
693 1719 792 1754 ψεῦδος
807 1719 857 1750 τὰς
881 1718 980 1746 ἑαυτοῦ

193 1768 310 1803 πράξεις
345 1768 551 1803 μεταστρέφων,
578 1767 616 1798 ὡς
641 1766 759 1801 εἴρηται,
771 1765 977 1801 ἐλεγχθήσεται,

193 1813 246 1841 κᾶν
258 1814 295 1849 μὴ
309 1814 337 1839 ὲν
350 1812 389 1848 τῷ
403 1813 518 1848 παρόντι
531 1812 620 1845 αἰῶνι,
631 1811 700 1839 ἀλλά
714 1820 745 1847 γε
756 1812 785 1839 ὲν
799 1811 837 1847 τῷ
856 1811 979 1847 μέλλοντι

194 1859 388 1895 ἀναμφιϐόλως
398 1867 406 1874 ·
424 1858 520 1894 διόπερ

229 1920 255 1943 ι’.
276 1917 303 1942 '0
315 1916 448 1943 ἐννεύων
461 1915 626 1950 ὀφθαλμοῖς
641 1915 716 1950 μετὰ
729 1915 833 1947 δόλου,
853 1915 979 1949 συνάγει

192 1962 321 1996 ἀνδράσι
335 1963 446 1995 λύπας.
465 1962 495 1988 '0
507 1961 557 1993 τὰς
574 1961 747 1996 θεωρητικὰς
765 1961 894 1996 δύναμεις
910 1961 979 1995 ἔχων

193 2009 403 2041 ἀποϐλεπούσας
433 2008 482 2043 μὲν
515 2008 584 2042 πρὸς
607 2008 717 2039 κακίαν,
735 2008 936 2039 κατανευούσας
951 2007 979 2034 δὲ

193 2056 263 2092 πρὸς
279 2055 521 2091 ἀσχηματισμένον
551 2055 652 2091 ἀρετῆς
664 2053 741 2091 ἦθος,
758 2054 883 2089 συλλέγει
899 2054 937 2090 τῷ
950 2063 979 2081 τε

193 2103 269 2134 ἐντὸς
284 2101 431 2136 ἀνθρώπῳ,
458 2103 504 2128 καὶ
527 2101 566 2136 τῷ
592 2102 679 2133 ἐκτὸς,
707 2101 805 2133 πόνους
831 2101 977 2134 διακενεῖς·

193 2145 237 2175 οἶα
260 2147 367 2182 σώματι
402 2147 451 2182 μὲν
478 2146 550 2173 κατὰ
580 2146 609 2172 τὺ
632 2146 719 2182 παρὸν
732 2146 822 2173 πονῶν
837 2147 902 2182 περὶ
930 2146 980 2181 τὴν

193 2193 293 2229 ἀρετὴν
307 2193 344 2228 μὴ
362 2192 406 2219 διὰ
431 2192 507 2224 Θεὸν,
520 2191 592 2227 ψυχῇ
607 2192 635 2218 δὲ
660 2191 731 2219 κατὰ
748 2192 778 2219 τὸ
803 2192 899 2227 μέλλον
915 2193 980 2219 αἰω-

195 2239 257 2271 νίως
266 2239 435 2274 πιεζόμενος,
446 2238 534 2274 ἐνδείᾳ
549 2238 597 2273 τῆς
610 2238 681 2265 κατὰ
700 2238 819 2265 διάθεσιν
834 2238 943 2273 ἀρετῆς.

235 2338 262 2364 '0
279 2337 313 2364 δὲ
333 2331 468 2371 ἐλέγχων
491 2335 565 2370 μετὰ
591 2335 771 2370 παρῤησίας,
791 2336 980 2370 εὶρηνοποιεῖ.

200 2384 229 2410 '0
243 2383 271 2410 δὲ
299 2383 486 2418 φανεροποιῶν
519 2382 591 2409 κατὰ
605 2382 636 2408 τὸ
656 2382 775 2413 συνειδδς
788 2381 982 2414 ἀνυποςτόλως

194 2430 227 2464 τῇ
238 2429 322 2464 ψυχῇ,
339 2430 367 2455 ὲν
382 2429 452 2464 ἁγιῳ
466 2428 603 2463 Πνεῦματι
620 2427 700 2462 λόγος
714 2427 792 2459 Θεοῦ,
808 2428 838 2454 τὺ
849 2427 897 2463 τῆς
913 2428 982 2454 ὑπο-

194 2476 311 2510 κρίσεως
321 2475 458 2502 ὑπὼδινον
470 2484 499 2501 τε
515 2476 562 2501 καὶ
572 2475 705 2509 ἄκαρπον,
718 2473 884 2500 ἀπαλλάττει
896 2474 981 2509 αὐτὴν

195 2521 243 2556 τῆς
259 2521 454 2556 ἑχθραινούσης
470 2521 584 2556 ταύτην,
604 2521 651 2548 καὶ
674 2521 742 2556 πρὸς
757 2520 824 2547 Θεὸν
849 2520 896 2547 καὶ
910 2519 981 2556 πρὸς

195 2568 283 2603 σάρκα
297 2576 364 2602 πονη
370 2569 418 2603 ρᾶς
436 2567 592 2597 διαθέσεως.

231 2627 274 2652 ια’.
287 2624 371 2659 Hirri;
380 2623 454 2658 (tofm
468 2624 503 2650 ἐν
515 2624 588 2658 χειρὶ
601 2624 729 2651 δικαίου.
744 2623 780 2650 Τὸ
795 2623 851 2658 γὰρ
863 2623 981 2658 χορηγὸν

195 2670 268 2705 ζωῆς
288 2670 399 2705 Πνεῦμα
417 2670 504 2704 ἅγιον,
525 2669 595 2696 κατὰ
613 2670 694 2703 φύσιν
709 2669 758 2704 μὲν
774 2669 981 2696 ἑπαναπαύεται

194 2717 224 2743 ὲν
246 2717 278 2752 τῇ
308 2717 545 2751 παντοκρατορικῇ
558 2715 670 2749 δυνάμει
681 2715 729 2742 τοῦ
746 2715 862 2746 δικαίου,
879 2715 926 2741 καὶ
940 2715 981 2741 δι-

194 2761 340 2792 καιοσύνας
359 2762 552 2796 ἀγαπήσαντος
573 2761 708 2787 Δεσπότου
737 2761 791 2787 τῶν
808 2760 876 2787 ὅλων
895 2760 981 2787 Θεοῦ·

195 2805 265 2832 κατὰ
281 2806 360 2841 χάριν
376 2806 413 2837 δὲ,
430 2806 459 2832 ὲν
469 2805 508 2841 τῷ
537 2803 681 2841 πρακτικῷ
699 2805 746 2832 τοῦ
764 2805 932 2841 διαιροῦντος
950 2805 982 2832 τδ

194 2851 285 2886 χεῖρον
296 2851 349 2877 ἀπὺ
358 2850 404 2877 τοῦ
417 2851 582 2886 κρείττονος,
591 2850 638 2876 καὶ
652 2850 856 2885 περιαιροῦντος
871 2850 905 2876 τὰ
919 2851 980 2877 κατ’

195 2896 312 2933 ἔλλειψιν
324 2896 371 2931 τῆς
385 2897 483 2933 ἀρετῆς
494 2896 540 2924 καὶ
556 2897 590 2924 τὰ
604 2896 665 2924 καθ’
678 2896 831 2934 ὑπερὸολὴν
841 2897 924 2932 πάθη,
936 2896 981 2924 καὶ

1065 1019 1196 1055 Imipiens
1212 1024 1297 1047 autent
1314 1020 1393 1047 labiis
1408 1020 1511 1055 oblique
1528 1020 1649 1047 incedens
1661 1020 1820 1053 supplanta-

1032 1067 1111 1094 bitur.
1131 1067 1182 1100 Qui
1199 1075 1245 1102 per
1258 1075 1342 1101 opera
1353 1067 1467 1101 iustitia:
1486 1075 1540 1094 non
1563 1070 1718 1102 perseverat
1737 1066 1819 1093 Deum

1031 1113 1205 1141 confessione
1220 1113 1346 1144 colendo,
1361 1113 1496 1141 inclinans
1521 1113 1548 1139 in
1564 1121 1611 1140 eas
1625 1120 1685 1147 quae
1699 1120 1746 1146 per
1765 1112 1821 1138 vir-

1032 1160 1100 1187 tutis
1123 1159 1261 1187 del‘ectum
1289 1165 1353 1186 sunt
1371 1158 1547 1194 cupiditates,
1561 1159 1588 1185 in
1612 1158 1712 1193 quibus
1728 1158 1820 1185 divina

1032 1205 1158 1233 mandata
1176 1214 1229 1232 non
1244 1205 1360 1240 perlicit.
1375 1210 1402 1233 et
1415 1205 1441 1232 iu
1456 1213 1502 1232 eas
1516 1213 1577 1240 qua:
1591 1209 1656 1232 sunt
1671 1213 1717 1236 per
1737 1212 1818 1238 exag-

1031 1253 1212 1288 gerationem,
1225 1252 1253 1279 in
1269 1252 1369 1287 quibus
1381 1252 1460 1279 vanis
1477 1252 1568 1279 verbis
1590 1251 1709 1285 seipsum
1733 1250 1819 1277 conli-

1031 1305 1090 1326 tens
1104 1298 1239 1334 superbit,
1256 1301 1394 1325 avertatur
1413 1305 1427 1325 a
1451 1302 1525 1325 recta
1545 1297 1571 1324 in
1594 1297 1677 1324 vitam
1689 1300 1818 1323 aeternam

1031 1345 1135 1372 ferente
1150 1352 1198 1379 per
1213 1345 1339 1370 virtutem
1357 1344 1401 1370 via
1417 1353 1424 1371 :
1438 1345 1537 1370 etenim

1066 1391 1147 1418 Vens.
1167 1391 1193 1418 ί).
1213 1390 1266 1423 Qui
1284 1390 1403 1417 ambulat
1417 1389 1582 1423 simpliciter,
1602 1387 1721 1415 ambulat
1740 1387 1821 1420 eonﬁ-

1030 1437 1130 1465 denter.
1152 1436 1203 1470 Qui
1222 1437 1330 1470 quidem
1346 1444 1393 1471 per
1407 1437 1536 1463 virtutem
1554 1436 1606 1462 iter
1629 1434 1749 1462 absolvit
1765 1441 1818 1461 non

1030 1483 1234 1510 dissimulanter
1252 1485 1364 1517 propter
1381 1482 1475 1512 Deum,
1493 1488 1543 1507 nec
1557 1488 1617 1507 eam
1639 1480 1672 1507 ad
1690 1480 1818 1506 multitu—

1031 1529 1104 1556 dinis
1118 1529 1306 1562 deceptionem
1328 1527 1406 1554 malle
1420 1526 1579 1561 cogitationi
1601 1525 1748 1557 immiscet,
1765 1525 1819 1551 tale

1033 1574 1084 1601 itur
1099 1574 1236 1609 percurrit
1247 1581 1300 1600 non
1315 1573 1465 1600 formidans
1481 1576 1528 1599 aut
1547 1571 1675 1606 praesenti
1699 1574 1822 1605 tempore

1031 1619 1186 1655 hypocrisis
1199 1617 1407 1646 criminationes
1424 1622 1471 1644 aut
1489 1618 1515 1644 in
1530 1616 1663 1644 futurum.

1068 1675 1120 1709 Qui
1143 1680 1231 1702 autem
1255 1674 1380 1708 depravat
1402 1675 1458 1701 vias
1483 1682 1557 1705 suas,
1577 1672 1735 1708 manifestus
1759 1673 1819 1699 erit.

1032 1721 1083 1755 Qui
1097 1725 1187 1748 autem
1203 1729 1218 1748 a
1238 1721 1352 1748 veritate
1368 1721 1395 1747 in
1415 1719 1589 1747 mendacium
1610 1727 1675 1747 suas
1697 1720 1822 1746 actiones

1031 1766 1178 1798 tum'erlit,
1212 1770 1241 1793 ut
1261 1766 1364 1792 dictum
1387 1771 1439 1796 εει,
1469 1764 1657 1796 convincatur,
1681 1764 1704 1791 si
1729 1764 1820 1791 minus

1032 1813 1157 1847 praesenti
1169 1813 1310 1845 saeculo,“
1321 1815 1394 1840 certe
1402 1811 1493 1838 l'utnro
1507 1810 1695 1838 indubitanter
1706 1818 1714 1843 ;
1724 1817 1820 1846 quam-

1030 1859 1124 1886 obrem

1066 1915 1148 1942 Vens.
1177 1915 1219 1942 l0.
1247 1914 1299 1948 Qui
1319 1915 1413 1942 annuit
1435 1915 1518 1942 oculis
1538 1924 1596 1943 cum
1610 1915 1683 1948 dolo,
1719 1915 1821 1950 colligit

1030 1960 1177 1987 hominibus
1193 1960 1328 1987 tristitias.
1349 1960 1402 1993 Qui
1413 1961 1484 1988 enim
1503 1961 1731 1996 contemplativas
1746 1962 1819 1988 vires

1031 2006 1135 2033 habens
1149 2006 1249 2032 malum
1268 2006 1442 2041 aspicientes,
1459 2006 1605 2033 innuentes
1625 2011 1713 2033 autem
1731 2006 1762 2031 ad
1784 2005 1822 2032 si-

1031 2052 1163 2078 mulatum
1186 2052 1296 2079 virtutis
1324 2059 1438 2082 morem,
1463 2051 1566 2079 homini
1599 2056 1655 2078 tum
1684 2050 1819 2082 interiori,

1035 2102 1092 2123 tum
1130 2096 1257 2123 exteriori
1295 2102 1396 2123 vacuos
1438 2096 1546 2123 labores
1587 2096 1713 2130 colligit;
1760 2102 1812 2121 cor-

1031 2150 1097 2178 pore
1123 2142 1195 2169 enim
1226 2141 1471 2176 imprzesentiarum
1497 2142 1571 2168 circa
1611 2142 1738 2168 virtutem
1765 2149 1818 2167 non

1031 2192 1144 2223 propter
1167 2187 1250 2214 Deum
1279 2187 1420 2219 laborans,
1447 2187 1537 2214 anima
1566 2195 1631 2214 vero
1667 2187 1694 2214 in
1727 2186 1818 2213 futuro

1031 2239 1132 2262 aeterne
1153 2237 1279 2267 vexatus,
1301 2233 1367 2269 quia
1396 2235 1497 2262 virtute
1522 2233 1613 2268 quoad
1626 2233 1750 2260 atl'ectum
1776 2234 1819 2260 in-

992 2271 1019 2301 D
1033 2280 1117 2315 diget.

1069 2337 1121 2370 Qui
1135 2342 1223 2364 autem
1235 2337 1364 2371 vituperat
1380 2345 1439 2364 cum
1452 2337 1613 2368 sinceritate.
1627 2344 1718 2370 pacem
1741 2336 1817 2371 facit.

1031 2383 1110 2416 Quod
1130 2387 1220 2411 autem
1239 2384 1388 2411 secundum
1408 2383 1603 2411 conscientiam
1621 2383 1718 2410 anima:
1734 2383 1818 2410 libere

1032 2430 1152 2457 declarat
1169 2429 1195 2456 in
1210 2429 1314 2464 Spiritu
1330 2433 1425 2456 sancto
1438 2429 1591 2464 hypocrisis
1605 2429 1706 2455 malum
1720 2433 1747 2455 et
1758 2428 1817 2455 ina-

1032 2476 1157 2506 nitatem,
1177 2476 1291 2502 verbum
1321 2475 1378 2508 Dei,
1405 2475 1502 2502 liberat
1528 2483 1588 2502 eam
1613 2474 1658 2501 illa
1677 2482 1738 2509 qua:
1757 2482 1817 2501 eam

1033 2521 1160 2549 molestat
1174 2525 1202 2549 et
1218 2522 1252 2548 ad
1271 2521 1354 2548 Deum
1369 2525 1396 2548 et
1417 2521 1450 2548 ad
1471 2529 1592 2553 carnem.
1609 2522 1681 2548 mala
1701 2521 1818 2557 disposi-

1032 2568 1117 2595 tione.

1069 2623 1154 2652 Vens.
1171 2624 1214 2650 Η.
1234 2622 1304 2650 Vena
1319 2624 1378 2650 vitm
1390 2623 1417 2650 in
1437 2631 1518 2649 nmnu
1529 2622 1608 2657 justi.
1627 2622 1727 2650 Rector
1743 2623 1816 2650 enim

1032 2669 1095 2696 vitae
1112 2668 1231 2703 Spiritus
1249 2673 1370 2700 sanctus,
1395 2668 1546 2695 set-uadum
1569 2672 1694 2695 naturam
1707 2668 1816 2702 quidem

1033 2714 1182 2749 acquiescit
1198 2714 1233 2748 in]
1248 2714 1315 2749 justi
1341 2714 1518 2748 omnipotenti
1542 2714 1662 2745 virtute,
1683 2719 1711 2740 et
1732 2714 1758 2740 in
1785 2721 1817 2741 eo

1032 2759 1078 2794 qui
1094 2759 1181 2794 diligit
1197 2759 1330 2794 iustitiae,
1348 2760 1462 2786 Domino
1476 2760 1669 2788 universorum
1683 2759 1754 2794 Deo;
1770 2767 1818 2795 ptrl‘

1032 2805 1146 2840 gratiam
1162 2810 1253 2832 autem
1281 2805 1378 2840 agendi
1402 2805 1522 2832 eﬂicacia
1538 2805 1566 2832 in
1588 2813 1621 2832 eo
1646 2805 1692 2840 qui
1715 2805 1818 2840 pejnsa

1035 2851 1146 2878 meliore
1157 2851 1289 2879 discernit
1303 2855 1330 2878 et
1344 2852 1507 2884 cupiditates
1528 2851 1681 2879 secundum
1706 2852 1817 2878 virtutis

1033 2897 1168 2925 delectum
1188 2903 1213 2925 et
1234 2898 1469 2933 exaggerationem
1495 2897 1607 2931 adimit,
1628 2901 1654 2925 et
1676 2897 1744 2924 bene
1762 2895 1815 2929 agit
