2079 3161
212 182 280 215 1311

722 178 989 211 COMMENTARII
1009 178 1050 208 IN
1068 177 1296 208 PROVERBIA.

1777 177 1846 210 1318

213 241 264 276 μὲν
293 240 406 277 πράξεις
425 241 480 268 τῶν
502 239 701 276 προκρινόντων
730 236 778 264 τοῦ
811 235 952 267 δοκοῦντος
979 235 1004 281 τῇ

1063 242 1161 269 nempe
1183 241 1266 269 opera
1284 240 1379 261 eorum
1403 233 1450 269 qui
1476 240 1527 261 suo
1553 232 1727 268 beneplacito
1749 242 1845 263 verum

211 287 296 319 liv-tu):
321 289 415 322 καλὸν,
448 289 667 316 ἁπαλλάττουσαι
697 286 748 317 τὰς
769 285 859 320 ψυχὰς
880 285 929 311 τοῦ
942 283 993 310 καθ

212 332 351 368 ἁμαρτίαν
362 334 491 365 θανάτου,
505 334 554 369 τὴν
570 334 598 360 ὲν
620 333 757 368 πνεύματι
773 330 913 366 μακαρίαν
931 328 1003 363 ζωὴν

213 379 391 414 προξενοῦσιν
413 381 521 412 αὑταῖς.

248 427 362 461 Καρποὶ
388 427 422 454 δὲ
447 428 577 460 ἀσεϐῶν,
603 426 754 462 ἁμαρτίαι.
774 425 816 452 Τὰ
834 424 856 451 δ’
871 423 1003 451 ἀποτελέ-

214 479 305 506 σματα
317 472 371 499 τῶν
387 474 425 509 μὴ
436 474 579 509 τιμώντων
593 473 671 507 Θεὸν,
685 472 733 499 τοῦ
747 472 831 503 ὅντως
839 470 923 498 καλοῦ
935 471 1003 497 ἀπο-

213 518 303 553 τυχίαι
318 519 396 544 εἰσίν.

253 563 293 596 ιζ’.
317 563 418 598 Ὁδοὺς
434 564 507 598 ζωῆς
520 564 673 599 φυλάσσει
686 563 814 592 παιδεία.
828 563 882 589 Καὶ
895 562 944 594 τὰς
955 562 1004 596 μὲν

213 609 349 643 φερούσας
366 608 442 641 θεὶας
453 609 562 640 ἐντολὰς
579 610 619 641 είς
637 608 710 643 ζωὴν
730 608 839 635 αἰώνιον
853 608 900 639 τὰς
914 607 1004 642 ψυχὰς

214 655 293 690 τηρεί
305 654 434 686 ἐπίπονος
448 655 508 682 κατ’
518 655 621 691 ἀρετὴν
639 655 734 689 ἀγωγή
745 662 752 669 ·
771 653 841 689 αὕτη
857 654 885 680 δὲ

248 741 372 768 Παιδεία
391 742 425 768 δὲ
455 742 672 778 ἀνεξέλεγκτος
697 741 857 770 πλανᾶται.
881 743 914 770 Ἦ
942 743 1003 769 κατ’

214 787 313 823 ἀρετὴν
324 788 452 819 ἐπίπονος
463 789 569 824 ἀγωγὴ,
592 790 616 815 εί
643 789 680 823 μὴ
695 788 848 824 δοκιμασθῇ
868 789 902 815 δι’
920 789 1003 815 ἀκου-

215 833 280 859 σίων
306 833 480 868 πειρασμῶν.
505 834 552 860 καὶ
570 834 630 860 καθ’
643 833 700 865 ἕξιν
722 835 755 869 τῇ
770 835 843 869 ψυχῇ
860 842 1003 867 πεπαγιω-

215 878 282 914 μένη
297 880 380 914 φανῇ,
396 879 559 914 ἐκτρέπεται
566 879 616 914 τῆς
626 879 768 913 ἀληθείας,
782 881 811 906 ὲν
827 880 1002 915 προσχήματι

213 924 341 960 ἐναρέτου
360 924 507 958 πολιτείας,
520 926 560 957 είς
575 925 728 957 κενοδοξίαν
741 926 916 960 ἐμπίπτουσα
925 933 931 940 ·
943 925 1005 951 ἐπεὶ

212 970 241 996 δὲ
265 971 313 997 καὶ
335 970 368 997 δι’
383 971 534 1006 ἀνθρώπων
560 972 585 997 οἱ
601 971 669 1007 πρὸς
694 971 858 1006 δοκιμασίαν
882 971 1005 998 ἀκούσιοι

213 1017 361 1052 πειρασμοὶ
378 1017 618 1053 ἐπισυμῦαίνουσι,
644 1018 682 1053 μὴ
712 1018 902 1052 φυλαττόντων
922 1018 1005 1045 τινῶν

212 1064 264 1098 τὴν
291 1063 461 1098 ἀκραιότητα
487 1064 536 1099 τῆς
555 1063 654 1099 ψυχῆς,
683 1063 731 1090 καὶ
755 1064 795 1095 είς
826 1065 903 1099 μῖσος
920 1064 1004 1099 ἐμπι-

214 1108 347 1135 πτόντων.

252 1157 297 1188 ιη’.
311 1153 528 1180 Καλύπτουσιν
554 1154 667 1188 ἔχθραν
692 1154 780 1188 χείλη
796 1152 905 1180 δίκαια.
929 1153 1004 1189 1(ρὺ-

214 1207 311 1226 πτουσι
330 1199 379 1233 μὲν
391 1199 422 1225 τὸ
437 1200 526 1233 μῖσος,
544 1199 613 1234 ὅπερ
635 1199 665 1231 ἐξ
678 1199 825 1234 ὀλιγωρίας
843 1200 1004 1234 παρανομή-

216 1253 286 1272 σασα
311 1245 383 1271 κατὰ
407 1244 527 1271 διάθεσιν
547 1245 564 1280 ὴ
586 1244 658 1280 ψυχὴ
681 1246 826 1280 ἐκτήσατο,
846 1244 920 1278 λόγοι
939 1244 1003 1280 θείῳ

215 1292 289 1328 νόμῳ
314 1290 494 1324 δουλεύοντες,
517 1291 565 1318 καὶ
585 1292 625 1323 εἰς
652 1291 785 1327 λοιδορίας
814 1293 852 1327 μὴ
874 1292 1004 1327 ἐκτρεπό-

218 1347 302 1373 μενοι.

253 1385 300 1410 ω’
314 1383 348 1410 δὲ
380 1383 561 1417 ἐμφέροντες
598 1381 760 1416 λοιδορίας,
784 1381 1004 1417 ἀφρονέστατοι

215 1431 306 1457 εἰσιν.
333 1431 364 1456 Ol
393 1429 422 1456 δὲ
441 1428 657 1464 ὲκφανεροῦντες
683 1428 712 1455 τὺ
733 1428 836 1454 ἑαυτῶν
852 1429 930 1463 μῖσος
944 1429 1003 1460 ταῖς

215 1476 270 1502 τῶν
291 1476 462 1511 μισουμένων
475 1475 611 1506 διαϐολαῖς
631 1474 780 1510 ἄνθρωποι,
794 1474 853 1501 λίαν
864 1475 1002 1510 ὑπάρχου-

217 1529 260 1547 σιν
268 1520 436 1556 ἄφρονες,ὡς
446 1520 509 1552 τοὺς
520 1519 734 1551 κακοποιοῦντας
749 1520 846 1551 αὐτοὺς
862 1520 909 1546 ἐπὶ
922 1520 1002 1546 πλέον

216 1567 277 1594 καθ’
298 1566 403 1593 ἑαυτῶν
420 1566 612 1602 διεγείροντες,
628 1566 656 1593 ὲν
675 1565 714 1602 τῷ
728 1565 821 1600 ψόγοις
836 1566 943 1601 βάλλειν
957 1567 1002 1593 αὑ·
1015 1586 1038 1616 C

215 1614 279 1645 τοὺς
295 1613 398 1640 λοιπόν.

253 1659 296 1685 ιϐ’.
323 1659 374 1686 Ἐκ
409 1659 595 1693 πολυλογίας
624 1660 679 1686 οὐκ
696 1659 829 1694 ἐκφεύξῃ
848 1658 1005 1694 ἁμαρτίαν.

222 1704 288 1730 Ἀπὸ
305 1704 353 1739 μὲν
367 1703 413 1730 τοῦ
431 1706 618 1739 μακρηγορεῖν
649 1705 679 1731 οὗ
701 1704 836 1741 διαφύγῃς
850 1705 880 1731 τὸ
894 1705 1006 1731 πταῖσαι

217 1750 284 1784 πρὸς
300 1750 400 1785 Θεὸν,ἧ
413 1750 481 1785 πρὸς
492 1749 653 1786 ἀνθρώπους
663 1759 670 1766 ·
685 1751 733 1778 καὶ
747 1752 802 1787 γὰρ
819 1750 856 1786 μὴ
872 1751 1006 1785 προμελε-

216 1796 270 1822 τῶν
287 1797 321 1823 τὰ
332 1797 408 1831 παρὰ
434 1796 481 1822 σοῦ
496 1796 640 1831 λεγόμενα,
659 1797 850 1833 παροργίσεις,
865 1797 881 1832 ἢ
895 1797 962 1823 Θεὸν
976 1798 1005 1822 ὲν

217 1841 255 1876 τῷ
271 1841 426 1875 ψεύδεσθαι,
442 1842 458 1876 ἢ
480 1841 640 1881 ἀνθρώπους
654 1843 682 1868 ὲν
701 1842 741 1877 τῷ
758 1841 925 1876 φθέγγεσθαί
935 1851 961 1868 τι
977 1841 1006 1873 ἐξ

217 1886 383 1922 ἁπροσεξίας
397 1887 466 1922 πρὸς
486 1887 589 1922 βλάϐην
604 1887 705 1914 αὐτῶν.

252 1943 430 1977 Φειδόμενος
453 1943 488 1970 δὲ
497 1942 633 1977 χειλέων.
654 1943 774 1976 νοήμων
797 1944 866 1977 ἔσῃ.
891 1943 1006 1978 Ἐγκρα-

215 1990 361 2023 τευόμενος
383 1989 411 2015 δὲ
437 1990 465 2015 ὲν
486 1988 587 2024 λόγοις,
605 1989 705 2023 γνῶσιν
728 1989 798 2022 ἕξεις
816 1989 871 2015 τῶν
892 1989 1005 2016 δεόντων

215 2034 355 2070 λεχθῆναι,
368 2035 404 2066 ως
413 2035 546 2071 πρότερον
558 2035 686 2067 ἐξετάσας
697 2035 781 2062 ταῦτα
791 2036 860 2061 κατὰ
875 2035 1003 2067 διάνοιαν,

217 2083 264 2109 καὶ
281 2082 442 2110 καταλαϐὼν
458 2084 527 2118 μήτε
549 2083 617 2118 πρὸς
646 2082 711 2109 Θεὸν
727 2082 796 2118 μήτε
818 2082 886 2118 πρὸς
898 2082 1004 2118 ἀνθρώ-

216 2135 284 2159 πους
312 2127 532 2162 προσκρούοντα·
563 2125 614 2154 εἷο*
628 2126 716 2158 οὕτως
731 2127 922 2162 ἀνεπισφαλῶς
940 2135 1006 2162 προ-

217 2174 307 2208 φέρων
324 2173 404 2200 αὐτά..

251 2233 286 2256 κ’.
309 2230 456 2264 ’ΛργιῬος
486 2230 700 2265 πεπυρωμένος
726 2230 851 2266 γλῶσσα
876 2230 1002 2257 δικαίου.

1056 279 1158 305 bonum
1184 280 1362 312 anteponunt,
1389 277 1496 305 animas
1522 284 1537 303 a
1561 281 1648 304 morte
1679 286 1727 313 per
1747 286 1846 313 pecca-

1055 326 1112 350 tum
1123 322 1267 349 liberantia
1277 323 1382 349 beatam
1399 322 1426 349 in
1443 322 1542 357 spiritu
1559 322 1627 357 ipsis
1643 324 1727 350 vitam
1743 325 1845 352 conci-

1054 369 1132 397 liant.

1090 413 1208 441 Fructus
1243 418 1330 441 autem
1367 414 1528 449 impiorum,
1567 420 1684 449 peccata.
1727 416 1846 444 Ell'eelus

1054 466 1146 490 autem
1173 469 1227 488 non
1255 461 1406 488 colentium
1431 460 1529 493 Deum,
1558 462 1616 489 veri
1639 462 1704 490 boni
1728 463 1845 498 privatio
1890 458 1892 461 ’

1054 511 1107 534 est.

1089 553 1174 580 Vens.
1189 552 1234 580 17.
1253 551 1317 578 Vias
1332 552 1392 579 vitae
1410 551 1523 578 custodit
1540 552 1695 586 disciplina.
1706 552 1738 580 Et
1754 552 1846 582 divina

1053 600 1163 634 quidem
1182 599 1309 626 mandata
1328 606 1389 633 quae
1405 599 1511 625 animas
1529 598 1562 624 ad
1573 603 1655 625 Vitam
1667 598 1769 631 lerunt,
1785 591 1846 627 ser-

1053 649 1100 672 vat
1118 637 1236 680 operosa
1256 645 1407 671 secundum
1425 645 1553 671 virtutem
1571 645 1670 679 agendi
1703 645 1788 678 ratio;
1812 653 1844 672 ea

1053 694 1143 717 autem

1091 735 1237 769 Disciplina
1248 743 1306 770 qua?
1325 736 1516 767 increpatione;
1531 736 1644 769 repellit,
1668 741 1751 763 errat.
1775 737 1846 773 Ope-

1052 788 1114 808 rosa
1134 781 1284 808 sez-undmn
1300 782 1430 808 virtutem
1439 781 1603 816 disciplina,
1622 783 1675 810 nisi
1695 791 1743 818 per
1767 784 1845 810 invo-

1053 826 1187 854 luntarlas
1202 827 1369 854 letltutiunes
1390 827 1532 861 probetur,
1547 832 1574 855 et
1590 829 1743 855 secundum
1762 829 1843 857 habi-

1053 875 1111 898 tum
1130 872 1156 898 in
1175 873 1267 899 anima
1294 872 1400 899 ﬁrmata
1424 879 1565 907 appareat,
1581 880 1595 899 a
1612 873 1725 901 veritate
1745 875 1846 902 averti-

1020 910 1043 939 Β
1060 921 1115 948 tur.
1133 919 1225 952 specie
1235 923 1316 945 recta:
1332 919 1394 945 vita
1416 921 1442 946 In
1461 920 1682 954 vanamgloriam
1695 921 1841 949 decidens:

1056 967 1201 998 postquam
1218 971 1282 991 vero
1296 967 1323 991 et
1337 971 1384 998 per
1394 964 1519 992 homines
1535 965 1725 993 iuvoluntaria:
1737 966 1770 993 ad
1784 974 1845 1001 pro-

1054 1008 1193 1036 b'atiouem
1216 1008 1341 1036 incidunt
1358 1010 1535 1044 tentationes,
1551 1018 1606 1038 non
1624 1012 1844 1040 custodientibus

1054 1054 1217 1089 quibusdam
1232 1055 1329 1082 aniune
1343 1056 1527 1083 summitatem
1539 1060 1566 1083 et
1579 1057 1605 1084 in
1616 1057 1707 1084 odium
1719 1057 1842 1085 inciden-

1055 1100 1136 1127 tibus.

1089 1145 1172 1173 γης.
1192 1146 1235 1174 18.
1246 1146 1418 1174 Abscondunt
1435 1148 1522 1175 odium
1533 1148 1605 1175 labia
1617 1148 1702 1183 justa.
1716 1150 1842 1178 Abscon-

1054 1189 1121 1216 dunt
1135 1190 1246 1225 quidem
1264 1192 1357 1218 odium
1375 1192 1448 1227 quod
1462 1200 1495 1219 ex
1512 1195 1716 1228 contemptione
1738 1194 1843 1229 injuste

1053 1242 1136 1270 agetis
1147 1245 1194 1272 per
1209 1237 1418 1272 dispositionem
1438 1240 1529 1266 anima
1545 1240 1684 1275 concepit,
1702 1242 1783 1268 verba
1800 1241 1844 1268 di—

1055 1281 1123 1309 vina:
1151 1283 1204 1318 legi
1219 1283 1383 1317 obedientia,
1403 1290 1430 1312 et
1453 1285 1480 1312 in
1496 1286 1672 1321 opprobrium
1696 1294 1751 1314 non
1777 1294 1844 1315 con-

1055 1334 1145 1354 versa.

1090 1372 1143 1405 Qui
1160 1379 1248 1401 autem
1263 1374 1381 1410 inferunt
1391 1376 1519 1408 convicia,
1535 1377 1689 1404 stultissimi
1702 1383 1772 1405 sunt.
1791 1378 1843 1412 Qui

1054 1424 1142 1446 autem
1157 1421 1303 1449 calumniis
1320 1422 1347 1449 in
1363 1430 1409 1450 eos
1424 1423 1469 1458 qui
1505 1424 1579 1458 ipsos
1604 1424 1721 1451 oderunt
1749 1426 1842 1453 odium

1053 1472 1134 1492 suum
1151 1466 1339 1499 manifestam,
1352 1468 1435 1495 nimis
1454 1469 1532 1495 stulti
1556 1474 1631 1501 sunt,
1653 1477 1716 1496 cum
1740 1470 1844 1505 injuste

1053 1512 1128 1546 ipsos
1154 1518 1351 1548 persequentes
1371 1515 1458 1550 magis
1475 1523 1506 1542 ac
1518 1516 1604 1550 magis
1619 1521 1714 1544 contra
1729 1525 1759 1545 se
1769 1519 1845 1545 exci-

1053 1561 1122 1590 tent,
1136 1558 1199 1585 dum
1216 1567 1264 1586 eos
1278 1560 1411 1588 conviciis
1430 1560 1463 1588 de
1479 1565 1577 1588 caetero
1590 1567 1700 1589 vexant.

1090 1646 1173 1674 Vens.
1192 1647 1234 1674 l9.
1253 1646 1286 1674 In
1313 1648 1479 1684 multiloquio
1493 1658 1544 1676 non
1567 1651 1676 1686 e/fugies
1695 1658 1843 1685 peccatum.

1056 1692 1084 1719 Si
1098 1694 1169 1719 enim
1182 1694 1297 1720 multum
1315 1694 1448 1729 loqueris,
1467 1703 1521 1722 non
1538 1697 1642 1730 poteris
1667 1697 1733 1731 quin
1756 1698 1843 1726 Deum

1055 1745 1102 1765 aut
1119 1739 1243 1766 homines
1259 1739 1381 1767 oll‘endas
1396 1749 1404 1774 ;
1421 1742 1474 1768 nisi
1493 1743 1565 1769 enim
1581 1750 1642 1778 qua:
1651 1743 1727 1771 dices
1740 1752 1845 1779 pra’ea<

1055 1792 1130 1815 veas.
1141 1784 1173 1811 ad
1187 1785 1256 1812 iram
1273 1785 1424 1814 coneitabis
1443 1787 1500 1814 sive
1511 1787 1607 1820 Deum,
1625 1790 1791 1823 ntenticndo,
1806 1791 1844 1818 si-

1055 1837 1087 1857 ve
1107 1830 1233 1857 homines
1247 1831 1348 1866 aliquid
1368 1839 1398 1858 ea
1415 1833 1581 1868 negligentia
1597 1834 1624 1861 in
1641 1843 1737 1863 eorum
1760 1837 1844 1863 delri—

1056 1879 1177 1902 mentum
1196 1875 1368 1910 proferendo.

1091 1931 1235 1959 Moderuns
1248 1937 1336 1959 autent
1360 1934 1444 1966 labia,
1465 1935 1580 1968 prudens
1599 1938 1662 1963 eris.
1675 1936 1844 1972 Temperans

1054 1982 1145 2004 autem
1172 1979 1274 2009 verbis.
1291 1978 1502 2014 intelligentiam
1527 1982 1641 2008 habebis
1663 1990 1758 2010 eorutn
1783 1992 1845 2018 qua:

1055 2022 1109 2049 dici
1131 2024 1295 2057 conveniat;
1317 2024 1418 2059 quippe
1438 2028 1485 2059 qui
1511 2030 1538 2053 et
1558 2027 1723 2061 cogitatione
1740 2035 1844 2062 prmon-

1056 2069 1139 2101 veris,
1148 2073 1177 2096 et
1187 2077 1219 2096 ea
1231 2070 1370 2104 acceperis
1383 2078 1443 2104 qua:
1454 2079 1543 2104 neque
1555 2071 1638 2098 Deum
1652 2081 1741 2107 neque
1757 2073 1846 2100 homi-

1055 2122 1104 2142 nes
1120 2114 1269 2142 oﬂeitdaiit.
1290 2115 1395 2143 Deinde
1411 2116 1457 2143 illa
1474 2118 1579 2152 absque
1595 2118 1693 2145 timore
1706 2118 1843 2153 proferes.

1090 2223 1175 2252 Vens.
1192 2223 1238 2252 20.
1253 2225 1397 2259 Argentum
1415 2225 1474 2260 igne
1495 2230 1637 2260 purgatum
1663 2225 1754 2261 lingua
1763 2227 1844 2261 justi.

216 2275 270 2302 Καὶ
282 2275 335 2310 γὰρ
346 2273 389 2301 οἷα
409 2275 458 2310 μέν
476 2283 517 2306 τις
545 2275 665 2311 ἄργυρος
682 2277 749 2311 πυρὶ
762 2276 1001 2311 δεδοκιμασμένος,

1059 2269 1164 2297 Etenim
1177 2273 1309 2304 tanquam
1331 2274 1474 2305 argentum
1494 2271 1556 2305 igne
1571 2271 1715 2306 probatum
1729 2276 1771 2299 est
1782 2280 1845 2300 ver-

215 2321 290 2346 ἐστὶν
306 2321 319 2346 ὀ
336 2319 414 2354 λόγος
431 2319 478 2346 τοῦ
509 2320 578 2355 μετὰ
602 2320 719 2355 κρίσεως
742 2321 895 2355 ἀμέμπτως
921 2321 1002 2347 αὐτὸν

215 2366 412 2401 προφέροντος·
428 2365 466 2398 ὡς
481 2366 616 2401 πρότερον
632 2368 664 2401 τῇ
676 2366 748 2392 κατὰ
760 2365 880 2392 διάνοιαν
895 2365 1003 2400 βασάνῳ

215 2411 417 2446 ἐξεταζόμενος,
433 2412 480 2437 καί
491 2412 543 2437 πᾶν
556 2411 581 2437 εἴ
591 2420 617 2437 τι
627 2411 755 2446 κίὸδηλον
767 2410 986 2445 ἀποϐαλλόμενος
995 2430 1003 2443 ,

216 2457 263 2483 καὶ.
278 2458 427 2492 εἰλικρινὴς
442 2457 661 2493 προφερόμενος.

251 2513 362 2547 Καρδία
373 2513 408 2539 δὲ
418 2513 548 2546 ἀσεϐοῦς
561 2514 706 2547 ἐκλείψει.
725 2513 806 2548 Ψυχὴ
819 2513 858 2546 δὲ,
875 2513 904 2545 ἐξ
917 2510 950 2549 ἧς
965 2513 1004 2548 τῷ

217 2558 322 2594 σώματι
336 2560 352 2594 ἠ
368 2559 424 2594 ζωὴ
437 2559 485 2586 τοῦ
508 2560 545 2594 μὴ
566 2560 740 2593 ἀγαθοποιοῖς
764 2559 853 2591 λόγοις
875 2558 1004 2593 ἀληθείας

216 2605 348 2640 τιμῶντος
368 2605 446 2636 Θεὸν,
472 2606 598 2640 ἀτονήσει
620 2606 688 2640 πρὸς
717 2606 765 2640 τὴν
799 2606 848 2640 τῆς
874 2605 1004 2640 ἀληθείας

215 2651 378 2685 ἀπάντησιν,
395 2651 552 2686 ἐλεγχθεῖσα
573 2651 617 2678 ὑπ’
629 2652 713 2686 αὐτῆς
730 2652 894 2686 ψευδομένη.

250 2707 390 2740 utile/in
417 2707 539 2734 δικαΙων
572 2708 730 2734 ἐπίσταται
755 2707 871 2742 ὑψηλά.
901 2708 955 2734 Καὶ
979 2708 1003 2734 οἱ

217 2751 266 2786 μὲν
284 2751 469 2778 διδασκαλικοὶ
486 2752 551 2778 θεῖοι
565 2752 639 2785 λᾶγοι
655 2751 709 2777 τῶν
723 2752 753 2777 ἐκ
772 2751 927 2786 πρακτικῆς
943 2750 1003 2776 πεί-

217 2806 266 2832 ρας
283 2798 350 2831 μετὰ
360 2797 476 2832 κρίσεως
486 2798 676 2832 ἀνεπιλήπτως
687 2805 879 2832 προφεροντων
894 2797 1004 2827 αὐτοὺς,

216 2842 265 2878 τὴν
285 2844 384 2877 γνῶσιν
414 2844 590 2879 ἐπιφέρονται
617 2842 672 2869 τῶν
695 2842 856 2878 θελημάτων
872 2843 918 2870 τοῦ
937 2843 1004 2870 (ι)εοῦ

222 2889 268 2915 τοῦ
282 2889 489 2924 ὖπερουρανίου.

1054 2315 1118 2342 bum
1138 2315 1200 2350 ejus
1214 2315 1260 2350 qui
1282 2315 1350 2343 illud
1364 2323 1426 2343 cum
1449 2316 1556 2351 judicio
1579 2321 1607 2344 et
1621 2317 1725 2352 absque
1753 2325 1846 2353 repre-

1055 2362 1188 2389 hensione
1202 2362 1305 2389 emittit
1325 2371 1332 2388 :
1353 2362 1429 2397 prius
1458 2362 1530 2388 enim
1546 2363 1722 2397 cogitationis
1739 2364 1846 2398 experi-

1055 2414 1146 2437 mento
1160 2410 1310 2445 perfectum
1320 2414 1371 2440 est,
1386 2415 1412 2436 et
1424 2409 1458 2436 ab
1473 2410 1549 2437 omni
1562 2411 1653 2438 scoria
1671 2411 1845 2444 nmndatum,

1055 2461 1079 2483 et
1089 2457 1197 2482 sincere
1216 2455 1360 2482 emissum.

1090 2511 1143 2539 Cor
1153 2516 1242 2538 autem
1266 2511 1340 2545 impii
1364 2510 1477 2543 deﬁciet.
1495 2511 1591 2538 Anima
1610 2515 1711 2545 autem,
1731 2520 1762 2539 ex
1791 2510 1852 2546 qua'

1054 2558 1161 2585 estvita
1174 2557 1295 2591 corpori,
1305 2556 1365 2590 ejus
1373 2556 1419 2590 qui
1440 2555 1524 2584 Deum
1540 2564 1594 2584 non
1616 2558 1685 2585 bene
1699 2559 1845 2593 agentibus

1055 2604 1146 2630 verbis
1161 2603 1237 2633 colit,
1255 2603 1288 2628 ad
1311 2609 1458 2629 occursum
1489 2603 1612 2630 veritatis
1643 2612 1696 2630 nou
1732 2605 1858 2639 vigebit,‘

1055 2649 1179 2675 convicta
1191 2648 1226 2674 ab
1239 2647 1296 2681 ipsa
1309 2646 1456 2673 mendacii.

1091 2703 1175 2730 Vens.
1187 2703 1232 2730 ‘ll.
1248 2702 1333 2728 Labia
1351 2702 1488 2736 justarum
1500 2702 1586 2728 sciunt
1603 2702 1717 2730 excelsa.
1734 2704 1767 2730 Et
1782 2713 1846 2739 qui-

1055 2751 1115 2778 dem
1135 2751 1227 2776 divina
1245 2750 1278 2776 ad
1295 2750 1449 2776 doctrinam
1466 2749 1631 2782 pertinentia
1653 2751 1733 2777 verba
1749 2758 1843 2777 eorum

1056 2798 1101 2832 qui
1119 2797 1165 2823 illa
1184 2805 1216 2823 ex
1238 2795 1329 2823 activo
1344 2799 1443 2821 conatu
1472 2802 1534 2821 cum
1548 2795 1654 2828 judicio
1670 2796 1845 2830 irrepn-hen-

1056 2844 1172 2870 sibiliter
1192 2843 1345 2877 proferunt,
1363 2841 1572 2876 intelligentiam
1589 2842 1707 2868 all'erunl
1725 2842 1770 2869 Dei
1786 2850 1844 2869 cu}-

1057 2890 1134 2916 le:t':s
1153 2889 1337 2916 voluntatum.
