2079 3161
262 171 331 204 1319

929 169 1104 201 PROCOPII
1125 169 1246 199 GAZ/El

1818 171 1886 203 1320

297 230 348 263 Qui
357 234 445 257 autent
457 230 612 264 stultisuut,
622 231 649 257 in
659 235 772 266 egestate
784 230 944 258 moriuntur.
958 229 1043 257 llotni-

1135 229 1167 255 οι
1175 227 1209 254 δὲ
1225 227 1355 261 ἄφρονες
1368 227 1403 253 ἐν
1429 227 1529 261 ἐνδείᾳ
1559 227 1752 255 τελευτῶσιν.
1769 227 1802 255 Oi
1817 228 1840 255 δ’
1857 229 1887 255 ὲν

258 282 310 302 nes
321 282 412 302 autem
430 276 476 311 qui
495 275 576 303 Deum
593 284 648 304 non
670 276 761 304 ierunt
779 278 805 304 iu
831 277 914 304 corde
940 283 1000 307 suo.
1017 276 1043 302 in

260 321 416 357 privatione
436 330 530 348 earum
546 330 607 357 quite
619 324 768 350 secundum
786 325 915 350 virtutem
927 327 952 349 ct
965 322 1046 348 intel-

260 367 402 402 ligentiam
429 371 492 393 sunt
507 367 663 395 divitiarum
685 369 821 403 propriam
836 368 919 394 vitain
937 366 1044 393 liuiunt.

297 411 434 439 “313.22.
447 412 596 439 Benedictio
620 412 727 440 Domini
756 420 834 447 super
859 417 938 447 caput
966 411 1042 444 iusti.

258 457 367 492 Optima
397 459 469 485 enim
496 458 620 485 doctrina
645 458 751 486 Domini
778 459 900 486 omnium
929 458 975 485 Dei
1011 457 1044 484 ad

259 503 358 530 ducem
384 508 502 530 mentem
522 503 644 537 procedit
660 504 729 538 apud
743 511 804 530 cum
818 504 864 538 qui
883 511 930 537 per
958 502 1046 528 adim-

259 549 406 584 pletionem
434 547 591 575 divinomm
625 548 815 575 mandatorum
843 547 1044 583 irrepreliensi-

258 594 352 622 bilitcr
370 594 448 628 agit;
474 594 539 627 quia
563 594 801 628 contemplationis
833 593 1044 620 fundamentum

259 640 394 667 actionem
411 640 518 666 statuit.

293 686 347 712 Illa
358 685 452 712 divites
473 685 550 720 facit.
568 684 732 720 Hujusmodi
749 684 876 712 doctrina
901 684 1046 712 abundau-

256 733 311 756 tem
331 730 395 756 iacit
411 730 604 764 spiritualibus
623 729 776 757 secundum
804 729 933 756 virtutem
952 735 980 757 et
1002 730 1045 756 iu-

257 775 436 810 telligcntiam
453 776 567 807 divitiis.
581 784 644 803 enin
658 775 704 810 qui
723 775 776 810 ipsi
793 775 897 803 obedit.

296 821 385 856 Neque
396 821 510 848 addetur
526 822 568 848 illi
580 822 607 848 in
623 823 701 849 corde
714 822 836 848 tristitia.
853 821 884 848 Et
904 821 928 849 si
948 821 1046 856 hujus-

257 867 330 894 n.odi
355 868 459 894 laborat
486 876 602 902 corpore
621 868 693 895 circa
719 868 855 900 virtutem,
875 871 965 894 tamen
991 875 1045 895 non

257 914 357 940 sentiet
371 921 419 948 per
436 914 589 940 doctrinam
608 914 635 940 in
651 921 702 941 sua
719 913 810 940 anima
831 914 952 941 tristitiae
968 914 1045 941 addi-

256 961 367 992 tiouem,
385 967 433 995 spe
451 959 550 987 futurae
560 960 694 988 mercedis
705 960 866 988 delectatus.

292 1051 376 1080 Vens.
390 1052 436 1079 2'5.
449 1051 482 1079 In
495 1053 551 1079 risu
564 1052 660 1079 uultus
669 1052 735 1087 facit
748 1052 830 1078 mala.
847 1052 880 1079 Et
895 1059 957 1079 cum
974 1052 1045 1079 lacti-

255 1099 293 1126 tia
312 1099 422 1133 quidem
437 1099 483 1134 qtti
510 1107 563 1126 non
581 1099 665 1126 Deum
682 1098 733 1126 fert
748 1099 775 1125 in
802 1098 885 1125 corde
905 1106 966 1130 suo.
981 1098 1046 1126 facit

257 1150 380 1180 peccata,
397 1147 460 1180 quia
477 1153 529 1172 non
546 1146 632 1172 tristis
647 1145 761 1172 etiectus
780 1150 823 1172 est
837 1144 973 1172 minarum
985 1145 1044 1180 ejus

256 1195 368 1222 timore.
381 1192 407 1218 in
425 1191 458 1219 iis
476 1192 502 1218 in
517 1192 618 1226 quibus
631 1191 776 1225 delinquit.

292 1237 428 1271 Sapientia
463 1243 551 1264 autem
567 1238 622 1264 viro
649 1236 947 1272 gmsratprudctttiam.
969 1236 1045 1264 Divi-

257 1291 320 1310 num
335 1288 425 1310 autem
451 1284 565 1310 verbum
585 1283 623 1310 illi
642 1284 687 1318 qui
706 1284 732 1309 in
745 1290 811 1310 suos
834 1282 947 1309 allectus
963 1290 1045 1317 getic-

256 1336 319 1356 rose
334 1333 444 1364 pugnat.
461 1329 487 1356 in
501 1329 613 1364 agendis
626 1328 900 1364 circumspectionem
913 1333 1044 1364 generat;

257 1375 362 1402 Ειιιιιίιιι
370 1395 378 1408 ,

293 1419 428 1448 νεκδλι.
450 1419 481 1446 1η
503 1420 611 1447 interitu
631 1419 727 1454 impius
748 1419 970 1454 perturbatur.ln
987 1420 1044 1455 pri-

256 1467 366 1493 vatione
379 1465 426 1493 Dei
442 1475 449 1499 ;
467 1466 512 1501 qui
528 1473 591 1493 eum
605 1473 660 1493 non
676 1466 742 1493 colit
758 1468 908 1494 secundum
924 1472 1047 1494 contem-

257 1512 403 1547 plationem
419 1511 530 1546 quidem
555 1515 585 1538 ut
611 1512 765 1544 Veritatem,
786 1511 937 1539 secundum
964 1511 1048 1538 actio-

257 1567 318 1586 ncin
346 1563 436 1586 autem
468 1563 496 1585 ut
525 1559 637 1590 bonum,
667 1560 843 1595 perturbatur
874 1559 901 1586 in
925 1558 959 1586 iis
985 1566 1046 1594 qua:

257 1606 408 1633 secundum
430 1605 565 1632 deiectum
582 1605 694 1633 virtutis
721 1610 768 1633 aut
794 1613 937 1633 excessum
967 1610 1044 1638 sunt,

256 1651 465 1685 cupiditatibus.

295 1697 459 1724 Desiderium
480 1702 568 1723 autem
598 1697 668 1731 justi
697 1702 847 1732 acceptum.
873 1697 1045 1725 Desiderium

255 1748 346 1770 autem
364 1743 435 1770 illius
450 1744 496 1778 qui
513 1751 560 1778 per
575 1750 677 1770 rcctant
700 1745 784 1772 vitam
807 1744 892 1772 Detnn
913 1745 991 1776 colit,
1009 1745 1046 1772 vi-

255 1789 354 1816 deliccl
368 1790 401 1816 ad
416 1797 477 1816 eum
496 1796 551 1823 prae
578 1790 685 1817 caeteris
705 1790 834 1818 omnibus
848 1791 942 1823 ardor,
963 1799 1044 1819 acce-

256 1835 412 1871 ptissimum
428 1835 481 1862 Deo
497 1840 551 1868 est,

294 1881 375 1908 Vens.
387 1881 432 1909 25.
458 1881 578 1909 Pracelta
595 1886 760 1912 transeunte.
777 1883 908 1909 evanescit
935 1883 1044 1914 impius.

256 1926 288 1953 Et
302 1928 415 1954 minima
434 1928 543 1962 quidem
563 1929 719 1956 teutatioue
738 1929 799 1956 sive
815 1929 968 1955 voluntaria
986 1929 1045 1956 sive

255 1972 442 2000 involuutaria
457 1981 489 2000 cx
512 1974 661 2008 improviso
676 1974 891 2009 superveniente
903 1982 918 2001 ι
928 1974 1042 2002 malitias

255 2019 367 2054 spiritu,
394 2020 528 2054 perditur,
545 2021 592 2055 qui
619 2028 674 2048 non
695 2027 744 2056 per
781 2021 991 2055 temperantiam
1017 2025 1045 2048 et

254 2065 416 2100 patientiam
435 2064 519 2092 Deum
535 2066 612 2093 colit.

281 2107 374 2136 Justus
401 2114 488 2136 autent
506 2109 642 2138 declinans
661 2110 782 2138 solvatur
796 2111 824 2137 in
839 2114 976 2137 retentum.
992 2109 1044 2143 Qui

254 2158 346 2181 autctu
363 2159 524 2189 temperata
540 2156 704 2183 voluntariis
719 2164 768 2191 per
783 2156 951 2190 voluptatein
964 2157 1044 2190 cupi-

253 2199 398 2229 ditatibus.
420 2201 539 2227 sustinet
570 2206 662 2228 autent
682 2200 835 2228 secundum
863 2200 985 2228 doloretn
1003 2201 1045 2227 in-

254 2247 422 2279 voluntaria,
437 2246 544 2282 fugiens
563 2247 628 2274 illud
647 2248 720 2282 quod
749 2247 900 2275 secundum
923 2247 1042 2274 animam

254 2298 296 2321 est
314 2294 480 2328 periculum,
497 2295 531 2322 ab
550 2299 654 2322 aeterno
672 2295 811 2330 supplicio
824 2295 968 2322 liberatur.

290 2338 373 2367 Vens.
391 2340 437 2367 26.
455 2340 530 2368 Sicut
548 2345 652 2368 acetum
679 2340 798 2368 dentibus
811 2341 943 2373 nocivum,
960 2346 982 2368 et
999 2341 1043 2374 fu-

253 2392 311 2412 mus
330 2385 472 2418 oculis,ita
490 2386 664 2421 transgressio
673 2386 803 2412 utentibus
821 2386 886 2420 ipsa.
904 2385 1042 2419 thuem-

253 2429 399 2457 admodum
419 2430 526 2458 fructus
542 2430 835 2457 immaturusdentium
848 2430 974 2458 eﬂicacite
985 2430 1043 2457 ofﬁ-

253 2474 301 2507 cit,
315 2475 456 2502 oculorum
470 2480 562 2502 autem
571 2475 700 2503 eiiicacize
717 2475 820 2508 fumus,
837 2476 873 2503 ita
888 2475 1041 2502 activarum

253 2525 301 2548 aut
315 2521 590 2555 contemplativarum
608 2521 707 2548 animat
732 2521 864 2547 virtutum
892 2521 1040 2547 irrationa-

254 2566 317 2594 bilis
335 2565 406 2593 circa
437 2566 550 2601 fugitiva
569 2574 636 2594 usus
662 2567 688 2594 in
704 2574 737 2594 eo
764 2574 816 2593 usu
840 2566 1042 2601 perseveranti-

252 2612 305 2640 bus
321 2620 329 2645 ;
343 2612 388 2646 qui
405 2612 516 2647 quidem
540 2612 644 2640 activas
661 2620 756 2640 eorum
782 2613 856 2639 vires
886 2620 934 2646 per
959 2611 1039 2646 inop-

254 2662 397 2695 portunam
416 2657 580 2692 beneplaciti
595 2657 754 2684 iruitionem
769 2658 802 2684 ad
824 2658 880 2684 veri
906 2658 969 2684 boni
993 2665 1041 2692 op-

253 2711 407 2740 portunam,
425 2709 454 2732 ut
467 2705 602 2740 quosdam
636 2705 733 2733 dentes
761 2706 897 2733 inhabiles
926 2704 1038 2735 reddit:

252 2750 476 2784 contemplativis
495 2754 599 2781 autem.
616 2758 692 2778 more
709 2750 787 2782 l‘urui,
799 2751 928 2778 tenebras
953 2750 1041 2777 obdu-

252 2794 291 2821 cit
307 2802 315 2827 ;
331 2799 357 2821 et
373 2802 436 2821 cum
453 2794 606 2829 abigeudus
617 2799 689 2822 esset
710 2803 758 2829 per
774 2796 980 2830 intelligentiam
1011 2796 1040 2822 in

253 2840 363 2874 spiritu,
383 2846 437 2866 non
461 2843 579 2874 possunt
590 2847 638 2867 eos
654 2841 778 2867 veritatis
795 2841 885 2869 radios
903 2841 1038 2876 aspicere.

1096 274 1196 309 καρδίᾳ
1206 274 1272 300 Θεὸν
1286 274 1324 309 μὴ
1342 274 1534 309 περιςεέροντες
1549 275 1698 309 ἄνθρωποι,
1715 276 1745 302 ὲν
1759 275 1886 311 στερήσει

1096 319 1143 346 τοῦ
1152 320 1212 346 κατ’
1227 319 1326 355 ἀρετὴν
1341 320 1388 346 καὶ
1398 321 1498 354 γνῶσιν
1512 321 1697 356 πνευματικοῦ
1706 321 1822 348 πλούτου
1837 321 1886 356 τὴν

1097 363 1165 390 ἰδίαν
1177 364 1249 398 ζωὴν
1263 365 1454 392 καταλύουσιν.

1131 410 1182 445 κβ’.
1198 411 1328 445 Εὑλογία
1340 411 1451 445 Κυρίου
1473 411 1524 438 ἐπὶ
1543 411 1683 445 κεφαλὴν
1700 411 1831 440 δικαίου.
1851 412 1885 439 Ἦ

1096 453 1151 490 γὰρ
1166 455 1320 489 πανάγαθος
1336 456 1495 483 διδασκαλία.
1519 456 1567 483 τοῦ
1591 457 1728 483 Δεσπότου
1744 458 1797 484 τῶν
1816 457 1884 485 ὅλων

1096 500 1175 533 Θεοῦ,
1203 501 1327 536 πρόεισιν
1357 502 1403 528 ἐπὶ
1431 503 1477 529 τὸν
1501 503 1624 537 ἡγεμόνα
1658 503 1721 529 νοῦν
1745 502 1792 529 τοῦ
1815 504 1886 530 κατά

1097 545 1196 581 πρᾶξιν
1211 546 1264 573 τῶν
1277 547 1356 574 θείων
1370 547 1486 575 ἐντολῶν
1497 548 1650 583 ἀμέμπτως
1663 548 1886 584 πολιτευομένου,

1099 591 1137 624 ὡς
1151 593 1201 627 τὴν
1215 592 1315 628 πρᾶξιν
1333 593 1497 628 ποιουμένου
1511 593 1627 629 θεωρίας
1640 593 1780 621 ἐπίϐασιν.

1131 678 1212 712 Αὕτη
1230 679 1390 709 πλουτίζει.
1411 679 1443 705 Ἦ
1458 678 1569 715 τοιαύτη
1585 679 1746 706 διδασκαλία
1774 680 1887 715 ἀνενδεῆ

1097 726 1170 751 ποιεῖ
1179 724 1226 751 τοῦ
1238 726 1299 751 κατ’
1317 725 1418 760 ἀρετὴν
1430 726 1477 751 καὶ
1489 725 1591 759 γνῶσιν
1604 726 1792 761 πνευματικοῦ
1804 726 1887 753 πλού-

1094 778 1142 796 του
1156 770 1202 796 τὸν
1214 770 1298 806 ταύτῃ
1316 771 1488 806 πειθόμενον,

1131 815 1187 843 Καὶ
1208 817 1243 843 οὺ
1262 817 1305 851 μὴ
1331 816 1483 851 προστεθῇ
1505 816 1583 850 αὐτῇ
1615 817 1699 851 λύπη
1717 817 1753 844 ἐν
1769 818 1886 852 καρδίᾳ.

1097 863 1153 889 Καὶ
1174 863 1199 889 εἰ
1212 863 1226 889 ὁ
1241 863 1360 894 τοιοῦτος
1372 864 1449 889 πονεί
1464 863 1534 889 κατὰ
1547 863 1626 897 σῶμα
1641 863 1706 899 περὶ
1713 863 1762 899 τὴν
1776 864 1885 899 ἀρετὴν,

1062 913 1082 941 Β
1096 908 1154 935 ἀλλ’
1173 910 1202 936 οὑ
1218 909 1324 942 δέξεται
1337 909 1497 944 προσθήκην
1516 908 1606 944 λύπης
1620 909 1795 942 διδασκαλίας
1813 911 1841 937 ἐν
1853 912 1887 945 τῇ

1098 954 1181 981 αὑτοῦ
1196 955 1281 990 ψυχῇ,
1295 956 1329 990 τῇ
1341 955 1426 981 ἐλπίδι
1438 955 1487 990 τῆς
1501 954 1653 990 μελλούσης
1677 955 1888 991 μισθαποδοείας

1096 1001 1109 1027 ἑ
1114 1009 1184 1036 πευφ
1189 1002 1264 1036 ραινό
1267 1010 1356 1037 μενος.

1131 1049 1184 1081 κγ’.
1203 1047 1251 1073 Ἐν
1271 1047 1376 1081 γέλωτι
1389 1047 1492 1080 ἄφρων
1508 1047 1641 1082 πράσσει
1656 1047 1745 1076 κακά.
1757 1048 1813 1075 Καὶ
1830 1048 1889 1083 μετ’

1096 1093 1265 1129 εὐφροσύνης
1297 1093 1358 1128 μὲν,
1387 1094 1401 1120 ὁ
1415 1094 1481 1120 Θεὸν
1496 1095 1525 1120 ὲν
1546 1094 1646 1130 καρδία
1664 1095 1701 1130 μὴ
1716 1095 1887 1131 περιφέρων,

1096 1140 1171 1166 ποιεῖ
1202 1139 1351 1175 ἁμαρτίας,
1361 1140 1403 1166 ὅτι
1426 1141 1494 1175 μηδὲ
1516 1141 1662 1176 στυγνάζει
1686 1141 1726 1176 τῷ
1746 1141 1821 1177 φόϐῳ
1835 1141 1890 1168 τῶν

1096 1185 1179 1213 αὑτοῦ
1196 1185 1327 1218 ἀπειλῶν,
1343 1187 1385 1220 ἐφ’
1402 1183 1443 1218 οἷς
1457 1187 1626 1222 πλημμελεῖ.
1894 1210 1897 1211 ν

1137 1231 1168 1258 Ὴ
1183 1231 1217 1258 δὲ
1230 1231 1325 1266 σοφία
1352 1232 1440 1267 ἀνδρὶ
1451 1234 1543 1260 τίκτει
1557 1234 1717 1268 φρόνησιν.
1733 1233 1762 1260 ’0
1776 1233 1805 1260 δὲ
1820 1233 1891 1265 θεῖος

1095 1277 1184 1312 λόγος,
1195 1277 1233 1312 τῷ
1263 1277 1333 1305 κατὰ
1355 1278 1409 1304 τῶν
1425 1278 1520 1305 παθῶν
1544 1279 1730 1315 άνδριζομένῳ
1745 1281 1890 1307 ἀποτίκτει

1095 1324 1145 1360 τὴν
1156 1325 1185 1351 ἐν
1196 1326 1252 1357 τοῖς
1268 1324 1416 1360 πρακτέοις
1433 1325 1576 1353 εὐϐουλίαν
1586 1333 1593 1341 ·
1611 1326 1657 1352 καὶ
1672 1327 1744 1362 γὰρ,

1132 1415 1182 1442 κδ’.
1206 1415 1258 1443 Ἐν
1273 1415 1407 1448 ἀπωλείᾳ
1426 1415 1545 1449 ἀσεϐὴς
1560 1415 1762 1451 περιφέρεται,
1775 1416 1804 1444 ὲν
1819 1416 1890 1444 ἀπο-

1097 1460 1180 1496 τυχίᾳ
1191 1460 1272 1487 Θεοῦ·
1288 1462 1303 1486 ὸ
1314 1460 1352 1496 μὴ
1365 1461 1454 1495 τιμῶν
1469 1461 1561 1493 αὑτὸν,
1575 1463 1646 1490 κατὰ.
1661 1462 1777 1499 θεωρίαν
1790 1462 1840 1498 μὲν
1852 1463 1891 1495 ὡς

1097 1507 1237 1542 ἀλήθειαν,
1260 1508 1331 1534 κατὰ
1359 1508 1458 1543 πρᾶξιν
1482 1507 1511 1534 δὲ
1543 1507 1580 1539 ὡς
1609 1508 1721 1542 ἀγαθὸν,
1743 1510 1800 1540 τοῖς
1828 1510 1890 1535 κατ’

1098 1553 1217 1589 ἔλλειψιν
1235 1553 1285 1589 τῆς
1295 1554 1396 1590 ἀρετῆς
1411 1554 1458 1580 καὶ
1474 1554 1628 1590 ὑπερῦολὴν
1648 1555 1747 1582 πάθεσι
1761 1556 1890 1591 περιτρὲ-

1098 1608 1190 1629 πται.

1138 1691 1298 1726 Ἔπιθιιμία
1321 1690 1356 1717 δὲ
1369 1690 1488 1718 δικαίου
1509 1691 1612 1724 ﬂenti.
1635 1692 1667 1718 'H
1685 1691 1780 1726 ἔφεσις
1798 1691 1826 1718 δὲ
1840 1692 1888 1719 τοῦ

1096 1738 1131 1765 δι’
1143 1739 1271 1774 ἐναρέτου
1287 1737 1425 1769 πολιτείας
1436 1737 1571 1773 τιμῶντος
1586 1737 1664 1769 Θεδν,
1689 1737 1791 1774 δηλαδὴ
1802 1739 1816 1765 6
1835 1740 1889 1774 πρὸ

1095 1783 1151 1810 τῶν
1163 1783 1265 1810 λοιπῶν
1285 1783 1393 1811 πάντων
1409 1783 1477 1818 πρὸς
1488 1783 1569 1810 αὑτὸν
1582 1783 1675 1816 πόθος,
1690 1783 1889 1819 εὐπρόσδεκτος

1095 1828 1183 1864 τούτῳ
1200 1828 1285 1856 ἐστιν.

1131 1878 1182 1902 κε’.
1198 1875 1487 1909 Παραπορευομένης
1506 1873 1693 1910 καταιγίὸος,
1717 1874 1890 1909 ἀφανίζεται

1093 1920 1218 1955 ἀσεϐής.
1231 1921 1286 1947 Καὶ
1313 1920 1428 1955 μερικοῢ
1457 1920 1507 1955 τῆς
1523 1919 1682 1955 πειρασμοῦ
1699 1919 1748 1946 εἴθ’
1761 1920 1887 1946 ἑκουσίου

1096 1967 1146 1993 εἴτ’
1162 1966 1303 1997 ἀκουσίου,
1333 1965 1546 2001 ἀπροσδοκήτως
1569 1961 1761 2000 ἐπερχομένου
1778 1965 1831 1992 ὑπὸ
1841 1966 1888 1991 τιῦ

1096 2013 1146 2048 τῆς
1167 2011 1299 2048 πονηρίας
1312 2011 1485 2047 πνεύματος,
1503 2010 1651 2038 ἀπόλλυται
1665 2011 1680 2038 ὁ
1695 2011 1733 2047 μὴ
1741 2010 1774 2038 δι’
1789 2011 1890 2047 ἐγκρί-

1096 2059 1171 2090 τείας
1188 2059 1235 2085 καὶ
1247 2058 1387 2093 ὑπομονῆς
1403 2057 1490 2093 τιμῶν
1501 2057 1546 2084 τὸν
1557 2057 1635 2084 Θεὸν.

1131 2104 1249 2136 Δίκαιος
1265 2103 1300 2129 δὲ
1328 2103 1482 2135 ἐκκλίνας,
1503 2101 1625 2132 σώζεται
1647 2103 1690 2136 εἱς
1713 2103 1767 2130 τὸν
1783 2103 1888 2130 αιώνα.

1103 2150 1133 2177 '0
1164 2150 1192 2176 δὲ
1222 2149 1457 2185 ἐγκρατευόμενος
1475 2149 1524 2183 μὲν
1545 2149 1599 2175 τῶν
1615 2148 1677 2175 καθ’
1692 2148 1788 2184 ἡδονὴν
1810 2149 1890 2176 ἐκου-

1097 2193 1163 2220 σίων
1174 2193 1278 2225 παθῶν,
1295 2193 1439 2228 ὑπομένων
1466 2193 1494 2220 δὲ
1519 2193 1554 2219 τὰ
1573 2193 1634 2220 κατ’
1649 2193 1746 2228 ὀδύνην
1761 2194 1887 2226 ἀκούσια,

1097 2237 1142 2265 τὸν
1154 2238 1224 2264 κατὰ
1234 2238 1323 2273 ψυχὴν
1338 2237 1478 2272 διαφυγὼν
1493 2237 1626 2272 κίνδυνον,
1650 2238 1744 2274 ῥύεται
1758 2239 1807 2275 τῆς
1819 2241 1888 2266 αἰω-

1095 2283 1153 2310 νίου
1170 2283 1317 2314 κολάσεως.

1133 2333 1190 2362 σις’.
1203 2330 1318 2363 Ὠσπερ
1336 2329 1436 2364 δμφαξ
1455 2329 1560 2356 ὀδοῦσι
1580 2329 1745 2363 βλαϐερὸν.
1768 2330 1816 2357 καὶ
1835 2339 1888 2357 κα-

1095 2376 1172 2408 πνὸς
1193 2375 1334 2410 ὄμμασιν,
1363 2376 1440 2403 οὕτω
1455 2377 1626 2410 παρανομία
1642 2375 1704 2408 τοῖς
1724 2375 1888 2410 χρωμένοις

1095 2420 1183 2454 αὐτῇ.
1200 2421 1253 2447 Καὶ
1268 2419 1361 2456 ὥσπερ
1376 2420 1482 2456 καρπὸς
1494 2420 1543 2455 μὲν
1556 2421 1645 2454 ἄωρος
1657 2421 1690 2456 τῇ
1705 2420 1758 2446 τῶν
1773 2421 1888 2447 ὀδόντων

1095 2466 1222 2502 ἐνεργείᾳ
1247 2466 1417 2501 λυμαίνεται,
1438 2467 1540 2498 καπνὸς
1557 2467 1586 2492 δὲ
1599 2467 1632 2501 τῇ
1647 2466 1702 2493 τῶν
1727 2465 1886 2501 ὀφθαλμῶν,

1095 2512 1167 2538 οὕτω
1191 2511 1245 2537 τῶν
1269 2512 1320 2546 τῆς
1345 2511 1434 2546 ψυχῆς
1460 2512 1623 2547 πρακτικῶν
1640 2511 1689 2539 καὶ
1709 2511 1887 2547 θεωρητικῶν

1094 2557 1245 2592 δυνάμεων,
1262 2557 1278 2592 ἡ
1297 2557 1454 2592 παράλογος
1467 2558 1533 2592 περὶ
1555 2556 1590 2584 τὰ
1604 2557 1764 2592 πρόσκαιρα
1773 2557 1886 2593 χρῆσις,

1093 2603 1151 2634 τοῖς
1163 2603 1228 2638 περὶ
1244 2602 1348 2636 ταύτην
1374 2603 1602 2638 καταγινομένοις
1615 2611 1622 2618 ·
1634 2603 1672 2636 ὡς
1683 2603 1731 2634 τὰς
1743 2602 1795 2637 μὲν
1811 2611 1884 2637 πρα-

1094 2647 1191 2676 κτικὰς
1207 2646 1311 2673 τούτων
1326 2647 1467 2681 δυνάμεις,
1477 2644 1522 2673 οἷά
1533 2648 1586 2682 πέρ
1594 2656 1671 2680 τινας
1681 2647 1790 2679 ὀδόντας
1797 2648 1886 2682 αἰμω-

1093 2692 1152 2727 διᾷν
1168 2692 1293 2725 ποιοῦσα,
1306 2693 1374 2727 πρὸς
1392 2692 1438 2728 τὴν
1454 2693 1525 2720 κατὰ
1537 2693 1633 2729 καιρὸν
1645 2694 1691 2721 τοῦ
1702 2694 1786 2726 ὅντως
1801 2693 1887 2720 καλεῖν

1094 2738 1254 2770 ἀπόλαυσιν,
1270 2738 1314 2765 διὰ.
1329 2738 1378 2773 τὴν
1393 2739 1468 2774 παρὰ
1488 2740 1585 2775 καιρὸν
1597 2739 1644 2766 τοῦ
1652 2739 1792 2771 δοκοῦντος
1803 2747 1809 2754 ·
1825 2740 1888 2771 ταῖς

1094 2784 1122 2810 δὲ
1136 2783 1329 2819 θεωρητικαῖς,
1339 2784 1419 2820 δίκην
1435 2786 1552 2818 καπνοῦ,
1564 2785 1756 2817 ἐπισκοτοῦσα,
1770 2785 1818 2812 καὶ
1834 2784 1889 2820 πρὸ

1094 2830 1141 2857 τοῦ
1157 2826 1422 2865 ἀπελαθῆναίαύτὴν
1434 2831 1478 2858 διὰ
1494 2832 1543 2866 τῆς
1555 2832 1583 2857 ὲν
1597 2831 1734 2867 πνεύματι
1746 2830 1886 2865 γνώσεως.

1097 2875 1135 2911 μὴ
1149 2876 1345 2912 συγχωροῦσιν,
1358 2876 1472 2909 ταύταις
1493 2876 1614 2913 καθορᾷν
1631 2878 1679 2909 τὰς
1694 2877 1744 2912 τῆς
1758 2876 1887 2912 ἀληθείας

1096 2922 1194 2957 αὐγάς.
