2079 3161
202 172 266 204 1321

713 178 977 208 COMMENTARII
1005 178 1044 208 ΙΝ
1067 179 1293 210 PROVERBIA.

1750 182 1816 214 1322

235 234 284 265 κζ’.
300 233 393 265 Φόϐος
413 231 486 259 Θεοῦ
499 233 699 266 προστίθησιν
707 235 828 268 ἡμέρας.
844 235 898 262 Καὶ
909 235 985 267 οόόος

1077 235 1158 264 Vens.
1173 237 1218 263 27.
1230 237 1320 264 Timor
1337 238 1441 264 Domini
1457 239 1564 272 apponit
1589 238 1653 266 dies.
1681 238 1714 266 Et
1733 241 1816 267 ti-mu-r

202 280 249 314 μὲν
261 279 341 311 θεῖος⁷
354 279 532 306 ἀπαλλάττων
550 279 596 305 τοῦ
612 280 671 306 καθ’
686 281 824 316 ἁμαρτίαν
838 282 887 316 τῆς
895 282 983 316 ψυχῆς

199 325 327 356 θανάτου,
356 324 507 351 ἐπεκτείνει
528 325 577 360 τῆς
596 326 738 360 παρούσης
753 325 825 360 ζωῆς
843 326 889 353 τοῦ
903 336 984 362 προσ-

197 371 339 405 ηὖωμένου
367 371 440 406 αὑτῷ
460 371 510 402 τὰς
539 372 660 406 ἡμέρας·
678 372 867 405 μεταϐιὸἀζων
892 373 984 399 τοῦτον

198 417 267 451 πρὸς
280 416 329 450 τὴν
341 417 430 442 ἐκεῖσε
441 416 558 451 ἄληκτον
571 417 619 443 καὶ
632 417 770 452 μακαρίαν
787 416 871 452 ζωήν.

234 462 307 493 “Ern
335 460 369 487 δὲ
392 461 509 488 ἀσεϐῶν
530 462 775 496 ὀλιγωθὴσονται.
792 463 823 488 Οἱ
849 462 876 488 δὲ
895 463 984 497 χρόνοι

196 506 246 540 τῆς
260 506 332 540 ζωῆς
342 506 395 532 τῶν
407 507 444 541 μὴ
462 507 614 542 ὲμπράκτῳ
636 508 737 541 γνώσει
754 508 895 542 τιμώντων
908 508 984 540 Θεὸν,

197 552 445 586 ὲὶαττωῦήαονται,
475 552 523 586 τῆς
555 552 746 587 πνευματικῆς
779 553 985 588 διαμαρτόντων

198 596 269 632 ζωῆς
279 605 286 613 ·
308 606 316 622 ι
334 597 447 632 Ἀνδρες
459 598 514 633 γὰρ
529 599 652 633 αἱμάτων
665 599 710 624 καὶ
725 598 889 634 δολιότητος,
902 598 932 624 οὑ
947 598 984 634 μὴ

198 643 367 677 ήμισεύσωσι
382 644 431 674 τὰς
446 644 552 679 ἡμέρας
565 644 664 671 αὐτῶν.
680 654 689 669 ι

234 687 287 722 κη’.
298 689 473 722 Ἐγχρονίζει
490 689 615 721 δικαίοις
626 690 809 724 εὐφροσύνη.
828 691 882 717 Καὶ
894 699 982 726 παρα-

200 734 274 768 μένει
290 734 338 769 μὲν
354 735 410 765 τοῖς
429 735 582 770 ἀμέμπτως
609 735 838 770 πολιτευομένοις,
863 746 985 772 πνευμα-

198 778 260 813 τικὴ
286 779 455 812 ἀγαλλίασις,
483 780 522 811 ὼς
547 780 584 815 μὴ
599 780 799 807 καταπίπτουσι
819 783 874 813 τοῖς
896 790 983 816 προσ-

199 826 355 859 πίπτουσιν;
368 826 436 853 ἀλλὰ
452 826 566 854 πάντοτε
586 829 619 863 τῇ
643 827 731 854 ἐλπίδι
744 827 797 854 τῶν
814 828 985 864 ἐπηγγελμέ-

199 880 251 898 νων
262 872 372 905 ἀγαθῶν
394 873 546 908 χαίρουσιν.

1034 283 1144 316 quidem
1161 285 1272 311 divinus
1290 291 1304 310 a
1321 290 1406 311 morte
1423 285 1590 319 anituaequze
1608 293 1655 320 per
1674 291 1816 320 peccatum

1034 331 1076 354 cst
1102 329 1232 361 liberans,
1249 330 1390 364 praesentis
1407 330 1469 357 vita
1487 330 1546 357 dies
1560 330 1682 358 extendit
1704 331 1743 358 illi
1769 332 1816 366 qui

1035 373 1087 407 ipsi
1107 375 1247 407 adlueret;
1266 374 1437 402 transferens
1454 383 1516 402 eum
1531 375 1565 403 ad
1582 376 1656 403 illam
1670 384 1724 404 nou
1744 377 1817 405 desi-

1035 422 1146 446 nentem
1163 423 1190 446 et
1203 419 1312 446 beatam
1330 420 1426 447 vitam.

1069 464 1137 491 Anni
1153 469 1242 492 autem
1256 465 1397 500 impiorum
1410 465 1606 493 breviabuntur.
1621 465 1753 502 Tempora
1768 475 1816 495 au-

1034 515 1088 538 tem
1110 513 1171 538 vitae
1184 519 1278 539 eorum
1291 513 1336 547 qui
1353 521 1407 540 non
1424 513 1514 539 activa
1533 513 1714 548 intelligentia
1731 514 1814 541 Deum

1035 556 1138 589 colunt,
1165 557 1363 585 breviabuntur
1391 567 1398 585 :
1426 559 1535 593 assequi
1561 559 1634 586 enim
1664 560 1817 593 uequibunt

1035 601 1203 635 spiritualem
1215 602 1317 629 vitam-z
1330 612 1340 627 ι
1355 602 1412 630 Viri
1425 604 1498 630 enitn
1515 603 1712 638 sanguinumct
1728 605 1816 632 dolosi

1035 653 1089 672 non
1107 647 1217 673 dimidia
1223 648 1289 674 bunt
1297 647 1357 675 dies
1364 655 1439 675 suos.
1454 657 1463 673 ι

1070 691 1153 719 Vens.
1168 691 1213 719 28.
1229 692 1401 720 Inveterascit
1408 694 1490 728 justi:
1500 695 1604 722 thitia.
1617 695 1648 722 Et
1663 701 1818 730 perseverat

1035 738 1143 772 quidem
1162 738 1188 764 in
1211 738 1246 766 iis
1264 739 1310 773 qui
1326 739 1604 774 irrepreltensibiliter
1629 746 1713 776 agunt
1737 742 1818 776 spiri-

1034 782 1117 809 tualis
1133 783 1292 816 exsultatio;
1308 783 1371 818 quia
1387 786 1640 818 supervenientibus
1653 793 1706 813 non
1723 787 1817 821 oppri-

1035 833 1158 859 muntur,
1175 829 1221 856 sed
1241 834 1372 864 perpetuo
1398 830 1598 864 promissorum
1619 831 1752 858 bonorum
1769 839 1817 866 spe

1035 873 1173 901 laetantur.

240 917 345 950 Ἐλπὶς
360 918 393 944 δὲ
410 918 527 945 ἀσεϐῶν
541 919 674 947 ὄλλυται.
693 920 724 946 Ἦ
739 920 761 946 δ’
780 920 825 946 ἐπὶ
834 921 888 952 τοῖς
900 929 983 954 προσ-

1069 917 1134 952 Spes
1151 923 1241 945 autem
1256 918 1398 952 impiorum
1413 919 1490 954 perit.
1514 918 1543 946 lu
1556 921 1754 949 momentaneis
1769 929 1817 948 au-

198 963 304 998 καιροις
319 964 479 999 πεποίθησις
493 964 548 991 τῶν
564 965 601 1000 μὴ
622 966 682 991 κατ’
699 966 859 1001 ἔμπρακτον
886 966 985 999 γνῶσιν

200 1009 340 1044 τιμώντων
353 1009 429 1040 Θεὸν,
445 1009 595 1036 ἀπόλλυται
615 1011 653 1045 μὴ
673 1010 837 1045 ἱσταμένοις,
853 1009 919 1036 ἀλλὰ
936 1010 985 1036 τά·

200 1055 268 1089 χέως
284 1063 353 1089 παρε
359 1056 507 1090 ρχομένοις.

236 1101 286 1126 κον.
308 1099 460 1134 Ὀχύρωμα
483 1100 572 1127 ὁσίου
592 1100 683 1135 φόϐος
705 1100 824 1134 Κυρίου.
853 1100 908 1127 Καὶ
931 1100 985 1135 γὰρ

201 1145 308 1180 φυλακὴ
325 1146 374 1180 μὲν
389 1146 506 1181 ὑπάρχει
517 1146 556 1181 τῷ
567 1146 716 1181 ὑπερϐάντι
726 1147 775 1181 τὴν
788 1146 857 1173 κατὰ
873 1147 918 1172 τὸν
932 1155 983 1180 φυ-

201 1191 276 1216 σικὸν
293 1191 374 1225 νόμον
385 1191 568 1226 δικαιοσύνην,
584 1193 630 1218 καὶ
645 1192 844 1228 πολιτευομένῳ
859 1192 930 1218 κατὰ
940 1193 984 1219 τὸν

200 1238 394 1271 πνευματικὸν,
406 1238 420 1264 ό
434 1238 514 1271 ἁγνὸς
536 1239 583 1264 καὶ
598 1238 732 1273 διαμένων
746 1240 786 1269 εἰς
802 1232 887 1264 αίιῖῖνα
918 1239 984 1265 αἰῶ-

201 1291 244 1313 νος
261 1283 331 1314 Οεῖος
347 1283 436 1316 φόϐος,
449 1284 488 1315 εἰς
498 1283 528 1309 τὸ
541 1283 675 1318 μηδέποτε
688 1284 815 1310 ἐκπεσεῖν
840 1284 919 1311 αὑτὸν
936 1285 985 1319 τῆς

200 1329 276 1360 θείας
290 1329 408 1364 ἀγάπης,
425 1329 606 1364 περιπεσόντα
622 1330 662 1359 εἰς
677 1330 887 1364 καταφρόνησιν.

236 1375 382 1408 Συντριϐὴ
396 1375 432 1401 δὲ
446 1375 507 1408 τοῖς
527 1373 731 1410 ἐργαζομένοις
748 1374 834 1401 κακά.
848 1375 940 1408 extet;
957 1375 985 1402 δὲ

202 1422 248 1447 καὶ
258 1422 403 1454 κατὰνυξις
413 1421 481 1456 πρὸς
491 1421 628 1456 σωτηρίαν
634 1422 666 1448 ἐκ
680 1421 830 1456 μεταμέλοι)
839 1422 894 1453 τοῖς
902 1423 986 1457 πράτ-

200 1475 291 1493 τουσιν
304 1466 451 1501 ἁμαρτίας.

236 1513 269 1540 λ’.
290 1513 408 1545 Δίκαιος
427 1514 470 1545 είς
489 1512 542 1539 τὸν
559 1512 653 1539 αἰῶνα
679 1513 734 1539 οὐκ
751 1511 885 1539 ἐνδώσει.
904 1513 986 1539 Καὶὸ

203 1560 252 1593 μὲν
264 1559 417 1594 προκρίνων
429 1559 482 1585 τῶν
498 1559 673 1594 προσκαίρων
683 1559 717 1585 τὰ
729 1559 836 1590 αἰώνια,
849 1559 898 1586 οὑκ
917 1559 985 1594 ἁμε-

1035 966 1090 990 tem
1105 971 1199 990 eorum
1221 963 1319 991 fiducia
1335 964 1381 998 qui
1400 964 1482 991 Deum
1495 971 1548 992 non
1562 965 1655 992 colunt
1666 967 1816 994 secundum

1035 1008 1152 1035 activam
1170 1009 1380 1044 intelligentiam
1407 1017 1462 1036 non
1486 1010 1633 1042 stantibus,
1652 1010 1700 1038 sed
1724 1011 1817 1045 rapide

1036 1054 1243 1082 transeuntibus
1260 1055 1342 1089 perit.

1073 1099 1154 1128 Vsus.
1170 1101 1214 1128 29.
1234 1100 1376 1128 Fortitudo
1405 1101 1442 1135 pii
1471 1101 1560 1127 timor-
1576 1100 1692 1128 Domini.
1711 1101 1816 1129 Etenim

1027 1147 1158 1175 custodia
1177 1147 1286 1182 quidem
1313 1151 1354 1175 est
1371 1147 1506 1182 justitiam
1533 1147 1684 1174 secundum
1712 1153 1817 1175 naturae

1036 1194 1121 1229 legem
1135 1193 1341 1221 transcendenti
1356 1198 1382 1221 et
1391 1194 1541 1220 secundum
1551 1194 1721 1228 spiritualetn
1732 1194 1815 1228 legem

1036 1239 1136 1274 agenti,
1151 1243 1243 1266 castus
1266 1243 1294 1266 et
1312 1246 1491 1273 perseverans
1515 1239 1542 1265 in
1571 1240 1700 1266 sat-culum
1723 1240 1816 1267 szeculi

1036 1285 1146 1312 divinus
1178 1285 1269 1311 timor.
1297 1284 1442 1319 Nunquam
1472 1285 1544 1311 enim
1575 1285 1817 1312 decidetadivina

1036 1331 1180 1362 cltaritale.
1198 1331 1221 1358 si
1239 1331 1265 1358 in
1282 1331 1517 1365 contemptionem
1531 1331 1668 1358 inciderit.

1071 1376 1199 1410 Confusio
1215 1381 1302 1403 autent
1316 1376 1357 1403 his
1371 1377 1415 1410 qui
1426 1381 1569 1412 operantur
1584 1376 1665 1403 mala.
1683 1376 1818 1404 Contritio

1036 1427 1127 1449 autem
1145 1428 1171 1449 et
1183 1423 1361 1457 compunctio
1376 1422 1408 1449 ad
1425 1424 1541 1450 salutent
1555 1429 1588 1449 ex
1602 1422 1762 1456 pteuitenliu
1777 1422 1818 1449 fa.

1037 1467 1174 1495 cientibus
1189 1471 1311 1502 peccata.

1072 1512 1155 1539 Vens.
1169 1513 1214 1540 5U.
1230 1512 1324 1540 Justus
1337 1513 1364 1539 in
1380 1516 1505 1540 teternum
1526 1521 1577 1540 non
1605 1513 1816 1540 commovebitur.

1036 1559 1088 1592 Qui
1106 1559 1176 1587 enim
1200 1559 1397 1587 ntomentaneis
1413 1564 1514 1586 interna
1532 1559 1684 1594 antepoait,
1696 1567 1752 1586 sure
1774 1567 1819 1586 su-

201 1606 279 1640 λήσει
289 1606 337 1640 τῆς
349 1605 445 1632 ἑαυτοῦ
459 1606 608 1640 σωτηρίας.
627 1605 695 1631 ἀλλὰ
715 1605 795 1640 μέχρι
810 1605 910 1637 παντὸς
918 1607 985 1641 ἀμε-

1037 1605 1103 1632 Iutis
1115 1612 1167 1631 non
1183 1605 1325 1639 negligens
1339 1604 1402 1636 erit,
1420 1605 1467 1631 sed
1483 1604 1614 1631 continuo
1623 1608 1649 1630 et
1661 1608 1818 1631 constanter

201 1652 349 1686 ταστρεπτὶ
358 1651 425 1686 πρὸς
438 1651 504 1678 Θεὸν
518 1651 622 1678 ὀδεύσει
637 1651 696 1677 κατ’
709 1651 808 1686 ἀρετήν
819 1659 826 1665 '
840 1651 984 1685 ὑπομένων

200 1697 366 1731 εὐχαρίστως
385 1696 521 1724 πάντατὰ
539 1696 710 1732 ἐπερχόμενα
737 1696 812 1731 αὐτῷ
841 1696 911 1723 κατὰ
935 1697 986 1731 τὴν

202 1744 342 1779 Ιδιαιροῦσαν
357 1743 440 1777 ζωήν.

243 1790 373 1822 Ἀσεϐεῖς
387 1790 422 1816 δὲ
434 1790 489 1817 οὐκ
507 1789 669 1823 οἰκήσουσι
683 1790 750 1824 γῆν.
769 1790 800 1816 Ol.
813 1789 842 1816 δὲ
859 1789 896 1825 μὴ
921 1789 987 1816 Θεὸν

201 1837 388 1872 προτιμῶντες
405 1837 513 1863 πάντων
535 1836 590 1863 τῶν
611 1835 645 1863 δι⁹
669 1836 752 1863 αὑτοῦ
774 1837 934 1870 γεγονότων,
955 1837 986 1863 οὐ

201 1883 360 1917 ποιήσονται
385 1882 517 1916 διαμονὴν
544 1882 615 1908 κατὰ
639 1881 769 1914 διάθεσιν,
795 1882 824 1907 ὲν
840 1882 872 1916 τῇ
899 1881 987 1916 παγίᾳ

200 1928 256 1960 ἕξει
276 1927 330 1954 τῶν
341 1927 444 1962 ἀρετῶν
458 1934 465 1941 ·
481 1927 518 1958 ὡς
532 1928 588 1958 τοῖς
603 1927 662 1952 κατ’
683 1927 802 1961 ἔλλειψιν
821 1926 923 1953 τούτων
941 1927 987 1953 καὶ

201 1973 355 2009 ὑπερϐολὴν
370 1974 414 2000 ἀεὶ
429 1972 665 2009 περιπλανώμενοι
680 1972 804 1999 πάθεσιν.

236 2064 285 2090 λα’.
303 2064 401 2097 Στόμα
421 2062 538 2089 δικαίου
564 2059 722 2090 ἀποστάζει
743 2060 866 2094 σοφίαν.
890 2060 946 2087 Καὶ
969 2061 985 2094 ἠ

203 2110 252 2145 μὲν
267 2110 361 2145 ἡρέμα
376 2109 568 2144 προφερομένη
582 2107 740 2134 διδασκαλία
754 2105 801 2132 τοῦ
830 2106 988 2140 προκρίνον-

201 2164 246 2187 τος
274 2155 327 2181 τῶν
352 2154 529 2190 προσκαίρων
549 2153 583 2179 τὰ
606 2153 712 2185 αἰώνια,
733 2151 892 2187 μεταδίδωσι
910 2152 988 2186 δίκην

202 2202 340 2236 σταγόνος,
353 2201 423 2228 κατὰ
434 2201 530 2236 βραχὺ,
544 2199 710 2234 τελειότητος
720 2199 775 2230 τοῖς
790 2197 891 2233 ταύτης
905 2207 988 2233 μετα-

1037 1651 1070 1677 ad
1086 1651 1168 1678 Deum
1189 1650 1339 1678 secundum
1352 1651 1482 1677 virtutem
1502 1650 1665 1682 ambulabit,
1676 1657 1739 1677 cum
1754 1658 1818 1685 gra-

1036 1697 1135 1723 tiarum
1151 1697 1258 1723 actione
1272 1697 1414 1724 sustinens
1428 1696 1519 1724 omnia
1529 1703 1576 1731 per
1590 1700 1752 1731 praesentem
1775 1697 1818 1723 vi—

1036 1746 1092 1769 tatu
1112 1743 1343 1776 supervenientia.

1072 1787 1151 1822 [mpii
1165 1794 1254 1815 autem
1278 1796 1330 1815 mm
1353 1787 1510 1814 habitabant
1537 1795 1614 1822 super
1636 1792 1745 1814 terram.
1767 1787 1818 1820 Qui

1037 1839 1128 1862 autem
1144 1842 1200 1861 non
1224 1833 1308 1862 Deum
1336 1834 1464 1862 omnibus
1486 1837 1667 1868 anteponunt.
1687 1841 1747 1868 qua:
1773 1841 1820 1868 per

1039 1880 1114 1906 illum
1145 1879 1220 1907 facta
1237 1886 1312 1912 sunt,
1329 1888 1382 1907 non
1412 1881 1464 1908 sibi
1485 1888 1533 1915 per
1557 1880 1763 1914 dispositionem
1792 1879 1820 1906 in

1037 1925 1126 1952 solido
1153 1925 1286 1952 virtutum
1315 1925 1407 1952 habitu
1434 1926 1525 1953 sedem
1561 1925 1681 1957 facient;
1713 1932 1820 1959 semper

1037 1971 1108 1997 enim
1127 1979 1172 2005 per
1187 1971 1318 1998 virtutum
1336 1971 1469 1999 defectum
1484 1975 1530 1998 aut
1542 1978 1687 1999 excessum
1711 1971 1820 2004 cupidi-

1038 2017 1142 2043 talibus
1159 2017 1391 2052 circumageutur.

1076 2061 1158 2089 Vens.
1173 2063 1217 2089 5i.
1238 2062 1348 2096 Osjusti
1362 2063 1476 2090 distillat
1502 2063 1669 2096 sapientiam.
1685 2065 1718 2088 Et
1730 2062 1820 2090 suavi-

1038 2113 1079 2135 ter
1094 2109 1202 2143 quidem
1217 2108 1322 2143 proluta
1335 2109 1461 2136 doctrina
1480 2108 1554 2136 illius
1568 2109 1613 2142 qui
1632 2108 1745 2135 caducis
1769 2115 1819 2134 au-

1039 2155 1143 2190 tcpouit
1162 2161 1272 2187 aeterna.
1297 2156 1377 2183 stilla:
1397 2155 1493 2188 instar,
1506 2156 1608 2182 sensim
1626 2155 1820 2189 perfectionem

1039 2202 1153 2237 largitur
1171 2202 1204 2229 iis
1216 2202 1262 2237 qui
1279 2201 1352 2229 illam
1370 2202 1527 2238 suscipiunt
1543 2211 1551 2234 ;
1568 2209 1602 2229 eo
1616 2202 1689 2237 quod
1710 2202 1728 2229 ii
1741 2201 1821 2230 facile

200 2248 379 2282 λαμὸἀνουσι,
405 2247 472 2283 πρὸς
499 2247 530 2274 τὺ
553 2245 755 2281 εὐπαράδεκτον
786 2243 856 2271 εἶναι
885 2245 985 2280 ταύτην

1039 2255 1098 2275 eam
1112 2247 1324 2282 amplectantur.

201 2294 302 2325 αὐτοῖς.

236 2338 370 2366 Γλῶσσα
382 2338 415 2365 δὲ
429 2338 536 2366 ἀδίκου
550 2337 707 2370 ἐξολεῖται.
725 2336 758 2364 'H
783 2337 812 2363 δὲ
839 2335 986 2370 γλωσσολο-

200 2385 248 2419 γία
258 2385 312 2411 τῶν
326 2385 360 2412 τὰ
377 2385 532 2420 πρόσκαιρα
545 2384 599 2410 τῶν
611 2384 728 2410 αἰωνίων
751 2383 984 2423 προαιρουμένων,

201 2431 453 2466 ὲξαφανισῧήσεται,
465 2431 505 2461 είς
519 2430 550 2456 τδ
563 2429 646 2464 μηδὲν
659 2421 829 2465 χωρήσοισάἱ
852 2430 903 2456 uoti.
921 2429 984 2463 γὰρ,

235 2477 284 2512 λβζ
297 2477 387 2510 Χείλη
401 2475 517 2511 ἀνδρῶν
532 2475 655 2502 δικαίων
668 2473 826 2505 ὰποστάζέι
853 2472 984 2508 χάριτας-ε

199 2524 232 2549 Οἱ
247 2522 296 2557 μὲν
315 2522 388 2555 λόγοι
402 2522 457 2548 τῶν
485 2522 556 2548 κατὰ
579 2521 633 2548 τῶν
661 2521 754 2548 παοῶν
777 2519 984 2558 ἀνδριζομένων,

201 2570 248 2594 καὶ
263 2568 462 2603 προκρινόντων
485 2567 515 2593 τὸ
531 2567 615 2598 ὅντως
644 2567 745 2601 ἀγαθὸν
773 2566 820 2592 τοῦ
835 2564 985 2595 δοκοῦντος,

200 2614 244 2640 διὰ
256 2615 309 2640 τῶν
324 2613 395 2640 κατὰ
413 2613 494 2648 μέρος
507 2614 574 2647 πρὸς
588 2613 746 2647 τελειότητα
753 2611 922 2642 ἀναϐάσεων,
937 2610 986 2641 τὰς

201 2661 271 2686 κατὰ
283 2659 399 2694 Χριστὸν
415 2659 572 2694 χαρίζονται
587 2659 729 2694 προκοπάςς
745 2665 751 2672 ·
770 2657 878 2693 πρῶτον
893 2656 988 2682 καθαί-

203 2714 306 2742 ροντες,
323 2704 382 2731 εἶτα
398 2704 570 2739 φωτίζοντες,
586 2705 633 2730 καὶ
650 2704 721 2730 οὓτω
737 2702 902 2733 τελειοῦντες
925 2702 987 2733 τοὺς

201 2751 379 2785 πειθομένους
395 2750 497 2781 αὐτοῖς.

234 2797 332 2830 Στόμα
346 2796 380 2821 δὲ
391 2795 510 2823 ἀσεϐῶν
524 2795 754 2829 ἀποστρέφεται.
777 2795 811 2821 'H
824 2794 853 2821 δὲ
870 2793 987 2830 φλυαρία

199 2841 253 2867 τῶν
274 2841 310 2876 μὴ
326 2841 358 2867 δι’
372 2840 533 2876 ὲμπράκτου
548 2840 674 2874 γνώσεως
688 2839 831 2874 τιμώντων
847 2840 925 2873 Θεὸν,
940 2849 986 2875 μι-

201 2887 282 2922 σγλτὲα
297 2887 353 2913 ἐστὶ
367 2887 431 2921 παρ’
446 2886 531 2920 αὐτῷ.

339 2935 473 2965 ΡΑΤιιυι..
489 2935 546 2964 GR.
563 2933 735 2965 LXXXV“.

1071 2337 1173 2372 Lingua
1191 2341 1279 2363 autent
1295 2336 1389 2371 injusti
1417 2337 1521 2370 peribit.
1549 2336 1716 2371 Loquacitas
1731 2341 1819 2364 autem

1036 2389 1129 2409 eorum
1140 2382 1187 2416 qui
1202 2386 1392 2409 mmuentauea
1407 2382 1518 2409 aeternis
1543 2381 1702 2416 prazferunt,
1721 2389 1821 2409 evane-

1037 2431 1105 2458 scet.
1125 2428 1153 2454 in
1164 2427 1278 2454 uiltilum
1293 2427 1457 2463 aufugiens:
1473 2429 1585 2460 etenim,

1073 2473 1156 2500 ναις.
1171 2474 1215 2500 52.
1233 2473 1317 2500 Labia
1329 2474 1463 2500 hominum
1473 2475 1606 2508 juslorum
1616 2473 1748 2500 distillant
1760 2481 1822 2508 gra—

1038 2519 1193 2546 tia:.Verba
1210 2520 1320 2553 quidem
1333 2527 1427 2547 eorum
1443 2520 1490 2554 qui
1506 2520 1640 2546 adversus
1655 2519 1820 2553 cupiditates

1037 2572 1170 2599 generose
1196 2569 1328 2600 pugnant.
1344 2569 1371 2591 et
1386 2572 1479 2591 verum
1503 2565 1603 2592 bonum
1629 2572 1681 2592 suo
1694 2565 1822 2599 bettepla-

1039 2610 1095 2636 cito
1122 2614 1304 2644 anteponunt,
1323 2618 1370 2644 per
1387 2610 1560 2637 succcssivos
1575 2611 1608 2637 ad
1625 2609 1820 2645 perfectionem

1039 2660 1184 2687 ascensus,
1204 2655 1355 2682 secundum
1369 2655 1508 2682 Christum
1524 2654 1685 2690 progressus
1701 2655 1822 2689 largiun—

1040 2705 1095 2734 tur,
1113 2701 1202 2736 primo
1232 2700 1422 2735 puriﬁcantes,
1435 2700 1533 2728 deinde
1561 2701 1759 2732 illuminantes,
1778 2705 1821 2727 at-

1039 2755 1092 2782 que
1107 2747 1141 2773 ita
1159 2754 1206 2773 eos
1223 2746 1392 2781 perﬁcientes
1404 2747 1450 2781 qui
1467 2746 1534 2781 ipsis
1549 2746 1701 2774 confidunt.

1077 2792 1113 2819 Os
1132 2796 1218 2818 autent
1235 2792 1379 2826 impiorum
1397 2796 1540 2819 avertetur.
1555 2791 1720 2826 Loquacitas
1730 2794 1820 2818 autem

1039 2845 1134 2866 eorum
1149 2837 1195 2872 qui
1213 2845 1266 2864 nott
1284 2838 1366 2864 Deum
1396 2845 1444 2872 per
1469 2837 1585 2865 activam
1613 2835 1819 2873 intelligentiam

1041 2884 1144 2916 colunt,
1163 2882 1235 2917 apud
1254 2885 1341 2919 ipsum
1353 2883 1465 2911 odibilis
1476 2889 1527 2912 est.
