2079 3161
246 170 320 202 ’132Ἱ

586 218 663 247 CAP.
678 217 723 244 XI.

286 269 372 297 Vsus.
391 268 416 295 1.
432 266 540 294 διαιωά
558 265 663 297 dolosa,
678 263 843 291 abominatio
865 268 928 291 ante
953 263 1042 290 homi-

252 323 326 343 num.
339 313 372 341 Et
386 312 499 348 quidem
516 310 548 337 ad
561 310 694 337 virtutum
708 308 831 336 deiectus
845 308 887 335 vel
900 315 1040 339 excessus,

252 362 286 390 ad
299 361 459 388 alterutram
476 360 581 392 partem
595 360 739 390 vergentes
756 355 854 382 animae
878 354 1041 390 dispositio—

253 415 313 440 nes.
330 405 448 434 odibiles
463 407 528 431 sunt
543 405 606 429 ante
620 401 718 429 faciem
745 401 822 428 illius
847 400 895 436 qui
916 399 1043 435 prohibet

252 462 287 482 ne
300 453 473 481 declinemus
490 448 525 476 ad
543 449 696 480 dexteram.
709 447 753 475 vel
764 447 797 475 ad
821 446 976 478 sinistram,
990 445 1044 473 Do-

251 500 318 530 mini
331 498 452 527 omnium
465 496 523 528 Dei,
538 499 568 522 ut
580 502 595 521 a
607 503 671 523 vero
679 495 750 523 bono
763 499 791 522 et
813 494 944 529 utrinque
966 493 1043 521 aber-

253 553 358 575 rantes.

287 592 397 620 Peridus
409 599 471 618 vero
486 597 591 623 (equum
607 593 752 623 acceptum,
764 587 816 614 illi.
828 586 894 620 Quae
909 586 935 613 in
952 584 1042 613 medio

251 639 363 666 virtutis
380 637 574 672 contemplans
604 642 659 662 non
681 633 802 661 declinat
819 632 853 660 ad
875 631 1042 667 cupiditates

247 684 404 713 secundum
425 683 535 710 virtutis
560 681 696 709 delectum
729 684 777 706 aut
800 677 1040 714 exaggerationem

250 730 348 757 anima:
362 728 517 764 dispositio.
527 727 565 754 illi
578 727 647 754 bene
660 729 772 760 accepta
786 727 829 752 est
840 731 848 757 ;
859 723 963 759 quippe
975 729 1038 758 qua

242 781 314 802 “vero
330 774 403 802 bono
418 773 538 801 studeat.

284 821 368 848 Vsus.
386 819 413 847 Ξ.
431 819 490 852 Quo
511 819 631 854 ingressa
650 816 700 844 erit
716 814 885 847 contumelia,
901 814 937 841 ibi
956 818 980 841 et
994 814 1039 841 de-

249 867 338 894 decus.
363 866 395 893 Et
418 873 501 901 super
520 872 596 897 eum,
622 863 648 891 in
665 870 746 898 quem
762 863 917 897 ingressum
936 861 988 888 erit
1006 868 1039 888 ex

911 164 1069 195 PROCOPI
1075 165 1084 195 l
1103 165 1225 195 GAZ/EI

1816 164 1882 196 Ῑῖἲὲί

1397 218 1521 245 ΚΕΦΑΔ.
1535 217 1583 245 IA’.

1125 268 1161 292 at’.
1175 265 1547 301 Ζυγοὶὸόλιοι,,βὸἐλνῃια
1557 264 1686 291 ἐνώπιον
1697 264 1817 298 Κυρίου.
1829 264 1885 290 Ka‘.

1092 312 1120 338 αί
1136 312 1187 346 μὲν
1203 311 1272 346 πρὸς
1287 311 1336 343 τὰς
1352 310 1485 346 ἐλλείψεις
1498 311 1553 337 τῶν
1568 310 1675 346 ἀρετῶν
1688 309 1789 341 καὶτὰς
1800 310 1884 345 ὑπερ-

1092 357 1185 390 ϐολὰς,
1204 358 1397 394 ἐτερορῥεπεῖς
1421 356 1472 392 τῆς
1494 356 1584 392 ψυχῆς
1601 356 1746 388 διαῡέτεις,
1764 364 1884 391 μεμιση-

1094 403 1174 439 μέναι
1189 403 1259 430 είσὶν
1282 402 1438 438 ἔμπροσθεν
1457 401 1504 428 τοῦ
1524 401 1717 436 ὲντελλομένου
1743 401 1781 436 μὴ
1797 401 1885 427 ἐκκλί-

1092 458 1148 476 νειν
1162 450 1237 485 ἡμᾶς
1258 449 1320 485 μήτ’
1339 450 1379 481 είς
1399 448 1433 475 τὰ
1447 448 1534 482 δεξιὰ,
1548 447 1612 483 μήτ’
1629 448 1670 479 εἰς
1695 448 1718 474 τ’
1740 447 1882 483 ἀριστερὰ,

1091 496 1227 522 Δεσπότου
1251 495 1306 521 τῶν
1319 494 1389 522 ὅλων
1403 493 1482 527 Θεοῦ,
1507 493 1545 525 ὼς
1567 493 1615 520 τοῦ
1637 493 1722 525 ὅντως
1738 492 1822 520 καλοῦ
1837 492 1885 520 καὶ

1092 540 1290 577 ἀμφοτέρωθεν
1307 539 1526 576 ἁμαρτάνουσαι.

1127 586 1278 621 Στάθμιον
1303 585 1338 612 δὲ
1359 585 1487 619 δίκαιον,
1510 585 1619 612 δεκτόν
1642 583 1732 617 αὐτῷ.
1756 584 1788 611 Ἦ
1805 584 1834 610 ὲν
1850 584 1883 620 τῇ

1094 632 1223 668 μεσότητι
1239 632 1269 658 δὲ
1292 632 1344 667 τῆς
1367 632 1468 668 ἀρετῆς
1486 631 1661 666 θεωρουμένη
1677 629 1801 667 ὰρῤεπὴς
1814 629 1883 664 πρὸς

1091 681 1126 707 τὰ
1141 680 1202 707 κατ’
1221 680 1341 715 ἔλλειψιν
1359 679 1464 715 ταύτης
1486 680 1535 706 καὶ
1558 678 1712 714 ὑπερϐολὴν
1733 677 1808 712 πάθη
1825 677 1884 703 διὰ·

1092 727 1168 759 θεσις
1187 727 1236 761 τῆς
1261 726 1363 762 ψυχῆς,
1388 726 1588 762 εὐπρόσδεκτος
1607 725 1728 761 ὑπάρχει
1753 724 1827 760 αὐτῷ
1845 724 1882 756 ὡς

1091 772 1138 799 τοῦ
1151 772 1237 805 ὄντως
1251 772 1403 808 ὀρεγομένη
1418 772 1516 800 καλοῦ.

1128 817 1160 853 β’.
1183 815 1225 846 οὗ
1251 818 1307 845 ἐὰν
1333 818 1456 852 εἰσέλθῃ
1479 818 1582 853 ὕϐρις,
1606 817 1672 845 ἐκεῖ
1695 817 1744 844 καί
1770 817 1882 852 ἀτιμία.

1091 863 1147 890 Καὶ
1163 863 1205 897 ἐφ’
1223 863 1253 890 ὃν
1268 863 1318 898 μὲν
1334 863 1367 890 ἂν
1381 863 1565 891 εἰσελεύσεται
1585 864 1614 897 ἐξ
1628 863 1816 899 ὑπερηφανίας
1831 863 1885 898 μῶ-

250 913 409 949 arrogantia
426 912 557 948 probrum
577 914 671 938 contra
689 908 856 944 proximum,
876 907 961 934 irruet
978 913 1035 942 per-

1095 917 1143 945 μος
1160 909 1233 937 κατὰ
1259 909 1307 936 τοῦ
1325 909 1422 943 πέλας,
1439 909 1512 945 πάθη
1526 909 1640 945 ἀτιμίας
1653 909 1724 936 κατὰ
1740 908 1884 945 συγχώρη-

249 961 336 988 missu
362 959 455 987 divino
481 957 626 985 dedecoris
648 956 739 990 dolor,
755 960 785 983 ιιι
797 954 978 982 humilitatem
995 953 1038 981 di-

249 1011 318 1034 δῦθι.

285 1052 367 1079 Vsus.
388 1051 415 1078 5.
437 1049 474 1078 οι
502 1053 592 1076 autem
603 1047 753 1082 :humilium
770 1049 848 1073 curat
868 1044 1036 1078 sapientiam.

247 1097 349 1126 Eorum
367 1101 457 1124 autem
476 1094 608 1130 cogitatio
630 1092 677 1129 qui
702 1099 763 1119 sese
787 1092 821 1119 de
840 1091 899 1118 suis
916 1089 1038 1126 peccatis

249 1143 464 1180 reprehendunt.
477 1142 560 1170 discit
573 1140 746 1176 sapientiam,
760 1138 868 1165 initium
885 1137 946 1173 ejus
961 1137 1038 1164 timo-

247 1199 306 1218 rcm
319 1189 427 1218 Domini
439 1188 554 1216 iaciens.

284 1236 368 1264 Vatis.
379 1236 403 1263 i.
414 1235 534 1262 Mortuus
537 1234 626 1269 justus
639 1232 743 1266 reliquit
751 1231 941 1265 pix-nitentium.
951 1229 1038 1257 Eloc-

248 1283 323 1309 cisus
339 1281 450 1317 quidem
462 1280 509 1315 qui
533 1278 810 1313 irreprvhensibtliter
821 1276 927 1311 agebat,
940 1275 980 1303 eis
991 1275 1036 1310 qui

249 1329 338 1362 ipsum
347 1326 518 1356 occiderunt,
529 1323 718 1359 ptenitentiam
732 1322 844 1356 reliquit
852 1320 926 1348 deiis
938 1327 1000 1356 quae
1009 1320 1037 1347 in

248 1374 338 1408 ipsum
351 1372 533 1404 admiserunt,
544 1369 671 1405 praesenti
689 1367 800 1403 quidem
825 1370 949 1402 tempore
973 1373 1038 1394 con-

248 1419 391 1447 scientiam
410 1417 623 1454 percutientem,
641 1415 734 1443 futuro
750 1417 841 1442 autem
859 1412 962 1441 saeculo
977 1419 1038 1447 per-

250 1470 333 1502 petuo
344 1465 515 1501 punientem.

284 1511 447 1546 Repentinus
473 1513 562 1536 autem
586 1507 684 1535 accidit
698 1505 869 1541 etjucundtu
896 1504 1037 1539 impiorum

251 1558 387 1585 interitus.
401 1555 460 1583 Non
475 1555 609 1582 inhibitus
629 1557 720 1580 autem
737 1552 839 1579 accidit
850 1554 878 1579 et
897 1549 1037 1586 jucundus

247 1604 319 1632 male
337 1603 478 1639 agentium
490 1606 518 1629 et
531 1602 593 1629 ideo
610 1608 664 1628 non
677 1599 826 1627 colentium
842 1597 926 1625 Deum
940 1595 1040 1624 interi-

249 1656 312 1683 tus;
332 1650 397 1685 quia
422 1652 450 1676 et
469 1655 565 1684 ptenas
593 1647 632 1674 illi
660 1645 731 1673 male
761 1648 886 1672 actorum
911 1641 1041 1678 praesenti

247 1701 373 1731 tempore
387 1694 535 1726 dederunt,
553 1697 580 1720 et
595 1693 629 1720 ab
654 1691 710 1718 illis
725 1690 828 1725 injuste
854 1689 952 1722 habiti,
966 1695 1042 1716 acce-

249 1740 304 1777 ptis
315 1740 349 1769 ab
369 1739 467 1768 iisdem
481 1738 592 1774 injuriis
617 1736 726 1765 liberati
739 1739 814 1764 sunt.

283 1829 366 1858 Vnus.
375 1830 402 1857 5.
415 1828 528 1856 Iustitia
536 1827 662 1863 simplicis
668 1826 758 1862 dirigit
765 1826 828 1852 vias.
837 1824 942 1852 Etenim
950 1824 1043 1851 immo-

247 1880 306 1904 tum
330 1877 363 1903 de
374 1875 488 1910 agendis
505 1873 639 1910 judicium
669 1871 947 1907 irreprehensibiliter
963 1877 1044 1905 agen-

249 1925 284 1952 tis
304 1922 470 1951 inﬂexibilcs
480 1921 512 1948 ad
524 1921 688 1956 cupiditates
696 1918 847 1947 secundum
858 1916 1044 1944 virtutisdeie-

248 1976 324 1999 ctum
341 1973 388 1997 aut
404 1975 546 1997 excessum
577 1967 642 1994 facit
659 1966 719 2001 ejus
746 1964 897 1994 secundum
913 1963 1041 1991 virtutem

248 2017 361 2045 semitas
377 2024 385 2049 ;
405 2015 432 2044 in
447 2014 548 2051 quibus
575 2016 637 2049 post
658 2012 748 2048 ipsum
766 2011 939 2039 ambulantes
952 2010 1042 2037 salute

248 2062 323 2099 digni
342 2061 491 2090 habentur.
901 2060 903 2062 ‘

285 2119 319 2146 In
333 2118 470 2153 impietate
484 2121 573 2144 autem
581 2119 686 2143 corruet
702 2113 809 2148 impius.
818 2112 847 2140 In
865 2110 1040 2147 ignominiam

250 2165 297 2193 Dei
312 2172 361 2201 per
379 2163 490 2192 malitiae
509 2169 594 2198 opera
608 2160 706 2189 incidit
719 2161 766 2196 qui
782 2158 976 2188 mandatorum
994 2156 1041 2184 Dei

250 2212 336 2247 legem
357 2210 497 2246 reprobat.
507 2208 627 2242 Etenim,

283 2267 369 2296 Vsus.
386 2267 412 2295 6.
426 2266 539 2294 Iustitia
562 2266 612 2294 viri
637 2264 701 2292 recti
718 2263 839 2291 liberabit
853 2269 908 2289 eos.
922 2260 1042 2296 lrrepre-
1056 2252 1080 2283 ο

249 2314 394 2343 bensibilis
407 2313 519 2350 quidem
535 2320 630 2340 eorum
643 2311 699 2338 vita
716 2310 763 2346 qui
778 2316 909 2345 generose
925 2308 953 2335 in
968 2307 1044 2342 cupi-

249 2362 350 2390 ditates
372 2365 506 2397 pugnant.
533 2363 562 2387 et
585 2357 761 2386 inﬂexibilem
779 2355 814 2383 ad
840 2354 941 2382 malum
959 2353 1044 2380 virtu-

250 2408 287 2435 tis
304 2415 417 2435 cutsum
434 2407 551 2438 iaciunt,
567 2412 615 2432 eos
634 2403 732 2438 eripiet
757 2401 790 2429 ab
806 2409 839 2429 eo
854 2399 927 2436 quod
943 2407 1042 2427 secun-

251 2453 315 2480 dum
330 2452 450 2479 animam
463 2459 511 2486 per
522 2449 689 2485 cupiditates
697 2447 774 2483 juxta
785 2444 1042 2475 deiectumvirtutis

251 2501 300 2525 aut
310 2505 455 2525 excessum
467 2500 519 2529 est,
541 2494 674 2532 periculo,

290 2553 304 2581 I
308 2554 433 2589 inpietate
447 2558 537 2581 autem
552 2561 602 2580 sua
617 2551 759 2586 capiuntur
784 2552 942 2584 peccatores.
957 2546 1041 2573 Deum

252 2599 404 2628 secundum
428 2599 547 2627 animam
573 2606 628 2627 non
654 2597 776 2625 colentes
794 2603 844 2623 sua
862 2593 1043 2630 dispositione

253 2647 411 2681 rapiuntur,
433 2646 481 2681 qui
507 2645 666 2674 divinorum
684 2642 877 2671 mandatorum
893 2641 978 2676 legem
999 2646 1042 2667 re-

254 2693 383 2728 probant.

288 2750 373 2778 Vsus.
401 2750 427 2778 7.
446 2749 553 2777 Mortuo
580 2748 683 2776 homine
705 2748 790 2783 justo,
809 2754 861 2774 non
889 2745 957 2780 perit
971 2752 1039 2779 spes.

258 2796 291 2824 Et
307 2800 416 2823 mortuo
428 2794 539 2830 quidem
555 2795 602 2822 illo
613 2794 659 2829 qui
676 2794 705 2821 in
721 2793 886 2828 cupiditates
908 2797 1047 2826 generosa

255 2841 390 2878 pugnavit
407 2845 433 2868 et
448 2848 462 2868 a
485 2840 596 2867 virtutis
620 2838 763 2867 laboribus
791 2846 846 2866 non
871 2837 1000 2869 cessavit,
1016 2842 1043 2864 et

254 2886 454 2916 momentaneis
471 2890 573 2915 (eterna
589 2884 764 2922 anteposuit,
779 2889 943 2913 aeternorum
956 2883 1039 2912 bono-

1093 962 1135 981 σιν
1156 954 1233 981 θείαν
1250 953 1460 990 καταλαμϐάνει
1484 954 1576 986 αὑτὸν,
1596 954 1629 981 ἶν’
1652 954 1820 989 ἑκπαιδευθῇ
1835 962 1884 980 τα-

1092 1001 1290 1036 πεινοφρονεῖν.

1127 1046 1163 1082 γ’.
1172 1048 1271 1081 Στόμα
1283 1047 1317 1074 δὲ
1323 1046 1472 1074 ταπεινῶν
1481 1046 1593 1083 μελετᾷ
1612 1048 1734 1082 σοφίαν.
1743 1047 1775 1074 Ἠ
1788 1047 1815 1074 δὲ
1826 1047 1885 1074 διά-

1091 1101 1150 1120 νοια
1162 1093 1217 1120 τῶν
1228 1093 1463 1129 ὲπιμεμφομένων
1477 1094 1585 1125 ἑαυτοῖς
1599 1093 1647 1120 ἐπὶ
1665 1095 1721 1126 τοῖς
1734 1093 1884 1129 παραπτώ-

1093 1147 1169 1175 μασι,
1180 1139 1312 1175 μανθάνει
1327 1140 1434 1175 σοφίαν·
1447 1140 1536 1176 ἀρχὴν
1548 1139 1651 1176 ταύτης
1660 1139 1705 1166 τὸν
1718 1140 1766 1167 τοῦ
1780 1139 1884 1176 Κυρίου

1091 1185 1174 1220 φόϐον
1188 1193 1265 1212 ποιου
1270 1185 1348 1221 μένη.

1125 1231 1157 1259 δ’.
1177 1231 1353 1260 Ἀποθανὼν
1370 1232 1486 1265 δίκαιος
1510 1231 1595 1259 ἔλιπε
1618 1231 1799 1266 μετάμελον.
1821 1232 1880 1259 Καὶ

1092 1276 1232 1311 φονευθεὶς
1250 1277 1300 1312 μὲν
1316 1277 1331 1304 ὸ
1349 1276 1503 1312 ἀμέμπτως
1513 1276 1734 1312 πολιτευόμενος,
1754 1277 1883 1304 κατέλιπε

1091 1325 1147 1354 τοῖς
1162 1323 1244 1350 αὑτὸν
1262 1322 1461 1355 θανατώσασιν,
1483 1323 1526 1358 ἐφ’
1540 1320 1583 1355 οἷς
1597 1324 1638 1355 είς
1655 1324 1738 1350 αὐτὸν
1753 1323 1883 1358 πεπλημ-

1094 1370 1240 1406 μελήκασι,
1262 1369 1458 1405 μεταμέλειαν,
1480 1369 1529 1406 τὴν
1552 1370 1663 1396 κατὰτὸ
1682 1370 1769 1405 παρὸν
1785 1370 1836 1405 μὲν
1851 1370 1882 1396 τὸ

1093 1415 1212 1448 συνειδὸς
1242 1416 1426 1452 πλήττουσαν,
1449 1416 1521 1443 κατὰ
1539 1416 1570 1443 τὸ
1591 1416 1687 1452 μέλλον
1699 1416 1727 1443 δὲ
1749 1416 1882 1452 διηνεκῶς

1091 1462 1205 1496 κολάζου
1209 1471 1267 1490 σαν.

1128 1509 1290 1543 Πρόχειρος
1313 1509 1347 1536 δὲ
1363 1509 1476 1545 γίνεται
1505 1509 1555 1537 καὶ
1580 1509 1742 1544 ἐπίχαρτος
1764 1509 1883 1537 ἀσεϐῶν

1092 1553 1236 1582 ἀπώλεια.
1262 1555 1414 1587 Ἀκώλυτος
1430 1555 1459 1582 δὲ
1483 1555 1588 1590 γίνεται
1602 1555 1650 1582 καὶ
1671 1555 1848 1591 εὐφρόσυνος,
1867 1557 1883 1582 ὸ

1091 1600 1146 1626 τῶν
1159 1600 1333 1634 ικακοποιῶν,
1351 1601 1399 1628 καὶ
1413 1601 1457 1628 διὰ
1480 1601 1559 1628 τοῦτο
1582 1600 1620 1637 μὴ
1642 1601 1783 1637 τιμώντων
1803 1602 1880 1633 Θεὸν,

1093 1643 1218 1680 ὖλεορος’
1244 1644 1285 1671 ὅτι
1304 1653 1334 1672 τε
1351 1645 1400 1677 τὰς
1419 1645 1497 1677 δίκας
1518 1643 1590 1673 οὗτοι
1613 1646 1667 1673 τῶν
1682 1646 1776 1679 αὐτοῖς
1790 1646 1883 1679 κακῶς

1093 1691 1307 1726 πεπραγμένων,
1331 1692 1402 1719 κατά
1426 1693 1456 1718 τὸ
1483 1693 1570 1728 παρὸν
1596 1693 1757 1726 ἀπέδωκαν,
1783 1693 1831 1720 καὶ
1856 1694 1883 1719 οἱ

1093 1736 1159 1772 παρ’
1172 1737 1262 1763 αὐτῶν
1273 1737 1456 1774 ’κακούμενοι.
1476 1737 1531 1766 τῶν
1547 1739 1613 1775 παρ’
1626 1739 1716 1766 αὐτῶν
1734 1740 1884 1767 κακώσεων

1093 1781 1239 1818 ἀπηλλάγη
1244 1791 1303 1810 σαν.

1129 1832 1159 1856 ε’.
1176 1830 1358 1864 Δικαιοσύνη
1382 1829 1505 1865 ἀμώμου
1531 1830 1686 1866 ὀρθοτομεῖ
1703 1831 1801 1865 ὁδούς.
1827 1831 1884 1859 Καὶ

1093 1874 1170 1910 γὰρὴ
1187 1875 1312 1911 ἀρῤεπὴς
1324 1876 1370 1902 ἐπὶ
1385 1878 1441 1908 τοῖς
1459 1877 1607 1912 πρακτέοις
1625 1877 1715 1913 κρίσις
1727 1878 1775 1904 τοῦ
1790 1877 1884 1914 ἀμέμ-

1094 1929 1169 1952 πτως
1186 1922 1409 1958 πολιτευομένου,
1430 1923 1649 1958 ἀπαρεγκλίτους
1675 1924 1744 1960 πρὸς
1767 1924 1802 1951 τὰ
1822 1924 1884 1952 κατ’

1093 1966 1212 2002 ἔλλειψιν
1221 1967 1272 2003 τῆς
1291 1969 1393 2004 ἀρετῆς
1409 1970 1456 1996 καὶ
1477 1969 1629 2005 ὑπερϐολὴν
1645 1969 1718 2005 πάθη
1742 1971 1814 1997 ποιεῖ
1833 1970 1885 2002 τὰς

1093 2014 1154 2040 κατ’
1171 2014 1272 2050 ἀρετὴν
1294 2015 1406 2051 τρίϐους
1426 2015 1507 2042 αὐτοῦ
1524 2024 1531 2032 ·
1551 2015 1583 2048 ἃς
1597 2017 1622 2043 οἱ
1637 2016 1778 2052 ἑπομένως
1795 2018 1884 2052 τούτῳ

1094 2060 1243 2093 ὁδεύοντες,
1260 2061 1398 2097 σωτηρίας
1415 2062 1563 2096 ἀξιοῦνται-

1135 2117 1268 2151 Ἆσεϐεἰςι
1285 2117 1321 2145 δὲ
1338 2119 1507 2153 περιπίπτει
1522 2119 1643 2154 ἄνομος.
1665 2119 1711 2152 Εἰς
1729 2120 1841 2156 ἀτιμίαν
1853 2120 1884 2147 δὲ

1094 2162 1174 2195 Θεοῦ,
1188 2164 1232 2191 διὰ
1243 2164 1299 2190 τῶν
1312 2164 1362 2200 τῆς
1383 2164 1482 2196 κακίας
1497 2165 1596 2201 ἔργων,
1609 2166 1741 2201 ἐμπίπτει
1752 2167 1767 2194 ὁ
1778 2167 1884 2194 ἀθετῶν

1093 2209 1139 2236 τὸν
1151 2209 1233 2245 νόμον
1244 2209 1299 2236 τῶν
1310 2209 1357 2236 τοῦ
1369 2210 1436 2237 Θεοῦ
1447 2210 1573 2238 ἐντολῶν.
1588 2212 1644 2238 Καὶ
1658 2212 1725 2248 γὰρ,

1131 2270 1167 2300 ς’.
1184 2268 1367 2302 Δικαιοσύνη
1382 2268 1501 2303 ἀνδρῶν
1512 2269 1607 2303 ὀρθῶν
1617 2266 1745 2304 ῥύσεται
1759 2271 1882 2304 αὐτούς,

1100 2311 1132 2338 Ἦ
1159 2312 1210 2347 μὲν
1233 2312 1378 2348 ἄμεμπτος
1395 2314 1519 2340 πολιτεία
1537 2314 1591 2341 τῶν
1614 2315 1685 2341 κατὰ
1706 2315 1761 2342 τῶν
1789 2315 1885 2342 παθῶν

1093 2358 1306 2393 ἀνδριζομένων,
1322 2360 1370 2386 καὶ
1386 2360 1587 2395 ἁπαρέγιλιτον
1600 2361 1668 2396 πρὸς
1680 2361 1779 2388 κακίαν
1790 2370 1883 2388 ποιου-

1095 2404 1185 2439 μένων
1209 2405 1255 2431 τδν
1279 2406 1380 2441 δρόμον
1411 2409 1461 2442 τῆς
1488 2408 1600 2443 ἀρετῆς,
1623 2408 1754 2440 ἐξελεῖται
1770 2408 1884 2439 τούτους
1926 2404 1934 2412 ⁸

1093 2449 1140 2476 τοῦ
1157 2450 1229 2477 κατά
1244 2450 1344 2486 ψυχὴν,
1369 2451 1414 2479 διὰ
1428 2452 1482 2478 τῶν
1500 2452 1561 2479 κατ’
1576 2452 1693 2488 ἔλλειψιν
1717 2453 1767 2488 τῆς
1782 2454 1867 2490 ἀρετῆ

1093 2495 1142 2522 καὶ
1159 2496 1314 2532 ὑπερϐολὴν
1333 2497 1438 2530 παθῶν,
1459 2497 1594 2526 κινδύνου.

1132 2552 1174 2587 Τῇ
1195 2553 1230 2580 δὲ
1246 2554 1369 2588 ἀσεϐείᾳ
1389 2554 1490 2582 αὐτῶν
1506 2555 1687 2584 ἁλΙσκονι-αι
1703 2555 1884 2590 παράνομοι.

1094 2599 1133 2634 Τῇ
1152 2599 1180 2626 δὲ
1202 2599 1239 2635 μὴ
1260 2600 1327 2627 Θεὸν
1345 2601 1454 2636 τιμώσῃ
1478 2602 1548 2629 κατὰ
1573 2602 1662 2638 ψυχὴν
1678 2602 1798 2629 διαθέσει
1821 2603 1885 2629 ἑαυ-

1093 2644 1159 2676 τῶν,
1187 2645 1348 2682 κατέχονται
1376 2647 1400 2673 οι
1425 2647 1470 2673 τὸν
1488 2647 1569 2683 νόμον
1589 2648 1643 2675 τῶν
1663 2647 1743 2675 Θείων
1767 2647 1887 2674 ἐντολῶν

1092 2689 1263 2723 ἀθετοῦντες.

1129 2746 1162 2779 ζ’.
1179 2747 1423 2782 Τελευτήσαντος
1430 2749 1540 2783 ἀνδρὸς
1549 2749 1678 2781 δικαίου,
1689 2749 1745 2776 οὐκ
1756 2749 1813 2775 6.1.1
1817 2757 1885 2776 ινται

1092 2793 1191 2826 ἐλπίς.
1201 2794 1256 2820 Καὶ
1265 2793 1446 2826 ἀποθανόντος
1462 2795 1510 2830 μὲν
1521 2794 1568 2822 τοῦ
1581 2794 1651 2822 κατὰ
1659 2794 1713 2821 τῶν
1722 2786 1815 2821 παθῶν
1823 2803 1885 2828 γεν-

1092 2839 1176 2870 ναίως
1199 2838 1409 2874 ἀνδρισαμένου,
1430 2841 1479 2867 xtzi.
1498 2840 1566 2876 πρὸς
1581 2840 1612 2867 τὺ
1634 2842 1685 2876 τῆς
1701 2840 1803 2876 ἀρετῆς
1821 2840 1886 2867 ‘51:!-

1093 2892 1174 2911 πονον
1209 2884 1367 2918 ἀνενδότου,
1400 2887 1447 2913 καὶ
1472 2885 1527 2913 τῶν
1563 2886 1741 2921 προσκαίρων
1767 2885 1886 2918 προκοί-
