2079 3161
194 170 264 203 i323

704 172 973 203 COMMENTARII
985 171 1026 202 IN
1044 172 1273 203 PROVERBIA.

1755 170 1820 204 1326

189 235 284 259 ναντος
315 226 349 254 τὰ
373 226 482 260 αἰώνια,
508 225 633 262 διαμένει
663 227 680 261 ἡ
707 227 754 253 ἐπὶ
777 228 834 258 τοῖς
866 227 986 258 αἰωνίοις

1038 234 1097 254 rum
1114 235 1177 262 spes
1195 227 1221 254 in
1240 235 1273 255 eo
1290 232 1452 262 perseverat
1469 230 1647 264 exspectante
1668 234 1718 263 pro
1745 229 1823 256 labo-

190 273 302 308 ἀγαθοῖς
324 273 419 300 τούτου
442 272 532 304 ἐλπὶς,
548 272 769 308 ἀπεκδεχομένου
782 273 828 300 τὸν
843 272 914 308 ὑπὲρ
935 273 985 308 τῆς

190 318 330 353 ὑπομονῆς
340 317 394 344 τῶν
409 317 497 344 πόνων
509 316 615 352 μισθόν.

232 364 267 390 Τὸ
286 363 321 390 δὲ
338 364 479 398 καύχημα
497 363 557 389 τῶν
583 361 703 390 ἀσεϐῶν
730 362 868 390 ὄλλυται.
897 362 935 389 Τὸ
956 361 985 389 δὲ

190 410 236 437 έπὶ
250 419 279 437 τε
294 411 327 445 τῇ
340 410 457 445 διακένῳ
476 409 539 445 δόξῃ
556 409 603 436 καὶ
624 409 663 444 τῷ
681 408 856 444 φθειρομένῳ
875 407 985 444 πλούτῳ

190 457 324 492 φρύαγμα
337 456 392 483 τῶν
418 456 456 492 μὴ
474 455 510 482 δι’
527 455 712 490 ἀγαθοεργίας
733 454 876 490 τιμώντων
900 454 983 486 Θεὸν,

190 504 230 534 εἰς
247 503 278 529 τὸ
292 502 374 537 μηδὲν
386 502 571 536 περιίσταται,
585 501 623 533 ὡς
638 502 740 528 τούτων
758 500 863 536 ταχέως
875 500 982 527 διαλυο-

191 548 292 584 μένων,
303 548 350 575 καὶ
366 549 406 579 ei;
418 548 448 574 τὸ
462 547 546 583 μηδὲν
560 548 789 583 περιισταμένων.

226 608 261 639 η’.
279 604 396 637 Δίκαιος
416 604 450 631 ἐκ
473 603 566 638 θήρας
580 604 711 632 ὲκδύνει,
729 604 784 630 Καὶ
796 604 811 630 ὁ
829 603 877 638 μὲν
888 602 986 630 ἀπονέ-

191 659 250 686 μων
269 651 299 686 τῇ
317 649 414 677 ἑαυτοῦ
437 650 510 686 ψυχῇ
533 649 646 686 ἀρετὰς,
669 650 717 676 καὶ
733 650 766 685 τῇ
786 649 869 684 σαρκὶ
884 649 985 684 αὐτάρ-

189 705 249 728 διεις
261 697 363 733 τροφὰς
380 696 428 723 καὶ
440 695 635 732 σκεπάσματα,
654 696 704 727 τὰς
722 695 781 722 κατ’
801 694 919 729 ἔλλειψιν
934 694 985 730 τῆς

190 743 292 779 ἀρετῆς
306 742 353 770 καὶ
369 742 524 778 ὑπερϐολὴν
554 742 673 777 παγίδας
699 741 746 769 τοῦ
770 740 904 777 θηρευτοῦ
928 740 984 768 τῶν

190 790 332 825 ἡμετέρων
350 789 444 824 ψυχῶν
462 789 655 825 διαδιδράσκει.

227 842 305 870 Ἀπ’
322 844 416 871 αὐτοῦ
431 843 466 870 δὲ
477 844 673 878 παραδίδοται
693 843 818 876 ἀσεϐής.
833 842 908 870 Ἀντὶ
921 842 983 869 τού-

190 899 238 917 του
253 891 281 917 δὲ
293 890 323 917 ὃν
335 890 446 917 σπεύδει
458 890 585 927 θηρεύειν
600 892 614 917 ὁ
627 890 757 926 πονηρὸς,
769 890 902 925 ἐμπίπτει
911 889 982 916 κατά
1000 906 1022 935 Β

190 936 349 971 προαίρεσιν
375 937 416 968 εἰς
439 936 490 967 τὰς
514 936 719 971 προειρημένας
746 935 862 969 παγίδας
878 955 886 968 ,
902 935 917 961 ό
943 934 981 970 μὴ

190 981 225 1007 δι’
241 981 401 1017 ὲμπράκτου
416 981 544 1016 γνώσεως
564 980 652 1017 τιμῶν
668 981 714 1007 τὸν
727 981 804 1007 Θεύν.

226 1036 259 1064 θ’.
279 1037 332 1064 Ἔν
354 1038 481 1072 στόματι
497 1037 627 1070 ἀσεϐῶν,
649 1037 740 1072 παγίς
759 1037 905 1070 πολίταις.
928 1035 984 1063 Καὶ

190 1083 246 1118 γὰρ
272 1083 302 1110 ὲν
335 1083 385 1119 μὲν
413 1084 447 1119 τῇ
473 1083 600 1119 ἀπατηλῇ
626 1083 751 1119 ὑποθήκῃ
771 1083 825 1110 τῶν
856 1083 893 1118 μὴ
916 1081 984 1108 Θεὸν

190 1129 345 1165 τιμώντων,
369 1130 437 1157 ἀλλά
457 1130 508 1164 τὴν
525 1130 655 1165 πρόνοιαν
679 1129 762 1156 αὐτοῦ
787 1128 984 1156 διαῦαλλόντων

193 1178 358 1211 πνευμάτων
384 1176 436 1211 τῆς
454 1176 596 1212 πονηρίας,
614 1175 744 1207 ἀπιστίας
760 1183 789 1201 τε
803 1174 850 1201 καὶ
872 1174 986 1201 ἀνελπι-

193 1223 269 1254 στίας
288 1221 384 1257 βρόχος
398 1221 637 1254 κατασκευάζεται
648 1221 704 1252 τοῖς
720 1220 757 1256 μὴ
772 1221 801 1246 ὲν
813 1219 852 1254 τῷ
866 1218 982 1255 οὐρανῷ,

191 1267 250 1293 ἀλλ’
265 1267 294 1292 ὲν
312 1268 345 1301 τῇ
359 1268 393 1301 γῇ
404 1265 434 1292 τὸ
448 1265 600 1301 πολίτευμα
615 1265 796 1301 κεκτημένοις
808 1263 964 1300 ἀνθρώποις
974 1271 982 1279 ⁶

190 1314 228 1346 ὡς
246 1313 279 1341 ἂν
295 1312 334 1350 τῷ
361 1312 475 1348 τοιούτῳ
491 1311 546 1338 τῶν
561 1311 700 1338 κολάσεων
717 1310 793 1345 φόϐῳ
817 1311 885 1346 μήτε
904 1310 986 1343 ἐκφυ-

191 1362 261 1395 γεῖν,
287 1360 356 1395 μήτε
379 1358 448 1394 πρὸς
470 1358 506 1384 τά
529 1357 586 1385 ἀνω
602 1356 729 1393 βραϐεῖα,
756 1355 796 1392 τῷ
823 1355 892 1391 πρὸς
916 1355 987 1382 αὑτά

194 1407 271 1442 ’πὸοῳ
290 1406 404 1442 δραμεῖν
420 1405 482 1432 κατ’
497 1404 599 1441 ἀρετὴν
614 1404 748 1431 δύναιντο.

229 1463 378 1496 Αἴσθησις
402 1462 436 1489 δὲ
449 1461 574 1489 diua/wr-
588 1461 705 1495 εὔοδος.
728 1460 761 1488 Ἦ
779 1460 808 1487 δὲ
821 1459 921 1495 γνῶσις
931 1459 987 1486 τῶν

195 1510 332 1546 ὲναρέτων
356 1508 474 1544 ἀνδρῶν,
497 1508 622 1544 ἀπλανὴς
649 1508 734 1542 ἐστιν,
763 1507 801 1539 ὡς
823 1507 873 1542 τὴν
888 1506 987 1541 πρᾶξιν

195 1556 365 1596 ποιουμένων
379 1555 497 1591 θεωρίας
512 1555 650 1582 ἐπίϐασιν.

230 1617 257 1641 ι’.
281 1614 333 1640 Ἔν
348 1612 470 1648 ἀγαθοῖς
483 1611 608 1639 δικαίων
631 1610 808 1645 κατώρθωσε
822 1609 989 1638 πόλιν.Καὶ

194 1661 251 1692 τοῖς
270 1659 363 1691 καλοῖς
381 1657 431 1694 μὲν
447 1657 538 1693 ἔργοις
553 1657 601 1684 καὶ
619 1657 711 1692 λόγοις
729 1656 784 1683 τῶν
795 1655 925 1682 τοιούτων
939 1656 989 1682 ἀν-

194 1706 277 1742 δρῶν,
301 1706 436 1740 ἀπήρτισε
463 1705 512 1740 τὴν
534 1705 635 1739 ἑαυτῆς
666 1703 804 1739 σωτηρίαν
827 1702 901 1738 ψυχὴ
925 1698 988 1739 ὲνῇ

196 1752 316 1778 πλεῖστοι
345 1750 542 1787 ένδιατρίόονσι
558 1749 693 1786 λογισμοί.

231 1808 286 1836 Kal
299 1808 335 1835 ἐν
353 1807 487 1840 ἀπωλείᾳ
501 1806 630 1838 ἀσεϐῶν,
645 1805 828 1841 ἁγαλλίαμα.
849 1805 894 1831 ‘Ev
904 1804 933 1831 δὲ
950 1803 990 1839 τῷ

196 1854 244 1880 ἀπ’
256 1852 342 1887 αὐτῆς
354 1852 503 1886 ἀφανισμῷ
513 1851 569 1878 τῶν
583 1850 622 1886 μὴ
632 1850 775 1886 τιμώντων
787 1849 854 1876 Θεὸν
863 1848 989 1884 πονηρῶν

197 1897 336 1933 λογισμῶν
349 1917 357 1930 ,
382 1897 567 1932 προσγέγονεν
596 1896 666 1932 αὐτῇ
688 1894 845 1930 εὐφροσύνη
865 1902 990 1929 πνευμα-

197 1944 270 1979 τική.

235 1992 280 2016 ια’.
304 1989 356 2016 Ἐν
380 1988 503 2023 εὐλογίᾳ
532 1987 647 2014 εὺθέων
671 1984 867 2020 ὑψωθήσεται
889 1985 988 2018 πόλις.

197 2036 253 2062 Καὶ
269 2035 323 2071 γὰρ
341 2037 371 2062 ὲν
387 2035 435 2069 μὲν
455 2035 488 2069 τῇ
503 2033 593 2068 ἀγαθῇ
614 2031 776 2068 διδασκαλίᾳ
790 2031 846 2058 τῶν
860 2031 990 2063 ἀπλανῶς

197 2082 378 2109 διδασκόντων
397 2082 442 2108 τὸν
465 2080 543 2115 λόγον
565 2081 614 2115 τῆς
629 2078 771 2115 ἀληθείας,
793 2078 987 2115 ἀρθήσεταιτῇ

198 2129 301 2164 φυσικῇ
330 2129 360 2154 ὲν
385 2127 522 2162 πνεύματι
544 2125 666 2161 θεωρία,
697 2126 738 2156 εἱς
763 2125 813 2160 τὴν
839 2125 988 2152 ἄπταιστον

198 2174 300 2208 γνῶσιν
323 2173 379 2201 τῶν
395 2173 448 2200 ὑπὸ
471 2172 552 2207 φύσιν
579 2172 627 2198 καὶ
646 2171 752 2206 χρόνον,
766 2170 841 2206 ψυχὴ
855 2171 885 2197 ὲν
929 2170 988 2197 διά-

199 2229 277 2255 φοροι
293 2228 326 2246 πε
330 2219 471 2255 ριπολοΰσι
485 2217 621 2253 λογισμοί.

235 2276 335 2312 Στόμα
365 2275 400 2303 δὲ
433 2275 551 2303 ἀσεϐῶν
581 2274 860 2309 κατασκαφὴσεται.
894 2274 939 2301 Ἐν
959 2274 988 2301 δὲ

199 2324 259 2354 ταῖς
272 2323 427 2358 ἀπατηλατς
448 2322 602 2357 ὑποθήκαις
621 2321 675 2347 τῶν
707 2321 744 2356 μὴ
766 2320 911 2356 τιμώντων
924 2320 990 2347 Θεὸν

199 2368 363 2404 πνευμάτων
375 2368 425 2402 τῆς
444 2367 587 2403 πονηρίας,
609 2368 649 2399 εἰς
663 2366 824 2402 ἀλογίστους
843 2366 991 2402 ἐπιθυμίας

200 2415 443 2450 κατενεχθήσεται.

238 2469 283 2506 ιβ’.
302 2469 478 2504 Μυκτηρίζει
499 2469 625 2502 πολίτας
645 2467 755 2501 ἐνδεὴς
776 2466 903 2501 φρενῶν.
937 2465 992 2492 Καὶ

199 2516 336 2549 διαπαίζει
352 2516 401 2551 μὲν
411 2515 583 2550 κατακρίνων
599 2514 662 2545 τοὺς
677 2514 705 2539 ὲν
717 2513 756 2548 τῷ
768 2512 887 2548 παρόντι
897 2511 992 2546 κόσμῳ

202 2563 239 2598 μὴ
249 2562 337 2598 ὀρθῶς
347 2561 572 2596 πολιτευομένους
580 2559 628 2586 ἀνθ
632 2558 752 2594 ρώπους,
765 2558 780 2584 ὸ
794 2558 822 2584 ὲν
833 2556 872 2591 τῷ
885 2556 923 2592 μὴ
933 2557 992 2582 ἑπι-

200 2609 345 2644 γινώσκειν
354 2608 402 2643 τὴν
417 2607 520 2634 οἰκείαν
530 2606 682 2638 ἀσθενεὶαν,
698 2603 809 2639 ἐλλιπὴς
822 2602 990 2638 φρονήσεως.

242 2654 329 2688 Ἀνὴρ
352 2655 387 2680 δὲ
405 2654 550 2688 φρόνιμος
571 2652 706 2686 ἡσυχίαν
726 2650 801 2685 ἄγει.
820 2650 849 2676 '0
864 2649 893 2675 δὲ
910 2649 938 2675 ὲν
953 2648 993 2683 τῷ

200 2701 303 2736 ταύτην
317 2698 510 2734 ἐπιγινώσκειν
535 2698 638 2730 τέλειος
653 2698 715 2728 ταῖς
737 2697 829 2731 φρεσὶ,
850 2694 992 2731 προσέχων

202 2746 301 2782 ἐαυτῷ,
320 2747 445 2783 σχολάζει
458 2754 464 2760 ·
491 2745 559 2781 μόνα
576 2745 610 2772 τὰ
628 2745 716 2771 οἰκεῖα
733 2742 879 2778 σφάλματα
900 2741 993 2774 ἐξετά-

202 2795 256 2825 ζων
270 2793 316 2820 καὶ
330 2793 531 2829 διορθούμενος.

239 2842 282 2873 ιγ’.
306 2838 391 2872 Ἀνὴρ
413 2838 586 2873 δίγλωσσος
606 2834 812 2863 ἀποκαλύπτει
826 2833 945 2866 βουλὰς
959 2833 987 2860 ἐν

202 2885 361 2919 συνεθρίῳ.
378 2884 433 2912 Καὶ
448 2884 591 2919 ἄνθρωπος
604 2882 654 2918 μὲν
668 2881 736 2916 πρὸς
750 2879 859 2914 ἀπάτην
875 2879 990 2914 πολλῶν,

1036 280 1096 300 rum
1114 280 1144 300 su
1150 273 1274 300 [Ieremia
1291 273 1459 302 mercedem.

1071 358 1203 387 Gloriatio
1226 365 1315 388 autem
1343 361 1482 394 impiorum
1495 361 1572 396 peril.
1589 360 1618 388 In
1637 368 1706 389 vana
1731 366 1824 389 autem

1035 404 1121 441 gloria
1137 409 1164 432 et
1181 405 1411 440 corruptibilibus
1428 405 1533 433 divitiis
1549 406 1706 441 arrogantia
1727 413 1824 433 eorum

1034 452 1081 487 qui
1098 451 1183 479 Deum
1196 460 1244 487 per
1256 452 1327 480 bona
1343 459 1427 487 opera
1454 459 1509 479 non
1533 452 1629 478 colunt
1653 451 1679 478 in
1708 451 1826 479 nihilum

1034 497 1308 533 redigitur;quippe
1335 505 1397 533 quae
1424 497 1507 526 citius
1532 497 1722 526 dissolvantur
1744 502 1771 525 et
1797 497 1825 524 in

1035 543 1152 571 nihilum
1166 544 1341 580 redigantur.

1074 600 1156 629 Vens.
1172 601 1198 629 8.
1219 601 1315 629 Justus
1329 602 1361 630 de
1386 601 1520 630 tendicula
1540 601 1682 637 egreditur.
1698 600 1750 634 Qui
1767 599 1825 627 dis-

1036 648 1135 676 tribuit
1160 648 1270 683 quidem
1291 657 1348 677 sua:
1375 649 1475 676 animat
1497 648 1613 676 virtutes
1623 652 1650 675 et
1662 647 1738 675 carni
1753 647 1827 675 sudi-

1034 694 1139 722 cientes
1153 695 1231 723 cibos
1253 700 1282 723 et
1295 695 1442 727 velamina,
1459 694 1611 722 secundum
1627 694 1738 722 virtutis
1750 692 1827 721 defc-

1035 745 1111 768 ctum
1129 745 1177 768 aut
1194 748 1339 769 excessum
1357 745 1516 769 nostrarum
1532 740 1686 768 animarum
1712 743 1826 767 venato-

1035 787 1074 815 ris
1091 787 1157 815 retia
1170 786 1276 823 ed‘ugit.

1071 843 1127 872 Pro
1143 853 1173 872 eo
1183 848 1271 871 autem
1287 842 1404 871 traditur
1415 841 1523 879 impius.
1539 842 1592 871 Pro
1600 850 1633 872 eo
1644 849 1724 878 quem
1737 842 1827 870 malus

1036 891 1183 917 venatione
1201 897 1302 926 capere
1320 894 1419 923 tentat,
1434 889 1462 917 in
1478 890 1551 918 dicta
1568 889 1636 917 retia
1652 896 1701 924 per
1713 887 1828 917 electio-

1035 943 1098 962 nem
1114 936 1211 964 incidit
1225 936 1273 971 qui
1283 935 1367 963 Deum
1383 936 1451 964 colit
1466 943 1515 972 per
1527 936 1646 964 activam
1668 934 1827 971 intelligen-

1034 982 1113 1010 tiam.

1070 1038 1156 1068 Vens.
1184 1039 1211 1067 9.
1246 1040 1277 1068 In
1308 1048 1353 1067 ore
1384 1040 1528 1075 impiorum
1554 1039 1688 1067 tendieula
1715 1037 1826 1066 civibus.

1035 1086 1144 1114 Etenim
1159 1086 1187 1113 in
1213 1087 1311 1114 doloso
1333 1095 1388 1114 non
1417 1087 1566 1114 colentium
1585 1086 1668 1113 Deum
1698 1085 1826 1116 consilio,

1035 1132 1082 1160 sed
1096 1132 1156 1167 ejus
1176 1131 1374 1167 providentiam
1394 1132 1621 1160 calumniantium
1648 1131 1758 1158 malitia:
1771 1130 1828 1166 spi-

1035 1178 1150 1210 rituum,
1180 1178 1351 1206 inlidelitatis
1374 1182 1400 1206 et
1422 1178 1624 1213 desperationis
1649 1177 1765 1212 laqueus
1792 1177 1826 1204 iis

1036 1229 1148 1259 paratur
1165 1225 1211 1259 qui
1225 1232 1279 1251 non
1292 1224 1319 1252 in
1334 1225 1416 1257 cutio,
1432 1225 1479 1252 sed
1495 1224 1521 1251 in
1535 1228 1607 1251 terra
1624 1223 1722 1259 agendi
1734 1222 1805 1250 ratio
1815 1237 1825 1241 -

1037 1277 1098 1296 nem
1115 1269 1280 1304 possident:
1297 1269 1398 1306 quippe
1418 1269 1465 1304 qui
1492 1269 1541 1296 tali
1561 1275 1703 1304 pmrtarum
1732 1267 1829 1294 timore

1035 1323 1125 1350 neque
1137 1315 1258 1351 ellugere
1272 1323 1364 1351 neque
1388 1315 1421 1343 ad
1446 1322 1566 1349 superna
1591 1313 1703 1349 praemia
1732 1321 1827 1340 eorum

1036 1362 1175 1390 desiderio
1191 1361 1343 1390 secundant
1360 1361 1488 1389 virtutem
1501 1368 1613 1389 currere
1627 1359 1745 1396 possint.

1074 1461 1195 1490 Scientia
1215 1466 1305 1489 autem
1315 1461 1451 1496 justorum
1472 1461 1572 1496 pervia.
1598 1459 1719 1488 Scientia
1736 1463 1827 1487 autem

1038 1509 1162 1537 virorum
1193 1509 1296 1536 virtute
1318 1508 1496 1544 prmditorum
1516 1515 1570 1535 non
1593 1511 1684 1540 errat;
1698 1506 1828 1542 quoniam

1041 1555 1177 1584 actionem
1196 1555 1407 1583 fundamentum
1428 1553 1670 1589 contemplationis
1691 1557 1827 1582 statuunt.

1076 1611 1160 1638 Vens.
1178 1610 1220 1639 10.
1236 1610 1354 1638 Iubonis
1369 1608 1507 1645 justarum
1523 1609 1662 1637 constituit
1681 1609 1826 1637 civitatem.

1040 1656 1074 1684 Et
1089 1657 1170 1684 bonis
1193 1657 1303 1692 quidem
1321 1657 1450 1692 operibus
1475 1661 1503 1684 et
1526 1656 1704 1684 sermonibus
1732 1655 1829 1683 talium

1040 1703 1182 1731 hominum
1208 1711 1286 1730 suam
1311 1703 1427 1731 salutem
1458 1702 1550 1730 anima
1579 1701 1706 1738 perfecit,
1720 1701 1748 1730 in
1775 1709 1830 1737 qua

1041 1751 1127 1779 multa
1146 1751 1322 1787 reperiuntur
1338 1750 1499 1777 ratiocinia.

1076 1806 1111 1834 Et
1122 1807 1148 1834 in
1164 1806 1310 1839 perditione
1323 1806 1466 1841 impiarum
1486 1805 1641 1833 exsultatio.
1659 1804 1699 1832 Ex
1719 1804 1829 1832 destru-

1041 1850 1132 1878 ctione
1160 1851 1232 1886 apud
1248 1851 1335 1886 ipsam
1356 1858 1412 1878 non
1432 1849 1579 1877 colentium
1597 1849 1681 1877 Dento
1696 1849 1829 1876 malorum

1040 1895 1259 1928 ratiociniorum,
1274 1895 1385 1923 advenit
1403 1895 1442 1922 illi
1458 1894 1610 1930 spiritualis
1625 1893 1730 1922 laetitia.

1076 1992 1160 2021 ναις.
1177 1994 1223 2022 Η.
1240 1992 1273 2021 1η
1291 1993 1469 2021 benedictione
1484 1997 1617 2021 rectorum
1636 1993 1754 2028 erigetur
1766 1993 1832 2019 civi-

1041 2046 1095 2069 tas.
1117 2041 1226 2068 Etenim
1244 2040 1272 2068 in
1284 2040 1357 2068 bona
1371 2039 1500 2067 doctrina
1524 2046 1619 2067 eorum
1645 2039 1693 2074 qui
1725 2039 1831 2073 absque

1040 2095 1138 2116 errore
1154 2087 1266 2115 verbum
1283 2086 1408 2114 veritatis
1424 2085 1535 2117 docent,
1561 2085 1684 2120 erigetur
1712 2084 1830 2111 naturali

1041 2132 1068 2159 in
1086 2131 1187 2168 spiritu
1213 2131 1447 2167 contemplatione
1464 2130 1491 2158 in
1508 2137 1635 2158 securam
1652 2137 1749 2157 eorum
1764 2138 1827 2165 quas

1040 2177 1074 2205 ad
1090 2182 1217 2205 naturam
1232 2181 1258 2205 et
1275 2176 1308 2204 ad
1329 2182 1438 2211 tempus
1460 2176 1598 2211 pertinent
1620 2175 1828 2211 intelligentiam

1041 2224 1133 2252 anima
1153 2224 1181 2252 in
1198 2231 1251 2260 qua
1267 2223 1378 2251 diversa
1394 2227 1542 2250 versantur
1552 2222 1710 2250 ratiocinia.

1079 2282 1116 2309 Os
1134 2286 1223 2308 autem
1235 2281 1376 2316 impiorum
1387 2280 1547 2308 destruetur.
1564 2280 1594 2307 ln
1613 2279 1716 2307 dolosis
1740 2283 1830 2305 autem

1041 2327 1169 2355 consiliis
1190 2334 1285 2355 eorum
1303 2327 1350 2362 qui
1383 2326 1468 2354 Deum
1499 2333 1553 2353 non
1586 2325 1682 2352 colunt
1721 2324 1832 2351 malitiae

1043 2373 1202 2408 spirituum,
1216 2371 1244 2399 in
1258 2371 1460 2399 irrationabilia
1473 2370 1609 2399 desideria
1627 2369 1772 2398 deferetur.

1079 2471 1163 2499 Vens.
1179 2470 1222 2499 1‘2.
1242 2470 1320 2498 Ridet
1343 2473 1409 2498 cives
1425 2471 1499 2505 inops
1516 2472 1621 2500 mentis.
1641 2471 1674 2499 Et
1691 2472 1761 2500 ridet
1770 2473 1833 2508 qui-

1043 2516 1105 2545 dem
1119 2517 1254 2544 damnans
1268 2524 1317 2545 eas
1335 2516 1380 2552 qui
1401 2517 1529 2551 praesenti
1547 2521 1668 2552 tempore
1685 2525 1746 2551 non,
1759 2522 1833 2545 recte

1043 2567 1137 2598 agunt,
1151 2562 1195 2598 qui
1210 2565 1301 2590 mente
1315 2562 1418 2594 deﬁcit,
1437 2562 1463 2589 in
1478 2569 1512 2589 eo
1527 2564 1600 2597 quod
1624 2563 1764 2598 propriam
1789 2563 1832 2590 in-

1044 2607 1200 2635 tinnitatem
1216 2615 1271 2635 non
1283 2607 1370 2634 novit.

1086 2652 1131 2680 Vir
1147 2657 1235 2680 autem
1252 2657 1375 2680 tentatus
1388 2660 1478 2686 pacem
1498 2653 1564 2688 agit.
1591 2652 1642 2686 Qui
1662 2657 1753 2681 autem
1771 2661 1830 2680 eam

1045 2708 1161 2729 noscens
1192 2699 1330 2735 perfectus
1356 2703 1448 2727 mente
1473 2704 1526 2733 cst,
1539 2699 1591 2727 sibi
1618 2699 1670 2734 ipsi
1687 2700 1833 2735 invigilans

1045 2746 1180 2781 quiescit;
1196 2753 1261 2773 suos
1278 2745 1406 2781 proprios
1420 2746 1513 2782 lapsus
1540 2745 1716 2774 solummodo
1731 2753 1833 2774 curans

1044 2795 1072 2819 et
1091 2791 1247 2827 corrigens.

1080 2835 1162 2864 Vens.
1179 2837 1223 2864 15.
1248 2836 1294 2864 Vir
1307 2837 1404 2872 duplex
1419 2837 1509 2872 lingua
1525 2837 1620 2864 revelat
1633 2835 1789 2864 sententiam
1804 2843 1832 2862 In

1045 2883 1168 2911 consilio.
1187 2883 1220 2910 Et
1237 2883 1318 2911 homo
1334 2885 1444 2919 quidem
1464 2883 1498 2911 ad
1522 2883 1670 2912 multorum
1694 2881 1831 2914 deceptio-
