2079 3161
205 217 272 249 ίῖῗ29

721 224 991 254 COMMENTARII
1014 225 1055 255 ΙΝ
1072 225 1297 258 PROVERBIA.

1757 225 1830 259 1330

238 277 279 308 ιζ’.
303 276 343 310 Τῇ
357 276 444 311 ψυχῇ
461 278 555 312 ᾳὺτοῦ
568 278 744 314 ἀγαθοποιεῒ
757 281 834 315 ἀνὴρ
846 282 989 316 ἐλεήμων.

1080 284 1163 312 Vens.
1179 284 1224 312 17.
1242 284 1345 312 Anima
1357 292 1412 311 sum
1425 284 1553 319 benefacit
1567 285 1605 312 vir
1618 285 1778 313 misericors.
1791 286 1826 314 Ει

203 323 257 349 Καὶ
271 318 319 357 τὴν
336 323 385 356 μὲν
399 323 467 349 ἰδίαν
483 324 572 359 ψυχὴν
588 325 739 361 εὐεργετεῖ,
756 327 939 359 ὲπανασώζων
952 327 991 353 δι’

202 368 384 403 ἀγαθοεργίας
400 368 468 404 αὐτῇ
485 369 522 400 ὡς
539 369 606 396 Θεοῦ
629 371 713 398 εικόνι
728 371 758 397 τὸ
775 372 836 398 καθ’
849 373 990 407 ὁμοίωσιν,

202 415 215 440 ὁ
229 413 300 439 κατὰ
315 413 370 439 τῶν
385 413 479 440 παθῶν
494 414 685 450 ἀνδριζόμενος
695 437 701 448 ,
727 418 773 444 καὶ
794 418 857 449 τοὺς
881 419 991 452 περιπί-

202 467 319 490 πτοντας
329 459 462 491 ποικίλοις
473 463 639 496 πειρασμοῖς
652 464 698 488 καὶ
707 463 851 498 δεομένους
860 465 991 496 παντοίας

202 505 384 540 χειραγωγίας
407 506 560 541 οἰκτείρων,
574 508 620 534 καὶ
645 509 725 543 χεῖρα
748 509 874 544 βοηθείας
899 510 990 542 αὐτοῖς

202 551 274 577 κατὰ
290 551 320 577 τὺ
334 551 446 578 δυνατὸν
463 551 577 586 ὀρέγων.

244 595 409 627 Ἐξόλλυσι
425 595 459 622 δὲ
475 596 508 622 τὸ
524 596 633 624 ἑαυτοῦ
652 597 739 632 σῶμα
763 599 780 625 ὸ
804 599 988 633 ἁνελεήμων.

203 641 360 675 Διαφθείρει
382 641 411 667 δὲ
434 641 464 668 τὸ
481 641 545 668 ἴδιον
564 642 654 677 σῶμα,
670 643 736 670 tom
750 644 805 680 γὰρ
823 645 869 671 καὶ
882 645 912 672 τὸ
927 646 990 672 ἐκά-

203 695 277 718 στου,
291 686 332 712 ὅτι
345 686 377 711 ὲκ
390 685 437 712 τοῦ
452 686 534 713 αὐτοῦ
557 688 642 722 ἐσμεν
663 688 763 720 πάντες
785 689 871 724 πηλοῦ
892 698 922 716 τε
944 690 990 717 καὶ⁹

203 732 354 766 κράματος,
374 732 389 757 ὁ
403 731 439 766 μὴ
452 731 486 758 δι’
499 731 588 759 οἶκτόν
604 742 656 760 τινι
670 735 910 770 ἐπικαμπτόμενος
921 755 928 767 ,
943 736 990 763 καὶ

201 777 239 808 ὠς
253 777 366 804 δυνατὸν
384 777 498 812 βοηθῶν,
513 778 571 804 ἀλλ’
588 779 639 806 ἐῶν
654 779 748 806 τοῦτον
762 782 817 812 τοῖς
834 782 990 816 συνέχουσιν

203 822 283 849 αὑτὸν
301 824 395 854 κακοῖς
412 823 589 858 φθείρεσθαι·
603 825 643 851 ὅτι
659 825 743 852 κλείει
764 826 778 852 ὁ
800 826 929 858 τοιοῦτος,
943 826 989 854 τοῦ

201 877 231 895 τε
254 868 322 895 Θεοῦ
346 869 392 896 τὸν
417 870 481 904 περὶ
504 870 585 896 αὑτὸν
609 871 684 898 ἔλεον
706 872 753 898 καὶ
767 871 801 898 τὰ
815 871 869 898 τῶν
885 872 991 899 πολλῶν

203 913 343 949 σπλάγχνα
353 922 360 930 ·
375 914 422 940 καὶ
433 915 594 950 κατακρίνει
609 915 689 948 αὐτὸς
705 917 794 952 ἐαυτῷ
808 917 841 944 ὲκ
862 917 913 952 τῆς
926 918 989 954 περὶ

201 959 246 984 τὸν
275 959 387 993 πλησίον
415 959 602 995 ἀσπλαγχνίας
627 961 672 988 τὸν
703 961 923 998 ἀνεπιμέλητον,
952 962 989 998 μὴ
1006 955 1026 984 Β

201 1004 375 1040 ἐλεούμενος,
389 1006 483 1041 ἐπειδὴ
500 1007 537 1043 μὴ
550 1007 670 1042 ἐλέησεν.

238 1091 282 1127 ιη’.
297 1083 424 1128 ’Λοξόὴς
439 1095 517 1122 ποιεῖ
532 1095 605 1130 ἔργα
619 1096 717 1124 ἄδικα.
732 1098 786 1125 Καὶ
797 1099 811 1125 ὁ
827 1100 875 1134 μὲν
894 1101 931 1135 μὴ
947 1109 989 1127 τι-

203 1139 260 1173 μῶν
283 1141 329 1167 τὺν
355 1141 420 1168 Θεὸν
440 1142 478 1173 ὡς
502 1143 718 1179 αὑτοαλήϐειαν,
740 1145 933 1181 διαπράττεται
956 1147 990 1174 τὰ

202 1186 277 1221 παρὰ
290 1187 334 1213 τὸν
350 1187 431 1222 νόμον
445 1187 500 1215 τῶν
516 1189 602 1223 ἁγίων
618 1190 698 1217 αὐτοῦ
717 1192 831 1218 ἐντολῶν
850 1192 928 1228 ἔργα.

237 1275 357 1310 Σπέρμα
373 1276 408 1303 δὲ
422 1277 554 1311 δικαίων,
568 1280 677 1314 μισθὸς
692 1281 845 1315 ἀληθείας.
864 1282 893 1309 ’0
909 1283 938 1310 δὲ
951 1283 989 1309 δί-

202 1328 254 1354 κην
270 1321 437 1357 σπέρματος,
457 1324 498 1355 εἰς
520 1324 569 1356 τὰς
595 1325 684 1361 ψυχὰς
710 1326 764 1353 τῶν
789 1328 990 1363 προκρινόντων

202 1366 236 1392 τὰ
251 1367 348 1394 αἰώνια
363 1368 418 1395 τῶν
431 1370 615 1404 προσκαίρων,
630 1371 736 1398 πίπτων
750 1374 797 1400 καὶ
809 1373 990 1409 καρποφορῶν

204 1411 233 1436 τὸ
247 1411 359 1444 ἀγαθὸν,
377 1414 417 1445 είς
432 1414 582 1449 τριάκοντα
598 1416 646 1442 καὶ
659 1417 699 1447 είς
715 1416 846 1452 ἑξήκοντα
863 1419 911 1445 καὶ
923 1420 988 1446 ἐκα-

203 1456 259 1488 τὸν,
272 1456 341 1489 θεῖος
356 1457 445 1492 λόγος,
459 1460 656 1495 μισθαποδοσία
670 1462 788 1498 ὑπάρχει
799 1464 845 1491 τοῦ
859 1464 914 1491 τῶν
924 1473 991 1499 γνω-

205 1502 275 1529 στῶν
291 1503 407 1538 πέρατος
426 1505 476 1540 τῆς
492 1507 621 1541 ἀληθείας
643 1509 840 1545 πιστευομένης
864 1510 988 1545 βεϐαίως.

210 1547 240 1574 '0
255 1548 309 1583 γὰρ
324 1550 469 1584 προσάγων
485 1551 543 1588 Θεῷ
557 1553 667 1588 βεϐαίαν
678 1554 726 1590 τὴν
741 1556 780 1587 είς
794 1556 874 1584 αὐτὸν
889 1557 988 1591 πίστιν,

204 1593 396 1629 ἁντιλαμὸάνει
408 1598 472 1632 παρ’
481 1598 562 1625 αὑτοῦ
573 1600 619 1627 τὸν
627 1601 705 1636 λόγον
715 1602 763 1636 τῆς
770 1603 910 1638 ἀληθείας,
922 1605 989 1631 καθ-

205 1639 316 1674 αίροντα
340 1641 421 1669 αὐτὸν
444 1643 491 1670 καὶ
515 1644 670 1673 τελειοῦντα
691 1647 762 1674 κατὰ
779 1649 869 1684 χάριν,
887 1650 919 1684 τῇ
935 1650 990 1677 τῶν

205 1686 275 1721 ὑπὲρ
289 1687 370 1721 φύσιν
384 1689 495 1722 αγαοῶν
513 1691 631 1725 μεθέξει.

240 1732 282 1759 ιθ’.
308 1733 373 1766 Υἱὸς
387 1735 503 1768 δίκαιος
521 1737 659 1771 γεννᾶται
675 1740 718 1772 εἰς
740 1731 823 1773 (misr.
844 1741 899 1768 Καὶ
913 1741 990 1777 γὰρὸ

205 1777 253 1811 μὲν
268 1777 327 1813 Θεῷ
339 1779 505 1815 υὶοοετηθεὶς
518 1781 562 1809 διὰ
576 1783 704 1816 πίστεως,
719 1785 765 1811 καὶ
775 1785 925 1820 ἀμέμπτως
940 1795 990 1813 πο-

203 1823 385 1859 λιτευόμενος,
404 1828 472 1861 πρὸς
488 1827 537 1863 τὴν
558 1831 747 1865 πνευματικὴν
771 1831 819 1857 καὶ
839 1831 990 1868 ἀνώλεθρον

202 1869 323 1897 τίκτεται
337 1870 408 1906 ζωὴν
418 1891 425 1901 .
441 1871 586 1907 λαμϐάνων
599 1875 687 1910 ἀρχὴν
704 1877 753 1911 μὲν
767 1877 868 1912 ταύτης
883 1878 932 1913 τὴν
947 1879 991 1905 διὰ

203 1915 320 1959 πίστεως
337 1915 501 1951 θεογνωσίαν
512 1927 518 1934 ·
543 1921 686 1955 προκοπὴν
702 1921 748 1953 δὲ,
764 1922 794 1948 τὸ
813 1923 870 1949 κατ’
889 1923 990 1959 ἀρετὴν

202 1958 277 1996 ἦθος.

237 2007 367 2042 Διωγμὸς
390 2007 423 2034 δὲ
440 2009 568 2044 ἀσεϐοῦς
592 2012 637 2043 εις
659 2012 799 2040 θάνατον.
823 2013 855 2040 Ἦ
872 2014 946 2041 πᾶσα
960 2014 989 2041 δὲ

203 2052 304 2088 σπουδὴ
314 2052 361 2079 τοῦ
370 2054 407 2089 μὴ
418 2054 451 2081 δι’
461 2055 620 2091 ὲμπράκτου
630 2056 757 2091 γνώσεως
767 2059 900 2094 τιμῶντος
911 2060 988 2093 Θεὸν,

200 2097 314 2135 τελευτᾷ
328 2100 368 2131 εἰς
380 2099 493 2136 φθορὰν,
507 2101 545 2134 ὡς
562 2104 763 2139 κατιγινομένη
778 2104 841 2140 περὶ
855 2105 889 2132 τὰ
906 2106 989 2142 πρόσ-

201 2151 295 2178 καιρα.

235 2192 270 2216 κ’.
290 2190 448 2226 Βδέλυγμα
459 2193 572 2226 Κυρίῳ,
590 2194 653 2221 ὁδοὶ
673 2194 911 2230 διεστραμμένίιι.
927 2197 986 2224 ’Ὁτι

200 2235 376 2269 μεμισημένα
386 2236 438 2262 εἰσὶ
451 2237 525 2272 παρὰ
535 2238 594 2273 Θεῷ
608 2238 675 2272 ἔργα
687 2240 928 2274 παρεγκεκλιμένα
938 2243 986 2276 τῆς

1043 331 1160 366 propria;
1184 330 1294 366 quidem
1316 331 1414 358 anima:
1434 331 1504 358 bene
1533 330 1608 364 facit,
1634 338 1749 359 servans
1775 339 1825 367 per

1041 376 1112 404 bona
1132 384 1215 412 opera
1230 377 1270 404 illi
1286 380 1316 404 ut
1335 376 1382 404 Dei
1404 376 1516 411 imagini
1531 376 1754 409 similitudinem,
1775 377 1828 412 qui.

1042 426 1137 450 contra
1154 422 1321 457 cupiditates
1350 430 1484 458 generose
1503 426 1619 457 pugnat,
1634 423 1719 450 variis
1732 426 1825 450 tenta-

1041 465 1163 492 tionibus
1177 465 1335 492 cadentium
1351 470 1378 493 et
1403 466 1561 493 omnimoda
1577 466 1732 494 directione
1757 466 1825 494 indi-

1041 510 1161 545 gentium
1174 511 1333 540 miseretur.
1347 514 1375 538 et
1393 511 1488 538 auxilii
1503 518 1614 538 manum
1630 511 1698 545 illis,
1720 515 1751 539 ut
1775 519 1826 547 po-

1040 560 1103 589 test,
1119 555 1216 583 tendit.

1077 602 1196 629 Destruit
1213 606 1301 630 autem
1314 610 1407 637 corpus
1430 611 1508 630 suum
1531 603 1731 631 immisericors.
1757 603 1825 631 Cor-

1040 649 1143 684 rumpit
1160 652 1251 676 autem
1275 649 1415 684 proprium
1434 656 1556 684 corpus;
1578 650 1721 684 proprium
1750 649 1825 677 enim

1040 699 1069 727 et
1095 694 1243 729 cujuslibet
1268 701 1380 729 corpus,
1403 695 1533 729 quoniam
1552 702 1649 723 omnes
1673 702 1706 722 ex
1729 694 1825 722 eodem

1042 740 1099 767 luto
1113 743 1141 767 et
1158 740 1274 767 mistura
1299 747 1406 772 sumus,
1424 740 1470 774 qui
1483 740 1585 768 nemini
1605 747 1654 774 per
1672 740 1826 768 misericor-

1041 785 1114 812 diam
1129 785 1278 813 inﬂectitur
1297 793 1348 813 nec
1366 789 1396 812 ut
1411 789 1512 820 potest,
1537 785 1676 818 subvenit,
1698 786 1746 813 sed
1762 792 1825 813 eum

1041 831 1339 866 comprehendentibus
1365 831 1445 859 malis
1478 831 1617 866 corrumpi
1643 831 1733 863 sinit;
1759 831 1825 865 quia

1040 885 1137 913 nempe
1151 877 1308 912 huiusmodi
1323 877 1428 905 claudit
1443 881 1470 904 et
1486 876 1533 904 Dei
1551 877 1579 904 in
1597 877 1689 912 ipsum
1715 877 1826 905 miseri-

1041 923 1163 951 cordiam
1179 927 1205 950 et
1219 923 1313 958 populi
1327 922 1453 956 viscera;
1474 926 1502 950 et
1515 929 1544 950 se
1560 922 1649 958 ipsum
1663 922 1775 950 damnat
1790 930 1825 950 ex

1041 976 1090 996 sua
1109 968 1136 996 in
1150 969 1306 1003 proximum
1321 976 1403 1004 quem
1418 976 1474 996 non
1488 971 1568 996 curat
1588 968 1751 1002 acerbitate,
1764 967 1823 1003 jam

1042 1022 1096 1041 non
1113 1014 1329 1043 misericorditer
1344 1014 1466 1047 habitus,
1482 1013 1548 1050 quia
1564 1013 1625 1048 ipse
1639 1021 1695 1042 non
1719 1013 1821 1041 miser-

1041 1065 1084 1088 tus
1095 1065 1149 1088 est.
1436 1067 1438 1070 '

1075 1104 1158 1133 Vens.
1176 1105 1219 1134 18.
1234 1104 1336 1141 Impius
1351 1106 1416 1141 facit
1433 1114 1512 1140 opera
1523 1107 1636 1142 injusta.
1652 1107 1686 1134 Et
1700 1106 1747 1134 ille
1761 1105 1823 1141 qni-

1041 1151 1101 1180 dem
1117 1153 1162 1187 qui
1179 1159 1232 1179 non
1250 1152 1333 1179 Deum
1345 1156 1374 1180 ut
1386 1153 1472 1187 ipsam
1488 1153 1630 1182 veritatem
1643 1152 1719 1184 colit.
1740 1159 1823 1180 exsc-

1042 1197 1135 1232 quitur
1154 1201 1249 1225 contra
1264 1196 1423 1224 divinorum
1443 1197 1504 1232 ejus
1521 1197 1715 1225 mandatorum
1734 1196 1822 1231 legem

1040 1250 1132 1278 opera.

1077 1288 1171 1316 Semen
1186 1293 1273 1315 autem
1298 1288 1443 1323 justorum,
1470 1296 1568 1316 merces
1594 1288 1722 1316 veritatis.
1751 1287 1825 1314 More

1042 1333 1165 1367 seminis,
1182 1333 1209 1360 in
1221 1341 1317 1361 eorum
1333 1333 1438 1361 animas
1456 1334 1503 1368 qui
1516 1337 1621 1361 mterna
1632 1334 1824 1361 nomentaneis

1042 1382 1220 1414 anteponunt,
1240 1378 1342 1406 cadens
1359 1383 1386 1406 et
1397 1378 1499 1406 bonum
1517 1379 1705 1411 fructiﬁcans,
1722 1379 1754 1406 ad
1772 1378 1822 1405 tri-

1039 1425 1113 1460 ginta
1138 1427 1164 1451 et
1196 1424 1338 1459 sexaginta
1359 1427 1387 1451 et
1406 1427 1527 1456 centum,
1546 1424 1669 1452 divinum
1694 1424 1820 1456 verbum,

1040 1469 1176 1498 mercedis
1207 1470 1324 1498 redditio
1349 1473 1392 1497 est
1419 1478 1475 1505 pra
1501 1478 1593 1498 rerum
1622 1470 1824 1498 noscendarum

1041 1516 1169 1549 termino,
1191 1516 1307 1544 veritate
1322 1516 1437 1544 ﬁrmiter
1450 1516 1567 1544 credita.
1595 1516 1649 1549 Qui
1674 1516 1748 1543 enim
1772 1516 1827 1543 Deo

1040 1560 1145 1588 ﬁrmam
1167 1561 1192 1588 in
1213 1569 1274 1589 eum
1294 1560 1373 1589 [idem
1385 1563 1511 1596 praestat,
1524 1560 1558 1588 ab
1571 1567 1605 1588 eo
1620 1559 1682 1587 vice
1699 1566 1748 1587 sua
1764 1566 1827 1586 ver-

1041 1607 1106 1634 bum
1121 1607 1244 1635 veritatis
1260 1607 1369 1641 accipit,
1392 1607 1483 1641 ipsum
1508 1605 1645 1634 inundans
1676 1609 1704 1633 et
1722 1612 1824 1633 secun-

1041 1651 1105 1680 dum
1121 1652 1236 1687 gratiam
1251 1652 1397 1688 perliciens
1421 1651 1556 1679 bonorum
1580 1658 1642 1687 qua:
1670 1658 1754 1687 supra
1777 1658 1827 1679 na-

1042 1703 1129 1726 turam
1147 1704 1211 1727 sunt
1227 1698 1449 1733 participatione.

1078 1744 1160 1773 Vens.
1189 1745 1233 1772 19.
1273 1744 1360 1772 Filius
1385 1744 1477 1779 justus
1507 1748 1646 1780 generatur
1672 1745 1700 1771 in
1733 1743 1824 1772 vitam.

1043 1790 1146 1818 Etenim
1160 1791 1208 1826 qui
1225 1798 1240 1818 a
1257 1790 1312 1818 Deo
1326 1798 1377 1825 per
1388 1790 1469 1818 ﬁdem
1487 1791 1636 1825 adoptatur
1657 1794 1685 1817 et
1711 1790 1826 1825 irrepre-

1043 1837 1216 1865 hensibiliter
1230 1836 1298 1872 agit,
1311 1836 1345 1863 ad
1361 1835 1534 1871 spiritualem
1545 1840 1571 1863 et
1581 1835 1824 1870 incorruptibilem

1041 1883 1162 1918 gignitur
1177 1883 1272 1916 vitam,
1286 1882 1453 1917 principium
1471 1881 1532 1917 ejus
1548 1881 1689 1916 accipiens
1709 1880 1756 1909 Dei
1777 1888 1826 1916 per

1042 1927 1102 1955 ﬁdei
1119 1927 1263 1960 notitiam;
1279 1935 1456 1964 progressum
1481 1931 1585 1960 autem,
1604 1927 1757 1955 secundum
1769 1927 1825 1954 νει*-

1041 1976 1126 1999 tutem
1143 1980 1247 2000 mores.

1076 2018 1228 2045 Persecutio
1244 2022 1331 2045 autem
1349 2018 1422 2052 impii
1433 2017 1462 2044 in
1480 2022 1602 2045 mortem.
1619 2017 1714 2045 Omnis
1732 2022 1823 2045 autem

1040 2064 1123 2091 ardor
1149 2063 1211 2098 ejus
1235 2063 1282 2099 qui
1310 2071 1366 2091 non
1396 2071 1444 2098 per
1475 2063 1591 2090 activam
1615 2063 1823 2097 intelligentiam

1040 2111 1124 2138 Deum
1146 2110 1224 2143 colit,
1242 2109 1270 2136 in
1291 2109 1495 2144 corruptionem
1513 2109 1650 2144 pervenit,
1666 2113 1760 2144 utpote
1775 2109 1821 2144 qui

1039 2157 1112 2184 circa
1129 2161 1319 2184 momentanea
1334 2159 1472 2183 νει-εσιυτ.

1075 2201 1157 2230 Vens.
1169 2202 1215 2229 ΞΟ.
1228 2201 1394 2229 Abominatio
1403 2200 1526 2233 Domino,
1539 2200 1589 2228 vite
1605 2207 1742 2235 perversae.
1752 2199 1822 2233 Quia

1039 2256 1135 2282 nempe
1149 2247 1214 2275 odio
1231 2251 1296 2275 sunt
1318 2246 1389 2282 apud
1414 2246 1498 2274 Deum
1522 2253 1604 2282 opera
1625 2253 1685 2280 qua!
1705 2253 1720 2272 a
1748 2249 1822 2273 recta

200 2279 260 2304 κατ’
271 2279 370 2326 ἀρετὴν
383 2281 489 2312 εὐθείας
503 2282 573 2314 ὁδοῦ,
591 2284 659 2318 πρὸς
673 2284 706 2311 τὰ
719 2284 778 2311 κατ’
790 2284 907 2320 ἔλλειψιν
923 2286 986 2313 ταύ-

1040 2294 1188 2322 Secundum
1203 2294 1333 2321 virtutem
1349 2293 1392 2320 via
1415 2292 1548 2320 recedunt
1569 2293 1602 2319 ad
1617 2300 1664 2320 eas
1688 2299 1749 2326 qum
1776 2299 1821 2319 se.

199 2331 249 2357 της
267 2323 314 2351 καὶ
328 2325 480 2363 ὑπερϐολὴν
495 2328 579 2362 πάθη.

235 2413 415 2445 Προσδεκτοῑ
439 2414 474 2441 δὲ
495 2415 574 2448 αὐτῷ
598 2416 707 2450 πάντες
732 2417 843 2453 ἄμωμοι
866 2420 901 2446 ἐν
917 2419 984 2452 ὀδῷ.

206 2457 361 2484 Ἀποδεκτοὶ
375 2459 403 2486 δὲ
414 2460 498 2496 αὐτῷ,
516 2462 573 2488 ὅσοι
587 2463 686 2495 παντὸς
702 2464 797 2498 μώμου
808 2464 985 2501 ἀπηλλαγμέ-

196 2513 247 2536 νην
264 2505 314 2540 τὴν
328 2505 386 2532 ὁδὸν
402 2507 450 2541 τῆς
465 2508 605 2543 παρούσης
623 2508 696 2543 ζωῆς
707 2509 898 2544 διεξέρχονται.

234 2553 287 2577 na’.
306 2551 384 2586 Χειρὶ
402 2551 502 2586 χεῷας
516 2553 653 2587 ἐμϐαλὼν
671 2554 788 2591 ἀδίκως-ἶ
801 2557 855 2583 οὐκ
880 2557 985 2592 ἀτιμώ-

194 2606 289 2631 ρητος
303 2599 388 2626 ἔσται
405 2599 516 2627 κακῶν.
536 2601 591 2628 Καὶ
604 2602 618 2628 ὀ
635 2602 686 2636 μὲν
700 2603 756 2634 τοῖς
779 2603 869 2635 πόνοις
883 2604 932 2638 τῆς
945 2605 985 2631 οἰ-

199 2643 275 2675 κείας
290 2645 391 2680 χειρὸς,
408 2647 472 2678 τοὺς
496 2647 551 2673 τῶν
576 2648 724 2684 ἀλλοτρίων
747 2650 848 2685 χειρῶν
876 2651 983 2683 πόνους,

198 2690 275 2724 παρὰ
288 2691 377 2718 πάντα
390 2691 493 2718 δίκαιον
506 2691 585 2726 λόγον
600 2694 763 2729 προσμίξας,
777 2695 827 2722 οὐκ
844 2696 922 2727 ἐκτὸς
939 2705 983 2723 κο-

197 2734 415 2770 ).άσεως,ἓσεται,
430 2737 500 2772 ὑπὲρ
512 2735 549 2764 ὧν
564 2739 712 2772 ἐνεδείξατο
727 2740 856 2776 λυπηρῶν
872 2742 912 2774 εἰς
922 2743 984 2774 τοὺς

199 2779 446 2816 πλεονεκτηθέντας
461 2783 526 2819 παρ’
535 2784 628 2811 αὑτοῦ.

239 2825 270 2852 ⁷0
284 2826 318 2853 δὲ
340 2828 474 2862 σπείρων
495 2829 710 2864 δικαιοσύνην,
728 2831 857 2866 λήψεται
873 2834 984 2868 μισθὸν

196 2871 317 2898 πιστόν.
337 2872 366 2898 ’0
386 2873 414 2899 δὲ
434 2874 588 2909 σκορπίζων
604 2875 643 2907 εἰς
656 2874 704 2906 τὰς
718 2876 772 2901 τῶν
785 2877 918 2912 δεομένων
932 2888 966 2912 γει
976 2895 982 2900 -

196 2915 293 2949 στέρας
313 2918 358 2944 καὶ
376 2919 429 2949 τῶν
453 2920 550 2947 ἑαυτοῦ
566 2921 664 2956 χειρῶν
679 2921 784 2953 πόνους,
801 2923 937 2958 ἀναλόγως
952 2927 980 2959 τῇ

1039 2339 1159 2366 cundum
1177 2337 1300 2373 ejusdem
1315 2337 1453 2365 defectum
1467 2342 1514 2364 aut
1524 2344 1671 2365 excessum
1693 2339 1758 2364 sunt
1773 2344 1821 2364 cu-

1038 2383 1176 2417 piditates.

1073 2427 1180 2460 Accepti
1190 2432 1280 2454 autem
1298 2427 1340 2454 illi
1350 2435 1438 2454 omne:
1460 2426 1701 2461 irreprehensibiles
1719 2426 1746 2452 in
1766 2427 1818 2454 via.

1037 2473 1146 2508 Accepti
1162 2477 1253 2500 autem
1270 2473 1309 2500 illi
1326 2474 1486 2508 quicunque
1510 2472 1585 2499 omni
1606 2473 1821 2507 reprehensione

1036 2517 1153 2543 solutam
1170 2517 1313 2550 pr:csentis
1329 2517 1390 2543 vitae
1398 2516 1470 2543 viam
1482 2520 1660 2551 percurrunt.

1072 2562 1154 2590 Vens.
1171 2563 1215 2590 ‘21.
1234 2562 1287 2595 Qui
1309 2563 1335 2589 in
1351 2571 1433 2589 manu
1457 2570 1550 2589 manus
1572 2563 1684 2597 imponit
1711 2569 1818 2599 injuste,

1036 2616 1088 2635 non
1101 2611 1226 2635 innocens
1242 2608 1373 2636 malorum
1388 2609 1450 2635 erit.
1468 2607 1519 2641 Qui
1537 2608 1608 2636 enim
1624 2610 1743 2645 propriae
1761 2619 1819 2638 ma-

1035 2661 1086 2682 nus
1099 2654 1237 2682 laboribus
1251 2654 1364 2681 aliarum
1378 2661 1507 2681 manuum
1524 2653 1634 2682 labores
1646 2659 1741 2683 contra
1759 2663 1819 2684 om-

1035 2707 1095 2727 ncm
1107 2699 1209 2735 justam
1238 2698 1383 2727 raltioncm
1401 2699 1550 2732 miscuerit,
1570 2707 1624 2728 non
1641 2705 1717 2729 extra
1734 2702 1817 2730 ultio-

1035 2753 1094 2772 nem
1109 2745 1172 2778 crit,
1188 2752 1237 2780 pro
1252 2745 1360 2779 injuriis
1375 2752 1444 2780 quas
1470 2753 1498 2772 tn
1514 2753 1567 2773 eos
1588 2746 1745 2775 exhibuerit
1770 2749 1816 2784 qui

1034 2790 1068 2818 ab
1083 2790 1141 2825 ipso
1154 2790 1260 2825 decepti
1277 2795 1351 2819 sunt.

1074 2835 1126 2868 Qui
1140 2840 1228 2863 autem
1246 2837 1360 2864 seminat
1381 2838 1527 2872 justitiam,
1540 2839 1647 2874 recipiet
1675 2837 1815 2866 mei'cedem

1034 2880 1147 2913 ﬁdelem.
1162 2879 1298 2915 Spargcns
1317 2885 1408 2909 autem
1435 2883 1463 2910 in
1485 2883 1662 2918 indigentium
1691 2887 1813 2909 ventrem

1033 2931 1058 2953 rt
1087 2934 1199 2955 suarum
1216 2935 1346 2956 manuum
1373 2928 1491 2962 labores,
1521 2937 1570 2964 pro
1597 2928 1823 2962 uniuscujusque.
