2079 3161
255 353 271 378 ᾖ

297 187 362 220 1331

947 192 1121 224 PROCOPII
1141 193 1263 224 GAZEI

1848 195 1906 226 1332

293 241 394 277 inopia.
412 250 426 270 ο
443 247 637 271 remunerante
658 242 714 272 Deo
729 244 882 274 mercedem
901 244 1008 276 ﬁrmam
1033 252 1077 272 ac-

1130 247 1210 283 χρείᾳ
1236 247 1363 279 ἑκάστου,
1380 247 1452 284 λάὸῃ
1473 247 1548 284 παρὰ
1573 248 1621 275 τοῦ
1645 247 1835 284 μισθαποδότω
1847 250 1906 278 Θεοῦ

290 288 386 323 cipiet,
412 295 473 322 qua:
495 296 594 324 nempe
621 289 647 316 in
669 293 800 316 aztcrnum
820 293 973 324 permanet.

325 332 409 361 Vens.
424 333 470 361 22.
489 333 522 361 Ut
539 334 654 362 circufus
671 343 768 362 aureus
780 335 811 362 in
827 335 939 362 naribus
955 336 1024 368 suis,
1041 337 1080 364 ita

290 379 398 407 mulieri
412 380 540 414 improbo:
564 380 746 416 pulchritudo.
798 381 830 408 Et
848 381 1079 416 quemadmodum

289 425 398 452 aurium
415 432 619 459 ornamentum,
631 427 705 462 porci
722 427 838 455 naribus
847 435 1009 463 appensum,
1022 429 1080 456 luto

288 470 422 503 inﬁcitur,
451 472 489 500 ita
502 476 530 500 et
548 473 675 501 sensibus
692 473 919 502 irrationabiliter
951 475 1029 510 pulsa
1052 475 1079 502 id

289 516 365 550 quod
381 516 415 543 ad
429 516 524 552 gloria:
540 518 751 552 praetensionem
766 523 826 545 erat
839 517 913 545 illius
928 518 976 553 qui
992 519 1080 546 sensi-

290 562 385 589 bilium
399 563 636 598 pulchritudinem
654 562 721 590 fecit
742 564 801 591 luto
825 564 1000 600 voluptatum
1031 572 1080 601 per

288 607 417 634 ardorem
431 607 596 643 inquinavit.
611 607 718 635 Etenim

324 651 409 680 Vens.
425 653 470 681 23.
485 654 574 681 Ardor
585 654 667 689 justi,
686 655 773 682 omnis
797 655 892 683 bonus.
908 656 997 684 Ardor
1017 656 1081 691 qui—

288 699 350 727 dem
381 700 443 735 ejus
464 701 513 740 qui
540 702 721 731 sensibilibus
743 708 839 741 utpote
867 705 1078 740 momeulaneis,

285 744 359 773 bona
370 754 431 782 quae
442 755 527 783 supra
539 756 638 776 sensus
652 753 727 782 sunt,
741 753 837 786 utpote
853 754 970 783 aeterna,
997 755 1076 779 aute-

286 792 375 827 ponil,
395 797 468 821 totus
482 797 525 821 est
539 794 671 829 optimus,
688 799 782 830 utpote
795 796 937 824 salutaris.

323 838 389 873 Spes
401 843 489 867 autem
505 840 648 875 impiorum
668 841 774 876 peribit.
805 841 833 869 lu
858 842 972 870 caducis
987 847 1078 870 autem

288 884 390 912 titlucia
407 893 501 913 eorum
513 887 560 921 qui
574 887 658 914 Deum
677 895 725 925 per
735 887 852 915 activam
866 888 1077 925 intelligentiam

286 938 342 958 non
359 931 465 966 colunt,
481 937 638 967 evanescet,
654 933 680 961 in
693 933 811 962 nihilum
827 934 933 969 abiens,
946 935 1076 970 quoniam

285 985 319 1004 ea
333 983 563 1014 corrumpentur.

322 1023 405 1053 Vsus.
426 1024 470 1052 24.
490 1025 543 1059 Qui
558 1026 668 1061 propria
694 1027 839 1060 seminam,
868 1027 986 1063 suntqui
999 1027 1078 1062 plura

285 1069 403 1104 faciunt.
422 1070 455 1097 Et
472 1071 584 1106 quidem
610 1072 658 1108 qui
673 1073 865 1108 indigentibus
886 1074 946 1102 sive
966 1074 1076 1109 propria

286 1121 432 1150 spargunt,
447 1116 506 1144 sive
520 1116 635 1146 virtutes
658 1117 867 1153 impertiuntur.
889 1119 908 1146 ii
936 1122 1003 1147 sunt
1030 1118 1076 1154 qui

286 1159 315 1187 in
333 1161 492 1196 centuplum
520 1161 572 1189 sibi
593 1166 641 1190 aut
669 1170 821 1198 corporeas
849 1168 897 1191 aut.
920 1163 1078 1199 spirituales

286 1206 399 1235 divitias
417 1208 584 1243 acquirunt.

333 1295 401 1323 Sunt
412 1301 501 1325 autem
515 1298 604 1325 aliena
619 1305 820 1334 congregantes,
845 1300 890 1335 qui
914 1300 1075 1327 minuuntur.

284 1342 318 1369 Et
334 1350 432 1371 rursus
448 1344 563 1379 quidam
583 1345 642 1373 sive
655 1346 772 1373 aliorum
791 1346 934 1374 hominum
949 1346 1020 1374 bona
1032 1354 1077 1373 ra-

284 1389 404 1424 pientes,
420 1390 480 1418 sive
497 1390 654 1418 daemouum
672 1392 805 1419 malitiam
822 1392 1018 1427 suscipieutes,
1033 1400 1078 1420 se-

285 1434 362 1473 ipsos
378 1435 502 1464 minores
514 1435 652 1468 eliiciuut;
668 1438 822 1465 secundum
837 1438 911 1465 enim
924 1445 1075 1473 corporeas

285 1481 409 1515 divitias,
425 1482 493 1510 dant
506 1490 602 1518 pmnas
618 1491 668 1518 pro
680 1484 714 1512 iis
725 1491 787 1520 qua:
799 1485 871 1512 male
884 1488 1075 1520 perceperunt;

286 1528 442 1555 secundum
471 1534 563 1556 autem
594 1529 707 1558 divilias
737 1531 906 1566 spirituales.
938 1531 1010 1565 quod
1033 1538 1078 1558 se-

285 1575 406 1602 cundum
423 1575 553 1603 virtutem
566 1580 608 1604 est
622 1577 707 1605 decus
718 1577 891 1613 abjicientes,
903 1577 1013 1605 malitiae
1026 1578 1076 1605 de-

286 1620 370 1654 decus
384 1621 436 1650 sibi
453 1623 610 1658 acquirunt.

323 1719 422 1751 Anima
447 1720 593 1753 benedicta,
622 1721 708 1748 omnis
736 1720 858 1756 simplex.
876 1719 975 1747 Anima
1005 1719 1078 1747 enim

289 1767 361 1800 apud
394 1765 479 1793 Deum
502 1770 530 1794 et
560 1767 684 1794 homines
707 1767 836 1794 laudibus
862 1765 980 1793 donatur
1005 1773 1080 1800 qua:-

286 1819 395 1847 cunque
422 1816 564 1847 permanet
589 1820 637 1848 per
670 1812 809 1846 apatliiam
840 1812 934 1840 eadem
968 1812 995 1839 in
1024 1819 1079 1839 non

287 1858 407 1891 iisdem,
447 1865 497 1887 nec
535 1858 791 1894 supervenientibus
831 1858 978 1890 turbatur,
1021 1858 1080 1886 sive

287 1904 361 1937 laeta,
389 1904 446 1932 sive
464 1904 556 1933 tristia
581 1904 647 1937 sint,
678 1909 705 1933 et
729 1904 793 1933 inde
816 1911 849 1932 ex
881 1904 1080 1939 cupiditatibus

287 1950 515 1986 compositionem
534 1951 688 1986 accipiens,
715 1951 765 1979 sed
780 1950 932 1986 simplicem
960 1949 1080 1986 propriae

287 2001 393 2029 natura:
412 2005 527 2025 servans
542 1997 689 2026 rationem.

325 2043 409 2071 Vens.
419 2043 475 2078 254
484 2043 531 2072 Vir
544 2048 631 2072 autem
642 2044 739 2074 iratus.
748 2052 798 2070 non
808 2044 909 2073 decenti
923 2044 1017 2079 specie.
1026 2043 1077 2077 Qui

287 2094 378 2117 autem
391 2089 418 2117 in
427 2097 476 2118 eos
490 2090 536 2125 qui
551 2090 641 2126 ipsum
659 2091 809 2118 molestant
825 2091 966 2122 irascitur.
981 2095 1024 2118 est
1038 2091 1079 2118 in—

286 2135 398 2167 decens,
425 2136 502 2171 pacis
530 2140 557 2163 ct
585 2136 738 2164 secundum
768 2135 888 2164 animam
918 2137 1078 2165 Serenitatis

287 2181 440 2209 decentiam
457 2181 603 2216 abjicieus.

323 2227 407 2256 Vens.
425 2228 472 2255 26.
489 2227 541 2261 Qui
557 2229 651 2256 retinet
675 2229 850 2263 frumentum,
879 2237 938 2256 eum
957 2229 1078 2264 gentibus

288 2274 423 2309 relinquit.
456 2273 488 2301 Et
507 2274 554 2309 qui
577 2282 632 2303 non
662 2274 752 2310 injicit
780 2275 967 2306 fructiiicans.
999 2283 1073 2301 more

287 2318 430 2351 frumenti,
447 2319 559 2346 virtutis
575 2319 729 2354 ingenitum
746 2320 861 2347 verbum
880 2327 928 2355 per
953 2324 1032 2348 actus
1048 2319 1075 2347 in

287 2373 410 2398 carnem,
428 2365 493 2392 sinit
509 2365 576 2392 illud
592 2365 721 2394 hostibus
737 2369 896 2394 nostrarum
922 2366 1075 2394 animarum

286 2410 460 2439 daemonibus
484 2410 717 2444 consumendum,
737 2411 970 2440 irrationabilinm
999 2412 1078 2447 cupi-

287 2457 406 2484 ditatum
427 2456 558 2484 solertiat.

322 2501 476 2529 Benedictio
491 2506 579 2530 autem
595 2502 621 2531 in
640 2507 719 2537 caput
732 2503 917 2537 impertientis.
941 2505 971 2532 In
997 2505 1077 2534 bonis

286 2543 379 2576 autem
395 2547 449 2575 erit
469 2548 557 2583 ipsius
575 2549 693 2584 ingeniti
710 2548 790 2576 verbi
809 2557 876 2578 usus
895 2550 967 2584 apud
983 2557 1076 2578 recto-

287 2601 345 2622 rem
362 2593 491 2629 spiritum
507 2595 568 2629 ejus
583 2595 629 2630 qui
654 2595 721 2622 illud
742 2595 820 2622 carni
842 2596 876 2623 ad
901 2596 1075 2631 spiritualem

286 2641 456 2669 fertilitatem
473 2640 631 2674 impertilus
647 2642 712 2668 erit.

324 2687 408 2715 Vens.
424 2687 471 2714 ‘27.
492 2686 657 2715 Construens
676 2687 755 2720 bona,
779 2688 875 2724 quaerit
890 2689 1006 2724 gratiam
1030 2690 1076 2716 bo-

286 2741 360 2761 nam.
379 2733 431 2766 Qui
450 2733 561 2767 quidem
584 2733 688 2768 optima
718 2733 765 2762 Dei
783 2734 913 2761 mandata
935 2739 1074 2770 operatur.

284 2779 412 2814 accipere
427 2779 539 2807 festinat
549 2779 720 2807 sanctissimi
734 2779 854 2815 Spiritus
870 2781 943 2809 dona
967 2789 1028 2816 quae
1041 2781 1077 2809 ab

285 2824 362 2851 omni
378 2823 472 2851 debito
492 2823 605 2851 solvunt
619 2829 646 2851 et
665 2826 922 2859 supernaturalium
939 2826 1074 2854 bonorum

287 2870 500 2906 participatione
515 2870 617 2905 dignos
631 2870 763 2898 eﬂiciunt.

320 2916 488 2951 Qua‘rentem
515 2922 603 2950 autem
629 2917 711 2950 male,
743 2918 958 2953 comprehendent
987 2919 1074 2946 illum.

1131 294 1306 328 ἀντιμισθίαν
1323 293 1445 330 βεϐαίαν,
1459 294 1509 330 τὴν
1527 295 1555 326 ἐς
1570 295 1613 321 ἀεὶ
1628 294 1812 330 διαμένουσαν.

1169 340 1222 375 κβ¹.
1235 341 1351 375 ’Ὠσπερ
1360 341 1483 368 ἐνώτιον
1496 341 1635 375 χρυσοῦν
1648 341 1683 368 ἐν
1690 341 1752 375 ῥινὶ
1765 343 1825 375 ὑὸς,
1841 342 1908 369 οὕτω

1131 385 1251 420 γυναικὶ
1269 388 1431 422 κακόφρονι
1451 388 1575 421 κάλλος.
1596 388 1650 414 Καὶ
1668 388 1792 424 καθάπερ
1811 387 1908 421 ὲνώτιος

1131 433 1245 468 κόσμος,
1267 435 1451 470 ὲνηρτημένος
1475 435 1568 471 χοίρου
1592 434 1657 471 ῥινὶ,
1670 434 1708 469 τῷ
1731 435 1848 471 βορϐόρῳ
1869 436 1909 469 ρυ-

1132 480 1268 507 παίνεται·
1282 480 1354 508 οὕτω
1366 481 1414 507 καὶ
1429 481 1556 515 αἰσθήσει
1570 481 1719 515 ἀλογίστως
1735 480 1909 516 φερομένη,τὺ

1131 526 1199 562 πρὸς
1211 525 1334 554 ὲνώτισιν
1348 528 1397 562 τῆς
1412 527 1490 562 δόξης
1503 527 1550 554 τοῦ
1567 527 1749 562 πεποιηκότος
1759 527 1851 558 κάλλος
1860 527 1909 553 τῶν

1131 571 1280 606 αἰσθητῶν,
1296 571 1337 608 τῷ
1358 571 1481 607 βορϐόρῳ
1499 572 1552 599 τῶν
1573 572 1676 608 ἡδονῶν
1690 572 1750 599 κατ’
1772 573 1910 608 ὲπιθυμίαν

1132 617 1287 654 μολύνεται.
1302 618 1358 644 Καὶ
1373 618 1427 654 γὰρ

1166 667 1219 698 κγ’.
1238 664 1395 698 Ἔπιθυμία
1420 663 1549 695 δικαίου.
1566 664 1650 692 πᾶσα
1679 665 1786 700 ἀγαθή.
1808 663 1838 691 Ἠ
1865 664 1910 700 μὲν

1130 707 1224 742 ἔφεσις
1238 709 1285 735 τοῦ
1307 709 1499 745 προκρίνοντος
1516 710 1570 737 τῶν
1586 711 1768 746 φαινομένων,
1783 711 1819 742 ὡς
1834 719 1909 746 προσ·
1959 716 1962 719 ’

1131 754 1244 790 καὶρων,
1261 755 1296 782 τὰ
1310 755 1380 792 ὑπὲρ
1401 756 1432 782 τὺ
1453 757 1615 792 φαινόμενον
1639 757 1744 792 ἀγαθὰ,
1762 758 1799 790 ὼς
1812 758 1909 790 αἰώνια,

1130 800 1226 829 ἅπασα
1240 801 1357 837 ὑπάρχει
1372 801 1452 837 καλὴ,
1468 802 1505 834 ὼς
1522 803 1668 838 σωτήριος.

1171 846 1272 880 Ἐλπὶς
1284 847 1319 874 δὲ
1333 847 1451 876 ἀσεϐῶν
1463 849 1629 876 ἀπολεῖται.
1649 849 1680 876 Ἦ
1690 849 1764 876 δ’ὲπὶ
1772 851 1826 881 τοῖς
1837 859 1910 885 προσ-

1130 891 1238 929 καίροις
1261 893 1424 927 πεποίθησις
1439 894 1493 920 τῶν
1509 894 1546 929 μὴ
1569 894 1602 921 δι’
1615 895 1775 930 ἐμπράκτου
1793 894 1911 929 γνώσεως

1130 938 1272 974 τιμώντων
1288 939 1370 972 Θεὸν,
1386 939 1620 975 ἀφανισθήσεται,
1636 941 1676 972 είς
1691 941 1720 968 τὸ
1735 941 1815 976 μηδὲν
1828 943 1912 977 χωρήσ

1130 993 1200 1012 σασα
1215 985 1244 1011 ὲν
1256 984 1295 1020 τῷ
1312 985 1450 1021 φθαρῆναι
1461 986 1541 1013 αὐτὰ.

1164 1028 1214 1057 κδ’.
1234 1031 1324 1058 Εἰσὶν
1347 1033 1375 1058 al
1397 1031 1434 1058 τὰ
1450 1031 1511 1059 ῑδια
1536 1033 1730 1066 σπείροντες,
1750 1033 1779 1060 οἳ
1796 1034 1912 1061 πλείονα

1129 1076 1280 1104 ποιοῦσιν.
1302 1077 1357 1103 Καὶ
1375 1077 1530 1113 ὑπάρχουσι
1554 1078 1603 1113 μὲν
1620 1078 1644 1105 οἱ
1660 1079 1731 1115 πρὸς
1750 1070 1812 1112 τοὺς
1826 1079 1912 1115 δεομέ-

1129 1130 1202 1154 νους.
1230 1122 1286 1149 εἴτε
1310 1123 1345 1150 τὰ
1367 1124 1455 1150 οἰκεῖα
1480 1124 1612 1160 χρήματα
1636 1125 1838 1160 σκορπίζοντες,
1864 1124 1913 1151 εἴτ’

1129 1169 1236 1204 ἀρετῶν
1250 1169 1408 1204 μεταδόσεις
1422 1170 1591 1206 ποιούμενοι,
1602 1171 1701 1203 οἵτινες
1721 1172 1912 1199 ἑκατονταπλα-

1130 1215 1205 1242 σίονα
1229 1216 1334 1247 ἑαυτοῖς
1360 1216 1377 1252 ῆ
1403 1217 1450 1243 τὸν
1472 1217 1627 1253 σωματικὸν
1641 1217 1657 1253 ἤ
1673 1219 1720 1244 τὸν
1739 1218 1913 1254 πνευματικὸν

1129 1260 1245 1288 πλοῦτον
1261 1261 1479 1297 περιποιοῦνται.

1164 1307 1232 1334 Εἰσὶ
1256 1307 1291 1334 δὲ
1313 1307 1364 1335 καὶ
1387 1309 1417 1335 οἰ
1441 1309 1630 1344 συνάῃαοντες
1655 1309 1692 1336 τὰ
1718 1310 1869 1343 ἀλλότρια,
1887 1308 1913 1336 οἳ

1128 1354 1370 1382 ἐλαττονοῦνται.
1390 1355 1559 1391 Ὑπάρχουσι
1575 1355 1597 1382 δ’
1610 1353 1688 1387 αὖθίς
1698 1365 1782 1388 τινες,
1797 1356 1821 1383 οἳ
1832 1356 1875 1383 καὶ
1883 1356 1912 1382 τὰ

1127 1399 1182 1426 τῶν
1197 1400 1284 1428 ἄλλων
1299 1401 1348 1428 εἴτ’
1359 1401 1513 1436 ἀνθρώπων
1530 1402 1702 1436 ἁρπάζοντες
1718 1404 1911 1439 χρήματα,είτε

1130 1445 1266 1480 δαιμόνων
1282 1447 1382 1479 κακίας
1399 1447 1664 1482 μεταλαμϐάνοντες,
1682 1449 1780 1482 οἵτινες
1807 1449 1911 1485 σμικρύ⁸

1129 1500 1219 1519 νουσιν
1243 1492 1367 1525 ἑαυτοὺς,
1384 1493 1455 1520 κατὰ
1471 1494 1521 1529 μὲν
1543 1494 1590 1522 τὸν
1613 1495 1772 1530 σωματικὸν
1797 1496 1910 1528 πλοῦτον,

1128 1538 1205 1570 δίκας
1221 1539 1448 1574 εἰσπραττόμενοι
1458 1559 1465 1571 ,
1483 1539 1554 1575 ὑπὲρ
1569 1537 1606 1568 ὧν
1623 1541 1718 1573 κακῶς
1735 1541 1909 1577 ὲτελὼνησαν’

1129 1584 1200 1612 κατὰ
1210 1585 1239 1612 δὲ
1254 1585 1300 1613 τὸν
1316 1585 1442 1621 ψυχικὸν,
1456 1586 1494 1619 ὡς
1510 1586 1560 1623 τὴν
1572 1588 1633 1614 κατ’
1644 1588 1749 1624 ἀρετὴν
1762 1589 1841 1624 τιμὴν
1851 1589 1911 1616 ἀπο-

1092 1626 1112 1655 C
1130 1631 1301 1667 ϐαλλόμενοι,
1322 1633 1370 1659 καὶ
1394 1633 1445 1668 τῆς
1468 1633 1569 1665 κακίας
1593 1634 1706 1669 ἀτιμίαν
1734 1635 1911 1670 ἐπικτησάμε-

1129 1685 1181 1704 νοι.

1165 1723 1215 1751 κε’.
1240 1722 1329 1758 Ψυχὴ
1340 1724 1559 1759 εὐλογουμένη,
1572 1723 1658 1751 πᾶσα
1667 1724 1765 1759 ἁπλῆ.
1778 1724 1853 1759 Ψυχὴ
1864 1723 1911 1758 γὰρ

1130 1768 1314 1804 ἐπαινουμένη
1329 1770 1405 1805 παρά
1418 1770 1478 1805 Θεῷ
1493 1771 1540 1797 καὶ
1554 1770 1711 1806 ἀνθρώποις
1731 1771 1802 1802 ἐστὶ,
1816 1770 1883 1797 πᾶσα
1896 1770 1910 1804 ἠ

1129 1814 1296 1849 διαμένουσα
1311 1815 1380 1850 αὑτὴ
1397 1816 1444 1842 ἐπὶ
1465 1817 1522 1846 τοῖς
1544 1817 1595 1843 οὐκ
1620 1816 1707 1852 αὐτῆς
1733 1816 1910 1846 δι’ἁπάθειαν,

1130 1861 1178 1887 καὶ
1202 1860 1239 1895 μὴ
1265 1861 1447 1893 στασιάζουσα
1470 1863 1528 1893 τοῖς
1550 1862 1767 1897 συμπίπτουσιν,
1783 1862 1835 1889 εἴτε
1855 1861 1912 1896 ἡδέα

1131 1906 1196 1940 εἶεν,
1210 1907 1266 1933 εἴτε
1276 1907 1323 1934 καὶ
1335 1907 1447 1942 ἀλγεινά
1456 1916 1462 1924 ·
1480 1908 1627 1936 κάντεῦθεν
1638 1908 1687 1944 τὴν
1701 1909 1735 1936 ὲκ
1747 1908 1840 1935 παθῶν
1850 1908 1912 1941 λαμ-

1131 1952 1250 1979 ϐάνουσα
1265 1952 1401 1985 σύνθεσιν,
1419 1953 1475 1980 ἀλλ’
1487 1953 1589 1981 ἁπλοῦν
1606 1954 1652 1981 τδν
1666 1954 1718 1989 τῆς
1734 1954 1803 1986 ιδίας
1816 1953 1912 1989 φύσεως

1130 1998 1349 2033 διαφυλάττουσα
1367 1999 1457 2033 λόγον.

1166 2044 1225 2078 σις’.
1242 2045 1328 2080 Ἀνὴρ
1345 2045 1380 2072 δὲ
1394 2046 1550 2080 θυμώδης,
1576 2047 1633 2073 οὐκ
1659 2046 1831 2082 εὐσχήμων.
1849 2045 1875 2072 ’0
1888 2044 1913 2070 δὲ

1130 2091 1200 2125 πρὸς
1214 2091 1277 2123 τοὺς
1293 2091 1445 2123 λυποῦντας
1461 2092 1543 2123 dmin;
1556 2092 1746 2127 ὀργιζόμενος,
1764 2091 1912 2127 ἀσχημονεῖ,

1129 2138 1178 2172 τὴν
1191 2137 1240 2173 τῆς
1256 2138 1367 2173 εἰρήνης
1383 2137 1429 2164 καὶ
1445 2138 1494 2173 τῆς
1513 2138 1584 2165 κατὰ
1600 2138 1690 2174 ψυχὴν
1707 2139 1827 2175 γαλήνης
1841 2138 1912 2164 εὐκο-

1130 2183 1215 2218 σμίαν
1233 2183 1463 2218 ἀποδαλλόμενος.

1171 2229 1201 2256 '0
1215 2229 1356 2264 συνέχων
1367 2229 1463 2261 σῖτον,
1476 2230 1655 2257 ὑπολίπωτο
1665 2231 1761 2258 αὑτὸν
1772 2230 1833 2263 τοῖς
1843 2229 1913 2257 ἔθνε-

1128 2282 1191 2302 σιν.
1212 2274 1267 2301 Καὶ
1278 2275 1292 2300 ὁ
1307 2274 1356 2311 μὲν
1369 2275 1406 2310 μὴ
1422 2275 1599 2301 καταϐάλλων
1616 2275 1662 2302 τὸν
1675 2276 1756 2311 δίκην
1771 2276 1843 2302 σίτου
1853 2283 1912 2310 καρ-

1130 2319 1250 2354 ποφόρον
1263 2319 1314 2354 τῆς
1325 2319 1427 2355 ἀρετῆς
1443 2319 1564 2355 ἔμφυτον
1577 2319 1657 2353 λόγον
1671 2320 1754 2354 σαρκὶ
1769 2319 1839 2346 κατὰ
1849 2319 1911 2352 πρῖ-

1130 2364 1182 2397 ξιν,
1198 2364 1373 2399 καταλείψειε
1395 2364 1490 2391 τοῦτον
1511 2365 1759 2392 καταναλίσκεσθαι
1775 2365 1830 2396 τοῖς
1843 2364 1912 2390 πολί-

1131 2410 1203 2446 μίοις
1220 2410 1275 2437 τῶν
1299 2410 1442 2446 ἡμετέρων
1459 2410 1553 2446 ψυχῶν
1569 2411 1697 2447 δαίμοσι,
1713 2412 1775 2443 ταῖς
1790 2409 1912 2440 ἐπινοίαις

1128 2456 1184 2483 τῶν
1197 2456 1301 2491 ἀλόγων
1318 2456 1422 2484 παθῶν.

1164 2502 1298 2537 Εὑλογία
1309 2501 1344 2528 δὲ
1353 2503 1398 2535 εἰς
1415 2501 1555 2537 κεφαλὴν
1565 2502 1619 2529 τοῦ
1630 2503 1850 2538 μεταδιδόντος,
1858 2499 1911 2528 Ἐπ’

1129 2548 1243 2582 ἀγαθοῖς
1256 2548 1284 2575 δὲ
1300 2548 1404 2583 ἕσταιὴ
1418 2549 1516 2584 χρῆσις
1533 2548 1615 2575 αὑτοῦ
1631 2548 1679 2576 τοῦ
1693 2550 1812 2584 ἐμφύτου
1828 2547 1908 2581 λόγον,

1130 2595 1206 2630 παρὰ
1222 2593 1262 2629 τῷ
1278 2594 1394 2629 ἡγεμόνι
1410 2593 1457 2628 νῷ,
1472 2593 1518 2620 τοῦ
1533 2594 1720 2629 μεταδιδόντος
1733 2593 1827 2620 τούτου
1837 2590 1910 2627 σαρκὶ

1130 2641 1199 2676 πρὸς
1214 2639 1404 2676 καρποφορίαν
1421 2640 1619 2675 πνευματικήν.

1165 2686 1217 2718 κζ’.
1241 2686 1472 2719 Τεκταινόμεγος
1486 2685 1592 2719 ἀγαθὰ,
1604 2685 1684 2719 ζητεῖ
1691 2684 1779 2718 χάριν
1792 2681 1908 2718 ἀγαθήν.

1129 2732 1186 2760 Καὶ
1205 2733 1220 2758 ὁ
1240 2731 1290 2767 μὲν
1304 2730 1487 2766 ἐργαζόμενος
1512 2731 1560 2762 τὰς
1585 2730 1758 2764 παναγάθους
1781 2729 1826 2756 τοῦ
1849 2726 1909 2755 Θεοῦ

1130 2778 1252 2809 ἐντολὰς,
1267 2777 1376 2803 σπεύδει
1392 2775 1486 2803 λαϐεῖν
1500 2776 1547 2802 τοῦ
1557 2776 1692 2810 παναγίου
1703 2775 1854 2810 Πνεῦματος
1864 2774 1908 2799 δω-

1133 2825 1207 2862 ρεὰν,
1221 2824 1271 2860 τὴν
1287 2823 1388 2854 παντὸς
1405 2822 1563 2858 ὀφλήματος
1578 2820 1858 2852 ἀπαλλάττουσαν,καὶ
1866 2819 1908 2853 τῆς

1132 2871 1266 2907 μεθέξεως
1283 2870 1339 2897 τῶν
1357 2870 1428 2903 ὑπὲρ
1447 2869 1527 2904 φύσιν
1545 2869 1657 2902 ἀγαθῶν
1674 2869 1810 2903 ἀξιοῦσαν.

1172 2916 1370 2951 Ἐκζιιτοῦντα
1383 2915 1417 2943 δὲ
1430 2916 1520 2948 κακὰ,
1535 2915 1740 2950 καταλήψεται
1754 2914 1852 2942 αὐτόν.
1862 2910 1906 2939 Τὸν
