2079 3161
210 196 279 228 1333

738 197 1006 228 COMMENTARII
1023 198 1065 229 ΙΝ
1081 198 1309 230 ΡιιονΕιιιιιΑ.

1766 191 1841 226 *θοι

204 256 234 283 δὲ
250 255 400 283 σπεύδοντα
416 255 592 286 κακοποιεῖν,
609 254 751 290 καταλάόῃ
766 254 879 286 δικαίως
895 255 925 282 τὺ
943 255 998 281 πά-

1059 254 1118 282 Eum
1133 255 1180 290 qui
1200 254 1271 283 male
1289 260 1370 289 agere
1398 252 1522 287 festinat,
1550 252 1626 288 juste
1652 249 1836 284 comprehen-

207 312 281 338 σχειν
304 302 408 333 κακῶς,
422 303 477 328 εἴτε
501 301 571 328 κατά
592 301 623 328 τὺ
645 301 733 336 παρδν
757 301 826 337 πρὸς
841 300 996 337 διόρθωσιν,

206 349 263 376 εἴτε
281 347 352 376 κατά
367 347 397 374 τὸ
415 347 512 382 μέλλον
527 347 594 382 πρὸς
611 346 757 382 τιμωρίαν.

243 395 298 431 κη’.
315 395 346 421 ’0
361 393 508 426 πεποιθὼς
525 393 575 419 ἐπὶ
587 392 707 425 πλούτῳ
718 392 822 426 αὐτοῦ,
837 389 926 426 οὗτος
945 399 998 419 πε-

207 442 314 470 σεῖται.
334 439 390 467 Καὶ
404 439 418 466 ὁ
435 439 484 474 μὲν
497 438 606 474 θαρρῶν
623 439 668 464 ἐπὶ
685 437 759 469 ἰδίοις
776 438 830 465 εἴτε
848 439 998 473 χρήμασιν,

208 487 264 514 εἴτε
279 484 485 522 κατορθώμασι,
500 484 547 511 καὶ
572 483 609 519 μὴ
624 483 671 510 ἐπὶ
692 482 731 518 τῷ
747 483 817 519 Θεῷ,
843 485 858 510 ὁ
878 484 999 516 τοιοῦτος

209 531 439 568 κατενεχθήσεται
461 530 493 556 ὲκ
517 529 592 561 θείας
613 529 846 564 ἐγκαταλείψεως,
866 530 920 556 εἴτε
945 529 1000 556 τῶν

210 577 359 613 χρημάτων
373 574 570 611 διαρρυέντων,
586 574 640 600 εἴτε
654 574 748 600 τούτου
765 574 912 609 σφαλέντος
929 574 999 601 κατᾶ

211 623 289 657 λόγον
302 621 319 657 ἢ
332 621 441 657 πρᾶξιν.

252 668 285 694 ⁸ο
298 667 333 694 δὲ
343 665 636 702 ἀντιλαμϐανόμενος
648 665 779 699 δικαίων,
791 663 881 700 οὗτος
896 666 1001 694 ἀνατε-

212 713 270 741 λεῒ.
288 713 317 740 '0
331 713 360 740 δὲ
371 711 593 747 ἀντιποιούμενος
605 711 665 739 καθ’
676 711 732 744 ἕξιν
746 720 775 738 τε
788 712 835 739 καὶ
849 712 1000 748 ἐνέργειαν,

213 758 268 784 τῶν
284 756 497 793 ἀποτρεπουσῶν
522 756 571 792 μὲν
595 756 643 783 τοῦ
668 756 770 789 κακοῦ,
789 756 1002 792 προτρεπουσῶν

213 804 242 831 δὲ
263 804 303 835 είς
324 803 355 830 τὺ
368 802 473 838 ἀγαθὸν
488 801 567 828 θείων
582 802 696 828 ἐντολῶν
707 822 714 834 ,
731 802 777 829 καὶ
788 801 826 833 ὡς
838 801 887 838 τὴν
900 802 1002 828 οἰκείαν

213 849 405 884 ἐπιγινώσκων
428 848 589 880 ἀσθένειαν,
603 849 647 880 είς
661 848 742 883 μόνον
759 847 877 880 ἐλπίζων
894 847 971 879 Θεδν,
988 847 1003 874 ὁ

214 895 334 927 τοιοῦτος
351 894 483 930 διαφανὴς
501 893 646 930 γενήσεται
667 893 726 921 κατ’
753 893 853 929 ἀρετὴν
869 893 916 921 καὶ
933 893 1003 929 λαμ-

214 941 296 977 πρός.

250 987 302 1014 κο’.
321 986 354 1014 '0
368 986 410 1022 μὴ
426 986 724 1022 συμπεριφερόμενος
746 984 786 1018 τῷ
806 984 916 1012 ἑαυτοῦ
930 985 1004 1018 οἴκῳ

214 1033 439 1068 κληρονομήσει
453 1031 594 1067 ἀνέμους.
615 1031 671 1058 Καὶ
688 1032 702 1058 ὁ
719 1031 757 1067 μὴ
772 1031 831 1062 ταῖς
851 1030 1005 1062 ἀσθενείαις

215 1079 269 1105 τῶν
291 1079 321 1105 ὲν
343 1078 383 1113 τῷ
399 1078 457 1113 ἰδίῳ
471 1077 540 1114 οἴκῳ
556 1077 768 1112 συγγνωμονῶν,
791 1077 838 1104 καὶ
863 1075 1005 1112 βαστάζων

215 1123 318 1156 ταύτας
340 1123 379 1156 ὡς
400 1123 524 1154 δυνατὸν.
540 1124 570 1150 τὺ
584 1124 700 1151 ἄστατον
712 1123 761 1158 τῆς
777 1122 880 1149 τούτων
894 1121 1006 1158 γνώμης

217 1170 361 1206 κερδήσει,
381 1170 430 1197 καὶ¹
457 1170 518 1206 οὐχὶ
540 1169 653 1202 τούτους
677 1169 717 1201 εἰς
743 1168 773 1196 τὸ
792 1168 940 1196 ὑπακούειν
959 1169 1007 1195 αὑ-

216 1224 275 1243 του.

253 1263 416 1290 Δουλεύσει
443 1262 478 1290 δὲ
500 1262 604 1297 ἄφρων
628 1261 964 1298 φρονίμφ.’Υπηρετήσει
979 1261 1008 1287 δὲ

218 1307 258 1341 τῷ
270 1307 397 1344 ἐχέφρονι
411 1309 426 1336 ὁ
442 1308 478 1344 μὴ
492 1309 617 1344 ἐχέφρων
627 1329 634 1341 ,
651 1308 844 1344 μετερχομένῳ
855 1307 949 1334 τοῦτον
962 1306 1008 1333 εύ-

219 1352 306 1387 φυῶς,
319 1353 366 1379 καὶ
381 1352 474 1388 ἄγοντι
490 1354 530 1384 είς
546 1353 576 1380 τὸ
593 1353 662 1389 πρὸς
676 1352 707 1380 τὸ
719 1352 809 1388 ἑαυτῷ
823 1352 963 1388 βούλητόν.

255 1398 287 1426 λ’.
317 1399 366 1425 Ἐκ
389 1399 506 1433 καρποῦ
531 1398 727 1433 δικαιοσύνης
755 1399 859 1434 φύεται
882 1397 1010 1432 δένδρον

219 1441 303 1477 ζωῆς.
324 1444 379 1470 Καὶ
402 1443 432 1476 ἐξ
453 1444 554 1479 ἀρετῆς
576 1444 625 1479 μὲν
638 1444 847 1478 καρπευομὲνης
868 1442 945 1479 παρὰ
961 1444 1010 1479 τῆς

220 1490 291 1517 κατὰ
306 1490 405 1526 νόμους
425 1490 498 1522 θείας
517 1489 663 1521 πολιτείας,
681 1489 824 1524 βλαστάνει
839 1489 868 1515 ὲν
882 1489 916 1524 τῇ
935 1488 1009 1524 ψυχῇ

219 1537 234 1562 ὁ
258 1536 361 1572 ταύτην
386 1536 527 1572 συντηρῶν
551 1535 629 1570 λόγος
653 1536 703 1570 τῆς
716 1535 887 1571 διακρίσεως,
904 1534 964 1562 καθ’
981 1535 1011 1561 ὃν

220 1583 384 1618 φυλάττεται
400 1583 454 1611 ἀπὸ
469 1583 516 1610 τοῦ
533 1583 594 1610 καθ’
605 1582 743 1618 ἁμαρτίαν
758 1582 875 1609 θανάτου
885 1590 891 1596 ·
907 1581 945 1613 ὡς
961 1581 1011 1616 μὲν

1048 300 1113 328 dent
1129 308 1228 336 pinnae,
1246 300 1304 328 sive
1324 299 1453 335 praesenti
1470 304 1595 334 tempore
1622 296 1657 325 ad
1685 294 1837 323 correctio-

1048 354 1124 379 nem,
1139 347 1197 374 sive
1218 347 1312 374 futuro
1329 345 1364 373 ad
1383 346 1526 373 ultionem.

1084 391 1168 420 Vnus.
1184 392 1229 420 28.
1246 392 1299 426 Qui
1308 392 1416 427 confidit
1435 392 1462 418 in
1486 390 1584 418 divitiis
1596 389 1664 422 suis,
1680 389 1726 416 ille
1751 387 1837 415 cadet.

1049 437 1082 464 Et
1099 439 1145 473 qui
1165 438 1279 466 conlidit
1305 438 1416 473 quidem
1439 437 1465 464 in
1496 435 1615 472 propriis
1647 435 1705 463 sive
1724 434 1837 465 divitiis.

1050 481 1108 509 sive
1124 481 1311 514 successibus,
1324 485 1352 510 et
1367 488 1421 508 non
1438 481 1466 507 in
1476 479 1542 513 Deo,
1555 479 1712 515 hujusmodi
1733 477 1839 505 labetur
1861 507 1866 520 ’

1050 535 1065 554 a
1089 527 1144 554 Deo
1164 527 1323 559 derelictus.
1356 527 1414 554 sive
1435 526 1539 554 divitiis
1564 525 1755 558 ellhtentibus,
1783 524 1840 552 sive

1050 574 1113 609 quia
1125 573 1277 602 secundum
1295 574 1408 602 verbum
1424 578 1472 601 aut
1482 573 1618 601 actionem
1634 572 1748 601 errabit.

1087 665 1139 699 Qui
1155 669 1244 692 autem
1271 665 1414 700 susceperit
1438 664 1526 700 juxta,
1541 665 1583 692 hic
1596 663 1709 691 orietur.
1725 662 1776 696 Qui
1791 669 1841 690 au-

1052 715 1106 739 tem
1130 711 1283 746 impleverit
1306 711 1457 739 secundum
1486 710 1611 738 habitum
1638 714 1666 737 et
1692 708 1842 736 emcaciam

1052 756 1145 784 divina
1173 756 1303 784 mandata
1337 764 1398 791 quae
1429 763 1443 783 a
1468 756 1540 782 malo
1562 759 1702 786 avertunt.
1736 754 1770 782 ad
1794 754 1843 781 bo-

1052 810 1118 831 num
1144 806 1236 830 autem
1262 805 1440 834 convertunt,
1462 806 1490 830 et
1511 805 1608 836 utpote
1635 801 1681 836 qui
1702 799 1843 835 propriam

1053 848 1130 875 novit
1145 847 1335 875 inﬁrmitatem
1349 847 1378 875 in
1393 846 1481 875 solum
1495 846 1581 874 Deum
1602 853 1730 881 sperans,
1745 844 1844 878 hujus-

1055 893 1127 922 modi
1136 893 1182 922 tlet
1189 893 1342 922 secundum
1351 893 1482 921 virtutem
1491 891 1677 920 translucidus
1687 893 1714 920 et
1725 889 1843 926 fulgens.

1089 991 1173 1021 Vens.
1188 991 1233 1020 29.
1259 992 1312 1026 Qui
1326 1000 1381 1020 non
1391 991 1513 1028 inuigilat
1526 999 1582 1020 suae
1598 991 1689 1019 domui
1703 989 1846 1017 hwredita-

1055 1039 1092 1066 bit
1109 1043 1211 1067 ventos.
1234 1037 1267 1067 Et
1286 1039 1334 1073 qui
1358 1046 1413 1066 non
1432 1038 1558 1073 indulget
1585 1036 1737 1065 inﬁrmitati
1750 1043 1846 1064 eorum

1054 1085 1101 1120 qui
1117 1084 1146 1112 in
1161 1084 1272 1120 propria
1287 1085 1370 1112 domo
1391 1088 1466 1118 sunt,
1480 1092 1531 1112 nec
1545 1091 1605 1112 eam
1618 1083 1737 1111 sustinet
1762 1089 1848 1117 quam

1056 1135 1112 1158 tum
1130 1131 1260 1166 possibile
1268 1135 1321 1164 est,
1336 1131 1493 1160 instabilem
1509 1138 1608 1159 ecrum
1625 1129 1788 1158 sententiam
1803 1128 1847 1155 lu-

1055 1176 1189 1209 crabitur,
1205 1185 1296 1213 neque
1308 1184 1357 1206 eos
1372 1177 1407 1205 ad
1429 1177 1612 1206 obediendum
1639 1176 1691 1212 ipsi
1717 1174 1845 1203 adducet.

1093 1264 1194 1292 Serviat
1208 1269 1297 1293 autem
1313 1265 1412 1293 stultus
1424 1265 1549 1300 sapienti.
1568 1262 1735 1292 Ministrabit
1754 1265 1847 1289 autem

1057 1309 1185 1346 prudenti
1209 1311 1382 1346 imprudens,
1401 1311 1500 1339 leniter
1522 1311 1598 1338 illum
1620 1309 1742 1342 adeunti,
1759 1311 1787 1336 et
1815 1305 1849 1334 ad

1058 1363 1136 1383 suam
1150 1356 1318 1385 voluntatem
1331 1357 1490 1385 adducenti.

1094 1401 1178 1431 Vsus.
1198 1403 1244 1431 50.
1259 1403 1298 1431 De
1313 1403 1404 1440 [ructu
1420 1403 1536 1439 juctitic
1550 1403 1671 1430 nascitur
1683 1400 1763 1428 arbor
1778 1400 1849 1428 vitae.

1060 1447 1093 1476 Et
1104 1448 1138 1476 de
1147 1448 1248 1477 virtute
1262 1449 1372 1485 quidem
1388 1449 1503 1477 collecta
1520 1457 1553 1477 ex
1569 1449 1662 1477 divina
1675 1455 1736 1484 qua!
1751 1454 1851 1476 secun-

1040 1519 1043 1522 .
1060 1494 1125 1523 dum
1137 1495 1210 1531 leges
1227 1500 1270 1523 est
1281 1496 1490 1531 gubernatione.
1504 1495 1674 1530 germinatin
1689 1493 1779 1521 anima
1803 1492 1851 1527 qui

1060 1551 1121 1572 eam
1137 1548 1283 1572 conservat
1296 1551 1388 1572 sermo
1401 1543 1590 1575 discretionis,
1604 1550 1652 1578 per
1662 1549 1742 1577 quem
1757 1543 1851 1568 custo-

1061 1588 1136 1616 ditur
1156 1596 1172 1616 a
1195 1590 1300 1625 peccati
1318 1594 1419 1622 morte,
1437 1597 1472 1618 eo
1487 1588 1561 1624 quod
1573 1588 1638 1618 bino
1654 1587 1764 1623 quidem
1779 1586 1852 1614 bona

219 1629 313 1656 καλῶν
339 1629 393 1656 τῶν
419 1629 540 1665 μονίμων
558 1617 737 1664 ἀντενομένη,
753 1627 791 1660 ὡς
813 1628 842 1655 δὲ
860 1626 946 1654 κακοῦ
961 1628 1009 1663 τῆς

1063 1617 1205 1663 manentia
1227 1635 1337 1670 retinet,
1368 1635 1433 1664 inde
1456 1617 1521 1664 vero
1544 1636 1620 1665 mala,
1691 1633 1852 1669 temporalia

220 1676 284 1711 περὶ
302 1675 337 1702 τὰ
355 1675 513 1712 πρόσκαιρα
533 1675 654 1710 σχέσεως
675 1674 845 1709 ἀπεχομένη.

261 1722 465 1756 Ἀφαιροῦνται
498 1721 533 1748 δὲ
566 1721 656 1755 ἄωροι
691 1720 789 1755 ⁴ψυχαί
821 1720 1010 1755 παρανόμων.

225 1767 448 1803 ’Λφαρπάζονται
462 1767 490 1794 δὲ
504 1766 554 1802 τῆς
565 1766 734 1802 προσκαίρου
749 1765 821 1800 ζωῆς
836 1765 889 1800 πρὸ
902 1764 1012 1800 καιροῦ,

220 1812 304 1848 ψυχαὶ
318 1813 372 1840 τῶν
390 1813 428 1848 μὴ
441 1812 599 1848 τηρούντων
613 1811 663 1844 τὰς
677 1811 723 1839 τοῦ
740 1811 808 1838 Θεοῦ
822 1810 944 1844 ἐντολὰς,
959 1812 1013 1838 τῶν

221 1858 332 1895 ἡμερῶν
355 1860 405 1895 τῆς
428 1859 529 1888 κακίας
551 1859 642 1886 αὐτῶν
664 1858 880 1895 κολοὸουμένων,
894 1860 938 1887 διὰ
949 1859 1012 1891 τοὺς

220 1903 375 1935 ἐκλεκτούς.

257 1949 307 1976 λα’.
329 1950 364 1977 El
377 1950 394 1977 δ
406 1949 465 1984 μὲν
478 1949 593 1983 δίκαιος
604 1950 693 1984 μόλις
706 1949 828 1979 σώζεται
840 1970 848 1983 ,
863 1951 880 1978 ό
899 1950 1014 1984 ἀσεϐὴς

221 1996 271 2024 καὶ
283 1997 457 2031 ἁμαρτωλὸς
471 1997 531 2024 ποῦ
549 1996 704 2031 φανεῖταις
725 1996 756 2023 El
771 1996 825 2032 γὰρ
842 1997 890 2023 καὶ
905 1997 986 2029 αὐτὸς
999 1997 1015 2023 ὁ

220 2043 270 2075 τὰς
283 2043 358 2075 θείας
374 2043 467 2079 τηρῶν
480 2043 590 2074 ἐντολὰς
602 2042 647 2070 διὰ
659 2042 766 2069 πολλῶν
785 2042 901 2074 σώζεται
927 2043 1014 2078 μαθη-

223 2090 325 2125 μάτων,
339 2089 393 2116 τῶν
409 2090 460 2123 μὲν
477 2089 537 2116 καθ’
548 2089 645 2125 ἡδονὴν
661 2088 794 2116 ἑκουσίων
810 2089 903 2116 παθῶν
918 2090 1016 2124 ἐγκρα-

221 2135 380 2171 τευόμενος,
394 2135 458 2166 τοὺς
474 2135 502 2161 δὲ
522 2135 582 2162 κατ’
595 2133 694 2168 ὀδύνην
710 2134 882 2171 πειρασμοὺς
906 2133 1017 2170 εὐχαρί-

222 2189 294 2212 στως
314 2180 477 2215 ὑπομένων·
496 2189 505 2205 ι
519 2180 559 2206 ὅτι
580 2179 677 2215 βιαστή
693 2180 767 2206 ἐστιν
786 2180 803 2215 ἠ
826 2179 949 2215 βασιλεία
961 2179 1016 2207 τῶν

221 2226 355 2262 οὐρανῶν,
369 2227 416 2253 καὶ
429 2225 541 2261 βιασταὶ
552 2226 722 2261 ἁρπάζουσιν
745 2226 845 2262 αὐτήν·
862 2235 872 2252 ι
888 2226 902 2252 ὀ
920 2226 957 2261 μὴ
977 2225 1017 2253 δι’

222 2271 310 2306 ἔργων
324 2271 498 2306 δικαιοσύνης
509 2270 598 2306 τιμῶν
607 2271 653 2297 τὸν
665 2270 742 2302 θεὸν,
756 2271 803 2297 καὶ
817 2271 1016 2306 ἀποτυγχάνων

221 2316 317 2343 τούτου
332 2316 403 2343 κατὰ
416 2316 547 2348 διάθεσιν,
563 2316 580 2351 ἢ
595 2315 721 2350 οὐδαμῶς
732 2316 920 2352 εὑρεθήσεται,
932 2325 1017 2344 κατα⁸

224 2362 329 2398 κριθεὶς
342 2363 393 2399 τὴν
406 2362 458 2389 ἀπὸ
471 2362 518 2390 τοῦ
530 2362 600 2389 Θεοῦ
611 2361 659 2389 τοῦ
672 2362 810 2398 πανταχοῦ
825 2363 959 2399 παρόντος
970 2363 1017 2390 καὶ

223 2409 257 2434 τὰ
269 2408 358 2435 πάντα
371 2408 548 2444 πληροῦντας,
562 2407 699 2434 ἔκπτωσιν
709 2415 715 2423 ·
731 2407 769 2440 ὡς
793 2408 926 2444 μηδαμῶς
947 2409 1018 2436 κατά

223 2453 254 2480 τὺ
268 2451 298 2480 εὖ
320 2451 390 2481 εἶναι
405 2453 549 2480 ἀπολαύων
562 2453 656 2486 αὑτοῦ,
675 2453 746 2488 ἦπου
769 2453 799 2480 ὲν
818 2454 891 2490 μόνῳ
908 2454 1018 2486 πάντως

223 2499 262 2534 τῷ
275 2496 345 2527 εἶναι
355 2507 362 2514 ·
384 2498 422 2531 ὡς
444 2501 517 2526 κατὰ
532 2497 615 2528 τοῦτο,
629 2498 710 2534 μόνον
726 2498 849 2534 μετέχων
864 2498 958 2530 αὐτοῦ,
973 2499 1018 2526 διὰ

223 2546 254 2571 τὸ
268 2545 486 2578 ἀνταλλάξασθαι
499 2545 570 2573 κατὰ
582 2545 706 2581 γνώμην,
720 2544 768 2571 τοῦ
783 2542 814 2572 εὖ
830 2542 900 2571 εἶναι
915 2544 968 2576 ἀεὶ,
986 2545 1016 2571 τὸ

224 2591 275 2624 φεῦ
295 2589 365 2618 εἶναι
384 2591 438 2625 ἀεί.

519 2660 649 2702 ΚΕΦΑΑ.
670 2672 720 2699 ιιι·⁸

259 2733 293 2757 α’.
313 2730 345 2756 ὀ
361 2728 487 2764 ἀγαπῶν
500 2728 648 2762 παιδείαν,
663 2727 765 2764 ἀγαπᾷ
785 2728 942 2762 αἴσθησιν.
963 2729 1018 2756 Καὶ

225 2777 278 2813 γὰρ
295 2777 310 2804 ό
325 2776 396 2812 ὲρῶν
411 2776 462 2811 τῆς
484 2775 553 2811 πρὸς
577 2775 715 2811 σωτηρίαν
735 2774 768 2801 δι’
781 2775 947 2810 ἐγκρατείας
970 2775 1019 2802 καὶ

225 2823 364 2858 ὑπομονῆς
378 2817 508 2850 ἐπιπόνου
521 2823 555 2858 τῇ
570 2821 643 2859 ψυχῇ
657 2821 780 2857 ἀγωγῆς,
791 2821 842 2857 ὲρᾷ
856 2820 1019 2858 διακρίσεως

263 2911 270 2927 ¹
289 2911 383 2939 Matth.
401 2921 439 2941 ut.
460 2912 499 2939 l2.

1062 1681 1244 1716 dispositione
1259 1689 1290 1710 se
1304 1681 1440 1710 continet.

1092 1725 1266 1761 vAuferuntur
1292 1731 1381 1753 autem
1411 1726 1602 1759 intempestiue
1627 1725 1724 1753 animm
1749 1725 1854 1760 iniquo-

1063 1778 1134 1798 rum.
1151 1770 1336 1806 Abripiuntur
1363 1777 1379 1798 a
1401 1771 1546 1806 temporali
1566 1771 1621 1797 vita
1647 1774 1711 1798 ante
1736 1775 1853 1805 tempus,

1063 1817 1164 1845 anima!
1178 1825 1275 1845 eorum
1289 1817 1336 1853 qui
1350 1825 1405 1845 non
1421 1821 1534 1845 servant
1549 1817 1597 1845 Dei
1609 1817 1748 1848 mandata,
1758 1816 1855 1846 diebus

1065 1864 1175 1891 malitiae
1191 1871 1286 1892 eorum
1305 1863 1484 1897 abbreviatis,
1499 1868 1612 1900 propter
1627 1864 1743 1891 electost

1101 1950 1184 1979 Vsus.
1199 1951 1244 1979 5i.
1261 1950 1291 1978 Si
1298 1951 1390 1986 justus
1403 1951 1508 1987 quidem
1524 1951 1710 1984 rixrsalvatur,
1724 1950 1821 1984 impius
1831 1954 1858 1977 et

1064 2002 1187 2031 peccator
1217 1997 1262 2025 ubi
1277 1997 1432 2030 parebunt?
1449 1997 1478 2025 Si
1493 1998 1566 2026 enim
1582 2003 1609 2025 et
1625 1997 1683 2034 ipse
1700 1997 1746 2032 qui
1763 1997 1855 2023 divina

1066 2047 1159 2071 servat
1174 2044 1316 2076 mandata,
1345 2051 1394 2079 per
1415 2044 1516 2072 multas
1538 2043 1661 2070 salvator
1683 2042 1856 2076 disciplinas.

1064 2089 1248 2124 jucundarum
1261 2089 1413 2124 voluptatis
1430 2088 1592 2125 passionum
1612 2096 1727 2124 compos
1755 2088 1859 2121 factus,

1066 2135 1170 2164 doloris
1201 2143 1267 2164 vero
1285 2135 1478 2171 probationum
1506 2135 1626 2163 libenter
1650 2135 1766 2170 patiens,
1791 2134 1856 2170 quia

1070 2190 1080 2208 ι
1102 2189 1217 2217 regnum
1239 2182 1372 2210 caelorum
1402 2183 1456 2210 vim
1485 2182 1599 2218 patitor,
1621 2185 1649 2210 et
1675 2181 1787 2209 violenti
1810 2188 1856 2208 ra-

1067 2227 1147 2263 piunt
1164 2227 1230 2255 illud
1242 2227 1271 2261 ¹;
1296 2237 1305 2254 ι
1336 2228 1384 2263 qui
1394 2236 1449 2256 non
1469 2235 1518 2264 per
1538 2235 1624 2263 opera
1638 2227 1754 2263 iustitia:
1772 2226 1858 2254 Deum

1031 2288 1054 2316 Β
1069 2273 1196 2306 honorat,
1212 2278 1240 2301 et
1258 2281 1292 2302 eo
1309 2273 1464 2302 voluntarie
1481 2274 1615 2309 privatur,
1634 2277 1681 2300 aut
1691 2272 1767 2300 nullo
1777 2271 1859 2301 modo

1069 2319 1235 2352 invenietur,
1260 2327 1323 2348 cum
1354 2320 1502 2347 damnatus
1531 2319 1568 2347 sit
1585 2319 1618 2346 ad
1635 2319 1820 2347 exclusionem
1843 2326 1872 2345 a,

1071 2366 1126 2393 Deo
1140 2365 1187 2401 qui
1200 2365 1300 2401 ubique
1310 2365 1388 2394 adest
1410 2369 1438 2393 et
1459 2365 1550 2393 omnia
1569 2364 1674 2400 implet,
1687 2364 1725 2392 ita
1743 2368 1772 2391 ut
1782 2363 1859 2391 nullo

1069 2412 1153 2440 modo
1169 2411 1204 2439 ad
1217 2411 1416 2440 beatitudinem
1426 2419 1504 2439 suam
1521 2419 1554 2439 eo
1568 2410 1696 2443 fruatur;
1712 2414 1760 2437 aut
1775 2417 1860 2437 unum

1069 2459 1184 2486 omnino
1200 2465 1262 2486 esse
1278 2458 1444 2490 invenietur,
1463 2458 1501 2485 ita
1519 2461 1550 2484 ut
1564 2457 1591 2484 in
1607 2457 1660 2484 hoc
1674 2459 1780 2483 tantum
1794 2462 1858 2490 par,-

1070 2505 1155 2540 ticeps
1167 2505 1204 2533 sit
1219 2505 1279 2540 ejus
1300 2504 1380 2539 (Dei),
1392 2512 1425 2532 eo
1439 2504 1513 2540 quod
1523 2509 1622 2539 sponte
1635 2501 1858 2533 commutaveritI

1070 2558 1120 2586 pro
1134 2550 1201 2578 bene
1212 2558 1273 2578 esse
1286 2557 1406 2588 semper,
1425 2549 1495 2577 male
1509 2556 1618 2584 semper
1629 2556 1700 2577 esse.

1391 2672 1467 2700 CAP.
1486 2672 1543 2701 ιιιι.

1107 2730 1191 2762 Vnus.
1207 2729 1233 2758 l.
1249 2730 1302 2764 Qui
1329 2730 1418 2766 diligit
1438 2730 1620 2766 disciplinam,
1635 2729 1722 2764 diligit
1744 2737 1860 2757 sensum.

1072 2773 1179 2802 Etenim
1193 2774 1240 2810 qui
1271 2778 1344 2802 amat
1359 2775 1393 2802 ad
1414 2774 1530 2802 salutem
1557 2782 1606 2810 per
1633 2774 1809 2802 sobrietatem
1833 2778 1862 2802 et

1073 2820 1234 2860 patientiam
1253 2820 1350 2852 animm
1371 2820 1493 2850 difﬁciles
1518 2819 1616 2852 adduci
1641 2823 1726 2855 autat,
1754 2819 1869 2849 δίδοτε-ν
