2079 3161
267 161 334 194 1335

918 162 1074 192 PROCOPI
1079 162 1092 191 Ι
1112 162 1234 192 ῦΑΖιΕῐ

1829 165 1895 198 1336

265 223 365 248 tionem
390 229 451 256 qua
467 229 528 249 vere
549 222 651 249 bonum
673 229 687 247 ιι
714 221 786 247 malo
799 220 874 255 juste
896 220 1047 254 dijudieat:

1105 220 1153 254 τῆς
1168 220 1198 247 τὺ
1211 220 1296 252 ὅντως
1309 221 1411 255 ἀγαθὸν
1427 221 1473 248 καὶ
1493 222 1524 248 τὺ
1542 223 1626 249 κακὸν
1642 224 1808 256 πενταδικῶς
1824 226 1895 252 διαι-

265 275 347 294 unum
365 267 474 302 quidem
491 267 563 301 quod
575 275 630 295 non
648 266 816 300 dominatur,
845 267 961 293 alterum
979 265 1053 300 quod

233 331 236 333 ›
265 312 319 339 late
334 317 444 347 regnat;
475 319 559 339 unum
579 313 651 346 quod
678 312 741 339 licet
770 311 906 345 cogitare,
936 311 1052 338 alterunt

265 359 339 392 quod
356 359 478 393 cogitare
499 366 555 385 non
578 357 658 391 licet;
687 364 772 384 unum
793 357 865 392 quod
886 357 949 384 licet
964 356 1052 391 loqui,

266 405 381 432 alterunt
409 405 481 440 quod
497 411 552 432 non
574 404 638 431 licet
667 403 756 438 loqui:
786 411 870 430 unntn
890 402 961 437 quod
992 402 1055 429 licet

265 451 479 486 agere,alterum
494 450 566 486 quod
579 458 658 485 agerc
669 457 724 477 non
736 449 814 482 licet;
828 457 911 476 unum
926 448 1054 483 denique,

266 498 337 533 quod
348 497 548 531 incorruptum,
556 496 670 523 alterunt
679 495 750 530 quod
758 499 916 530 corruptum
925 500 964 522 est
974 503 982 527 ;
991 494 1055 529 quia

267 552 299 572 ea
314 543 422 578 quidem
440 549 500 576 qua:
515 550 549 569 ex
569 541 701 569 instinctu
718 546 759 568 est
774 541 838 568 boni
854 541 972 575 malique
996 540 1055 568 dis-

267 589 364 621 cretio,
378 596 451 615 curre
467 592 496 615 et
512 588 615 615 laboris
630 588 708 621 plena
720 592 772 619 est,
785 591 878 622 utpote
906 587 1006 619 libera;
1023 593 1054 613 ea

267 643 332 662 vero
357 642 417 669 qua:
443 633 570 669 sequitur
596 640 708 660 sensmu
738 632 798 667 ejus
815 632 887 667 quod
915 632 1055 666 experitur

268 680 543 716 (experimentalem),
556 678 709 713 corporalis
737 678 843 705 scilicet
867 676 1013 711 voluptatis
1028 679 1055 703 et

268 726 383 756 doloris,
398 726 525 752 facillima
541 728 582 751 est
597 730 622 751 et
636 731 714 758 pmna
726 728 811 754 caret,
825 728 919 758 utpote
931 722 1054 757 physica.

303 770 356 802 Qui
371 774 459 796 autem
475 769 528 795 odit
544 768 748 802 increpationes,
762 767 897 802 insipiens.
918 766 969 799 Qui
986 765 1055 800 fugit

269 813 506 840 manifestationcs
526 819 638 838 suorum
654 816 839 846 peccatorum,
855 816 944 838 mente
956 818 1055 837 vacua-

268 864 324 890 tur,
350 866 413 885 cum
436 858 505 885 nolit
532 865 651 892 unquam
680 857 713 884 ad
739 857 904 892 agnitionem
929 856 1054 883 veritatis

267 905 369 933 venire.

307 951 390 980 Vsus.
403 952 430 980 2.
447 951 542 980 Melior
557 953 602 988 qui
621 951 717 979 inuenit
728 951 868 986 gratiama
886 949 1006 976 Domino.
1022 948 1055 976 Et

268 997 374 1025 electus
387 998 499 1032 quidem
518 1002 561 1025 est
576 998 647 1032 apud
665 997 806 1023 Dominum
822 995 942 1022 omnium
960 994 1054 1026 Deutn,

267 1044 315 1077 qui
342 1043 481 1071 desiderio
513 1050 564 1071 suo
601 1043 636 1070 ab
663 1042 723 1076 ipso
740 1041 825 1076 gratis
847 1039 1012 1074 impetravit,
1029 1045 1055 1066 et

268 1093 443 1123 peccatorum
471 1096 583 1116 suorutn
613 1087 813 1119 remissionem,
827 1090 854 1113 et
890 1086 978 1121 ipsius
1005 1084 1053 1111 Dei

267 1134 482 1168 possessionem.

308 1177 353 1205 Vir
373 1184 459 1205 autem
474 1178 579 1214 iniquus
595 1178 734 1204 tacebitur.
749 1176 800 1210 Qui
816 1179 1054 1204 veroconsecutus

266 1228 309 1250 est
325 1223 481 1251 facultatem
511 1225 607 1258 agendi
623 1231 684 1258 qum
698 1228 773 1250 recta
789 1226 865 1254 sunt,
884 1230 971 1257 eaque
986 1229 1054 1249 usus

268 1272 309 1295 est
325 1276 373 1303 per
384 1269 538 1297 libertatem
556 1274 652 1296 contra
669 1273 786 1301 rectum,
805 1276 859 1295 non
879 1268 906 1295 in
924 1268 1053 1294 omnibus

269 1314 314 1341 Dei
329 1314 414 1342 verbo
438 1315 567 1350 indignus
589 1315 749 1348 habebitur;
771 1314 818 1341 sed
847 1314 897 1341 hoc
915 1313 1008 1344 verbo,
1024 1316 1053 1339 ut

268 1366 375 1392 Semper
386 1359 470 1392 vivat,
487 1359 514 1386 in
532 1359 733 1386 resurrectione
759 1358 858 1393 dignus
883 1357 1054 1392 reputabitur

269 1408 381 1443 propter
407 1404 455 1432 Dei
482 1405 631 1432 bonitatem
656 1412 721 1439 erga
753 1411 865 1437 omnes;
887 1403 959 1439 quod
987 1411 1053 1430 vero

267 1458 374 1485 semper
388 1450 465 1478 beate
477 1451 559 1484 vivat,
574 1450 619 1478 Dei
638 1451 721 1478 verbo
736 1450 1052 1485 indignusjudicabitut‘,

268 1501 379 1531 propter
396 1497 491 1532 [ipsius
516 1497 613 1532 judicii
641 1505 775 1530 errorem,
796 1501 823 1524 et
840 1496 886 1524 Dei
903 1495 1051 1532 justitiam.

304 1586 387 1614 Vtms.
400 1586 427 1614 '5.
446 1585 507 1614 Non
521 1587 717 1622 prosperabitur
730 1587 805 1614 homo
826 1595 858 1614 ea:
873 1586 972 1620 iniquo.
989 1585 1054 1613 Ete-

271 1633 327 1662 nim
356 1632 459 1660 nullum
479 1633 579 1660 bonum
608 1634 711 1661 exitum
738 1633 848 1660 habebit
864 1633 946 1660 hotno
964 1641 996 1660 ex
1012 1633 1055 1659 in-

269 1682 376 1705 sensata
393 1679 544 1712 electione;
561 1680 634 1707 omni
655 1679 749 1707 studio
770 1679 830 1714 ejus
848 1679 880 1706 ad
897 1679 1054 1714 corruptio-

270 1731 329 1751 nem
342 1723 499 1753 festinante.

304 1770 415 1797 Radices
429 1776 516 1798 autem
533 1771 667 1804 iustorum‘
681 1779 733 1799 non
756 1771 920 1806 auferentur.
936 1770 1051 1798 Stabiles

270 1815 305 1844 ad
323 1816 425 1843 bonum
449 1817 560 1844 habitus
579 1825 673 1844 eorum
702 1817 750 1852 qui
780 1817 1056 1851 irreprehensibiliter

270 1869 330 1889 sese
356 1867 466 1897 regunt,
486 1863 514 1890 in
540 1863 635 1891 eodem
667 1867 740 1891 statu
761 1867 884 1896 manent,
900 1870 948 1890 nec
963 1862 1054 1889 divelli

270 1910 385 1939 possunt
412 1907 438 1933 in
467 1908 675 1942 sempiternum,
702 1908 886 1937 immutabiles
902 1909 975 1936 enim
991 1911 1056 1937 sunt

269 1952 320 1980 viri
336 1951 375 1979 illi
391 1952 417 1979 in
433 1952 659 1987 dispositionibus
669 1955 737 1983 suis.

307 2007 388 2036 Vsus.
411 2008 431 2036 ί.
449 2009 546 2037 Mulier
558 2010 645 2045 fortis,
658 2019 753 2038 corona
769 2011 824 2038 viro
837 2020 893 2038 suo.
910 2011 942 2038 Et
957 2019 1056 2040 sensus

270 2054 316 2088 qui
333 2055 454 2081 lahorem
471 2056 620 2089 sustinent,
637 2057 752 2091 gloriam
769 2064 861 2084 veram
891 2057 974 2084 menti
992 2057 1056 2084 all'e-

271 2105 345 2133 runt,
364 2108 424 2136 quae
439 2101 480 2129 eis
496 2102 582 2129 utitur
600 2107 628 2130 ut
646 2103 761 2130 rationis
778 2102 881 2130 auxilio
896 2103 930 2130 ad
951 2103 1038 2130 ittfalli

271 2147 352 2175 bilem
365 2156 456 2176 rerum
471 2150 697 2184 speculationem.

303 2247 377 2275 Sicut
389 2253 476 2276 autem
490 2249 518 2276 in
532 2249 602 2284 ligna
614 2251 718 2283 vermis,
750 2251 788 2277 sic
815 2251 899 2277 uirum
923 2250 1052 2284 dispertiit

269 2294 365 2320 mulier
380 2291 511 2328 male/ica'.
537 2293 614 2323 Sicut
645 2295 747 2322 vermis
778 2296 881 2330 lignum
908 2295 1054 2330 dispertiit,

269 2339 442 2367 corrodendo
455 2340 534 2373 illud,
546 2341 583 2367 ita
603 2345 718 2368 mentem
734 2341 869 2375 dissipant
885 2348 984 2368 sensus
1008 2341 1054 2375 qui

270 2391 330 2411 sese.
340 2385 461 2411 volutant
479 2386 504 2412 in
521 2385 667 2413 libidinum
692 2386 845 2420 putredine,
862 2390 889 2413 et
915 2385 1056 2413 deducunt

270 2437 330 2456 eam
355 2438 370 2457 a
395 2439 458 2458 vera
475 2431 526 2458 ﬁde
545 2432 579 2459 de
596 2431 649 2459 Deo
665 2432 786 2459 omnium
802 2439 886 2460 causa
901 2436 929 2459 et
948 2432 981 2459 de
995 2432 1056 2466 ejus

269 2475 408 2510 operibus.

307 2573 390 2601 VERS.
407 2575 432 2601 5.
447 2574 627 2610 Cogitationes
649 2577 794 2610 justorum,
812 2577 930 2612 judicia.
945 2577 1056 2612 Cogita-

273 2623 362 2649 tiones
386 2631 481 2650 corum
513 2625 559 2658 qui
586 2633 675 2658 neque
696 2625 728 2651 ad
750 2624 914 2651 oblivionem
934 2624 1054 2657 virtutis,

273 2674 361 2701 neque
383 2668 417 2694 ad
445 2669 526 2703 hujus
555 2670 792 2704 exaggerationem
819 2669 962 2701 inclinant,
989 2669 1056 2696 nihil

272 2713 346 2740 aliud
362 2719 426 2747 sunt
441 2715 492 2742 nisi
509 2717 566 2743 veri
581 2717 689 2750 quidem
702 2717 765 2744 boni
787 2716 895 2750 electio,
913 2715 976 2751 fuga
992 2724 1056 2743 vero

271 2759 345 2786 ntali.

306 2815 456 2844 ﬁnitarum”
483 2823 569 2844 nnlcnt
596 2818 670 2851 impii
683 2818 765 2845 dolos.
777 2819 829 2851 Qui
847 2819 988 2846 veritatem
1001 2827 1054 2846 uolt

271 2862 365 2891 mlunt
380 2863 507 2890 virtutem
524 2863 695 2898 simulantes,
726 2864 787 2891 boni
813 2865 930 2899 malique
955 2867 1055 2900 permi-

1107 267 1207 301 ρούσης
1217 274 1223 281 ·
1241 266 1272 292 τὸ
1289 267 1349 302 μὲν,
1371 267 1408 299 ὼς
1426 267 1463 302 μὴ
1476 268 1613 303 ἠργμένον
1623 276 1629 282 ·
1642 269 1673 296 τὸ
1687 270 1725 302 δὲ,
1738 270 1776 302 ὡς
1787 271 1895 306 ἠργμέ-

1104 319 1149 337 νον
1159 319 1167 325 ’
1185 311 1233 337 καὶ
1251 312 1282 337 τὸ
1299 311 1358 346 μὲν,
1374 312 1412 344 ώς
1429 313 1601 348 ἐνδεχόμενον
1616 315 1735 342 νοεῖσθαι
1747 324 1754 331 ·
1765 316 1796 342 τὸ
1805 316 1846 348 δὲ,
1858 317 1895 348 ὡς

1107 357 1144 391 μὴ
1162 356 1336 391 ἐνδεχόμενον
1353 358 1488 384 νοεῖσθαι·
1501 359 1587 385 καὶτὸ
1600 359 1660 394 μὲν,
1671 360 1709 391 ὡς
1721 361 1894 396 ἐνδεχόμενοι

1104 399 1264 428 λαλεῖσθαι·
1282 401 1313 428 τὸ
1329 401 1367 435 δὲ,
1380 402 1417 433 ὡς
1432 403 1469 437 μὴ
1485 403 1660 439 ἐνδεχόμενον
1672 404 1815 431 λαλεῖσθαι
1827 414 1834 420 ·
1849 408 1897 432 καὶ

1105 446 1135 473 τὸ
1150 447 1210 482 μὲν,
1225 447 1263 479 ὡς
1285 448 1459 483 ἐνδεχόμενον
1474 449 1617 483 γίνεσθαι-
1633 451 1663 476 τὺ
1678 451 1718 483 δὲ,
1735 451 1773 483 ὡς
1796 451 1834 486 μὴ
1856 452 1898 477 ἑν-

1105 492 1250 528 δεχὸμενον
1267 493 1404 527 γίνεσθαιο
1421 495 1469 521 καὶ
1483 495 1514 521 τὸ
1526 495 1584 530 μὲν,
1598 496 1636 527 ὡς
1650 496 1801 532 ἄφθαρτον,
1815 497 1846 522 τὸ
1857 497 1896 527 δὲ,

1106 537 1143 569 ὡς
1161 538 1279 574 φθαρτόν
1291 548 1297 556 ι
1319 540 1414 576 ὅτιπερ
1434 541 1450 575 ἠ
1477 540 1527 576 μὲν
1549 542 1619 568 κατά
1639 542 1736 576 ἄλογον
1752 543 1801 569 τοῦ
1821 543 1898 574 ὄντος

1106 583 1211 617 ἀγαθοῦ
1228 585 1275 611 καὶ
1294 585 1342 611 τοῦ
1357 585 1443 612 κακοῦ
1463 586 1608 621 διάκρισις,
1630 587 1821 622 ἐμμελεστάτη
1839 587 1899 613 ἐστὶ

1107 629 1154 654 καὶ
1168 629 1307 664 ἐπίπονος,
1325 629 1362 662 ὡς
1386 633 1583 666 προαιρετική·
1600 632 1616 667 ἡ
1638 633 1667 658 δὲ
1690 633 1749 659 κατ’
1768 633 1898 667 αἴσθησιν

1106 673 1153 700 τοῦ
1170 674 1322 707 δοκοῦντος,
1337 676 1420 710 ἤγουν
1437 676 1486 711 τῆς
1503 678 1661 712 σωματικῆς
1674 678 1771 713 ἡδονῆς
1788 678 1897 712 καὶτῆς

1106 717 1213 752 ὀδύνης,
1235 721 1432 755 προχειροτάτη
1453 721 1500 747 καὶ
1518 721 1628 753 ἄπονος,
1649 722 1686 753 ὡς
1707 723 1822 757 φυσική.

1147 766 1176 792 '0
1193 766 1228 793 δὲ
1237 765 1335 800 μισῶν
1350 766 1506 800 ἐλέγχους,
1519 766 1630 802 ἄφρων.
1649 769 1677 795 '0
1687 768 1716 794 δὲ
1728 770 1898 804 ἀποστρεφᾶ-

1108 820 1188 848 μενος
1202 811 1250 842 τὰς
1267 810 1435 846 φανερώσεις
1446 812 1500 838 τῶν
1516 812 1597 839 αὑτοῦ
1616 814 1767 848 ἁμαρτιῶν,
1781 815 1898 851 ἐστέρη-

1107 866 1151 884 ται
1166 857 1289 893 φρενῶν·
1304 855 1347 883 οἷα
1371 857 1409 892 μὴ
1431 857 1515 885 Θέλων
1528 858 1593 884 ποτὲ
1608 860 1647 891 εἰς
1661 860 1812 894 ἐπίγνωσιν
1828 862 1896 897 ἀλη-

1069 889 1092 918 Β
1107 889 1297 935 θείαςπὲλθεῖν.

1141 949 1174 984 β’.
1194 950 1350 984 Κρείσσων
1367 950 1383 976 ό
1398 949 1494 984 εὑρὼν
1508 949 1597 984 χάριν
1612 951 1692 985 παρὰ
1710 953 1820 986 Κυρίῳ.
1841 953 1894 980 Καὶ

1104 994 1297 1029 ἐκλελεγμένος
1315 995 1366 1029 μέν
1383 995 1440 1020 ἐστι
1457 995 1531 1027 παρὰ
1553 994 1592 1029 τῷ
1609 996 1732 1032 Δεσπότῃ
1756 997 1813 1023 τῶν
1829 997 1896 1024 ὅλων

1104 1039 1174 1075 Θεῷ,
1198 1041 1211 1066 ὁ
1233 1039 1272 1075 τῷ
1292 1039 1389 1066 ἑαυτοῦ
1406 1039 1480 1075 πόθῳ
1495 1040 1630 1075 ἐπιτυχὼν
1644 1042 1708 1077 παρ’
1723 1042 1810 1069 αὐτοῦ
1827 1046 1897 1070 κατὰ

1104 1085 1219 1120 δωρεὰν,
1237 1086 1285 1120 τῆς
1296 1093 1326 1111 τε
1341 1085 1394 1111 τῶν
1407 1086 1515 1112 οἰκείων
1535 1086 1743 1122 ἁμαρτημάτων
1757 1088 1895 1124 ἀφέσεως,

1103 1132 1152 1158 καὶ
1170 1131 1220 1166 τῆς
1239 1131 1322 1157 αὐτοῦ
1340 1131 1529 1163 ἀπολαύσεως.

1149 1177 1234 1210 Ἀνὴρ
1261 1177 1295 1203 δὲ
1308 1176 1479 1212 παράνομος
1499 1179 1815 1213 παρασιωπηθήσεται.
1826 1180 1854 1206 '0
1869 1180 1896 1207 δὲ

1103 1223 1154 1259 τὴν
1170 1223 1316 1259 ποιητικὴν
1335 1224 1385 1258 μὲν
1402 1223 1457 1250 τῶν
1479 1223 1654 1259 καθηκόντων
1670 1226 1842 1260 κεκτημένος
1851 1226 1896 1252 δύ-

1104 1277 1196 1304 ναμιν,
1207 1268 1348 1304 χρώμενος
1363 1269 1385 1295 δ’
1397 1269 1465 1304 αὐτῇ
1481 1269 1556 1304 παρά
1569 1269 1599 1295 τὸ
1611 1269 1731 1304 καθῆκον
1746 1272 1819 1297 κατα
1832 1281 1895 1307 πρη-

1104 1315 1220 1350 αίρεσιν,
1236 1315 1267 1340 οὑ
1282 1314 1352 1341 κατὰ
1369 1314 1459 1341 πάντα
1474 1314 1520 1340 τοῦ
1537 1314 1613 1349 παρὰ
1627 1314 1688 1350 Θεῷ
1703 1316 1895 1351 ἀπαξιωθήσε-

1104 1369 1149 1387 ται
1162 1360 1242 1394 λόγου
1253 1367 1259 1374 '
1273 1359 1342 1387 ἀλλὰ
1357 1359 1429 1386 κατὰ
1442 1360 1491 1394 μὲν
1503 1360 1535 1386 τὸ
1550 1359 1593 1386 αεὶ
1608 1357 1688 1393 εἶναι,
1705 1361 1845 1388 τούτου¹ὲν
1862 1363 1893 1397 τῇ

1104 1407 1252 1433 ἀναστάσει
1276 1406 1478 1441 ἀξιωθήσεται,
1496 1405 1540 1432 διὰ
1560 1405 1609 1437 τὴν
1636 1406 1701 1440 περὶ
1719 1407 1827 1439 πάντας
1848 1407 1893 1433 τοῦ

1104 1452 1171 1478 Θεοῦ
1183 1452 1353 1486 ἀγαθότητα·
1369 1453 1441 1478 κατὰ
1457 1453 1484 1479 δὲ
1501 1453 1533 1479 τὸ
1543 1451 1572 1479 εὖ
1584 1451 1654 1479 εἶναι
1671 1453 1723 1483 ἀεὶ.
1738 1453 1894 1487 ἀπαξιωθή-

1105 1507 1180 1525 σεται
1194 1498 1288 1530 αὑτοῦ,
1305 1498 1349 1525 διά
1364 1507 1392 1524 τε
1409 1498 1440 1524 τὸ
1452 1498 1502 1533 τῆς
1517 1498 1619 1529 οἰκείας
1640 1498 1752 1534 γνώμης
1777 1498 1895 1534 παράλο-

1105 1553 1164 1579 γον,
1183 1545 1231 1570 καὶ
1248 1544 1279 1571 τὸ
1297 1544 1344 1571 τοῦ
1362 1544 1431 1570 Θεοῦ
1449 1544 1562 1571 δίκαιον.

1141 1593 1176 1624 γ’.
1198 1590 1239 1617 Οὐ
1256 1588 1435 1623 κατορθώσει
1457 1589 1612 1624 ἅνθρωπος
1635 1590 1669 1622 ἐξ
1693 1590 1822 1624 ἀνόμου.
1843 1589 1893 1616 Καὶ

1107 1635 1161 1671 γὰρ
1181 1636 1230 1670 οὐχ
1254 1635 1310 1668 ἕξει
1327 1644 1352 1661 τι
1369 1636 1486 1670 χρηστὸν
1507 1636 1681 1671 ἀποτέλεσμα
1699 1635 1846 1670 ἄνθρωπος
1865 1634 1893 1666 ἐξ

1106 1681 1204 1714 ἀλόγου
1228 1680 1424 1716 προαιρέσεως,
1440 1681 1477 1712 ὡς
1499 1681 1590 1716 πάσης
1610 1681 1684 1717 αὐτῷ
1704 1681 1755 1716 τῆς
1780 1681 1892 1715 σπουδῆς

1107 1728 1146 1759 είς
1166 1727 1269 1762 φθορὰν
1288 1727 1470 1762 τελευτώσης.

1141 1773 1175 1799 Al
1189 1772 1224 1798 δὲ
1235 1771 1311 1806 ῥίζαι
1326 1771 1385 1799 τῶν
1397 1772 1521 1800 δικαίων
1534 1773 1589 1800 οὑκ
1612 1773 1842 1806 ἐξαρθήσοντιιι.
1861 1770 1891 1798 At

1105 1818 1134 1845 δὲ
1151 1819 1243 1852 πάγιοι
1260 1819 1324 1853 περὶ
1340 1819 1370 1844 τὸ
1385 1818 1485 1852 ἀγαθὸν
1501 1818 1571 1851 ἔξεις
1584 1819 1638 1845 τῶν
1654 1819 1810 1854 ἀμέμπτως
1821 1817 1891 1844 πολι-

1105 1865 1269 1900 τευομένων,
1288 1864 1415 1900 μενοῦσιν
1430 1865 1458 1892 ὲν
1475 1864 1566 1900 ταυτῷ
1581 1865 1789 1892 ἀναπὸσπαστοι
1802 1865 1830 1896 ἐς
1841 1863 1890 1894 ἀεὶ,

1107 1911 1145 1943 ὡς
1157 1911 1344 1937 ἀναλλοιώτων
1363 1910 1435 1937 κατὰ
1453 1911 1581 1939 διάθεσιν.

1141 2007 1173 2034 δ’.
1192 2007 1278 2041 Γυνὴ
1297 2007 1420 2041 ἀνδρεία
1432 2028 1440 2040 ,
1456 2007 1605 2042 στέφανος
1621 2007 1661 2041 τῷ
1683 2007 1770 2041 ἀνδρὶ
1789 2006 1888 2040 αὐτῆς.

1107 2055 1163 2082 Καὶ
1187 2055 1203 2089 ἡ
1239 2054 1288 2089 μὲν
1315 2053 1463 2089 φερέπονος
1489 2053 1630 2088 αἴσθησις,
1669 2054 1748 2088 δόξης
1778 2053 1890 2088 ἀληθοῦς

1107 2100 1236 2136 πρόξενος
1257 2100 1362 2133 γίνεται
1379 2099 1430 2131 νοῒ,
1447 2099 1485 2134 τῷ
1501 2100 1635 2135 χρωμένῳ
1655 2100 1740 2135 ταύτῃ
1764 2100 1834 2126 κατὰ
1847 2099 1889 2125 λό-

1106 2155 1154 2181 γον
1175 2145 1265 2182 βοηθῷ
1293 2145 1363 2180 πρὸς
1393 2145 1443 2180 τὴν
1465 2145 1615 2172 ἄπταιστον
1642 2145 1759 2181 θεωρίαν
1778 2145 1831 2172 τῶν
1850 2145 1889 2171 ὕν-

1107 2201 1170 2220 των.

1145 2247 1257 2280 Ὠσπερ
1268 2246 1302 2273 δὲ
1313 2246 1348 2273 ἐν
1359 2247 1440 2280 ξύλῳ
1448 2247 1583 2279 σκώληξ,
1595 2247 1687 2279 οὕτως
1696 2247 1790 2281 ἄνδρα
1801 2246 1887 2274 ἀπόλ-

1106 2295 1178 2320 λυσι
1195 2291 1273 2326 γυνὴ
1302 2293 1475 2324 κακοποιός.
1499 2293 1633 2327 Καθάπερ
1648 2293 1676 2319 δὲ
1710 2292 1817 2327 σκώληξ
1833 2292 1888 2318 δια-

1107 2339 1212 2375 φθείρει
1224 2339 1312 2372 ξύλον,
1322 2337 1529 2374 διαϐιϐρώσκων
1540 2339 1615 2365 αὑτό·
1626 2338 1697 2364 οὕτω
1710 2338 1756 2365 τὸν
1765 2338 1826 2364 νοῦν
1835 2339 1886 2363 δια-

1107 2385 1232 2417 σκεδάζει
1245 2384 1381 2419 αἴσθησις,
1397 2385 1413 2418 ὴ
1432 2384 1606 2418 ίλυσπωμένη
1625 2385 1657 2418 τῇ
1671 2383 1752 2418 σήψει
1763 2384 1817 2410 τῶν
1827 2383 1886 2417 ἡδο-

1105 2429 1171 2461 νῶν,
1189 2429 1235 2455 καὶ
1252 2428 1440 2455 ἀποπλανῶσα
1457 2429 1551 2454 τοῦτον
1563 2429 1611 2462 τῆς
1623 2428 1687 2463 περί
1705 2437 1734 2455 τε
1758 2428 1824 2454 Θεοῦ
1841 2426 1884 2453 τοῦ

1107 2475 1216 2502 πάντων
1230 2474 1331 2506 αἰτίου,
1349 2475 1395 2500 καὶ
1416 2473 1470 2499 τῶν
1494 2474 1539 2500 ὑπ’
1563 2474 1646 2501 αὑτοῦ
1661 2474 1814 2510 γενομένων
1830 2481 1883 2499 κτι-

1107 2521 1217 2556 σμάτων
1229 2519 1345 2555 ἀληθοῦς
1359 2519 1449 2554 δόξης.

1140 2580 1173 2603 ε’.
1187 2575 1330 2611 Λογισμοὶ
1343 2575 1477 2608 δικαίων,
1500 2576 1633 2610 κρίματα.
1650 2576 1705 2602 Καὶ
1719 2576 1744 2602 οί
1769 2576 1816 2610 μὲν
1830 2574 1885 2601 δια-

1106 2623 1231 2657 λογισμοὶ
1248 2621 1303 2648 τῶν
1333 2622 1402 2657 μήτε
1419 2623 1459 2654 εἰς
1473 2622 1508 2648 τὰ
1521 2623 1582 2648 κατ’
1597 2621 1716 2656 ἔλλειψιν
1731 2621 1779 2656 τῆς
1790 2620 1883 2655 ἀρετῆς

1108 2669 1193 2703 πάθη,
1211 2668 1273 2702 μήτ’
1289 2668 1330 2699 εἰς
1342 2668 1376 2694 τὰ
1387 2668 1449 2694 καθ’
1464 2667 1618 2702 ὑπερϐολὴν
1645 2666 1882 2702 παρεκκλινόντων,

1106 2716 1181 2742 οὐδὲν
1195 2716 1257 2743 ἄλλο
1275 2716 1343 2742 εἰσὶν
1357 2716 1372 2750 ἢ
1392 2715 1438 2741 τοῦ
1462 2715 1511 2750 μὲν
1533 2715 1640 2751 ἀληθῶς
1656 2714 1758 2749 ἀγαθοῦ
1774 2714 1882 2749 αἰρεσις,

1107 2762 1153 2788 τοῦ
1166 2761 1188 2788 δ’
1198 2761 1328 2792 ὡσαύτως
1346 2760 1429 2787 κακοῦ
1446 2761 1585 2796 ἀποφυγή.

1142 2817 1312 2851 Κυϐερνῶσί
1323 2817 1357 2843 δὲ
1368 2817 1495 2849 ἀσεϐεῖς,
1509 2817 1630 2850 δόλους,
1653 2817 1805 2850 Διεξάγουσι
1821 2812 1846 2839 δὲ
1860 2813 1880 2838 oi

1108 2864 1156 2899 τὴν
1173 2863 1301 2899 ἀλήθειαν
1328 2863 1364 2899 μὴ
1381 2862 1513 2897 τιμῶντες
1534 2863 1592 2889 καθ’
1611 2862 1751 2897 ὑπόκρισιν
1777 2859 1879 2895 ἀρετῆς.
