2079 3161
150 164 219 217 tari

671 189 940 221 COMMENTARII
967 191 1008 222 IN
1024 191 1251 222 PROVERBIA.

1719 195 1786 230 1338

143 242 247 276 ἀγαθοῦ
263 243 310 270 καὶ
326 244 412 270 κακοῦ
428 244 599 280 παραμιξίας
612 254 618 261 ·
636 245 681 272 διὰ
700 246 731 273 τὸ
746 246 901 282 ἀνθρώποις
913 249 941 274 ὲν

995 247 1114 275 stionem
1132 247 1250 279 faciunt,
1265 247 1327 282 quia
1343 247 1502 277 hominibus
1519 249 1546 277 in
1567 251 1720 284 mendacio,
1732 260 1785 280 non

144 289 249 324 ἀπάτῃ,
264 289 311 316 καὶ
323 289 354 316 οὐ
381 290 442 326 Θεῷ
471 292 500 317 ὲν
526 291 651 327 ἀληθείᾳ,
684 293 847 325 σπουδάζειν
875 294 941 329 ἀρέ-

145 343 233 362 σκειν.

179 380 217 413 ς’.
233 381 322 416 Λόγοι
342 381 472 411 ἀσεϐῶν.
493 382 577 410 δόλοι
601 385 646 416 εὶς
668 381 750 418 allia.
768 385 822 411 Καὶ
837 385 891 420 γὰρ
906 385 941 412 τὰ.

146 425 278 453 δοκοῦντα
293 427 350 459 τοῖς
362 427 550 462 ἀκροωμένοις
565 429 677 456 εὐνοῖκὰ
696 431 807 464 ῥήματα
821 430 876 456 τῶν
891 431 940 465 τὴν

146 472 278 506 ἀλήθειαν
309 473 346 508 μὴ
370 473 525 507 τιμώντων.
553 475 716 502 πλάττονται
742 477 818 512 παρὰ
836 477 940 504 τούτων

147 518 215 553 πρὸς
233 519 313 552 φόνον
328 519 381 546 τῶν
393 520 565 555 παράὐτῶν,
575 521 592 556 ἢ
609 521 810 556 φθονουμένων,
827 523 941 558 ἢᾶλλως

147 572 206 595 πως
222 566 405 600 μισουμένων,
418 566 464 592 καὶ
476 566 519 593 διὰ
529 567 609 593 τοῦτο
620 568 841 603 διαϐαλλομένων
850 577 856 583 “
869 569 940 596 ὥστε

147 608 221 643 ἔχειν
233 610 424 645 συλλήπτορας
439 612 486 639 τοῦ
500 613 620 640 τοιούτου
635 614 743 641 ἀνοσίου
757 615 940 651 ἐπιχειρήμα-

147 663 203 686 τος,
219 656 282 687 τοὺς
300 656 392 683 αὐτῶν
406 658 611 692 ἀκροωμένους.

184 701 282 734 Στόμα
297 700 331 727 δὲ
345 701 457 728 εὺθέων
471 703 574 736 ῥύεται
588 705 710 737 αὐτούς.
723 705 810 740 Λόγος
831 706 860 733 δὲ
884 707 940 734 τῶν

148 745 259 778 ἀγαθῶν
272 746 436 782 ἀνθρώπων,
455 749 502 775 καὶ
528 749 612 784 μηδὲν
635 751 685 784 τῆς
705 751 834 786 ἀληθείας
845 761 941 788 προτι-

148 791 273 825 μώντων,
292 793 450 827 ἐλεγκτικὸς
481 794 530 829 μὲν
552 796 607 821 τῶν
629 796 839 830 διαϐαλλόντων,
856 799 940 834 ὑπερ-

147 838 348 873 απολογητικὸς
362 839 390 865 δὲ
407 840 462 866 τῶν
472 840 702 876 διαϐαλλομένων,
717 842 862 878 λυτροῦται
875 845 940 871 τού-

147 892 211 914 τους
225 883 277 917 τῆς
292 884 450 921 ἐπιϐουλῆς,

182 929 213 961 ζ’.
224 928 322 958 Καίοῦ
333 931 388 958 ἐὰν
396 931 517 967 στραφῇ
525 933 650 967 ἀσεϐὴς,
660 934 841 968 ἀφανίζεται.
854 936 939 963 Ἔνθα

148 978 199 1012 μὲν
214 977 247 1004 ἃν
265 979 390 1014 ἐκτραπῇ
413 980 462 1015 τῆς
481 982 543 1008 κατ’
562 982 663 1017 ἀρετὴν
685 983 755 1013 ὁδοῦ.
769 985 783 1010 ὁ
800 985 836 1019 μὴ
851 985 940 1020 τιμῶν

147 1023 197 1057 τὴν
211 1024 354 1059 ἀλήθειαν,
367 1024 417 1050 εἴτ’
427 1026 467 1057 είς
486 1026 521 1052 τὰ
537 1026 614 1059 δεξιὰ
627 1028 658 1054 τὸ
683 1029 784 1062 ἀγαθὸν
797 1029 941 1065 ὑποκρινό-

149 1077 238 1103 μενος.
256 1069 306 1096 εῖτ*
321 1070 362 1101 είς
379 1071 413 1098 τὰ
438 1072 571 1107 ἀριστερὰ
596 1073 692 1100 τούτου
717 1074 837 1109 ἀμελῶν,
854 1076 939 1102 ἀπόλ-

147 1114 235 1145 λυται,
254 1114 446 1151 διαμαρτάνων
463 1116 510 1144 τοῦ
525 1118 554 1149 ἐς
570 1119 614 1145 ἀεὶ
631 1119 805 1154 διαμένοντος
817 1121 920 1154 ἀγαθοῦ
931 1130 938 1137 ·

148 1159 186 1191 ὡς
207 1160 244 1196 μὴ
260 1159 330 1195 ἔχων
346 1161 391 1188 τὸν
410 1162 477 1189 Θεδν
495 1163 680 1192 ὲπιϐλέποντα
695 1166 735 1196 εἰς
761 1165 796 1192 τὰ
809 1165 878 1202 ἔργα
891 1167 939 1193 αὐ-

147 1215 194 1233 του
199 1227 205 1233 .
343 1217 347 1222 ‘

180 1251 262 1280 Οἶκοι
281 1252 316 1280 δὲ
338 1253 463 1281 δικαίων
483 1255 721 1290 παραμένουσιν.
741 1258 774 1284 Δί
793 1258 821 1284 δὲ
843 1259 940 1293 πάγιαι

148 1299 219 1325 κατὰ
233 1299 333 1333 γνῶσιν
353 1301 399 1327 καὶ
419 1302 520 1337 ἀρετὴν
541 1301 623 1336 ἕξεις,
649 1303 704 1330 τῶν
724 1304 877 1339 ἀμέμπτως
892 1314 940 1331 πο-

149 1343 342 1381 λιτευομένων.
356 1347 536 1382 φυλάττονται
551 1350 616 1385 παρ’
633 1349 725 1382 αὐτοῖς
742 1351 770 1382 ὲς
783 1351 827 1377 ἀεὶ
844 1351 918 1386 ζωήν
931 1360 939 1367 ·

150 1389 194 1418 οἷά
207 1401 279 1424 τινες
293 1390 360 1420 οἶκοι
383 1394 519 1426 σώζουσαι
543 1395 672 1428 τούτους,
691 1397 762 1424 κατὰ
782 1397 832 1432 μὲν
845 1397 876 1424 τὸ
890 1407 942 1424 πα-

150 1436 196 1472 ρὸν
213 1438 267 1464 ἀπὸ
279 1438 328 1465 τοῦ
346 1439 480 1474 χειμῶνος
496 1441 543 1466 καὶ
561 1440 608 1467 τοῦ
629 1441 770 1474 καύσωνος
792 1442 847 1469 τῶν
866 1444 943 1470 ὲκου‹

151 1482 216 1509 σίων
232 1483 280 1509 καὶ
300 1484 436 1512 ἀκουσίων
462 1485 572 1512 παθῶν·
589 1487 661 1514 κατὰ
671 1488 700 1515 δὲ
717 1489 747 1516 τὸ
764 1489 873 1524 μέλλον,
887 1490 942 1517 ἀπὸ

149 1530 197 1564 τῆς
211 1530 321 1556 αἰωνίου
336 1530 482 1562 κολάσεως.

184 1577 218 1609 η’.
237 1576 336 1611 Στόμα
356 1578 487 1605 συνετοῦ
513 1579 720 1614 ἐγκωμιάζεται
741 1581 802 1609 ὐπὸ
818 1583 938 1617 ἀνδρός.

150 1619 205 1646 Καὶ
220 1620 237 1655 ἡ
251 1620 301 1654 μὲν
323 1622 484 1656 παραίνεσις
507 1624 554 1650 τοῦ
579 1625 648 1659 πρὸς
668 1626 733 1657 τοὺς
754 1626 872 1662 τρόπους
895 1628 942 1654 καὶ

150 1665 214 1696 τοὺς
236 1664 333 1698 λόγους
357 1667 412 1693 τῶν
435 1668 550 1695 ἐντολῶν
562 1689 570 1701 ,
584 1670 634 1705 τὴν
649 1671 747 1698 ἑαυτοῦ
768 1672 858 1708 ψυχὴν
872 1673 943 1700 κατὰ

153 1709 273 1738 διάθεσιν
294 1714 543 1749 μεταποιήσαντος,
562 1716 715 1744 ἐπαινεῖται
737 1718 789 1744 ὑπὸ
807 1719 853 1746 τοῦ
871 1720 943 1747 κατὰ

151 1758 262 1784 πάντων
278 1758 332 1785 τῶν
359 1759 454 1786 παθῶν
469 1761 663 1797 ἀνδριζομὲνου
676 1771 683 1777 ·
698 1765 768 1791 κατά
787 1765 818 1792 τὸ
842 1766 944 1801 ἐγκρα-

151 1802 280 1830 τεύεσθαι
295 1804 345 1839 μὲν
359 1805 414 1831 τῶν
436 1806 578 1839 ἑκουσίων,
599 1808 746 1843 ὑπομένειν
760 1809 789 1836 δὲ
805 1811 840 1837 τὰ
860 1812 943 1838 ἀκού-

153 1858 213 1876 σια·
233 1850 272 1882 ὡς
287 1851 339 1886 τὴν
353 1851 436 1878 αὑτοῦ
457 1852 546 1888 ψυχὴν
559 1855 770 1889 καταυγάζουσα
790 1857 860 1891 φωτὶ
871 1857 944 1891 γνώ-

152 1905 238 1929 σεως,
277 1899 324 1924 καὶ
368 1898 569 1934 ἅπροσκόπτως
602 1901 657 1928 τῶν
694 1902 835 1937 δυσχερῶν
871 1903 943 1938 διεξα

152 1942 265 1976 ἄγουσα.

186 1989 410 2024 Νωθροκάρΰιος
427 1990 461 2017 δὲ
479 1992 697 2026 μυκτηρίζεται.
719 1993 749 2020 ’0
765 1994 793 2020 δὲ
814 1995 943 2030 δυσκίνη-

153 2043 198 2066 τος
213 2035 394 2072 κατὰφυχὴν,
412 2037 480 2072 προς
495 2038 628 2072 ἐργασίαν
643 2039 697 2066 τῶν
716 2040 764 2066 τοῦ
791 2040 859 2067 Θεοῦ
874 2042 945 2068 ἐντο-

152 2080 217 2113 λῶν,
234 2083 399 2117 ὲμπαίζεται
415 2083 468 2110 ὑπὸ
489 2084 543 2112 τῶν
557 2085 694 2121 δαιμόνων
705 2088 761 2119 τοῖς
773 2088 823 2122 τῆς
831 2089 944 2124 ἀτιμίας

153 2128 252 2155 πάθεσι
262 2137 268 2144 ·
284 2129 340 2160 καὶ,

193 2175 227 2201 θ’.
244 2175 401 2209 Κρεισσων
410 2177 489 2211 ἀνὴρ
499 2178 533 2205 ἐν
552 2179 654 2212 ἀτιμίῃ
667 2178 822 2206 δουλεύων
833 2180 942 2213 ἑαυτῷ,

154 2221 174 2254 ἢ
188 2223 204 2248 ό
211 2221 300 2256 τιμὴν
310 2222 406 2256 ἑαυτῷ
415 2224 584 2258 περιτιθεὶς,
605 2225 654 2251 καὶ
665 2226 888 2260 προσδεόμενος
897 2227 945 2261 ἆρ-

992 292 1048 321 Deo
1065 293 1092 320 in
1107 294 1223 322 veritate
1236 294 1344 328 placere
1357 295 1478 323 student.

1027 380 1110 407 Vens.
1126 380 1153 407 6.
1176 379 1261 407 Verba
1274 380 1426 414 impiorum,
1446 381 1551 409 insidia:
1567 382 1702 418 sanguini.
1721 382 1784 410 Ete-

992 427 1048 453 nim
1061 434 1122 461 qua:
1135 426 1262 454 videntur
1279 427 1455 455 audientibus
1471 432 1582 456 sensata
1595 429 1677 456 verba
1695 429 1785 456 homi-

992 480 1058 499 num
1072 473 1199 500 veritatis
1213 473 1401 506 inimicorum,
1427 473 1584 508 diriguntur
1601 474 1636 501 ab
1659 474 1728 508 ipsis
1757 474 1785 501 in

992 516 1177 552 perditionem
1194 525 1289 544 eorum
1317 526 1387 552 quos
1405 518 1508 545 invidia
1526 524 1573 546 aut
1601 519 1664 546 odio
1689 527 1787 554 prosc-

992 567 1125 596 quuntur,
1143 567 1170 589 et
1195 570 1266 597 quos
1287 567 1435 598 propterea
1461 564 1679 598 calumniantur,
1703 566 1738 592 ita
1755 570 1786 592 ut

991 609 1110 636 habeant
1126 613 1180 636 tam
1199 609 1274 644 impii
1288 609 1372 645 hujus
1387 610 1541 638 conaminis
1568 611 1709 646 adjutores
1735 619 1786 638 au-

991 655 1096 683 ditores
1107 655 1192 690 ipsos.

1029 701 1065 728 Os
1080 706 1168 728 autem
1185 705 1316 728 rectorum
1333 701 1428 728 liberat
1445 710 1499 735 eqs.
1519 702 1615 729 Sermo
1642 711 1708 730 vero
1738 703 1786 731 bo-

991 754 1090 774 norum
1118 747 1164 781 qui
1191 746 1298 774 veritati
1324 747 1362 774 nil
1390 748 1552 782 praeierunt,
1570 749 1785 776 calumniatores

991 792 1101 827 quidem
1122 792 1272 823 convincit,
1291 797 1317 819 et
1331 793 1464 826 justiticat
1483 794 1687 826 calumniatus;
1710 795 1786 830 ipsos

992 845 1102 873 quoque
1115 837 1226 865 redimit
1238 838 1273 865 ab
1286 838 1406 866 insidiis.

955 919 976 947 Β
1027 935 1146 964 VERS.7.
1175 934 1335 970 Quocttnque
1361 943 1388 962 se
1416 936 1522 963 verterit
1547 936 1655 970 impius,
1673 936 1784 964 deletur.

991 981 1162 1016 Quocunque
1178 981 1250 1008 enim
1263 980 1407 1008 diverterit
1423 988 1437 1007 a
1454 981 1565 1008 virtutis
1586 982 1628 1008 via
1643 981 1725 1009 homo
1740 989 1785 1009 ve.

991 1030 1100 1056 ritatcm
1117 1032 1310 1061 contemnens,
1326 1028 1385 1056 sive
1400 1027 1434 1055 ad
1448 1028 1590 1056 dexteram
1617 1029 1719 1056 bonum
1734 1029 1784 1056 tiu-

989 1075 1088 1110 gendo.
1105 1075 1163 1102 sive
1182 1074 1215 1101 ad
1235 1074 1377 1102 sinistram
1398 1074 1464 1101 illud
1496 1074 1680 1109 negligenda.
1711 1076 1785 1110 perit

996 1122 1128 1148 aberrans
1143 1128 1158 1147 a
1172 1120 1245 1147 bono
1261 1120 1334 1155 quod
1350 1120 1377 1147 in
1403 1120 1601 1155 sempiternum
1627 1125 1783 1155 permanet:

993 1171 1019 1194 ut
1034 1167 1080 1202 qui
1095 1174 1149 1194 non
1166 1166 1266 1194 habeat
1279 1165 1363 1194 Deum
1377 1166 1404 1193 in
1419 1173 1502 1201 opera
1517 1166 1577 1201 ejus
1591 1167 1783 1202 aspicientem.

1027 1261 1128 1289 Domus
1147 1266 1235 1289 autem
1254 1261 1391 1296 justorum
1417 1266 1582 1295 permanent.
1611 1260 1731 1289 Stabiles
1751 1261 1784 1289 ad

994 1308 1139 1335 scientiam
1153 1314 1180 1334 et
1188 1308 1316 1334 virtutem
1327 1307 1436 1335 habitus
1449 1315 1544 1334 eorum
1553 1307 1598 1342 qui
1609 1307 1783 1342 irrepreben-

992 1351 1111 1379 sibiliter
1127 1359 1157 1379 se
1172 1352 1338 1386 gubernant,
1359 1351 1556 1378 custodiuntur
1570 1352 1604 1378 ab
1616 1351 1686 1386 ipsis
1703 1353 1729 1378 in
1743 1351 1784 1378 vi-

993 1402 1048 1424 tam
1070 1402 1220 1430 aeternam;
1251 1397 1331 1432 quasi
1359 1397 1457 1424 domus
1483 1397 1608 1432 quaedam
1643 1401 1786 1424 servantes

993 1450 1053 1474 eos,
1065 1442 1091 1469 in
1108 1442 1238 1477 praisenti
1252 1442 1361 1477 quidem
1379 1442 1413 1469 ab
1427 1442 1517 1470 hieme
1528 1446 1554 1470 et
1578 1442 1613 1470 ab
1627 1443 1725 1470 ardore
1740 1450 1787 1468 vo-

993 1488 1174 1515 luntariarum
1187 1492 1214 1515 et
1226 1488 1472 1515 involuntariarum
1487 1489 1658 1523 passionum,
1670 1488 1697 1516 in
1711 1488 1786 1515 futu-

993 1543 1053 1563 rum
1071 1539 1161 1561 autem
1177 1534 1211 1561 ab
1228 1538 1330 1562 aeterno
1348 1535 1496 1569 supplicio.

1033 1580 1117 1608 VERS.
1134 1580 1162 1607 8.
1181 1579 1218 1608 Os
1233 1580 1404 1615 intelligentis
1421 1579 1550 1607 laudatur
1566 1588 1582 1606 α
1597 1580 1663 1606 viro.
1681 1579 1786 1606 Exhor-

996 1627 1063 1654 tatio
1086 1626 1146 1662 ejus
1171 1627 1219 1660 qui
1236 1626 1354 1653 animam
1385 1633 1463 1654 suam
1490 1626 1524 1653 ad
1548 1634 1638 1654 mores
1653 1629 1681 1653 et
1703 1625 1786 1653 verba

995 1677 1196 1708 prmeeptorum
1214 1680 1263 1708 per
1275 1672 1485 1706 dispositionem
1501 1672 1643 1706 reformat,
1658 1672 1786 1699 laudatur

994 1719 1028 1746 ab
1043 1726 1077 1745 eo
1092 1718 1139 1753 qui
1155 1719 1181 1745 in
1199 1718 1327 1746 onmibus
1345 1718 1524 1752 passioni-bus
1544 1719 1586 1746 vir
1615 1719 1742 1751 eilicitur,
1754 1727 1787 1746 eo

994 1764 1067 1799 quod
1085 1771 1199 1798 compos
1213 1763 1250 1791 sit
1271 1764 1437 1798 placentium
1453 1769 1481 1791 et
1505 1764 1786 1799 displicentia'putia-

994 1813 1058 1835 tur:
1079 1808 1198 1835 animam
1219 1807 1291 1835 enim
1313 1807 1395 1842 hujus
1419 1807 1556 1835 illuminat
1579 1809 1639 1836 luce
1653 1808 1787 1840 scientia,

994 1859 1022 1882 et
1039 1856 1099 1883 sine
1116 1854 1269 1883 otIensione
1281 1862 1314 1883 ex
1335 1854 1460 1883 adversis
1476 1855 1581 1883 educit.

1031 1991 1127 2019 Socors
1143 1995 1231 2018 autem
1246 1992 1441 2020 subsannatur.
1460 1992 1511 2026 Qui
1528 2000 1593 2020 vero
1604 1993 1696 2020 anima
1712 1993 1788 2028 piger

995 2041 1038 2064 est
1054 2037 1088 2064 ad
1103 2038 1292 2072 impletionem
1312 2037 1466 2065 divinorum
1485 2044 1696 2074 praeceptorum,
1727 2039 1788 2068 illu-

994 2083 1069 2110 ditur
1082 2090 1097 2110 a
1111 2083 1281 2111 daemonibus
1298 2083 1452 2119 ignominia:
1466 2085 1578 2118 probro,
1593 2089 1620 2112 et

1032 2175 1113 2204 Vens.
1129 2176 1156 2203 9.
1171 2175 1266 2203 Melior
1280 2176 1320 2203 vir
1334 2176 1362 2203 in
1376 2176 1478 2203 vilitate
1505 2178 1619 2204 serviens
1634 2177 1696 2208 sibi,
1708 2185 1788 2212 quam

995 2223 1121 2248 [tonarent
1136 2221 1187 2248 sibi
1201 2222 1401 2255 circumponens
1416 2226 1440 2248 et
1460 2230 1536 2256 egens
1549 2230 1624 2256 pane.
1639 2222 1716 2249 Sicut
1733 2230 1789 2248 nie<

155 2276 219 2294 του.
237 2267 344 2304 ’Ὠσπερ
357 2269 471 2304 βελτίων
488 2271 501 2297 ό
517 2271 547 2297 ἐν
562 2271 655 2307 ἀδοξίᾳ
665 2272 725 2306 βίου
737 2273 878 2308 ὑπάρχων,
898 2275 942 2301 καὶ

1000 2269 1052 2295 lior
1065 2273 1107 2295 est
1126 2267 1173 2302 qui
1190 2267 1217 2294 in
1245 2267 1364 2302 ingloria
1387 2267 1442 2295 vita
1473 2269 1631 2296 necessaria
1652 2269 1704 2297 sibi
1723 2276 1789 2303 sup-

156 2312 224 2347 πρὸς
241 2313 275 2340 τὰ
293 2314 432 2348 ἀναγκαῖα
449 2316 538 2350 ἐαυτῷ
553 2317 695 2351 ἐπαρκῶν,
714 2318 787 2354 ἧπερ
805 2319 820 2345 ὸ
835 2319 872 2352 μὴ
899 2320 946 2346 ἀν-

155 2358 284 2393 εχόμενος
307 2359 351 2386 διὰ
376 2361 529 2394 κενοδοξίαν
557 2364 618 2393 ταῖς
643 2363 740 2394 ἰδικαίς
756 2365 849 2399 χερσὶν
862 2365 946 2400 ἐργά-

155 2405 259 2438 ζεσθαι,
275 2407 423 2434 κάντεῦθεν
441 2409 595 2442 ἀναγκαίας
614 2410 718 2445 τροφῆς
743 2411 926 2447 στερούμενος
938 2420 944 2427 ·

155 2449 226 2477 οὕτω
243 2451 355 2486 βελτίων
371 2454 417 2480 καὶ
433 2454 446 2480 ὁ
460 2454 655 2490 ἀνδριζόμενος
678 2456 750 2483 κατὰ
773 2457 828 2483 τῶν
853 2457 947 2484 παθῶν

155 2495 184 2520 ὲν
201 2495 337 2533 ὑποταγῇ,
354 2498 401 2524 καὶ
413 2499 641 2535 περιποιούμενος
652 2500 741 2535 ἑαυτῴ
763 2501 834 2528 κατὰ
847 2502 947 2536 πρᾶξιν

155 2541 206 2573 τὰς
220 2543 331 2577 ἀρετὰς,
344 2543 418 2579 ἥπερ
430 2545 444 2571 ὁ
466 2545 561 2572 ἑαυτὸν
578 2546 737 2582 καθηγητὴν
760 2548 946 2584 καταστήσας,

156 2589 203 2614 καὶ
216 2589 309 2624 ἐνδεὴς
325 2591 455 2626 ὑπάρχων
467 2592 514 2618 τοῦ
527 2592 616 2628 ψυχὰς
629 2592 774 2629 τρέφοντος
785 2594 946 2630 ὲμπράκτου

156 2633 246 2667 λόγου.

192 2683 217 2707 ι’.
230 2682 348 2715 Δίκαιος
362 2683 499 2717 aluta/pst
517 2684 620 2718 ψυχὰς
648 2685 767 2719 κτηνῶν
791 2687 893 2713 αὐτοῦ.
918 2687 947 2713 ’0

157 2726 210 2760 γὰρ
224 2727 285 2753 κατ’
300 2728 402 2764 ἀρετὴν
416 2729 527 2761 τέλειος,
540 2730 610 2756 ἐλεεῖ
623 2730 710 2765 ψυχὰς
724 2731 779 2759 τῶν
798 2733 849 2767 τῆς
864 2733 947 2759 αὑτοῦ

158 2773 285 2809 ποίμνης,
315 2775 447 2810 ἐλομένας
475 2775 524 2811 τὴν
545 2776 642 2810 ἄλογον
672 2777 780 2812 βιοτήν⁸
801 2779 947 2814 ἐπιμελού-

159 2827 240 2853 μενος
253 2821 335 2847 παντὶ
347 2823 440 2857 τρόπῳ
456 2822 505 2857 τῆς
519 2824 656 2858 σωτηρίας
670 2824 769 2851 αὐτῶν.

205 2866 242 2891 Τὰ
254 2865 287 2891 δὲ
296 2867 461 2902 σπλάγχνα
478 2867 535 2895 τῶν
549 2868 679 2900 ἀσεϐῶν,
697 2870 896 2904 ιὶνελεήμοιίι.
914 2871 947 2897 Ai.

156 2907 184 2934 δὲ
202 2908 336 2942 διαθέσεις
352 2911 406 2938 τῶν
420 2913 456 2949 μὴ
471 2911 504 2938 δι’
515 2912 603 2948 ἔργων
616 2913 788 2949 δικαιοσύνης
803 2914 946 2950 τιμώντων

999 2313 1113 2347 peditat,
1132 2322 1214 2350 quam
1232 2315 1279 2349 qui
1295 2322 1348 2342 non
1366 2314 1456 2342 ferens
1473 2320 1584 2350 proptrr
1605 2323 1702 2342 vanam
1726 2316 1788 2350 glo-

999 2361 1067 2387 riam
1084 2361 1202 2395 propriis
1215 2361 1341 2388 manibtts
1360 2361 1498 2392 laborare,
1524 2365 1669 2396 propterea
1693 2368 1789 2388 neces-

999 2405 1073 2432 sario
1089 2404 1163 2432 victu
1180 2409 1273 2436 caret;
1295 2405 1335 2432 sic
1358 2405 1455 2432 melior
1474 2410 1501 2432 et
1523 2405 1569 2439 qui
1597 2404 1712 2431 viriliter
1734 2404 1789 2438 agit

999 2451 1123 2478 dolorem
1156 2451 1327 2486 accipiendo,
1357 2455 1384 2478 et.
1418 2451 1469 2478 sibi
1497 2454 1638 2486 comparat
1662 2451 1788 2482 virtutes.

999 2505 1080 2531 quam
1099 2497 1145 2530 qui
1169 2504 1198 2524 se
1219 2497 1316 2524 ducem
1342 2496 1526 2529 constituens,
1541 2495 1647 2532 indiget
1667 2496 1726 2532 ipse
1740 2503 1788 2524 aco

999 2543 1073 2570 tione
1083 2551 1144 2578 quas
1161 2543 1247 2570 nutrit
1265 2543 1381 2570 animas.

1035 2682 1117 2709 Vens.
1135 2682 1179 2709 10.
1198 2681 1294 2708 Justus
1321 2683 1465 2709 miseratur
1488 2683 1594 2710 animus
1605 2684 1788 2718 jumentorum

999 2736 1117 2754 suorum.
1134 2727 1220 2755 Ilomo
1235 2728 1345 2755 virtutis
1359 2728 1486 2763 perfecta:
1506 2730 1656 2757 miseratur
1682 2731 1789 2757 animas

999 2775 1186 2809 gregariorum
1213 2782 1340 2808 suorum,
1360 2777 1407 2810 qui
1422 2776 1610 2803 irrationalem
1637 2777 1720 2803 vitam
1735 2785 1787 2803 am-

1001 2822 1071 2856 plexi
1091 2826 1165 2851 sunt,
1182 2822 1256 2848 omni
1274 2823 1354 2849 modo
1371 2823 1451 2849 saluti
1479 2831 1573 2850 eorum
1593 2824 1718 2850 studens.

1041 2867 1147 2895 Viscera
1161 2874 1248 2895 autem
1273 2869 1412 2902 impiorum
1430 2871 1660 2897 immiscrimnlm.
1693 2869 1787 2902 Disrm~

1000 2914 1114 2943 sitioncs
1130 2923 1194 2943 veru
1209 2923 1303 2943 eorum
1324 2917 1369 2951 qui
1398 2915 1482 2944 Deum
1511 2924 1565 2944 non
1590 2917 1723 2944 honorant
1741 2921 1787 2949 per
