2079 3161
148 186 213 216 l-‘iil

664 184 872 214 COMMENTA
878 183 936 214 RII
953 183 995 213 IN
1015 184 1230 216 PROVERBIA
1237 208 1244 215 .

1719 182 1789 214 1342

146 240 302 276 πτώμασιν,
318 240 380 267 ἐπεὶ
393 239 455 275 μηδ’
473 239 554 271 αὐτὸς
575 240 608 267 τὰ
626 239 680 267 τῶν
697 240 786 267 ἄλλων
811 240 920 276 ἔκρινεν
932 249 939 256 ·

1004 247 1106 270 »οιςί-τιιιι
1128 252 1182 271 non
1212 243 1390 279 judicavcrit,
1416 243 1464 271 sed
1493 249 1591 270 omnes
1616 241 1743 270 homines
1755 250 1790 270 ex

147 286 216 313 ἀλλὰ
241 285 346 317 πάντας
366 284 530 320 ἀνθρώπους
552 283 582 316 ἐξ
603 285 662 311 [σου
684 285 823 320 ἠγάπησε,
836 285 880 311 διὰ
892 284 938 310 τὸν

146 325 202 358 τίνα’
210 331 288 366 λόγον
302 331 352 366 τῆς
367 331 457 357 αὐτῶν
474 329 593 365 φύσεως.

188 388 220 414 '0
232 387 266 414 δὲ
283 386 445 414 συναντῶν
461 386 496 413 ἐν
521 386 643 420 πύλαις,
665 386 804 421 ἐκθλίψει
824 386 939 421 ψυχάς.

153 434 183 461 '0
194 434 223 461 δὲ
237 434 298 465 ταῖς
310 433 365 460 τῶν
381 432 499 464 πολλῶν,
516 432 587 459 κατὰ
600 432 632 458 τὸ
652 432 828 467 φαινόμενον,
849 432 941 459 ἀνισό-

146 489 211 517 τησι
226 481 286 507 κατ’
313 479 441 514 αἴσθησιν
459 478 596 511 ὑπαντῶν,
618 479 647 505 ὲν
664 480 721 511 τοῖς
737 479 820 514 δίκην
847 479 941 506 πυλῶν

148 526 302 561 πεφυκόσιν
317 525 439 558 εἰσάγειν
455 525 523 560 πρὸς
536 524 626 560 ψυχὴν
640 524 689 557 τὰς
702 525 757 551 τῶν
766 524 873 560 ὁρατῶν
883 526 942 551 ὲπι-

149 571 261 607 φανείας
281 570 483 606 αἰσθητηρίοις,
502 570 550 596 καὶ
575 569 652 605 παρὰ
671 569 725 596 τῶν
738 569 867 596 τοιούτων
893 569 942 596 ἁν-

152 618 282 653 ισοτήτων
296 616 509 652 ἐμποδιζόμενος
523 615 650 652 διαϐῆναι
663 616 733 642 κατὰ
741 615 804 642 νοῦν
817 615 885 651 πρὸς
897 616 943 642 τὸν

149 663 198 689 ἕνα
209 662 260 696 τῆς
277 661 332 687 τῶν
346 660 500 696 ἀνθρώπων
515 660 624 695 φύσεως
644 660 734 695 λόγον,
751 660 872 686 ὲκπιέσει
891 660 945 695 ψυ-

151 709 212 743 χὰς,
231 707 370 739 ἀκοντίοις
387 707 480 739 πόνοις
500 707 670 742 ἀποσμήχων
680 707 777 739 αὐτὰς,
791 706 863 734 κατὰ
874 715 945 741 συμ-

151 753 281 788 6ε6ηκὸς,
297 752 345 779 τοῦ
362 752 449 789 ῥύπου
464 753 519 779 τῶν
537 752 740 788 ἡμαρτημένων
752 752 848 783 αὑταῖς
861 759 868 766 ·
881 752 944 778 ἀκό-

150 799 244 826 λουθον
254 798 283 825 δὲ
291 799 400 831 πάντως
412 799 541 834 κριθῆναι
553 799 601 825 καὶ
611 798 716 830 τοῦτον,
728 798 821 834 ἐπειδὴ
833 798 925 834 ἔκρινε
935 804 944 813 ⁸

151 845 200 871 καὶ
218 846 289 871 πιεῐν
304 844 357 871 τῶν
372 844 420 871 τοῦ
433 844 500 870 Θεοῦ
515 844 662 879 χριμάτων
676 844 708 870 τὸ
727 844 860 879 ἁψὶνθιον,
877 843 946 879 πρὸς

153 890 288 926 κάθαρσιν
303 889 357 916 τῶν
379 889 584 925 ἡμαρτημένων
598 889 684 926 αὐτῷ.

188 939 229 972 ιδ’.
251 945 319 972 Ἀπὸ
334 945 458 979 καρπῶν
469 945 629 980 στόματος,
639 944 726 980 ψυχὴ
739 944 849 978 ἀνδρὸς
867 946 945 978 πλη-
962 923 986 953 Β

153 990 300 1024 σθήο-εται
315 990 446 1026 ἀγαθῶν.
465 991 519 1018 Καὶ
533 992 564 1017 ὲκ
580 991 630 1026 μὲν
651 991 706 1018 τῶν
722 990 863 1026 τροφίμων
876 990 947 1017 κατὰ

153 1037 242 1073 ψυχὴν
255 1037 343 1072 λόγων
359 1037 408 1072 τῆς
432 1036 608 1069 διδασκαλίας
626 1037 673 1063 τοῦ
693 1037 728 1063 τὰ
754 1036 813 1063 θεῖα
837 1037 947 1068 πάντως

155 1083 296 1119 θελήματα
310 1083 552 1118 καταγγέλλοντος,
564 1084 581 1119 ἠ
593 1082 666 1119 ψυχὴ
678 1082 725 1109 τοῦ
737 1083 807 1109 κατὰ
823 1082 880 1110 τῶν
893 1091 947 1109 πα-

155 1131 209 1157 θῶν
224 1131 429 1166 ἀνδριζομένου,
443 1131 655 1165 πληρωθήσεται
668 1130 786 1167 ἀρετῶν.

197 1185 402 1220 Ἀνταπόδομα
410 1185 444 1212 δὲ
450 1185 674 1220 χειλέωναὺτοῦ
684 1185 845 1219 δοθήσεται
854 1185 946 1218 αὐτῷ.

162 1232 329 1268 ’Λντιμισθία
342 1232 371 1258 δὲ
387 1231 437 1266 τῆς
451 1232 557 1266 ἀγαθῆς
573 1231 670 1258 τούτου
690 1232 867 1264 διδασκαλίας
896 1240 949 1258 πα-

159 1279 356 1314 ρατχεθήσεται
365 1278 439 1313 αὺτῷ
452 1278 527 1314 παρὰ
538 1278 587 1305 τοῦ
603 1278 805 1314 μιαθαποδότου
817 1278 898 1311 Θεοῦ,
908 1278 950 1304 ὄτι

157 1325 248 1359 ἐξάγει
260 1324 336 1357 ἄξιον
352 1325 383 1357 ἐξ
396 1325 518 1359 ἀναξίου.

194 1379 233 1407 ιε’.
256 1379 336 1406 Ὀδοὶ
352 1379 491 1415 ἀφρόνων
500 1379 583 1414 ὀρθαὶ
611 1379 742 1406 ἐνώπιον·
766 1378 878 1406 αὐτῶν.
894 1379 951 1405 Καὶ

157 1426 191 1453 τὰ
205 1426 253 1462 μὲν
268 1425 337 1461 ἔργα
349 1426 403 1453 τῶν
418 1425 610 1460 ὲστερημένων
627 1425 799 1461 φρονήσεως.
827 1425 951 1461 ἀπαρέγ-

159 1474 238 1500 κλιτα
249 1473 297 1500 τοῦ
323 1473 425 1508 ἀγαθοῦ
453 1473 578 1500 δοκοῦσιν
603 1473 696 1504 αὐτοῖς
707 1481 713 1488 '
724 1473 762 1504 ὡς
775 1474 885 1505 ἑαυτοῖς
903 1482 951 1499 m-

159 1519 299 1551 στεύουσι,
320 1519 368 1546 καὶ
389 1519 426 1554 μὴ
442 1519 651 1553 ἀνατιθεμένοις
661 1518 696 1545 τὰ
713 1519 818 1546 ἑαυτῶν
847 1518 952 1553 ἑτέροις

158 1564 297 1600 ἐχέφροσι,
317 1563 378 1599 μηδ’
393 1562 577 1605 ὑπακούουσιν
598 1563 701 1594 αὐτοῖς.

192 1618 353 1645 Εἰσακούει
373 1617 408 1644 δὲ
437 1618 628 1652 συμϐουλίας
656 1617 763 1652 σοφός.
803 1616 953 1644 ’Υπακοὺει

154 1664 187 1691 ῧὲ
201 1664 317 1698 ἀγαθαῖς
332 1663 497 1698 ὑποθήκαις,
511 1662 526 1688 ὁ
537 1662 616 1694 εἰδὼς
628 1662 669 1689 ὄτι
685 1661 811 1696 φυσικῶς
823 1662 954 1697 πρόσκει-

160 1720 204 1738 ται
227 1710 281 1742 πᾶς
308 1710 365 1741 τοῖς
381 1709 504 1742 οἰκείοις,
517 1708 570 1736 κᾶν
586 1709 623 1744 μὴ
637 1706 688 1735 (Tm
703 1709 785 1736 καλά·
803 1708 954 1736 κάντεῦθεν

161 1756 270 1792 ἑτέρους
284 1755 420 1784 καθιστῶν
435 1754 491 1781 τῶν
514 1755 624 1782 οἰκείων
648 1755 844 1790 βουλευμάτων
859 1754 955 1787 ἐξετα-

162 1802 237 1835 στὰς,
251 1803 349 1838 μήπως
358 1802 399 1834 εἰς
414 1801 492 1829 κενὸν
506 1801 592 1837 τρέχῃ
605 1801 621 1837 ἢ
637 1801 766 1837 ἔδραμεν.

198 1860 245 1889 ις’.
264 1857 394 1891 Ἄφρων,
405 1855 578 1890 αὐθημερὸν
597 1854 774 1890 ἐξαγγέλλει
791 1854 887 1890 ὀργὴν
901 1856 955 1882 αὐ-

163 1902 227 1930 τοῦ.
240 1903 317 1930 Καὶὸ
333 1902 382 1938 μὲν
394 1902 432 1937 μὴ
448 1901 521 1937 λόγῳ
535 1901 645 1937 κρατῶν
662 1901 711 1928 τοῦ
729 1901 827 1936 θυμοῦ,
845 1901 903 1935 ἃμα
918 1901 957 1936 τῷ

162 1949 257 1976 τοῦτον
272 1949 312 1980 είς
324 1948 410 1983 ὀργὴν
429 1947 586 1983 κινηθῆναι.
603 1947 730 1983 ἐκφαίνει
759 1947 853 1980 αὑτὸν,
872 1947 897 1973 εἰ
911 1947 958 1974 δύ-

163 2003 241 2022 ναται
253 1994 356 2030 ἔργοις,
373 1993 426 2020 εἴτ’
438 1992 485 2020 οὖν
502 1993 604 2028 λόγοις.

199 2050 328 2084 Κρύπτει
342 2048 378 2076 δὲ
403 2048 462 2083 τὴν
484 2048 595 2076 ἑαυτοῦ
620 2049 742 2084 ἀτιμίαν
771 2049 958 2083 πανοῦργος,

165 2096 222 2124 Οὐκ
236 2097 267 2130 es
289 2095 317 2122 δὲ
330 2094 393 2122 οὔτε
407 2095 498 2131 ἔργοις
510 2094 573 2122 οὔτε
593 2095 646 2131 μὴν
660 2095 750 2130 λόγοις
765 2095 960 2131 φανερωθῆναι

165 2143 199 2169 τὰ
208 2142 356 2177 ἁτιμοποιὰ
364 2141 449 2177 πάθη,
462 2142 533 2176 φημὶ
540 2141 572 2177 δὴ
584 2141 634 2177 τὴν
643 2141 791 2178 ἐπιθυμίαν
803 2141 903 2169 καὶτὸν
916 2141 962 2168 ἕκ-

165 2188 239 2223 ᾂικον
247 2188 347 2223 ταύτης
360 2187 456 2223 θυμὸν,
466 2188 481 2214 ό
507 2188 596 2217 πάντα
610 2188 739 2223 πράττων
755 2188 823 2223 μετὰ
833 2187 962 2222 περισκέ-

165 2234 238 2269 ψεως
252 2242 259 2249 ·
278 2233 352 2270 λόγῳ
365 2233 469 2261 τούτων
484 2233 613 2269 κρατῶνξ,
630 2234 682 2266 ἕως
696 2233 729 2261 ἂν
741 2233 868 2270 νεκρώσῃ
880 2233 961 2261 αὐτά.

203 2334 245 2367 ιζ’.
281 2333 546 2368 Ἐπιδεικνυμὲνην
577 2334 682 2361 πίστιν
706 2333 887 2369 ἀναγγέλλει
912 2333 957 2361 δί-

167 2379 321 2414 καιος-,Καὶ
333 2380 540 2415 φανερουμένην
559 2379 609 2414 μὲν
622 2379 752 2415 δι’ἑργων
767 2380 816 2415 τὴν
833 2380 872 2411 εἰς
889 2380 957 2406 Θεὸν

167 2423 248 2450 αὐτοῦ
264 2424 356 2451 πίστιν
371 2423 556 2459 ἀνακηρύττει
582 2425 596 2450 ὁ
610 2424 764 2459 ἀμέμπτως
780 2424 960 2459 πολιτευόμε-

167 2479 222 2502 νος,
254 2469 292 2502 ὼς
310 2470 359 2497 καὶ
389 2469 420 2496 οὑ
438 2469 553 2506 νεκρὰν,
579 2469 646 2501 sm
671 2470 760 2502 ζῶσαν
791 2470 961 2505 κεκτημένος

167 2516 263 2550 αὐτήν.

210 2570 236 2596 '0
250 2569 285 2596 δὲ
293 2568 409 2607 μάρτυς
427 2568 487 2596 τῶν
501 2569 624 2602 ἀδίκων,
641 2570 791 2603 δόλιος-,Ὀ
801 2570 829 2597 δὲ
843 2570 960 2605 βεϐαιῶν

169 2616 259 2652 ἔργοις
268 2616 302 2642 τὰ
312 2616 386 2651 παρὰ
394 2615 444 2651 τὴν
457 2615 541 2651 ὀρθὴν
553 2616 646 2651 κρίσιν
661 2616 759 2643 ἑαυτοῦ
773 2616 960 2652 βουλεύματα,

168 2662 199 2689 τὸ
215 2661 335 2698 καθαρὸν
357 2661 407 2697 τῆς
421 2661 541 2693 πίστεως
560 2662 778 2698 καταρρυπαίνει
792 2663 850 2695 τοῖς
874 2662 961 2690 πάθε-

171 2716 224 2735 σιν.

205 2771 250 2808 ιη’.
266 2772 354 2800 Εἰσὶν
368 2772 398 2799 οἳ
409 2772 553 2808 λέγοντες
563 2771 784 2806 τιτρώσκουσιν
798 2772 838 2805 ὡς
850 2763 962 2807 μάχαι-

165 2827 227 2853 ραι.
243 2819 298 2845 Καὶ
327 2819 482 2854 ὑπάρχουσι
501 2819 550 2853 μὲν
568 2819 668 2850 οἵτινες
700 2818 859 2853 ὁμιλοῦντες
877 2819 963 2854 μηδὲν

169 2862 319 2898 εἰρηνικὸν,
337 2863 556 2899 πλήττουσιτοῦς
569 2863 719 2895 ἀκούοντας
726 2863 769 2890 διὰ.
779 2863 834 2890 τῶν
853 2864 962 2891 οἰκείων

170 2909 312 2947 ῥημάτων,
324 2907 361 2942 ὡς
371 2908 404 2935 δι’
418 2908 507 2937 ὃπλων
518 2910 546 2935 ὲν
557 2909 630 2946 μάχῃ
645 2909 798 2945 αἶρομένων
814 2909 880 2945 πρὸς
890 2910 960 2945 ἄμυ-

993 295 1072 325 ίειιυο
1092 289 1229 322 dilexerit,
1251 297 1306 317 una
1319 291 1428 317 ratione
1446 289 1539 317 habita
1559 293 1665 316 natura
1678 296 1787 316 eorum.

1031 392 1085 426 Qui
1110 397 1197 420 autem
1220 393 1335 420 occurrit
1359 392 1386 420 in
1411 393 1513 427 portis,
1536 391 1640 419 vexabit
1669 390 1787 420 animus.

996 439 1048 472 Qui
1062 442 1155 466 autem
1171 443 1321 466 notaturus
1347 441 1512 473 apparentes
1532 437 1654 472 plurium
1667 436 1788 470 inaequa-

995 483 1226 515 litates,occurrit
1238 483 1265 510 in
1276 482 1406 510 sensibus
1421 481 1499 516 quasi
1516 480 1603 515 portis
1620 479 1654 508 ad
1670 480 1788 507 animam

997 526 1164 554 ducentibus
1173 526 1324 554 visibilium
1338 533 1429 553 rerum
1441 525 1559 560 species.
1573 524 1654 559 etqui
1669 524 1712 551 his
1726 523 1791 550 ina:-

997 575 1180 610 qualitatibus
1195 573 1347 609 impeditur
1367 581 1402 600 ne
1417 576 1508 600 mente
1524 575 1655 606 assurgat
1672 570 1705 597 ad
1724 577 1790 597 con-

997 620 1190 648 siderationem
1223 619 1306 646 unius
1337 618 1481 645 hominum
1508 620 1629 647 naturae,
1654 614 1791 650 opprimet

999 664 1116 696 animas,
1133 663 1234 690 invitas
1257 661 1426 697 extergendo
1441 661 1527 695 ipsas,
1543 662 1573 686 ut
1591 658 1680 691 decet,
1700 666 1714 684 a
1731 665 1792 685 sor-

999 709 1081 737 dibus
1099 713 1273 744 peccatorum
1290 715 1422 739 suorum;
1445 709 1472 733 et
1489 711 1663 740 consequens
1678 701 1791 730 omnino

999 761 1040 784 est
1053 755 1170 790 iudicari
1184 762 1257 787 eum,
1278 754 1408 789 quoniam
1429 752 1576 787 judicavit,
1593 755 1625 778 et'
1640 749 1734 777 bibere
1749 749 1792 776 di-

1000 802 1124 829 vinorum
1139 800 1310 835 jndiciurum
1326 797 1512 830 absinthium,
1533 801 1563 824 ut
1577 795 1739 832 puriﬁcetur
1758 795 1792 822 ab

1000 847 1044 875 his
1062 854 1123 882 quae
1142 846 1170 873 in
1190 845 1274 874 Deum
1292 844 1430 881 peccavit.

1037 947 1122 975 Vens.
1133 946 1178 974 H.
1197 946 1233 973 De
1251 944 1382 981 [motibus
1399 945 1463 977 oris,
1474 944 1566 971 anima
1576 943 1626 970 riri
1641 941 1794 977 implebitur

998 993 1083 1020 bonis.
1099 992 1132 1019 Et
1140 1000 1172 1020 ex
1182 991 1367 1019 nutrientibus
1376 991 1496 1018 animam
1506 988 1682 1017 sermonibus
1692 987 1794 1014 doctri-

998 1047 1040 1066 nre
1055 1038 1116 1073 eius
1136 1038 1182 1073 qui
1195 1037 1317 1065 divinam
1330 1037 1498 1064 voluntatem
1524 1034 1669 1062 annuntiat
1681 1053 1689 1065 ,
1701 1033 1792 1060 anima

997 1085 1059 1120 ejus
1073 1085 1120 1120 qui
1138 1092 1186 1120 per
1212 1084 1356 1120 passiones
1377 1082 1538 1113 invalescit,
1561 1079 1721 1116 implebitur
1734 1078 1792 1106 vir-

999 1131 1117 1159 intibus.

1036 1186 1184 1213 Retributio
1196 1183 1326 1212 Iabiorum
1340 1183 1398 1218 eius
1414 1182 1525 1209 dubitur
1537 1182 1571 1208 ei.
1588 1178 1795 1208 Remuneratio-

999 1241 1062 1261 nent
1077 1239 1142 1260 vero
1169 1231 1248 1258 honre
1269 1237 1324 1258 suae
1343 1230 1476 1257 doctrinm
1502 1227 1613 1254 habebit
1636 1226 1692 1257 ille,
1718 1232 1733 1252 a
1749 1232 1795 1252 re-

1001 1282 1180 1305 muneratore
1192 1276 1258 1308 Deo,
1273 1283 1335 1303 cum
1349 1277 1475 1302 secernet
1487 1273 1602 1308 dignum
1615 1271 1651 1299 ah
1666 1269 1793 1305 indigno.

1037 1375 1174 1405 VnnsJ5.
1196 1375 1253 1403 Vite
1270 1374 1452 1410 insipientium
1467 1377 1545 1400 recta
1566 1379 1656 1399 coram
1671 1370 1747 1406 ipsis.
1765 1368 1795 1396 Et

1002 1431 1084 1459 opera
1110 1429 1205 1450 eorum
1234 1421 1281 1456 qui
1313 1427 1395 1448 sensu
1421 1418 1573 1451 orbantur,
1606 1416 1796 1450 irreprehensa

1002 1468 1131 1495 videntur
1144 1466 1222 1501 ipsis,
1242 1465 1306 1500 quia
1321 1465 1373 1492 sibi
1389 1463 1487 1495 fidunt,
1499 1470 1550 1490 nec
1562 1469 1612 1489 sua
1630 1461 1797 1488 submittunt

1004 1514 1066 1542 aliis
1085 1513 1152 1541 viris
1172 1510 1361 1547 prudentibus,
1379 1509 1481 1545 quibus
1498 1507 1639 1536 obediant.

1041 1623 1160 1652 Exaudit
1196 1627 1282 1650 autem
1311 1621 1424 1649 consilia
1442 1620 1559 1655 sapiens.
1588 1617 1686 1646 Obedit
1719 1615 1799 1645 bonis

1006 1669 1147 1701 consiliis,
1160 1668 1207 1703 qui
1221 1667 1275 1695 scit
1290 1666 1451 1694 naturaliter
1472 1665 1612 1692 adhaerere
1623 1671 1720 1691 omnes
1729 1663 1799 1693 suis.

1004 1714 1111 1743 etiantsi
1132 1721 1185 1741 non
1210 1712 1302 1744 bonis,
1323 1716 1351 1740 et
1375 1711 1445 1739 alios
1463 1710 1609 1738 constituit
1625 1709 1798 1744 propriarum

1008 1761 1097 1796 ipsius
1127 1758 1327 1794 cogitationum
1355 1757 1547 1793 inspectores,
1575 1763 1610 1783 ne
1636 1754 1664 1782 in
1683 1761 1800 1782 vacuum

1010 1809 1103 1835 currat
1117 1809 1165 1832 aut
1178 1803 1345 1832 cucurrerit.

1042 1861 1125 1887 Vens.
1154 1858 1198 1886 16.
1221 1857 1390 1892 Imprudens,
1414 1855 1503 1883 eadem
1519 1855 1562 1882 die
1586 1855 1707 1882 enuntiat
1732 1854 1802 1881 iram

1007 1914 1096 1933 suam.
1109 1904 1141 1931 Et
1152 1904 1198 1939 qui
1215 1910 1269 1930 non
1282 1902 1389 1929 ratione
1397 1909 1512 1936 compos
1527 1904 1570 1928 est
1581 1900 1628 1927 ine
1642 1906 1710 1930 sum,
1720 1898 1802 1926 simul

1009 1959 1040 1978 ac
1056 1951 1082 1977 in
1108 1950 1177 1977 iram
1193 1951 1330 1980 movetur,
1353 1947 1513 1974 manifestat
1535 1953 1607 1979 eam,
1629 1945 1754 1978 actibus,
1780 1944 1802 1972 si

1009 1996 1108 2032 possit,
1129 1999 1176 2022 aut
1193 1994 1379 2023 sermonibus.

1046 2052 1189 2081 Abscondit
1206 2056 1294 2079 autem
1309 2049 1540 2078 inltmtorationem
1556 2048 1596 2074 vir
1611 2050 1727 2073 astutus.
1744 2043 1803 2072 Non

1011 2099 1076 2127 sinit
1095 2106 1184 2133 neque
1196 2098 1303 2125 actibus
1326 2103 1415 2129 neque
1433 2095 1499 2129 ipsis
1526 2092 1700 2120 sermonibus
1717 2091 1804 2116 mani-

1013 2145 1108 2173 iestari
1124 2145 1321 2172 inhonorantes
1347 2141 1525 2176 cupiditates,
1550 2137 1803 2173 concupiscentiam

1013 2193 1076 2219 dico
1097 2196 1124 2218 et
1146 2190 1228 2223 hujus
1245 2188 1370 2216 ultricem
1391 2187 1459 2214 iram
1471 2206 1479 2218 .
1501 2185 1547 2221 qui
1564 2184 1657 2212 omnia
1673 2191 1735 2210 cum
1747 2182 1804 2209 cir-

1015 2235 1223 2270 cumspectione
1237 2234 1303 2268 agit,
1319 2239 1383 2260 cum
1397 2231 1502 2258 ratione
1515 2237 1610 2258 earum
1630 2235 1744 2262 compos
1757 2226 1805 2260 Sit,

976 2270 999 2297 θ
1014 2282 1102 2310 donec
1116 2280 1323 2309 mortiﬂcaverit
1339 2287 1397 2307 eas.

1048 2336 1131 2364 Vsus.
1147 2335 1191 2363 Π.
1207 2334 1319 2362 Planum
1334 2333 1413 2368 fidem
1430 2332 1570 2359 annuntiat
1579 2331 1681 2366 justus.
1696 2328 1729 2355 Et
1742 2336 1800 2355 tua-

1013 2382 1169 2411 nifestatam
1185 2389 1233 2416 per
1246 2388 1329 2416 opera
1341 2380 1420 2407 tidem
1432 2386 1509 2407 suam
1525 2378 1552 2406 in
1570 2378 1652 2404 Deum
1664 2376 1807 2403 annuntiat

1013 2430 1060 2465 qui
1078 2428 1354 2464 irreprehensibiliter
1376 2435 1406 2456 se
1428 2427 1508 2463 gerit,
1531 2427 1597 2462 quia
1614 2433 1668 2453 non
1684 2428 1804 2456 mortua,

1014 2475 1063 2505 sed
1082 2475 1144 2503 viva
1159 2475 1196 2503 illi
1213 2478 1266 2503 est.

1052 2568 1139 2595 Testis
1155 2572 1243 2595 autem
1261 2566 1433 2600 iniustorum,
1451 2564 1570 2593 dotosus.
1588 2563 1641 2597 Qui
1662 2570 1730 2591 vero
1744 2569 1808 2598 ope-

1016 2614 1094 2642 ribus
1133 2613 1277 2640 coniirmat
1327 2612 1446 2647 cogitata
1480 2618 1530 2638 sua
1560 2611 1666 2645 [contra
1703 2613 1808 2637 rectum

1013 2658 1167 2698 judicium,
1192 2657 1254 2686 tidei
1284 2657 1430 2692 puritatem
1460 2655 1657 2691 cupiditatibus
1680 2654 1739 2683 suis
1764 2654 1809 2682 in-

1016 2704 1124 2740 qttinat.

1055 2768 1140 2796 Vsus.
1155 2767 1198 2796 18.
1219 2767 1288 2795 Sunt
1298 2767 1342 2802 qui
1353 2766 1468 2795 dicentes
1484 2767 1622 2793 vulnerant
1632 2766 1702 2793 sicut
1718 2772 1804 2793 enses.

1016 2815 1132 2849 Quidam
1143 2814 1261 2849 suntqui
1274 2813 1341 2841 nihil
1350 2813 1491 2849 paciﬁcum
1501 2813 1698 2847 colloquentes,
1709 2811 1809 2839 feriunt

1018 2860 1169 2889 audientes
1180 2860 1238 2888 suis
1251 2860 1425 2888 sermonibus
1436 2879 1444 2892 ,
1465 2858 1546 2894 quasi
1563 2858 1648 2885 armis
1670 2857 1698 2884 in
1717 2865 1807 2892 pugna

1017 2906 1134 2944 sumptis
1147 2906 1179 2934 ad
1192 2906 1378 2936 defensionem
1389 2906 1475 2942 aequis
1491 2913 1498 2939 ;
1517 2904 1619 2933 feriunt
1628 2908 1720 2933 autem
1733 2903 1807 2935 illos,
