2079 3161
305 171 371 203 illi?!

957 176 1130 208 I’liOCOPII
1152 178 1273 209 ΟΑΖᾸΞῘ

1870 185 1938 218 13νί4

301 233 425 266 ipsorum
439 233 545 262 animas
559 234 700 262 turbando
713 242 747 263 eo
761 236 835 265 quod
858 236 999 264 nesciatur
1010 238 1073 272 cuju

1142 248 1190 265 ναν
1205 240 1360 269 ἀντιπάλων
1372 249 1378 256 -
1395 241 1543 276 πλήττουσι
1558 242 1585 269 δὲ
1595 242 1704 277 αὐτοὺς,
1719 244 1936 280 ὲκταράσσοντες

300 278 414 312 spiritus
431 278 498 307 sint.

335 371 444 407 Lingua:
459 373 606 407 sapientum
628 380 736 402 satiant.
758 375 906 405 Sermones
920 383 1010 406 autem
1040 388 1089 407 eo-

298 425 358 444 rum
375 418 420 452 qui
439 424 542 447 norunt
554 421 627 455 quod
646 422 752 456 paciﬁci
768 423 881 458 spiritus
894 429 971 458 sunt,
995 433 1026 453 ex
1055 434 1088 453 eo

297 461 369 496 quod
388 463 467 490 ditati
482 463 586 493 fuerint
601 467 688 501 gratia
700 467 771 502 ejus.
783 473 810 496 et
824 469 871 503 qui
889 471 1017 497 turbatas
1027 472 1088 499 ani-

297 515 356 534 mas
372 510 463 537 verbis
476 511 599 544 paciﬁcis
616 513 728 546 sedant,
748 515 782 542 de
797 515 941 545 curatione
961 517 1016 545 illis
1026 525 1088 545 con-

296 554 421 581 veniente
431 555 570 588 iudicant.

331 607 413 637 Vens.
427 610 469 637 i9.
487 610 573 639 Labia
583 614 687 640 veracia
704 614 821 651 dirigunt
838 617 1026 646 testimonium.
1042 618 1088 646 Et-

293 655 366 682 enim
381 664 522 686 sermones
539 659 684 694 sapientiae
695 669 766 689 verre
776 667 803 689 et
815 664 957 691 veritatem
969 672 1022 692 non
1036 666 1087 693 tin-

293 701 393 735 gentis,
405 701 546 737 injudicio
558 705 724 740 dispensati,
734 708 761 735 in
777 709 856 736 linem
869 715 953 744 agunt
962 711 1086 739 veritatis

293 747 621 781 contirmationem,bona
640 753 771 781 melliodo
791 755 961 784 audientium
978 758 1085 786 animos

292 792 325 820 ad
344 794 540 829 plenitudinem
556 798 680 827 veritatis
696 805 819 836 agentes.

330 895 416 924 Testis
432 902 520 926 autent
537 900 606 928 citus
630 902 750 938 linguam
769 904 847 932 habet
873 906 1014 941 injustam.
1030 908 1081 941 Qui
1101 918 1121 947 Β

290 945 380 969 autem
406 944 549 972 veritatem
579 950 734 981 annuntiat,
756 950 916 986 priusquam
939 953 1085 989 disposue-

289 988 326 1014 rit
347 989 374 1014 in
393 988 498 1023 judicio
512 999 654 1021 sermones
674 1001 739 1022 suos
763 996 795 1023 ad
818 997 948 1032 gaudium
965 988 991 1026 et
1008 1001 1084 1027 utili-

288 1037 372 1060 tatem
389 1035 573 1070 audientium,
593 1041 677 1072 utqui
699 1040 794 1068 divina
817 1050 872 1069 non
893 1044 1005 1078 Cogitat,
1018 1045 1082 1080 quia

288 1077 389 1106 fratres
407 1087 473 1108 suos
484 1089 539 1108 non
554 1083 654 1117 diligit,
673 1084 721 1111 sed
738 1092 799 1113 sese
823 1077 956 1119 ostentat,
973 1077 1037 1123 quia
1049 1089 1083 1116 ab

287 1122 447 1152 hominibus
466 1125 559 1160 justus
574 1127 669 1155 haberi
687 1129 756 1162 vult,
775 1130 823 1159 ille
837 1132 919 1159 verba
939 1122 1081 1167 profertin

286 1167 417 1197 damnum
431 1170 612 1199 audientium.

323 1269 406 1300 Vens.
420 1272 466 1300 '20.
480 1272 562 1300 Dolus
575 1274 602 1301 in
613 1275 694 1302 corde
706 1277 866 1312 fabricantis
875 1280 955 1308 ma‘la.
966 1281 997 1308 Et
1008 1289 1081 1309 com-

285 1316 378 1343 mislio
395 1318 505 1352 quidem
531 1321 694 1355 passionum
714 1324 740 1351 in
758 1325 851 1352 anima
872 1327 933 1362 ejus
950 1329 996 1363 qui
1012 1337 1079 1365 ope-

284 1367 363 1390 ratur
386 1365 501 1392 consilia
533 1367 628 1400 inata;
651 1377 713 1403 quze
737 1373 894 1399 commistio
919 1374 1019 1402 anima:
1045 1377 1078 1403 ad

286 1408 434 1444 imaginem
451 1409 497 1438 Dei
511 1417 610 1441 creatae
624 1415 771 1449 puritatem
789 1420 952 1455 corrumpit.

319 1473 373 1506 Qui
388 1480 476 1502 aulem
491 1477 582 1504 volunt
595 1487 699 1513 pacem,
719 1481 893 1513 lwtabuntur.
916 1485 968 1519 Qui
983 1491 1074 1516 autem

282 1520 395 1548 solliciti
408 1527 472 1550 sunt
489 1523 599 1552 liberari
615 1534 629 1553 a
643 1529 834 1562 passionibus,
845 1532 1004 1567 gaudebunt
1014 1543 1074 1563 ere-

281 1568 344 1598 ptos
359 1573 388 1593 Se
402 1567 436 1594 ab
450 1569 550 1597 animae
574 1572 705 1605 periculis
722 1579 749 1602 et
766 1577 865 1622 salutis
885 1580 987 1613 potitos
1003 1589 1009 1608 :
1025 1582 1072 1617 qui
1089 1593 1112 1624 ο

280 1610 352 1638 enim
367 1613 475 1647 quaerit,
494 1615 606 1649 invenit,
620 1622 646 1645 et
665 1619 786 1654 pulsanti
801 1612 952 1657 ape‘rietur.

315 1710 397 1739 Vens.
412 1712 457 1740 2|.
477 1715 538 1742 Non
558 1717 671 1750 placebit
683 1719 758 1753 justo
775 1721 1071 1759 quidquaminjustum.

278 1757 337 1785 Non
360 1759 461 1787 bonum
481 1762 619 1791 videbitur
642 1766 666 1792 ei
697 1767 744 1802 qui
770 1767 850 1802 juxta
870 1770 942 1806 leges
955 1757 1073 1804 divinas

277 1809 307 1829 se
322 1804 402 1837 regit,
424 1813 459 1832 ne
473 1814 556 1833 unum
574 1809 683 1843 quidem
698 1819 730 1838 ex
747 1812 790 1841 bis
807 1822 868 1849 qua:
880 1804 1001 1852 suggerit
1019 1820 1072 1856 ipsi

278 1848 365 1876 malus
379 1855 474 1878 contra
489 1851 580 1880 divina
601 1855 739 1884 mandata.

312 1923 391 1958 [mpii
405 1930 493 1953 autem
518 1928 695 1962 implebantur
716 1935 806 1962 malis.
831 1935 883 1970 Qui
904 1937 988 1967 Deum
1016 1948 1070 1970 non

275 1970 371 1998 colunt
396 1980 443 2006 per
453 1981 536 2008 opera
553 1975 679 2010 justitiaz,
694 1979 880 2015 implebuntur
895 1986 1070 2020 passionibus

275 2015 441 2049 ignominiaa.

311 2071 392 2100 Vens.
413 2074 456 2101 22.
489 2076 660 2106 Abominatio
687 2080 743 2108 Deo
765 2082 838 2110 labia
861 2086 1011 2114 mendacia.
1035 2088 1069 2117 Et

273 2120 371 2146 avertit
397 2128 427 2148 se
459 2123 581 2150 omnium
614 2125 746 2155 Dominus
769 2137 785 2157 a
812 2130 855 2157 sui
881 2132 1066 2167 confessione,

272 2173 333 2199 quae
359 2174 406 2200 per
428 2175 511 2203 opera
537 2169 651 2205 justitize
681 2181 736 2201 non
763 2175 954 2211 conﬁrmatur,
987 2181 1067 2215 quasi

272 2215 381 2239 mortua
398 2213 444 2241 sit.

1141 285 1191 318 τὰς
1200 286 1302 314 τούτων
1316 287 1416 323 ψυχὰς,
1425 289 1454 315 ἐν
1463 288 1501 324 τῷ
1516 288 1554 325 μὴ
1568 289 1670 316 εἰδέναι
1685 291 1763 317 ποίου
1776 292 1829 318 εἰσί
1848 292 1932 319 πνεύ-

1142 340 1238 366 ματος.

1175 379 1318 406 Γλῶσσαι
1331 380 1437 415 σοφῶν
1447 381 1558 409 ἰῶνται.
1575 383 1606 408 Ol
1616 381 1644 409 δὲ
1656 382 1732 416 λόγοι
1747 383 1802 409 τῶν
1818 384 1930 410 εἰδότων

1139 422 1180 449 ὃτι
1195 424 1242 449 τοῦ
1259 425 1396 460 εἰρηνικοῦ
1409 426 1573 462 τυγχάνουσι
1595 427 1752 463 πνεύματος
1773 430 1805 455 ὲκ
1821 429 1867 455 τοῦ
1887 439 1933 456 πε-

1139 469 1318 505 πλουτηκέναι
1331 471 1380 507 τὴν
1396 472 1476 508 χάριν
1488 473 1582 505 αὑτοῦ,
1602 474 1649 501 καί¹
1661 474 1711 506 τὰς
1725 475 1934 510 τεταραγμένοις

1137 514 1226 550 ψυχας
1254 516 1374 551 ῥήμασιν
1398 519 1547 553 εἰρηνικοῖς
1569 520 1832 555 καταπραΰνοντες,
1847 520 1933 556 θερα-

1138 561 1217 592 πείας
1233 561 1337 595 ἀξιοῦσι
1350 563 1400 599 τῆς
1413 565 1606 601 προσηκούσης
1625 565 1733 598 αὑταῖς.

1175 616 1216 643 ιθ’.
1231 616 1326 652 Χείλη
1347 619 1479 654 ἀληθινὰ
1510 622 1653 655 κατορθοῖ
1671 624 1852 658 μαρτυρίαν.
1872 625 1933 651 Καὶ

1143 662 1190 697 (ἀρ
1203 663 1276 697 λόγοι
1290 666 1463 700 φρονήματος
1481 666 1610 702 ἀληθοῦς,
1624 669 1671 695 καὶ
1687 669 1725 704 μὴ
1747 670 1933 705 ὑποκρινομέ-

1137 716 1182 733 νου
1201 707 1251 743 τὴν
1266 709 1405 744 ἀλήθειαν,
1425 711 1454 737 ὲν
1471 712 1560 746 κρίσει
1577 714 1811 749 οἰκονομούμενοι,
1827 717 1856 748 ἐς
1878 717 1930 743 πέ-

1137 762 1188 788 ρας
1202 753 1275 790 [cod.
1294 756 1423 793 ἑσπέραςι
1437 758 1533 792 ἄγουσι
1546 759 1596 795 τὴν
1604 759 1654 795 τῆς
1664 761 1794 796 ἀληθείας
1811 762 1931 797 βεϐαίω-

1137 807 1191 830 σιν,
1205 799 1356 835 εὐμεθόδως
1368 803 1418 833 τὰς
1440 803 1495 829 τῶν
1508 803 1693 840 ἀκροωμένων
1708 806 1796 841 ψυχὰς
1807 807 1849 838 εἰς
1860 807 1931 842 πλη-

1137 845 1267 880 ροφορίαν
1278 847 1330 882 τῆς
1346 848 1477 884 ἀληθείας
1493 849 1617 884 ἄγοντες.

1171 901 1292 935 Μάρτυς
1311 902 1345 930 δὲ
1358 903 1453 938 ταχὺς
1479 904 1626 939 γλῶσσαν
1642 907 1704 940 ἔχει
1719 907 1834 935 ἄδικον.
1855 908 1885 936 '0
1899 909 1930 935 δὲ

1135 946 1316 981 ἀπαγγέλλων
1329 949 1379 981 τὴν
1398 949 1539 984 ἀλήθειαν,
1556 952 1609 987 πρδ
1632 953 1679 979 τοῦ
1709 954 1887 989 οἰκονομῆσαι
1899 956 1929 981 ἐν

1135 993 1224 1027 κρίσει
1238 994 1300 1025 τοὺς
1313 995 1410 1021 ἑαυτοῦ
1422 995 1518 1030 λόγους
1533 997 1602 1032 πρὸς
1616 999 1773 1034 παραδοχὴν
1791 1000 1838 1026 καὶ
1852 1000 1928 1035 ὠφέ-

1134 1037 1209 1064 λειαν
1226 1038 1280 1065 τῶν
1293 1039 1489 1074 ἀκροωμένων,
1503 1040 1541 1072 ὡς
1559 1041 1594 1068 τὰ
1609 1042 1655 1068 τοῦ
1671 1042 1737 1068 Θεοῦ
1753 1043 1790 1079 μὴ
1807 1044 1927 1078 φρονῶν,

1133 1083 1222 1110 διὰτὸ
1237 1084 1305 1119 πρὸς
1333 1085 1396 1116 τοὺς
1419 1086 1549 1120 ἀδελφοὺς
1578 1087 1751 1122 ἀσυμπαθὲς,
1778 1089 1848 1115 ἀλλὰ
1876 1098 1926 1123 φα-

1133 1130 1244 1165 νητιῶν,
1262 1130 1306 1157 ἵνα
1332 1131 1398 1167 παρ’
1420 1131 1576 1167 ἀνθρώποις
1589 1133 1694 1165 δίκαιος
1722 1135 1850 1170 νομισθῇ,
1880 1135 1926 1162 λό-

1133 1183 1182 1208 γου
1226 1176 1368 1213 προφορὰν
1404 1177 1537 1213 κέκτηται
1563 1179 1732 1215 λυμαντικὴν
1760 1182 1816 1212 τοῖς
1843 1182 1927 1208 ἀκού-

1132 1229 1203 1249 ουσι.

1167 1279 1201 1302 κ’.
1221 1277 1315 1311 Δόλος
1328 1277 1363 1305 ἐν
1389 1278 1498 1312 καρδίᾳ
1516 1280 1749 1314 τεκταινομένου
1765 1281 1853 1309 κακά.
1870 1283 1926 1310 Kal.

1131 1323 1288 1359 παραμιξία
1311 1324 1360 1359 μὲν
1371 1324 1466 1352 ualida
1477 1325 1506 1351 ὲν
1524 1327 1557 1361 τῇ
1570 1326 1641 1362 ψυχῇ
1673 1327 1720 1354 τοῦ
1736 1329 1924 1363 ἐργαζομένου

1130 1369 1179 1401 τὰς
1204 1370 1346 1405 ὑποθήκας
1361 1371 1409 1398 τοῦ
1427 1372 1548 1407 πονηροῦ
1560 1380 1567 1388 ·
1585 1373 1615 1399 τὸ
1629 1373 1731 1408 ταύτης
1753 1375 1813 1401 κατ’
1829 1375 1926 1402 εἰκόνα

1129 1416 1197 1443 Θεοῦ
1208 1417 1328 1453 καθαρὸν
1339 1418 1546 1454 κιϐδηλεύουσα.

1163 1473 1196 1498 Ol
1207 1472 1241 1498 δὲ
1251 1473 1472 1508 βουλευόμενοι
1493 1475 1629 1509 εἰρήνην,
1646 1477 1921 1511 εὐφρανθήσονται.

1129 1516 1161 1542 Ol
1177 1516 1205 1542 δὲ
1224 1517 1393 1551 μελετῶντες
1420 1518 1609 1554 ἐλευθεριάσαι
1632 1520 1687 1546 ἀπὸ
1703 1520 1809 1553 παθῶν,
1834 1523 1923 1557 χαρή-

1130 1571 1223 1589 σονται
1237 1562 1285 1590 τοῦ
1309 1564 1380 1590 κατὰ
1393 1564 1483 1600 ψυχὴν
1496 1566 1619 1593 κινδύνου
1636 1567 1791 1600 ρυσθέντες,
1804 1568 1852 1594 καὶ
1866 1577 1923 1595 σω-

1127 1608 1227 1643 τηρίας
1255 1610 1382 1644 τυχόντες
1397 1618 1404 1626 ·
1424 1611 1439 1637 ὁ
1459 1611 1512 1646 γὰρ
1526 1612 1626 1646 ζητῶν,
1650 1613 1781 1647 εὑρίσκει,
1795 1623 1796 1626 η
1809 1615 1856 1641 καὶ
1882 1615 1923 1650 τῷ

1126 1654 1253 1689 κρούοντι
1277 1655 1464 1690 ἀνοιγήσεται.

1161 1713 1213 1736 κα’.
1230 1710 1291 1737 Οὐκ
1303 1711 1425 1745 ἀρέσκει
1442 1711 1482 1744 τῷ
1497 1712 1600 1745 δικαίῳ
1624 1714 1716 1741 οὐδὲν
1733 1714 1848 1743 ἄδικον.
1864 1717 1920 1743 Καὶ

1124 1754 1155 1781 οὺ
1166 1754 1236 1787 δόξει
1258 1756 1307 1791 μὲν
1320 1756 1403 1784 καλὸν
1417 1757 1455 1792 τῷ
1472 1759 1543 1785 κατὰ
1559 1759 1658 1794 νόμους
1673 1757 1762 1792 θείους
1777 1761 1920 1788 πολιτευο-

1125 1800 1209 1835 μένῳ,
1225 1801 1285 1827 οὑδὲ
1299 1802 1328 1828 ἓν
1340 1802 1395 1829 τῶν
1411 1805 1488 1838 παρὰ
1511 1804 1561 1840 τὴν
1585 1805 1661 1832 θείαν
1675 1807 1786 1843 ἐντολὴν
1799 1807 1852 1835 ὑπὸ
1869 1808 1918 1836 τοῦ

1123 1847 1244 1883 πονηροῦ
1256 1848 1460 1884 ὑποτιθεμένων
1475 1850 1558 1887 αὐτῷ.

1159 1950 1192 1976 Οἱ
1205 1949 1240 1976 δὲ
1264 1950 1384 1984 ἀσεϐεῖς
1412 1953 1647 1986 πλησθήσονται
1665 1955 1776 1982 κακῶν.
1789 1957 1821 1983 Οἱ
1833 1957 1863 1984 δὲ
1876 1960 1915 1994 μὴ

1119 1995 1253 2030 τιμῶντες
1263 1996 1393 2032 δι’ἐργων
1403 1998 1578 2034 δικαιοσύνης
1591 2000 1669 2033 Θεὸν,
1682 2001 1915 2038 πληρωθήσονται

1119 2040 1233 2076 ἀτιμίας
1248 2042 1357 2071 παθῶν.

1155 2095 1207 2130 κβ’.
1225 2096 1384 2133 Βδέλυγμα
1404 2101 1500 2133 Κυρίῳ
1511 2102 1600 2136 χείλη
1628 2103 1739 2137 ψευδῆ.
1766 2105 1821 2132 Καὶ
1844 2106 1917 2132 d750-

1119 2142 1267 2177 στρέφεται
1290 2143 1339 2178 μὲν
1358 2145 1372 2171 ὁ
1384 2145 1439 2171 τῶν
1454 2146 1523 2173 ὅλων
1536 2148 1676 2183 Δεσπότης
1695 2149 1735 2186 εἰς
1747 2151 1829 2177 αὑτὸν
1843 2152 1915 2185 ὁμο-

1117 2188 1221 2222 λογίαν,
1236 2189 1273 2225 μὴ
1282 2189 1316 2216 δι’
1331 2190 1420 2226 ἔργων
1442 2191 1616 2229 δικαιοσύνης
1631 2194 1847 2233 βεϐαιουμένην,
1869 2195 1916 2226 οἷα

1118 2232 1229 2267 νεκράν.

306 2276 359 2310 Qui
376 2282 464 2306 autem
485 2280 551 2315 facit
572 2283 662 2317 ﬁdem,
689 2291 811 2320 acceptus
830 2289 902 2323 apud
925 2298 993 2318 eum.
1009 2291 1062 2326 Qui

1158 2286 1184 2312 '0
1199 2286 1234 2313 δὲ
1245 2287 1340 2315 ποιῶν
1364 2290 1478 2323 πίστιν,
1508 2292 1615 2326 ὃεκτὸζι
1635 2295 1703 2328 παρ’
1726 2296 1817 2330 αὐτῷ.
1840 2298 1871 2324 '0
1888 2299 1913 2326 δ’

271 2329 361 2350 niuem
391 2324 539 2359 perfectam
575 2329 603 2356 in
631 2329 715 2358 Deum
733 2332 812 2360 Iidem
841 2334 930 2367 habet,
966 2324 1064 2373 nempe

270 2370 399 2402 operibus
421 2372 523 2406 vivam,
544 2373 614 2402 bene
637 2382 768 2412 acceptus
791 2379 830 2406 illi
845 2386 905 2408 est:
921 2389 976 2409 non
988 2384 1062 2412 enim

269 2419 441 2444 mortuorum
458 2417 541 2452 Deus,
559 2421 605 2448 sed
624 2422 749 2451 vivorum
770 2430 822 2453 est.

304 2469 388 2498 Vens.
411 2472 457 2500 25.
504 2473 550 2502 Vir
571 2477 730 2513 intelligens,
748 2480 856 2509 t/tronus
879 2492 981 2512 sensus.
1009 2485 1061 2519 Qui

268 2523 399 2550 generose
415 2520 612 2554 cupiditatibus
628 2525 744 2558 resistit,
760 2532 787 2554 et
801 2528 903 2557 divinis
917 2533 1061 2567 praeceptis

267 2563 363 2589 annuit
379 2565 653 2602 perdispositionem,
674 2570 881 2602 fundamentum
896 2582 938 2604 est
955 2577 1061 2607 discre-

269 2608 359 2640 tionis,
386 2611 466 2645 eujus
494 2612 588 2642 habitu
616 2617 750 2651 profunde
774 2620 907 2654 radicato,
934 2624 969 2651 ab
984 2626 1060 2653 ornui

267 2654 375 2688 quidem
398 2663 413 2682 ιι
427 2665 480 2691 quo
501 2661 599 2688 avertit
623 2663 705 2696 malo,
726 2665 856 2697 declinat,
889 2668 923 2695 ad
951 2677 1058 2698 omnem

266 2707 332 2727 vero
349 2701 382 2728 ad
399 2710 481 2737 quam
500 2705 615 2741 impellit
633 2709 774 2744 virtutem,
792 2712 917 2742 inclinat.

303 2800 355 2827 (ἴον
377 2807 464 2830 autem
485 2805 656 2840 iusipienlum
675 2817 794 2839 occurret
818 2817 1055 2846 exsecrationibus.

265 2846 362 2874 Anima
377 2856 471 2876 eorum
487 2851 534 2885 qui
560 2852 643 2881 Deum
657 2854 683 2881 in
703 2855 760 2891 ipsa
779 2866 832 2886 non
849 2860 1055 2895 circumferunt,

265 2892 365 2921 talibus
383 2903 508 2926 occurret
530 2899 618 2933 nudis,
637 2902 726 2936 qualia
744 2905 805 2938 quis
821 2905 932 2936 ittiluicu
950 2909 1056 2941 precari

1115 2331 1258 2359 ἀποτελῶν
1271 2334 1321 2368 τὴν
1336 2335 1376 2366 εἰς
1389 2336 1454 2363 Θεὸν
1471 2338 1566 2365 πίστιν
1581 2339 1626 2365 διὰ
1647 2340 1777 2375 πράξεων
1805 2341 1911 2375 ζῶσαν,

1114 2377 1314 2411 εὐπρόσδεκτος
1338 2380 1426 2417 τούτῳ
1449 2383 1540 2410 ἐστίν’
1555 2385 1587 2410 οὑ
1606 2385 1659 2421 γὰρ
1686 2387 1816 2422 νεκρῶνὸ
1829 2388 1910 2421 Θεὸς,

1113 2423 1182 2450 ἀλλά
1194 2424 1304 2456 ζώντων
1318 2427 1403 2455 ἐστίν.

1149 2481 1202 2511 κγ’.
1225 2478 1315 2514 Ἀνὴρ
1326 2482 1468 2516 συνετὸς,
1482 2484 1590 2518 θρόνος
1610 2487 1790 2521 αἰσθήσεως.
1825 2490 1881 2517 Καὶ
1896 2492 1912 2517 ὁ

1115 2523 1163 2558 μὲν
1191 2526 1324 2558 γενναίως
1351 2530 1422 2555 κατά
1437 2529 1491 2556 τῶν
1517 2531 1612 2559 παθῶν
1631 2533 1841 2568 ἀνθιστάμενος,
1860 2538 1910 2564 καὶ

1112 2570 1180 2605 πρὸς
1207 2571 1256 2604 τὰς
1284 2572 1359 2606 θείας
1382 2575 1492 2608 ἐντολὰς
1507 2578 1644 2606 συννεύων
1670 2580 1742 2607 κατὰ
1771 2582 1907 2615 διάθεσιν,

1113 2615 1218 2651 ἵδρυσίς
1246 2619 1304 2646 ἐστι
1319 2620 1495 2656 διακρίσεως,
1511 2623 1549 2655 ὡς
1560 2625 1622 2651 καθ’
1633 2625 1689 2658 ἕξιν
1701 2627 1802 2662 ταύτης
1815 2628 1909 2656 ἐνδια-

1112 2661 1206 2696 θέτως,
1224 2664 1314 2701 πάσης
1326 2667 1375 2702 μὲν
1387 2665 1421 2703 ἦς
1435 2669 1503 2704 αὕτη
1517 2670 1669 2707 ἀποτρέπει
1690 2661 1793 2706 κακίας
1810 2675 1907 2702 ἐκκλί-

1110 2716 1182 2734 νων·
1212 2711 1303 2738 πᾶσαν
1318 2713 1341 2739 δ’
1358 2714 1470 2751 ἀρετὴν,
1503 2717 1571 2752 πρὸς
1597 2718 1631 2753 ἢν
1660 2719 1708 2745 καὶ
1734 2721 1906 2755 προτρέπει,

1111 2763 1206 2784 ποιων.

1145 2818 1257 2851 Καίὸία
1279 2819 1314 2847 δὲ
1325 2821 1466 2856 ἀφρόνων
1496 2826 1722 2860 συναντήσεται
1748 2829 1846 2863 ἀραῖς.
1871 2831 1906 2858 Ἦ

1108 2865 1180 2900 duth
1194 2866 1222 2891 δὲ
1238 2867 1291 2893 τῶν
1308 2868 1344 2903 μὴ
1360 2869 1425 2896 Θεὸν
1441 2871 1469 2897 ἐν
1483 2872 1551 2907 αὐτῇ
1583 2875 1798 2909 περιφερόντων,
1812 2879 1903 2903 τοιού-

1109 2919 1163 2942 τοις
1183 2912 1332 2948 ὑπαντήσει
1351 2918 1455 2950 κακοῖς,
1483 2918 1549 2951 οἵοις
1570 2920 1603 2946 ἄν
1616 2928 1656 2952 τις
1670 2920 1767 2957 ἐχθροῦ
1791 2924 1897 2958 κατηύ-
