2079 3161
143 178 211 210 1315

673 175 878 205 COMMENTA
884 174 942 203 RlI
965 174 1004 203 ΙΝ
1026 174 1240 203 l’ROVEi’tlilA
1247 196 1253 202 .

1711 169 1780 202 1346

143 232 223 263 ξατο·
248 231 286 262 ὼς
304 230 429 257 ἐντεῦθεν
447 230 645 266 περιπεσοῦσα,
663 230 798 260 ἑκουσίως
814 229 864 264 μὲν
880 229 931 260 τοῖς

990 233 1080 262 posset
1099 236 1104 254 ε
1130 227 1192 254 inde
1210 228 1282 254 enim
1307 226 1398 260 cadet,
1421 227 1510 254 libens
1530 225 1641 261 quidem
1661 227 1686 254 in
1700 228 1779 254 iudr-

140 278 312 312 ἀτιμοποιοῖς
346 277 474 310 πάθεσιν,
502 276 639 308 ἀκουσίως
656 276 685 303 δὲ
700 277 757 307 τοῖς
783 283 935 311 τιμωρητι-

140 333 180 350 κοι
187 332 208 355 ς.

175 370 225 397 κδ’.
240 369 309 404 Χεὶρ
324 368 477 396 ἐκλεκτῶν
493 368 638 403 κρατήσει
661 367 803 403 εὐχερῶς.
816 368 870 394 Καὶ
881 367 934 402 γὰρ

139 417 157 450 ὴ
178 417 226 451 μὲν
243 416 372 451 ποιητικὴ
392 416 508 450 δύναμις
522 415 577 442 τῶν
591 415 780 450 ὲκλεγομένων
797 414 827 440 τὸ
840 415 932 449 κρεῖτ-

139 471 186 489 τον
205 463 253 489 τοῦ
279 463 412 498 χείρονος,
429 462 446 497 ἥ
462 462 521 488 ἐστι
532 461 563 488 τὸ
577 462 697 496 λογικὸν,
713 461 845 494 ὑποτάξει
856 460 933 487 εὺκὸ-

139 509 193 540 λως
210 508 260 540 τὰς
270 508 361 535 αὐτῶν
372 508 481 539 πάντως
497 507 654 542 παθητικὰς
665 507 711 533 καὶ
724 506 839 540 ἀλόγους
851 506 933 533 δυνά-

142 563 215 589 μεις,
241 554 291 590 τὴν
311 553 460 589 ἐπιθυμίαν
476 553 523 580 καὶ
536 553 581 580 τὸν
592 553 690 588 θυμὸν,
706 554 754 580 καὶ
766 553 874 587 ποιήσει
885 553 934 584 τὰς

139 600 252 635 ἀρετάς.

175 646 274 672 Adito;
289 645 324 672 δὲ
353 646 477 673 ἔσονται
492 647 536 679 εἷς
552 645 718 680 προνομήν.
735 646 766 672 Οἱ
783 645 811 672 δὲ
826 644 935 672 δολοῦν-

140 699 186 721 τες
209 691 260 725 τὴν
276 691 420 718 εὐσέϐειαν
432 692 465 727 τῇ
487 692 558 727 πρὸς
575 692 610 718 τὰ
631 692 798 728 φθειρόμενα
829 692 933 727 σχέσει,

141 736 293 772 ὑπάρξουσι
311 737 488 773 προκείμενοι
498 738 572 765 κατὰ
590 737 704 774 γνώμην
715 739 755 770 εἰς
770 737 935 774 διάρπαγμσ.

139 783 180 818 τῷ
190 784 338 819 ἀρχεκὰκῳ
351 784 451 819 ἐχθρῷ.

175 833 224 856 κε’.
242 829 369 863 Φοϐερὸς
392 831 484 864 λόγος
502 830 630 865 καρδίαν
649 831 796 866 ταράσσει
821 832 934 866 ἀνδρὸς

140 876 269 903 δικαίου.
286 876 416 911 Ἐπεὶπερ
431 877 447 912 ἡ
466 876 516 911 μὲν
530 877 612 912 φόϐον
627 878 780 912 ἐμποιοῦσα
804 878 865 905 θεία
879 879 934 905 τῶν

139 922 278 948 κολάσεων
295 922 407 957 ἀπειλὴ,
421 922 470 957 τὴν
497 922 587 958 ψυχὴν
612 922 721 958 ὲκθροεί
733 924 780 950 τοῦ
795 925 866 950 κατὰ
878 924 932 950 τῶν

140 967 236 994 παθῶν
269 967 318 1002 μὲν
345 967 552 1003 ἀνδριζομένου,
580 969 640 1000 ταῖς
661 968 689 995 δὲ
702 969 790 1000 Θείαις
811 970 933 1002 ἐντολαῖς

139 1013 364 1048 πειθαρχοῦντος,
391 1012 446 1038 ἀπὸ
460 1012 552 1048 πάσης
580 1013 681 1045 κακίας
707 1014 809 1049 ταύτην
821 1014 934 1041 συστέλ-

139 1059 232 1085 λουσα.

181 1105 315 1140 Ἀγγελία
324 1104 358 1131 δὲ
374 1105 472 1140 ἀγαθὴ
485 1106 640 1141 εὐφραίνει
651 1107 755 1133 αὐτόν.
765 1106 797 1133 Ἠ
811 1106 834 1133 δ’
848 1107 934 1141 ἑπαγ-

141 1151 219 1185 γελία
246 1151 302 1178 τῶν
332 1151 480 1186 ἀκηράτων
512 1152 622 1186 ἀγαθῶν
638 1154 783 1188 χαροποιεί
807 1153 888 1179 αὐτὸν
899 1154 932 1189 τῇ

139 1198 228 1224 ἑλπίδι
242 1198 290 1233 τῆς
306 1199 451 1234 ὲπιτυχίας
466 1199 565 1226 αὐτῶν.

175 1248 232 1277 σις’.
249 1244 438 1280 Ἐπιγνώμων
448 1244 575 1278 δίκαιος,
591 1245 702 1272 ἑαυτοῦ
729 1246 820 1280 φίλος
836 1246 932 1273 ἔσται.

140 1289 194 1315 Καὶ
207 1289 262 1324 γὰρ
272 1290 286 1315 ὁ
301 1289 350 1323 μὲν
366 1289 546 1324 ὲπιγνώσκων
564 1290 639 1325 φόϐῳ
655 1291 704 1317 καὶ
721 1291 796 1326 πόθῳ
811 1291 855 1319 τὸν
866 1291 933 1318 Θεὸν

139 1334 177 1366 ὡς
197 1336 304 1370 κριτὴν,
318 1335 366 1362 καὶ
378 1335 407 1362 ὲν
422 1335 462 1370 τῷ
478 1336 618 1371 προτιμᾷν
634 1336 685 1371 τὴν
712 1336 814 1368 παντὸς
827 1337 934 1372 ἀνθρώ-

141 1390 191 1407 που
208 1381 331 1416 ἀγάπην,
351 1382 401 1417 τὴν
412 1381 488 1408 Θείαν
504 1382 595 1418 τηρῶν
611 1382 732 1418 ἐντολὴν,
753 1383 850 1409 ἑαυτὸν
862 1384 932 1418 ἀγα-

141 1426 199 1452 πῶν
216 1426 245 1459 ἐξ
257 1426 481 1460 ἀποτελέσματος
509 1427 601 1453 ἔσεται
614 1426 669 1458 ’ὡς
695 1427 849 1461 ἀγαπηθεὶς
880 1427 934 1454 ὑπὸ

140 1472 187 1498 τοῦ
215 1471 306 1504 Θεοῦ,
333 1472 394 1499 καθ’
422 1472 485 1499 ὅσον
508 1473 589 1505 αὐτὸς
616 1473 747 1509 ἠγάπησε
775 1473 840 1504 τοὺς
868 1474 932 1508 ὁμο-

141 1518 229 1550 φυεῖς.

176 1565 210 1590 Al
222 1562 335 1598 γνῶμαι
350 1562 410 1590 τῶν
430 1563 549 1591 ἀσεϐῶν
576 1564 767 1598 ἀνεπιεικεῖς.
785 1564 818 1591 Al
834 1564 864 1591 δὲ
884 1565 932 1600 ψυ-

140 1610 217 1644 χικαὶ
235 1609 371 1641 διαθέσεις
384 1610 438 1636 τῶν
453 1610 490 1645 μὴ
509 1610 583 1645 φόϐῳ
600 1611 648 1637 καὶ
667 1611 742 1646 πόθῳ
759 1612 803 1638 τὸν
819 1611 885 1638 Θεὸν
903 1612 932 1638 ἐν

140 1654 239 1689 καρδίᾳ
271 1655 486 1690 περιφερόντων,
507 1656 641 1690 ἀνήμεροι
657 1656 702 1682 διὰ
717 1657 749 1683 τὰ
763 1656 931 1692 πρόσκαιρα,

141 1701 188 1727 καὶ
201 1701 377 1736 ἀσυμπαθεῖς
406 1701 474 1736 πρὸς
499 1702 562 1733 τοὺς
590 1702 722 1737 ὁμοφυεῖς
753 1703 907 1738 ὑπάρχουσι
923 1711 930 1719 ο

140 1747 260 1774 τοιοῦτον
277 1747 305 1773 δὲ
325 1747 434 1778 πάντως
447 1748 495 1774 καὶ
506 1747 552 1774 τδν
566 1748 671 1775 δίκαιον
696 1748 794 1784 κριτὴν
823 1749 932 1780 ἑαυτοῖς

140 1793 170 1819 ὲν
184 1793 276 1827 ἡμέρᾳ.
293 1793 498 1824 ἀνταποδόσεως
511 1793 603 1826 ἕξουσι
613 1802 620 1808 ·
639 1793 676 1829 μὴ
690 1794 849 1830 ὲλεούμενοι
865 1795 932 1830 παρ’

140 1837 235 1870 αὑτοῦ,
251 1838 312 1863 ἐπεὶ
327 1838 388 1873 μηδ’
405 1837 483 1864 αὐτοὶ
495 1838 606 1873 ἐτέρους
619 1839 743 1874 ὲλέησαν.

183 1882 419 1917 Ἀμαρτᾰνοντας
441 1884 650 1918 καταλήψεται
680 1885 769 1912 κακά.
797 1886 853 1912 Καὶ
869 1886 931 1917 τοὺς

140 1929 380 1964 ἀποτυγχάνοντας
407 1930 458 1963 τῆς
480 1931 519 1961 εἰς
545 1930 684 1966 σωτηρίαν
698 1931 818 1967 ἀγούσης
835 1933 932 1967 στενῆς

142 1975 187 2001 καὶ
216 1975 402 2011 τεθλιμμένης
415 1975 476 2002 ὁδοῦ
487 1976 542 2002 τῶν
556 1975 672 2002 ἐντολῶν
691 1976 737 2002 τοῦ
750 1976 829 2008 Θεοῦ,
845 1986 932 2005 κατα-

140 2021 244 2048 λάϐωσι
271 2022 442 2058 κολάσεις·ἢ
463 2022 532 2058 πρὸς
560 2021 695 2058 κάθαρσιν
724 2023 930 2059 πρόσκαιροι,ῆ

141 2068 209 2102 πρὸς
217 2068 353 2103 τιμωρίαν
368 2068 511 2103 διηνεκεῖς.

182 2113 258 2139 Ἡδὲ
270 2113 341 2146 ὁδὸς
362 2113 423 2141 τῶν
437 2114 557 2142 ἀσεϐῶν
577 2114 730 2149 πλανήσει
760 2116 880 2149 αὐτούς.
899 2116 932 2142 Ἦ

140 2158 169 2184 δὲ
180 2159 219 2189 εἰς
246 2158 385 2186 ἀπώλειαν
406 2160 528 2194 φέρουσα
543 2160 672 2194 πλατεῖα,
697 2161 746 2187 καὶ
774 2161 932 2197 εὐρύχωρος

141 2205 219 2240 βιοτὴ
230 2205 285 2232 τῶν
306 2206 343 2241 μὴ
354 2205 388 2232 δι’
401 2205 490 2241 ἔργων
511 2206 684 2242 δικαιοσύνης
698 2208 842 2243 τιμώντων
853 2209 930 2241 Θεὸν,

140 2251 278 2286 ἀπατήσει
299 2252 409 2284 αὐτοὺς,
426 2253 585 2288 ἐκστήσασα
599 2253 637 2288 τῷ
652 2254 701 2289 τῆς
727 2254 827 2290 ἡδονῆς
841 2255 931 2282 δελεά-

142 2305 217 2332 ματι,
230 2298 279 2332 τῆς
291 2297 331 2329 εὶς
350 2300 488 2334 σωτηρίαν
499 2300 620 2335 ἀγούσης
636 2300 708 2327 ὁδοῦ.

175 2345 226 2378 κζ’.
241 2347 301 2373 οὐκ
317 2346 504 2378 ἐπιτεύξεται
519 2347 624 2380 δόλιος
636 2347 741 2381 θήρας.
751 2348 806 2374 Καὶ
813 2348 863 2375 οὐκ
876 2349 932 2375 ἑπι-

139 2391 208 2428 τὺχῃ
226 2393 275 2427 μὲν
293 2393 307 2419 ὁ
322 2393 536 2429 ὑποκρινόμενος
552 2393 602 2429 τὴν
626 2394 739 2429 ἀρετὴν,
752 2394 801 2430 τῆς
817 2395 932 2431 θηρευο-

140 2437 226 2473 μένης
240 2438 286 2465 ὑπ’
299 2438 382 2466 αὑτοῦ
401 2439 468 2474 παρ’
483 2439 635 2474 ἀνθρώπιον
647 2440 740 2475 τιμῆς.

175 2484 280 2518 Κτῆμα
290 2484 323 2511 δὲ
336 2485 444 2519 τίμιον,
455 2486 533 2520 ἀνὴρ
547 2487 687 2520 καθαρός.
706 2487 826 2522 Πρᾶγμα
836 2486 863 2513 δὲ
881 2487 931 2522 τῆς

140 2531 216 2566 παρὰ
225 2531 285 2567 Θεῷ
298 2532 346 2558 καὶ
358 2531 514 2567 ἀνθρώποις
524 2533 607 2567 τιμῆς
615 2532 700 2566 ἄξιον,
708 2533 850 2567 ἄνθρωπος
862 2542 930 2560 παν-

138 2576 184 2609 τὸς
197 2578 283 2611 ῥύπου
302 2578 511 2614 ἁμαρτημάτων
528 2578 751 2614 ἀπηλλαγμένος.

175 2622 230 2658 κη’.
253 2623 302 2650 Ἐν
324 2623 406 2657 ὁδοῖς
432 2624 642 2659 δικαιοσύνης,
671 2625 738 2661 ζωή.
764 2626 820 2653 Καὶ
835 2627 864 2654 ὲν
880 2628 929 2663 μὲν

137 2670 199 2701 ταῖς
220 2670 365 2705 ἐργασίαις
379 2670 433 2697 τῶν
448 2671 495 2698 τοῦ
513 2671 580 2698 Θεοῦ
598 2673 724 2706 ἐντολῶν,
739 2669 777 2700 ὧν
790 2674 930 2711 πλήρωμα

138 2716 155 2750 ἡ
169 2715 264 2750 ἀγάπη
285 2717 369 2748 ἐστὶν,
386 2716 401 2742 ὁ
427 2717 458 2743 ὲκ
479 2716 581 2753 ταύτης
597 2719 757 2753 τικτόμενος
787 2722 929 2756 φωτισμὸς

137 2761 188 2796 τῆς
203 2761 340 2795 γνώσεως,
355 2762 412 2798 ζωὴ
428 2763 546 2798 ὑπὲρχει
561 2764 608 2790 τοῦ
623 2765 680 2792 νοῦ.

180 2807 255 2834 Ὀδοὶ
267 2808 301 2835 δὲ
311 2809 521 2844 μνησικάιιων,
535 2811 577 2843 εἰς
606 2811 747 2838 θάνατον.
762 2813 802 2839 Τὰ
821 2814 847 2840 δὲ
858 2814 925 2849 ἔργα

137 2853 192 2882 τῶν
207 2854 239 2881 τὺ
254 2857 331 2890 μῖσος
344 2857 414 2892 πρὸς
431 2857 593 2893 ἀνθρώπους
610 2859 761 2894 ἀνεχόντων
784 2862 924 2895 ὲπὶμονον,

137 2900 363 2939 δι’ἀνεπίληστον
389 2904 500 2940 μνήμην
527 2905 682 2941 συμῦἁντος
703 2906 773 2939 τινὺς
803 2907 926 2945 λυπηροῦ

988 281 1080 306 coras,
1097 274 1180 300 invita
1199 281 1264 301 vero
1278 273 1304 300 in
1330 273 1440 300 ultrices
1458 273 1610 307 passiones.

1026 366 1106 395 Vens.
1124 367 1170 394 24.
1196 366 1294 393 Manus
1321 366 1464 392 electorum
1486 365 1669 392 dominabitur
1687 365 1778 400 facile.

986 411 1094 440 Etenim
1118 414 1205 440 activa
1222 412 1340 447 potentia
1356 419 1451 438 eorum
1476 412 1522 446 qui
1548 416 1696 439 secernunt
1710 412 1781 447 opti-

987 465 1062 485 mum
1090 465 1105 484 a
1123 458 1252 494 pessimo,
1272 465 1332 492 qum
1359 462 1401 484 est
1423 457 1456 484 τὸ
1483 457 1628 490 rationale,
1651 457 1781 492 subjiciet

985 499 1067 530 facile
1086 501 1232 529 scnsibiles
1251 501 1365 528 omnino
1379 508 1474 529 eorum
1490 506 1518 529 et
1531 502 1709 530 irrutionales
1730 510 1779 538 po-

986 550 1098 581 tentias,
1119 547 1374 582 concupiscentiam
1396 547 1502 576 scilicet
1519 552 1547 576 et
1563 548 1644 581 iram,
1657 553 1686 576 et
1698 556 1730 576 ex
1747 550 1781 577 iis

986 595 1105 622 virtutes
1118 593 1226 622 eﬂiciet.

1023 640 1116 668 Dolosi
1142 645 1230 667 autem
1254 643 1332 667 erant
1357 640 1384 666 in
1408 640 1594 675 direptionem.
1615 639 1668 673 Qui
1690 644 1781 667 autem

987 688 1092 724 ﬁngunt
1119 687 1246 722 pietatem
1279 687 1457 714 inclinatione
1487 687 1521 714 ad
1553 691 1697 722 corruptas
1725 694 1779 719 res,

986 734 1104 769 subjecti
1129 737 1211 760 erunt
1237 733 1272 760 ad
1301 738 1397 760 nutum
1430 733 1581 761 architnalo
1617 733 1729 761 inimico
1753 733 1781 760 in

986 780 1094 808 actibus
1111 779 1180 807 suis.
1617 815 1618 818 η

1024 825 1105 853 Vens.
1131 826 1176 852 ἓξ).
1197 825 1330 852 Terribilis
1352 833 1438 852 sermo
1463 833 1508 851 cor
1530 824 1618 852 turbat
1633 824 1683 851 viri
1700 824 1780 859 justi.

987 871 1084 899 Divina
1102 871 1300 906 suppliciorum
1326 871 1505 898 comminatio
1524 878 1586 906 qua:
1605 875 1707 898 metum
1738 871 1781 897 iu-

950 915 1054 954 Bjicit,
1080 918 1199 945 animam
1224 918 1370 945 conturbat
1394 918 1454 952 ejus
1481 918 1527 952 qui
1549 924 1565 944 a
1585 917 1782 952 cupiditatibus

986 964 1044 991 suis
1078 965 1256 996 convalescit,
1278 967 1305 991 et
1333 963 1434 991 divinis
1453 963 1545 991 obedit
1568 964 1725 999 praeceptis.
1746 963 1780 991 ab

986 1010 1061 1038 omni
1077 1007 1180 1038 malitia
1195 1010 1339 1038 retrahens
1354 1010 1440 1037 illam.

1022 1101 1166 1130 Nuntiatio
1183 1107 1272 1130 autem
1290 1103 1359 1130 bona
1375 1102 1496 1137 lwli/icat
1514 1111 1584 1130 eum.
1599 1102 1781 1131 Annuntiatio

983 1147 1123 1175 bonorum
1140 1148 1200 1176 sine
1215 1148 1410 1176 commistione
1432 1148 1552 1176 lmtiﬁcat
1567 1156 1630 1176 eum
1653 1157 1702 1184 spe
1716 1157 1781 1185 pos-

986 1193 1121 1221 sessiunis
1139 1201 1246 1220 eorum.

1022 1239 1105 1267 Vens.
1119 1239 1165 1266 26.
1189 1239 1315 1275 Cognitor
1330 1239 1431 1274 justus,
1450 1241 1492 1267 sui
1507 1240 1589 1274 ipsius
1605 1241 1705 1267 amicus
1716 1241 1780 1268 erit.

983 1286 1091 1314 Etenim
1108 1286 1155 1321 qui
1173 1287 1271 1313 timore
1289 1289 1316 1313 cl.
1342 1286 1480 1313 desiderio
1501 1286 1626 1321 agnoscit
1652 1285 1734 1314 Deum
1751 1291 1778 1313 nl

983 1332 1113 1367 iudicem,
1131 1335 1158 1359 et
1175 1332 1202 1358 in
1226 1331 1362 1358 studendo
1379 1332 1466 1359 amori
1489 1331 1611 1358 omnium
1627 1331 1780 1363 hominum,

985 1378 1104 1406 divinam
1117 1381 1208 1405 servat
1222 1377 1404 1411 voluntatem,
1417 1378 1538 1412 seipsum
1551 1377 1640 1412 reipsa
1654 1377 1756 1404 amabit
1773 1386 1780 1409 ;

984 1431 1048 1452 nam
1076 1423 1213 1451 attrahitur
1235 1431 1250 1451 a
1264 1423 1319 1451 Deo
1339 1423 1366 1451 in
1388 1429 1520 1459 quantum
1540 1423 1599 1459 ipse
1619 1424 1722 1451 amavit
1741 1424 1777 1451 εἰς

985 1471 1064 1498 miles
1078 1470 1144 1499 sibi.

1022 1569 1167 1597 Sementiae
1195 1570 1338 1605 impiorum
1368 1570 1424 1596 sine
1455 1569 1649 1597 misericordia.
1677 1570 1779 1598 Anime

984 1625 1049 1645 vero
1064 1617 1261 1651 dispositiones
1282 1623 1379 1643 eorum
1398 1616 1443 1650 qui
1461 1623 1510 1643 nec
1526 1616 1623 1644 timore
1639 1624 1689 1643 nec
1706 1616 1778 1643 desi-

984 1664 1061 1691 derio
1088 1662 1170 1690 Deum
1195 1663 1223 1690 in
1248 1663 1329 1689 corde
1345 1662 1448 1694 ferunt,
1467 1662 1527 1689 sine
1551 1662 1738 1689 misericordia
1752 1662 1778 1688 in

983 1713 1105 1744 tempore
1125 1714 1152 1736 et
1177 1708 1236 1736 sine
1254 1707 1354 1736 aﬂ'ectu
1379 1715 1444 1743 erga
1462 1708 1566 1735 similes
1583 1713 1648 1736 sunt
1663 1717 1670 1735 :
1697 1708 1778 1735 talem

983 1763 1066 1790 porro
1080 1755 1185 1790 justum
1201 1753 1323 1789 judicem
1340 1753 1391 1780 sibi
1418 1753 1560 1781 habebunt
1583 1754 1609 1780 in
1628 1753 1672 1781 die
1700 1754 1772 1781 rclri-

983 1800 1104 1829 butionis
1121 1809 1128 1827 ι
1156 1807 1216 1827 ιιοιι·
1237 1800 1456 1827 misericordiam
1480 1800 1514 1827 ab
1531 1801 1591 1835 ipso
1607 1808 1780 1836 consequen-

983 1853 1038 1879 tur,
1052 1846 1117 1881 quia
1133 1853 1184 1872 nec
1199 1846 1251 1880 ipsi
1268 1846 1377 1873 caeteris
1391 1846 1583 1873 misericordes
1601 1845 1724 1873 fuerunt.

1020 1892 1072 1919 Eos
1082 1891 1127 1926 qui
1136 1897 1244 1925 peccant
1253 1897 1440 1927 persequentur
1449 1892 1530 1920 mala.
1539 1892 1572 1920 Et
1583 1893 1628 1928 qui
1639 1901 1692 1920 non
1703 1893 1778 1921 inve-

983 1937 1061 1965 niunt
1067 1942 1171 1965 arctam
1179 1943 1203 1965 et
1213 1942 1357 1973 altgustam
1367 1938 1438 1965 viam
1455 1946 1515 1974 qua:
1526 1939 1601 1966 ducit
1609 1940 1642 1966 ad
1651 1940 1777 1971 salutem,

982 1985 1053 2011 viam
1074 1984 1180 2011 scilicet
1194 1984 1385 2011 mandatorum
1397 1984 1455 2017 Dei,
1469 1985 1568 2013 cadent
1584 1986 1611 2013 in
1628 1986 1775 2020 supplicia,

983 2035 1030 2058 aut
1054 2031 1088 2058 ad
1106 2031 1297 2067 purgationem
1324 2033 1503 2067 temporaria,
1526 2038 1571 2060 aut
1589 2032 1622 2060 ad
1644 2033 1776 2060 ultionem

983 2083 1083 2105 interna
1089 2097 1096 2103 .

1017 2123 1053 2149 Et
1070 2123 1110 2150 via
1125 2123 1267 2158 impiorum
1290 2123 1395 2150 seducet
1418 2131 1472 2151 ens.
1488 2122 1554 2156 Qua:
1573 2123 1623 2151 fert
1635 2123 1668 2151 ad
1682 2124 1775 2159 pcrdi-

983 2168 1084 2195 tioucm
1101 2169 1155 2195 lata
1176 2173 1204 2196 et
1227 2169 1346 2204 spatiosa
1368 2172 1423 2196 vita
1449 2177 1543 2196 eorum
1574 2170 1620 2204 qui
1647 2177 1699 2197 non
1731 2179 1774 2197 co-

983 2214 1044 2240 lunt
1058 2214 1142 2241 Deum
1173 2223 1222 2250 per
1236 2223 1319 2250 opera
1333 2215 1459 2250 justitiar,
1473 2215 1548 2242 fallet
1565 2223 1624 2249 eos,
1643 2223 1712 2251 quas
1727 2224 1776 2243 vo-

984 2261 1095 2297 luptatis
1117 2261 1263 2293 illecebris,
1275 2270 1290 2289 e
1301 2262 1398 2290 salutis
1414 2263 1457 2289 via
1473 2263 1581 2290 educet.

1021 2362 1106 2390 Vens.
1130 2362 1177 2388 27.
1204 2360 1266 2388 Νοη
1290 2367 1461 2395 consequetur
1486 2361 1593 2389 dolosas
1611 2355 1773 2390 venationes.

985 2408 1040 2437 Nec
1055 2413 1241 2444 consequetur
1255 2408 1338 2436 immo
1363 2410 1500 2436 mentiens
1522 2410 1661 2442 virtutem,
1688 2410 1775 2437 bono-

985 2462 1043 2482 rem
1062 2454 1137 2481 illum
1152 2462 1233 2489 quem
1252 2454 1323 2490 apud
1346 2455 1471 2482 homines
1488 2459 1613 2482 venatur.

1020 2499 1157 2527 Possessio
1168 2506 1256 2527 autem
1288 2501 1416 2535 preliosa,
1446 2502 1485 2528 vir
1502 2509 1593 2533 purus.
1623 2502 1674 2529 lies
1702 2502 1774 2538 apud

984 2543 1068 2571 Deum
1078 2549 1103 2572 et
1116 2545 1239 2573 homines
1254 2545 1334 2572 laude
1347 2545 1439 2581 digna,
1452 2546 1533 2573 homo
1542 2548 1613 2574 omni
1630 2547 1772 2583 culparum

984 2591 1091 2618 macula
1117 2591 1274 2619 mundatus.

1018 2635 1101 2663 Vens.
1113 2634 1159 2664 28.
1174 2635 1207 2663 1η
1221 2637 1317 2664 semita
1327 2637 1455 2672 justitiaz,
1469 2639 1534 2666 vita.
1554 2638 1582 2666 in
1598 2639 1772 2668 observantia

983 2681 1030 2709 Dei
1053 2683 1256 2715 mandatorum,
1280 2683 1306 2710 in
1332 2685 1432 2718 quibus
1456 2687 1624 2721 complendis
1651 2687 1772 2717 charitas

981 2733 1100 2760 constat,
1123 2728 1168 2755 lux
1200 2730 1323 2758 scientia:
1347 2739 1428 2766 quam
1449 2732 1494 2759 illa
1522 2733 1659 2768 producit,
1685 2734 1770 2762 vitam

981 2779 1094 2809 praestat
1111 2775 1218 2803 animat.

1023 2819 1077 2846 Viw
1090 2826 1178 2847 autem
1201 2829 1344 2848 memorum
1359 2823 1475 2857 injuriaz.
1495 2825 1522 2851 in
1547 2831 1666 2853 mortem.
1682 2827 1769 2859 Opera

981 2871 1072 2894 autem
1086 2875 1182 2894 eorum
1203 2869 1249 2903 qui
1270 2870 1361 2896 odium
1378 2870 1404 2896 in
1426 2870 1550 2899 homines
1567 2877 1677 2899 servant
1692 2874 1771 2899 dura-

981 2912 1046 2945 bile,
1066 2912 1101 2941 ob
1118 2914 1292 2943 indclcbilcm
1315 2916 1475 2945 memoriam
1503 2918 1621 2954 alicujus
1638 2919 1770 2947 molestia:
