2079 3161
306 166 370 198 1341

951 162 1130 193 PROCOPII
1150 160 1272 192 GAZEI

1885 155 1956 188 1348

304 230 366 257 qua:
378 222 412 248 ab
425 221 480 249 illis
495 220 571 248 illata
585 224 628 248 est
641 220 668 247 lu
678 219 765 255 ipsos,
781 218 885 246 ducunt
899 226 958 252 eos,
973 223 1100 253 tanquam

1158 217 1225 251 παρ’
1239 215 1332 243 αὐτῶν
1348 215 1388 248 είς
1400 214 1509 247 αὐτοὺς,
1530 215 1628 248 ἄγουσι
1655 213 1767 245 τούτους
1781 213 1820 245 ὡς
1836 213 1955 247 ἀφιστα-

305 273 385 304 longe
400 268 506 295 alienos
519 274 535 294 a
551 267 687 294 charitate
701 273 763 301 quae
774 272 871 292 omnes
887 265 1006 291 virtutes
1023 271 1105 299 gene-

304 319 358 347 rat,
378 315 405 341 in
429 314 528 341 animae
551 317 751 348 mortem,qu;e
766 315 810 340 est
831 314 984 347 peccatum,
1001 317 1049 338 seu
1065 316 1106 338 se-

304 360 412 395 paratio
428 367 444 387 a
459 360 526 394 Deo,
539 359 596 386 vita
613 366 690 386 vera.

622 430 700 458 CAP.
719 429 789 458 Xlll.

341 495 426 524 Vsus.
450 495 477 522 Ι.
495 494 581 522 Filius
599 499 716 526 astutus,
739 493 861 521 obedieus
884 494 965 527 potri.
994 492 1030 520 Ex
1061 492 1105 520 his

305 541 352 578 qui
363 541 484 577 adoptati
506 545 570 568 sunt
584 547 632 575 per
644 540 736 572 tidem,
750 539 798 574 qui
809 539 902 566 omnia
915 538 1008 565 divina
1025 545 1103 564 man-

304 588 367 614 data
400 587 538 618 observat,
564 585 694 613 obediens
709 589 752 613 est
780 584 834 612 Deo
862 589 889 612 et
915 584 990 611 Patri
1014 591 1029 610 a
1048 591 1104 618 quo

306 633 455 669 adoptatus
471 633 523 660 fuit
547 632 698 660 secundum
725 633 853 667 gratiam,
875 636 903 659 et
919 631 965 666 qui
980 631 1104 666 praecipit

305 687 368 715 quae
387 684 453 707 sunt
467 678 500 705 ad
518 678 645 706 salutem.

341 725 394 759 Qui
418 729 506 752 autem
525 732 576 751 non
591 723 726 756 obedienc,
739 724 767 751 in
778 723 935 758 perditione.
950 723 998 752 Ille
1010 727 1102 751 autem

305 771 350 806 qui
375 770 430 799 Deo
452 777 508 797 non
529 773 573 796 est
588 768 734 801 obedicns,
754 769 783 796 in
803 769 976 797 observanda
1006 773 1102 797 sancta

304 825 363 850 ejus
379 816 518 850 mandata,
540 816 592 843 etsi
606 819 716 851 propter
733 822 836 842 meram
856 815 936 843 lldem
957 816 1030 844 [ilius
1041 815 1102 851 ejus

304 863 350 899 qui
375 867 488 890 vocetur
522 862 647 889 videatur
668 861 780 897 dignus,
803 862 830 888 in
856 861 904 889 Dei
931 862 1101 890 aversionem

305 910 414 936 funeste
429 908 514 936 cadit.

339 951 424 980 Vsus.
443 953 471 981 2.
506 951 531 980 E
555 952 686 986 fructibus
709 952 827 988 justititc
847 953 931 980 alitur
956 953 1029 988 [ilius
1057 953 1102 980 bo-

305 1008 365 1026 mu.
385 999 421 1026 Ex
436 997 590 1027 fruetil'eris
607 1000 768 1032 virtutibus,
784 1007 832 1035 per
850 1000 1007 1027 divinorqu
1024 1008 1103 1027 mau-

304 1046 430 1072 datorum
443 1045 647 1073 observantiam
658 1045 796 1073 nulrietut‘
805 1045 957 1074 sccundum
969 1046 1100 1078 animam,

304 1090 351 1118 ille
365 1091 412 1126 qui
429 1098 506 1118 suam
522 1091 696 1126 spiritualem
715 1090 867 1118 secundum
889 1091 1005 1127 gratiam
1020 1092 1103 1126 adop-

304 1138 406 1164 tionem
428 1137 456 1164 in
481 1137 556 1165 omni
575 1138 736 1166 obedientia
760 1142 907 1166 conservat
923 1137 1101 1173 irrepreben-

304 1184 423 1212 sibilent.

338 1230 444 1259 Anima:
456 1235 546 1257 autem
572 1230 811 1265 prawaricutorum
828 1234 935 1264 pereunt
959 1233 1019 1255 ante
1038 1233 1103 1256 tem-

303 1284 364 1310 pus.
377 1277 482 1304 Animae
494 1277 675 1304 veroillorum
689 1277 735 1311 qui
748 1275 840 1303 divina
848 1276 977 1302 mandata
988 1275 1102 1308 violant,

303 1322 458 1350 voluntarie
488 1323 540 1350 sibi
575 1326 724 1358 procurant
755 1321 804 1349 Dei
830 1322 1011 1354 aversionetu,
1039 1326 1103 1348 ante

304 1373 413 1403 tempus
423 1368 522 1402 judicii
535 1372 563 1396 et
579 1368 782 1396 retributionis.

341 1414 425 1442 Vens.
440 1415 468 1443 5.
490 1414 543 1448 Qui
566 1415 680 1442 custodit
695 1422 723 1441 os
732 1422 822 1447 suum,
838 1413 955 1440 custodit
984 1414 1103 1440 animum

303 1470 390 1490 suam.
411 1460 463 1495 Qui
485 1461 586 1496 linguai
609 1469 666 1490 sua:
691 1461 861 1493 dominatur,
884 1461 921 1488 ita
936 1465 967 1487 ut
983 1460 1104 1488 inconsi-

303 1508 399 1535 derate
420 1515 477 1535 non
503 1507 636 1543 loquatur
661 1514 723 1542 quze
738 1507 765 1534 in
792 1506 878 1534 Deum
907 1511 954 1534 aut
980 1506 1104 1534 homines

303 1551 459 1584 oll'cudunt.
475 1551 598 1580 custodit
611 1552 731 1579 animam
749 1559 826 1580 suam
846 1555 932 1579 tutam
945 1552 979 1579 ab
994 1551 1103 1580 insidiis

303 1597 501 1626 daemoniorum
514 1602 543 1626 et
560 1597 703 1625 hominum
717 1597 903 1634 querentium
925 1598 1100 1626 occasionem

303 1643 388 1679 hujus
401 1642 674 1679 comprehendendae.

340 1737 394 1770 Qui
404 1742 494 1765 autem
512 1743 627 1772 preceps
652 1741 692 1764 eu
720 1736 811 1769 labiis,
839 1737 947 1764 terrebit
973 1737 1101 1771 seipsum.

303 1783 355 1817 Qui
371 1789 462 1811 autem
481 1782 687 1810 inconsiderate
702 1782 835 1817 laquitur,
857 1790 887 1809 se
915 1782 974 1817 ipse
993 1782 1021 1809 in
1045 1789 1101 1809 me-

304 1832 361 1856 tum
375 1827 475 1862 injicit,
494 1831 625 1862 tanquam
646 1827 755 1854 locutus
773 1826 847 1862 quod
873 1828 925 1863 ipsi
944 1827 1025 1855 aﬂ'ert
1042 1828 1102 1854 ani-

303 1882 355 1902 mm
369 1878 417 1901 aut
431 1874 557 1909 corporis
579 1873 743 1908 periculum.

338 1920 422 1948 Vsus.
437 1920 465 1947 4.
479 1919 511 1947 lu
532 1919 673 1946 desideriis
688 1924 727 1946 at
750 1919 836 1947 omnis
859 1920 972 1947 otiosus.
992 1919 1102 1955 Cupidi-

302 1970 373 1994 tatea
393 1966 446 1994 sibi
465 1970 606 2001 comparat
630 1965 847 1998 irrationabiles,
870 1966 961 1993 omnis
984 1968 1029 2002 qui
1054 1973 1102 2000 per

302 2012 441 2049 pigritiam
451 2016 494 2040 est
506 2011 622 2044 otiosus,
636 2011 710 2047 quod
719 2019 750 2039 se
759 2019 816 2039 non
825 2016 943 2047 occupat
959 2012 986 2039 in
1002 2019 1101 2047 opera-

302 2059 379 2085 tione
392 2057 515 2086 virtutis.

338 2103 437 2131 Manus
447 2108 535 2131 autem
552 2104 671 2132 virorum
681 2103 708 2131 in
721 2103 876 2132 sedulitate.
891 2104 994 2132 Activaa
1007 2108 1099 2131 autem

303 2147 452 2176 facultates
465 2149 566 2178 horum
581 2149 629 2184 qui
652 2149 773 2178 viriliter
787 2150 924 2178 resistunt
937 2151 1100 2178 voluntariis

303 2196 387 2222 animi
400 2196 587 2231 passionibus,
598 2196 734 2224 sulleruut
745 2201 836 2225 autem
849 2197 1060 2226 involuutarias.
1071 2198 1099 2225 In

1157 262 1258 297 μένους
1276 261 1388 297 μακρὰν
1403 261 1454 296 τῆς
1469 261 1566 287 πασῶν
1581 260 1636 287 τῶν
1650 260 1755 296 ἀρετῶν
1767 259 1955 294 γενικωτάτης

1155 308 1278 343 ἀγάπης,
1292 308 1332 339 είς
1342 307 1388 334 τὸν
1401 307 1453 342 τῆς
1464 306 1556 341 ψυχῆς
1567 306 1693 333 θάνατον·
1707 305 1737 337 ὅς
1751 305 1853 341 ἐστινὴ
1868 305 1956 340 ἀμαρ-

1155 354 1211 387 τία,
1223 353 1261 386 ὡς
1272 353 1414 390 χωρισμὸς
1429 353 1483 380 ἀπὸ
1499 353 1568 380 θεοῦ
1588 353 1637 388 τῆς
1651 352 1738 384 ὅντως
1753 351 1837 387 ζωῆς.

1455 425 1582 453 ΚΕΦᾹΛ.
1598 425 1650 453 II".

1189 494 1224 518 α’.
1241 490 1310 524 Υίός
1338 489 1523 525 πανοῦργος,
1538 489 1676 522 ὑπήκοος
1704 488 1804 523 πατρί.
1825 489 1882 515 Καὶ
1899 488 1956 515 τῶν

1155 538 1206 573 μὲν
1227 538 1443 573 υἱοθετηθέντων
1456 537 1500 563 διὰ
1516 536 1647 569 πίστεως,
1661 537 1675 562 ό
1691 536 1782 568 πάσας
1797 536 1847 567 τὰς
1877 535 1956 567 θείας

1153 583 1237 611 αὐτοῦ
1252 584 1367 615 ἐντολὰς
1391 582 1588 619 ἐργαζόμενος,
1607 581 1740 618 εὐπειθής
1755 583 1812 608 ἐστι
1823 582 1863 618 τῷ
1879 583 1952 609 κατᾶ

1153 631 1233 667 χάριν
1248 631 1398 667 υἱοθετησα
1408 631 1484 666 μένῳ
1499 630 1591 662 αὑτὸν,
1609 630 1656 656 καὶ
1667 629 1702 656 τὰ
1723 628 1791 662 πρὸς
1816 629 1954 665 σωτηρίαν

1154 678 1338 713 ἐντειλαμένῳ
1353 677 1413 712 Θεῷ
1430 678 1476 704 καὶ
1488 676 1586 712 Πατρί.

1195 725 1222 752 '0
1235 725 1269 752 δὲ
1282 725 1429 759 ἀνήκοος,
1441 724 1476 750 ἐν
1489 723 1633 757 ἀπωλείᾳ.
1655 722 1686 749 '0
1698 722 1728 749 δὲ
1742 722 1779 758 μὴ
1792 722 1955 757 πειθόμενος

1153 771 1222 807 Θεῷ,
1241 773 1280 803 εἰς
1294 771 1325 798 τὸ
1341 772 1429 797 ποιεῖν
1440 771 1490 802 τὰς
1509 770 1590 804 ἁγίας
1608 769 1691 796 αὐτοῦ
1707 769 1826 801 ἐντολὰς,
1842 768 1895 795 κᾶν
1911 768 1955 795 διὰ

1152 817 1236 853 ψιλῆς
1250 817 1370 848 πίστεως
1385 816 1443 847 υἱὸς
1458 815 1594 852 κληθῆναι
1623 814 1727 850 ἡξιὼθη
1746 813 1839 846 αὐτοῦ,
1857 815 1897 846 εἰς
1907 815 1956 840 τὸν

1153 864 1201 891 ἀπ’
1215 863 1298 891 αὑτοῦ
1310 862 1424 895 ἀσώτως
1436 863 1520 898 χωρεί
1533 861 1706 898 μακρυσμόν.

1190 956 1223 993 β’.
1254 957 1326 985 Ἀπὸ
1354 956 1477 991 καρπῶν
1504 955 1703 989 δικαιοσύνης
1730 954 1855 990 φάγεται
1886 955 1954 988 vim;

1152 1006 1275 1041 ἀγαθός.
1287 1005 1343 1032 Καὶ
1352 1004 1407 1031 ἀπὸ
1423 1004 1472 1038 μὲν
1485 1003 1539 1030 τῶν
1548 1003 1820 1040 καρποφορουμένων
1834 1002 1952 1037 ἀρετῶν,

1152 1051 1197 1078 διὰ
1224 1051 1276 1086 τῆς
1303 1050 1359 1077 τῶν
1372 1050 1454 1077 θείων
1480 1049 1595 1076 ἐντολῶν
1614 1048 1758 1085 ἐργασίας,
1779 1048 1953 1084 τραφήσεται

1153 1097 1224 1125 κατὰ
1259 1097 1362 1133 ψυχὴν,
1376 1097 1389 1124 ὁ
1400 1096 1455 1132 τὴν
1472 1096 1501 1123 ἐν
1515 1095 1652 1131 πνεύματι
1676 1095 1748 1122 κατὰ
1761 1095 1842 1130 χάριν
1858 1095 1950 1122 υἱοθε-

1154 1144 1215 1171 σίαν
1230 1143 1314 1171 αὑτοῦ
1327 1144 1356 1170 ὲν
1366 1143 1441 1180 πάσῃ
1456 1142 1598 1178 εὐπειθείᾳ
1612 1141 1703 1177 τηρῶν
1716 1141 1826 1177 ἄψογον.

1192 1233 1292 1268 Ψυχαὶ
1312 1232 1346 1259 δὲ
1363 1233 1545 1268 παρανόμων
1580 1232 1724 1260 όλοῦνται
1751 1232 1852 1266 ἄωροι.
1871 1232 1906 1259 At
1922 1233 1952 1259 δὲ

1153 1279 1239 1314 ψυχαὶ
1252 1279 1308 1306 τῶν
1318 1279 1367 1310 τὰς
1377 1279 1452 1310 θείας
1467 1278 1578 1310 ἐντολὰς
1593 1278 1819 1314 παραϐαινόντων
1832 1277 1953 1313 ὑποστή-

1155 1334 1247 1352 σονται
1261 1325 1396 1357 ἑκουσίως
1411 1324 1458 1352 τὸν
1473 1325 1527 1352 ἀπὸ
1541 1324 1610 1351 Θεοῦ
1630 1325 1804 1360 μακρυσμδν,
1821 1324 1876 1360 πρὸ
1903 1324 1952 1351 τοῦ

1154 1370 1252 1408 καιροῦ
1269 1370 1319 1406 τῆς
1331 1371 1449 1406 κρίσεως
1464 1370 1511 1397 καὶ
1527 1370 1577 1405 τῆς
1592 1370 1806 1402 ἀνταποδόσεως.

1193 1419 1225 1451 ζ’.
1246 1417 1299 1449 Ὃς
1315 1415 1471 1450 φυλάσσει
1486 1417 1520 1442 τὸ
1536 1415 1647 1442 ἑαυτοῦ
1665 1417 1773 1451 στόμα,
1795 1415 1881 1450 τηρεῖ
1893 1415 1953 1448 τὴν

1154 1460 1263 1488 ἑαυτοῦ
1290 1459 1407 1495 ψυχήν.
1439 1460 1494 1486 Καὶ
1509 1460 1586 1491 ὅστις
1604 1459 1654 1495 μὲν
1678 1461 1775 1495 κρατεῖ
1786 1459 1835 1494 τῆς
1851 1457 1952 1486 ἑαυτοῦ

1155 1506 1289 1542 γλώττης,
1318 1507 1391 1533 ὥστε
1413 1506 1628 1542 ἀπερισκέπτως
1647 1506 1685 1542 μὴ
1717 1506 1886 1540 φθέγγεσθαι
1915 1506 1953 1532 τὰ

1156 1553 1224 1588 πρὸς
1239 1552 1306 1579 Θεὸν
1317 1552 1334 1587 ἢ
1351 1551 1420 1588 πρὸς
1434 1551 1596 1588 ἀνθρώπους
1611 1551 1828 1587 προσκρούοντα,
1843 1552 1948 1586 φυλάτ-

1155 1609 1197 1626 τει
1214 1599 1263 1636 τὴν
1277 1599 1367 1635 ψυχὴν
1379 1599 1476 1626 ἑαυτοῦ
1500 1599 1730 1627 ἀνεπιϐούλευτον
1743 1599 1798 1626 ἀπὸ
1810 1599 1950 1634 δαιμόνων

1154 1644 1349 1681 ῆάνθρώπων,
1371 1644 1426 1672 τῶν
1451 1643 1606 1680 ζητούντων
1631 1643 1758 1680 ἀφορμὴν
1777 1643 1883 1679 ταύτην
1899 1643 1951 1670 λα-

1153 1691 1222 1718 ἦεῖν.

1195 1738 1221 1764 Ὀ
1236 1738 1271 1765 δὲ
1284 1739 1437 1773 προπετὴς
1459 1738 1588 1773 χείλεσι,
1607 1737 1735 1772 πτοήσει
1749 1737 1854 1764 αὐτόν.
1880 1736 1912 1763 '0
1925 1736 1949 1763 δ’

1153 1787 1366 1822 ἀπερισκέπτως
1378 1785 1576 1821 φθεγγόμενος,
1590 1785 1631 1817 εἰς
1645 1785 1728 1820 φόϐον
1739 1784 1836 1811 ἑαυτὸν
1861 1784 1951 1819 ἐμϐα-

1153 1833 1194 1860 λεῖ
1204 1842 1210 1849 ·
1227 1833 1265 1866 ὡς
1286 1833 1336 1868 φθε
1347 1832 1483 1868 γξᾶμενός
1496 1841 1524 1859 τι
1540 1832 1670 1867 ἐπιφέρον
1700 1830 1776 1866 αὐτῷ
1800 1830 1918 1867 ψυχικὸν
1932 1831 1949 1866 ἢ

1154 1879 1311 1915 σωματικὴν
1326 1878 1460 1906 κίνδυνον.

1188 1926 1219 1953 δ’.
1238 1926 1291 1953 Ἔν
1303 1925 1472 1960 ἐπιθυμίαις
1483 1924 1551 1952 ἐστὶ
1574 1924 1634 1958 πᾶς
1647 1925 1763 1959 ἁεργός.
1780 1925 1836 1951 Καὶ
1844 1924 1950 1960 ὀρέξεις

1154 1972 1204 2008 μὲν
1212 1972 1346 2008 κέκτηται
1355 1971 1543 2008 παραλόγους,
1558 1972 1631 2003 ἀπας
1644 1972 1691 1998 διὰ
1702 1971 1839 2008 ῥᾳθυμίαν
1852 1972 1949 2006 ἀργὸς.

1150 2018 1189 2050 ὡς
1206 2018 1244 2055 μὴ
1260 2017 1423 2054 ἀπασχολῶν
1438 2018 1534 2045 ἑαυτὸν
1542 2019 1572 2045 ἐν
1587 2019 1646 2050 ταῖς
1659 2017 1804 2054 ἐργασίαις
1817 2017 1866 2044 τοῦ
1882 2019 1949 2052 ἀγα-

1152 2065 1211 2092 θοῦ.

1187 2111 1290 2145 Χεῖρες
1304 2110 1338 2137 δὲ
1358 2110 1478 2145 ἀνδρῶν
1501 2110 1537 2138 ἐν
1560 2111 1727 2145 ἐπιμελείᾳ.
1743 2111 1776 2137 At
1788 2110 1817 2137 δὲ
1834 2119 1950 2146 πρακτι-

1151 2156 1199 2183 καὶ
1225 2157 1367 2192 δυνάμεις,
1381 2156 1436 2184 τῶν
1450 2156 1583 2191 γενναίως
1604 2156 1813 2192 ἀνθισταμένων
1827 2157 1878 2192 μὲν
1890 2158 1949 2189 τοῖς

1150 2203 1284 2235 ἑκουσίοις
1298 2203 1425 2235 πάθεσιν.
1452 2203 1645 2239 ὑπομενόντων
1660 2204 1689 2230 δὲ
1703 2204 1738 2231 τὰ
1753 2203 1881 2231 ἀκούσια.
1902 2205 1949 2231 Ἐν

302 2241 379 2269 omni
400 2241 498 2270 ardore
513 2242 660 2278 perﬁciunt
676 2243 790 2276 bonum,
811 2243 848 2270 ita
864 2248 894 2271 ut
909 2244 1024 2272 omnino
1039 2252 1099 2272 ma.

1151 2249 1228 2285 πάσῃ
1243 2250 1347 2285 σπουδῇ
1364 2249 1530 2285 ἐργάζονται
1543 2252 1574 2277 τὸ
1587 2249 1703 2284 ἀγαθὸν,
1717 2250 1788 2276 ὥστε
1803 2250 1948 2282 παντελῶς

302 2287 360 2315 lum
376 2287 519 2324 etl‘ugiant.

338 2333 422 2364 Vsus.
450 2335 478 2363 5.
506 2334 619 2362 Verbum
640 2335 761 2370 iniquum
774 2335 865 2370 justus
887 2335 1044 2363 detestatur.
1058 2337 1100 2364 Ab

301 2382 376 2409 omni
394 2382 533 2410 sententia
551 2382 649 2418 iniqua
666 2382 795 2410 abhorret
810 2382 856 2418 qui
869 2382 999 2410 observat
1012 2383 1098 2418 legem

299 2426 350 2455 Dei
368 2426 574 2458 mandatorum,
594 2426 633 2453 ita
651 2430 681 2453 ut
696 2434 730 2454 ne
744 2427 878 2455 extremis
893 2427 1003 2462 quidem
1024 2428 1099 2455 auri-

300 2472 353 2500 bus
368 2472 434 2500 velit
454 2472 529 2499 illam
547 2472 705 2500 admittere.

335 2517 436 2553 Impius
463 2524 551 2545 autem
568 2518 709 2551 erubescit,
722 2524 748 2546 et
771 2528 822 2546 non
843 2520 946 2547 habebit
969 2521 1097 2556 ﬁduciam

298 2563 434 2598 loquendi.
455 2563 507 2597 Qui
527 2571 618 2592 autem
636 2565 721 2592 Deum
746 2573 800 2593 non
830 2566 958 2600 honorat,
984 2567 1096 2602 quando

299 2610 412 2644 praal'ata
442 2611 589 2645 exponitur
612 2612 749 2640 sententia
781 2620 876 2640 coram
901 2621 936 2640 eo
951 2613 997 2649 qui
1024 2614 1096 2642 hanc

299 2663 355 2683 non
385 2655 516 2689 admittit.
534 2657 638 2692 pudore
669 2658 839 2686 sulluuditur
865 2666 916 2687 nec
941 2667 990 2688 ore
1007 2660 1095 2688 libero

299 2703 400 2730 similia
415 2703 539 2738 prolerre
556 2704 628 2732 valet
646 2713 653 2732 :
670 2705 772 2733 etenim

335 2794 418 2823 Vsus.
429 2796 456 2824 6.
474 2795 589 2824 Iustitia
602 2798 717 2825 custodit
732 2799 893 2828 innocentes.
906 2800 1087 2829 Observantia

297 2841 346 2869 Dei
367 2841 560 2872 mandatorum
581 2851 728 2874 conservat
754 2846 780 2874 iu
804 2846 878 2876 bono
895 2853 1038 2884 exemptos
1055 2849 1090 2877 ab

297 2888 374 2917 omni
391 2888 508 2918 malitia.

1151 2297 1281 2330 ἐκφυγεῖν
1292 2296 1323 2323 τὸ
1332 2296 1428 2324 κακόν.

1185 2345 1216 2369 ε’.
1228 2342 1326 2377 Λόγον
1338 2342 1444 2370 ἄδικον
1455 2343 1542 2378 μισεῖ
1557 2342 1683 2376 δίκαιος.
1711 2342 1766 2370 Καὶ
1781 2341 1946 2378 παραίνεσιν

1151 2388 1200 2424 μὲν
1217 2389 1375 2425 παράνομον
1392 2389 1594 2427 ἀποστρέφεται
1604 2390 1619 2416 ὁ
1629 2389 1722 2425 τηρῶν
1737 2389 1783 2416 τὸν
1797 2390 1882 2425 νόμον
1889 2389 1946 2417 τῶν

1149 2434 1195 2461 τοῦ
1211 2434 1278 2461 Θεοῦ
1302 2435 1429 2470 ὲντολῶν,
1444 2436 1483 2469 ὡς
1503 2436 1566 2472 μηδ’
1580 2436 1677 2472 ἄκροις
1693 2436 1745 2463 ὠσὶ
1760 2435 1846 2463 θέλων
1857 2436 1946 2472 αὐτὴν

1149 2481 1364 2516 παραδέξασθαι.

1190 2527 1312 2561 Ἀσεϐὴς
1327 2527 1362 2554 δὲ
1378 2528 1566 2563 αἰσχύνεται,
1590 2529 1639 2556 καὶ
1661 2530 1718 2564 οὐχ
1742 2528 1804 2561 ἕξει
1829 2529 1946 2563 101315"-

1147 2574 1230 2600 σίαν.
1269 2574 1298 2601 '0
1323 2574 1345 2601 δ’
1371 2575 1401 2601 ὲν
1428 2575 1468 2611 τῷ
1497 2575 1688 2610 προτείνεσθαι
1714 2575 1763 2611 τὴν
1793 2576 1943 2611 είρημένην

1147 2619 1317 2655 παραίνεσιν,
1331 2620 1397 2647 Θεὸν
1414 2621 1452 2657 μὴ
1466 2620 1565 2657 τιμῶν,
1583 2621 1742 2657 αἰσχύνεται
1760 2621 1806 2649 τὸν
1819 2621 1858 2658 μὴ
1874 2621 1944 2648 ταύη

1145 2674 1197 2701 την
1208 2666 1447 2702 παραδεχόμενον,
1461 2667 1510 2694 καὶ
1521 2667 1570 2694 οὐκ
1582 2667 1624 2694 ἔτι
1640 2667 1754 2695 δύναται
1767 2667 1885 2695 ἐνώπιον
1894 2668 1945 2695 αὑ-

1145 2711 1193 2738 τοῦ
1207 2712 1467 2749 παρῤησιασθῆναι,
1485 2713 1535 2741 καὶ
1549 2714 1584 2742 τὰ
1599 2714 1682 2751 ὃμοια
1699 2715 1881 2750 φθέγξασθαι*
1896 2716 1944 2743 καὶ

1145 2757 1201 2794 γὰρ

1180 2803 1218 2837 ς’.
1236 2805 1420 2840 Δικαιοσύνη
1432 2806 1590 2841 φυλάσσει
1601 2807 1786 2841 ἁκάκους.Ἥ
1795 2810 1846 2845 μὲν
1861 2810 1942 2846 ποίη-

1145 2857 1187 2881 σις
1203 2849 1258 2877 τῶν
1278 2851 1326 2877 τοῦ
1351 2851 1420 2879 Θεοῦ
1446 2852 1562 2881 ἐντολῶν
1584 2855 1663 2890 τηρεί
1677 2855 1707 2883 ὲν
1719 2855 1758 2892 τῷ
1767 2855 1864 2892 ἀγαθῷ
1879 2857 1943 2888 τοὺς

1142 2896 1371 2933 ἀπηλλαγμένους
1384 2898 1475 2934 πάσης
1493 2899 1604 2932 κακίας.
