2079 3161
139 164 207 197 1349

661 165 932 197 COMMENTARII
956 165 998 195 ΙΝ
1018 165 1247 197 PROYERB-IA.

1705 167 1773 199 135-0

175 222 249 254 Τοὺς
265 222 296 248 δὲ
311 222 441 255 ἀσεϐεῖς,
456 223 593 257 φαύλους
611 222 690 249 ποιεῖ
705 223 843 257 ἁμαρτία.
858 222 927 252 Τοὺς

1016 220 1118 256 Impias
1133 226 1220 248 autem
1231 229 1327 255 pravas
1339 221 1404 255 facit
1417 228 1564 256 peccatum.
1574 221 1626 254 Qui
1642 230 1706 249 vero
1717 231 1771 250 non

136 266 165 293 δὲ
181 267 219 302 μὴ
231 266 264 293 δι’
276 267 408 302 ἐργασίας
424 267 477 293 τῶν
493 267 574 293 οείων
605 267 720 293 ἐντολῶν
732 266 870 302 τιμῶντας
883 267 929 292 τὸν

136 310 325 345 ἐντειλάμενον
355 310 460 342 ταύτας
475 311 555 344 Θεὺν,
580 311 684 342 κακοὺς
707 310 895 346 ἀπεργάζεται
911 311 929 345 ἡ

137 355 209 382 κατά
222 355 383 391 προαίρεσιν
396 356 532 391 ἀποτυχία
547 356 593 383 τοῦ
605 356 719 389 ἀγαθοῦ.

173 400 205 433 ζ’.
219 402 239 426 Ε
242 400 306 428 ισὶν
316 402 343 428 ot
358 402 572 435 πλουτίζοντες
584 401 722 435 ἑαυτοὺς,
734 401 834 436 μηδὲν
844 402 931 436 ἕχον-

136 455 196 481 τες.
230 447 287 474 Καὶ
314 448 467 484 ὑπάρχουσι
498 448 548 483 μὲν
584 449 683 480 οἵτινες
721 448 929 482 περιποιοῦνται

138 494 246 526 ἑαυτοῖς
259 494 306 520 τὸν
321 494 382 520 κατ’
397 494 499 530 ἀρετὴν
524 494 711 530 πνευματικὸν
730 494 845 521 πλοῦτον
859 502 866 510 δ
881 493 932 520 εἴτ’

138 540 168 565 ἐν
185 539 341 575 ὑποκρίσει,
357 539 396 570 ὡς
410 539 483 566 κατὰ
498 539 620 566 διάθεσιν
640 539 820 575 ἐστερημένοι
836 539 929 566 αὑτοῦ·

139 585 190 611 εἶτ’
203 584 377 617 ὲνδιαθέτως,
397 584 435 617 ὡς
448 585 496 612 τοῦ
513 586 670 620 σωματικοῦ
692 585 870 621 ἀποροῦντες,
885 587 933 613 καὶ

138 632 173 657 τὰ
188 631 313 658 ἐντεῦθεν
334 631 541 666 προσπίπτοντα
555 632 668 668 Θλιὸερὰ
684 632 854 668 εὐχαρίστως
868 633 934 660 ὐπο-

140 677 279 711 μένοντες.

179 723 232 750 Καὶ
252 723 333 750 εἰσιν
354 724 383 751 οι
405 724 619 757 ταπεινοῦντες
640 724 767 758 ἑαυτοὺς
781 724 817 751 ἐν
830 725 934 758 πολλῷ

139 770 270 803 πλούτῳ.
288 769 373 802 Αὖθις
395 770 424 797 δὲ
442 770 622 806 ὑπάρχουσιν,
646 771 745 804 οἵτινες
768 771 933 806 κατάγουσιν

139 816 264 849 ἑαυτοὺς,
295 817 350 843 εῐτε
376 818 532 853 πράγματι,
560 820 593 845 ὲκ
614 819 663 854 τῆς
686 818 760 850 θείας
781 819 864 854 τιμῆς
886 818 933 846 τοῦ

139 862 199 888 κατ’
222 862 315 889 εικὸνα
331 863 361 889 ἐν
375 863 414 897 τῷ
443 863 578 890 ἀπολέσαι
601 864 632 890 τὸ
654 863 714 891 καθ’
736 863 875 899 ὁμοίωσιν,
889 863 935 891 διὰ

139 908 190 943 τῆς
201 909 404 944 παραχρήσεως
416 909 463 936 τοῦ
479 910 608 944 περιττοῦ
624 911 671 937 καὶ
688 910 759 946 ὑπὲρ
773 910 822 945 τὴν
834 910 930 946 χρείαν

141 954 299 989 σωματικοῦ
318 954 446 987 πλούτου,
473 955 521 981 καὶ
542 956 598 987 τοῖς
619 955 729 989 ἀλόγοις
754 955 930 991 συμφυρῆναι

140 1000 277 1027 πάθεσινυ
302 999 359 1026 εἴτε
379 1001 551 1036 ·φρονήματι,
576 1002 605 1028 ὲν
632 1001 672 1036 τῷ
696 1000 860 1036 πληρώματι
882 1001 930 1028 τοῦ

140 1045 211 1073 κατὰ
221 1046 322 1080 γνῶσιν
338 1047 385 1073 καὶ
402 1047 504 1083 ἀρετὴν
519 1046 708 1082 πνευματικοῦ
724 1047 854 1080 πλούτου,
869 1047 932 1074 ἑαυ-

140 1093 203 1124 τοὺς
216 1092 343 1125 ἀναξίους
357 1092 425 1119 Θεοῦ
439 1092 621 1129 λογιζόμενοι.

175 1141 211 1173 η’.
228 1138 361 1172 Λύτρονι
372 1138 476 1174 ψυχῆς
504 1139 625 1173 ἀνδρὸς,
650 1140 668 1166 ὁ
689 1138 764 1172 ἴδιος
787 1139 930 1172 πλοῦτος.

141 1184 198 1210 Καὶ
223 1183 365 1219 ἐλευθερία
383 1183 434 1219 μέν
459 1184 517 1211 ἐστι
541 1185 592 1220 τῆς
615 1184 705 1220 ψυχῆς
728 1183 777 1211 τοῦ
800 1184 932 1219 γενναίως

141 1229 212 1256 κατὰ
230 1229 285 1256 τῶν
311 1229 406 1256 παθῶν
422 1229 630 1266 ἀνδριζομένου,
646 1230 696 1257 εἴθ’
714 1230 729 1256 ὁ
747 1229 933 1265 γνησιώτατος

141 1276 174 1311 τῇ
191 1275 273 1302 αὑτοῦ
290 1275 364 1310 ψυχῇ
387 1275 459 1302 κατὰ
476 1275 578 1311 γνῶσιν
595 1275 643 1302 καὶ
664 1275 766 1311 ἀρετὴν
784 1283 932 1309 πνευματι-

142 1321 189 1352 κδς
204 1320 328 1352 πλοῦτος,
344 1320 382 1352 ὡς
397 1320 487 1356 πάσης
500 1320 613 1355 ἀγνοίας
627 1321 674 1348 καὶ
685 1320 784 1351 κακίας
797 1320 934 1347 ἀπαλλάτ-

141 1375 196 1393 των
210 1367 295 1402 αὺτήν
309 1375 316 1382 ·
334 1366 385 1393 εἴθ’
405 1368 419 1394 6
444 1367 474 1400 ἐξ
493 1367 567 1394 εδίων
588 1367 678 1394 πόνων
694 1366 838 1402 συναχθεὶς
858 1365 933 1401 αὐτῷ

143 1413 298 1448 σωματικὸς
310 1413 351 1444 εἰς
364 1413 485 1448 πένητας
506 1413 732 1448 σκορπιζόμενος,
754 1412 822 1448 πρὸς
836 1412 933 1446 λύτρον

142 1459 196 1485 τῶν
209 1459 420 1494 ἁμαρτημάτων
431 1459 526 1486 αὑτοῦ.

179 1507 300 1541 Πτωχὸς
314 1505 348 1532 δὲ
358 1507 415 1540 οὐχ
430 1506 592 1540 ὑφίσταται
616 1505 756 1539 ἀπειλήν.
778 1506 806 1533 ’0
821 1507 934 1544 ἑστερη-

144 1552 225 1587 μένος
240 1552 269 1579 δὲ
284 1552 411 1585 πλούτου,
434 1552 490 1580 εἴτε
511 1552 680 1588 σωματικοῦ,
703 1553 758 1579 εἴτε
784 1562 934 1588 πνευματι-
949 1581 969 1589 η

143 1599 203 1632 κοῦ,
224 1599 254 1626 οὗ
273 1599 397 1634 φοϐεῖται
418 1598 534 1634 ἀπειλὴν
548 1599 598 1634 τῆς
617 1599 767 1634 μελλούσης
786 1599 933 1633 κολάσεως,

143 1646 184 1672 ὃτι
199 1645 302 1681 ταύτης
314 1645 347 1673 δι’
362 1645 519 1682 ἀφροσύνην
534 1647 712 1682 καταφρονεῖ.

181 1692 202 1718 0’
229 1691 293 1725 Φῶς
303 1691 430 1725 δικαίοις
441 1691 491 1718 διὰ
501 1692 625 1725 παντός.
636 1692 689 1718 Καὶ
703 1692 733 1719 τὸ
747 1692 797 1728 μὲν
808 1693 858 1728 τῆς
875 1692 935 1719 θεο-

144 1736 262 1770 γνωσίας
286 1736 355 1772 φῶς,
369 1737 402 1763 ὲκ
424 1736 472 1763 τοῦ
494 1736 544 1770 τῆς
565 1736 739 1772 δικαιοσύνης
754 1738 855 1770 Ἠλίου,
879 1739 935 1769 τοίς

144 1781 215 1808 κατὰ
227 1781 273 1808 τὸν
295 1780 366 1808 θεῖον
382 1781 464 1817 νόμον
485 1780 540 1807 τῶν
565 1781 680 1808 ἐντολῶν
705 1782 933 1818 πολιτευομένοις,

143 1826 182 1859 ὡς
194 1827 278 1854 ἀΐδιον
303 1827 453 1863 ἐπιλάμπει
476 1827 599 1859 ἀδύτως·
627 1827 698 1854 κατὰ
720 1828 770 1863 μὲν
788 1828 820 1855 τὸ
835 1829 933 1864 παρὸν,

144 1873 328 1909 ἀμυδρότερον
340 1881 348 1889 ⁸
364 1873 435 1901 κατά
448 1873 476 1900 δὲ
492 1873 523 1900 τὸ
543 1873 650 1910 μέλλον,
667 1874 831 1911 τρανότερον
846 1883 875 1901 τε
887 1874 935 1901 καὶ

144 1919 350 1954 καθαρώτερον.

179 1972 245 2006 Φῶς
261 1973 295 2000 δὲ
312 1973 430 2001 ἀσεϐῶν
456 1974 629 2002 σϐέννυται.
649 1974 686 2001 Τὸ
707 1973 736 2001 δὲ
761 1975 810 2010 τῆς
824 1975 887 2010 περῖ
900 1975 935 2002 τὰ

145 2019 254 2054 φθαρτὰ
277 2019 338 2046 κατ’
357 2019 484 2055 αἴσθησιν
509 2018 638 2054 γνώσεως
653 2019 793 2054 ἀπατηλὸν
809 2019 865 2054 φῶς
880 2019 934 2046 τῶν

146 2065 184 2100 μὴ
197 2065 230 2091 δι’
245 2064 333 2101 ἔργων
354 2065 527 2100 δικαιοσύνης
550 2065 693 2100 τιμώντων
709 2064 786 2098 Θεὸν,
807 2066 875 2100 ταχὺ
897 2065 935 2095 ὡς

145 2111 314 2147 πρόσκαιρον
342 2111 513 2146 ἀφανίζεται.

183 2157 282 2191 Ψυχαὶ
312 2157 407 2185 δόλιοι
436 2157 608 2185 πλανῶνται
631 2157 667 2184 ἐν
693 2157 858 2192 ἁμαρτίαις.
880 2157 936 2185 Καὶ

142 2204 230 2239 ψξχαὶ
246 2203 307 2240 μὲν,
323 2204 351 2231 αἱ
365 2203 461 2240 βόθρον
474 2206 530 2236 τοῖς
546 2204 659 2239 πλησίον
674 2204 850 2240 ὀρύσσουσαι,
864 2205 936 2231 ἁπα-

983 274 1032 301 per
1040 267 1248 294 observantiam
1259 267 1414 294 divinorum
1431 267 1624 294 mandatorum
1638 267 1774 295 honorant

983 317 1123 339 auctorem
1141 313 1252 339 illorum
1267 311 1362 344 Deum,
1379 312 1429 340 hos
1441 312 1528 340 malos
1542 311 1623 340 edicit
1637 313 1682 340 illa
1691 321 1773 348 quam

983 357 1132 385 intendunt
1144 359 1281 393 neglectio
1295 357 1371 386 boni.

1018 403 1102 431 Vens.
1125 404 1150 431 7.
1169 403 1238 431 Sunt
1256 403 1302 438 qui
1321 404 1411 430 ditant
1426 404 1538 438 κίρσοι,
1551 404 1618 431 nihil
1637 404 1772 432 habentes.

985 449 1054 477 Sunt
1071 449 1117 484 qui
1132 449 1185 476 sibi
1199 452 1329 484 arrogant
1341 449 1500 484 spirituales
1523 450 1674 478 secundum
1687 451 1774 478 virtu-

987 501 1039 524 tem
1052 495 1163 522 divitias
1176 503 1184 528 ;
1197 495 1255 522 sive
1269 495 1410 528 simulate,
1429 496 1507 530 quasi
1519 495 1617 524 aﬂ‘ectu
1630 496 1774 531 bispriva—

985 541 1024 574 ti;
1045 541 1103 568 sive
1119 540 1238 573 sincere,
1258 540 1304 575 qui
1318 540 1383 567 dum
1397 540 1587 575 corporalibus
1606 540 1712 568 divitiis
1727 548 1775 567 ca-

985 588 1066 612 ri-ant
1090 583 1154 610 inde
1170 583 1362 619 contingentes
1389 590 1528 611 aerumnas
1541 591 1605 611 cum
1623 584 1773 619 gratiarum

986 631 1095 658 actione
1110 630 1265 659 sustinent.

1023 720 1057 748 Et
1073 725 1136 748 sunt
1156 721 1328 748 Itumilianle:
1343 729 1370 749 se
1385 721 1413 748 in
1429 721 1521 749 multis
1538 721 1654 749 diuitiis.
1671 721 1773 749 Iterum

987 773 1062 799 sunt,
1085 766 1132 802 qui
1158 775 1189 795 se
1212 767 1378 801 bumiliant;
1404 767 1462 795 sive
1473 775 1514 800 re,
1535 767 1618 795 Deum
1638 768 1775 795 exteriore

987 817 1093 841 tantum
1121 813 1225 841 honore
1242 814 1375 845 colentes,
1395 813 1536 848 perdendo
1549 813 1621 849 quod
1633 813 1702 840 nihil
1720 814 1773 841 nisi

989 859 1108 894 speciem
1126 860 1224 892 habet,
1238 867 1287 895 per
1310 860 1427 886 abusum
1444 860 1669 894 superﬂuentium
1685 864 1711 887 et
1727 867 1775 886 su-

984 914 1032 942 pra
1046 907 1236 934 necessitatem
1253 906 1446 933 exsistentium
1465 906 1647 940 corporalium
1660 906 1776 932 divitia—

984 959 1045 978 rum
1058 971 1066 984 ,
1094 955 1122 978 et
1140 950 1383 978 irrationabilibus
1404 950 1552 978 turbantur
1575 950 1774 985 passionibus;

984 1000 1043 1027 sive
1055 1003 1155 1032 mente,
1170 1006 1231 1026 cum
1237 999 1344 1025 ulantes
1354 997 1513 1033 spirituales
1519 997 1670 1024 secundant
1683 997 1774 1025 scien-

984 1046 1049 1074 tiam
1071 1049 1098 1074 et
1120 1046 1250 1074 virtutem
1268 1045 1390 1079 divitias,
1419 1053 1449 1073 se
1465 1045 1595 1081 indignas
1619 1045 1674 1073 Deo
1695 1053 1776 1080 rt-pu-

985 1095 1057 1120 tant.

1021 1137 1107 1165 νεειει.
1119 1137 1146 1165 8.
1167 1137 1323 1172 Redemptio
1338 1137 1437 1164 animm
1456 1137 1519 1170 viri,
1536 1137 1651 1172 propria:
1663 1136 1774 1164 divitiu'.

986 1183 1115 1211 Libertas
1129 1187 1171 1211 est
1188 1183 1286 1210 anima:
1296 1183 1357 1218 ejus
1371 1182 1417 1218 qui
1435 1183 1550 1210 viriliter
1562 1187 1657 1210 contra
1669 1183 1776 1218 passio-

987 1238 1035 1258 nes
1050 1230 1183 1263 luctatur,
1210 1230 1268 1257 sive
1285 1229 1413 1265 legitimae
1428 1229 1489 1264 ejus
1505 1229 1605 1257 anima:
1622 1230 1775 1257 secundum

987 1276 1132 1304 scientiam
1149 1279 1177 1302 et
1191 1275 1321 1314 virtutem
1343 1274 1502 1309 spirituales
1517 1274 1630 1307 divitia,
1647 1274 1681 1301 ab
1701 1275 1776 1301 omni

988 1319 1142 1354 ignorantia
1162 1322 1190 1346 et
1216 1318 1322 1345 malitia
1342 1317 1462 1345 liberant
1480 1325 1560 1350 eum;
1586 1319 1644 1345 sive
1658 1318 1777 1353 propriis

988 1366 1130 1393 laboribus
1148 1365 1274 1392 collectze
1296 1364 1456 1398 corporales
1475 1364 1579 1391 divitiae
1595 1364 1622 1392 in
1643 1372 1776 1399 pauperes

988 1412 1190 1445 dillunduntur,
1204 1411 1237 1438 ad
1252 1402 1424 1439 liberandum
1439 1418 1455 1438 a
1470 1411 1530 1439 suis
1545 1419 1607 1439 eum
1621 1412 1751 1447 peccatis.

1023 1502 1163 1530 Hendicus
1173 1511 1225 1529 non
1239 1502 1352 1530 sustinet
1365 1502 1607 1530 comminationem.
1619 1502 1671 1537 Qui
1685 1509 1777 1531 autem

989 1550 1113 1584 privatus
1138 1552 1182 1575 est
1203 1548 1319 1580 divitiis,
1341 1548 1401 1575 sive
1426 1549 1564 1583 corporis,
1586 1549 1645 1576 sive
1666 1550 1775 1581 animae.

989 1603 1043 1622 non
1060 1594 1220 1622 reformidat
1240 1594 1330 1621 minas
1353 1595 1460 1622 venturi
1479 1594 1618 1630 supplicii,
1634 1595 1699 1630 quia
1715 1595 1776 1622 illus

988 1641 1024 1668 ob
1037 1640 1137 1668 mentis
1149 1640 1336 1674 insipientiam
1350 1639 1479 1675 despicit.

1025 1685 1108 1713 Vens.
1125 1686 1152 1713 9.
1166 1685 1226 1712 Lua:
1234 1685 1318 1720 justi;
1333 1685 1513 1719 sentper.Lux
1526 1684 1627 1712 divinae
1642 1684 1775 1717 scientim,

987 1740 1003 1760 e
1015 1732 1078 1760 Sole
1092 1732 1207 1767 iustitiae
1221 1737 1292 1764 orta,
1305 1731 1347 1759 his
1369 1731 1417 1767 qui
1434 1731 1585 1759 secundum
1603 1731 1689 1766 legem
1707 1731 1776 1758 divi-

988 1787 1050 1806 nam
1063 1779 1255 1806 mandatorum
1262 1779 1374 1814 degunt,
1387 1782 1492 1806 aeterna
1503 1781 1531 1805 et
1541 1776 1776 1813 inexstinguibilis

988 1825 1093 1860 fulget;
1116 1826 1143 1852 in
1168 1833 1292 1860 praesens
1312 1825 1479 1858 obscurior;
1502 1823 1531 1852 in
1552 1823 1676 1852 futurum
1698 1832 1776 1857 vero,

987 1871 1089 1900 clarior
1100 1875 1127 1900 et
1142 1872 1248 1908 purior.

1023 1975 1082 2003 Lux
1107 1979 1196 2002 autem
1221 1975 1364 2009 impiorum
1381 1975 1573 2011 exstinguitur.
1600 1975 1659 2003 Lux
1685 1979 1775 2003 autem

987 2021 1105 2050 mendax
1123 2029 1215 2048 rerttm
1242 2021 1466 2056 corruptibilium
1486 2021 1774 2049 secundum'sensum

988 2066 1122 2099 scientiae,
1140 2066 1167 2094 in
1178 2066 1221 2093 bis
1232 2066 1279 2101 qui
1293 2073 1347 2094 non
1360 2074 1408 2101 per
1417 2067 1676 2102 operumjustitiam
1690 2067 1774 2094 bono-

989 2118 1050 2140 rant
1070 2112 1164 2146 Deum,
1180 2113 1254 2140 brevi
1271 2112 1386 2148 fugitiva
1404 2113 1554 2141 evanescit.

1023 2161 1126 2187 Animw
1145 2159 1245 2186 dolosae
1270 2163 1362 2186 errant
1385 2160 1412 2186 in
1434 2160 1561 2193 peccatis.
1584 2160 1699 2194 Animae,
1714 2170 1775 2197 qua:

989 2206 1090 2233 fossam
1107 2206 1232 2240 proximo
1248 2205 1389 2237 foderunt,
1402 2205 1590 2240 decipiuntur,
1607 2206 1717 2235 sibimet
1731 2209 1774 2235 af—

144 2250 257 2283 τῶνται,
273 2251 382 2283 ἑαυταῖς
410 2249 590 2286 προξενοῦσαι
616 2249 765 2283 ἀπώλειαν,
781 2251 811 2278 ὲν
832 2247 873 2282 οἷς
886 2251 933 2286 τὴν

990 2251 1108 2279 ferentes
1117 2251 1310 2286 perditionem,
1325 2251 1352 2278 in
1365 2251 1410 2279 his
1419 2251 1521 2287 quibus
1537 2252 1653 2280 aliorum
1665 2253 1774 2281 ruinam

144 2296 200 2322 τῶν
216 2296 318 2332 ἑτέρων
337 2295 441 2331 βλάὃην
456 2296 690 2331 ἐπιτεχνάζονται.

181 2341 291 2369 Δίκαιοι
304 2341 339 2368 δὲ
350 2343 532 2376 οὶκτεΙρουσι
543 2342 593 2369 καὶ
606 2341 757 2369 ἐλεοῦσιν.
772 2342 804 2369 Οί
816 2342 851 2369 δι’
865 2343 934 2378 ἀγά-

146 2396 200 2423 πης
222 2388 251 2414 δὲ
267 2388 312 2415 τὸν
332 2388 403 2415 θεῖον
425 2388 508 2423 νόμον
521 2388 700 2424 πληροῦντες,
724 2385 813 2416 οἶκτον
826 2388 933 2424 λαμδὰ-

145 2442 221 2460 νουσι
235 2434 289 2460 τῶν
310 2434 530 2467 δυσπαθούντων,
555 2435 603 2461 καὶ
625 2433 823 2469 θεραπεύουσιν
835 2435 934 2467 αὐτοὺς

145 2481 217 2506 κατὰ
232 2479 345 2514 δύναμιν
355 2487 362 2494 ⁸
379 2479 428 2515 τὴν
440 2479 544 2506 ἑαυτῶν
559 2480 686 2506 ἐντεῦθεν
703 2480 934 2516 πραγματευόμε-

145 2534 186 2552 νοι
203 2525 351 2560 σωτηρίαν.

182 2574 208 2597 ι’.
231 2571 329 2604 Κακὸς
344 2571 409 2605 μεθ’
427 2571 537 2606 ὕϐρεως
551 2571 683 2605 πράσσει
695 2570 782 2598 κακά.
800 2571 829 2598 Ὁ
842 2572 933 2608 πάσης

145 2617 243 2648 κακίας
259 2617 479 2652 μεμεστωμένος,
495 2617 679 2652 ἀναισχύντως
699 2617 814 2653 πράττει
836 2617 870 2644 τὰ
885 2627 933 2645 πο-

146 2663 227 2698 νημά-

178 2709 212 2734 οι
236 2707 270 2734 δὲ
286 2707 387 2734 αὐτῶν
413 2708 624 2744 ἐπιγνώμονες,
647 2709 748 2744 σοφοί.
762 2710 794 2736 Οἱ
810 2709 832 2736 δ’
845 2709 874 2735 ὲν
892 2706 933 2741 οἷς

144 2752 231 2780 ταῦτα
266 2754 432 2789 πράττουσιν
447 2774 455 2786 ,
492 2753 719 2788 ἐπιγινώσκοντες
750 2754 800 2790 τὴν
830 2754 934 2781 οἰκείαν

145 2799 302 2832 ἀσθένειαν,
319 2801 365 2826 καὶ
379 2800 665 2835 ταπεινοφρονοιὶντες,
688 2801 748 2827 κατ’
762 2801 828 2828 αὐτὸ
842 2800 932 2834 τοῦτο,

147 2845 256 2881 μέτοχοι
270 2854 341 2878 τινος
357 2847 452 2882 σοφίας
467 2847 545 2874 εἰσίν.

184 2891 228 2919 ια’.
247 2892 389 2927 ’Υπηρξις
408 2892 684 2928 ἐπισπουδαζομένη
707 2892 781 2928 μετὰ
796 2893 931 2928 ἀνομίας,

988 2298 1191 2325 machinantur.

1021 2343 1095 2372 luxti
1110 2348 1198 2371 autem
1213 2344 1372 2372 miserentur
1385 2348 1412 2371 et
1424 2344 1603 2380 opitulantur.
1621 2344 1673 2378 Qui
1684 2349 1773 2373 autent

987 2397 1035 2425 per
1049 2389 1212 2417 charitatcm
1225 2390 1312 2425 legem
1333 2389 1454 2417 divinam
1476 2389 1637 2424 adimplent,
1655 2390 1774 2419 infortu-

987 2441 1115 2463 natorum
1131 2435 1308 2469 miserentur,
1327 2441 1355 2463 et
1369 2436 1542 2471 opitulantur
1557 2436 1612 2463 illis
1622 2444 1673 2472 pro
1686 2437 1775 2466 facul-

986 2481 1104 2514 tatibus,
1118 2481 1231 2509 sibimet
1245 2481 1311 2509 inde
1328 2485 1511 2517 procurantes
1522 2482 1651 2510 salutem.

1022 2572 1107 2601 Vens.
1124 2573 1169 2601 10.
1187 2572 1279 2600 Malus
1295 2581 1353 2600 cum
1363 2574 1523 2601 contumelia
1536 2574 1602 2609 facit
1617 2574 1700 2602 mala.
1721 2574 1774 2608 Qui

986 2619 1061 2646 omni
1087 2619 1192 2647 malitia
1216 2619 1334 2647 satiatus
1358 2624 1411 2652 cst,
1441 2620 1504 2648 sine
1525 2620 1626 2649 rubore
1644 2621 1700 2655 agit
1715 2629 1774 2649 ma-

986 2665 1070 2700 ligna.

1022 2711 1075 2743 Qui
1088 2715 1177 2738 autem
1191 2711 1233 2738 sui
1252 2711 1370 2745 ipsorum
1381 2711 1530 2747 cognitores
1545 2716 1617 2744 sunt,
1630 2713 1772 2748 sapientes.

985 2757 1026 2785 Illi
1041 2765 1105 2784 vero
1121 2757 1149 2784 in
1161 2757 1261 2792 quibus
1274 2758 1339 2785 talia
1352 2763 1449 2794 agunt,
1465 2762 1614 2786 noscentes
1633 2760 1774 2794 propriam

986 2802 1185 2835 inﬁrmitatem,
1202 2806 1229 2830 et
1241 2803 1382 2831 humiliter
1397 2805 1557 2839 sentientes,
1573 2805 1608 2833 ob
1625 2805 1652 2833 id
1672 2806 1774 2841 ipsum,

987 2849 1134 2884 participes
1154 2848 1271 2884 alicujus
1288 2849 1430 2885 sapientiae
1447 2850 1526 2879 ﬁunt.

1027 2893 1110 2923 Vsus.
1129 2894 1171 2923 Η.
1191 2894 1337 2930 Opuleutia
1349 2895 1475 2931 festinata
1490 2905 1548 2924 cum
1561 2897 1705 2931 injustitia,
1722 2896 1773 2924 mi-
