2072 3161
161 156 232 189 1353

694 155 964 188 COMMENTARII
983 155 1024 187 ΙΝ
1044 156 1274 189 PROVERBIA.

1725 161 1794 194 1354

200 214 227 241 '0
240 213 275 241 δὲ
290 214 383 248 ἄνους
399 214 458 243 ὑπὸ
485 213 610 250 παγίδας
623 214 767 242 θανεῖται.
785 215 815 241 ’0
825 215 853 242 δὲ
868 215 950 250 ἀνόη-

1039 214 1145 242 Stultus
1171 221 1260 243 autem
1282 216 1330 243 sub
1351 217 1444 252 laqueo
1477 218 1615 246 morietur.
1639 217 1795 248 Iuscnsatus

155 268 203 291 τος
220 259 361 295 συσχεθεὶς
387 260 424 291 ὡς
451 259 504 286 ὑπὸ
529 259 642 294 παγίδος
661 259 746 294 τινος,
765 260 816 295 τῆς
834 261 899 296 περὶ
919 261 954 287 τὰ

157 305 238 332 ὕλικὰ
247 305 308 332 κατ’
321 305 449 341 αἴσθησιν
462 305 579 341 πλάνης,
597 305 637 341 τῷ
653 305 715 333 καθ’
730 305 870 341 ἁμαρτίαν
881 306 951 332 ὀλεῖ-

156 360 202 378 ται
222 351 342 387 θανάτῳ.

193 411 234 436 ιε’.
251 408 381 441 Σύνεσις
399 408 496 444 ἀγαθὴ
528 407 636 436 δίδωσι
659 407 759 443 χάριν.
782 406 813 435 Ἦ
837 407 892 435 τῶν
915 408 954 436 δι-

155 454 311 481 δασκόντων
326 453 483 490 τελειοτέρα
508 454 574 489 περὶ
595 454 629 481 τὰ
644 454 703 480 θεῖα
726 453 867 490 ἐπιστήμη
897 454 954 486 τοῖς

156 500 360 531 διδασκομένοις
371 499 448 532 θείας
464 499 594 535 γνώσεως
610 500 783 535 μεταδίδωσι.

194 556 231 582 Td
253 555 288 582 δὲ
304 554 416 590 γνῶναι
429 555 525 589 νόμον
554 554 689 587 διανοίας
713 553 800 580 ἐστὶν
827 553 952 588 ἀγαθῆς.

158 601 196 628 Τὸ
210 600 234 627 δ’
248 601 349 632 αὐτοὺς
362 601 428 632 τοὺς
456 600 698 636 μαθητευομένους
713 599 876 626 καταλαϐεῖν
899 599 954 626 τῶν

157 647 362 682 διδασκομένων
379 647 472 679 αὐτοῖς
492 645 572 673 θείων
587 645 704 672 ἐντολῶν
719 645 770 677 τὰς
782 644 880 677 αἰτίας,
898 644 955 671 δια-

158 693 233 725 νοίας
245 693 321 719 ἐστὶν
336 692 561 729 εὐθυδρομούσης
577 691 647 728 πρὸς
658 692 709 726 τὴν
723 690 863 726 ἀλήθειαν.

199 748 278 775 ὀδοὶ
294 747 328 775 δὲ
342 747 624 783 καταφρονούντων,
640 746 826 780 ἐνάπωλείᾳ.
841 745 872 772 Δί
887 745 956 781 πρα-

159 793 214 827 ξεις
230 793 260 820 δὲ
281 793 335 820 τῶν
355 794 422 830 περὶ
441 795 492 825 τὰς
515 793 592 826 θείας
611 792 721 824 ἐντολὰς
743 791 852 828 ἀμελῶς
870 791 955 819 διατι-

159 840 293 875 θεμένων,
313 840 379 876 περὶ
396 840 427 867 τδ
444 839 529 875 μηδὲν
551 839 760 874 καταγίνονται·
785 839 815 866 ὲν
827 838 883 874 γὰρ
898 839 954 870 τοῖς

159 883 219 913 οὖσι
234 885 265 912 τὸ
281 886 367 912 κακὸν
382 886 433 912 οὐκ
445 885 530 912 ἐστιν.

195 943 244 972 ις’.
265 939 327 973 Πᾶς
347 939 517 975 πανοῦργος
542 939 675 974 πράσσει
693 938 769 974 μετὰ
800 938 948 975 γνώσεως.

159 985 250 1018 "Arta;
267 987 280 1012 ό
293 985 342 1021 τὴν
361 986 542 1022 ὲνεργητιχὴν
553 985 649 1012 πασῶν
662 986 716 1012 τῶν
729 985 834 1021 ἀρετῶν
850 994 950 1021 κεκτη-

159 1033 240 1068 μένος
259 1032 404 1068 φρόνησιν,
435 1031 552 1068 πράττει
576 1031 627 1064 τὰς
648 1031 749 1068 ἀρετὰς
775 1032 845 1068 μετὰ
858 1031 949 1066 λόγου,

157 1081 305 1115 διακρίνων
318 1080 372 1108 ἀπὸ
388 1079 435 1107 τοῦ
451 1079 556 1115 ἀγαθοῦ
572 1080 603 1108 τὸ
616 1080 713 1114 κακὸν,
728 1080 775 1108 καὶ
788 1079 860 1108 οὕτω
872 1080 952 1108 τοῦτο

158 1135 256 1155 ποιων.

199 1181 231 1208 '0
251 1180 286 1208 δὲ
301 1180 405 1216 (ipr
436 1181 599 1214 ἑξεπέτασε
623 1181 680 1216 τὴν
704 1181 815 1210 ἑαυτοῦ
830 1181 949 1209 κακίαν.

163 1227 194 1254 '0
213 1227 241 1254 δὲ
257 1228 372 1263 ἀνόητος
385 1228 415 1254 τὸ
430 1229 501 1255 κατὰ
516 1228 636 1255 διάθεσιν
655 1228 820 1264 ὲνδομυχοῠν
836 1229 865 1255 ὲν
877 1228 952 1264 αὐτῷ

158 1272 244 1299 κακὸν
270 1271 427 1307 ὲξήπλωσε,
444 1272 489 1299 διὰ
503 1272 631 1308 πράξεως
654 1274 694 1305 εἰς
707 1272 739 1299 τὸ
753 1273 869 1309 φανερὸν
884 1274 952 1308 ἀγα-

157 1319 226 1354 γών.

196 1374 239 1406 ις’.
265 1374 415 1407 Βασιλεὺς
438 1373 554 1409 θρασὺς
586 1374 725 1410 ἐμπίπτει
746 1376 789 1409 εἱς
811 1375 899 1403 κακά.
922 1375 951 1403 ’0

138 1421 205 1448 ’τοῦ
232 1421 294 1448 ὃλου
323 1420 470 1457 ἀνθρώπου
495 1421 674 1456 ἡγεμονεύων
697 1422 770 1454 νοῦς,
794 1423 818 1449 εἰ
844 1422 882 1458 μὴ
901 1422 951 1457 τὴν

159 1467 320 1503 σωματικὴν
340 1466 533 1502 ἐπιγινώσκων
555 1468 717 1501 ἀσθένειαν,
738 1468 950 1503 συγκαταϐαινει

158 1514 239 1550 αὐτῇ,
255 1514 462 1549 διεξερχόμενος
474 1515 526 1549 τὴν
543 1515 605 1542 κατ’
627 1515 728 1550 ἀρετὴν
743 1515 888 1551 μεσότητα,
912 1514 950 1547 ὡς

1008 265 1100 288 autem
1127 261 1276 297 impeditus
1298 262 1372 290 velut
1394 263 1421 290 in
1439 263 1604 298 quibusdam
1624 265 1742 298 retibus,
1766 265 1795 292 in

1006 314 1058 334 suo
1074 307 1149 334 circa
1170 309 1293 336 carnalia
1304 309 1457 337 secundum
1474 318 1587 338 sensum
1603 318 1710 346 errore,
1724 319 1796 339 inor-

1005 356 1033 380 te
1053 353 1205 381 secundum
1220 359 1362 389 peccatum
1375 355 1500 391 disperit.

1042 407 1124 437 Vsus.
1146 409 1191 436 15.
1210 409 1340 437 Doctrina
1351 410 1419 438 bona
1435 411 1483 438 dat
1497 413 1624 446 gratiam.
1646 411 1798 441 Perfeclior

1005 452 1162 481 docentium
1172 454 1248 482 circa
1265 463 1310 482 res
1322 455 1431 484 divinas
1450 456 1587 488 doctrina,
1606 459 1656 485 hos
1669 457 1718 493 qui
1741 458 1799 487 edi-

1006 503 1088 527 scunt
1101 499 1200 526 divinae
1214 499 1335 528 scientiae
1350 501 1499 536 participes
1514 501 1590 529 facit.

1044 551 1209 588 Cognoscere
1228 558 1318 581 autem
1343 554 1436 590 legem,
1453 555 1635 591 intelligentia:
1654 561 1692 584 est
1710 557 1796 586 ὁοηω.

1005 597 1124 630 Quando
1148 603 1240 626 autem
1266 599 1318 634 ipsi
1340 600 1471 635 discipuli
1489 602 1729 636 comprehendunt
1749 603 1799 632 Dei

1006 643 1199 671 mandaturum
1223 651 1284 679 quae
1301 645 1355 673 illis
1375 646 1512 673 docentur
1532 653 1643 678 causas,
1664 647 1796 676 indicium

1007 694 1050 718 est
1066 690 1256 724 intelligentia
1267 699 1328 726 quae
1344 696 1418 719 recta
1432 693 1521 720 tendit
1536 693 1569 720 ad
1587 693 1743 721 veritatem.

1046 744 1104 772 Via:
1114 750 1203 772 autem
1217 750 1429 780 contemptorum
1448 747 1475 774 in
1493 746 1651 781 perditione.
1665 747 1797 777 Actiones

1006 791 1117 819 illorum
1133 792 1180 827 qui
1206 793 1282 820 circa
1310 792 1403 820 divina
1428 792 1558 820 mandata
1579 794 1749 829 negligenter
1767 802 1798 823 se

1008 838 1120 869 habent.
1142 839 1217 866 circa
1238 838 1354 866 nihilum
1380 842 1540 871 morantur;
1557 839 1585 866 in
1603 840 1705 868 talibus
1722 840 1793 869 enim

967 892 989 920 Β
1004 885 1105 912 malum
1122 893 1176 913 non
1192 890 1245 912 est.

1040 939 1126 968 Vens.
1155 939 1200 967 16.
1229 939 1324 968 Omnis
1343 945 1450 968 astutus
1470 940 1527 975 agit
1546 948 1607 967 cum
1629 941 1796 976 cognitione.

1002 987 1100 1014 Omnis
1114 986 1162 1022 qui
1187 986 1295 1022 plenam
1316 986 1442 1014 omnium
1466 987 1597 1014 virtutum
1624 986 1741 1022 adeptus
1754 991 1798 1015 est

1003 1033 1226 1069 intelligentiam,
1250 1032 1368 1062 virtutes
1389 1037 1500 1061 exercet
1517 1041 1579 1061 cum
1616 1034 1735 1068 ratione,
1753 1035 1797 1062 di-

1002 1078 1122 1107 scrimen
1146 1084 1231 1114 agens
1240 1078 1306 1106 boni
1321 1082 1350 1106 et
1368 1078 1444 1113 mali,
1469 1079 1565 1114 sicque
1583 1078 1650 1107 illud
1680 1079 1794 1109 faciens.

1038 1181 1092 1215 Qui
1107 1185 1198 1208 autem
1217 1180 1318 1208 stultus
1334 1185 1386 1214 est,
1402 1180 1528 1215 patefecit
1543 1189 1621 1209 suam
1639 1182 1795 1217 nequitiam.

1001 1225 1161 1256 lnsensatus
1193 1231 1285 1255 autem
1315 1227 1486 1255 reconditum
1517 1227 1544 1255 in
1573 1228 1667 1255 animo
1694 1231 1795 1256 malum

1004 1274 1148 1311 patefacit,
1168 1281 1217 1309 per
1230 1274 1367 1302 actionem
1388 1273 1456 1302 illud
1472 1275 1562 1310 palam
1587 1275 1746 1304 ostendens.

1037 1373 1123 1402 Vsus.
1149 1374 1193 1402 l'l.
1210 1373 1267 1402 Rea:
1282 1374 1376 1401 audax
1398 1372 1470 1401 cadit
1487 1374 1514 1401 in
1534 1374 1619 1401 mala.
1636 1373 1713 1403 Mens
1735 1383 1797 1411 quae

1001 1422 1089 1447 totum
1118 1419 1255 1447 hominem
1265 1421 1343 1455 regit,
1353 1419 1407 1447 nisi
1423 1420 1548 1454 corporis
1556 1420 1701 1454 debilitati,
1713 1428 1795 1456 quam

1003 1465 1157 1500 cognoscit,
1172 1466 1310 1498 consulat,
1320 1465 1440 1494 mediam
1453 1465 1480 1493 in
1497 1466 1602 1494 virtute
1614 1467 1685 1494 viam
1700 1474 1796 1495 recur-

1001 1518 1078 1545 rens,
1102 1519 1135 1539 ex
1160 1511 1246 1539 nimia
1268 1512 1384 1539 audacia
1408 1511 1485 1540 cadit
1505 1511 1532 1540 in
1556 1512 1732 1542 ditﬁcultates
1759 1514 1795 1542 ob

159 1560 317 1596 παράϐολος
330 1560 493 1596 περιπίπτει
504 1561 562 1593 τοῖς
577 1560 639 1587 καθ’
654 1561 809 1597 ὑπερϐολὴν
821 1561 870 1596 τῆς
883 1561 948 1596 ἀρε-

1003 1557 1238 1594 exaggerationem
1249 1559 1359 1587 virtutis
1372 1562 1457 1586 ortas.

159 1605 210 1640 τῆς
229 1605 355 1632 πάθεσιν.

196 1661 339 1695 Ἀγγελος
354 1660 388 1688 δὲ
399 1661 496 1696 σοφὸς
523 1662 629 1696 ῥύεται
646 1661 749 1688 αὐτόν.
771 1659 952 1688 Ἀπαλλάττει

159 1706 189 1734 δὲ
204 1707 284 1734 αὑτὸν
297 1707 345 1734 τοῦ
362 1707 487 1735 τοιούτου
505 1707 643 1740 κινδύνου,
659 1709 672 1734 ὁ
687 1708 736 1742 τῆς
748 1707 870 1743 μεγάλης
892 1707 953 1743 βου-

159 1751 210 1788 λῆς
223 1753 270 1780 τοῦ
288 1753 396 1789 lla-cpe;
412 1753 547 1788 Ἀγγελος
563 1761 571 1769 ·
586 1753 600 1780 ό
610 1752 691 1787 σοφὸς
707 1752 799 1789 ῑατρδς
811 1753 866 1779 τῶν
881 1753 952 1788 ἠμε-

160 1799 248 1835 τέρων
261 1799 357 1835 ψυχῶν
381 1799 449 1832 Θεὸς
467 1800 564 1834 Λόγος,
592 1799 742 1835 συγχωρῶν
759 1800 842 1827 αὑτὸν
860 1799 951 1826 ποικί-

160 1845 218 1878 λοις
229 1847 391 1882 περιπεσεῖν
410 1846 527 1874 πάθεσιν
537 1854 545 1862 ·
566 1846 610 1873 ῐνα
626 1846 699 1882 μάθῃ
717 1847 950 1882 ταπεινοφρονεῖν,

163 1892 209 1919 καὶ
229 1891 267 1927 μὴ
279 1893 312 1927 τῇ
333 1892 453 1927 διακένῳ
471 1891 534 1928 δόξῃ
548 1891 758 1927 ὲμματαιάζειν.

198 1949 244 1982 ιη’.
272 1947 383 1973 Πενίαν
411 1946 461 1973 καὶ
489 1947 609 1982 ἀτιμίαν
630 1946 795 1981 ἀφαιρεῖται
820 1945 950 1974 παιδεία.

166 1991 199 2018 Ἦ
225 1991 279 2018 τῶν
302 1991 437 2018 ἀκουσίων
463 1991 552 2018 πόνων
584 1991 716 2026 ἐπαγωγὴ
730 2011 739 2024 ,
759 1990 807 2026 τὴν
838 1991 952 2027 σύντρο-

161 2049 211 2074 φον
229 2042 262 2076 τῇ
287 2039 349 2067 καθ’
373 2039 470 2075 ἡδονὴν
493 2038 622 2066 στενώσει
644 2038 772 2074 στέρησιν
792 2038 840 2065 τοῦ
867 2047 952 2065 πνευ-

161 2083 278 2120 ματικοῦ
313 2084 450 2116 πλούτου,
488 2084 537 2111 καὶ
564 2083 598 2111 τὰ
627 2083 776 2120 ἁτιμοποιὰ
801 2083 875 2119 πάθη
902 2092 951 2110 πε-

163 2130 284 2165 ριαιρεῖ·
313 2129 344 2157 τὸ
367 2129 488 2162 συνειδὸς
511 2129 686 2165 διεγείρουσα
711 2129 751 2161 εἰς
771 2129 881 2165 ἔλεγχον
903 2128 951 2155 τοῦ

161 2183 259 2203 κακου.

1041 1659 1160 1687 Nuntius
1177 1664 1267 1687 autem
1281 1661 1386 1694 rapiens
1403 1660 1497 1688 liberat
1508 1669 1578 1689 eum.
1593 1661 1720 1691 Custodit
1735 1671 1764 1692 se
1777 1672 1793 1692 a

1002 1703 1086 1733 simili
1104 1705 1228 1740 periculo
1245 1705 1337 1740 magni
1353 1705 1462 1733 consilii
1479 1707 1568 1741 patris
1584 1707 1725 1743 Angelus;
1749 1715 1794 1737 sa-

1002 1751 1081 1787 piens
1097 1755 1255 1779 nostrarum
1273 1751 1428 1779 animarum
1437 1753 1573 1785 medicus,
1586 1753 1659 1782 Deus
1667 1755 1792 1789 verbum,

1005 1797 1168 1830 permittens
1183 1804 1213 1825 se
1228 1797 1314 1825 variis
1336 1797 1455 1825 motibus
1468 1798 1578 1834 agitari,
1593 1804 1621 1826 ut
1632 1799 1729 1828 doceat
1742 1809 1793 1829 nos

1004 1842 1149 1870 humiliter
1169 1842 1285 1875 sentire,
1299 1850 1389 1878 neque
1405 1843 1480 1871 inani
1499 1843 1585 1878 gloria
1601 1844 1701 1872 inﬂari.

1038 1943 1126 1972 Vens.
1143 1944 1187 1972 18.
1207 1943 1402 1979 Paupertatem
1415 1949 1440 1972 et
1454 1945 1629 1981 ignominia»:
1649 1946 1737 1980 aufert
1749 1947 1793 1974 di-

1003 1990 1127 2025 sciplina.
1146 1989 1290 2018 Erumnze
1303 1998 1364 2026 qum
1385 1991 1517 2019 invadunt
1539 1992 1649 2025 invitos,
1672 1993 1792 2021 animam

1004 2036 1107 2071 gaudio
1124 2036 1207 2064 simul
1223 2037 1416 2071 spiritualibus
1437 2036 1540 2065 divitiis
1559 2039 1696 2072 privatam
1722 2040 1794 2068 ditc-

1003 2086 1095 2114 scunt,
1122 2081 1280 2117 vilibusque
1303 2087 1422 2118 purgant
1444 2084 1632 2118 passionibus,
1648 2086 1792 2114 conscien-

1003 2128 1070 2155 tiam
1086 2127 1232 2155 excitando
1254 2128 1282 2155 in
1299 2128 1543 2164 reprehensionem
1556 2130 1633 2157 mali.

201 2229 234 2256 ὀ
257 2229 292 2256 δὲ
321 2229 493 2264 φυλάσσων
522 2228 685 2264 ἐλέγχους,
716 2228 948 2262 δοξασθήσεται.

1040 2226 1092 2260 Qui
1105 2231 1192 2254 autent
1208 2227 1422 2262 reprehensiones
1439 2228 1570 2261 observat,
1585 2229 1791 2265 glori/imbitur.

168 2274 199 2301 '0
215 2275 243 2301 δὲ
267 2276 332 2307 τοὺς
356 2275 411 2301 τῶν
429 2274 518 2302 πόνων
541 2274 680 2309 ἐλέγχους,
705 2274 742 2310 μὴ
759 2274 793 2301 δι’
805 2274 950 2310 ὀλιγωρίαν

161 2320 298 2351 ἀπόλλων,
322 2320 390 2348 ἀλλὰ
420 2320 561 2356 συντηρῶν
583 2319 694 2351 τούτους
722 2320 788 2356 παρ’
803 2319 892 2355 ἐαυτῷ
916 2320 967 2347 δι’·

160 2366 323 2402 εὐχαρίστου
347 2366 497 2403 ὑπομονῆς,
522 2365 573 2402 τῆς
597 2365 674 2402 παρὰ
695 2365 755 2402 Θεῷ
769 2365 893 2399 τεύξεται
908 2365 950 2392 δό-

160 2411 221 2447 ξης.

197 2466 240 2494 ιϐ’.
273 2466 444 2501 Ἐπιθυμίαι
480 2465 622 2499 εὐσεϐῶνι
652 2465 800 2500 ἡδύνουσι
833 2465 950 2501 ψυχήν.

160 2513 194 2539 At
211 2511 275 2546 περὶ
299 2513 330 2538 τὸ
357 2512 460 2546 ἀγαθὸν
483 2512 592 2547 ἐφέσεις
616 2512 671 2538 τῶν
694 2511 889 2547 ἁγαθοεργίαις
909 2520 950 2538 τι-

164 2557 277 2594 μώντων
291 2557 369 2590 Θεδν,
384 2559 418 2594 τῇ
443 2557 539 2585 τούτου
555 2558 684 2594 ὲπιτυχίᾳ
701 2558 878 2594 εὐφραίνουσι
897 2557 950 2592 ψυ-

161 2613 221 2632 νην.

161 2614 221 2632 ’τ’ν.

161 2614 293 2686 “ip-ra
325 2650 359 2677 δὲ
395 2650 532 2684 ἀσεϐῶν,
571 2653 688 2685 μακρὰν
715 2650 775 2678 ἀπὸ
803 2649 950 2685 γνώσεως.

160 2698 194 2724 Δὶ
219 2697 247 2724 δὲ
273 2697 387 2732 πράξεις
424 2697 480 2724 τῶν
510 2697 548 2733 μὴ
580 2697 651 2724 οὕτω
677 2697 821 2732 τιμώντων
853 2697 949 2729 αὐτὸν,

160 2745 255 2780 nepam
286 2744 336 2780 τῆς
354 2744 402 2772 τοῦ
427 2744 531 2779 ἀγαθοῦ
552 2745 606 2771 εἰσι
632 2743 770 2778 γνώσεως,
799 2744 837 2776 ὡς
860 2744 951 2778 ἄλογοι

160 2791 208 2818 καὶ
241 2790 349 2826 ἀπάτης
379 2790 497 2825 μεσταί·
526 2789 672 2816 κάντεῦθεν
700 2790 809 2822 πάντως
837 2790 881 2817 διὰ
903 2790 952 2826 τὴν

160 2834 207 2863 τοῦ
231 2834 317 2862 κακοῦ
342 2836 461 2870 πεῖραν,ῖ
476 2833 613 2861 θλίϐουσιν
643 2833 676 2860 ἐκ
702 2833 882 2868 μεταμελείας
899 2833 950 2869 ψυ-

160 2891 220 2918 χιιι-

328 2927 466 2959 Ριτειοῐ..
490 2927 549 2957 Gn.
572 2925 752 2957 LXXXVII.

1003 2272 1056 2306 Qui
1078 2274 1210 2301 :rrumnis
1226 2275 1363 2302 excitatos
1381 2276 1564 2304 conscientiae
1583 2277 1711 2305 stimulos
1736 2286 1792 2307 non

1003 2319 1207 2355 parvipendens
1226 2321 1367 2356 opprimit,
1385 2321 1434 2349 sed
1452 2323 1525 2358 apud
1541 2330 1571 2351 se
1589 2322 1661 2351 fovet
1677 2330 1755 2359 grato
1765 2330 1792 2353 et

1002 2367 1143 2394 constanti
1169 2366 1281 2400 animo,
1310 2367 1363 2395 sibi
1388 2368 1460 2403 apud
1496 2369 1580 2397 Deum
1618 2372 1792 2405 comparabit

1001 2412 1119 2440 laudem.

1036 2467 1121 2495 Vens.
1143 2467 1187 2495 l9.
1213 2468 1351 2496 Desideria
1374 2469 1479 2503 piorum
1500 2469 1640 2504 la'tiﬁcant
1660 2472 1790 2499 animam.

1001 2512 1092 2540 Animi
1115 2513 1142 2540 in
1162 2513 1263 2540 bonum
1285 2514 1407 2550 impetus
1428 2515 1456 2542 in
1476 2514 1521 2542 his
1537 2516 1584 2550 qui
1603 2516 1683 2544 bouis
1700 2517 1789 2552 operi-

1002 2559 1055 2586 bus
1082 2559 1219 2587 lionorant
1246 2559 1348 2594 Deum,
1375 2560 1447 2588 felici
1473 2561 1549 2589 exitu
1571 2562 1708 2590 delectant
1732 2564 1792 2591 ani-

1002 2612 1085 2632 mnm.

1038 2651 1125 2685 Opera
1149 2656 1237 2679 autem
1250 2652 1392 2687 impiorum
1411 2652 1487 2689 longe
1497 2662 1514 2680 a
1527 2654 1647 2683 scientia.
1662 2656 1792 2685 Actiones

1002 2703 1067 2723 vero
1090 2696 1199 2724 illorum
1221 2698 1268 2733 qui
1305 2706 1360 2725 non
1378 2698 1416 2725 ita
1436 2699 1572 2726 honorant
1597 2700 1694 2734 Deum,
1711 2701 1792 2737 longe

1003 2746 1069 2767 sunt
1084 2749 1098 2768 a
1115 2741 1270 2776 cognitione
1288 2743 1363 2775 boni,
1389 2746 1520 2779 tanquam
1537 2746 1643 2773 ratione
1666 2751 1793 2775 carentes

1002 2792 1027 2813 et
1043 2794 1136 2814 errore
1152 2787 1258 2822 plente;
1275 2793 1302 2816 et
1317 2788 1379 2816 ideo
1392 2789 1429 2816 ob
1444 2791 1622 2818 tentationem
1633 2791 1708 2824 ntali,
1718 2799 1792 2819 sem-

1004 2840 1054 2868 per
1070 2839 1217 2862 conterunt
1231 2835 1352 2863 animam
1371 2836 1541 2871 poenitentia.

1592 2929 1630 2958 £3
