2072 3161
168 167 234 198 1357

664 161 930 194 COMMENTARII
949 159 988 189 IN
1011 159 1240 189 PROVERBIA;

1721 156 1791 189 1358

203 220 301 256 Ψυχαὶ
317 220 351 248 δὲ
363 220 492 253 ἀσεϐῶν,
507 219 631 253 ἐνδεεῖς.
649 219 682 245 At
697 218 783 253 ψυχαὶ
795 217 824 243 δὲ
848 215 901 242 τῶν
917 214 954 250 μὴ

1041 214 1146 240 Anium
1158 218 1246 240 autem
1263 213 1404 248 impiorum
1420 212 1577 248 indigentes.
1588 212 1693 240 Anima:
1704 217 1794 240 autent

162 267 197 294 δι’
222 267 407 303 ἁγαθοεργίας
430 268 574 303 τιμώντων
600 266 646 293 τὸν
669 265 748 296 Θεὸν,
777 263 823 290 τοῦ
848 261 953 296 ἀγαθοῦ

162 314 344 349 ἐστερημέναι
361 313 513 349 ὑπάρχουσι
527 322 534 329 ·
546 313 593 339 καὶ
603 311 656 339 ὑπὸ
667 311 717 346 τῆς
729 310 826 337 τούτου
839 307 953 339 ἐνδείας,

162 358 200 391 ὡς
215 359 269 386 ὑπό
281 368 353 391 τινος
364 359 450 386 δεινοῦ
465 358 561 394 λοιμοῦ
578 358 735 394 τρύχονται.

458 439 585 467 ΚΕΦΑΛ.
607 439 657 466 IA’.

199 507 234 531 α’.
249 504 342 538 Σοφαὶ
356 503 497 538 γυναῖκες
511 502 711 536 ᾠκοδόμησαν
740 501 853 534 οἷκους.
866 501 899 528 Αἱ
911 501 955 528 διὰ

163 549 194 576 τὺ
216 551 310 586 τηρεῖν
325 549 370 575 τὸν
395 549 459 576 καθ’
479 548 512 575 ὃν
536 548 616 582 λόγον
631 547 773 582 γεγόνασι,
794 547 890 581 σοφίας
917 546 955 581 μὴ

164 595 329 631 ἀμοιροῦσαι
345 594 442 630 ψυχαὶ,
460 593 626 629 εὐτρέπισαν
646 594 768 625 ἑαυταῖς,
793 593 864 620 κατὰ
888 594 957 629 πρᾶ-

165 641 217 675 ξιν,
230 642 279 673 τὰς
293 641 372 677 δίκην
386 640 469 667 οἴκων
484 640 539 667 ἀπὸ
553 640 600 667 τοῦ
614 640 749 675 χειμῶνος
765 640 812 667 καὶ
829 639 877 666 τοῦ
889 639 957 667 καύ-

166 696 250 720 σωνος
263 687 318 714 τῶν
333 687 428 714 παθῶν
445 686 616 722 φυλακτικᾰς
635 686 745 721 ἀρετάς.

208 752 244 780 ’11
255 751 289 778 δὲ
301 752 404 786 ἄφρων
418 751 576 787 γενομένη,
593 751 767 786 κατέσκαψε
782 752 889 786 χερσὶν
904 751 958 779 αὺ-

166 799 231 833 τῆς.
253 798 286 824 Ἦ
298 798 326 824 δὲ
338 798 408 833 πρὸς
423 797 536 832 ἀλογίαν
549 798 686 834 τραφεῖσα
699 797 783 833 ψυχὴ,
798 797 847 828 τὰς
862 796 957 824 τοιαύ-

165 853 216 876 τας
249 844 403 879 διέφθειρεν
427 843 544 879 ἀρετάς·
572 843 734 878 χρησαμένη
761 842 831 879 πρὸς
858 842 958 870 κακίαν

1005 265 1099 286 eorum
1123 259 1170 293 qui
1187 266 1234 293 per
1248 258 1336 285 bonos
1357 262 1435 285 actus
1457 265 1511 284 non
1533 257 1674 284 honorant
1697 257 1794 289 Deum,

1008 303 1080 331 bono
1095 303 1248 338 indigentes
1264 303 1333 330 ﬁunt
1343 311 1351 335 ;
1363 306 1390 330 et
1405 303 1458 330 hac
1470 303 1533 330 boni
1558 302 1720 337 indigentia,
1735 306 1796 330 tan-

1006 356 1088 384 quam
1107 348 1233 376 horribili
1249 348 1368 383 quadam
1386 348 1458 376 fame
1477 353 1652 383 torquentur.

1218 458 1238 479 .
1320 431 1396 459 CAP.
1417 431 1486 459 XIV.

1048 497 1133 523 Vens.
1149 497 1176 523 l.
1193 494 1331 530 Sapientes
1350 495 1474 522 mulieres
1484 494 1681 529 tediﬁcuverunt
1693 495 1795 522 domos.

1011 540 1078 574 Quae
1104 541 1256 568 observant
1279 540 1427 572 rationem,
1448 547 1502 575 qua
1518 540 1584 574 ipsa:
1599 543 1740 572 constant,
1754 547 1797 568 sa-

1007 587 1111 623 pientia
1141 593 1197 614 non
1212 589 1340 621 expertes
1369 585 1480 618 animae,
1507 584 1559 612 sibi
1576 588 1744 620 paraverunt
1764 585 1797 612 ad

1009 632 1145 668 agendum
1165 632 1284 661 virtutes
1301 631 1403 666 quibus
1424 631 1569 658 domorutn
1593 630 1681 658 instar
1703 633 1798 665 prote-

1011 682 1112 714 gantur
1128 682 1227 705 contra
1247 677 1352 713 frigora
1365 681 1392 704 et
1407 676 1522 704 ardores
1537 676 1709 711 passionum.

1047 741 1182 778 [nsipiens
1205 746 1294 768 autem
1323 741 1409 776 facta,
1431 740 1563 768 destruxit
1587 740 1643 767 suis
1664 739 1796 766 munibus.

1010 788 1150 816 Conversa
1164 793 1256 816 autem
1274 787 1308 816 ad
1329 787 1476 815 stultitiam
1493 787 1586 814 anima
1599 786 1667 813 tales
1684 786 1799 813 virtutes

1010 836 1145 870 corrupit,
1171 842 1205 862 eo
1230 833 1305 869 quod
1327 840 1378 861 usa
1397 836 1440 860 est
1463 832 1497 860 ad
1520 832 1652 859 malitiam
1672 831 1745 866 aptis
1765 831 1798 858 ad

165 891 227 923 ταῖς
244 876 316 926 πρὸς
329 876 462 925 ἐργασίαν
475 889 522 916 τοῦ
541 876 646 924 ἀγαθοῦ
662 876 939 924 οἰκείαις-δυνάμεσιν
952 896 959 904 '

1014 881 1114 908 bonmn
1136 879 1351 915 perpetrandum
1375 877 1566 909 facultatibus.
1579 876 1651 904 unde
1664 884 1694 904 se
1709 876 1800 904 omni-

166 936 229 963 ὅθεν
261 936 371 967 πάντως
400 935 500 963 πάθεσι
544 935 722 971 χειμάζεσθαι
753 933 960 970 παρεσκεύασεν

166 981 278 1016 ἑαυτήν.

203 1046 235 1081 β’.
262 1046 294 1072 '0
319 1045 521 1080 πορευόμενος
545 1044 648 1079 ὀρθῶς,
672 1044 804 1079 φοϐεῖται
826 1044 879 1071 τὸν
904 1045 961 1071 Κυ-

162 1100 242 1126 ριον,
267 1091 296 1119 '0
328 1091 366 1127 μὴ
391 1091 591 1127 ἐκτρεπόμενος
624 1090 679 1118 ἀπὸ
698 1090 748 1125 τῆς
774 1089 835 1116 κατ’
859 1089 960 1125 ἀρετὴν

167 1137 276 1170 εὐθείας
302 1137 375 1170 ὀδοῦ,
395 1137 441 1165 τὸν
463 1136 561 1163 ἑαυτοῦ
581 1136 721 1172 Δεσπότην
736 1135 859 1171 φοϐεῖται
872 1135 939 1162 Θεόν
951 1143 959 1150 ·

166 1183 206 1220 τῷ
221 1183 276 1220 γὰρ
292 1183 369 1219 φόὸῳ
382 1183 487 1220 Κυρίου
504 1183 627 1211 ἐκκλίνει
642 1183 697 1214 πᾶς
711 1181 766 1209 ἀπὸ
780 1181 878 1209 κακοῦ.

209 1247 242 1274 '0
257 1246 293 1273 δὲ
307 1245 475 1277 σκολιάζων
489 1246 554 1279 ταῖς
570 1245 652 1279 ὁδοῖς
676 1245 779 1277 αὑτοῦ,
796 1243 962 1280 ἀτιμασθή-

167 1300 264 1320 σεται.
290 1292 319 1319 '0
341 1292 363 1319 δ’
391 1293 431 1324 εις
454 1292 489 1319 τὰ
505 1292 566 1319 κατ’
587 1291 707 1326 ἔλλειψιν
727 1291 777 1326 τῆς
791 1291 893 1327 ἀρετῆς
914 1290 962 1318 καὶ

168 1338 322 1374 ὑπερσολὴν
351 1338 425 1374 πάθη
448 1338 699 1375 περιτρεπόμενος,
726 1338 776 1373 τῆς
800 1337 876 1373 παρὰ
901 1337 962 1374 Θεῷ

167 1385 251 1420 τιμῆς
278 1384 495 1420 στερηθήσεται·
521 1384 570 1418 τῆς
596 1383 672 1416 θείας
694 1382 834 1419 βασιλείας
859 1383 961 1410 ἀποτυο

168 1431 237 1468 χὼν,
252 1431 300 1459 καὶ
310 1431 489 1468 κατακριθεὶς
504 1431 543 1463 εἰς
554 1430 679 1465 γέενναν.

203 1497 240 1532 Υ.
257 1497 309 1524 Ἐκ
319 1497 468 1531 στόματος
478 1494 618 1530 ἀφρόνων
636 1493 787 1528 ,βακτηρία
797 1493 918 1528 ὕϐρεως.
933 1493 962 1520 Ὀ

169 1544 224 1571 τῶν
239 1543 366 1579 ἀφρόνων
380 1541 472 1576 λόγος,
488 1541 538 1576 οὐχ
555 1538 602 1567 οἷα
626 1540 723 1575 ράὅδος
735 1540 785 1575 τὴν
797 1539 852 1566 τῶν
867 1538 962 1566 παθῶν

170 1589 250 1624 ὓϐριν
270 1587 407 1624 μαστίζει,
421 1586 478 1614 ἀλλ’
494 1585 532 1618 ὥς
543 1594 585 1618 τις
601 1586 736 1621 βακτηρία
756 1584 879 1621 στηρίξει
896 1584 962 1620 μᾶλ-

169 1635 215 1663 λον
231 1635 317 1670 αὐτήν
332 1642 339 1650 ’
363 1634 401 1666 ὡς
423 1634 487 1665 τοὺς
514 1632 665 1664 ἀκούοντας
692 1631 730 1668 μὴ
754 1631 960 1667 διορθούμενος,

171 1681 228 1708 ἀλλ’
244 1680 366 1716 ἑδράζων
383 1680 412 1706 ὲν
428 1681 485 1711 τοῖς
502 1679 608 1710 κακοῖς.

206 1744 297 1777 Χείλη
314 1743 348 1769 δὲ
363 1741 468 1777 σοφῶν
486 1741 641 1776 φυλάσσει
666 1741 787 1774 αὐτούς.
803 1739 863 1767 Τῶν
879 1739 907 1766 δὲ
920 1748 963 1766 σο-

172 1789 232 1825 φῶν
255 1789 280 1815 οἱ
303 1788 378 1822 λόγοι
407 1788 437 1814 οὐ
472 1787 552 1822 μόνον
581 1787 750 1823 διορθοῦνται
773 1787 836 1818 τοὺς
860 1786 963 1813 τούτων

171 1834 375 1870 ἀκροωμένους,
403 1833 472 1860 ἀλλὰ
491 1833 538 1860 καὶ
562 1833 663 1865 αὐτοὺς
683 1832 815 1869 τηροῦσιν
839 1832 909 1859 ὥστε
925 1832 963 1868 μὴ

173 1880 334 1916 περιπεσεῖν
357 1875 398 1910 οἷς
419 1878 496 1905 αὐτοὶ
511 1878 713 1913 ἀποτρέπονται
727 1888 734 1895 ·
759 1879 788 1905 ὲν
807 1874 847 1910 οἷς
861 1877 914 1912 γὰρ
939 1877 964 1903 ot

173 1927 280 1954 συνετοὶ
295 1925 420 1960 διορθοῦν
441 1924 553 1960 ἑτέρους
573 1924 768 1959 ἐπιχειροῦσιν,
797 1923 965 1958 κατασφαλί-

173 1972 264 2005 ζονται
281 1971 405 2003 ἑαυτοὺς,
428 1971 465 2006 μὴ
484 1969 518 1997 τὰ
533 1971 614 2005 ὅμοια
628 1969 743 2001 ἐκείνοις
760 1969 866 1998 παθεῖν,

210 2040 236 2063 ι’.
256 2033 297 2063 Οὗ
314 2035 353 2070 μή
372 2036 431 2062 εισι
448 2035 533 2067 βόες,
547 2034 656 2069 φάτναι
668 2033 804 2068 καθαραί.
821 2032 906 2060 Ἔνθα
916 2033 965 2068 οὐχ

173 2082 342 2117 ὑπάρχουσιν
357 2081 449 2115 ἄλογοι
464 2080 608 2116 ἐπιθυμίαι
624 2079 678 2106 τῶν
688 2079 810 2115 ὁρατῶν,
825 2079 883 2106 ἐκεῖ
896 2079 966 2106 είσιν

173 2127 384 2162 ἀπηλλαγμέναι
399 2126 493 2154 παθῶν
512 2125 660 2161 φαντασίαι
675 2133 682 2140 ·
697 2127 725 2152 ὲν
746 2123 790 2157 αἷς
806 2125 966 2152 ἀποτίθεται

176 2175 194 2210 ἡ
213 2173 266 2200 τῶν
281 2173 387 2208 ὁρατῶν
402 2173 559 2208 ἐπιφάνεια,
577 2172 614 2204 ὡς
629 2171 676 2198 τοῦ
693 2171 792 2206 ἀλόγου
811 2172 860 2207 τῆς
876 2171 967 2207 ψυχῆς

175 2220 276 2256 μέρους
292 2219 390 2255 τροφή.

207 2281 248 2311 Οὖ
267 2282 301 2309 δὲ
317 2282 418 2309 πολλὰ
433 2281 613 2316 γεννήματα,
635 2281 748 2316 φανερὰ
758 2281 834 2313 ,βοὸς
861 2280 961 2315 Ζσχύς.

175 2327 263 2357 Ὅπου
290 2328 319 2354 δὲ
334 2328 357 2354 οἱ
374 2327 497 2362 διάςςοροι
523 2326 598 2360 λόγοι
613 2326 668 2352 τῶν
689 2326 806 2361 ὁρατῶν,
829 2325 900 2353 κατὰ
914 2326 963 2361 τὴν

174 2375 204 2402 ὲν
215 2374 350 2409 πνεύματι
362 2373 479 2408 φυσικὴν
494 2371 623 2408 Θεωρίαν,
635 2372 793 2406 γνωστικῶς
810 2371 964 2406 γεωργοῦν-

174 2429 230 2451 ται,
243 2420 301 2446 ὲκετ
319 2419 386 2455 δήλη
402 2419 462 2445 ἐστὶ
471 2418 521 2453 τῆς
533 2417 682 2453 ἐπιθυμίας
695 2418 711 2453 ἠ
728 2418 799 2444 κατὰ
819 2417 900 2452 λόγον
920 2417 964 2444 δύ-

174 2473 271 2500 ναμιςο
289 2465 350 2491 καθ’
363 2465 392 2491 ἣν
408 2463 529 2499 ἠδυνήθη
540 2463 586 2490 τὸν
599 2463 659 2490 κατ’
671 2462 796 2498 αἴσθησιν
813 2462 964 2498 σκεδασμὸν

173 2511 311 2547 διαὸἦναι,
323 2510 370 2538 καὶ
387 2510 488 2544 φθάσαι
501 2510 570 2545 πρὶς
583 2509 632 2545 τὴν
646 2510 716 2536 κατὰ
727 2508 789 2536 νοῦν
805 2510 854 2542 τῆς
868 2510 896 2536 ὲν
907 2510 964 2541 τοῖς

174 2557 246 2590 ὅλοις
258 2557 390 2593 ἀληθείας
408 2557 533 2592 ἑνότητα.

211 2678 242 2702 ε’.
261 2675 383 2708 Μάρτυς
397 2674 504 2707 πιστὸς
516 2674 552 2700 οὺ
567 2673 721 2708 ψεύσεται.
748 2672 778 2700 '0
790 2672 857 2704 Θεὸς
868 2673 964 2707 Λόγος,

175 2722 192 2757 ἡ
208 2721 400 2757 αὑτοαλήοεια,
413 2721 464 2756 τὴν
482 2721 547 2756 περὶ
562 2719 596 2746 τὰ
613 2719 765 2755 φαινόμενα
779 2719 872 2754 σχέσιν
886 2718 965 2753 ἡμῶν

175 2768 284 2803 ἀπάτης
305 2768 419 2803 μεστὴν.
434 2768 467 2802 τῇ
482 2767 585 2794 τούτων
605 2766 694 2801 φθορᾷ
710 2765 866 2801 διελέγχων,
882 2765 966 2800 ἀψευ-

175 2813 222 2849 δής
233 2815 314 2840 ἐστιν.

218 2886 341 2913 Ἐκκίιίει
357 2886 391 2913 δὲ
407 2885 516 2920 ψευδῆ,
531 2884 646 2919 μάρτυς
663 2884 775 2917 ἄδικος.
795 2884 965 2913 ’Υπανάπτει

1011 933 1047 953 no
1062 925 1240 961 passionibus
1258 923 1414 960 agitandam
1431 922 1567 958 permisit.

1047 1033 1131 1061 Vens.
1149 1032 1177 1060 2.
1195 1033 1248 1065 Qui
1267 1032 1387 1060 ambulat
1405 1036 1473 1059 recte
1489 1031 1563 1058 timet
1577 1030 1731 1058 Dominum.
1748 1029 1800 1064 Qui

1011 1086 1066 1107 non
1079 1078 1214 1106 avertitur
1228 1085 1243 1105 a
1257 1083 1334 1106 recta
1345 1077 1497 1106 secundum
1512 1077 1643 1104 virtutem
1654 1076 1708 1108 via,
1720 1083 1800 1103 suum

1011 1124 1158 1152 Dominum
1179 1125 1258 1152 timet
1271 1123 1376 1157 Deum;
1391 1124 1489 1152 timore
1500 1123 1575 1151 enim
1591 1122 1700 1152 Domini
1716 1123 1801 1151 decli-

1013 1175 1061 1199 nat
1076 1171 1168 1199 omnis
1187 1170 1271 1198 liomo
1287 1170 1395 1197 amalo.

1049 1234 1101 1269 Qui
1124 1239 1211 1262 autem
1228 1234 1315 1262 deviat
1337 1236 1364 1262 in
1386 1235 1443 1262 sui:
1459 1234 1520 1267 riis,
1544 1242 1594 1261 non
1616 1233 1800 1261 honorabitur.

1012 1282 1064 1316 Qui
1086 1286 1177 1309 autem
1194 1281 1366 1309 convertitur
1385 1281 1419 1309 ad
1434 1282 1579 1317 passiones
1593 1280 1695 1315 quibus
1716 1279 1802 1315 negli-

1013 1329 1088 1364 gitur
1104 1328 1194 1356 virttis
1205 1332 1232 1355 et
1243 1327 1381 1360 tardatur,
1393 1326 1498 1354 honore
1511 1327 1583 1362 apud
1603 1325 1688 1353 Deum
1711 1325 1802 1360 priva-

1018 1374 1104 1406 bitur,
1121 1381 1136 1402 e
1153 1373 1247 1401 divino
1261 1380 1346 1408 regno
1370 1373 1467 1408 pulsus
1483 1376 1511 1401 et
1529 1372 1676 1400 damnatus
1697 1372 1732 1398 ad
1754 1378 1802 1407 gc-

1013 1420 1144 1449 bennam.

1049 1483 1135 1512 Vens.
1154 1484 1182 1511 5.
1204 1482 1248 1510 Ea:
1264 1491 1310 1510 ore
1323 1482 1467 1510 stultorum
1488 1481 1600 1509 baculus
1624 1480 1800 1508 contumeliae.

1017 1530 1169 1558 Stultorum
1183 1537 1285 1561 sermo,
1296 1535 1352 1556 non
1369 1528 1458 1564 qualis
1471 1527 1548 1563 virga
1565 1527 1722 1562 passionum
1735 1533 1802 1553 con-

1016 1577 1156 1605 tumeliam
1185 1576 1322 1612 ﬂagellat,
1349 1575 1397 1603 sed
1426 1575 1506 1609 quasi
1541 1573 1656 1601 baculus
1689 1572 1801 1608 quidam

1015 1624 1087 1651 banc
1105 1622 1194 1658 magis
1208 1622 1348 1653 obtirmat.
1365 1620 1438 1657 quod
1454 1619 1593 1648 auditores
1606 1627 1661 1647 non
1678 1618 1800 1651 instruit,

1014 1668 1062 1697 sed
1075 1668 1171 1696 statuit
1188 1667 1216 1694 in
1234 1667 1316 1694 malo.

1053 1731 1139 1759 Labia
1154 1730 1314 1766 sapientium
1329 1729 1482 1756 custodiunt
1497 1736 1551 1756 eos.
1568 1727 1741 1762 Sapientium
1754 1734 1803 1753 an-

1016 1784 1070 1807 tem
1090 1786 1245 1811 sermones,
1262 1785 1316 1804 non
1331 1777 1419 1804 solum
1436 1776 1578 1803 instruunt
1596 1782 1644 1802 eos
1663 1774 1712 1809 qui
1729 1774 1802 1809 ipsos

1016 1826 1143 1858 audiunt,
1165 1825 1212 1853 sed
1223 1824 1306 1852 etiatn
1324 1827 1436 1850 servant
1449 1830 1496 1850 eos
1513 1829 1548 1849 ne
1567 1821 1668 1849 cadant
1687 1821 1715 1848 in
1732 1821 1802 1847 mala

1016 1881 1031 1900 a
1051 1873 1150 1908 quibus
1165 1871 1219 1907 ipsi
1234 1873 1407 1897 avertuntur.
1422 1868 1452 1896 ιιι
1464 1868 1507 1896 his
1521 1868 1597 1895 enim
1614 1867 1718 1903 quibus
1736 1873 1804 1902 prn-

1016 1919 1112 1946 dentes
1135 1918 1273 1945 instruere
1290 1920 1407 1944 caeteros
1429 1915 1569 1949 nituntur,
1590 1914 1697 1949 seipsos
1711 1913 1804 1941 delen-

1016 1965 1085 1993 dunt
1099 1972 1133 1991 ne
1147 1963 1242 1991 eadem
1261 1970 1294 1990 ac
1310 1961 1355 1990 isti
1370 1961 1520 1997 patiantur.

1052 2028 1136 2056 νεεδ,
1151 2028 1179 2055 4.
1199 2025 1249 2053 Ubi
1268 2034 1319 2053 non
1342 2030 1404 2053 sunt
1432 2026 1517 2056 boves,
1544 2026 1675 2059 pra'sepia
1689 2023 1799 2051 munda.

1018 2074 1069 2103 Ubi
1087 2082 1141 2102 non
1155 2077 1219 2102 sunt
1237 2072 1439 2100 irrationabiles
1454 2071 1618 2106 cupiditates
1633 2078 1728 2098 eorum
1745 2078 1805 2105 qua:

1016 2121 1156 2153 videntur,
1172 2120 1210 2147 ibi
1229 2119 1355 2147 exsulant
1370 2119 1531 2153 passionum
1546 2117 1691 2152 imagines,
1705 2117 1731 2143 in
1746 2116 1805 2152 qui-

1018 2167 1071 2195 bus
1085 2166 1225 2194 invenitur
1238 2172 1334 2193 eorum
1356 2172 1416 2199 quae
1437 2163 1567 2191 videntur
1585 2162 1703 2198 species,
1722 2162 1804 2198 hujus

1021 2213 1144 2249 expertis
1156 2212 1265 2240 ratione
1278 2211 1365 2247 partis
1379 2211 1478 2238 animae
1492 2209 1663 2237 alimentum.

1056 2276 1106 2304 Ubi
1121 2280 1211 2303 autem
1239 2273 1325 2302 multa
1345 2274 1491 2310 genimina,
1508 2272 1651 2307 ntauifesta
1674 2277 1713 2300 est
1733 2272 1806 2301 bat-is

1019 2323 1118 2351 uirtus.
1133 2321 1249 2355 Quando
1261 2326 1352 2348 autem
1375 2320 1493 2347 diversae
1507 2318 1630 2346 rationes
1642 2325 1733 2345 rerum
1745 2325 1806 2352 qum

1019 2369 1159 2400 videntur,
1170 2367 1323 2396 secundum
1335 2366 1488 2394 naturalem
1504 2365 1605 2393 mentis
1618 2365 1707 2392 visntn
1721 2364 1806 2400 perite

1019 2419 1187 2446 tractantur.
1206 2419 1272 2442 tunc
1298 2412 1444 2440 manifesta
1457 2416 1499 2439 est
1512 2411 1672 2446 cupiditatis
1689 2410 1731 2438 vis
1746 2418 1806 2445 quae

1018 2467 1061 2490 est
1077 2461 1230 2489 secuttdunt
1247 2459 1395 2491 rationem,
1410 2458 1491 2494 cujus
1507 2465 1558 2492 ope
1574 2457 1619 2483 illa
1633 2457 1722 2492 potuit
1735 2455 1806 2483 divi-

1021 2508 1127 2536 sionem
1145 2507 1299 2535 secundum
1323 2513 1437 2533 sensum
1460 2503 1628 2538 transgredi,
1653 2507 1681 2529 et
1696 2502 1807 2530 tendere

1019 2554 1051 2581 ad
1070 2553 1228 2589 generalem
1240 2552 1367 2580 veritatis
1383 2559 1444 2586 qua:
1461 2551 1612 2579 secundum
1627 2549 1755 2585 spiritum
1763 2554 1806 2577 est

1020 2605 1162 2628 tnntatem.

1056 2673 1140 2702 Vens.
1163 2673 1189 2700 5.
1209 2671 1294 2699 Testis
1317 2670 1404 2706 ﬁdelis
1422 2677 1474 2697 non
1491 2668 1641 2696 mentietur.
1660 2667 1733 2696 Deus
1746 2667 1808 2695 Ver-

1019 2720 1096 2753 bum,
1111 2719 1214 2747 veritas
1230 2718 1302 2753 ipsa,
1324 2717 1435 2752 quando
1451 2720 1578 2743 nostrum
1594 2715 1666 2742 circa
1677 2721 1807 2750 apparen-

1021 2766 1057 2793 tia
1080 2765 1204 2793 ltabitutn
1229 2771 1324 2792 errore
1353 2764 1460 2798 plenum
1490 2762 1599 2789 illorum
1621 2760 1808 2789 destructione

1020 2811 1168 2843 convincit,
1188 2817 1272 2838 verax
1291 2813 1343 2837 est.

1055 2883 1180 2912 Accendit
1194 2888 1281 2912 autent
1301 2882 1438 2910 mendacia
1462 2881 1535 2908 testis
1553 2880 1681 2914 injustas.
1702 2878 1805 2906 Excitat
