2072 3161
157 199 222 232 1361

656 205 926 236 COMMENTARII
945 206 987 238 ΙΝ
997 206 1230 239 PROVERBIA.

1725 203 1795 236 1362

192 256 287 283 ’Ὀταν
308 256 335 283 δ’
354 257 563 293 εὐφραίνηται,
579 260 635 287 οὐκ
650 261 840 296 ὲπιμίτνυται
858 261 944 296 ὕϐρε-

1035 261 1106 291 Dum
1133 262 1249 298 gaudent
1279 269 1307 289 se
1329 269 1381 288 non
1400 260 1554 288 immiscunt
1579 259 1700 294 injuriis.
1724 258 1794 286 Cum

155 311 218 330 σιν.
235 304 299 330 Ὅτε
314 303 342 330 δὲ
364 305 381 339 ἡ
398 304 471 340 ψυχὴ
487 306 678 342 πνευματικὴν
695 307 827 342 κέκτηται
847 308 948 344 εὐφρο-

156 349 250 384 σύνην,
266 349 466 386 ἃπηλλαγμένη
483 351 534 386 τῆς
550 352 605 379 τῶν
621 353 715 380 παθῶν
734 353 847 388 ἀτιμίας
863 354 948 381 ἐστίν.

192 416 238 439 ια’.
255 414 350 440 οὶκίαι
365 414 485 441 ἀσεϐῶν
495 415 765 450 ἀφανισθήσονται.
780 417 822 446 Τὰ
835 417 950 454 σώματα

155 458 210 485 τῶν
231 459 268 494 μὴ
285 460 319 486 δι’
335 460 520 496 ἅγαθοεργίας
538 461 680 496 τιμώντων
696 463 773 496 θεὸν,
800 465 848 492 καὶ
863 466 877 491 ὸ
902 465 950 491 κό-

157 512 225 538 σμος
250 503 326 535 οὗτος
350 506 379 532 ὲν
400 502 422 540 ᾦ
445 507 480 533 δι⁸
499 507 589 534 αὐτῶν
610 507 640 534 τὸ
664 508 817 545 πολίτευμα
837 511 948 545 ἔχουσι’

156 550 220 585 περὶ
237 550 254 577 ἃ
267 551 316 585 οὐχ
331 551 368 582 ὡς
383 552 529 587 παρώικὰ,
544 552 601 578 ἀλλ’
616 553 655 584 ὡς
668 553 766 581 αἰώνια
782 557 950 592 κατοικητή-

157 604 204 631 ρια
220 591 293 622 οὗτοι
308 597 471 630 διάκεινται,
481 599 513 634 τῇ
530 598 619 635 φθορᾷ
632 601 883 636 παραδοθήσονται·
901 591 950 629 σύν

156 642 262 675 τούτοις
273 643 295 669 δ’
310 644 334 670 οἱ
351 643 468 671 τοιοῦτοι
480 644 590 678 πάντως
602 647 648 673 καὶ
661 647 711 679 τὰς
727 648 853 681 αἰωνίους
867 649 950 684 μονὰς

155 687 348 715 ἀπολέσουσιν.

189 752 302 785 Σκηναὶ
317 751 351 778 δὲ
363 754 589 786 κατορθουντων
606 754 784 788 στήσονται.
797 755 948 791 Στήσονται

153 797 181 823 δὲ
193 796 223 823 τὸ
236 797 348 833 σαρκίον
358 807 387 824 τε
397 799 444 825 καὶ
454 799 468 825 ὁ
480 799 581 834 κόσμος
602 802 657 832 τοῖς
668 801 705 833 ὥς
714 810 790 833 τινας
799 802 950 837 παροδικὰς

155 842 256 878 σκηνὰς
269 842 356 870 ταῦτα
372 843 557 879 λογιζομένοις
567 865 574 878 ,
589 846 688 873 εἰδόσιν
700 846 741 873 ὄτι
751 846 785 873 τὰ
801 847 951 881 φαινόμενα

154 888 243 916 πάντα
275 889 369 916 στάσιν
383 889 434 925 τὴν
448 890 476 916 ἐν
489 889 596 924 γενέσει
619 891 667 917 καὶ
689 891 777 927 φθορᾷ
797 891 889 926 ἔχουσι
907 892 950 918 κί-

152 942 229 970 ιησιν
241 954 249 966 ,
269 935 317 962 καὶ
336 935 399 971 μήτ’
416 936 462 962 επὶ
473 937 507 971 τῇ
523 937 629 970 γενέσει
645 937 749 964 τούτων
765 937 947 972 εὐφραινομέ-

151 989 206 1012 vat;
231 981 306 1016 (μήτ’
330 981 376 1008 ἐπὶ
398 983 430 1017 τῇ
454 981 543 1018 φθορᾷ
562 983 769 1018 λυπουμένων)⁸
798 983 946 1010 κάντεῦθεν

152 1027 272 1062 στάσιμα
286 1027 319 1054 τὰ
330 1028 434 1055 ἄνατα
450 1029 479 1055 ὲν
494 1029 602 1062 ἑαυτοῖς
618 1029 854 1058 ἀποδεικνύουσιν,

188 1090 231 1126 ιβ’.
249 1091 354 1118 Ἔστιν
365 1092 446 1125 ὁδὸς,
456 1092 476 1127 ἢ
487 1092 574 1120 δοκεῖ
582 1092 655 1127 ὀρθὴ
666 1091 742 1120 εἶναι
753 1093 822 1128 παρ’
833 1094 945 1128 ἀνθρώ-

150 1144 228 1170 ποις.
253 1137 282 1164 '0
301 1138 431 1173 σαρκικδς
451 1140 499 1166 καὶ
522 1139 666 1175 ἀνειμένος
683 1139 751 1175 βίος,
766 1139 810 1167 διὰ
833 1140 864 1167 τὸ
879 1141 943 1176 ἠδυ-

149 1183 236 1214 mos;
250 1183 343 1216 αὐτοῦ,
358 1183 441 1216 καλὸς
455 1184 519 1220 παρ’
531 1185 687 1221 ἀνθρώποις
701 1186 852 1222 νομίζεται,
864 1186 945 1222 ἄχρις

148 1228 182 1256 ἂν
194 1228 299 1261 τούτοις
313 1231 388 1266 χωρῇ
404 1230 478 1257 κατὰ
493 1230 568 1266 ῥοῦν.

186 1291 227 1319 Τὰ
248 1292 282 1319 δὲ
302 1293 460 1320 τελευταῖα
482 1293 579 1329 αὐτῆς
604 1294 723 1330 ἔρχεται
745 1295 790 1329 είς
806 1294 944 1330 πυθμένα

148 1336 231 1370 ᾅδου.
256 1338 293 1364 Τὸ
321 1338 350 1365 δὲ
374 1339 453 1370 τέλος
478 1339 561 1366 αὑτοῦ
584 1340 705 1375 καταντᾷ
727 1340 767 1372 εις
792 1339 942 1373 ἀπώλειαν,

147 1382 243 1418 ὲπειδὴ
257 1383 360 1418 ἀπάγει
374 1384 469 1411 τούτου
487 1384 534 1412 τοῦ
547 1384 631 1417 ὅντως
644 1385 738 1413 καλοῦ.

183 1449 228 1480 ιγ’.
253 1446 304 1473 Ἐν
320 1448 525 1482 εὐφροσύναις
546 1448 583 1477 οὐ
602 1449 823 1484 προσμίγνυται
846 1449 940 1483 λύπη.

148 1492 180 1517 Ui
197 1492 253 1524 τοῖς
268 1494 449 1530 προσκαίροις
462 1494 667 1530 προσκείμενοι,
679 1495 732 1527 ἕως
744 1495 777 1523 ἂν
789 1496 942 1530 ὲπευφραί-

147 1546 238 1565 νονται
262 1539 379 1573 τούτοις,
403 1540 453 1567 οὐκ
472 1541 647 1568 αἰσθάνονται
671 1540 770 1578 λύπης,
794 1541 828 1569 δι’
845 1542 942 1577 ἡδονῆς

148 1584 338 1620 ἐπικράτειαν.

185 1647 347 1676 Talea/tam
367 1650 402 1677 δὲ
424 1651 501 1685 χαρὰ
531 1652 576 1685 εἰς
593 1651 703 1684 πένθος
717 1652 844 1686 ἔρχεται.
867 1652 900 1679 Ἦ
914 1652 943 1679 δὲ

147 1694 260 1730 τοιαύτη
276 1695 350 1730 χαρὰ
366 1696 441 1723 τέλει
456 1697 704 1733 περιγεγραμμένη
721 1697 890 1733 ὑπάρχουσα,
904 1698 944 1729 είς

148 1739 247 1775 θρῆνον
271 1742 394 1777 καταντᾷ
415 1742 459 1770 διὰ
485 1743 534 1778 τὴν
557 1743 683 1771 ἐντεῦθεν
706 1744 832 1779 ἀπάτην”
855 1744 944 1780 χαρᾶς

147 1787 202 1822 γὰρ
219 1788 352 1824 ὲπικήρου
365 1789 452 1822 τέλος,
467 1789 552 1825 λύπη.

184 1850 225 1878 ιδ’.
247 1851 308 1878 τῶν
325 1852 435 1879 ἑαυτοῦ
451 1852 529 1879 ὁδῶν
546 1853 756 1887 πλησθήσεται
772 1854 943 1889 θρασυκάρ-

147 1895 220 1929 διος.
238 1897 299 1924 Τῶν
311 1899 353 1929 εἰς
365 1897 505 1926 ἀπώλειαν
518 1899 657 1934 φερόντων
673 1899 825 1933 ἀλογίστων
838 1901 943 1935 ἐπιχει-

149 1943 280 1978 ρημάτων
303 1943 387 1971 αὐτοῦ
416 1944 627 1980 πληρωθήσεται
643 1945 661 1971 ὁ.
675 1944 709 1971 δι’
727 1944 817 1980 δρεξιν
832 1944 951 1972 ἀντιλυ-“

147 1990 259 2024 πήσεως
270 1989 310 2025 τῷ
322 1990 386 2027 περὶ
395 1991 511 2026 καρδίαν
523 1990 665 2022 ὑπερζέων
677 1990 784 2026 αἵματι,
795 1989 943 2019 κάντεῦθεν

147 2034 185 2061 ὢν
201 2035 410 2072 θρασυκάρδιος.

189 2097 260 2124 Ἀπὸ
273 2098 308 2125 δὲ
318 2098 378 2125 τῶν
390 2098 600 2134 διανοημάτων
610 2100 714 2132 αὑτοῦ,
726 2099 804 2135 ἀνὴρ
819 2101 942 2136 ἀγαθός.

157 2143 222 2170 Ἀπὸ
239 2144 266 2170 δὲ
280 2144 334 2171 τῶν
354 2145 425 2172 κατὰ
440 2144 520 2179 λόγον
535 2146 726 2182 περισκέψεων
742 2146 825 2174 αὑτοῦ
856 2148 944 2183 ἐμφο-

147 2188 308 2224 ρηθήσεται,
320 2190 510 2227 ἀγαθοεργιῶν
522 2191 642 2224 πάντως,
657 2192 672 2218 ὁ
685 2192 816 2226 γενναίως
831 2193 944 2228 ιστάμε-

146 2243 191 2267 νος
207 2236 278 2264 κατὰ
290 2237 346 2264 τῶν
360 2238 466 2265 παθῶν.

183 2299 223 2327 ιε’.
237 2301 366 2334 Ἀκακος
382 2301 518 2329 πιστεύει
532 2303 621 2329 παντί
633 2304 724 2338 λόγῳ.
743 2304 773 2330 Ὁ
786 2303 821 2331 τὰ
832 2303 939 2340 ὁρῶντα

145 2345 186 2377 εἰς
204 2345 306 2381 βλάϐην
319 2347 413 2379 αὑτοῦ,
425 2347 464 2380 ὡς
482 2348 606 2384 ἀνόητος.
624 2349 662 2385 μὴ
678 2349 755 2382 εἰδὼς
776 2350 937 2385 διακρίνειν,

145 2392 229 2418 πᾶσιν
245 2392 336 2425 ἁπλῶς
355 2393 477 2420 πείθεται
503 2392 619 2422 οἷστισιν
640 2395 785 2431 ἐπιτρέπει
810 2398 903 2431 αὑτὸν,
920 2395 938 2434 ᾖ

145 2435 178 2463 ἂν
193 2436 240 2463 ὑπ’
253 2437 344 2464 αὐτῶν
359 2437 398 2470 εἰς
410 2438 531 2466 κίνδυνον
549 2440 759 2477 συνελαύνηται.

178 2547 353 2583 Harax";ch
364 2547 398 2575 δὲ
407 2549 523 2583 ἔρχεται
536 2551 580 2584 εις
594 2550 767 2586 μετάνοιαν,
786 2552 815 2579 Ὀ
828 2552 856 2579 δὲ
870 2552 937 2589 φρό-

142 2602 232 2630 νιμος,
247 2595 297 2622 κᾶν
309 2603 336 2622 τι
351 2595 471 2622 τοιοῦτον
485 2597 518 2623 ἐκ
536 2598 717 2632 συναρπαγῆς
736 2598 935 2634 παραδέξηται,

142 2641 338 2676 ἀποπέμπεται
355 2642 421 2668 αὑτό
433 2650 441 2659 α
458 2643 639 2678 ἐπιστάμενος
659 2645 764 2680 κρίνειν
782 2646 817 2673 τὰ
831 2645 881 2672 εἴτ’
894 2647 935 2678 εἰς

142 2686 245 2721 βλάόην
256 2687 340 2714 αὑτοῦ
354 2687 430 2721 ὄντα,
443 2688 492 2715 εἴτ’
504 2689 544 2721 εὶς
556 2689 703 2724 ὠφέλειαν.

178 2748 225 2781 ις’.
244 2750 341 2785 £05281;-
358 2751 509 2786 φοϐηθεὶς,
524 2752 682 2783 ἐξέκλινεν
700 2753 760 2781 ἀπὸ
775 2754 882 2782 κακοῦ.
904 2755 934 2782 ’0

140 2795 190 2831 τὴν
212 2797 316 2823 οἰκείαν
335 2797 526 2832 ἐπιγινώσκων
545 2798 700 2832 ἀσθένειαν,
717 2800 859 2836 πτοηθείς,
879 2801 934 2828 ἀπὸ

139 2842 285 2878 ἀνθρώπου
300 2843 455 2877 διέζευκται
477 2845 650 2881 παρανόμου,
666 2846 716 2883 τὴν
733 2847 765 2881 ἐξ
778 2848 861 2875 αὐτοῦ
882 2857 934 2883 φυ-

139 2887 305 2922 λαττόμενος
323 2890 435 2926 βλάϐην.

180 2932 213 2961 '0
225 2934 260 2961 δὲ
274 2934 378 2969 ἄφρων
390 2934 485 2968 ἐαυτῷ
496 2937 654 2972 πεποιθὼς,
666 2937 807 2973 μίγνυται
819 2939 931 2974 ἀνόμῳ.

1001 308 1093 335 anima
1112 307 1257 343 spirituale
1279 306 1405 343 possidet
1427 305 1570 342 gaudium,
1593 312 1608 332 a
1632 304 1794 340 paSSiunnm

1001 353 1151 389 ignominia
1167 353 1254 381 libera
1268 357 1323 381 est.

1039 416 1121 444 Vens.
1139 417 1183 444 Η.
1201 416 1304 444 Domus
1321 416 1466 451 impiorum
1485 417 1654 442 evanescunt.
1671 412 1795 446 Corpora

1001 470 1109 494 eorum,
1124 462 1171 497 qui
1196 461 1280 489 Deum
1305 469 1353 496 per
1375 461 1447 488 bona
1468 467 1552 495 opera
1570 466 1625 486 non
1645 459 1794 487 honorant.

1001 516 1029 538 et
1044 510 1163 538 mundus
1187 510 1243 543 hic,
1264 511 1292 537 in
1308 517 1364 545 quo
1385 515 1482 536 eorum
1497 506 1650 542 corporalis
1668 510 1710 533 est
1728 511 1795 532 con-

1000 556 1132 584 versatio.
1144 555 1251 590 —quia
1263 555 1368 590 scipsos
1380 554 1466 582 relate
1478 552 1512 580 ad
1524 552 1592 584 hac,
1605 559 1661 578 non
1673 550 1744 578 sicut
1760 549 1793 577 ad

1000 602 1103 629 viatica
1121 601 1233 634 habent,
1249 601 1297 629 sed
1314 605 1443 636 tanquam
1465 600 1498 627 ad
1519 597 1696 626 tabernacula
1716 600 1795 624 acter<

1002 656 1048 679 na,
1064 662 1099 669 ——
1117 648 1289 683 corruptioni
1306 647 1467 680 tradentur;
1486 653 1549 674 cum
1571 645 1615 672 his
1635 642 1794 679 temporali-

1001 694 1053 721 bus
1066 698 1093 721 et
1107 699 1224 721 aeternas
1239 693 1399 721 mansiones
1415 692 1542 728 perdent.

1037 758 1223 785 Tabernacula
1243 763 1332 785 autem
1352 761 1423 784 recta
1443 755 1577 790 agentium
1591 753 1709 781 stabunt.
1728 751 1792 780 Sta-

1001 804 1070 831 bunt
1086 809 1113 830 et
1129 811 1193 830 caro
1209 806 1236 831 et
1252 803 1371 830 mundus
1385 801 1450 833 illis,
1465 801 1513 835 qui
1531 800 1588 827 haec
1601 806 1651 826 ceu
1666 798 1792 833 qumdam

1001 849 1102 875 viatica
1125 849 1304 875 tabernacula
1324 846 1512 874 considerant.
1536 844 1634 871 Sciunt
1657 850 1793 880 apparen-

1003 893 1039 919 tia
1051 893 1142 920 omnia
1157 901 1237 920 suum
1254 893 1281 920 in
1295 893 1404 927 origine
1417 895 1519 918 statum
1535 894 1562 917 et
1575 890 1602 916 in
1615 888 1792 924 corruptione

964 942 985 972 Β
1000 944 1103 967 motum
1126 940 1241 972 habere;
1263 939 1325 966 ideo
1347 946 1398 966 nec
1423 938 1450 964 in
1475 936 1582 971 origine
1603 935 1790 971 jucundorum

996 986 1116 1022 gaudent
1141 987 1211 1022 (nec
1235 987 1263 1014 in
1289 985 1468 1021 corruptione
1493 982 1685 1017 molestorum)
1703 993 1709 1010 :
1727 981 1792 1010 inde

995 1041 1056 1069 quae
1072 1034 1211 1061 instabilia
1228 1037 1294 1061 sunt
1310 1033 1337 1060 in
1357 1039 1386 1059 se
1404 1030 1515 1059 stabilia
1531 1030 1738 1058 demonstrant.

1033 1096 1115 1124 Vens.
1142 1096 1186 1123 12.
1206 1096 1254 1123 Est
1279 1097 1321 1123 ria
1343 1103 1402 1130 qnte
1425 1093 1528 1121 videlur
1554 1090 1705 1119 hominibus
1733 1097 1790 1118 esse

995 1147 1076 1170 recta.
1095 1141 1156 1169 Vita
1173 1141 1292 1169 carnalis
1304 1146 1331 1168 et
1348 1140 1475 1173 remissa,
1490 1144 1603 1174 propter
1615 1135 1796 1164 dulcedinem

995 1191 1109 1226 pulchra
1134 1196 1269 1225 pensatur
1293 1189 1328 1216 ab
1350 1187 1521 1220 hominibus,
1538 1185 1627 1213 donec
1652 1183 1719 1220 ipsis
1741 1189 1791 1219 per

994 1236 1098 1264 ﬂuxum
1116 1236 1225 1264 haheat.

1031 1297 1160 1326 Extrema
1177 1297 1234 1333 ejus
1251 1297 1349 1324 vadunt
1364 1296 1398 1323 ad
1415 1300 1508 1331 portas
1524 1293 1615 1329 inferi.
1635 1291 1714 1319 Finis
1730 1292 1791 1326 ejus

994 1343 1172 1379 perditionem
1190 1343 1265 1376 adit,
1278 1351 1339 1370 cum
1362 1340 1518 1370 istiusmodi
1540 1339 1666 1368 homines
1685 1345 1700 1364 a
1722 1345 1789 1365 vero

995 1390 1065 1418 bono
1079 1389 1207 1416 abducat.

1029 1451 1114 1480 Vens.
1131 1452 1174 1479 l3.
1195 1450 1228 1478 In
1245 1450 1346 1478 Ιωιὶιὶἰδ
1374 1457 1426 1476 non
1449 1448 1611 1476 admiscetur
1627 1447 1716 1475 dolor.
1737 1446 1790 1480 Qui

993 1497 1166 1525 alliuentibus
1186 1497 1268 1524 rebus
1287 1495 1442 1527 adhaerent,
1462 1495 1527 1522 dum
1545 1494 1578 1521 de
1595 1494 1637 1521 his
1658 1493 1788 1529 gaudent,

992 1544 1115 1572 dolorem
1144 1551 1199 1571 non
1230 1542 1354 1571 sentiunt
1383 1543 1496 1576 propter
1521 1540 1670 1576 voluptatis
1700 1539 1790 1566 victo-

995 1591 1076 1618 riam.

957 1623 980 1652 c
1032 1652 1189 1680 Extremum
1211 1651 1341 1688 gaudium
1354 1652 1381 1678 in
1395 1651 1495 1679 lactant
1511 1651 1589 1678 venit.
1608 1649 1685 1677 Talis
1699 1652 1789 1677 autem

995 1700 1102 1733 iustitia,
1128 1707 1179 1727 suo
1208 1699 1254 1726 lini
1283 1697 1508 1733 circumscripta,
1536 1697 1564 1724 in
1591 1697 1694 1723 luctum
1723 1695 1790 1722 abiit

995 1751 1108 1782 propter
1140 1750 1328 1780 emergentem
1361 1743 1523 1778 fallaciam;
1555 1743 1687 1779 peritura:
1716 1742 1788 1770 enim

993 1792 1098 1820 laetitia;
1112 1791 1184 1825 linis,
1199 1791 1291 1819 dolor.

1029 1855 1113 1884 Vens.
1139 1856 1182 1883 Η.
1204 1855 1259 1883 νὶἱε
1283 1856 1341 1883 suis
1366 1854 1513 1890 replebitur
1535 1861 1582 1882 cor
1601 1852 1702 1880 audax.
1726 1851 1790 1880 Suis

994 1899 1022 1928 in
1043 1900 1227 1935 perditionem
1252 1899 1425 1932 ferentibus,
1447 1897 1688 1926 irrationabilibus
1706 1903 1791 1924 cona-

994 1946 1070 1973 tibus
1087 1946 1250 1981 replebitur.
1267 1946 1315 1982 qui
1340 1946 1374 1974 ad
1396 1944 1547 1981 fugandum
1564 1944 1699 1976 dolorem,
1715 1942 1790 1970 circa

993 1995 1117 2027 pectora.
1136 1991 1271 2027 sanguine
1289 1990 1395 2025 fervet;
1411 1990 1522 2019 etiamsi
1537 1989 1638 2018 exinde
1651 1989 1688 2018 sit
1705 1987 1790 2017 corde

994 2038 1106 2065 audaci.

1007 2100 1010 2104 ’
1029 2102 1052 2129 Α
1070 2102 1276 2137 cogitationibus
1296 2101 1361 2133 suis,
1385 2101 1425 2129 uir
1446 2101 1539 2128 bonus.
1557 2099 1623 2128 Suis
1639 2100 1718 2135 juxta
1742 2106 1788 2127 ra-

993 2149 1096 2176 tionem
1110 2148 1256 2181 ordinatis,
1271 2147 1523 2183 circumspectibus
1539 2147 1722 2179 custodietur,
1739 2145 1788 2180 qui

995 2195 1109 2223 omnino
1126 2195 1195 2222 bene
1212 2198 1346 2230 operatur
1366 2197 1394 2221 et
1417 2200 1550 2229 generose
1574 2196 1630 2221 stat
1654 2192 1788 2221 adversus

993 2241 1151 2276 passiones.

952 2299 979 2329 D
1027 2303 1112 2331 Vens.
1130 2303 1174 2331 15.
1193 2303 1319 2331 Sincerus
1334 2302 1418 2331 credit
1433 2302 1505 2330 omni
1523 2302 1610 2330 uerbo.
1629 2301 1681 2335 Qui
1697 2309 1787 2330 emer-

990 2349 1081 2384 gentia
1100 2349 1152 2377 sibi
1171 2349 1199 2376 in
1218 2349 1344 2382 domum,
1367 2348 1451 2376 veluti
1474 2347 1608 2379 stolidus,
1629 2347 1787 2375 discernere

990 2395 1088 2427 nescit,
1105 2394 1139 2421 ab
1164 2394 1293 2422 omnibus
1316 2393 1480 2429 simpliciter
1504 2393 1616 2421 ducitur
1635 2391 1736 2428 quibus
1756 2398 1787 2418 sc

989 2440 1155 2474 committit;
1179 2441 1221 2468 sic
1243 2440 1339 2469 forsan
1362 2441 1397 2469 ab
1416 2440 1472 2469 illis
1491 2439 1520 2467 in
1540 2438 1694 2475 periculum
1717 2445 1785 2466 con-

986 2485 1112 2522 jicietur.

1023 2549 1147 2578 Callidus
1177 2554 1266 2577 autem
1295 2549 1363 2578 venit
1389 2549 1424 2576 ad
1449 2548 1544 2577 mentis
1574 2547 1781 2576 conversionem.

987 2595 1111 2624 Prudens
1125 2596 1209 2629 enim,
1220 2595 1272 2624 etsi
1288 2595 1354 2631 quid
1365 2603 1398 2623 ex
1411 2595 1590 2630 subreptione
1601 2594 1780 2627 contraxerit,

986 2641 1039 2670 hoc
1057 2645 1149 2670 tamen
1169 2641 1277 2676 rejicit;
1296 2641 1454 2669 discernere
1474 2644 1564 2676 potest
1584 2648 1646 2676 qua:
1666 2640 1719 2676 ipsi
1738 2641 1780 2668 vel

986 2688 1013 2715 in
1030 2688 1161 2715 damnum
1177 2687 1219 2715 vel
1237 2687 1265 2715 in
1279 2686 1454 2715 commodum
1468 2687 1609 2715 eveniunt.

1020 2750 1104 2779 Vens.
1124 2751 1168 2778 t6.
1188 2749 1299 2782 Sapiens
1326 2749 1482 2785 perterritus
1509 2749 1626 2778 declinat
1654 2759 1672 2778 ιι
1696 2749 1780 2778 malo.

985 2796 1036 2831 Qui
1059 2796 1198 2832 propriam
1223 2796 1329 2824 paverit
1350 2796 1537 2832 fragilitatem,
1559 2796 1778 2832 pertimescenda

984 2851 1014 2873 sc
1026 2843 1158 2880 disiungit
1165 2843 1199 2871 ab
1207 2841 1320 2872 homine
1327 2843 1432 2880 iniquo,
1441 2851 1542 2872 cavens
1551 2844 1586 2872 ab
1595 2844 1656 2880 ejus
1665 2843 1777 2872 damno.

1019 2938 1122 2967 Stultus
1141 2937 1192 2966 sibi
1206 2937 1302 2975 ﬁdem,
1326 2937 1450 2966 miscetur
1467 2937 1568 2974 in-‘quo.
1589 2936 1642 2971 Qui
1658 2941 1700 2966 cst
1716 2935 1778 2980 sine
