2072 3161
282 183 352 217 1363
951 191 1110 228 ῬΒΟΕΟΡΙ
1116 199 1128 228 Ι
1143 199 1215 229 GAZ
1220 200 1267 230 [
1851 204 1918 236 ’ΞΜ

278 248 381 277 mente,
399 253 452 272 non
476 245 542 280 Deo,
563 248 614 276 sibi
638 254 730 278 autem
763 251 886 286 confidit,
909 254 943 281 ab
962 254 1060 282 homim

1130 256 1160 282 '0
1174 256 1202 283 δὲ
1216 258 1342 293 ἀνόητος,
1353 259 1404 286 οὐκ
1421 259 1468 286 ἐπὶ
1481 259 1542 295 Θεῷ
1558 259 1681 296 θαρρῶν,
1695 260 1802 296 ἁλλ’ἐφ’
1814 263 1917 299 ἐαυτῷ,

277 290 386 320 divinas
417 293 490 328 leges
515 295 720 332 perfringente,
756 299 783 326 in
816 300 971 335 periculum
1003 310 1060 330 coni

1124 302 1162 337 τῷ
1178 303 1241 335 τοὺς
1258 303 1348 335 θείους
1365 304 1506 332 ἀθετοῦντι
1522 290 1632 341 νόμους,
1657 290 1834 341 ἐπικινδύνως
1852 290 1918 336 cuit:

276 336 400 372 jicietur.

313 402 397 431 Vens.
422 405 464 432 17.
485 406 635 435 Iracundus
654 418 715 437 sum
738 411 981 441 inconsideratione
1003 414 1069 449 agit.

277 448 329 482 Qui
347 450 401 478 cito
421 452 454 478 ad
471 452 539 480 iram
560 458 696 488 movetur,
710 457 774 491 quia
796 466 850 485 non
870 448 1070 496 circumspicit.

276 504 337 530 quae
352 497 442 532 poenis
457 498 540 533 digna
555 505 619 527 sunt
632 507 782 536 perpetrat.

315 558 363 586 Vir
377 561 492 595 prudens
507 563 593 590 multa
608 564 710 599 suffert.
730 565 781 599 Qui
802 567 876 595 vires
897 572 922 595 et
949 573 1067 597 mentem

275 604 367 638 habet,
386 607 545 635 considerat
562 617 623 643 quae
644 611 749 645 agenda
776 617 852 645 sunt,
871 613 1003 649 pleraque
1025 615 1067 642 in-

273 650 449 685 opinatorum
463 653 580 681 viriliter
596 655 727 683 sustinet.

309 713 392 742 Stulti
407 717 540 744 malitiam
555 719 607 746 sibi
622 720 792 754 dispertiunt.
808 721 973 750 Sortiuntur
987 722 1066 750 stulti

274 762 416 793 malitiam.
432 764 496 797 quia
513 769 626 798 propter
649 773 781 794 sensuum
806 767 961 801 illecebras,
978 776 1008 796 se
1025 769 1068 796 in-

273 808 361 836 vicem
379 809 477 836 odiunt
497 815 523 837 et
544 811 578 837 ab
595 810 712 839 invicem
728 812 870 840 odiuntur.

1123 349 1334 385 ἀναστρέφεται.

1158 413 1201 446 ιζ’.
1224 413 1387 449 ὀξύθυμος
1404 415 1536 450 πράσσει
1552 415 1629 451 μετὰ
1640 417 1795 451 ἀϐουλίας.
1819 417 1850 445 '0
1864 427 1915 445 τα-

1120 459 1192 495 χέως
1208 460 1369 496 κινούμενος
1390 462 1430 494 είς
1448 463 1544 498 θυμὸν,
1562 463 1678 498 πράττει
1702 464 1915 499 ἀπερισκέπτως

1120 506 1154 534 τὰ
1167 506 1305 539 κολάσεως
1321 507 1396 540 ἄξια,

1162 569 1248 604 Ἀνὴρ
1265 569 1299 596 δὲ
1315 570 1470 605 φρόνιμος,
1485 571 1588 598 πολλὰ
1602 571 1757 607 ὑποφέρει.
1777 572 1806 600 ’0
1823 573 1845 600 δ’
1861 574 1912 601 ἀν-

1118 615 1206 649 δρεῖος
1219 615 1266 642 καὶ
1279 616 1418 652 νουνεχὴς,
1434 617 1611 652 λογιζόμενος
1627 618 1658 644 τὸ
1671 619 1819 653 πρακτέον,
1835 619 1913 646 πλεῖ-

1120 669 1171 687 στα
1184 660 1238 688 τῶν
1248 661 1406 697 ἀϐουλήτων
1423 662 1556 699 ὑπομένει
1571 665 1713 698 γενναίως.

1155 727 1199 759 ιη’.
1216 724 1393 758 Μεριοῦνται
1405 724 1534 760 ἄφρονες
1545 726 1665 753 κακίαν.
1684 725 1909 761 Ἐπιμερίσονται

1116 770 1141 797 οἱ
1158 770 1267 805 ἀνόητοι
1282 771 1332 805 τὴν
1349 771 1460 805 κακίαν,
1479 772 1518 804 ὡς
1536 772 1580 799 διὰ
1600 772 1634 799 τὰ
1654 774 1687 808 τῇ
1705 772 1830 808 αἰσθήσει
1845 782 1910 810 τερ-

1117 816 1182 849 τινὰ,
1201 817 1343 852 μισοῦντες
1357 817 1499 854 ἀλλήλους,
1516 819 1562 845 ml.
1576 819 1622 846 ὑπ’
1638 818 1760 854 ἀλλήλων
1775 819 1909 856 μισούμε-

1117 871 1169 889 νοι.

307 915 407 943 Callidi
443 917 562 945 sensibus
592 919 739 952 patiuntur.
778 919 930 947 Prmlontes
961 927 1060 948 sensus

1153 928 1186 954 Ol
1199 926 1233 954 δὲ
1255 927 1428 962 πανοῦργοι,
1444 927 1653 962 κρατήσουσιν
1670 928 1851 961 αἰσθήσεως.
1873 927 1909 955 Οἱ

269 960 349 995 juxta
369 961 503 990 rationem
520 963 686 991 submittunt
702 973 708 991 :
725 969 751 991 et
766 965 818 992 sibi
839 967 1013 1002 congenitum
1034 971 1063 995 et

271 1007 460 1036 consociatum
477 1009 603 1044 diligent.

307 1069 392 1099 Vens.
409 1071 453 1099 i9.
469 1071 570 1100 Cadent
587 1073 652 1100 ntali
669 1082 759 1101 coram
779 1075 871 1109 iustis.
886 1075 916 1102 In
933 1075 1003 1103 faeie
1017 1083 1063 1103 eo-

272 1124 332 1144 rum
351 1117 398 1152 qui
413 1125 467 1145 non
482 1119 633 1146 vincuntur
650 1127 664 1146 a
682 1121 753 1147 malo
768 1120 815 1148 sed
832 1122 944 1148 vincunt
960 1122 1062 1149 malum

272 1163 300 1189 in
317 1162 400 1196 bono,
421 1163 564 1192 offendunt
578 1165 628 1193 illi.
643 1165 688 1199 qui
709 1173 824 1200 propere
837 1166 863 1193 in
878 1167 973 1194 vitium
998 1174 1062 1194 cur-

271 1212 352 1241 runt;
371 1209 488 1237 aliorum
503 1210 576 1238 enim
592 1212 723 1239 virtutem
738 1212 918 1240 erubescunt.

306 1320 340 1348 Et
353 1321 429 1356 impii
440 1322 475 1349 ad
484 1327 575 1356 portas
583 1323 719 1357 justorum
732 1323 896 1351 ministrant.
908 1323 960 1357 Qui
976 1323 1061 1351 Deum

270 1375 320 1402 per
345 1368 417 1395 bona
439 1376 523 1404 opt-ra
548 1377 602 1396 non
630 1369 777 1403 honorant,
797 1371 884 1405 portis
907 1370 1061 1402 hominum,

271 1413 331 1441 sine
354 1413 507 1442 offensione
532 1415 702 1447 viventium.
726 1416 896 1449 inserviunt;
925 1416 962 1443 ibi
991 1416 1062 1444 iusi-

270 1459 346 1493 dent,
364 1461 414 1489 hos
441 1465 531 1489 autem
556 1461 707 1498 efﬂagitant
729 1466 758 1490 ut
781 1462 832 1490 sibi
856 1462 950 1490 divina
976 1463 1062 1498 impe-

270 1510 329 1534 tren
333 1510 353 1534 ι.

305 1569 389 1598 Vens.
410 1569 457 1598 20.
483 1570 570 1598 Amici
593 1571 682 1598 edient
707 1571 805 1598 amicos
830 1578 968 1606 pauperes.
996 1570 1059 1603 Qui,

269 1619 382 1651 propter
411 1616 607 1649 substantiam,
631 1615 766 1651 quosdam
794 1615 923 1652 diligunt,
947 1614 1059 1643 eosdem

268 1661 423 1697 despiciunt
437 1669 501 1690 cum
517 1661 623 1690 divitiis
637 1662 803 1690 exciderint.

304 1716 391 1743 Amici
405 1716 517 1743 divitum
534 1715 621 1744 multi.
636 1716 715 1750 Apud
731 1723 802 1751 quos
817 1719 931 1743 manent
946 1715 1059 1746 divitiae,

269 1761 336 1793 hos,
357 1761 487 1788 utilitatis
514 1768 617 1794 causa,
641 1765 735 1788 amant
764 1761 856 1789 multi.
876 1761 964 1788 Aliter
985 1770 992 1788 :
1013 1760 1061 1796 qui

270 1810 380 1841 propter
397 1807 551 1841 passiones,
574 1807 719 1842 spiritibus
733 1807 838 1835 caelesti
856 1806 941 1842 gloria
958 1810 985 1833 et
1003 1807 1061 1841 spi-

269 1853 361 1880 rituali
388 1853 530 1888 opulentia
557 1853 689 1888 deiectis,
715 1853 880 1885 inserviunt,
904 1852 938 1879 ah
961 1852 1059 1880 iisdem

269 1897 415 1930 recedent;
435 1897 569 1932 permittit
595 1897 682 1931 Deus,
710 1902 757 1930 ut,
783 1898 816 1925 ad
843 1897 1059 1932 redemptionem

269 1947 445 1978 peccatorum
461 1947 525 1978 erga
541 1943 665 1977 spiritus,
681 1943 869 1979 castigentur;
887 1948 982 1970 amant.
996 1951 1061 1972 san-

268 1993 330 2016 ctos
347 1987 460 2023 angelos
477 1988 547 2023 apud
566 1996 636 2024 quos
652 1988 738 2023 gloria
761 1992 854 2016 manet
871 1991 899 2015 et
915 1996 970 2016 non
994 1988 1060 2017 levis

267 2033 362 2069 gratiae
382 2033 531 2062 thesaurus
546 2044 552 2061 :
570 2034 604 2062 ab
627 2034 670 2063 his
691 2033 860 2069 adjuvantur
876 2038 903 2060 et
919 2034 952 2061 ad
974 2034 1058 2061 Deum

269 2085 455 2110 revertuntur.

302 2182 383 2209 Vens.
406 2182 452 2209 2|.
478 2181 531 2214 Qui
555 2181 663 2216 despicit
695 2190 854 2217 pauperem,
879 2186 982 2216 peccat.
1005 2181 1059 2215 Qui

266 2228 307 2255 vel
323 2235 405 2255 unum
427 2227 454 2254 in
472 2227 619 2262 indigentia
640 2228 799 2260 viventium,
814 2228 978 2261 contemnit,
993 2228 1058 2255 irri-

264 2274 348 2300 tantio
364 2273 461 2306 Detnn,
477 2273 511 2300 ad
528 2273 630 2300 bonutn
649 2280 704 2300 non
719 2273 841 2308 attingit.

301 2326 354 2360 Qui
374 2327 514 2355 miseretur
527 2335 683 2362 pauperum,
697 2327 879 2355 beatissimus.
895 2327 949 2361 Qui
968 2326 1057 2355 vicem

264 2374 400 2407 omnium,
416 2373 527 2401 fortuna
541 2373 738 2406 decidentium,
753 2373 838 2406 dolet,
857 2373 912 2402 Deo
926 2377 970 2401 est
985 2373 1058 2400 mul-

264 2424 322 2447 tum
340 2420 529 2455 acceptabilis.

301 2475 384 2503 Vens.
402 2476 448 2503 τε.
467 2475 595 2503 Errantes
609 2476 713 2511 injusti,
729 2475 863 2511 fabricant
878 2475 962 2503 mala.
976 2475 1058 2503 Tem-

264 2521 406 2556 poralibus
421 2522 539 2557 decepti,
555 2523 601 2558 qui
618 2529 671 2549 non
687 2522 839 2550 secundum
858 2522 932 2557 leges
948 2521 1056 2550 divinas

264 2570 474 2600 convcrsantur,
494 2575 576 2602 opera
593 2568 747 2604 iniquitatis
762 2567 918 2603 perﬁciunt.

298 2677 515 2706 Misericordiam
529 2683 554 2706 et
572 2679 708 2706 veritatem
729 2679 864 2714 fabricant
884 2679 957 2705 boni.
970 2677 1053 2706 Mise-

263 2724 411 2753 ricordiam
424 2733 490 2762 erga
499 2726 658 2761 congenitos
667 2730 693 2754 et
702 2726 846 2754 scientiam
858 2725 982 2753 veritatis
994 2733 1054 2760 (μια-

264 2770 326 2797 ﬁnis
342 2771 598 2805 cognoscendorum
615 2775 668 2805 est,
680 2776 844 2806 praeparant,
863 2778 910 2806 per
921 2778 1018 2797 omnes
1028 2775 1055 2798 et

263 2816 426 2850 appetitivas
446 2820 473 2843 et
495 2816 659 2844 theoreticas
683 2816 840 2848 facultates,
864 2816 1054 2844 sanctissimas

265 2860 312 2887 Dei
323 2861 477 2888 voluntates
491 2861 678 2888 observando.

1114 973 1142 1000 δὲ
1154 973 1286 1008 φρόνιμοι
1299 974 1369 1001 κατὰ
1379 973 1457 1007 λόγον
1468 974 1516 1010 τὴν
1527 974 1654 1010 αἴσθησιν
1669 974 1847 1008 ὑποτάξουσι·
1859 974 1909 1001 καὶ

1114 1018 1145 1045 τὸ
1158 1019 1288 1054 συγγενὲς
1298 1019 1345 1046 καὶ
1358 1018 1494 1054 ὁμόφυλον
1507 1020 1710 1055 ἀγαπήσουσιν,

1152 1083 1193 1110 ιϐ’.
1217 1081 1435 1115 ’0.2ισθήσουσι
1448 1083 1533 1110 κακοὶ
1549 1082 1652 1110 ἔναντι
1667 1081 1798 1118 ἀγαθῶν.
1815 1083 1908 1117 Προσ-

1113 1129 1258 1165 κρούουσιν
1279 1131 1303 1157 oi
1320 1129 1402 1162 ὀξέως
1420 1130 1460 1161 είς
1475 1129 1574 1156 κακίαν
1592 1129 1743 1164 τρέχοντες,
1762 1129 1907 1156 κατέναντι

1113 1177 1167 1203 τῶν
1192 1176 1229 1212 μὴ
1255 1177 1415 1212 νικωμένων
1444 1176 1497 1202 ὑπὸ
1523 1175 1570 1203 τοῦ
1599 1175 1697 1208 κακοῦ,
1719 1175 1786 1202 ἀλλά
1807 1175 1907 1202 νικών-

1112 1230 1166 1248 των
1180 1222 1209 1248 ἐν
1221 1221 1260 1257 τῷ
1276 1221 1371 1257 ἁγαθῷ
1385 1221 1416 1248 τὸ
1428 1221 1523 1255 κακὸν,
1536 1220 1586 1256 τὴν
1600 1220 1704 1247 τούτων
1718 1221 1820 1257 ἀρετὴν
1834 1220 1908 1247 αἰδε-

1114 1267 1233 1300 σθέντες.

1148 1329 1201 1356 Kal
1213 1329 1332 1364 ἀσεϐεῖς
1345 1330 1545 1365 θεραπεύουσι
1559 1329 1652 1364 θύρας
1664 1329 1795 1356 amatam
1812 1328 1866 1356 Kal.
1880 1330 1907 1356 oi

1114 1375 1151 1411 μὴ
1162 1376 1195 1403 δι’
1204 1376 1387 1413 ἀγαθοεργίας
1402 1377 1535 1412 τιμῶντες
1545 1376 1622 1408 Θεὸν,
1639 1376 1738 1407 πύλαις
1750 1375 1907 1402 δουλεύουσι

1112 1423 1166 1449 τῶν
1179 1423 1395 1458 πολιτευομένων
1410 1423 1574 1458 ἀμέμπτως,
1587 1422 1799 1459 παρεδρεύοντες
1812 1424 1841 1449 ὲν
1853 1422 1905 1450 αὑ-

1111 1469 1183 1502 ταῖς,
1202 1468 1250 1496 καὶ
1271 1468 1383 1500 τούτους
1406 1469 1631 1503 ὲκλιπαοοῦντες,
1646 1469 1685 1501 ὼς
1706 1469 1739 1497 ἂν
1760 1469 1853 1500 αὐτοῖς
1874 1469 1907 1495 τὸ

1111 1513 1189 1541 Θείον
1206 1513 1416 1548 ὲξιλεὼσωνται.

1149 1580 1183 1604 κ’.
1209 1578 1293 1605 Φίλοι
1316 1578 1489 1612 μισήσουσι
1512 1578 1620 1614 φίλους
1643 1579 1791 1613 πτωχούς.
1813 1579 1844 1606 Οἱ
1859 1579 1907 1606 διὰ

1112 1623 1241 1658 χρήματα
1262 1623 1424 1657 ἀγαπῶντες
1442 1632 1530 1657 τινας,
1545 1623 1764 1660 ἀποστρέφονται
1778 1624 1903 1657 τούτους,

1111 1668 1325 1700 ἐκπεπτωκότας
1341 1668 1442 1696 αὐτῶν.

1147 1723 1231 1751 Φίλοι
1245 1724 1279 1750 δὲ
1293 1723 1452 1751 πλουσίων
1467 1723 1588 1750 πολλοί.
1605 1721 1653 1756 Οἷς
1673 1723 1702 1750 δὲ
1719 1724 1873 1759 παραμένει
1889 1724 1906 1751 ὁ

1111 1769 1236 1801 πλοῦτος,
1259 1769 1372 1801 τούτους
1398 1769 1526 1803 ἀγαπῶσι
1550 1768 1594 1795 διὰ
1615 1769 1647 1796 τὰ
1662 1769 1780 1804 χρειώδη
1798 1769 1904 1797 πολλοι.

1113 1815 1148 1841 Ἢ
1164 1815 1210 1841 καὶ
1234 1814 1335 1846 ἄλλως·
1356 1815 1381 1842 οἱ
1403 1814 1448 1841 διὰ
1469 1813 1564 1841 παθῶν
1587 1814 1785 1850 θεραπεύοντες
1799 1815 1833 1841 τὰ
1852 1815 1906 1850 τῆς

1110 1860 1213 1888 ἀνωθεν
1222 1860 1302 1896 δόξης
1316 1861 1363 1887 καὶ
1376 1860 1424 1887 τοῦ
1439 1862 1625 1897 πνευματικοῦ
1637 1861 1752 1888 πλούτου
1764 1862 1907 1889 ἐκπεπτω-

1110 1906 1178 1933 κότα
1190 1906 1240 1941 τῆς
1252 1906 1383 1942 πονηρίας
1399 1907 1554 1943 πνεύματα,
1565 1908 1784 1944 ἀποστρέφονται
1798 1909 1885 1936 ταῦτα
1895 1929 1904 1941 ,

1111 1953 1286 1989 συγχωρήσει
1309 1953 1378 1980 Θεοῦ
1403 1954 1449 1980 ὑπ’
1477 1954 1567 1981 αὐτῶν
1591 1954 1804 1990 τιμωρούμενοι,
1834 1955 1905 1991 πρὸς

1109 1999 1215 2026 ἔκτισιν
1229 1999 1284 2026 τῶν
1299 2001 1503 2035 ἡμαρτημένων
1518 2001 1609 2032 αὐτοῖς
1620 2009 1627 2016 ·
1646 2001 1776 2035 ἀγαπῶσι
1793 2001 1822 2028 δὲ
1840 2002 1906 2033 τοὺς

1109 2045 1203 2080 ἁγίους
1219 2046 1363 2080 ἀγγέλους,
1377 2043 1417 2078 οἷς
1430 2048 1446 2081 ἡ
1459 2046 1522 2079 δόξα
1535 2048 1582 2074 καὶ
1596 2048 1609 2073 ὁ
1620 2047 1736 2078 πλοῦτος
1748 2047 1905 2082 παραμένει

1109 2093 1158 2126 τῆς
1171 2092 1283 2127 χάριτος
1292 2093 1323 2119 οὐ
1337 2093 1440 2128 βραχύς
1451 2101 1459 2108 ·
1474 2093 1539 2129 παρ’
1549 2094 1639 2120 αὐτῶν
1654 2093 1842 2129 βοηθούμενοι,
1856 2094 1906 2121 καὶ

1110 2137 1178 2172 πρὸς
1192 2138 1257 2166 Θεὸν
1275 2139 1496 2174 ἐπιστρέφοντες.

1145 2195 1198 2218 κα¹.
1222 2191 1253 2218 '0
1263 2191 1409 2226 ἀτιμάζων
1419 2193 1543 2226 πένητα,
1555 2193 1728 2228 ἁμαρτάνει.
1746 2194 1775 2220 '0
1785 2193 1832 2220 καὶ
1843 2194 1904 2226 ἐνὸς

1110 2238 1288 2273 καταφρονῶν
1308 2238 1363 2265 τῶν
1376 2238 1520 2270 συζώντων
1537 2240 1634 2275 ἐνδείᾳ,
1653 2241 1838 2275 ἀποτυγχάνει
1853 2240 1902 2267 τοῦ

1073 2276 1095 2303 Ῐ)
1109 2284 1203 2318 καλοῦ,
1217 2284 1391 2321 παροργίξων
1405 2285 1480 2312 Θεόν.

1152 2339 1183 2366 '0
1205 2338 1298 2366 ἐλεῶν
1316 2338 1465 2373 πτωχοὺς,
1482 2340 1680 2373 μακαριστός.
1710 2339 1738 2367 '0
1752 2339 1780 2366 δὲ
1797 2340 1904 2372 πάντας

1108 2384 1251 2420 οἰκτείρων
1271 2385 1334 2415 τοὺς
1351 2385 1398 2411 τοῦ
1416 2385 1532 2412 πλούτου
1549 2386 1750 2419 ἁποπεσόντας,
1769 2387 1904 2414 εὐαπόδε-

1109 2440 1172 2463 κτος
1182 2432 1301 2468 ὑπάρχει
1316 2431 1386 2466 Θεῷ.

1143 2485 1195 2520 κβ’.
1226 2484 1417 2519 Πλανώμενοι
1447 2485 1553 2517 ἄδικοι,
1588 2487 1778 2514 tentati-ovat
1811 2487 1901 2516 κακά.

1113 2531 1302 2566 ’Λπατώμενοι
1323 2532 1378 2563 τοῖς
1402 2532 1582 2568 προσκαίροις
1607 2533 1632 2559 οἱ
1655 2533 1692 2568 μὴ
1713 2534 1784 2560 κατὰ
1803 2534 1903 2569 νόμους

1107 2576 1196 2606 θείους
1215 2576 1428 2611 πολιτευόμενοι,
1455 2577 1488 2603 τὰ
1517 2577 1585 2612 ἔργα
1609 2577 1821 2613 διαπράττονται
1852 2579 1903 2613 τῆς

1106 2622 1232 2658 ἀνομίας.

1144 2678 1254 2704 Ἔλεον
1275 2677 1309 2703 δὲ
1325 2677 1373 2704 καὶ
1389 2677 1533 2710 ἀλήθειαν
1550 2679 1763 2705 τεκτιιίνουσιν
1781 2679 1899 2713 ἀγαθοί.

1106 2724 1158 2750 Τὸν
1171 2723 1198 2749 δὲ
1214 2723 1283 2758 προς
1300 2723 1362 2755 τοὺς
1374 2724 1504 2757 ὁμοφυεῖς
1520 2723 1594 2750 ἔλεον
1614 2724 1661 2749 καὶΙ
1677 2725 1726 2759 τὴν
1741 2724 1901 2760 ἐπιστήμην

1105 2770 1154 2805 τῆς
1177 2769 1319 2804 ἀληθείας,
1345 2769 1361 2804 ἥ
1386 2769 1463 2801 τέλος
1487 2770 1546 2795 ἐστὶ
1569 2769 1624 2796 τῶν
1645 2770 1783 2803 γνωστῶν,
1812 2779 1901 2797 κατα-

1106 2816 1269 2847 σκευάζουσι
1293 2815 1337 2842 διὰ
1360 2815 1454 2842 πασῶν
1479 2817 1532 2843 τῶν
1553 2816 1703 2851 ὀρεκτικῶν
1725 2825 1753 2842 τε
1774 2817 1822 2843 καὶ
1845 2817 1901 2844 τῶν

1106 2861 1281 2897 θεωρητικῶν
1296 2862 1449 2897 δυνάμεων,
1464 2863 1488 2889 οἱ
1501 2863 1535 2890 τὰ
1548 2862 1693 2897 πανάγαθα
1708 2862 1755 2890 τοῦ
1767 2862 1836 2890 Θεοῦ
1849 2871 1899 2898 τη-

1109 2907 1218 2940 ροῦντες
1235 2908 1385 2941 θελήματα.
