2072 3161
154 201 223 233 1365

672 204 939 236 COMMENTARII
954 204 995 235 ΙΝ
1015 204 1246 240 PROVERBIA.

1712 200 1782 233 1366

189 257 249 284 οὐκ
259 256 435 286 ἐπίστανται
449 257 539 286 ἔλεον
552 258 602 287 καὶ
613 259 718 288 πίστιν
727 261 866 294 τέκτονες
881 269 935 287 κα-

1025 260 1240 290 Misericordiam
1257 267 1281 290 et
1299 262 1378 297 [idem
1396 270 1448 289 non
1476 260 1628 296 intelligunt
1645 258 1716 294 fabri
1730 267 1784 285 ma-

151 303 222 330 κῶν.
245 304 282 330 Οὐ
298 303 463 338 γινώσκουσι
479 305 510 333 τδ
528 306 597 342 πρὸς
614 307 679 339 τοὺς
693 308 836 343 δεομένους
856 308 942 340 ἔλεος,

152 349 199 374 καὶ
212 348 261 384 τὴν
276 349 343 384 πρὸς
352 349 419 377 Θεὸν
433 350 537 383 πίστιν,
551 353 575 378 οἱ
587 352 621 379 τὰ
635 352 782 388 παράνομα
794 352 944 388 ἐργαζόμε-

152 402 209 420 νοι·
234 395 257 421 εἰ
279 395 334 431 γὰρ
357 396 506 432 ἐτύγχανον
522 397 680 434 ἐλεήμονες,
697 399 747 426 οὐκ
767 399 800 427 ἂν
820 399 944 434 ἥρπαζον

152 439 270 474 ἀφειδῶς
284 441 317 467 τὰ
335 440 473 477 ἀλλότρια.

194 502 416 538 Ἐλεημοο-ὐναι
437 505 472 532 δὲ
492 506 541 533 καὶ
563 507 691 541 πίστεις,
708 508 788 542 παρὰ
804 515 944 536 τεκτοσιν·

152 549 281 582 ἀγαθῶν.
303 551 358 577 Καὶ
374 552 398 578 εί
414 552 505 578 πίστιν
521 553 590 589 πρὸς
602 553 668 580 Θεὸν
683 554 797 589 βεϐαίαν
811 555 944 589 ἐκέκτην-

152 601 194 624 το,
211 594 260 620 οὐκ
276 594 309 621 ἂν
326 595 380 622 τῶν
399 596 515 623 ἐντολῶν
540 597 622 624 αὑτοῦ
647 599 848 634 κατεφρόνουν·
869 599 895 625 οἱ
921 599 944 625 δ’

152 639 290 675 οἰκτιρμοί
305 640 359 666 τῶν
386 642 508 678 πενήτων
536 643 583 670 καὶ
607 644 635 670 αἱ
662 645 731 679 πρὸς
749 644 814 670 Θεὸν
838 644 944 675 πίστεις

154 687 208 712 εἰσὶ
221 686 296 722 παρὰ
306 689 363 718 τοῖς
376 688 571 724 ἐργαζομένοις
583 690 616 716 τὰ
629 690 719 722 ἀγαθά
729 699 737 706 ·
750 691 780 722 ἐξ
791 690 878 726 ἔργων
891 691 945 717 δει-

154 731 266 759 κνύουσι
280 733 331 764 τὰς
348 734 544 769 κεκρυμμένας
559 736 627 772 πρὸς
642 736 708 763 Θεὸν
722 737 770 763 καὶ
784 736 945 771 ἀνθρώπους

152 776 271 812 ψυχικὰς
285 778 420 811 διαθέσεις
435 780 536 808 αὐτῶν.

188 841 241 875 κγ’.
276 842 323 868 Ἐν
345 843 436 870 παντὶ
463 845 641 879 μεριμνῶντι
661 845 763 873 ἔνεστι
785 847 942 881 περισσόν.

154 885 199 921 Τῷ
214 889 462 923 μεμεριμνημένως
476 889 600 925 ζητοῦντι
614 891 644 917 ὲν
659 891 740 918 παντὶ
756 892 899 927 πράγματι
914 893 945 919 τὸ

153 931 239 963 ὅντως
255 933 346 967 καλὸν,
362 934 391 960 ἓν
411 935 540 970 ὑπάρχει,
561 936 575 963 ὃ
595 938 649 964 πᾶν
670 937 845 974 ἀσυγκρίτως
860 938 946 974 ὑπέρ-

152 985 252 1050 ἒεὲται,
280 979 295 1005 ὁ
325 979 406 1015 μόνος
430 980 540 1008 πάντων
564 981 651 1014 αἴτιος
671 984 719 1009 καὶ
745 983 816 1019 ὑπὲρ
856 984 945 1011 πάντα

176 1032 187 1049 ε
206 1033 229 1050 :.

176 1032 229 1055 εος.

195 1086 222 1112 '0
238 1086 272 1113 δὲ
285 1087 362 1121 ἡδὺς
377 1089 426 1116 καὶ
445 1089 616 1125 ἀνάλγητος
635 1090 670 1117 ἐν
686 1090 786 1125 ἐνδείᾳ
802 1091 899 1119 ἔσται.
916 1092 946 1120 ’0

152 1132 179 1158 δὲ
197 1133 350 1170 ἡδυπαθὴς,
369 1135 415 1162 καὶ
439 1136 477 1172 μὴ
505 1137 594 1164 πονῶν
615 1137 679 1172 περὶ
699 1137 731 1164 τὸ
747 1138 832 1171 ὄντως
851 1139 945 1174 καλὸν,

154 1180 338 1215 ἐστερημένος
351 1181 429 1209 ἔσται
442 1182 549 1210 τούτου.

189 1242 238 1270 κδ’.
255 1244 408 1279 Στέφανος
420 1246 535 1281 σοφῶν,
550 1248 682 1282 πλοῦτος
696 1248 806 1277 αὐτῶν.
822 1250 885 1282 Τοῖς
900 1259 949 1285 με·

153 1287 188 1315 τὰ
200 1288 279 1323 λόγου
304 1290 449 1319 πλουτοῦσι
473 1292 522 1325 τὰς
538 1293 652 1329 ἀρετὰς,
667 1295 851 1331 ὰμαράντινος
866 1294 948 1325 αὗται

154 1334 233 1370 δόξης
245 1336 367 1370 γίνονται
381 1338 524 1373 στέφανος.

197 1397 233 1425 Ἦ
255 1398 290 1425 δὲ
311 1399 446 1435 διατριϐὴ
471 1401 620 1437 ἀφρόνων,
645 1404 735 1438 κακή.
758 1405 789 1432 '0
806 1405 829 1432 δ’
845 1407 874 1432 ὲν
893 1408 949 1439 τοῖς

159 1444 285 1479 ματαίοις
297 1445 352 1472 τῶν
366 1447 488 1482 ἀνοήτων
501 1450 704 1485 περισπασμὸς,
721 1451 823 1484 κακὸς,
843 1451 882 1484 ὡς
900 1452 949 1487 τῆς

158 1490 269 1518 αἰωνίου
282 1491 421 1525 κολάσεως
435 1493 578 1529 πρόξενος.

193 1557 244 1582 κε’.
265 1554 401 1583 Ῥύσεται
413 1558 516 1592 ψυχὰς
529 1557 564 1585 ἐκ
577 1558 680 1585 κακῶν
696 1559 813 1594 μάρτυς
829 1561 948 1594 πιστός.

995 307 1092 335 lorum.
1111 308 1170 335 Non
1207 313 1325 336 noscunt
1348 307 1563 336 misericordinln
1592 312 1656 340 erga
1687 305 1784 338 inopes

995 361 1083 389 neque
1095 354 1174 381 ﬁdem
1193 355 1222 381 in
1244 354 1339 387 Deum,
1353 353 1399 388 qui
1417 352 1591 387 iniquitatem
1606 353 1760 385 operantur
1774 357 1782 381 ;

994 404 1096 427 etenim
1124 400 1146 427 si
1164 400 1282 428 ﬁnissent
1310 399 1518 431 misericordes,
1540 398 1629 424 aliena
1660 403 1715 423 non
1733 395 1785 422 eri-

995 446 1130 481 puisscnt.

1031 509 1210 544 Eleemosyme
1225 513 1250 535 et
1264 507 1370 542 ﬁducia:
1398 506 1467 541 apud
1483 505 1610 532 bonorum
1637 504 1736 544 fabros.
1751 502 1785 530 Et

996 555 1018 582 si
1039 555 1143 582 ﬁrmam
1169 555 1195 581 in
1214 554 1298 581 Deum
1317 553 1450 581 haberent
1466 551 1557 583 ﬁdem,
1571 550 1631 584 ejus
1655 549 1784 576 mandata

996 608 1050 628 non
1062 601 1247 635 despicerent.
1263 599 1388 627 Gemitus
1405 599 1431 625 in
1446 605 1580 632 pauperes
1597 601 1623 624 et
1635 595 1736 623 ﬁducia
1756 595 1786 622 in

995 646 1080 674 Deum
1112 651 1178 673 sunt
1204 645 1276 680 apud
1302 645 1404 672 bonum
1420 647 1567 678 operantes
1583 651 1590 669 ε
1608 640 1785 669 absconditas

996 692 1149 719 animarum
1171 699 1283 719 suarum
1297 690 1577 725 dispositiones,erga
1590 687 1675 715 Deum
1697 689 1724 715 et
1732 686 1784 713 ho-

996 738 1095 770 mines,
1110 746 1142 765 ex
1157 737 1288 772 operibus
1302 737 1506 764 demonstrant.

1034 845 1116 873 Vens.
1133 845 1179 873 25.
1194 844 1228 872 In
1252 853 1405 880 unoquoque
1419 843 1535 871 sollicito
1556 843 1623 870 inest
1651 841 1788 869 abundan-

998 893 1045 919 tia.
1058 891 1137 919 Omni
1153 892 1179 918 in
1200 899 1230 918 re
1249 899 1344 918 verum
1373 891 1475 917 bonum
1498 889 1615 916 sollicite
1639 887 1785 923 quarrenti,

963 931 983 958 Β
997 946 1080 966 unum
1109 938 1225 966 inveniri
1243 941 1296 970 cst,
1312 936 1385 972 quod
1409 934 1664 970 incomparabiliter
1694 933 1786 960 omnia

1000 991 1125 1021 superat,
1138 1002 1173 1008 -
1193 985 1238 1013 ille
1254 985 1376 1013 omnium
1390 991 1481 1011 rerum
1496 989 1580 1010 causa
1593 984 1620 1009 et
1634 987 1716 1015 super
1728 987 1788 1006 om-

996 1033 1042 1060 nia
1057 1032 1137 1060 Deus.

1033 1096 1085 1129 Qui
1105 1095 1236 1128 suavis,et
1249 1094 1275 1120 in
1286 1093 1440 1129 indigentia,
1451 1090 1612 1119 insensibili:
1625 1090 1685 1117 erit.
1700 1087 1789 1115 Mollis

998 1142 1068 1170 etde
1084 1149 1148 1169 Vero
1162 1141 1232 1168 bono
1248 1148 1302 1167 non
1319 1139 1459 1171 laborans,
1474 1138 1523 1165 illo
1536 1135 1726 1164 l‘rustrabitur.

1034 1249 1118 1276 Vens.
1138 1249 1184 1277 24.
1213 1248 1317 1276 Corona
1344 1248 1517 1282 sapientium,
1545 1246 1646 1273 divitia:
1684 1251 1787 1272 eorum.

999 1294 1050 1328 Qui
1070 1295 1142 1321 enim
1169 1294 1275 1321 ratione
1303 1301 1368 1320 snas
1394 1296 1495 1327 augent
1521 1291 1649 1324 virtutes,
1677 1290 1718 1318 ha:
1733 1289 1788 1317 illis

999 1340 1238 1368 innnarcescibilis
1253 1339 1345 1375 gloria:
1360 1346 1463 1366 corona
1477 1337 1615 1366 evenient.

1041 1404 1149 1431 Viuendi
1177 1404 1245 1430 ratio
1272 1394 1433 1435 stultorum,
1451 1400 1533 1428 mala.
1561 1400 1610 1428 Illa
1628 1398 1789 1427 stolidarum

1000 1449 1214 1485 circumvagatio
1229 1449 1257 1476 in
1268 1448 1345 1477 vanis
1355 1448 1437 1479 mala.
1451 1446 1533 1474 veluti
1550 1445 1583 1472 ad
1597 1451 1693 1480 poenas
1706 1447 1790 1471 aeter-

1000 1504 1051 1525 nas
1068 1501 1155 1523 actor.

1036 1558 1122 1587 Vens.
1137 1558 1183 1586 25.
1204 1557 1289 1585 Testis
1310 1557 1397 1592 ﬁdelis
1416 1555 1519 1582 animos
1536 1561 1569 1581 ea;
1584 1552 1662 1580 malis
1687 1550 1790 1584 eripiet.

165 1599 314 1632 Ἐξελεῖται
339 1600 429 1637 ψυχὰς
454 1603 509 1630 ἀπὸ
535 1604 689 1639 ἁμαρτιῶν,
706 1606 720 1632 ὁ
739 1605 785 1631 τδν
813 1606 863 1641 τῆς
882 1606 947 1642 ἀλη-

1036 1605 1151 1632 Anlmos
1166 1612 1180 1631 a
1193 1604 1312 1638 peccatis
1329 1606 1416 1634 eruet,
1431 1602 1477 1636 qui
1498 1601 1578 1628 docet
1594 1598 1706 1627 verbum
1723 1595 1792 1624 veri-

160 1645 235 1678 θείας
253 1646 331 1682 λόγον
348 1648 492 1682 διδάσκων,
509 1650 557 1677 καὶ
573 1650 668 1678 τοῦτον
687 1651 717 1685 ἐξ
732 1651 819 1687 ἔργων
836 1653 949 1680 πιστοῦ-

162 1699 252 1725 μενος.

180 1761 386 1813 ..Ἐκκιιίει-δὲ
402 1766 501 1813 ψευδῆ
515 1767 629 1802 δόλιος.
660 1769 822 1802 Ἐξανάπτει
847 1770 878 1798 δὲ
898 1771 949 1808 τὴν

159 1809 213 1833 τῶν
225 1809 321 1836 παθῶν
334 1810 480 1848 ἀπατηλὴν
491 1813 616 1849 κάμινον,
627 1815 642 1841 ό
652 1816 828 1851 προσχήματι
839 1817 887 1844 τοῦ
899 1826 950 1844 κα-

159 1853 206 1900 λοῦ
221 1855 416 1892 προτιθέμενος
425 1858 455 1885 τὸ
466 1859 596 1893 ἐναντίον,
613 1862 662 1888 καὶ
674 1862 737 1895 τοὺς
748 1863 949 1900 ἁφελεστέρους

159 1899 250 1926 αὐτῶν
263 1901 408 1935 ἐξαπατῶν
421 1904 476 1930 τῶν
491 1904 652 1941 ἀνθρώπων.

196 1966 251 1996 κς¹.
273 1965 322 1991 Ἐν
341 1966 422 2000 φόϐῳ
440 1968 561 2002 Κυρίου,
576 1968 666 2002 ἐλπὶς
690 1971 806 2005 ἰσχύος.
831 1971 875 1998 Ἐν
892 1966 964 2004 τοῖς

159 2007 203 2034 διὰ
215 2008 334 2042 πίστεως
346 2011 385 2046 τῷ
402 2012 477 2047 φόϐῳ
494 2012 597 2048 Κυρίου
611 2014 769 2042 ἐκκλίνασιν
783 2016 837 2042 ἀπὸ
849 2017 947 2049 κακοῦ,

161 2053 238 2085 ἐλπὶς
260 2054 406 2089 ὑφίσταται
424 2057 524 2092 ίσχύος,
547 2058 597 2093 τῆς
615 2059 670 2086 τῶν
693 2059 774 2086 θείων
801 2063 949 2098 ποιητικῆς

159 2099 289 2126 ἐντολῶν·
316 2102 386 2135 μετὰ
413 2102 466 2136 γὰρ
491 2103 522 2129 «to
543 2103 665 2131 ἐκκλῖναι
686 2105 798 2137 τούτους
819 2106 873 2133 ἀπὸ
899 2117 949 2134 κα-

159 2143 218 2176 κοῦ,
240 2143 284 2171 οἷα
307 2146 427 2178 δούλους,
449 2148 489 2184 τῷ
519 2148 572 2175 τῶν
593 2149 733 2177 κολάσεων
756 2151 843 2187 φόϐῳ,
860 2155 948 2180 ποιεῖν

158 2189 236 2263 iiut;
241 2190 344 2225 ἀγαθὸν
355 2192 393 2225 ὡς
406 2193 539 2228 μισθίους,
555 2196 587 2231 τῇ
600 2195 654 2223 τῶν
669 2196 822 2232 μελλόντων
837 2189 949 2233 ἀγαθῶν

191 2246 210 2263 π
240 2246 259 2263 ι.

191 2246 259 2264 πιοι.

197 2309 261 2343 Τοῖς
286 2310 321 2338 δὲ
349 2311 489 2339 τέκτοσιν
503 2312 642 2350 [τέκνοις]
662 2315 755 2343 αὐτοῦ
777 2318 951 2352 καταλείψει

159 2354 282 2390 ἔρεισμα
295 2357 425 2392 εἰρήνης.
443 2359 505 2390 Τοῖς
515 2359 543 2386 δὲ
557 2360 718 2396 ἠξιωμένοις
733 2362 766 2388 δι’
778 2363 888 2397 αγὰπης
903 2365 950 2399 τῆς

159 2401 206 2428 τοῦ
240 2403 341 2438 Κυρίου
376 2404 512 2436 υἱοθεσίας
543 2406 622 2437 αὐτὸς
651 2409 786 2444 ἐπαφήσει
815 2410 829 2436 ὁ
851 2409 952 2446 Κύριος

158 2447 207 2484 τὴν
222 2449 363 2484 ἀτρεψίχν,
374 2451 508 2483 ἀπαθείας
519 2452 669 2488 ἑδραίωμα.

194 2522 245 2553 κζ’.
265 2523 357 2556 Φόϐος
370 2524 492 2557 Κυρίου,
509 2524 591 2559 πηγὴ
607 2525 682 2559 ζωῆς
692 2533 698 2542 '
711 2526 792 2553 ποιεῖ
802 2527 837 2553 δὲ
849 2527 952 2554 ἐκκλί-

159 2577 223 2595 νειν
252 2569 287 2595 ἐκ
312 2569 437 2603 παγίδος
464 2571 605 2598 θανάτου.
638 2572 666 2598 '0
692 2572 762 2604 θεῖος
795 2573 876 2606 φόῦος
897 2573 951 2599 τῶν

160 2613 300 2648 ζωογόνων
315 2615 366 2650 τῆς
380 2617 587 2651 νενεκρωμένης
598 2619 631 2653 τῇ
644 2618 768 2654 ἁμαρτίᾳ
779 2619 867 2654 ψυχῆς
880 2619 950 2646 ἑπτὰ

160 2661 337 2695 χαρισμάτων
350 2661 398 2688 τοῦ
415 2662 572 2697 Πνεύματος
587 2664 705 2699 ὑπάρχει
716 2665 786 2700 ἀρχή
800 2674 807 2680 ’
823 2662 859 2691 ὦν
873 2666 952 2697 τέλος

160 2707 176 2742 ή
205 2709 284 2742 σοφία
313 2709 404 2742 ἐστὶν,
429 2709 467 2740 ὼς
489 2710 665 2746 τελειιυτική·
683 2708 760 2743 οὗτος
784 2712 811 2738 δὲ
834 2713 848 2738 ὁ
869 2712 951 2746 φόϐος

160 2755 363 2788 παρασκευάζει
393 2754 538 2789 ἐκφεύγειν
568 2756 621 2782 ἀπὸ
643 2757 792 2792 ἁμαρτίας,
815 2758 831 2794 ἢ
854 2758 950 2794 βρόχος

160 2800 289 2835 τυγχάνει
300 2801 390 2836 ψυχῆς
402 2802 441 2834 εις
457 2801 606 2829 ἀπώλειαν.

196 2873 248 2907 κη’.
271 2873 323 2900 Ἐν
343 2873 447 2906 πολλῷ
465 2873 545 2901 ἔθνει
571 2873 647 2907 δόξα
659 2874 822 2908 βασιλέως.
845 2875 889 2902 Ἐν
911 2874 950 2909 τῷ

161 2918 257 2954 πλήθει
280 2920 334 2947 τῶν
360 2920 444 2948 ἐθνῶν
466 2921 483 2956 ἡ
503 2920 567 2955 δόξα
597 2921 644 2948 τοῦ
663 2921 856 2957 παμϐασιλέως
870 2921 949 2955 Θεοῦ,

1000 1652 1064 1681 tatis
1080 1655 1108 1680 et
1128 1650 1195 1679 illud
1207 1649 1335 1685 operibus
1349 1651 1501 1676 asseverat.

1036 1769 1133 1797 Exurit
1151 1773 1238 1796 autem
1249 1766 1385 1802 fallaciter
1398 1764 1524 1792 callidus.
1545 1763 1672 1798 Iniquum
1686 1760 1791 1797 passio-

1000 1823 1067 1844 num
1080 1814 1219 1843 caminum
1235 1811 1371 1844 accendit,
1387 1811 1445 1846 qui,
1456 1810 1508 1838 sub
1522 1809 1615 1845 specie
1637 1807 1713 1840 boni,
1724 1813 1793 1842 pro-

1000 1862 1079 1899 ponit
1094 1861 1266 1890 contrarium
1290 1862 1318 1886 et
1330 1858 1501 1886 incautiores
1521 1855 1664 1884 hominum
1681 1853 1791 1888 decipit.

1034 1973 1118 2001 Vens.
1133 1971 1224 2000 26.111
1243 1972 1338 1998 timore
1354 1970 1472 2002 Domini,
1499 1976 1556 2003 spes
1581 1968 1670 2003 ﬁrma.
1687 1966 1716 1994 In
1737 1966 1792 1993 illis

1000 2027 1063 2054 spes
1085 2018 1162 2045 ﬁrma
1179 2017 1313 2051 exsurgit,
1330 2015 1389 2050 qui,
1402 2023 1434 2042 ex
1461 2014 1560 2041 timore
1580 2012 1689 2040 Domini
1706 2011 1792 2038 decli-

1000 2069 1067 2092 nant
1085 2071 1099 2090 a
1116 2063 1186 2090 malo
1210 2070 1258 2097 per
1283 2061 1371 2091 ﬁdem.
1388 2060 1479 2087 divina
1495 2058 1622 2086 mandata
1640 2057 1787 2093 perﬁcietu-

1000 2115 1064 2137 tem.
1082 2109 1188 2136 Etenim
1208 2115 1281 2139 cum,
1299 2113 1442 2134 servorum
1467 2112 1553 2137 more,
1570 2111 1585 2130 a
1611 2104 1683 2131 malo
1700 2111 1791 2131 reces-

1001 2156 1097 2188 serint,
1115 2158 1228 2190 propter
1242 2151 1589 2188 suppliciorumtimorem,
1605 2151 1706 2178 bonum
1725 2157 1791 2184 ope-

1001 2202 1087 2229 ratnri
1107 2205 1183 2234 sunt,
1200 2199 1275 2227 velut
1290 2197 1464 2230 mercenarii,
1478 2197 1526 2232 qui
1541 2197 1613 2224 bona
1636 2196 1729 2224 futura
1744 2204 1792 2223 ex-

1001 2251 1137 2284 spectant.

1041 2317 1120 2346 Filiis
1143 2318 1198 2345 suis
1212 2317 1337 2352 fulcimen
1352 2316 1425 2352 pacis
1443 2316 1582 2351 relinquet.
1600 2314 1653 2342 Per
1666 2314 1790 2342 charita-

1002 2372 1055 2393 tem
1072 2366 1099 2392 in
1125 2364 1195 2392 ﬁlios
1219 2364 1326 2392 Domini
1350 2363 1475 2399 adoptari
1501 2363 1638 2398 dignatos,
1655 2362 1712 2396 ipse
1738 2360 1792 2387 Do-

1004 2411 1096 2439 minus
1110 2410 1208 2438 eﬁiciet
1223 2410 1338 2445 insuper
1348 2409 1610 2444 interritos,e03que
1621 2407 1683 2436 ideo
1695 2412 1793 2435 contra

1002 2457 1145 2493 passiones
1177 2456 1307 2484 ﬁrmabit.

1037 2529 1121 2556 Vens.
1135 2528 1279 2556 27.Timor
1295 2528 1414 2560 Domini,
1423 2528 1483 2563 fons
1498 2528 1569 2561 uiue,
1582 2527 1648 2562 facit
1656 2534 1689 2554 ea;
1699 2527 1792 2562 laqueo

1002 2577 1093 2602 morus
1108 2575 1230 2610 eﬂ‘ugere.
1249 2574 1363 2602 Divinus
1379 2575 1472 2607 timor,
1489 2577 1594 2609 septem
1614 2573 1725 2600 illorum
1740 2573 1794 2608 spi-

1002 2621 1140 2648 ritualium
1173 2620 1383 2653 charismatum,
1416 2628 1477 2655 qua:
1518 2620 1649 2650 animam.
1676 2622 1792 2654 peccato

1004 2669 1149 2698 mortuam,
1165 2665 1314 2697 viviﬁcant,
1329 2669 1357 2692 et
1373 2673 1491 2700 quorum
1508 2665 1570 2692 ﬁnis
1590 2668 1631 2692 est
1657 2665 1793 2700 sapientia

1002 2712 1074 2739 velut
1085 2711 1240 2746 perﬁciens,
1249 2725 1284 2730 —
1297 2711 1341 2738 ille
1350 2715 1440 2738 autem
1450 2711 1533 2738 timor
1554 2715 1689 2745 praeparat
1699 2710 1731 2736 ad
1744 2709 1788 2737 l'u-

1000 2757 1127 2792 giendnm
1145 2761 1295 2790 peccatum,
1306 2765 1360 2792 quo
1376 2758 1488 2792 laqueus
1507 2756 1669 2792 perditionis
1686 2756 1792 2784 anima-

1003 2805 1054 2831 bus
1074 2803 1236 2830 invenietur.

1038 2875 1119 2902 Vens.
1136 2874 1181 2902 28.
1199 2873 1232 2901 In
1254 2874 1338 2901 multa
1361 2878 1435 2909 gente
1456 2874 1542 2910 gloria
1569 2873 1647 2909 regis.
1671 2873 1698 2900 In
1726 2873 1794 2899 mul-

1001 2921 1120 2949 titudine
1138 2921 1259 2956 gentium
1281 2920 1367 2954 gloria
1392 2921 1504 2948 omnino
1531 2919 1604 2955 regis
1641 2919 1699 2951 Dei,
1725 2925 1790 2945 cum
