2072 3161
255 187 320 219 1367

905 187 1081 220 PROCOPII
1096 187 1217 218 GAZAEI

1822 190 1893 224 1368

249 245 374 273 venerim
390 244 423 271 ad
439 245 530 280 ipsum
549 249 576 272 et
588 245 651 278 alte,
665 253 714 281 per
729 245 822 280 tidem,
836 253 933 274 verum
955 246 1041 274 Deum

1104 246 1301 282 τροσελθόντων
1313 246 1388 284 αὗτῷ
1407 247 1454 276 καὶ
1463 248 1559 277 τοῦτον
1569 249 1815 286 ἀνακηρυττόντων
1827 251 1894 279 Θεὸν

249 290 483 318 denuntiaverint.

287 354 319 381 In
344 354 448 389 defectu
481 353 582 389 populi,
605 352 728 388 confusio
756 353 879 388 potentis.
910 353 978 381 Cum
1005 358 1047 389 ty-

249 408 354 428 rannus
369 401 415 428 ille
440 400 597 428 animarum
628 403 786 427 nostrarum
813 403 841 427 et
868 399 969 431 hostis,
990 399 1043 427 hoc

250 447 331 474 modo
342 446 522 474 t'rustrabitur
533 450 610 473 tanta
628 445 818 479 multitudine,
828 454 911 481 quam
924 453 973 480 per
990 446 1048 473 ido-

252 493 388 521 lolatrian:
413 493 593 528 acquisierat,
621 507 658 513 —
684 492 772 527 gloria
799 491 861 528 ejus
888 490 1046 527 subjacebit

250 547 349 568 Nullis.

284 602 369 630 Vitas.
383 602 429 630 ‘29.
447 601 494 630 Vir
513 602 684 638 longanimis,
704 603 803 629 mullus
832 602 859 629 in
880 606 975 629 mente.
992 601 1045 635 Qui

251 649 403 676 secundum
426 648 562 676 rationem
584 649 691 676 animos
712 648 804 676 domat
814 652 842 676 et
856 648 984 676 dolorosa
999 655 1046 683 ge-

252 701 352 721 nerose
373 692 479 726 sum-rt,
497 694 543 729 qui
560 693 810 729 cireutnspieiendo
837 694 904 721 facit
919 699 947 722 et
976 694 1046 722 dicit

251 740 324 775 quod
340 744 462 775 oportet,
477 739 523 768 ille
535 739 682 768 mnifeste
696 744 815 767 mentem
835 740 929 768 habet.

288 803 494 836 Pusillanimus,
506 804 582 831 valde
598 812 700 833 amens.
715 804 766 837 Qui
791 808 902 839 propter
913 803 1045 840 pusillum

253 850 374 877 animum
394 850 448 878 cito
465 851 571 878 inii-am
589 850 713 882 eﬂ'ertur,
729 858 798 886 quas
811 858 865 878 non
882 854 992 886 oportet
1004 849 1046 878 fa-

252 899 328 926 citet
345 898 422 930 dicit,
437 898 481 926 hie
493 903 536 926 est
548 905 654 926 amens.

289 961 371 991 Vens.
384 962 429 990 ‘50.
440 961 516 990 Mitis
530 962 581 995 uir,
594 961 682 990 cordis
691 961 818 990 medicus.
827 960 879 994 Qui
891 961 984 989 animo
996 968 1051 989 non

254 1008 392 1042 turbatur,
409 1015 505 1036 eorum
515 1015 610 1040 causa,
624 1008 726 1043 quibus
739 1008 810 1035 alius
825 1008 852 1034 in
867 1008 956 1042 ipsum
972 1007 1052 1035 alier-

254 1059 310 1087 tur,
324 1055 371 1083 sed
393 1055 468 1082 illata
483 1055 535 1083 sibi
561 1055 679 1082 viriliter
694 1055 849 1090 perpetitur
868 1058 896 1081 et
921 1053 1052 1081 adversa-

256 1100 326 1127 rium
350 1102 471 1128 suaviter
487 1100 564 1133 alliit,
581 1107 630 1135 per
664 1107 742 1128 suam
769 1100 947 1127 tolerantiam
970 1103 1050 1131 sanat

255 1145 390 1173 turbitam
410 1145 531 1173 animam
549 1145 675 1174 alterius.

295 1264 376 1293 Tinea
402 1265 515 1298 ossium,
534 1272 580 1291 cor
604 1264 737 1291 sensibile.
757 1262 835 1291 Sicut
861 1262 956 1291 tcredo
984 1270 1047 1291 ossa

257 1313 390 1345 (-orrodit,
407 1312 445 1339 ita
461 1318 520 1342 cor,
533 1309 607 1345 quod
625 1314 725 1345 praesto
741 1313 784 1337 est
798 1309 927 1337 sensibus
954 1308 1048 1345 (modo

256 1356 386 1391 iucundis
413 1355 599 1392 superemuet,
615 1354 697 1382 modo
723 1355 829 1383 doloris
856 1354 1047 1390 exturbatur),

258 1403 393 1432 ﬁrmiores
419 1403 517 1430 anima:
540 1402 688 1438 potentias,
703 1402 730 1429 in
744 1402 920 1437 passionibus
943 1406 1049 1430 natura:

258 1449 405 1485 disperdit.

295 1559 348 1593 Qui
371 1559 551 1587 calumniatur
578 1566 731 1594 pauperem,
752 1563 892 1594 exasperat
921 1558 1048 1594 factorem

1097 292 1226 328 ἀληθινὸν
1239 292 1285 322 διὰ
1299 293 1432 327 πίστεως.

1127 356 1189 383 -Ἒν
1201 355 1236 383 δὲ
1251 356 1386 391 ἐκλείψει
1396 357 1485 391 λαοῦ,
1499 359 1648 394 συν-τριϐὴ
1665 359 1831 388 δυνάστου.
1849 361 1895 388 Ἐν

1096 403 1125 430 δὲ
1137 403 1176 438 τῷ
1189 403 1261 431 οὕτω
1279 402 1452 440 ζημιωθῆναι
1466 405 1512 433 τὸν
1526 405 1658 442 τύραννον
1679 407 1733 434 τῶν
1749 407 1895 444 ἡμετέρων

1096 449 1192 485 ψυχῶν
1206 451 1254 477 καὶ
1269 451 1409 487 πολέμιον,
1422 451 1453 478 τὺ
1464 452 1586 480 τοιοῦτον
1600 454 1704 489 πλῆθος
1717 454 1732 481 ὃ
1742 455 1776 482 δι’
1788 455 1895 482 εἰδωλο-

1097 495 1227 532 λατρείας
1241 497 1387 533 ἐκτήσατο,
1397 499 1414 534 ἡ
1431 497 1496 532 δόξα
1513 498 1600 526 αὐτοῦ
1610 500 1652 531 εἰς
1668 499 1734 535 χοῦν
1752 508 1876 537 κατασκη
1885 515 1895 521 -

1098 542 1192 570 νώσιι.

1134 606 1186 634 xi)’.
1202 607 1404 642 Μακρόθυμος
1420 607 1509 642 ἀνὴρ,
1528 609 1627 643 πολὺς
1638 609 1674 637 έν
1686 610 1843 644 φρονήσει.
1863 609 1896 637 '0

1097 653 1168 680 κατὰ
1187 653 1265 688 λόγον
1283 654 1393 690 κρατῶν
1408 655 1455 682 τοῦ
1469 655 1569 691 θυμοῦ,
1586 657 1634 684 καὶ
1652 657 1785 690 γενναίως
1802 658 1896 692 φέρων

1095 699 1131 726 τὰ
1146 699 1269 735 ἀλγεινὰ,
1297 700 1367 736 μετὰ
1387 701 1579 737 περισκέψεως
1594 702 1680 730 ποιῶν
1701 703 1750 730 καὶ
1770 703 1858 738 λέγων
1877 704 1897 730 ἃ.

1095 744 1146 778 δεῖ,
1163 747 1313 782 περιφανὲς
1329 747 1464 783 κέκτηται
1479 747 1620 784 φρόνημα.

1138 811 1170 838 '0
1191 811 1226 838 δὲ
1243 811 1441 847 δλιγόψυχος,
1465 813 1597 848 ἰσχυρῶς
1618 813 1733 849 ἄφρων.
1755 814 1784 841 '0
1799 814 1828 841 δὲ
1850 814 1897 842 διὰ

1097 856 1283 892 μικροψυχίαν
1305 858 1411 892 ταχέως
1436 858 1623 895 ἐκφερόμενος
1645 860 1686 892 εἰς
1709 860 1806 896 θυμὸν,
1823 860 1842 888 ἃ
1857 861 1898 896 μὴ

1064 921 1088 950 Β
1100 903 1142 930 δεῖ
1155 904 1240 931 ποιῶν
1256 913 1285 931 τε
1299 905 1346 931 καὶ
1358 904 1457 938 λέγων,
1468 905 1564 941 ἄφρων
1579 905 1663 934 ἐστίν.

1139 965 1173 993 λ’.
1189 967 1367 1002 Πμτῦθυμος
1376 966 1466 1001 ἀνὴρ,
1485 967 1609 1002 καρδίας
1621 968 1732 1002 ἱατρός.
1755 968 1787 995 '0
1800 967 1838 1003 μὴ
1849 969 1898 995 ὲκ-

1104 1013 1311 1048 ταρασσόμενος
1323 1012 1362 1048 τῷ
1376 1013 1455 1048 θυμῷ
1468 1013 1497 1040 ὲν
1510 1010 1551 1045 οἷς
1561 1022 1603 1046 τις
1615 1014 1763 1049 ἐκφέρεται
1777 1014 1836 1041 κατ’
1848 1014 1898 1041 αὑ-

1103 1057 1162 1090 τοῦ,
1180 1057 1250 1084 ἀλλὰ
1264 1058 1396 1093 γενναίως
1412 1059 1504 1094 φέρων
1527 1059 1562 1086 τὰ
1581 1060 1646 1093 παρ’
1660 1059 1744 1086 αὐτοῦ
1756 1059 1830 1094 αὐτῷ
1845 1059 1892 1085 έπ-

1103 1104 1251 1140 ερχόμενα,
1270 1105 1317 1131 καὶ
1331 1106 1442 1140 πραέως
1457 1104 1539 1132 αὑτὸν
1559 1105 1770 1142 μετερχόμενος,
1785 1105 1830 1133 διὰ
1844 1105 1897 1139 τῆς

1105 1151 1173 1183 ιδίας
1186 1151 1373 1184 ἀνεξικακίας,
1392 1153 1444 1187 τὴν
1462 1151 1672 1188 τεταραγμένην
1689 1151 1795 1178 ἐκείνου
1811 1151 1896 1188 θερα-

1103 1197 1183 1224 πεύει
1196 1197 1298 1233 ψυχήν.

1138 1261 1200 1297 Σὴς
1223 1261 1258 1289 δὲ
1279 1261 1406 1296 ὀστέων,
1424 1261 1533 1296 καρδία
1556 1262 1728 1297 utaentur).
1742 1262 1849 1298 Ὠσπερ
1866 1262 1898 1289 δι

1102 1317 1146 1341 τις
1170 1308 1280 1344 σκώληξ
1313 1308 1509 1344 διαδιὸρώσκει
1538 1309 1622 1342 ὀστᾶ,
1650 1309 1722 1337 οὕτω
1750 1309 1848 1343 καρδία
1878 1310 1896 1344 ἡ

1102 1354 1219 1390 ἑτοίμως
1251 1353 1313 1380 κατ’
1335 1353 1460 1389 αἴσθησιν
1485 1354 1542 1386 τοῖς
1570 1353 1621 1389 μὲν
1655 1354 1731 1390 ἡδέσι
1754 1354 1897 1389 διαχεομέ-

1103 1409 1146 1435 νη,
1164 1401 1221 1432 τοῖς
1240 1399 1263 1427 δ’
1277 1399 1411 1434 ἀλγεινοῖς
1431 1400 1666 1436 ἐκταραττομένη,
1681 1401 1732 1432 τὰς
1747 1400 1897 1432 τονωτικάς

1101 1446 1153 1481 τῆς
1165 1445 1255 1481 ψυχῆς
1281 1445 1410 1482 δυνάμεις
1425 1446 1464 1479 εις
1481 1447 1515 1473 τὰ
1528 1446 1604 1483 παρὰ
1613 1446 1695 1481 φύσιν
1709 1446 1784 1482 πάθη
1796 1454 1897 1473 καταν-

1102 1492 1222 1520 αλισκει.

1138 1558 1188 1585 λα’.
1219 1558 1251 1585 '0
1274 1557 1477 1593 συκοφαντῶν
1502 1558 1629 1592 πένητα,
1657 1559 1821 1594 παροξύνει
1844 1559 1900 1585 τὸν

259 1605 329 1640 ejus.
343 1604 394 1638 Qui
415 1604 519 1631 homini
534 1611 642 1638 semper
654 1603 798 1638 indigenti,
815 1608 945 1639 tanquam
971 1603 1049 1631 inde-

1104 1605 1273 1637 ποιήσαντα
1283 1605 1387 1632 αὐτόν.
1408 1604 1437 1631 '0
1450 1603 1489 1640 τῷ
1502 1605 1546 1631 ἀεὶ
1556 1605 1652 1637 ἐνδεεῖ,
1663 1604 1702 1637 ὡς
1712 1605 1900 1640 ἀπροστατεύ-

260 1651 350 1684 tenso,
361 1658 411 1678 sua
427 1649 537 1686 propria
547 1649 612 1678 vitia
627 1650 865 1684 objicit,tlctorem
883 1650 952 1685 ejus,
966 1648 1052 1678 Deum

260 1701 404 1733 provocat.

297 1763 350 1796 Qui
364 1762 478 1790 honorat
494 1762 586 1795 Deum,
602 1750 742 1790 miseretur
770 1763 905 1798 pauperis.
922 1763 985 1796 Qui,
1002 1763 1052 1791 bo-

262 1809 307 1836 nis
322 1809 462 1844 operibus,
481 1808 588 1836 Patrem
602 1808 628 1836 in
641 1809 720 1837 ctelis
739 1808 868 1841 horrent,
884 1816 976 1837 rerum
989 1809 1053 1838 ino-

263 1861 323 1889 pem
337 1854 418 1881 ουιιςι
433 1858 471 1886 et,
485 1855 514 1882 in
527 1859 660 1889 quantum
675 1858 776 1890 potest,
793 1855 916 1891 adjuvat.

299 1962 384 1990 Vens.
400 1963 488 1990 52.1»
504 1964 608 1991 malitia
619 1972 681 1998 sua,
693 1964 788 1998 peribit
807 1964 916 1999 impius.
932 1964 963 1992 In
987 1972 1050 2000 pro—

263 2009 333 2044 pria,
350 2014 377 2036 et
389 2017 443 2036 non
460 2009 486 2036 in
501 2013 610 2045 patrum
628 2010 670 2038 vel
683 2011 801 2038 tiliorum
819 2011 923 2038 malitia
940 2011 1052 2046 peribit,

263 2055 309 2090 qui
329 2054 412 2082 Deum
430 2062 479 2090 per
503 2055 575 2083 bona
591 2063 674 2091 opera
690 2063 743 2083 non
759 2056 886 2084 honorat.
905 2056 958 2090 Qui
982 2057 1055 2085 illio-

1102 1659 1153 1686 τῳ,
1164 1651 1332 1686 προσάπτων
1355 1649 1392 1677 τὰ
1415 1649 1514 1677 ἑαυτοῦ
1529 1650 1693 1686 αἰτιάματα,
1716 1651 1762 1678 τὸν
1776 1651 1900 1687 πλάστην

1102 1696 1187 1724 αὑτοῦ
1204 1696 1369 1733 παροργίζει
1381 1696 1457 1723 Θεόν.

1142 1761 1175 1788 ’0
1200 1760 1236 1788 δὲ
1261 1759 1356 1795 τιμῶν
1379 1761 1484 1793 αὑτὸν,
1501 1760 1581 1787 ἐλεεῖ
1610 1761 1741 1796 πτωχόν.
1764 1760 1796 1787 ⁸0
1820 1760 1844 1787 δ’
1870 1761 1901 1787 ὲν

1103 1806 1300 1844 ἀγαθοεργίαις
1313 1807 1359 1834 τὸν
1375 1808 1404 1834 ὲν
1419 1807 1542 1842 οὐρανοῖς
1555 1807 1666 1842 Πατέρα
1680 1806 1780 1842 τιμῶν,
1798 1807 1900 1834 οἰκτεί-

1106 1863 1148 1890 ρει
1163 1854 1209 1880 τὸν
1229 1853 1284 1881 ἀπὸ
1298 1853 1415 1880 πλούτου
1434 1853 1563 1886 πεσόντα,
1578 1853 1625 1880 καὶ
1641 1853 1680 1885 ὡς
1697 1852 1811 1880 δυνατὸν
1824 1852 1901 1887 αὺτῷ

1105 1900 1209 1937 βοηθεῖ.

1143 1963 1192 2000 λβ’.
1213 1964 1263 1991 Ἑν
1279 1964 1370 1998 κακίᾳ
1383 1962 1477 1991 αὑτοῦ
1502 1963 1659 1991 ἀπολεῖται
1670 1961 1794 1997 ἀσεϐής.
1813 1963 1859 1990 Ἐν
1868 1964 1902 1998 τῇ

1108 2009 1162 2046 ἰδίᾳ
1178 2009 1275 2046 κακίᾳ,
1293 2010 1342 2037 καὶ
1360 2009 1397 2045 μὴ
1412 2011 1446 2045 τῇ
1466 2009 1520 2036 τῶν
1537 2009 1666 2044 πατέρων
1681 2009 1698 2045 ἢ
1718 2009 1835 2041 τέκνων,
1849 2011 1904 2036 ἀπ-

1105 2057 1208 2083 ολεῖται
1218 2057 1232 2083 ὁ
1248 2056 1286 2092 μὴ
1296 2056 1329 2083 δι’
1341 2056 1453 2090 ἀγαθῶν
1468 2056 1557 2092 ἔργων
1567 2055 1657 2091 τιμῶν
1670 2055 1716 2083 τὸν
1726 2056 1804 2083 Θεόν.
1823 2055 1905 2082 Ἀπο-

264 2108 324 2128 rum
342 2104 368 2128 et
387 2100 522 2134 omnium,
536 2101 588 2128 si!)
604 2109 686 2128 manu
699 2101 946 2138 ejusdegentium,
958 2110 1054 2130 curam

1106 2099 1199 2127 δίδωσι
1224 2100 1279 2136 γὰρ
1306 2100 1386 2135 λόγον
1408 2102 1422 2127 ὁ
1449 2101 1486 2136 μὴ
1512 2100 1568 2127 τῶν
1589 2101 1694 2128 τέκνων
1715 2101 1764 2128 καὶ
1780 2101 1835 2127 τῶν
1851 2100 1905 2127 ὑπὸ

264 2153 319 2173 non
337 2146 431 2179 habet,
447 2162 482 2167 ——
495 2146 631 2174 rationem
649 2146 758 2179 reddet,
777 2155 832 2175 non
859 2147 894 2175 de
919 2155 963 2181 eo,
980 2147 1054 2183 quod

1107 2147 1187 2182 χεῖρα
1206 2146 1391 2181 ποιησάμενος
1408 2146 1580 2182 ἐπιμέλειαν,
1599 2147 1648 2182 οὐχ
1671 2147 1712 2174 ὃτι
1734 2144 1806 2174 οὗτοι
1822 2147 1906 2173 κακοὶ

265 2191 292 2218 hi
309 2191 372 2218 mali
398 2192 545 2224 evaserint,
562 2194 609 2222 sed
628 2192 700 2227 quod
716 2193 774 2227 ipse
789 2193 823 2220 de
842 2201 937 2221 eorum
966 2194 1054 2222 salute

1107 2193 1242 2227 ἐγένοντο,
1257 2192 1314 2219 ἀλλ’
1327 2193 1368 2220 ὅτι
1381 2193 1464 2225 αὐτὸς
1487 2193 1538 2229 τῆς
1560 2193 1699 2229 σωτηρίας
1715 2192 1819 2220 τούτων
1831 2193 1906 2228 ὴμέ-

265 2244 320 2264 non
337 2239 488 2265 curaverit.
505 2237 624 2270 Rursus,
641 2241 668 2265 et
682 2237 707 2264 hi
721 2238 990 2271 condemnabuntur,
1000 2247 1054 2266 non

1108 2238 1175 2275 λησε
1187 2247 1194 2254 ’
1217 2239 1298 2266 πάλιν
1319 2239 1342 2266 δ’
1354 2235 1428 2266 οὗτοι
1443 2239 1666 2275 κατακρίνονται,
1687 2239 1718 2266 οὐ
1729 2239 1773 2266 διὰ
1788 2239 1838 2275 τὴν
1849 2239 1906 2266 τῶν

268 2288 381 2319 propter
402 2288 508 2319 patrum
536 2288 563 2312 et
588 2285 763 2312 dominorum
788 2286 992 2322 negligentiam,
1007 2286 1054 2315 sed

1109 2287 1235 2323 πατέρων
1249 2288 1297 2314 καὶ
1312 2287 1454 2315 δεσποτῶν
1471 2287 1616 2324 ἀμέλειαν,
1627 2287 1685 2315 ἀλλ’
1698 2287 1739 2314 ὅτι
1754 2287 1832 2314 αὐτοὶ
1852 2295 1906 2314 κα-

266 2331 339 2366 quod
355 2331 406 2367 ipsi
423 2331 487 2359 mali
503 2331 567 2359 facti
581 2331 647 2360 sint.

303 2393 355 2426 Qui
365 2394 510 2429 confiditin
525 2394 649 2427 Domino,
662 2396 705 2422 sui
717 2395 799 2430 ipsius
808 2396 950 2423 sanctitate
954 2395 1056 2431 justus.

268 2439 320 2472 Qui
334 2440 360 2467 in
380 2448 471 2468 rerum
491 2445 656 2468 cunctarum
675 2440 831 2473 Dominum,
851 2448 960 2468 omnem
982 2449 1057 2476 spem

269 2493 346 2513 suam
368 2487 487 2521 reponit,
500 2487 593 2522 justus
605 2490 648 2514 est
662 2494 695 2514 ex
719 2485 888 2521 perfectione
905 2494 954 2514 sua
973 2487 1059 2514 relate

268 2533 302 2560 ad
324 2532 418 2565 Deum,
439 2537 466 2561 et
493 2541 548 2561 non
564 2541 597 2561 ex
615 2534 732 2561 aliorum
747 2533 877 2569 operibus
901 2536 929 2561 et
953 2534 1060 2562 actibus

271 2579 373 2612 rectis;
389 2580 539 2615 requiritur
562 2580 635 2608 enim
659 2588 674 2608 a
699 2579 790 2613 nobis,
808 2586 838 2608 ut
861 2588 894 2608 ex
919 2580 1059 2608 laboribus
1084 2578 1087 2579 ⁷

271 2627 374 2656 nostris
391 2627 535 2656 Dominum
557 2628 734 2658 honoremus.

306 2690 388 2719 Vens.
401 2691 446 2719 '55.
463 2690 496 2718 In
510 2692 588 2719 corde
608 2691 685 2724 bona,
707 2692 845 2727 requiescit
870 2691 1011 2726 sapientia.
1031 2690 1060 2719 In

272 2736 375 2770 anima,
388 2745 450 2772 quae
478 2738 640 2765 charitalem
663 2739 690 2765 in
711 2737 796 2765 Deum
819 2744 847 2766 et
862 2738 888 2765 in
906 2738 1059 2773 proximum

271 2782 405 2818 possidet,
417 2791 507 2811 rerum
520 2783 676 2812 divinarum
696 2788 725 2812 et
745 2784 926 2811 humanarum
944 2784 1062 2812 scientia

271 2829 433 2864 requiescit:
467 2829 512 2856 cui
538 2829 631 2857 obedit
645 2829 673 2856 in
703 2829 832 2857 omnibus
856 2833 884 2858 el.
903 2829 1061 2864 neutiquam

271 2874 429 2910 opponitur,
442 2878 514 2902 amat
533 2875 606 2902 enim
625 2873 721 2909 Deum,
737 2875 815 2910 cujus
830 2883 966 2903 sutnmam
984 2875 1063 2902 boni-

274 2927 356 2950 tatem
370 2922 493 2959 agnoscit
510 2927 535 2950 et
549 2922 773 2957 onmipolcntiaun
789 2930 797 2957 ς
815 2922 939 2950 homines
954 2929 1062 2958 quoque

1110 2334 1156 2361 χοὶ
1169 2335 1327 2368 γεγόνασιν.

1151 2398 1183 2425 '0
1200 2396 1234 2424 δὲ
1251 2397 1402 2431 πεποιθὼς
1426 2396 1476 2424 ἐπὶ
1496 2397 1615 2432 Κύριον,
1635 2396 1674 2432 τῇ
1693 2396 1803 2424 ἑαυτοῦ
1821 2396 1907 2424 ε’(ιίό⁴

1109 2451 1175 2478 τητι
1192 2443 1318 2477 δίκαιος.
1340 2443 1370 2470 '0
1396 2443 1418 2469 δ’
1440 2443 1488 2470 ἐπὶ
1511 2442 1558 2470 τὸν
1583 2443 1630 2470 τοῦ
1651 2443 1752 2475 παντὸς
1766 2443 1907 2477 Δεσπότην

1112 2491 1204 2521 πάσας
1217 2488 1387 2525 ἀναθέμενος
1403 2489 1453 2521 τὰς
1471 2489 1596 2521 ἐλπίδας,
1612 2489 1731 2525 ὑπάρχει
1744 2489 1859 2521 δίκαιος,
1871 2491 1906 2523 τῇ

1112 2535 1211 2563 ἑαυτοῦ
1236 2536 1304 2571 πρὸς
1322 2536 1424 2571 Κύριον
1440 2535 1602 2571 τελειότητι,
1621 2535 1669 2562 καὶ
1685 2535 1735 2562 οὐκ
1753 2535 1908 2571 ἀλλοτρίοις

1111 2582 1203 2618 ἔργοις
1222 2583 1269 2609 καὶ
1285 2581 1511 2618 κατορθώμασιν
1530 2582 1561 2615 ἐξ
1577 2582 1652 2610 ἰδίων
1666 2582 1721 2618 γὰρ
1739 2581 1908 2618 πσνημςὶτων

1110 2627 1195 2664 τιμᾷν
1211 2628 1257 2655 τὸν
1271 2627 1373 2663 Κύριον
1389 2627 1591 2664 ἀπαιτούμεθα.

1147 2691 1198 2726 λγ’.
1222 2692 1273 2719 Ἐν
1289 2691 1398 2726 καρδίᾳ
1420 2691 1519 2726 ἀγαθῇ
1536 2691 1723 2719 ἀναπαύεται
1733 2691 1839 2727 σοφία.
1860 2692 1908 2719 Ἐν

1111 2737 1184 2774 ψυχῇ
1201 2737 1359 2773 κεκτημένῃ
1376 2736 1426 2772 τὴν
1443 2737 1482 2768 εἰς
1500 2736 1567 2764 Θεὸν
1585 2737 1633 2764 καὶ
1649 2737 1698 2773 τὴν
1713 2737 1826 2773 πλησίον
1837 2737 1906 2772 ἀγάε

1113 2793 1179 2820 ’πη-ι,
1195 2785 1212 2820 ἡ
1226 2784 1282 2810 τῶν
1305 2784 1387 2810 θείων
1402 2783 1450 2810 καὶ
1467 2783 1522 2810 τῶν
1539 2783 1720 2819 ἀνθρωπίνων
1734 2784 1908 2819 πραγμάτων

1114 2830 1255 2865 ἐπιστήμη
1284 2829 1509 2857 ὲπαναπαὺεταιο
1539 2829 1625 2865 ταύτῃ
1660 2830 1847 2866 πειθαρχοῦσα
1877 2831 1908 2856 ἑν

1114 2875 1212 2908 ἅπασι,
1230 2875 1277 2902 ua‘t
1300 2875 1363 2910 μηδ*
1376 2874 1504 2902 ὁπωσοῦν
1525 2874 1704 2910 ἀντικειμένη
1716 2883 1724 2890 ·
1741 2875 1837 2910 ἀγαπᾷ
1852 2873 1907 2908 γὰρ

1114 2921 1193 2954 Θεὸν,
1219 2920 1248 2948 τὸ
1275 2920 1430 2956 πανάγαθον
1458 2920 1541 2949 αὑτοῦ
1566 2920 1784 2955 ἰπιγινώσκουσα
1807 2919 1854 2946 καὶ
1878 2919 1908 2946 τὸ
