2072 3161
243 161 306 195 1371

242 268 393 303 telligentia
423 267 542 302 linguam
576 268 610 294 ab
633 267 773 301 precando
801 267 930 298 custodit,
957 266 1036 294 donis

242 316 360 350 Spiritus
386 315 475 342 sancti
499 314 661 348 replebitur,
681 314 761 348 cujus
777 313 979 349 receptaculum
996 313 1037 339 l‘a—

242 367 304 390 ctus
321 366 364 389 cst
380 365 492 397 propter
511 361 611 388 mentis
627 361 784 396 puritatem.

280 471 354 499 Vens
381 472 407 499 5.
425 471 529 499 Stultus
556 472 650 499 irridet
674 472 845 506 disciplinam
859 472 956 505 patris.
985 471 1037 506 Qui

245 519 305 547 sine
319 524 410 546 tuente
427 524 480 551 est,
497 519 609 546 monitis
621 519 745 554 magistri
769 520 810 546 sui
830 519 930 546 illudit.

281 630 334 664 Qui
350 630 478 657 mandata
498 629 625 661 custodit.
643 630 777 657 callidior.
793 629 844 663 Qui
861 630 1037 664 prudentium

248 685 335 709 more,
366 680 500 712 prmrepta
532 677 657 712 magistri
688 677 829 709 observat,
858 681 1036 712 augmentum

247 723 432 758 intelligentia:
447 723 554 757 recipit,
566 723 724 759 quotidiein
741 724 813 751 bono
827 724 983 759 proﬁciens.

281 834 366 863 Vsus.
382 835 409 862 6.
424 834 570 868 Iujustitia
587 840 726 867 crescente,
743 835 874 870 fortitudo
899 835 994 863 multa.
1010 834 1037 862 in

247 881 401 916 spiritualis
426 882 492 916 legis
521 882 648 916 justitia,
681 890 743 916 qua:
774 886 802 909 et
828 883 983 909 naturalem
1012 886 1038 909 et

247 927 377 962 scriptam
386 928 502 954 mttltum
522 932 647 962 superat,
661 932 737 955 tanta
753 933 796 956 est.
821 928 921 955 divina:
945 928 1040 963 gratia:

248 973 312 1008 (qua
329 973 392 1007 quis
403 973 530 1008 dignatus
542 973 635 1009 fuerit)
652 974 782 1009 potentia,
796 977 826 1001 ut
839 982 891 1000 uou
906 974 980 1001 solas
991 981 1039 1000 na-

247 1022 316 1044 turte
335 1019 490 1052 passiones,
504 1017 554 1045 sed
579 1018 666 1052 ipsam
690 1025 800 1053 qttoqtte
826 1021 953 1044 naturam
978 1017 1039 1044 vin-

247 1066 304 1090 cat.

284 1125 365 1160 Impt'i
379 1126 508 1153 radicitus
522 1126 555 1153 de
569 1131 640 1153 terra
663 1126 795 1161 peribunt.
814 1126 866 1158 Qtti
884 1126 968 1153 Deum
993 1133 1041 1161 per

250 1180 335 1207 opera
354 1180 409 1200 non
434 1173 582 1204 honorant,
606 1177 694 1200 morte
708 1173 742 1200 de
762 1177 835 1200 terra
851 1173 1040 1205 destruantur,

249 1226 312 1245 cum
330 1218 387 1251 illo,
404 1219 437 1246 ad
456 1223 565 1246 terrena
586 1224 721 1255 respectu,
734 1220 786 1248 sub
804 1227 859 1254 qtto
877 1220 975 1247 animat
985 1227 1042 1247 suae

249 1266 378 1300 perituris
391 1266 473 1293 rebus
490 1266 525 1293 ita
541 1270 604 1293 sunt
619 1266 715 1300 allixze,
733 1271 762 1294 ut
783 1267 855 1294 inter
871 1267 1042 1302 incorrupti-

250 1310 315 1338 bilia
331 1311 420 1338 nolint
436 1311 593 1340 transferri.

282 1422 410 1449 Domibus
434 1422 571 1456 iustorum
597 1421 729 1457 fortitudo
758 1422 854 1451 multa.
871 1422 1042 1458 Corporibus

248 1476 356 1502 eorum,
374 1469 420 1504 qui
433 1469 526 1496 divina
542 1469 670 1497 mandata
698 1469 858 1497 custodiunt
874 1469 938 1506 (ipsi
967 1469 1041 1497 enim

250 1515 278 1542 itt
294 1515 337 1542 Itis
362 1514 526 1550 corporibus
548 1515 582 1542 ad
603 1519 718 1542 mortem
738 1523 835 1550 usque,
860 1520 990 1551 tanquam
1014 1516 1041 1543 in

250 1561 389 1594 domibus,
405 1562 592 1596 permanent),
607 1565 683 1589 tattta
701 1562 772 1589 inest
790 1562 877 1589 virttts
899 1570 948 1598 per
971 1561 1042 1590 divi-

250 1615 312 1635 nam
333 1609 460 1642 gratiam,
476 1613 506 1636 ttt
536 1609 659 1637 obtectas
689 1609 716 1636 itt
740 1616 770 1637 se
800 1609 954 1644 passiones,
977 1613 1041 1636 actu

250 1654 416 1682 ntortiliceut
431 1659 458 1682 et
470 1655 585 1683 virtutes
601 1655 747 1683 extollant.

287 1716 403 1744 Fructus
419 1717 562 1752 impiorum
578 1717 711 1751 peribunt.
728 1717 815 1753 Opera
832 1726 939 1751 eorum,
950 1718 1041 1754 -—qui

251 1761 347 1795 Deum,
367 1771 415 1796 per
430 1764 513 1790 vitam
535 1764 634 1791 virtute
662 1764 809 1799 integram,
824 1773 876 1791 non
893 1764 1041 1796 honorant,

250 1822 286 1829 --
300 1807 333 1835 ad
350 1808 464 1835 nihilum
488 1809 613 1840 abibunt,
632 1809 744 1844 perinde
765 1815 797 1837 ac
813 1810 898 1837 relate
924 1810 957 1837 ad
984 1811 1043 1838 sola

251 1855 442 1889 corruptibiiia
460 1859 553 1883 essent
567 1855 677 1883 eﬂ'ecta.

289 1919 371 1947 Vens.
384 1919 408 1947 7.
424 1919 504 1947 Lubia
521 1921 681 1953 sapientium
696 1921 786 1948 sensui
799 1921 960 1956 alligantur.
977 1921 1044 1949 Ver-

251 1965 286 1992 ba
317 1966 483 2000 sapit-utinm
505 1966 647 2000 judicantli
665 1967 794 1994 facultate
819 1972 1042 1996 connectuntur:

252 2011 298 2038 ubi
315 2017 432 2046 oportet,
451 2015 478 2040 et
494 2013 605 2047 quando
628 2018 657 2040 cl.
675 2015 814 2048 quomodo
841 2018 960 2050 oportet,
978 2023 1044 2050 pro-

252 2056 389 2084 feruntur.

289 2120 342 2147 Cor
355 2122 499 2148 amentium
516 2131 567 2150 non
591 2127 630 2150 est
644 2131 774 2151 securum.
793 2125 890 2152 Anima
907 2125 1044 2161 insipien-

253 2167 332 2199 tium,
350 2167 376 2194 in
406 2168 506 2196 timore
523 2169 630 2196 Domini
658 2177 710 2197 non
742 2171 899 2198 custoditur
914 2171 949 2199 ab
976 2172 1043 2205 illis,

254 2220 316 2248 qua).
330 2217 427 2240 contra
444 2215 579 2242 rationem
599 2221 674 2247 sunt,
687 2215 812 2250 iudiciis.

292 2274 411 2302 Vsus.8.
428 2275 570 2310 Sacri/iria
586 2277 726 2311 impiorum
742 2277 905 2306 abontiuatio
922 2279 1043 2307 Domino.

253 2321 367 2353 Altiicit,
384 2329 475 2348 rerum
492 2322 612 2349 omnium
632 2323 775 2356 Dominus,
791 2325 862 2352 dona
884 2325 934 2359 ipsi
954 2325 1045 2352 oblata

254 2368 289 2395 ab
315 2367 485 2399 hominibus,
501 2369 547 2402 qui
571 2369 647 2402 pritts
665 2376 728 2396 cum
750 2370 875 2405 patribus
906 2378 959 2398 non
981 2375 1046 2398 suttt

256 2414 425 2442 reconciliati
438 2418 465 2442 et
477 2422 525 2449 per
544 2414 708 2442 cltaritatcm
725 2416 752 2442 in
770 2424 819 2444 eos
843 2418 916 2452 (quia:
932 2421 972 2444 est
988 2418 1047 2451 plc-

257 2460 352 2488 nitudo
378 2461 445 2497 legis
471 2467 496 2488 et
512 2461 738 2497 prophetarum),
759 2464 962 2492 venerationem
995 2464 1046 2499 ipsi

256 2515 310 2535 non
327 2508 493 2536 tribuerunt.

295 2562 400 2594 Preces,
411 2567 478 2590 recte
490 2563 678 2598 incedentium,
692 2569 804 2599 acceptis
825 2565 896 2598 apud
911 2573 981 2592 eum.
995 2564 1047 2591 De-

258 2610 431 2645 precationes
445 2617 540 2637 eorum
554 2611 678 2644 exaudit,
694 2612 742 2647 qui
755 2613 839 2639 vitam
852 2620 931 2639 suam
949 2619 1048 2639 sccun-

258 2656 322 2684 duut
341 2657 435 2684 divina
452 2658 580 2685 mandata
597 2659 731 2694 dirigunt.

295 2709 377 2738 Vens.
395 2711 421 2738 9.
437 2711 608 2739 Abominatio
628 2712 750 2745 Domino,
764 2715 811 2741 via:
827 2715 924 2749 impiae.
941 2714 1050 2743 Odiosa:

259 2762 324 2783 sunt
340 2765 432 2784 rerum
452 2762 617 2785 cunctarum
635 2759 764 2792 Domino,
785 2765 915 2796 tanquam
932 2762 1049 2789 manda-

261 2802 295 2830 tis
306 2803 366 2837 ejus
383 2804 525 2839 oppositas,
541 2811 638 2831 omnes
653 2805 704 2832 illa:
717 2804 751 2831 ad
768 2806 849 2833 vitam
871 2807 1049 2841 pertinentes,

261 2850 540 2882 imlustriseJtoutiuis
559 2850 704 2885 istius,qui
723 2851 804 2879 Deum
823 2859 869 2887 per
887 2851 956 2880 bona
967 2860 1050 2887 opera

261 2903 315 2924 ttou
336 2896 461 2924 honorat.

908 161 1084 192 I‘ROCOPII
1106 162 1226 194 GAZJEI

277 223 331 255 Qui
344 221 458 249 custodit
473 229 542 251 eam,
557 220 701 254 replebitur
719 220 826 255 spiritu.
842 219 893 253 Qui
913 227 976 247 cuut
991 221 1031 246 itt-
1048 221 1069 249 A

1813 164 1880 196 I372

1126 220 1157 247 '0
1172 221 1206 248 δὲ
1219 221 1380 257 συντηρῶν
1393 222 1502 258 αὐτὴν,
1516 223 1728 258 πλησθήσεται
1743 223 1879 258 Πνεῦμα-

1088 275 1149 299 τος.
1163 267 1248 298 Αὐτὸς
1263 267 1292 294 δὲ
1303 269 1317 294 ὁ
1333 268 1475 302 φυλάττων
1497 269 1546 295 σὺν
1562 270 1594 305 τῇ
1607 269 1712 305 διανοίᾳ
1730 269 1779 305 τὴν
1794 269 1880 304 γλῶτ-

1087 322 1136 339 ταν
1151 313 1198 340 τοῦ
1213 315 1251 349 μὴ
1265 315 1445 350 ἁμαρτάνειν,
1460 315 1514 342 τῶν
1534 315 1581 342 τοῦ
1603 316 1737 350 παναγίου
1754 316 1880 351 Πνεὺμα-

1087 367 1132 390 τος
1153 358 1342 394 πλησθήσεται
1364 361 1558 395 χαρισμάτων,
1580 361 1684 396 δοχεῖον
1707 361 1881 397 χρηματίσας

1088 404 1171 431 αὐτοῦ
1186 405 1232 431 διὰ
1245 405 1303 436 νοὸς
1319 407 1504 442 καθαρότητα.

1124 473 1155 496 ε’.
1181 470 1302 504 ’Ἄφρων
1326 471 1498 506 μυκτηρίζει
1529 472 1667 499 παιδείαν
1697 473 1820 507 πατρός.
1848 473 1880 499 ὐ

1089 515 1202 550 ἀνόητος
1228 517 1359 552 ἐμπαίζει
1383 519 1416 553 τῇ
1441 517 1488 545 τοῦ
1516 520 1616 546 οἰκείου
1633 519 1794 546 διδασκάλου
1818 528 1880 545 νου-

1089 561 1177 589 θεσία.

1132 627 1158 654 Ὁ
1177 627 1212 654 δὲ
1231 628 1402 662 φυλάσσων
1423 628 1561 662 ἐντολὰς,
1582 631 1830 664 πανουργότερος.
1848 630 1881 655 Ὀ

1089 673 1118 701 δὲ
1142 673 1177 700 τὰ
1201 673 1308 707 τούτου,
1325 674 1364 705 ὡς
1376 675 1519 710 φρόνιμος,
1543 674 1629 702 ποιῶν
1650 676 1879 711 παραγγέλματα,

1091 720 1252 756 προσθήκην
1272 721 1431 755 φρονήσεως
1447 720 1566 756 δέχεται,
1587 722 1628 753 εἱς
1643 721 1674 748 τὺ
1692 721 1795 756 ἀγαθὸν
1815 722 1882 756 ὁση-

1091 767 1174 803 μέραι
1190 766 1336 799 ἐπιδιδούς.

1127 835 1164 865 ς’.
1180 833 1231 859 Ἐν
1242 830 1450 866 πλεοναζούσῃ
1466 831 1645 866 δικαιοσύνῃ
1660 831 1752 866 ἰσχὺς
1768 831 1884 865 πολλή.

1097 879 1141 905 Ἐν
1151 880 1184 913 τῇ
1201 878 1248 905 τοῦ
1264 877 1451 913 πνευματικοῦ
1468 878 1551 914 νόμου
1563 878 1731 915 δικαιοσύνῃ,
1743 880 1775 913 τῇ
1794 879 1883 913 ὑπερ-

1091 925 1228 961 ϐαλλούσῃ
1240 925 1288 961 τὴν
1303 925 1350 952 τοῦ
1371 925 1487 960 φυσικοῦ
1498 934 1528 951 τε
1548 925 1595 952 καὶ
1607 925 1655 952 τοῦ
1667 924 1802 960 γραπτοῢ,
1819 934 1883 952 τοσ-

1090 971 1159 1006 αύτη
1177 972 1253 1006 παρὰ
1267 971 1318 1004 τῆς
1339 971 1414 1003 θείας
1440 972 1551 1007 χάριτος
1567 971 1606 1006 τῷ
1624 971 1727 1006 ταύτης
1742 971 1885 1003 ἀξιωθέντι

1089 1018 1215 1053 δύναμις,
1236 1017 1307 1044 ὥστε
1326 1018 1363 1053 μὴ
1381 1017 1460 1052 μόνον
1479 1018 1512 1044 τὰ
1525 1017 1601 1053 παρὰ
1623 1017 1703 1052 φύσιν
1716 1017 1802 1053 πάθη,
1817 1017 1887 1044 ἀλλὰ

1090 1065 1138 1092 καὶ
1155 1064 1240 1100 αὐτὴν
1257 1065 1306 1099 τὴν
1328 1064 1409 1099 φύσιν
1424 1065 1514 1100 νικᾷν.

1129 1130 1160 1155 Ol
1172 1129 1207 1156 δὲ
1225 1128 1345 1162 ἀσεϐεῖς
1372 1127 1515 1163 ὐλόρῤίᾶπ
1527 1128 1561 1155 ἐκ
1573 1128 1630 1163 γῆς
1645 1129 1797 1156 ὀλοῦνται.
1814 1130 1846 1155 Οἱ
1857 1129 1887 1155 δὲ

1093 1173 1131 1209 μὴ
1153 1174 1186 1200 δι’
1200 1174 1382 1210 ἀγαθοεργίας
1402 1174 1535 1208 τιμῶντες
1551 1174 1628 1205 Θεὸν,
1645 1174 1884 1209 ἐξολοθρευθήςον-

1091 1229 1136 1247 ται
1151 1220 1189 1255 τῷ
1205 1220 1312 1254 θανάτῳ
1329 1221 1361 1246 ἐκ
1377 1220 1427 1255 τῆς
1444 1221 1505 1255 γῆς,
1525 1220 1592 1255 μετὰ
1609 1221 1658 1256 τῆς
1674 1222 1738 1256 περὶ
1755 1221 1788 1247 τὰ
1803 1222 1887 1255 γήϊνα

1093 1267 1212 1302 σχέσεως
1225 1275 1232 1283 η
1247 1267 1307 1293 καθ’
1324 1267 1357 1302 ἣν
1370 1267 1398 1294 αἱ
1415 1267 1517 1293 τούτων
1533 1267 1627 1301 ψυχαὶ,
1648 1268 1712 1302 περὶ
1725 1267 1760 1293 τὰ
1777 1266 1888 1301 φθαρτὰ

1092 1313 1287 1348 παγιωθεῖσαι,
1308 1313 1376 1350 πρὸς
1393 1312 1427 1340 τὰ
1450 1313 1578 1349 ἄφθαρτα
1596 1313 1832 1349 μεταφυτευθῆναι
1853 1313 1886 1339 οὐ

1093 1359 1245 1394 βούλονται.

1125 1424 1225 1458 Οῑκοις
1241 1423 1365 1451 δικαίων
1385 1422 1471 1457 ἰσχὺς
1495 1422 1607 1455 πολλή.
1629 1423 1673 1450 Ἑν
1689 1423 1745 1454 τοῖς
1765 1422 1819 1449 τῶν
1836 1421 1888 1454 τὰς

1093 1470 1166 1502 θείας
1190 1469 1300 1501 ἐντολὰς
1317 1468 1510 1505 ἐργαζομένων
1530 1468 1665 1504 σώμασιν,
1679 1466 1720 1500 οἷς
1736 1466 1821 1502 οὗτοι,
1839 1467 1888 1496 οἷά

1092 1525 1164 1543 τισιν
1172 1516 1268 1547 οἴκοις,
1283 1516 1365 1551 μέχρι
1373 1515 1490 1542 θανάτου
1502 1515 1702 1550 παραμένουσι,
1714 1515 1798 1550 πολλῆ
1811 1515 1888 1550 παρὰ

1057 1577 1079 1606 c
1095 1562 1144 1597 τῆς
1160 1560 1236 1593 θείας
1253 1561 1365 1596 χάριτος
1379 1560 1495 1595 δύναμις
1505 1568 1511 1574 ·
1524 1559 1594 1586 ὥστε
1606 1560 1640 1586 τὰ
1651 1561 1681 1586 ἐν
1691 1560 1784 1591 αὐτοῖς
1799 1561 1890 1595 ἐμφω-

1096 1608 1209 1635 λεύοντα
1241 1606 1315 1642 παθη
1342 1606 1413 1633 κατὰ
1436 1606 1536 1642 πρᾶξιν
1557 1606 1737 1642 ἀπονεκροῦν,
1761 1606 1809 1633 καὶ
1837 1607 1887 1638 τὰς

1093 1654 1194 1690 ἀρετὰς
1212 1653 1338 1689 ὑφιστᾷν.

1130 1716 1242 1751 Καρποί
1259 1716 1293 1743 δὲ
1308 1716 1427 1743 ἀσεϐῶν
1437 1715 1632 1743 ἀπολοῦνται.
1651 1716 1692 1743 Τὰ
1706 1715 1735 1742 δὲ
1749 1715 1816 1751 ἔργα
1832 1715 1888 1742 τῶν

1095 1763 1133 1799 μὴ
1147 1764 1180 1790 δι’
1194 1763 1323 1798 ἐναρέτου
1337 1762 1395 1797 βίου
1409 1761 1552 1797 τιμώντων
1576 1762 1642 1789 Θεὸν
1659 1763 1832 1797 χωρήσουσιν
1846 1763 1888 1794 εἰς

1094 1810 1180 1842 οὐδὲν,
1199 1810 1236 1841 ὼς
1250 1809 1314 1845 περὶ
1329 1809 1362 1835 τὰ
1375 1808 1484 1843 φθαρτὰ
1501 1808 1570 1843 μόνα
1584 1808 1799 1843 καταγινόμενα.

1131 1919 1164 1952 ζ’.
1181 1919 1271 1952 Χείλη
1292 1917 1327 1945 δὲ
1341 1918 1446 1953 σοφῶν
1458 1917 1576 1945 δέδεται
1595 1917 1746 1952 αισοήσει.
1763 1918 1794 1945 οἱ
1814 1917 1890 1952 λόγοι

1095 1965 1149 1992 τῶν
1164 1965 1254 1999 σοφῶν
1274 1965 1438 1998 δεσμοῦνται
1470 1966 1503 2000 τῇ
1528 1964 1677 1999 διακρίσει,
1692 1965 1758 1991 ὅπου
1779 1965 1829 1997 δεῖ,
1844 1965 1891 1991 καὶ

1096 2012 1152 2044 ὅτε,
1167 2011 1216 2038 καὶ
1229 2011 1267 2043 ὡς
1281 2010 1320 2037 δεῖ
1335 2011 1548 2047 προφερόμενοι.

1131 2122 1244 2157 Καρδῖα
1260 2122 1294 2149 δὲ
1310 2122 1459 2156 ἀφρόνων,
1476 2121 1532 2148 οὐκ
1543 2121 1698 2155 ἀσφαλής.
1722 2120 1756 2147 Ἣ
1773 2120 1846 2156 ψυχὴ
1862 2121 1892 2148 δε

1096 2169 1150 2196 τῶν
1165 2169 1286 2203 ἀνοήτων
1307 2168 1337 2194 οὺ
1358 2167 1530 2202 πεφύλακται
1545 2168 1575 2194 ὲν
1590 2167 1656 2203 θείῳ
1669 2168 1754 2202 φόϐῳ,
1770 2167 1825 2194 ἀπὸ
1837 2167 1893 2194 τῶν

1097 2214 1261 2250 παραλόγων
1275 2214 1486 2250 ἐνθυμημάτων.

1133 2281 1167 2313 ηθ.
1186 2278 1293 2305 Θυσίαι
1306 2277 1434 2309 ἀσεϐῶν,
1444 2277 1602 2312 ,βδέλυγμα
1612 2278 1720 2312 Κυρίῳ.
1743 2277 1893 2313 Ἀποστρέ-

1098 2333 1177 2359 φεται
1195 2325 1208 2350 ὁ
1222 2324 1276 2350 τῶν
1295 2323 1363 2350 ὅλων
1382 2323 1521 2357 Δεσπότης
1538 2324 1573 2350 τὰ
1597 2324 1792 2358 προσαγόμεναι
1815 2325 1893 2359 αὐτῷ

1097 2369 1171 2405 δῶρα
1190 2369 1266 2406 παρὰ
1280 2369 1335 2395 τῶν
1359 2369 1397 2404 μὴ
1420 2369 1553 2404 πρότερον
1580 2369 1817 2404 διαλλαττομένων
1834 2373 1894 2401 τοῖς

1097 2416 1234 2451 ἀδελφοῖς,
1251 2416 1297 2442 καὶ
1312 2415 1357 2441 διὰ
1372 2415 1423 2450 τῆς
1442 2416 1482 2446 είς
1497 2416 1597 2447 αὐτοὺς
1610 2416 1721 2451 ἀγάπης
1736 2416 1807 2452 (ἥτις
1832 2417 1894 2443 ἐστὶ

1098 2463 1236 2499 πλήρωμα
1248 2463 1329 2497 νόμου
1345 2462 1391 2488 καὶ
1409 2461 1567 2497 προφητῶν)
1584 2463 1613 2488 τὸ
1643 2462 1725 2494 σέϐας
1738 2463 1894 2498 ἁπονεμὸν-

1098 2517 1151 2535 των
1171 2508 1255 2544 αὐτῷ.

1133 2565 1230 2599 Εὑχαὶ
1251 2563 1285 2591 δὲ
1312 2564 1559 2592 κατευθυνόντων
1587 2563 1686 2590 δεκταί
1713 2564 1782 2598 παρ’
1800 2564 1894 2598 αὐτῷ.

1099 2611 1282 2646 Προσδὲχεται
1296 2610 1324 2637 δὲ
1335 2610 1384 2642 τὰς
1398 2609 1533 2642 ἐντεύξεις
1548 2609 1602 2636 τῶν
1614 2610 1684 2636 κατὰ
1696 2610 1746 2642 τὰς
1759 2610 1835 2642 θείας
1848 2612 1896 2637 αὑ-

1099 2656 1146 2684 τοῦ
1164 2657 1274 2688 ἐντολὰς
1289 2655 1508 2684 κατευθυνόντων
1522 2656 1572 2691 τὴν
1589 2655 1693 2682 ἑαυτῶν
1710 2656 1812 2691 βιοτὴν.

1136 2711 1168 2737 θ’.
1186 2711 1345 2745 Βδέλυγμα
1356 2711 1461 2745 Κυρίῳ,
1479 2710 1541 2738 ὁδοὶ
1556 2710 1696 2743 ἀσεϐοῦς.
1713 2711 1824 2745 Miami
1841 2712 1896 2738 εἰει

1101 2757 1139 2792 τῷ
1161 2757 1209 2783 τοῦ
1228 2756 1328 2787 παντὸς
1350 2756 1484 2792 Δεσπότῃ,
1507 2756 1545 2788 ὠς
1570 2757 1637 2792 παρ’
1661 2756 1771 2791 ἐντολὴν
1796 2757 1896 2783 τούτου

1101 2803 1270 2838 ὑπάρχοντα,
1293 2802 1328 2830 τὰ
1343 2803 1416 2830 κατὰ
1438 2802 1494 2838 βίον
1514 2803 1720 2839 ἐπιτηδεύματα
1744 2802 1789 2830 τοῦ
1808 2804 1846 2838 μὴ
1862 2804 1896 2830 δι’

1102 2850 1212 2884 ἀγαθῶν
1227 2849 1316 2886 ἔργων
1331 2849 1465 2886 τιμῶντος
1478 2849 1571 2877 αὐτόν.
