2072 3161
193 206 260 236 i373

714 204 982 234 COMMENTARH
1002 204 1039 234 [Ν
1062 204 1291 236 PROVERBIA.

1753 197 1822 231 137i

225 259 389 291 Διώκοντας
400 258 433 285 δὲ
442 258 642 291 δικαιοσύνην
664 257 775 292 ἀγαπᾷ.
785 258 854 289 Τοὺς
870 258 897 284 δὲ
913 258 977 293 πρὸς

1070 258 1260 294 Ρενδειμιρηιεε
1272 259 1412 293 justitiam
1428 262 1511 285 amat.
1529 257 1604 290 Illos,
1620 255 1666 290 qui
1685 255 1717 282 ad
1736 255 1820 282 vitam

189 305 234 330 τὸν
254 304 364 339 θεοφιλῆ
379 304 435 338 βίον
451 303 626 335 σπεύδοντας,
644 303 682 336 ὡς
695 303 754 330 κατ’
766 304 875 339 ἐντολὴν
893 303 976 330 αὑτοῦ

189 349 424 384 πολιτευομένους,
443 348 608 380 ἀσπάζεται.

225 423 251 448 ι’.
265 421 388 448 Παιδεία
411 421 526 448 ἀκάκου
540 420 706 455 ’γνωρίζεται
718 420 776 447 ὑπὸ
794 420 853 446 τῶν
868 420 977 454 παρόν-

188 475 256 494 των.
279 467 310 493 'H
325 466 372 493 τοῦ
389 466 573 502 ἀπλουστὲρου
589 467 636 493 καὶ
653 466 751 497 κακίας
765 465 976 500 ἀπηλλαγμένου

189 511 325 543 νουθεσία,
339 512 519 543 ἀνυπόστολος
531 510 598 538 οὖσα
610 515 656 538 καὶ
670 511 783 546 φοϐερὰ.
798 511 977 546 καταλαμϐά-

189 565 263 582 νεται
279 557 324 583 καὶ
346 557 419 592 παρὰ
432 557 486 583 τῶν
502 556 538 588 ὡς
552 558 581 583 ὲν
593 557 702 592 παρόδῳ
717 556 820 592 ταύτης
834 556 978 592 ἀκροωμέ-

189 610 253 628 νων.

222 665 254 691 Ol
263 664 297 691 δὲ
306 664 469 699 μισοῦντες
478 664 633 699 ἐλέγχους,
643 663 825 692 τελευτῶσιν
831 666 975 699 αἰσχρῶς.

190 710 221 736 Ol
239 710 267 736 δὲ
286 711 348 742 τοὺς
362 710 488 736 ἐντεῦθεν
503 711 636 745 φανεροὺς
655 710 709 737 τῶν
731 711 838 737 οἰκείων
853 712 978 746 ἁμαρτη-

192 755 283 790 μάτων
295 755 423 790 ἐλέγχους
437 756 685 791 ἀποστρεφόμενοι,
702 758 734 791 τῇ
748 756 875 792 αἰσχίστῃ
887 757 977 783 αὐτῶν

191 802 275 836 κακίᾳ
291 801 549 837 ἐναποθνήσκουσιν,
568 802 694 837 μένοντες
710 802 754 828 διὰ
772 803 872 835 παντὸς
886 803 977 838 ἀδιόρ-

190 848 282 875 θωτοι.

225 910 269 937 ια’.
288 911 381 946 ’ᾍδης
406 911 455 938 καὶ
477 910 621 943 ἀπώλεια,
639 911 754 945 φανερὰ
771 911 851 946 παρὰ
863 911 959 945 Κυρίῳ
973 920 980 926 ·

188 955 250 988 πῶς
274 956 341 990 οὐχι
365 956 414 983 καὶ
441 957 470 983 αι
493 955 613 989 καρδίαι
640 955 700 982 τῶν
718 956 899 989 ἀνθρώπων;
926 956 981 982 Καὶ

190 1003 278 1029 πάντα
295 1003 328 1029 τὰ
344 1004 411 1037 ἡμῖν
434 1002 614 1037 ἀγνοούμενα,
630 999 686 1028 οἷον
701 1002 716 1028 ὁ
737 1002 842 1036 ἀφανὴς
855 1001 936 1033 τόπος
951 1002 980 1027 ὲν

188 1045 210 1082 ᾦ
226 1048 294 1082 μετά
309 1048 442 1080 διάζευξιν
460 1048 509 1083 τὴν
533 1049 587 1074 ἀπὸ
603 1048 658 1074 τῶν
684 1048 817 1082 σωμάτων
837 1048 978 1081 διάγουσιν

188 1094 217 1120 αἱ
233 1094 318 1128 ψυχαὶ
333 1094 386 1128 προ
401 1095 451 1129 τῆς
473 1095 648 1126 ἀναστάσεως
665 1095 713 1129 (Ξ),
730 1095 776 1120 καὶ
799 1094 868 1128 αὑτὴ
885 1095 901 1129 ἡ
926 1093 980 1120 ἀπὸ

189 1138 257 1165 Θεοῦ
280 1139 416 1170 ἔκπτωσις
445 1140 478 1174 ἢν
508 1140 532 1165 οὶ
564 1139 721 1174 ἁμαρτωλοὶ
749 1139 978 1174 κατακρίνονται.

188 1184 314 1220 γνώριμα
336 1185 411 1221 παρὰ
425 1185 463 1220 τῷ
481 1185 535 1212 τῶν
549 1186 617 1212 ὅλων
634 1186 757 1221 Δεσπὸτῃ
771 1186 824 1211 εἰσί
836 1194 842 1201 -
858 1186 905 1212 καὶ
921 1186 980 1216 πῶς

187 1230 238 1257 οὐκ
265 1231 408 1257 ἐπίσταται
435 1231 482 1258 καὶ
512 1232 575 1263 τοὺς
600 1232 653 1258 τῶν
679 1231 797 1267 καρδιῶν
821 1231 898 1266 ἡμῶν
922 1231 980 1258 δια-

187 1275 352 1311 λογισμούς;
377 1276 541 1311 Φοῦηῦῶμεν
568 1275 615 1303 οὖν
634 1275 688 1302 ἀπὸ
710 1276 855 1312 προσώπου
884 1277 978 1307 αὑτοῦ,

188 1320 212 1346 οἱ
242 1321 276 1347 τὰ
302 1321 407 1356 πονηρά
430 1321 655 1357 διαλογιζόμενοι,
684 1321 722 1353 ὡς
748 1321 899 1357 ἐφορῶντος
932 1321 980 1349 καὶ

188 1372 286 1392 ταυτα.

225 1427 268 1462 ιβ’.
280 1429 340 1455 Οὐκ
354 1429 504 1464 ἀγαπήσει
515 1430 698 1463 ἀπαίδευτος
713 1430 785 1464 τοὺς
797 1430 980 1466 ἐλέγχοντας

194 1474 296 1502 αὐτόν.
314 1475 372 1502 Οὐκ
391 1475 543 1503 ἀσπάσεται
565 1477 580 1503 ό
604 1477 727 1512 ἀμύητος
742 1476 788 1503 τοῦ
812 1477 895 1503 καλοῦ
916 1477 979 1508 τοὺς

1031 303 1086 330 Deo
1103 309 1206 340 gratam
1229 305 1368 337 festinam,
1391 305 1470 340 quasi
1490 304 1570 339 juxta
1605 302 1732 329 mandata
1759 301 1820 336 ejus

1031 354 1238 382 conversantes.
1251 349 1351 384 diligit.

1067 418 1149 446 Vnus.
1158 419 1201 446 10.
1216 419 1362 453 Disciplina
1372 419 1527 451 innocentis,
1541 417 1711 454 cognoscitur
1722 425 1738 443 a
1749 424 1820 451 prce-

1030 465 1157 492 sentilrus.
1175 465 1358 500 Simplicioris
1382 470 1408 492 et
1432 473 1445 491 a
1465 465 1568 492 malitia
1601 464 1682 491 soluti
1705 462 1820 492 monita,

1029 517 1091 536 cum
1119 511 1300 538 inverecunda
1328 512 1382 538 sint
1403 515 1430 538 et
1459 510 1597 542 timenda,
1621 508 1814 544 suscipiuntur

1030 556 1111 583 etiam
1124 557 1157 584 ab
1169 557 1248 592 ipsis,
1267 557 1314 591 qui
1331 558 1502 585 transeundo
1514 557 1560 584 illa
1575 557 1739 584 audiverint.

1066 664 1119 698 Qui
1126 665 1316 700 increpatione:
1326 665 1430 696 odium,
1439 664 1612 699 ignominiosa
1624 665 1704 691 vitam
1713 665 1817 700 ﬁnierit.

1033 710 1085 743 Qui
1109 710 1255 738 evidentes
1272 711 1446 746 propriorum
1461 711 1623 738 delictorum
1647 711 1818 746 reprobatio-

1031 763 1081 782 nes
1095 755 1240 789 abjit-iunt,
1259 756 1286 782 in
1314 755 1472 785 turpissima
1499 763 1547 782 sua
1568 756 1745 790 perversitate
1759 762 1816 783 mo-

1032 800 1147 833 rieutur,
1160 801 1225 836 quia
1249 808 1357 832 semper
1371 800 1568 835 indisciplinati
1588 803 1745 828 remanent.

1066 910 1150 938 Vens.
1168 910 1211 938 ll.
1228 910 1351 945 Inferan
1367 915 1392 937 et
1407 909 1520 945 perditio
1538 912 1673 942 perspecta
1685 911 1746 934 sunt
1761 907 1816 935 Do-

1031 957 1101 983 mino
1114 965 1179 986 :cur
1189 966 1239 984 non
1255 958 1388 984 hominum
1399 955 1480 984 corda
1489 957 1501 982 Ζ)
1511 954 1608 982 Omnia
1619 954 1699 981 nobis
1712 954 1814 988 ignota,

1031 1004 1120 1036 qualis
1141 1003 1286 1030 invisibilis
1300 1004 1344 1030 ille
1359 1003 1447 1033 lucus.
1463 1002 1490 1029 in
1503 1009 1557 1036 quo
1570 1004 1631 1035 post
1649 999 1816 1035 disjunctio-

1031 1057 1094 1076 nem
1115 1057 1129 1075 a
1144 1049 1306 1083 corporibus
1322 1052 1348 1075 et
1364 1052 1427 1075 ante
1442 1046 1684 1077 resurrectionem,
1695 1043 1816 1071 habitant

1030 1095 1138 1127 animat,
1158 1095 1211 1121 imo
1226 1099 1253 1122 et
1271 1094 1408 1122 excidium
1425 1101 1439 1120 a
1463 1093 1529 1124 Deo,
1545 1092 1578 1119 ad
1591 1091 1662 1126 quod
1684 1095 1813 1124 peccato-

1031 1149 1073 1167 res
1091 1142 1265 1172 damnantur,
1289 1139 1432 1167 manifesta
1459 1143 1524 1166 sunt
1544 1145 1634 1165 rerum
1650 1140 1815 1163 cunctarum

1033 1185 1148 1212 Domino
1164 1194 1171 1218 ;
1188 1189 1216 1212 et
1243 1185 1380 1220 quomodo
1398 1192 1450 1211 non
1467 1184 1534 1211 ειιὶρι
1552 1183 1734 1217 cogitationes
1748 1188 1813 1207 cor-

1031 1231 1105 1258 dium
1114 1231 1289 1258 nostrorum?
1300 1230 1548 1257 Contremisramus
1558 1236 1622 1263 ergo
1637 1232 1701 1255 ante
1716 1227 1814 1254 faciem

1030 1276 1090 1311 ejus
1109 1277 1155 1312 qui
1170 1277 1239 1303 mala
1258 1276 1424 1311 cogitamus,
1443 1276 1507 1310 quia
1525 1278 1552 1301 et
1566 1274 1624 1301 haec
1640 1272 1782 1308 perspicit.

1066 1431 1206 1459 Vnus.12.
1224 1431 1442 1464 Indisciplinatus
1467 1438 1518 1456 non
1549 1433 1622 1456 amat
1647 1427 1816 1462 corripientes

1030 1478 1126 1512 ipsum.
1142 1477 1193 1510 Qui
1211 1477 1283 1504 bono
1306 1485 1360 1504 non
1376 1480 1419 1504 est
1441 1476 1577 1507 initiatus,
1597 1476 1817 1503 demonstrantes

191 1521 439 1556 φανεροποιοῦντας
451 1521 525 1557 αὐτῷ
537 1521 572 1549 τὰ
582 1522 675 1554 κακῶς
683 1522 904 1558 διαπραττόμενα
913 1523 977 1558 παρ’

1029 1525 1080 1560 ipsi
1093 1532 1154 1560 qua:
1172 1524 1243 1551 male
1270 1523 1416 1559 pert-gerit,
1429 1522 1587 1558 neutiquam
1613 1520 1816 1556 complectitur.

187 1566 280 1594 αὑτοῦ.

224 1630 304 1656 Μετὰ
317 1629 352 1656 δὲ
371 1629 477 1665 σοφῶν
497 1631 554 1664 οὐχ
580 1629 730 1665 ὁμιλήσει.
755 1630 810 1657 Καὶ
833 1630 903 1666 μετὰ
923 1631 979 1658 τῶν

189 1675 391 1708 διασαφούντων
399 1675 472 1710 αὐτῷ
485 1675 515 1701 τὸ
529 1675 610 1702 καλὸν
635 1675 666 1702 οὺ
678 1675 848 1710 συλλαλήσει,
859 1676 897 1708 ὡς
910 1677 978 1711 μήτε

187 1722 237 1756 τὴν
251 1721 296 1748 τοῦ
312 1722 398 1749 κακοῦ
413 1722 513 1758 φυγὴν,
530 1723 600 1759 μήτε
614 1723 664 1759 τὴν
675 1722 722 1750 τοῦ
737 1723 819 1750 καλοῦ
834 1723 978 1759 ἐπιτυχίαν

189 1766 291 1794 ποθῶν.

225 1831 269 1867 ιγ’.
285 1833 416 1866 Καρδίας
426 1833 675 1868 εὐφραινομένης,
687 1834 792 1862 θάλλει
803 1834 976 1868 πρόσωπον.

188 1877 242 1904 Τοῦ
262 1878 333 1905 κατὰ
350 1879 399 1913 τὴν
413 1879 610 1914 κεκρυμμένην
633 1879 753 1906 διάθεσιν
773 1879 824 1914 τῆς
844 1879 945 1914 ψυχῆς,
959 1879 977 1913 ἢ

189 1924 235 1950 ἐπὶ
251 1925 307 1956 τοῖς
320 1924 374 1950 τῶν
388 1926 564 1960 προσκαίρων
578 1925 680 1960 ἡδέσιν,
696 1925 712 1961 ἦ
730 1926 764 1959 τῇ
782 1925 837 1952 τῶν
860 1925 977 1952 αἰωνίων

188 1969 298 2003 ἀγαθῶν
320 1969 406 1996 ἑλπίδι
430 1969 615 2005 ἀγαλλομένου
649 1970 748 2005 φαιδρὰ
774 1970 790 2006 ἡ
826 1970 888 2004 δψις
908 1969 976 1996 καο-

188 2015 353 2051 ἐστηκε,τὴν
365 2015 439 2042 ἔνδον
450 2015 544 2042 τούτου
556 2016 797 2052 χαρακτηρίζουσα
805 2015 974 2050 ἀγαλλίασιν.

229 2076 277 2103 Ἐν
289 2075 323 2102 δὲ
340 2076 451 2108 λύπαις
465 2076 570 2110 οὔσης,
588 2075 802 2110 σκυθρωπάζει.
816 2075 870 2102 Τοῦ
885 2076 907 2103 δ’
927 2073 977 2103 αὗ-

188 2121 231 2153 θις
243 2121 314 2148 κατά
328 2121 359 2148 τὸ
377 2121 509 2156 κρυπτὸν,
526 2121 575 2148 εἴτ’
597 2122 643 2148 ἐπὶ
658 2123 714 2153 τοῖς
730 2122 785 2149 τῶν
799 2123 976 2157 προσκαίρων

187 2168 318 2203 ἀνιαροῖς,
335 2168 390 2194 εἴτε
405 2168 444 2203 τῷ
461 2168 535 2203 φόϐῳ
554 2168 608 2195 τῶν
632 2168 819 2203 ἀτελευτήτων
836 2169 976 2195 κολάσεων

1065 1635 1132 1663 Cum
1143 1635 1304 1670 sapientibus
1323 1643 1467 1662 sermonem
1484 1643 1535 1662 non
1551 1634 1665 1662 habebit.
1679 1634 1747 1661 Cum
1767 1641 1817 1662 ei-

1030 1681 1207 1716 planantibus
1223 1681 1274 1716 ipsi
1284 1681 1397 1714 bonum,
1411 1688 1465 1708 non
1485 1680 1668 1715 colloquetur,
1687 1679 1751 1714 quia
1766 1687 1817 1707 nec

1029 1727 1121 1763 fugere
1136 1735 1150 1754 a
1169 1727 1241 1754 malo
1260 1734 1310 1754 nec
1327 1727 1462 1761 attingere
1473 1726 1507 1753 ad
1536 1726 1648 1758 bonum,
1664 1725 1815 1754 desiderat.

1064 1836 1147 1864 Vens.
1166 1836 1208 1863 l3.
1224 1835 1309 1864 Corde
1321 1835 1437 1865 lwtante,
1451 1833 1567 1869 ﬂorescit
1582 1833 1681 1860 vultus.
1703 1833 1730 1860 Si
1742 1833 1815 1868 quis.

1026 1883 1104 1918 juxta
1128 1881 1266 1909 obtectum
1287 1881 1385 1907 animat
1404 1880 1538 1910 habitum,
1552 1879 1592 1905 vel
1612 1878 1645 1905 de
1660 1877 1818 1913 temporali—

1030 1929 1080 1955 bus
1102 1927 1243 1962 jucuntlis.
1266 1927 1308 1953 vel
1331 1926 1364 1953 de
1380 1926 1477 1952 liducia
1493 1925 1626 1952 bonorum
1652 1927 1817 1950 aeternorum

1029 1971 1192 2006 congaudet.
1206 1970 1365 2005 perlucidus
1378 1970 1438 2003 ejus
1452 1973 1580 2004 aspectus
1600 1969 1736 1996 internum
1750 1974 1817 2002 gau-

1028 2017 1102 2044 dium
1114 2016 1147 2043 ad
1164 2017 1253 2043 vivum
1267 2015 1419 2050 θείω-ἰωὴ..

1062 2079 1094 2106 In
1114 2078 1254 2111 doiorosis,
1274 2078 1456 2106 obnubilatnr.
1474 2077 1591 2108 Rursus,
1609 2076 1631 2104 si
1645 2075 1707 2110 quis
1733 2075 1816 2110 juxta

1027 2128 1129 2152 statum
1161 2132 1240 2152 suum
1270 2123 1475 2154 absconditum,
1500 2122 1541 2150 vel
1563 2124 1596 2150 de
1624 2120 1815 2156 temporalium

1027 2169 1131 2196 odiosis
1143 2169 1183 2196 vel
1197 2169 1230 2196 de
1243 2169 1341 2196 timore
1353 2168 1523 2195 inﬁnitorum
1542 2170 1740 2194 tormentorum
1750 2165 1816 2192 allii-

188 2214 337 2249 ἀνιωμὲνου
364 2214 486 2248 κατηφὲς
502 2214 618 2249 ὑπάρχει
632 2214 662 2240 τδ
678 2215 824 2249 πρόσωπον
837 2234 845 2246 ,
864 2214 914 2249 τὴν
931 2215 976 2240 ὲν-

1029 2220 1132 2247 clatur,
1152 2215 1258 2242 tristem
1275 2215 1357 2242 habet
1369 2213 1485 2245 vultum,
1496 2212 1541 2247 qui
1558 2212 1691 2244 dolorem,
1702 2219 1735 2238 ex
1752 2209 1816 2238 imis

187 2259 358 2295 δομυχοῦσαν
383 2261 416 2296 τῇ
429 2259 502 2295 ψυχῇ
529 2260 613 2287 αὑτοῦ
633 2259 724 2295 λύπην
749 2260 870 2295 προάγον
884 2261 924 2292 είς
945 2260 977 2287 τὸ

188 2304 320 2340 ἐμφανές.

196 2401 198 2403 _
225 2367 264 2396 ιδ’.
279 2367 392 2402 Κιιρδία
407 2366 480 2401 ὀρθὴ
490 2366 571 2401 ζητεῖ
581 2367 737 2401 αἴσθησιν.
760 2368 792 2394 Ἦ
808 2367 876 2403 πρὸς
890 2367 920 2394 τὸ
931 2367 977 2394 εὐ-

188 2413 234 2445 οὲς
250 2413 342 2448 ὁρῶσα
356 2412 439 2447 ψυχὴ,
458 2413 567 2440 σπεύδει
580 2413 630 2448 τὴν
647 2413 695 2440 τοῦ
709 2413 791 2440 καλοῦ
806 2413 853 2439 καὶ
865 2413 911 2440 τοῦ
926 2422 976 2440 κα-

188 2460 236 2486 κοῦ
251 2460 385 2494 διάκρισιν
400 2459 553 2494 κτήσασθαι
566 2480 573 2492 ,
588 2459 631 2486 ἵνα
643 2459 680 2495 μὴ
692 2459 739 2486 τοῦ
754 2459 835 2486 καλοῦ
848 2459 879 2486 τὸ
891 2459 975 2486 κακὸν

188 2507 364 2541 προαιρῆται,
376 2505 458 2531 καλὸν
471 2505 550 2532 τοῦτο
566 2505 724 2540 νομίζουσα.

223 2578 321 2613 Στόμα
344 2577 378 2604 δὲ
393 2578 580 2605 ἀπαιδεύτων
607 2577 686 2612 ζητεῖ
707 2577 794 2605 κακά.
819 2578 860 2605 Τὰ
875 2578 903 2604 δὲ
925 2579 976 2614 ῥή-

189 2632 261 2659 ματα
283 2623 339 2650 τῶν
355 2624 391 2658 μὴ
414 2623 591 2658 διδαχθέντων
613 2625 644 2651 τὸ
672 2625 772 2659 ἀγαθον
793 2624 861 2660 πρὸς
884 2624 976 2660 ἐριδας

189 2670 235 2696 καὶ
255 2671 343 2704 μάχας
359 2669 510 2704 ἐπείγεται.

224 2737 264 2761 ιε’.
280 2733 382 2761 Πάντα
402 2733 454 2760 τὸν⁴
472 2732 583 2767 χρόνον
596 2733 622 2759 οι
635 2731 781 2766 ὀφθαλμοὶ
795 2731 855 2759 τῶν
874 2733 975 2760 κακῶν

1030 2261 1128 2289 anima‘
1143 2261 1308 2293 secessibus,
1325 2261 1352 2287 in
1368 2263 1494 2295 apertum
1508 2257 1647 2294 producit.

1065 2370 1147 2398 Vens.
1166 2370 1210 2398 Η.
1224 2370 1277 2397 Cor
1293 2373 1403 2400 rectum,
1419 2369 1514 2404 qua'rit
1541 2376 1656 2396 sensum.
1678 2367 1744 2400 Qum
1771 2366 1815 2402 ju-

1029 2421 1102 2444 stum
1121 2416 1235 2451 respicit
1255 2415 1357 2447 anima,
1377 2415 1417 2442 ad
1436 2415 1586 2443 discrimen
1615 2415 1688 2442 inter
1708 2414 1810 2441 bonum

1028 2468 1055 2490 et
1073 2463 1172 2489 malum
1200 2461 1396 2496 acquirendum
1426 2466 1565 2496 properat,
1582 2469 1627 2493 ne,
1653 2459 1719 2487 boni
1743 2459 1814 2488 loco.

1028 2509 1129 2536 malum
1149 2509 1284 2545 prml'erat,
1300 2509 1373 2544 quod
1389 2508 1483 2536 forsan
1497 2508 1599 2536 bonum
1614 2509 1734 2542 putaret.

1064 2581 1100 2610 Os
1117 2581 1385 2616 indisciplinatorum,
1396 2581 1490 2614 quierit
1504 2581 1587 2608 mala.
1602 2579 1688 2606 Verba
1708 2586 1814 2609 eorum,

1026 2626 1075 2661 qui
1092 2627 1193 2653 bonum
1224 2633 1279 2653 non
1304 2625 1473 2658 didicerunt,
1503 2626 1538 2654 ad
1562 2624 1764 2660 diSputationes
1787 2627 1815 2652 et

1027 2679 1132 2707 pugnas
1146 2671 1287 2700 festinant.

1065 2735 1146 2763 Vsus.
1161 2735 1204 2763 15.
1222 2735 1300 2763 Omni
1318 2739 1444 2770 tempore,
1458 2735 1528 2762 oculi
1543 2735 1673 2762 malorum
1685 2733 1812 2767 rccipiunt

943 2821 1061 2851 NOT/E.

223 2881 261 2913 (2)
278 2880 402 2916 Procopii
418 2884 498 2908 aetate
512 2881 633 2908 nondum
648 2885 707 2908 erat
724 2880 802 2909 ﬁrme
817 2881 852 2908 ab
875 2881 968 2909 Eccleo

189 2916 238 2946 sim’
246 2916 351 2950 judicio
370 2916 479 2945 dclinita
503 2917 637 2945 sententia
652 2916 686 2944 de
708 2917 852 2945 animabus
882 2916 964 2945 etiam

1023 2887 1086 2909 ante
1103 2889 1249 2917 corporum
1264 2882 1495 2917 resurrectionem
1511 2887 1562 2916 pro
1575 2879 1673 2907 merito
1687 2879 1728 2906 vel
1757 2886 1807 2914 νιν

1018 2916 1125 2945 uiendis
1138 2916 1179 2946 vel
1197 2918 1309 2953 praemio
1338 2916 1499 2945 efﬁciendis.
