2072 3161
278 159 336 193 13ῗὲ

277 263 476 290 Misericordiis
516 263 542 289 in
566 270 701 297 pauperes
730 266 757 290 et
786 263 895 290 ﬁduciis
916 263 944 290 in
975 262 1071 296 Deum,

279 308 358 342 quasi
381 308 406 335 in
425 307 579 341 Factorem,
597 307 767 342 provisorem
784 312 810 334 et
825 307 958 341 judicent,
974 307 1073 335 eluun-

278 360 322 382 tur
340 354 404 382 illia
420 355 491 382 bono
507 359 533 382 et
546 355 659 382 veritate
675 355 827 387 disces5us,
846 355 893 390 qui
923 363 971 390 per
988 354 1070 390 fragi«

279 403 382 430 litatem
403 407 430 429 et
451 402 635 436 ignorantiam
665 401 778 428 admissi
799 401 911 429 fuerint.

317 465 349 494 In
366 466 459 494 timore
476 466 581 493 Domini
594 465 711 493 declinat
726 466 812 494 omnis
833 475 848 493 α
873 466 956 493 malo.
974 465 1072 494 Divino

277 517 306 539 et
321 511 462 539 dominico
479 512 590 545 timore,
605 519 637 539 ex
655 511 707 538 (ide
722 511 901 547 procedente,
919 512 1070 546 nequitiam

278 558 412 593 elTugiunt
427 565 540 589 omnes;
561 565 622 583 nam
639 558 686 592 qui
705 556 795 584 credit
810 557 837 583 in
853 556 1072 587 Domino.casti-

279 604 416 639 gationem
434 604 524 637 timet,
541 610 623 638 quam
641 603 761 630 timendo
775 603 895 631 abstinet
908 610 923 630 a
935 602 1072 637 passioni-

279 651 340 678 bus.

315 713 400 741 Vens.
415 713 461 741 98.
479 713 576 741 ’σοι-ἀει
598 713 736 748 juslorum
759 718 854 740 curant
872 713 904 740 de
926 712 988 747 fide.
1005 712 1071 745 Quae

276 760 355 795 juxta
369 761 443 796 leges
455 761 563 788 divinas
580 765 781 787 conversantur
800 761 898 788 animae
929 760 1071 794 obsequiis

278 807 434 833 divinorum
462 807 656 833 mandatorum
675 806 839 833 incumlmnt
871 814 988 841 semper,
1007 806 1070 841 quia

277 853 429 880 secundum
448 857 566 880 mentem
583 860 700 887 peccare
712 852 821 879 nolunt.

313 963 350 991 Os
369 964 511 997 impiorum
539 962 679 997 responde!
704 961 787 989 mala.
818 961 901 988 Deum
929 968 978 996 per
999 960 1070 988 bona

276 1017 359 1045 opera
379 1017 434 1036 non
465 1009 678 1039 honorantibus.
695 1012 723 1035 et
744 1008 893 1043 ipsummet
919 1008 993 1034 vocis
1022 1014 1070 1033 or-

275 1063 376 1090 ganon,
391 1054 462 1081 mala
475 1062 507 1081 ex
520 1054 690 1081 abundantia
706 1053 797 1080 cordis
816 1053 938 1088 prol'cret
953 1052 1070 1079 interro-

275 1101 366 1136 ganti;
383 1100 448 1135 quid
465 1100 538 1127 enim
557 1099 695 1127 commodi
714 1099 819 1127 diceret
831 1099 913 1126 homo
938 1098 986 1133 qui
1002 1097 1069 1124 nihil

275 1146 342 1174 boni
355 1145 478 1182 cogitat?

311 1211 433 1245 Accepta:
448 1209 562 1237 Domino
575 1209 622 1236 vice
635 1208 782 1244 justorum.
803 1207 918 1234 Multum
941 1210 1069 1242 accepta-

275 1257 345 1285 liiles
361 1256 476 1283 Domino
489 1261 516 1282 et
529 1256 651 1283 omnium
668 1262 759 1282 rerum
778 1254 833 1282 Deo
853 1253 959 1282 semitae
973 1261 1068 1282 eorum

275 1303 323 1339 qui
346 1302 406 1330 sine
425 1301 587 1332 offensione,
605 1300 757 1328 secundum
783 1299 928 1327 scientiam
954 1303 982 1326 et
999 1299 1071 1326 veri-

276 1354 361 1377 tatem
382 1349 490 1380 vivunt,
514 1347 598 1374 Deum
617 1350 833 1381 consequentur,
865 1346 911 1380 qui
935 1345 997 1373 linis
1024 1352 1070 1372 co-

277 1395 498 1432 gnoscendorum
515 1397 567 1425 est.
582 1393 687 1421 scilicet
701 1393 812 1425 veritas,
828 1396 855 1420 et
872 1392 933 1420 ﬁnis
947 1391 1069 1428 agendo-

275 1449 349 1474 rum,
367 1440 495 1468 videlicet
508 1439 628 1467 bonitas.
853 1441 854 1444 ‘

314 1495 365 1523 Per
378 1503 422 1523 eos
443 1495 524 1522 etiam
543 1493 693 1521 aduersarii
719 1493 789 1528 [iuni
812 1493 901 1520 amici.
929 1493 981 1521 Per
1005 1492 1068 1524 hos,

276 1545 372 1577 utpote
390 1541 436 1576 qni
453 1540 522 1567 alios
535 1546 652 1574 purgare
681 1541 708 1565 et
735 1545 931 1565 consummare
949 1537 1066 1568 valeant,

276 1587 358 1615 etiam
373 1587 391 1614 ii
407 1586 454 1622 qui
473 1594 521 1621 per
541 1584 674 1612 malitiam
691 1588 719 1610 et
734 1583 873 1611 inscitiam
895 1582 951 1610 Deo
971 1583 1068 1609 adver-

277 1639 386 1664 santur,
402 1637 549 1669 postquam
570 1632 730 1666 passionum
747 1630 879 1658 sordibus
900 1629 1024 1657 defaecati
1043 1633 1071 1656 et

277 1680 441 1716 ignorantiae
463 1679 582 1714 caligine
613 1677 720 1705 liberati
743 1681 830 1708 sunt,
853 1685 902 1711 per
939 1677 1070 1704 virtutem

277 1733 359 1762 atque
377 1726 587 1761 intelligentiam
603 1724 658 1752 Deo
678 1723 873 1751 conciliantur.

315 1791 397 1818 Vens.
409 1791 454 1818 ‘29.
469 1790 557 1824 Longe
577 1789 649 1816 abest
666 1788 794 1815 Dominus
821 1787 853 1814 ab
873 1788 974 1822 impiis.
1007 1787 1071 1815 Pro-

277 1837 321 1865 cul
335 1837 406 1864 Deus
418 1838 451 1864 ab
467 1837 501 1863 iis
515 1840 581 1868 stat,
596 1835 644 1870 qui
666 1835 743 1862 illum
762 1842 810 1869 per
830 1835 901 1861 bona
920 1842 1002 1869 opera
1015 1842 1069 1862 non

278 1883 423 1915 honorant,
439 1890 475 1910 ne
502 1882 535 1909 ad
556 1881 765 1910 similitudinem
792 1880 868 1908 illius
899 1879 1002 1908 faciant
1022 1881 1070 1908 bo-

276 1936 354 1956 num.

312 1993 407 2020 Preces
422 1992 559 2027 justorum
566 1991 686 2019 exaudit.
701 1990 776 2018 Votis
791 1998 899 2024 eorum,
910 1991 956 2026 qui
969 1998 1070 2019 secun-

278 2040 343 2067 dum
362 2040 446 2074 legem
465 2039 524 2073 ejus
536 2042 745 2070 conversantnr,
770 2045 799 2065 se
823 2038 930 2065 facilem
952 2039 1067 2073 praebet;

277 2086 353 2119 ipsos
368 2085 453 2117 enim,
471 2087 583 2119 propter
604 2082 797 2115 imitationem,
811 2082 883 2110 inter
908 2090 975 2111 suos
989 2091 1070 2111 assu-

277 2131 338 2159 mit.

313 2183 410 2211 Melior
433 2189 471 2211 est
497 2189 614 2219 quwsltts
643 2193 741 2219 parvus
769 2192 829 2211 (um
854 2184 963 2218 jnslitia
989 2191 1068 2218 quam

925 160 1104 190 PROCOI’II
1125 160 1247 190 ΟΛΖΕΙ

312 217 496 251 Είεειιιοδυηὶε
519 222 543 243 et
565 216 628 251 ﬁdei
647 217 750 244 actibus
780 221 931 252 purgantur
944 221 1064 251 peccata.
1081 221 1103 248 Α

1846 161 1917 193 1380

1161 215 1397 250 Ἐ.ίεημεσύναις
1421 217 1469 243 καὶ
1503 217 1646 244 πΙστεσιν
1667 217 1918 253 (laenam/portat

1123 262 1273 296 ἁμαρτίαι.
1286 262 1348 293 Τοῖς
1371 262 1523 297 οἱκτιρμοῖς
1560 263 1613 289 τῶν
1633 264 1767 298 πενήτων,
1785 265 1832 291 καὶ
1856 265 1918 294 ταῖς

1123 308 1164 339 εἰς
1181 309 1226 335 τὸν
1244 308 1311 335 Θεὸν
1334 308 1468 342 πίστεσιν,
1498 309 1536 341 ὡς
1566 310 1738 345 Δημιουργὸν
1751 313 1796 337 καὶ
1807 318 1920 346 προνοη-

1123 353 1172 389 τὴν
1188 354 1234 380 καὶ
1249 354 1356 389 κριτὴν,
1371 354 1551 381 ὲκπλύνονται
1566 354 1653 381 αἰτοῦ
1678 355 1784 389 ἀγαθοῦ
1805 355 1918 389 καὶτῆς

1123 401 1253 436 ἀληθείας
1277 402 1322 428 διὰ
1335 401 1434 428 κακίαν
1446 402 1493 427 καὶ
1506 401 1616 435 ἄγνοιαν
1630 401 1788 437 ἁποτυχίαι.

1161 465 1203 497 Τῷ
1218 465 1252 492 δὲ
1267 466 1349 500 φόϐῳ
1368 465 1480 498 Κυρίου
1507 464 1639 492 ἐκχεῖν-ει
1661 463 1722 498 πᾶς
1736 465 1796 492 ἀπὸ
1811 463 1916 491 κακοῦ.

1122 511 1168 546 Τῷ
1186 511 1209 538 δ’
1235 512 1269 538 ὲκ
1292 511 1411 543 πίστεως
1423 511 1489 545 θείῳ
1502 511 1550 537 καὶ
1577 511 1736 546 Δεσποτικῷ
1765 511 1840 546 φόϐῳ
1863 511 1919 537 ἀπὸ

1121 559 1171 593 τῆς
1185 559 1286 589 κακίας
1315 558 1496 593 ἐκφεύγουσιν
1516 558 1637 589 ἅπαντες
1654 566 1660 572 ·
1677 559 1691 584 ὁ
1705 558 1843 584 πιστεύων
1860 558 1914 591 γὰρ

1123 604 1163 639 τῷ
1179 604 1283 640 Κυρίῳ,
1300 604 1423 638 φοϐεῖται
1439 603 1489 639 τὴν
1501 603 1613 630 κόλασιν
1630 613 1637 620 ·
1652 605 1666 630 ὁ
1682 604 1710 631 δὲ
1741 604 1842 638 ταύτην
1867 613 1916 637 φο-

1124 649 1267 686 ϐούμενος,
1282 650 1482 685 ἐγκρατεύεται
1500 649 1553 677 ἀπὸ
1569 649 1624 676 τῶν
1637 650 1744 677 παθῶν.

1158 717 1211 749 κη’.
1232 714 1354 748 Καρδίαι
1367 714 1492 740 δικαίων
1506 712 1657 748 μελετῶσι
1672 714 1800 745 πίστεις.
1814 713 1847 738 Αἱ
1862 712 1915 738 τῶν

1121 760 1193 787 κατὰ
1204 761 1268 792 τοὺς
1282 760 1371 790 θείους
1385 760 1484 795 νόμους
1506 759 1726 794 πολιτευομένων
1741 759 1837 794 ψυχαὶ,
1853 760 1915 790 ταῖς

1123 806 1191 842 πρὸς
1218 807 1267 838 τὰς
1282 805 1452 837 Δεσποτικὰς
1478 804 1588 836 ἐντολὰς
1615 805 1784 835 εὐπειθείαις
1801 805 1915 839 ἐνασχη-

1121 851 1232 878 λοῦνται
1244 852 1401 884 διαπαντὸς,
1419 852 1456 883 ὡς
1473 851 1541 887 μηδὲ
1559 851 1631 884 κατὰ
1654 851 1773 878 διάνοιαν
1788 851 1916 886 ἁμαρτά-

1099 902 1109 926 t
1123 906 1179 924 νειν
1190 897 1362 932 βουλόμεναι.

1157 962 1256 995 Σῑόιια
1275 961 1308 988 δὲ
1323 961 1441 989 ἀσεϐῶν
1451 962 1647 996 ἀποκρίνεται
1659 960 1746 989 κακά.
1762 961 1822 988 Τῶν
1834 961 1861 987 δὲ
1877 961 1915 996 μὴ

1121 1008 1154 1035 δι’
1166 1008 1275 1042 ἀγαθῶν
1290 1008 1378 1043 ἔργων
1394 1009 1538 1043 τιμώντων
1549 1008 1626 1039 Θεὸν,
1644 1009 1691 1035 καὶ
1703 1008 1770 1034 αὐτὸ
1799 1007 1830 1034 τὸ
1858 1017 1916 1041 φω-

1121 1054 1230 1090 νητικὸν
1258 1054 1385 1090 ὄργανον,
1413 1055 1446 1081 ἐκ
1463 1054 1682 1089 περισσεύματος
1711 1054 1762 1088 τῆς
1790 1054 1914 1089 καρδίας,

1122 1101 1233 1136 πονηρὰ
1243 1102 1301 1132 τοῖς
1317 1101 1456 1136 ἐρωτῶσιν
1477 1100 1652 1135 ἀπολογεῖται
1669 1109 1676 1115 ο
1691 1100 1717 1126 τί
1733 1101 1787 1135 γὰρ
1802 1099 1835 1126 ἂν
1845 1101 1917 1137 χρή-

1122 1155 1201 1182 σιμον
1216 1147 1363 1182 φθέγξαιτο
1377 1147 1392 1173 ὁ
1410 1148 1446 1183 μή
1467 1157 1493 1174 τι
1508 1147 1696 1182 διανοούμενος
1711 1146 1832 1181 ἀγαθὸνς

1155 1209 1349 1244 Aemulatan
1362 1210 1459 1244 Kvplqo
1471 1210 1535 1237 ὁδοὶ
1561 1208 1680 1244 ἀνδρῶν
1700 1209 1834 1236 δικαίων.
1861 1209 1916 1234 Εὑ-

1122 1255 1288 1292 παράδεκτοι
1301 1255 1341 1291 τῷ
1357 1255 1452 1291 Κυρίῳ
1464 1256 1574 1282 πάντων
1595 1255 1656 1291 Θεῷ
1669 1256 1697 1282 αἱ
1719 1256 1790 1282 κατὰ.
1812 1254 1915 1289 γνῶσιν

1122 1302 1169 1328 καὶ
1184 1301 1286 1337 ἀρετὴν
1300 1301 1355 1328 τῶν
1370 1302 1524 1337 ἀμέμπτως
1551 1301 1683 1337 βιούντων
1702 1303 1810 1338 πορεῖαι
1826 1310 1833 1317 ·
1849 1302 1913 1327 ἐπι.-

1121 1345 1312 1381 τυγχανόντων
1322 1345 1417 1377 αὐτοῦ.
1434 1343 1479 1372 οἷα
1501 1346 1550 1381 μὲν
1565 1345 1660 1378 τέλους
1689 1346 1744 1372 τῶν
1772 1345 1913 1380 γνωστῶν,

1120 1391 1159 1423 ὡς
1173 1391 1319 1428 ἀληθείας·
1339 1389 1383 1418 οἷα
1400 1392 1429 1419 δὲ
1440 1392 1534 1425 τέλους
1557 1392 1612 1419 τῶν
1624 1393 1766 1429 πρακτῶν,
1779 1392 1817 1424 ὡς
1843 1393 1917 1427 ἀγα-

1122 1437 1180 1465 θοῦ.

1157 1501 1209 1529 Διὰ
1219 1501 1253 1529 δὲ
1269 1501 1369 1529 αὐτῶν
1380 1501 1431 1528 καὶ
1447 1503 1474 1529 οὶ
1494 1501 1594 1536 ἐχθροὶ
1603 1502 1687 1536 φίλοι
1707 1501 1854 1537 γίνονται.
1865 1502 1917 1527 Διὰ

1121 1547 1224 1574 τούτων
1236 1547 1274 1579 δὲ,
1287 1548 1324 1579 ὼς
1336 1547 1494 1583 δυναμένων
1508 1548 1556 1574 καὶ
1585 1547 1696 1583 ἑτέρους
1708 1546 1852 1583 καθαίρειν
1866 1548 1918 1574 καὶ

1121 1592 1253 1624 τελειοῦν,
1264 1594 1312 1620 καὶ
1321 1594 1400 1620 αὐτοὶ
1410 1595 1434 1620 οἱ
1448 1593 1493 1620 διὰ
1507 1593 1609 1620 κακίαν
1623 1593 1670 1620 καὶ
1684 1593 1798 1627 ἄγνοιαν
1813 1593 1918 1628 θεομα-

1121 1649 1175 1675 χοι,
1191 1640 1238 1666 τοῦ
1253 1639 1393 1675 μολυσμοῦ
1411 1639 1465 1666 τῶν
1482 1639 1578 1666 παθῶν
1596 1638 1790 1675 καθαρθέντες,
1807 1639 1855 1665 καὶ
1869 1638 1918 1665 τοῦ

1122 1686 1237 1717 σκάτους
1248 1686 1298 1720 τῆς
1315 1686 1425 1720 ἀγνοίας
1443 1685 1659 1720 ἀπαλλαγέντες,
1674 1683 1733 1720 Θεῷ
1748 1684 1781 1710 δι’
1810 1684 1914 1720 ἀρετῆς

1121 1733 1168 1759 καὶ
1181 1732 1310 1767 γνώσεως
1324 1732 1501 1760 οίκειοῦνται.

1155 1795 1209 1823 κθ’.
1226 1795 1351 1828 Μακρὸν
1368 1795 1473 1829 ἀπέχει
1494 1795 1567 1828 Θεὸς
1587 1795 1648 1822 ἀπὸ
1665 1794 1794 1823 ἀσεϐῶν.
1813 1795 1918 1831 metu.

1119 1842 1133 1868 ὁ
1151 1841 1217 1873 Θεὸς
1243 1842 1298 1868 τῶν
1320 1842 1358 1877 μὴ
1377 1842 1410 1868 δι’
1437 1841 1620 1876 ἀγαθοεργίας
1659 1842 1801 1876 τιμώντων
1835 1842 1917 1868 αῇὺν

1119 1887 1267 1919 διίσταται,
1283 1888 1320 1919 ὡς
1335 1888 1373 1923 μὴ
1390 1888 1452 1914 καθ’
1465 1887 1595 1924 ὁμοίωσιν
1610 1887 1694 1914 αὑτοῦ
1722 1887 1916 1924 ἐργαζομένων

1119 1934 1150 1960 τὸ
1162 1934 1275 1968 ἀγαθόν.

1155 1996 1269 2031 Εὐχαῖς
1283 1997 1318 2024 δὲ
1335 1997 1459 2024 δικαίων
1468 1997 1626 2024 ὑπακούει.
1652 1997 1708 2028 Τὰς
1726 1997 1749 2023 δ’
1779 1997 1917 2030 ἐντεύξεις

1118 2040 1173 2067 τῶν
1189 2041 1260 2067 κατὰ
1274 2041 1374 2077 νόμους
1389 2042 1472 2068 αὐτοῦ
1488 2042 1706 2077 πολιτευομένων
1715 2042 1868 2076 προσίεται,
1879 2043 1917 2075 ὼς

1119 2086 1165 2113 διὰ
1183 2088 1328 2122 μιμήσεως
1344 2087 1539 2122 οἰκειουμένων
1549 2087 1633 2123 αὐτῷ.

1155 2184 1314 2218 Ιιζρείσσων
1340 2185 1426 2219 ὀλίγη
1453 2184 1549 2219 λῆψις
1562 2185 1636 2219 μετὰ
1665 2185 1874 2219 δικαιοσύνης.
1898 2188 1915 2221 ἣ

277 2230 355 2257 multi
371 2231 516 2263 productus
540 2238 600 2256 cum
628 2230 778 2265 iniquitate.
794 2230 889 2257 Melior
907 2234 949 2256 est
967 2237 1068 2263 parvus

1121 2231 1222 2256 πολλὰ
1233 2229 1404 2265 γεννήματα
1415 2231 1490 2266 μετὰ
1509 2231 1637 2264 ἀδικίας.
1664 2232 1804 2267 Κρείττων
1840 2233 1916 2259 ἐπὶν

276 2283 310 2303 ex
328 2274 412 2309 jnstis
432 2274 572 2301 laboribus
596 2278 758 2309 proventus,
786 2273 819 2301 ad
839 2274 898 2301 sola
930 2273 1069 2300 sumciens

276 2320 446 2354 necessaria,
463 2327 544 2355 quam
559 2319 638 2347 lucra
653 2320 739 2347 multa
757 2327 858 2355 rapace
875 2319 989 2346 avaritia
1002 2326 1070 2346 con-

276 2371 381 2404 gerata.

311 2430 365 2458 Cur
382 2430 494 2457 hominis
510 2429 730 2464 expenditjusta,
748 2429 786 2456 ita
805 2433 833 2455 ut
850 2430 896 2456 sub
916 2429 967 2456 Deo
994 2438 1069 2465 gres-

277 2485 323 2504 sus
348 2485 410 2504 suos
430 2477 542 2512 dirigat.
570 2476 675 2504 Anima:
700 2476 772 2503 illius
794 2477 850 2511 (qui
869 2477 983 2503 viriliter
1015 2482 1070 2503 stat

277 2525 372 2549 contra
383 2522 524 2556 passiones
533 2521 620 2556 suas),
631 2520 794 2548 revolvenda
803 2525 867 2548 sunt
876 2520 923 2547 Dei
931 2520 1068 2553 mandata,

277 2566 315 2593 ita
329 2570 358 2592 ut
370 2570 449 2592 actus
462 2573 527 2593 suos
537 2566 565 2592 in
581 2565 653 2593 bono
665 2565 775 2600 dirigat.

313 2662 395 2691 Vens.
415 2663 459 2691 50.
485 2662 585 2690 Oculus
608 2663 770 2697 prospiciens
788 2662 857 2690 bona
873 2671 918 2690 cor
936 2663 1067 2698 laetiﬁcat.

275 2707 380 2736 Divinis
397 2707 536 2736 mandatis
550 2708 585 2735 ab
595 2710 685 2735 anima
703 2710 824 2743 practice
838 2709 965 2744 gustatis,
988 2709 1069 2737 intel-

274 2754 362 2790 ligens
376 2755 421 2781 ille
435 2754 589 2788 spiritualis
605 2756 713 2786 oculus,
735 2756 781 2789 qui
798 2755 962 2789 (theoretice
985 2756 1067 2783 verba

275 2801 344 2835 legis
358 2800 496 2835 percipit),
520 2800 548 2827 in
566 2799 691 2828 videndis
717 2801 772 2827 illis
802 2801 938 2836 spirituali
967 2802 1067 2836 gaudio

275 2847 394 2874 animam
412 2847 508 2881 replet,
525 2850 683 2883 gustantem
703 2851 730 2874 et
748 2845 896 2880 videntem,
915 2848 978 2883 quin
1003 2856 1066 2876 sna-

277 2893 317 2922 vis
331 2893 476 2922 Dominus.

1122 2278 1153 2303 ἐκ
1175 2277 1287 2303 δικαίων
1321 2277 1409 2304 πόνων
1428 2278 1515 2313 μικρὰ
1530 2278 1656 2314 εἰσφορὰ,
1682 2280 1723 2310 είς
1740 2279 1808 2313 μόνα
1831 2280 1917 2315 ἐπα-ῖ-

1122 2323 1207 2349 κοῦσα
1226 2323 1262 2349 τὰ
1276 2323 1424 2357 ἀναγκαῖα,
1449 2325 1465 2359 ἢ
1481 2325 1586 2360 μεγάλη
1611 2325 1640 2358 ἐξ
1668 2325 1798 2361 ἁρπαγῆς
1819 2327 1888 2353 πλεο
1903 2340 1917 2348 ο

1121 2367 1238 2399 εκτικῶς
1254 2368 1487 2405 θησαυριζομένη.

1156 2432 1268 2466 Καρδίίι
1282 2433 1393 2466 ἀνδρὸς
1405 2433 1566 2467 λογιζέσθω
1582 2434 1693 2467 δίκαια,
1707 2434 1756 2461 ἵνα
1775 2435 1835 2461 ὑπὸ
1860 2435 1915 2462 τοῦ

1122 2479 1197 2506 Θεοῦ
1214 2478 1359 2513 διορθωθῇ
1379 2481 1415 2506 τὰ
1431 2480 1598 2515 ὃιιιϐήματα
1612 2480 1716 2508 αὑτοῦ.
1735 2481 1766 2507 'li
1779 2481 1853 2517 ψυχὴ
1865 2482 1914 2508 cci:

1121 2525 1192 2550 κατὰ
1207 2524 1262 2550 τῶν
1286 2523 1380 2551 παθῶν
1402 2523 1597 2560 ἀνδριζομένου
1616 2524 1774 2551 διανοείσθω
1788 2526 1839 2557 τὰς
1865 2525 1913 2551 τοῦ

1120 2569 1189 2596 Θεοῦ
1203 2569 1314 2601 ἐντολάς
1328 2578 1335 2585 ’
1351 2569 1388 2601 ὡς
1405 2569 1438 2596 ἂν
1454 2569 1590 2596 ὑπἀὐτοῦ
1601 2571 1822 2598 κατευθυνθῶσιν
1832 2574 1862 2599 ἐν
1876 2573 1914 2608 τῷ

1120 2615 1214 2650 ἀγαθῷ
1230 2615 1277 2642 τοῦ
1293 2615 1413 2642 τοιούτου
1427 2615 1572 2650 ἀνθρώπου
1587 2617 1616 2643 αἱ
1631 2617 1756 2652 πράξεις.

1155 2667 1186 2694 λ’.
1199 2666 1322 2701 Θεωρῶιν·
1336 2667 1491 2701 ὀφθαλμὸς
1505 2668 1594 2702 καλὰ,
1607 2670 1761 2703 εὐφραίνει
1777 2671 1911 2704 καρδίαν.

1119 2713 1175 2747 Ti]:
1187 2713 1347 2747 πρακτικῶς
1360 2714 1535 2748 γευσαμένης
1552 2714 1642 2749 ψυχῆς
1664 2715 1718 2742 τῶν
1733 2715 1813 2743 θείων
1837 2718 1911 2744 ἐντο-

1119 2758 1183 2791 λῶν,
1203 2759 1217 2784 ὁ
1229 2757 1339 2792 θεωρῶν
1351 2759 1413 2791 τοὺς
1428 2759 1526 2793 λόγους
1545 2760 1637 2787 αὐτῶν
1653 2761 1745 2796 νοῑρὺς
1759 2761 1910 2797 ὀφθαλμὸς,

1119 2805 1148 2831 ἐν
1175 2806 1209 2840 τῇ
1240 2805 1342 2832 τούτων
1357 2806 1474 2842 αὑτοψίᾳ
1491 2808 1579 2841 χαρᾶς
1602 2808 1792 2842 πνευματικῆς
1807 2809 1910 2842 ταύτην

1119 2852 1229 2886 πληροῖ,
1244 2852 1419 2888 γευσαμένην
1434 2853 1482 2880 καὶ
1500 2853 1674 2889 θεασαμένην
1687 2855 1728 2881 ὁτι
1751 2856 1870 2890 χρηστὸς
1897 2858 1910 2882 ο

1119 2897 1232 2933 Κύριος.
