2072 3161
180 143 247 176 1381

714 151 981 183 COMMENTARII
999 152 1039 182 IN
1057 153 1283 184 PROVERBIA.

1748 153 1814 185 1389.

209 205 296 240 Φήμη
320 205 355 232 δὲ
380 206 476 241 ἀγαθὴ
499 208 609 234 πιαίνει
633 208 719 237 ὀστᾶ.
747 209 780 236 Ἢ
795 209 860 241 δ’ἐξ
886 209 972 244 ἀκοῆς

1060 208 1137 236 Bona
1152 209 1227 243 fama
1242 209 1349 243 saginat
1363 216 1432 235 ossa.
1447 207 1529 236 Fama
1552 209 1586 236 de
1609 209 1709 236 divitiis
1738 218 1814 236 Inan-

177 250 261 284 μόνης
287 251 445 278 εἰσδύνουσα
470 253 510 284 είς
537 253 626 288 ψυχὴν
654 254 709 280 τῶν
742 253 822 280 θείων
851 254 968 281 ἐντολῶν

176 296 266 331 φήμη.
283 296 312 323 ὲν
326 297 360 332 τῇ
375 297 478 324 τούτων
499 298 605 334 ἱστορίᾳ
622 299 717 334 τρέφει
734 299 783 330 τὰς
794 299 872 334 δίκην
883 299 969 325 ὀστῶν

177 342 326 373 τονωτικὰς
341 342 444 378 ταύτης
460 343 602 380 δυνάμεις,
619 345 892 378 διανιστῶσαταύτας
900 346 970 381 πρὸς

177 388 310 424 ἐργασίαν
327 389 427 416 αὐτῶν.

213 451 262 486 λβ’.
283 453 336 485 Ὃς
350 453 508 480 ἀπωθεῖται
527 453 676 485 παιδείαν,
705 453 791 488 μισεῖ
804 454 914 481 ἑαυτόν
929 461 936 469 ·
952 455 969 481 ὀ

177 497 213 524 δὲ
226 497 326 532 τηρῶν
339 498 498 533 ἐλέγχους,
517 499 618 534 ἀγαπᾷ
641 499 699 534 τὴν
714 500 822 527 ἑαυτοῦ
851 500 968 535 ψυχήν.

186 540 215 567 Ὀ
232 542 464 576 ἀποπεμπόμενος
473 543 536 574 τοὺς
551 544 618 578 πρὸς
642 544 784 579 διόρθωσιν
811 545 971 580 ἐπιτιμητι-

179 588 244 619 κοὺς
260 588 367 622 λόγους,
385 589 481 624 ἐχθρὸς
494 589 591 616 ἑαυτοῦ
604 590 808 621 ἀποδείκνυται,
839 591 877 621 ὼς
901 592 970 618 ἀπο-

181 634 366 669 στρεφόμενος
376 635 411 660 τὰ
437 635 611 670 συμφέροντα
634 635 722 671 ἐαυτῷ
744 645 750 652 ·
774 637 788 663 ὁ
802 637 830 662 δὲ
859 636 971 668 τούτους

179 680 244 715 παρ’
261 680 350 715 ἐαυτῷ
366 681 519 714 φυλάσσων,
539 682 609 716 φιλεῖ
623 682 671 718 τὴν
689 683 786 710 ἑαυτοῦ
799 683 899 718 ψυχὴν,
922 683 971 718 τὴν

180 727 316 762 σωτηρίαν
334 727 435 762 ταύτης
451 727 549 761 ζητῶν.

213 791 264 826 λγ’.
279 792 374 825 Φόϐος
382 792 505 826 Κυρίου,
519 791 638 818 παιδεία
651 792 699 818 καὶ
718 792 812 826 σοφία
825 791 874 818 καί
891 790 969 826 ἁρχὴ

176 837 270 871 δόξης
294 837 530 871 ἀποκριθήσεται
555 837 644 872 αὐτῇ.
673 838 703 864 '0
731 838 897 869 Δεσποτικὸς
923 840 971 864 καὶ

177 885 249 916 θεῖος
263 884 345 918 φόόος
368 885 432 916 τοὺς
449 885 498 919 μὲν
511 885 680 920 πρακτικοὺς
696 885 818 912 παιδεύει
834 886 969 912 ἐκκλίνειν
983 893 1007 922 Β

178 929 232 956 ἀπὺ
244 930 340 963 κακοῦ,
353 931 401 957 καὶ
415 931 501 957 ποιεῖν
517 931 618 965 ἀγαθόν
632 939 639 947 ·
658 932 722 962 τοὺς
736 931 763 957 δὲ
780 931 966 966 θεωρητικοὺς

180 976 284 1011 σοφίζει
304 977 449 1010 ἐκφεύγειν
481 977 531 1012 τὴν
543 978 604 1004 κατ’
622 977 747 1011 αἴσθησιν
773 978 892 1013 ἀπάτην,
922 977 969 1004 καὶ

178 1024 279 1058 χωρεῖν
291 1023 360 1058 πρὸς
374 1023 423 1059 τὴν
439 1024 509 1050 κατά
527 1023 589 1050 νοῦν
607 1024 635 1050 ὲν
653 1023 791 1058 πνεύματι
803 1023 903 1057 γνῶσιν
914 1023 969 1050 τῶν

178 1069 208 1095 ὲν
221 1069 278 1100 τοῖς
295 1067 354 1094 οὖσι
369 1068 456 1103 λόγων
474 1076 481 1084 ·
497 1070 525 1096 ἐν
537 1067 578 1100 οἷς
592 1069 657 1100 Θεὸς
681 1070 774 1101 αὐτοῖς
788 1070 845 1100 τοῖς
861 1069 968 1104 θεωρη-

178 1115 266 1146 τικοίς
285 1116 394 1146 πάντως
416 1116 662 1152 ἐμφανισοήσεται,
680 1116 694 1142 ό
708 1116 795 1148 αἴτιος
810 1116 860 1150 τῆς
881 1116 910 1143 ὲν
935 1116 969 1151 τῇ

178 1161 268 1188 κτίσει
285 1161 507 1197 μεγαλειότητος.

471 1234 600 1261 ΚΕΦΑΛ.
615 1235 675 1268 ις’.

215 1301 252 1325 α’.
269 1297 371 1324 Πάντα
390 1297 427 1325 τὰ
438 1297 511 1332 ἔργα
526 1297 581 1324 τοῦ
598 1297 751 1331 ταπεινοῦ,
763 1298 878 1333 φανερὰ
893 1297 974 1332 ,παρὰ

179 1343 220 1378 τῷ
227 1343 297 1377 Θεῷ.
305 1345 383 1371 Πᾶσα
396 1345 412 1379 ὴ
424 1344 548 1380 ἐνάρετος
559 1343 680 1371 πολιτεία
692 1343 738 1370 τοῦ
747 1345 971 1380 ταπεινόιρρονος,

180 1389 231 1418 κᾶν
251 1390 416 1424 κέκρυπται,
434 1389 472 1425 μὴ
485 1389 535 1425 τὴν
549 1389 615 1424 παρ’
642 1388 796 1425 ἀνθρώπων
821 1389 899 1422 δόξαν
925 1389 974 1424 ζη-

179 1434 301 1467 τοῦντος,
328 1434 398 1461 ἀλλά
424 1434 484 1470 Θεῷ
500 1434 566 1470 δήλη
597 1434 763 1470 καθέστηκε,
785 1434 823 1469 τῷ
842 1433 973 1468 ἐπιγινὼι

180 1489 272 1507 σκοντι
304 1479 386 1507 αὐτὸν
418 1480 450 1507 ἐκ
483 1480 532 1515 τῆς
547 1480 632 1516 καλῆς
663 1480 718 1507 τῶν
733 1480 822 1517 ἔργων
841 1481 975 1514 ἀναστρο-

181 1535 246 1562 φης-

215 1580 247 1608 8’.
265 1582 297 1608 οι
308 1581 344 1608 δὲ
369 1581 488 1614 ἀσεϐεῖς
506 1581 541 1608 ἐν
554 1581 650 1616 ’ἡμέρᾳ
663 1580 743 1615 κακῇ
769 1579 922 1608 Mearm.
939 1579 971 1605 ot
983 1564 1006 1594 α

180 1627 210 1654 δὲ
223 1627 260 1663 μὴ
276 1627 305 1660 ἐξ
318 1627 405 1662 ἔργων
417 1626 588 1663 δικαιοσύνης
605 1627 738 1662 τιμῶντες
749 1626 828 1659 θεὸν,
843 1626 974 1662 ὲνὴμέρᾳ

181 1672 268 1708 όργῆς
282 1672 364 1699 αὑτοῦ
384 1673 431 1699 καὶ
442 1673 658 1705 ἀνταποδόσεως,
692 1672 859 1699 ἀπολοῦνται
885 1681 974 1708 παρα-

183 1719 358 1755 πεμφθέντες
379 1720 419 1751 είς
434 1719 559 1754 γέενναν.

218 1787 249 1811 ε’.
272 1784 451 1818 Ἀκάθαρτος
470 1784 550 1818 παρὰ
564 1784 661 1818 Κυρίῳ
668 1783 727 1816 πᾶς
738 1782 972 1818 ὺψηλοκάέιὸιος.

185 1829 399 1875 Βέϐηλοίπαρά
416 1830 454 1865 τῷ
473 1830 521 1856 τοῦ
552 1831 653 1861 παντὺς
678 1830 814 1865 Δεσπότῃ,
845 1829 896 1856 κᾶν
917 1828 973 1864 βίου

184 1877 358 1912 καθαρότητα
376 1875 569 1906 ἐπιδείκνυται,
595 1875 704 1908 ἀλαζὼν
719 1875 793 1908 ἆπας
810 1877 858 1902 καὶ
873 1875 975 1911 ὑπερή-

185 1931 268 1956 φανος
284 1930 291 1937 ·
306 1922 498 1950 ἀντιτάσσεται
516 1922 580 1958 (γὰρ
592 1923 673 1957 Θεῷ).

221 1986 299 2020 Χειρί
313 1986 348 2013 δὲ
360 1985 461 2021 χεῖρας
469 1986 504 2020 ἐμ
510 1985 609 2012 ϐαλὼν
623 1984 745 2017 ἀδίκως,
763 1985 818 2011 οὐκ
836 1983 975 2017 ἀθωωθή-

183 2041 280 2060 σεται.
300 2034 328 2059 Ὀ
341 2032 369 2058 δὲ
388 2031 429 2068 τῷ
444 2031 561 2067 καμάτῳ
584 2031 633 2066 τῆς
654 2031 758 2062 οἰκείας
789 2030 881 2066 χειρὸς
910 2030 975 2061 τοὺς

185 2079 240 2106 τῶν
264 2078 414 2114 ἀλλοτρίων
439 2077 540 2113 χειρῶν
563 2077 661 2108 πόνους
677 2077 753 2112 παρὰ
768 2078 858 2103 πάντα
871 2076 975 2102 δίκαιον

184 2125 264 2159 λόγον
281 2124 447 2160 προσμίξας,
464 2123 494 2150 οὑ
514 2123 638 2155 τεύξεται
657 2121 822 2157 συγγνώμης
833 2122 909 2157 παρά
927 2120 974 2147 τοῦ

184 2171 291 2198 δικαίου
303 2171 357 2197 τῶν
377 2170 446 2196 ὅλων
463 2170 559 2206 κριτοῦ
591 2171 620 2196 ὲν
638 2169 730 2204 ἡμέρᾳ
755 2167 973 2198 ἀνταποδόσεως.

227 2235 317 2270 Ἀρχὴ
331 2235 402 2262 ὀδοῦ
417 2234 540 2270 ἀγαθῆς,
550 2235 584 2261 τὸ
599 2234 696 2261 ποιεῖν
706 2233 815 2260 δίκαια.
829 2234 976 2268 Είσαγωγή
993 2239 1014 2266 ι)

186 2281 245 2307 ἐστι
258 2282 307 2316 τῆς
319 2280 468 2315 εὐαρέστου
485 2279 544 2314 Θεῷ
572 2279 664 2314 βιοτῆς
694 2280 711 2314 ἡ
728 2278 772 2306 διὰ
785 2279 839 2304 τῶν
855 2278 976 2305 ἀντικει-

188 2327 277 2362 μένων
293 2328 327 2362 τῇ
349 2327 434 2362 κακίᾳ
451 2326 541 2362 ἔργων
558 2325 691 2361 κάθαρσις
710 2326 764 2352 τῶν
781 2324 875 2352 παθῶν
891 2334 898 2341 ·
917 2325 976 2360 μεθ’

185 2374 247 2410 ῆνή
264 2373 389 2409 προκοπή
401 2382 432 2400 τε
452 2374 525 2409 καὶὴ
542 2373 692 2404 τελείωσις.

202 2437 315 2464 nam.
339 2436 372 2463 δὲ
389 2437 469 2471 παρὰ
494 2436 555 2470 Θεῷ
567 2437 689 2472 μᾶλλον
718 2435 737 2470 ἢ
764 2436 975 2464 θύεινθυσίαν.

188 2483 383 2517 Εὺπρόσόεκτα.
399 2483 427 2509 δὲ
443 2484 477 2510 τὰ
491 2483 604 2510 τοιαῦτα
619 2483 688 2518 ἔργα
705 2482 765 2518 Θεῷ
790 2483 859 2518 ὑπὲρ
871 2482 976 2517 ἀλόγων

186 2527 264 2561 ζώων
276 2528 490 2564 ὁλοκαυτώματα
507 2537 514 2544 ·
538 2529 575 2562 ὡς
590 2529 640 2564 τῆς
664 2529 765 2564 σαρκὸς
779 2528 927 2564 νεκροῦντα
946 2529 977 2555 τὸ

187 2575 326 2610 φρόνημα,
363 2575 412 2601 καὶ
431 2575 533 2610 ταύτην
559 2576 706 2610 εὐάρεστον
721 2575 795 2610 αὑτῴ
817 2575 913 2602 θυσίαν
942 2575 976 2602 δι’

187 2621 315 2657 ἐναρέτου
331 2621 469 2654 πολιτείας
484 2622 680 2649 ἀποτελοῦντα.

229 2731 260 2758 '0
272 2731 369 2766 ζηλῶν
387 2731 442 2759 τὸν
456 2731 577 2766 Κύριον,
590 2731 713 2766 εὑρήσει
725 2731 838 2767 γνῶσιν
845 2731 920 2767 μετὰ
933 2732 976 2759 δι-

187 2778 362 2811 καιοσύνης.
382 2778 411 2804 ’0
428 2777 496 2805 Θεοῦ
512 2778 650 2813 ἐπιτυχεῖν
679 2778 833 2812 ἐφιέμενος,
850 2778 976 2811 τεύξεται

186 2825 236 2859 τῆς
247 2825 409 2860 ὲμπράκτου
422 2824 551 2858 γνώσεως
561 2824 614 2851 τῶν
629 2824 716 2858 ἁγίων
737 2824 819 2851 αὑτοῦ
848 2824 974 2853 ἐντολῶν.

222 2880 255 2908 οι
264 2879 297 2907 δὲ
311 2878 404 2915 ὀρθῶς
420 2878 580 2917 ζητοῦντες
605 2879 710 2914 αὐτὸν,
732 2879 920 2916 εὑρήσουσιν
938 2881 977 2908 ει-

1022 255 1096 282 datis
1117 255 1238 281 animam
1257 262 1304 289 per
1319 255 1407 282 solum
1425 255 1548 282 auditum
1568 259 1733 290 occupante,
1750 264 1813 283 cum

1020 299 1145 334 exposita
1162 299 1275 332 fuerint,
1290 299 1395 326 vividas
1407 300 1505 326 animae
1518 301 1600 330 vires.
1610 301 1715 328 ossium
1726 308 1814 334 more,

1021 344 1148 372 nutriunt
1165 347 1192 372 et
1205 344 1266 372 illas
1284 344 1317 371 ad
1336 345 1503 379 operaticum
1521 346 1641 380 erigunt.

1058 453 1139 480 Vens.
1161 452 1205 480 52.
1227 453 1278 485 Qui
1298 453 1392 488 abjicit
1417 453 1596 489 disciplinam,
1620 463 1725 482 sensum
1741 456 1815 488 adit;

1020 499 1065 533 qui
1091 504 1180 525 autem
1201 499 1394 531 increpationes
1427 499 1553 530 custodit.
1582 499 1670 535 diligit
1696 501 1814 527 animam

1021 551 1108 570 suam.
1142 543 1194 576 Qui
1221 543 1385 578 castigantia
1412 544 1505 576 verba,
1527 544 1553 570 in
1570 552 1647 572 suam
1662 546 1813 573 cerrectio-

1023 597 1085 616 neu:
1106 590 1220 620 emissa,
1239 589 1387 623 respuerit,
1405 590 1446 617 sui
1466 590 1555 625 ipsius
1572 591 1701 618 inimicus
1718 596 1812 619 osten-

1021 636 1106 668 ditur,
1133 636 1207 670 quod
1234 635 1286 662 sibi
1313 636 1485 670 prolicicntia
1508 637 1667 671 abjecerit;
1695 638 1742 672 qui
1768 638 1814 666 illa

1022 681 1094 707 intra
1121 689 1151 707 se
1190 681 1336 713 custodit,
1366 680 1455 715 diligit
1482 682 1602 708 animam
1641 687 1667 709 ct
1697 683 1814 711 salutem

1021 726 1129 761 quaerit.

1058 787 1143 816 Vens.
1159 789 1204 816 '55.
1223 789 1315 816 Timor
1328 788 1435 816 Domini
1450 789 1590 824 disciplina
1617 795 1642 818 et
1670 792 1813 826 sapientia.

1021 839 1046 862 et
1061 835 1167 862 initium
1193 834 1286 870 gloria:
1309 835 1501 869 respondebunt
1526 836 1578 862 illi.
1605 836 1764 864 Dominicus
1788 843 1816 865 et

1021 881 1131 908 divinus
1142 881 1224 908 timor
1233 885 1346 915 agentes
1357 882 1453 909 edocet
1472 885 1501 909 ut
1514 882 1653 910 declinent
1673 891 1687 910 a
1702 885 1773 911 malo
1789 890 1816 912 et

1022 927 1126 954 faciant
1143 927 1246 954 bonum
1272 937 1278 954 :
1303 928 1512 955 considerantes
1541 932 1632 955 autem
1657 930 1752 957 sanius
1772 931 1816 957 in-

1020 974 1102 1001 struit
1121 977 1150 1000 ut
1166 973 1290 1000 fallacias
1309 981 1441 1001 sensuum
1458 977 1547 1001 vitent
1561 979 1588 1001 ct
1600 979 1690 1002 mente
1703 976 1815 1011 capiant

1020 1020 1192 1055 spiritualem
1203 1019 1277 1047 illam
1293 1020 1450 1049 scientiam.
1464 1027 1525 1055 qua:
1538 1020 1610 1047 circa
1629 1029 1720 1048 rerum
1744 1023 1817 1049 exsi-

1020 1067 1149 1094 steutiam
1167 1065 1363 1094 versatur.llis
1383 1066 1409 1094 in
1426 1067 1509 1094 rebus
1525 1067 1639 1094 omnino
1655 1068 1815 1095 manifesta-

1022 1110 1098 1138 bitur
1115 1110 1276 1137 theoretieis
1292 1110 1348 1137 illis
1363 1110 1448 1141 Deus,
1463 1111 1511 1146 qui
1526 1115 1569 1139 est
1588 1119 1673 1139 causa
1690 1112 1775 1139 totius
1787 1113 1814 1140 in

1022 1155 1163 1182 creatione
1178 1155 1392 1191 magnitudinis.

1337 1225 1414 1254 CAP.
1431 1226 1501 1254 XVI.

1058 1288 1143 1317 Vens.
1159 1289 1187 1316 2.
1223 1288 1321 1317 Omnia
1347 1297 1427 1324 opera
1458 1291 1572 1319 hominis
1588 1293 1732 1327 manifesta
1755 1298 1817 1321 sunt

1023 1335 1094 1366 apud
1111 1334 1354 1363 Deum.Pnestans
1379 1337 1557 1364 conversatio
1584 1338 1704 1366 hominis
1729 1339 1762 1366 de
1788 1347 1818 1366 se

1025 1379 1165 1406 humiliter
1179 1379 1338 1409 sentientis.
1360 1380 1469 1407 etiamsi
1490 1381 1654 1408 abscondita
1676 1382 1712 1409 sit
1748 1382 1818 1418 (ipse

1024 1425 1097 1452 enim
1114 1432 1168 1451 non
1182 1425 1282 1459 quaerit
1296 1425 1411 1460 gloriam
1426 1427 1498 1461 apud
1515 1427 1666 1462 homines),
1681 1427 1708 1454 in
1722 1432 1818 1463 aperto

1025 1475 1079 1499 stat
1093 1479 1185 1498 curam
1200 1470 1264 1503 Deo,
1277 1472 1458 1506 cogitascenti
1473 1472 1551 1500 illum
1563 1480 1597 1500 ex
1617 1473 1733 1509 pulchra
1753 1481 1820 1509 ope-

1033 1524 1094 1544 rum
1116 1516 1251 1552 gestioue.

1060 1579 1145 1608 Vsus.
1167 1581 1193 1608 4.
1210 1580 1293 1616 [mpii
1311 1582 1337 1609 in
1353 1581 1395 1609 die
1409 1581 1481 1608 mala
1491 1582 1624 1615 peribunt.
1641 1581 1693 1614 Qui
1718 1588 1771 1609 non
1783 1589 1819 1610 ex

1028 1627 1160 1661 operibus
1174 1627 1288 1662 iustitiae
1302 1627 1386 1655 Deum
1404 1627 1553 1659 honorant,
1570 1627 1597 1654 in
1617 1627 1662 1654 die
1675 1627 1723 1654 ira:
1733 1632 1760 1654 et
1774 1635 1819 1655 τοι

1024 1672 1184 1700 tributionis
1203 1673 1289 1708 ipsius
1303 1673 1440 1708 peribunt,
1460 1673 1576 1700 immissi
1594 1673 1620 1699 in
1635 1673 1800 1708 gehennam.

1062 1780 1145 1809 Vens.
1167 1783 1194 1810 5.
1211 1782 1336 1817 Impurus
1361 1783 1432 1818 apud
1454 1782 1599 1810 Dominum
1620 1785 1704 1811 omnis
1720 1784 1817 1812 elatus.

1027 1827 1175 1860 Profanus,
1190 1829 1261 1864 apud
1288 1837 1378 1856 rerum
1397 1832 1519 1857 omnium
1539 1829 1695 1862 Dominum,
1711 1831 1818 1858 etiamsi

1028 1873 1092 1900 vita:
1119 1874 1265 1908 puritatem
1284 1882 1338 1908 pra;
1362 1882 1391 1901 se
1412 1874 1507 1906 ferret,
1535 1876 1626 1902 (unius
1650 1875 1770 1910 jactator
1792 1881 1820 1905 et

1026 1919 1170 1946 sublimis:
1191 1919 1354 1947 adversatur
1370 1920 1454 1955 (enim
1470 1921 1548 1957 Deo).

1061 1983 1174 2011 Manum
1200 1985 1227 2011 in
1258 1993 1353 2012 manus
1375 1987 1421 2021 qui
1432 1987 1531 2021 injuste
1550 1988 1649 2023 injicit,
1672 1989 1744 2016 haud
1767 1990 1819 2017 int-

1026 2038 1109 2065 purus
1139 2030 1232 2057 abibit.
1259 2031 1310 2064 Qui
1341 2032 1426 2059 labori
1452 2035 1569 2068 propriae
1598 2042 1694 2063 manus
1721 2044 1820 2071 operas

1028 2077 1144 2103 aliarum
1174 2084 1304 2103 manuum
1324 2082 1420 2104 contra
1441 2086 1549 2106 omnem
1564 2080 1668 2115 justam
1685 2083 1818 2109 rationem

1029 2122 1217 2152 admiscuerit,
1249 2130 1263 2148 a
1287 2122 1364 2157 justo
1393 2130 1560 2152 cunctorum
1587 2126 1693 2160 judice,
1725 2127 1752 2154 in
1776 2128 1820 2156 die

1031 2169 1232 2200 retributionis,
1252 2171 1359 2196 Veniam
1380 2177 1435 2197 non
1450 2171 1594 2199 obtinebit.

1065 2229 1175 2256 Initium
1194 2231 1241 2257 υἱα-
1254 2231 1338 2263 bona,
1350 2231 1437 2266 facere
1446 2234 1533 2267 juxta.
1550 2233 1680 2262 lntroitns
1692 2236 1724 2262 ad
1738 2236 1819 2263 vitam

1031 2275 1086 2302 Deo
1097 2279 1250 2310 acceptam,
1267 2280 1309 2303 est
1325 2277 1481 2311 purilicatio
1499 2281 1658 2313 passionum
1677 2288 1725 2315 per
1738 2289 1820 2316 opera

1031 2321 1142 2348 malitiae
1171 2322 1315 2356 opposita;
1346 2331 1410 2351 cum
1431 2325 1478 2351 illa
1495 2329 1523 2352 et
1555 2326 1697 2361 profectus
1715 2332 1742 2354 ct
1759 2335 1822 2362 pro-

1030 2367 1122 2394 lectio.

1067 2431 1144 2464 Αιιιιιί
1160 2430 1245 2457 Deum
1270 2432 1353 2467 magis
1377 2438 1482 2468 accepta
1517 2443 1596 2471 quam
1613 2437 1769 2471 sacriﬁcare
1779 2446 1823 2464 .m-

1031 2478 1144 2511 criﬁcia.
1168 2478 1254 2504 Multo
1270 2481 1425 2513 acceptiora
1461 2485 1526 2508 sunt
1548 2482 1663 2509 Domino
1685 2484 1821 2518 ejusmodi

1031 2531 1124 2558 opera.
1138 2530 1219 2558 quam
1230 2525 1391 2552 holocausta
1402 2526 1631 2555 irrationabilium
1643 2530 1821 2557 animalium:

1031 2572 1129 2605 spiritu
1160 2571 1232 2598 enim
1255 2572 1423 2599 mortiﬁeant
1451 2581 1573 2608 carnem,
1602 2584 1697 2611 quam,
1728 2581 1824 2605 sancta

1031 2617 1242 2645 conversatione
1260 2625 1321 2651 sua,
1340 2618 1367 2645 in
1382 2618 1436 2647 Deo
1447 2624 1555 2655 gratum
1578 2622 1744 2650 sacriﬁcium
1763 2632 1824 2659 per-

1031 2662 1136 2690 ﬁciunt.

1068 2729 1121 2762 Qui
1146 2730 1242 2765 quarril
1276 2730 1437 2766 Dominum},
1457 2733 1568 2760 inveniet
1604 2734 1742 2761 scientiam
1765 2743 1825 2762 cum

1026 2775 1148 2811 justitia.
1170 2776 1222 2809 Qui
1247 2776 1292 2804 Dei
1315 2779 1479 2813 assequendi
1501 2779 1618 2815 cupidus
1641 2785 1694 2814 est,
1713 2788 1826 2816 campa-

1031 2825 1105 2852 rabit
1121 2825 1173 2852 sibi
1187 2825 1336 2860 practicam
1352 2826 1496 2854 scientiam
1507 2828 1700 2856 mandatorum
1715 2830 1785 2863 ejus.

1067 2881 1119 2916 Qui
1144 2887 1213 2910 recte
1245 2884 1379 2919 requirunt
1399 2892 1468 2919 eum,
1494 2885 1623 2913 invenient
1644 2894 1744 2921 pacem.
1762 2887 1826 2918 Qui.
