2072 3161
179 205 245 237 138.")

683 207 889 238 COMMENTA
895 209 950 239 BII
983 210 1023 240 IN
1044 211 1270 243 PROVERBIA.

1728 219 1796 251 1386

174 263 289 298 ἄγγελος
302 263 455 298 προμηνύει
470 263 519 298 τὴν
533 263 580 289 ἐπὶ
589 264 645 295 τοῖς
669 265 865 301 ἀμετανοήτοις
890 267 959 294 κατὰ

1010 269 1071 303 quis
1082 271 1197 298 nuntius
1213 271 1446 306 impceuitentibus
1457 275 1579 309 prmdicit
1595 275 1656 303 illos
1667 276 1693 303 in
1706 276 1797 304 futuro

173 309 203 336 τὸ
215 308 311 344 μέλλον
326 308 454 344 στέρησιν
468 310 561 341 αὑτοῦ,
574 310 623 344 τῆς
635 309 720 343 ὅντως
734 311 816 347 ζωῆς.

215 376 299 410 Ἀνὴρ
311 376 345 402 δὲ
357 376 463 410 σοφὸς,
478 376 650 408 ἑξιλάσεται
664 379 769 405 αὐτόν.
783 379 918 411 Γενναεως
933 380 960 406 δ’

174 422 324 456 ὑπομείνας
347 423 382 448 τὰ
405 421 525 456 ἀλγεινὰ,
555 423 569 449 ὁ
593 422 718 450 ἐντεῦθεν
736 425 765 450 ὲν
787 425 961 460 συναισθήσει

174 467 319 502 γενόμενος
345 467 399 493 τῶν
414 467 523 494 οἰκείων
553 467 809 504 πλημμελημάτων,
837 470 884 496 καὶ
910 470 962 505 τῆς

174 513 217 539 ἐπ’
237 513 328 544 αὐτοῖς
341 513 492 548 μελλούσης
508 513 657 546 κολάσεως,
676 515 724 541 καὶ
744 514 790 541 τὸν
806 515 871 542 ἴδιον
903 515 960 550 βίον

173 559 402 594 διορθωσάμενος,
417 559 463 586 τὸν
479 559 528 594 μὲν
559 559 644 595 θυμὸν
670 559 753 587 αὑτοῦ
782 562 959 597 ἀποστρέψει.

175 604 354 630 ἐπισπάσεται
371 604 399 630 δὲ
412 603 460 639 τὴν
476 603 630 639 εὐμένειαν.

210 674 250 698 ιε’,
277 671 324 696 Ἐν
337 671 410 705 φωτὶ
425 670 507 704 ζωῆς,
522 671 588 703 υίὸς
598 671 761 703 βασιλέως.
785 671 828 697 Ἐν
840 671 878 705 τῷ
893 670 962 705 φωτὶ

175 717 292 752 ὑπάρχει
305 717 358 743 τῶν
372 716 486 743 ἐντολῶν
509 717 556 743 τοῦ
572 717 621 750 τῆς
635 716 809 752 δικαιοσύνης
831 715 935 747 Ἠλίου,
948 716 962 742 ὁ

173 762 218 801 διὰ
228 763 277 797 τῆς
290 763 329 793 είς
341 762 407 789 Θεὸν
424 762 471 789 καὶ
485 762 530 788 τὸν
545 762 659 797 πλησίον
684 762 805 797 ἀγάπης.
820 762 876 794 υἱὸς
892 762 964 789 κατὰ

175 808 254 843 χάριν
272 807 355 834 αὑτοῦ
367 806 414 834 τοῦ
429 808 539 834 πάντων
552 807 728 839 δεσπόζοντος
742 806 867 841 γενέσθαι
879 815 963 832 κατα-

175 854 291 886 ξιωθεὶς.

211 913 242 938 Ut
255 911 288 938 δὲ
305 911 486 945 προσδεκτοὶ
511 911 602 945 αὐτῷ,
618 911 718 946 ὥσπερ
733 912 826 946 νέφος
842 912 962 946 ὄψιμον.

175 958 206 984 0’.
222 958 250 984 δὲ
268 958 477 993 προσδεχόμενοι
495 959 560 993 παρ’
575 958 672 990 αὑτοῦ,
686 959 722 990 ὠς
736 958 778 985 διὰ
795 958 843 993 τὴν
860 959 900 989 είς
915 958 963 984 αὑ-

173 1003 220 1029 τὸν
230 1004 321 1030 πίστιν
332 1003 369 1039 τῷ
385 1004 460 1039 φόϐῳ
474 1004 526 1030 τῶν
543 1004 680 1031 κολάσεων
695 1003 836 1035 δουλικῶς,
850 1003 904 1030 ἀπὸ
915 1003 961 1030 τοῦ

174 1049 308 1084 προτέρου
322 1049 372 1084 τῆς
385 1051 483 1081 κακίας
497 1049 622 1084 βίου,ὲπὶ
633 1050 763 1085 τέλειτῆς
778 1050 881 1081 οἰκείας
890 1048 963 1084 ζωῆς

173 1096 395 1132 ἐπιστρέφοντες,
411 1098 457 1124 καὶ
480 1098 530 1129 τὰς
548 1098 587 1132 τῷ
618 1098 733 1133 φλογμῷ
750 1098 805 1124 τῶν
829 1097 962 1124 ἑκουσίων

175 1144 280 1176 παθῶν,
308 1144 398 1180 πάσης
429 1146 617 1180 πνευματικῆς
653 1145 755 1175 νοτίδος
785 1144 962 1180 στερηθείσας

173 1190 261 1225 ψυχὰς
277 1190 504 1225 καθυγραίνοντες
518 1192 550 1226 τῇ
560 1191 604 1217 διὰ
613 1191 759 1223 κατάνυξιν
769 1190 823 1217 τῶν
836 1190 962 1226 δακρύων

176 1239 234 1273 ῥοῇ,
250 1237 340 1272 ὀψίμῳ
353 1238 459 1264 ἐοίκασι
472 1238 551 1272 νέφει
575 1238 623 1264 καὶ
637 1238 785 1274 δροσίζοντι
798 1237 846 1272 τὴν
863 1237 962 1272 ξηραν-

174 1283 265 1309 θεῖσαν
281 1283 332 1317 γῆν
345 1282 383 1318 τῷ
399 1283 505 1317 θερινοῦ
526 1283 648 1318 φλογμοῦ
663 1283 793 1310 καύσωνι.

210 1342 257 1371 ις’.
270 1340 398 1366 Νοσσιαὶ
423 1340 534 1374 σοφίας
563 1340 750 1374 αἰρετὼτεραι
769 1339 909 1375 χρυσίου.
928 1340 960 1366 Al

172 1385 218 1412 τοῦ
238 1385 297 1417 νοὸς
306 1385 471 1421 θεωρητικαὶ
494 1386 575 1419 ἕξεις,
590 1387 623 1418 ἃς
644 1383 721 1417 οὗτος
740 1386 853 1421 δυνάμει
867 1386 961 1420 σοφίας

173 1430 302 1465 πηγνὺων
329 1432 357 1457 ὲν
387 1431 532 1466 πνεύματι,
561 1431 607 1458 ὲπί
621 1440 650 1458 τε
662 1433 696 1467 τῇ
719 1431 843 1465 αἰσθήσει
865 1431 911 1458 καὶ
926 1432 960 1466 τῇ

173 1477 317 1512 φαντασίᾳ,
344 1478 372 1504 ἐν
387 1477 498 1510 ταύταις
525 1478 573 1510 τὰς
592 1478 654 1514 περὶ
668 1478 723 1504 τῶν
744 1477 827 1504 ὄντων
851 1477 961 1512 ἀληθεῖς

172 1523 249 1555 δόξας
269 1523 339 1550 κατὰ
366 1524 485 1551 διάνοιαν
500 1522 544 1551 οἶά
558 1533 634 1555 τινας
660 1524 797 1559 ἀπογεννᾷ
818 1524 958 1557 νεοττοὺς,

173 1569 377 1604 προτιμὼτεραι
395 1569 510 1605 ὀερύζου
531 1570 655 1604 χρυσίου,
673 1569 710 1601 ὡς
723 1571 750 1596 ὲν
763 1570 828 1605 πυρὶ
843 1572 901 1601 ταῖς
915 1570 959 1596 λο-

1013 322 1074 342 vera
1090 315 1144 343 vita
1159 317 1306 344 orbandos.

1053 382 1099 409 Vir
1112 385 1218 418 sapiens
1232 385 1386 419 prapitiabit
1406 386 1493 414 illum.
1518 387 1570 420 Qui
1588 388 1716 416 dolorosa
1731 390 1798 416 viri-

1012 429 1073 455 liter
1092 430 1205 463 sull‘ert,
1236 431 1299 458 hinc
1326 431 1499 466 propriorum
1528 434 1691 461 delictorum
1729 442 1799 461 cou-

1000 474 1142 509 'scientia,
1153 476 1227 503 illius
1243 481 1332 504 autem
1343 477 1576 513 l‘uturisupplicii,
1587 487 1663 507 suam
1678 480 1797 508 vitamiu

1014 521 1110 547 melius
1129 522 1244 558 reducit,
1261 523 1329 550 iram
1348 523 1394 551 Dei
1408 525 1544 552 avertitct
1557 526 1617 559 ejus
1633 525 1799 554 benevolen-

1013 565 1077 592 tiam
1094 566 1145 593 sibi
1160 572 1312 603 comparat.

1049 677 1131 705 Vens.
1149 678 1191 705 15.
1204 678 1235 705 In
1244 679 1341 706 lumine
1350 680 1409 706 vitrv
1417 681 1487 714 ﬁlius
1497 679 1584 716 Regis.
1596 680 1623 707 In
1631 681 1735 708 lumine
1745 681 1800 716 agit

1014 724 1202 750 mandatorum
1216 725 1418 759 Solisjustitiae.
1433 733 1497 760 erga
1508 725 1591 754 Deum
1606 731 1632 753 et
1645 728 1799 761 proximum

1013 767 1158 798 eliaritate,
1173 768 1245 796 [ilius
1267 776 1315 803 per
1333 771 1448 804 gratiam
1463 770 1552 805 ipsius
1565 771 1687 797 omnium
1706 770 1798 797 Domi-

1013 813 1118 839 natoris
1137 812 1194 839 fieri
1210 813 1371 847 promeruit.

1051 922 1103 955 Qui
1125 928 1213 951 autem
1230 925 1331 960 accepti
1344 929 1405 952 sunt
1422 926 1458 959 ei,
1480 926 1546 953 velut
1561 927 1643 954 imber
1656 927 1798 953 serotinus.

1015 967 1066 1001 Qui
1093 974 1184 997 autent
1212 971 1316 1006 accepti
1343 975 1409 998 sunt
1435 972 1468 998 ab
1491 972 1562 1006 ipso,
1589 976 1727 1006 quatenus
1752 980 1799 1007 per

1015 1013 1094 1041 [idem
1106 1014 1135 1042 in
1152 1015 1240 1049 ipsum
1254 1016 1404 1051 servilique
1419 1024 1563 1051 poenarum
1576 1021 1662 1048 metu,
1678 1025 1693 1044 a
1708 1018 1799 1052 priore

1013 1067 1142 1094 perverso
1155 1062 1238 1094 victu,
1260 1062 1292 1089 ad
1316 1063 1395 1090 linem
1419 1065 1537 1098 propria:
1549 1064 1624 1096 vitaz,
1637 1071 1667 1091 se
1681 1072 1798 1091 conver-

1014 1109 1084 1139 tunt,
1107 1111 1188 1142 atque
1204 1109 1322 1141 animas,
1337 1109 1554 1137 voluntariarum
1582 1109 1677 1136 ardore
1693 1109 1798 1144 passio:

1013 1158 1078 1177 imm
1095 1153 1168 1178 omni
1182 1153 1318 1187 spirituali
1338 1153 1453 1182 humore
1470 1155 1593 1188 orbatas,
1611 1155 1799 1189 eompunctio-

1013 1197 1055 1224 uis
1071 1197 1253 1233 lacrymarum
1271 1200 1337 1226 rivis
1354 1200 1483 1235 irrigant,
1501 1202 1582 1228 imbri
1607 1202 1728 1228 serotino
1742 1206 1798 1228 ter—

1012 1248 1126 1276 ramque
1146 1244 1232 1270 aestivi
1248 1245 1349 1272 caloris
1365 1251 1433 1273 aestu
1461 1247 1642 1274 dessiccalam
1662 1247 1796 1282 irriganti,

1012 1287 1117 1316 similes
1137 1294 1211 1316 sunt.

1048 1343 1131 1372 Vens.
1152 1345 1192 1373 I6.
1217 1346 1284 1373 Nidi
1310 1348 1447 1381 sapientia:
1470 1349 1700 1377 desiderabiliores
1720 1358 1798 1377 auro.

1013 1388 1196 1424 Speculativa:
1208 1394 1307 1420 mentis
1321 1395 1509 1428 operatioues,
1526 1403 1596 1430 quas
1613 1396 1670 1430 ipsa
1689 1397 1798 1431 sapiens

1013 1434 1055 1461 lia:
1077 1441 1177 1464 virtute
1200 1445 1370 1472 componens
1392 1439 1419 1466 in
1445 1440 1584 1467 intellectu
1605 1449 1742 1476 sensuque
1766 1450 1798 1468 ac

1012 1480 1218 1516 imaginatione,
1241 1484 1276 1510 ibi
1301 1492 1379 1512 veras
1395 1485 1468 1512 circa
1484 1493 1516 1513 ea
1539 1494 1592 1521 qua
1607 1491 1672 1514 sunt
1694 1487 1798 1515 doctri-

1011 1533 1071 1557 nas,
1094 1534 1142 1561 per
1167 1529 1371 1562 cogitationem,
1398 1531 1471 1557 velut
1501 1532 1647 1566 quamdam
1671 1540 1798 1568 procreat

1012 1571 1102 1597 avium
1122 1573 1236 1606 prolem,
1250 1574 1352 1609 obryso
1367 1576 1542 1610 prielcreutlze
1554 1581 1620 1604 sunt
1635 1586 1712 1610 auro.
1730 1587 1797 1614 qua-

171 1615 264 1648 γικαῖς
285 1615 411 1650 βασάνοις
437 1615 662 1650 δοκιμαζόμεναι,
695 1616 741 1642 καὶ
767 1616 838 1642 κατὰ
859 1617 958 1650 γνῶσιν

1011 1620 1090 1644 tenus
1102 1619 1215 1646 rationis
1229 1621 1405 1649 tentameutis
1414 1627 1443 1648 ut
1452 1623 1479 1649 in
1493 1623 1554 1657 igne
1564 1625 1684 1658 probata:
1696 1632 1794 1652 secun-

172 1662 302 1696 ἀμείωτοι
317 1661 510 1696 εὐρισκόμεναι

206 1718 334 1751 Νοοῖσιαὶ
358 1718 392 1745 δὲ
420 1717 606 1752 φρονήσεως,
622 1716 808 1752 αἱρετώτεραι
819 1719 895 1752 ὑπὲρ
906 1720 958 1753 ἀρ-

172 1765 285 1800 γύριον.
313 1765 346 1790 Ai.
360 1763 388 1790 δὲ
403 1763 450 1790 τοῦ
466 1764 546 1798 λόγου
562 1764 713 1800 πρακτικαὶ
730 1764 812 1797 ἕξεις,
833 1765 865 1796 ἃς
881 1763 959 1797 οὗτος

171 1810 284 1844 δυνάμει
302 1810 460 1845 φρονήσεως
492 1810 538 1836 ἐπὶ
560 1811 593 1845 τῇ
613 1810 745 1846 ἐπιθυμίᾳ
763 1811 809 1837 καὶ
824 1811 863 1846 τῷ
880 1811 959 1847 θυμῷ

172 1856 313 1891 πηγνύων,
336 1857 364 1882 ὲν
392 1856 496 1887 τούτοις
515 1856 576 1883 κατ’
600 1856 764 1883 ἐπιστασίαν
783 1857 833 1888 τὰς
858 1858 958 1893 ἀρετὰς

171 1899 216 1929 οἶὰ
242 1910 317 1933 τινας
341 1901 465 1932 νεοττοὺς
492 1901 622 1935 προάγει,
649 1902 783 1937 ἀργυρίου
805 1902 958 1936 τηλαυγοῦς

172 1946 385 1983 προτιμώτεραι,
413 1946 457 1973 διὰ
478 1946 536 1981 βίου
563 1946 738 1983 καθαρότητα
762 1949 809 1974 καὶ
834 1948 957 1983 λαμπρό-

171 2000 251 2026 τητα.

207 2048 250 2081 ιζ’.
269 2048 363 2083 Τρίϐοι
385 2047 460 2082 ζωῆς
489 2047 685 2075 ἐκκλίνουσιν
714 2048 773 2075 ἀπὸ
790 2048 901 2075 κακῶν.
925 2049 957 2075 At

171 2094 230 2120 κατ’
246 2093 347 2129 ἀρετὴν
361 2092 417 2120 ἀπὸ
433 2093 589 2129 εἰσαγωγῆς
612 2093 656 2120 διὰ
673 2094 814 2129 προκοπῆς
831 2094 899 2129 πρὸς
913 2103 957 2120 τε-

171 2139 296 2173 λειότητα
311 2139 419 2173 πορεῖαι
447 2138 497 2173 τῆς
516 2138 704 2173 πνευματικῆς
716 2138 787 2173 ζωῆς
801 2138 849 2165 τοῦ
862 2139 958 2174 εὐαρε-

172 2185 243 2210 στεῖν
258 2183 318 2218 Θεῷ
331 2183 502 2215 σπεύδοντος,
532 2183 569 2215 ὡς
590 2183 681 2215 πάσας
711 2183 889 2220 κατορθοῦσαι
908 2185 958 2217 τὰς

171 2230 290 2264 ἐντολὰς,
306 2231 397 2257 πᾶσαν
419 2229 520 2257 κακίαν
533 2230 724 2265 ἐκφεύγουσιν.

1010 1662 1129 1698 dumque
1146 1664 1287 1692 scientiam
1304 1666 1416 1701 integrae
1433 1673 1556 1703 repertae.

1046 1719 1079 1746 Et
1101 1720 1157 1747 nidi
1168 1721 1316 1754 prudentia:
1335 1724 1505 1756 pretiosiores
1519 1731 1640 1761 argento.
1664 1727 1795 1756 Practicas

1011 1775 1100 1794 autem
1127 1769 1242 1796 rationis
1264 1770 1451 1802 operatioues,
1475 1779 1543 1806 quas
1561 1772 1618 1806 ipsa
1640 1774 1796 1808 prudentia:

1010 1812 1122 1845 virtute,
1148 1812 1175 1838 in
1189 1813 1330 1841 voluntate
1351 1819 1378 1841 et
1402 1815 1429 1842 in
1455 1815 1539 1843 corde
1556 1823 1733 1852 componens,
1758 1819 1794 1846 ibi

1010 1863 1058 1890 per
1083 1857 1284 1885 incubationem
1302 1860 1418 1887 virtutes
1444 1861 1517 1888 sicut
1534 1863 1680 1896 quamdam
1704 1865 1794 1892 avium

1010 1901 1113 1935 prolem
1132 1903 1271 1936 producit.
1289 1911 1402 1940 argento
1424 1907 1590 1941 profulgenti
1608 1913 1720 1944 propter
1735 1911 1796 1938 vita:

1010 1946 1154 1980 puritatem
1170 1953 1196 1975 et
1213 1949 1362 1977 claritatem
1378 1956 1442 1978 sunt
1461 1953 1643 1986 pratici-elidat.

1046 2047 1128 2075 Vens.
1143 2049 1186 2076 17.
1201 2049 1309 2077 Semin
1329 2051 1387 2078 vitae
1404 2052 1539 2080 declinant
1557 2062 1574 2081 a
1589 2055 1680 2083 utalia.
1696 2056 1736 2083 Illi
1751 2065 1794 2085 se

1010 2094 1131 2121 eundum
1149 2095 1276 2122 virtutem
1295 2096 1329 2124 ab
1347 2099 1459 2125 exordio
1471 2119 1478 2131 ,
1495 2107 1543 2133 per
1558 2108 1732 2136 progressus,
1747 2111 1795 2131 us-

1010 2147 1062 2174 que
1076 2140 1109 2167 ad
1123 2141 1271 2168 terminum
1283 2143 1407 2171 tramites
1422 2144 1448 2171 in
1461 2145 1597 2180 spirituali
1608 2147 1727 2176 liomiuis
1741 2149 1795 2177 Deo

1009 2186 1118 2219 placere
1143 2188 1271 2215 conantis
1299 2188 1367 2222 vita,
1383 2196 1520 2224 quatenus
1543 2197 1641 2220 cuncta
1668 2195 1794 2222 mandata

1010 2232 1153 2266 ordinant,
1170 2241 1279 2262 omnem
1292 2235 1424 2263 malitiam
1441 2237 1585 2272 ell‘ugiunt.

211 2286 313 2320 Μῆκος
328 2286 362 2313 δὲ
373 2287 457 2319 βίου,
472 2287 537 2314 ὁδοὶ
553 2287 759 2321 δικαιοσύνης.
787 2285 870 2315 Abeat
889 2289 918 2315 δὲ
931 2289 958 2315 αἱ

1046 2288 1195 2324 Longitudo
1215 2296 1302 2318 autem
1325 2293 1396 2325 vitw,
1426 2294 1474 2320 vim
1490 2295 1618 2329 justitiw.
1644 2296 1710 2332 Ipsae
1731 2306 1794 2326 vero

171 2334 241 2360 κατὰ
256 2334 319 2365 τοὺς
339 2334 429 2365 θείους
458 2335 558 2369 νόμους
583 2335 728 2367 πολιτεῖαι,
755 2335 828 2370 ζωῆς
851 2335 956 2363 ⁸ποιοῦσι

170 2380 344 2414 παράτασιν·
375 2379 430 2406 ἀπὸ
456 2380 506 2414 τῆς
543 2380 712 2415 προσκαίρου
748 2382 816 2416 πρὸς
851 2382 900 2416 τὴν
928 2383 957 2408 ὲν

170 2424 230 2459 Θεῷ
256 2424 452 2460 ἀτελεύτητον,
480 2425 544 2456 τοὺς
570 2425 714 2461 ἑλομένους
747 2427 832 2458 αὐτὰς
866 2435 956 2462 παρα-

171 2469 204 2496 πέ
208 2478 338 2505 μπουσαι.

211 2527 242 2553 ’0
258 2527 423 2562 δεχόμενος
441 2528 592 2560 παιδείαν,
609 2528 650 2563 ,ἐν
675 2529 795 2563 ἀγαθοῖς
812 2529 906 2557 ἔσται.
928 2531 955 2556 ’0

170 2572 338 2607 εὐχαρίστως
353 2573 496 2607 ὑπομένων
509 2573 558 2605 τὰς
569 2574 623 2600 τῶν
634 2575 769 2601 ἀκουσίων
784 2575 873 2602 πόνων
888 2575 956 2610 προς

169 2617 311 2653 διόρθωσιν
325 2618 484 2653 ἐπαγωγὰς,
501 2619 557 2651 ἔξει
567 2620 778 2655 μισθαποδοσίαν
787 2622 821 2649 τὰ
832 2623 860 2648 ἐν
868 2622 954 2656 ἐπαγ-

169 2663 271 2698 γελίαις
285 2664 383 2698 ἀγαθά.

210 2721 241 2747 '0
252 2720 286 2747 δὲ
296 2721 466 2755 φυλάσσων
487 2721 644 2756 ἐλέγχους,
672 2724 902 2758 σοφισθήσεται.
925 2725 953 2751 Ὀ

167 2766 196 2793 δὲ
208 2767 298 2802 τηρῶν
307 2767 356 2798 τὰς
364 2767 524 2802 δηλοποιοὺς
536 2768 626 2802 πάσης
638 2769 737 2800 κακίας
750 2770 824 2801 Oeta,-
833 2769 951 2802 ἐντολὰς,

167 2812 214 2839 τοῦ
230 2812 313 2844 ὅντως
328 2812 430 2847 ἀγαθοῦ
445 2814 606 2848 ἐπιστήμων
623 2815 773 2850 γενήσεται.

207 2870 258 2902 ’ος
273 2869 427 2904 φυλάσσει
456 2870 511 2902 τὰς
538 2870 647 2897 ἑαυτοῦ
676 2871 775 2904 ὀδοὺς,
792 2873 877 2907 τηρεῖ
896 2873 952 2907 τὴν

167 2913 275 2941 ἑαυτοῦ
288 2914 404 2947 ψυχήν.
423 2915 470 2945 ‘0;
483 2914 526 2940 Et}:
543 2914 614 2941 θεῖον
631 2915 714 2948 φόϐον
728 2917 808 2951 τηρεῖ
827 2918 874 2949 τὰς
891 2920 950 2945 κατ’

305 2960 442 2990 Parnm.
460 2961 517 2990 Gn.
535 2961 714 2992 LXXXVII.

1005 2334 1084 2368 juxta
1105 2334 1212 2364 divinas
1236 2336 1309 2372 leges
1330 2339 1427 2373 agendi
1455 2340 1505 2367 via:
1524 2340 1608 2367 vitam
1632 2343 1792 2376 extendunt,

1007 2381 1143 2416 siquidem
1160 2381 1194 2408 ab
1215 2389 1247 2409 ea
1263 2390 1325 2417 quae
1344 2388 1534 2412 momentauea
1553 2389 1596 2413 est
1609 2385 1664 2414 vita
1681 2388 1716 2415 ad
1732 2396 1792 2416 eam

1007 2435 1068 2461 quae
1085 2428 1147 2455 inde
1176 2433 1218 2456 est
1244 2431 1423 2465 sempiterna,
1443 2432 1489 2466 qui
1501 2437 1655 2468 sequuntur
1671 2441 1719 2462 eas
1731 2443 1793 2470 pcr-

1007 2473 1120 2500 ducunt.

1043 2531 1094 2562 Qui
1109 2531 1277 2566 disciplinam
1294 2534 1395 2567 recipit.
1426 2535 1452 2560 in
1469 2534 1543 2562 bonis
1566 2536 1627 2562 erit.
1646 2535 1696 2569 Qui
1715 2541 1792 2571 grate

1006 2577 1124 2603 sustinet
1139 2578 1338 2606 involuutarios
1351 2579 1459 2607 labores
1471 2580 1504 2608 ad
1519 2582 1792 2610 eorrectionemeon-

1005 2621 1138 2650 ducentes
1152 2624 1306 2652 mercedem
1320 2625 1431 2652 habebit
1450 2627 1584 2661 promissa
1601 2627 1683 2655 bona.

1041 2727 1093 2759 Qui
1108 2732 1195 2754 autent
1206 2729 1362 2756 documenta
1373 2736 1472 2760 servat.
1487 2731 1590 2763 sapiens
1603 2733 1658 2766 ﬁet.
1675 2731 1725 2765 Qui
1744 2733 1790 2760 de-

1005 2774 1217 2800 motistl'aliones
1232 2776 1322 2802 omnis
1338 2778 1527 2810 perversitatis
1543 2778 1678 2811 observat,
1697 2779 1789 2806 divina

1004 2823 1139 2854 pra-cepta
1156 2820 1213 2847 veri
1224 2820 1288 2848 boni
1300 2828 1458 2857 cognoscet.

1039 2873 1092 2905 Qui
1118 2875 1232 2901 custodit
1254 2877 1310 2903 aias
1332 2886 1406 2911 suas,
1427 2879 1545 2914 invigilat
1572 2887 1649 2914 super
1672 2881 1788 2907 animum

1003 2926 1089 2946 suum.
1112 2920 1164 2952 Qui
1187 2921 1222 2949 ob
1245 2922 1290 2950 Dei
1307 2924 1432 2954 timorem
1462 2927 1520 2955 vias
1548 2935 1614 2955 suas
1638 2927 1787 2955 secundum

1539 2973 1575 3002 Mt»
