  <div class='ocr_page' id='page_1' title='image "/cluster/home/n/w/nwhite01/storage/ocr_20150623/87, pt.1/njp.32101013202641/701.png"; bbox 0 0 2072 3161; ppageno 0'>
   <div class='ocr_carea' id='block_1_1' title="bbox 296 200 362 232">
    <p class='ocr_par' dir='ltr' id='par_1_1' title="bbox 296 200 362 232">
     <span class='ocr_line' id='line_1_1' title="bbox 296 200 362 232; baseline -0.015 0"><span class='ocrx_word' id='word_1_1' title='bbox 296 200 362 232; x_wconf 82' lang='grc'><strong>1387</strong></span> 
     </span>
    </p>
   </div>
   <div class='ocr_carea' id='block_1_2' title="bbox 957 195 1268 226">
    <p class='ocr_par' dir='ltr' id='par_1_2' title="bbox 957 195 1268 226">
     <span class='ocr_line' id='line_1_2' title="bbox 957 195 1268 226; baseline -0.006 0"><span class='ocrx_word' id='word_1_2' title='bbox 957 195 1131 226; x_wconf 64' lang='grc' dir='ltr'><strong>ΡΒΠΟΟΡΙΙ</strong></span> <span class='ocrx_word' id='word_1_3' title='bbox 1148 195 1268 225; x_wconf 61' lang='lat' dir='ltr'><strong>GAZJEI</strong></span> 
     </span>
    </p>
   </div>
   <div class='ocr_carea' id='block_1_3' title="bbox 1855 193 1925 226">
    <p class='ocr_par' dir='ltr' id='par_1_3' title="bbox 1855 193 1925 226">
     <span class='ocr_line' id='line_1_3' title="bbox 1855 193 1925 226; baseline -0.014 0"><span class='ocrx_word' id='word_1_4' title='bbox 1855 193 1925 226; x_wconf 79' lang='lat'><strong>1388</strong></span> 
     </span>
    </p>
   </div>
   <div class='ocr_carea' id='block_1_4' title="bbox 292 254 1084 292">
    <p class='ocr_par' dir='ltr' id='par_1_4' title="bbox 292 257 1084 292">
     <span class='ocr_line' id='line_1_4' title="bbox 292 257 1084 292; baseline -0.001 -7"><span class='ocrx_word' id='word_1_5' title='bbox 292 261 422 287; x_wconf 83' lang='lat' dir='ltr'><strong>virtutem</strong></span> <span class='ocrx_word' id='word_1_6' title='bbox 434 263 537 292; x_wconf 83' lang='lat' dir='ltr'><strong>servat,</strong></span> <span class='ocrx_word' id='word_1_7' title='bbox 556 259 594 286; x_wconf 88' lang='lat' dir='ltr'><strong>ita</strong></span> <span class='ocrx_word' id='word_1_8' title='bbox 615 263 643 285; x_wconf 91' lang='lat' dir='ltr'><strong>ut</strong></span> <span class='ocrx_word' id='word_1_9' title='bbox 658 266 673 285; x_wconf 72' lang='grc' dir='ltr'><strong>ιι</strong></span> <span class='ocrx_word' id='word_1_10' title='bbox 689 257 787 285; x_wconf 81' lang='lat' dir='ltr'><strong>semita</strong></span> <span class='ocrx_word' id='word_1_11' title='bbox 803 257 868 285; x_wconf 89' lang='lat' dir='ltr'><strong>boni</strong></span> <span class='ocrx_word' id='word_1_12' title='bbox 884 264 939 284; x_wconf 93' lang='lat' dir='ltr'><strong>non</strong></span> <span class='ocrx_word' id='word_1_13' title='bbox 954 257 1084 289; x_wconf 84' lang='lat' dir='ltr'><strong>declinet,</strong></span> 
     </span>
    </p>
   </div>
   <div class='ocr_carea' id='block_1_5' title="bbox 1133 254 1926 292">
    <p class='ocr_par' dir='ltr' id='par_1_5' title="bbox 1134 254 1926 292">
     <span class='ocr_line' id='line_1_5' title="bbox 1134 254 1926 292; baseline -0.004 -8"><span class='ocrx_word' id='word_1_14' title='bbox 1134 257 1235 292; x_wconf 79' lang='grc' dir='ltr'>ἀρετὴν</span> <span class='ocrx_word' id='word_1_15' title='bbox 1246 256 1361 292; x_wconf 86' lang='grc' dir='ltr'>πορείας</span> <span class='ocrx_word' id='word_1_16' title='bbox 1389 256 1485 288; x_wconf 79' lang='grc' dir='ltr'>αὑτοῦ,</span> <span class='ocrx_word' id='word_1_17' title='bbox 1500 257 1540 287; x_wconf 83' lang='grc' dir='ltr'><strong>εἰς</strong></span> <span class='ocrx_word' id='word_1_18' title='bbox 1565 255 1595 282; x_wconf 77' lang='grc' dir='ltr'>τὸ</span> <span class='ocrx_word' id='word_1_19' title='bbox 1612 255 1650 291; x_wconf 76' lang='grc' dir='ltr'>μὴ</span> <span class='ocrx_word' id='word_1_20' title='bbox 1666 255 1712 282; x_wconf 81' lang='grc' dir='ltr'>τοῦ</span> <span class='ocrx_word' id='word_1_21' title='bbox 1735 254 1835 288; x_wconf 75' lang='grc' dir='ltr'>ἀγαθοῦ</span> <span class='ocrx_word' id='word_1_22' title='bbox 1851 263 1926 291; x_wconf 77' lang='grc' dir='ltr'>παρ-</span> 
     </span>
    </p>
   </div>
   <div class='ocr_carea' id='block_1_6' title="bbox 295 303 974 340">
    <p class='ocr_par' dir='ltr' id='par_1_6' title="bbox 295 303 974 340">
     <span class='ocr_line' id='line_1_6' title="bbox 295 303 974 340; baseline -0.006 -7"><span class='ocrx_word' id='word_1_23' title='bbox 295 310 385 333; x_wconf 88' lang='lat' dir='ltr'><strong>tutam</strong></span> <span class='ocrx_word' id='word_1_24' title='bbox 401 313 415 332; x_wconf 91' lang='lat' dir='ltr'><strong>a</strong></span> <span class='ocrx_word' id='word_1_25' title='bbox 433 305 537 333; x_wconf 87' lang='lat' dir='ltr'><strong>malitia</strong></span> <span class='ocrx_word' id='word_1_26' title='bbox 552 305 691 340; x_wconf 81' lang='lat' dir='ltr'><strong>propriam</strong></span> <span class='ocrx_word' id='word_1_27' title='bbox 707 303 829 331; x_wconf 89' lang='lat' dir='ltr'><strong>custodit</strong></span> <span class='ocrx_word' id='word_1_28' title='bbox 844 303 974 330; x_wconf 85' lang='lat' dir='ltr'><strong>animam.</strong></span> 
     </span>
    </p>
   </div>
   <div class='ocr_carea' id='block_1_7' title="bbox 328 391 1082 432">
    <p class='ocr_par' dir='ltr' id='par_1_7' title="bbox 328 391 1082 432">
     <span class='ocr_line' id='line_1_7' title="bbox 328 391 1082 432; baseline -0.009 -6"><span class='ocrx_word' id='word_1_29' title='bbox 328 399 381 432; x_wconf 79' lang='lat' dir='ltr'><strong>Qui</strong></span> <span class='ocrx_word' id='word_1_30' title='bbox 405 406 464 425; x_wconf 74' lang='lat' dir='ltr'><strong>vero</strong></span> <span class='ocrx_word' id='word_1_31' title='bbox 482 405 558 425; x_wconf 79' lang='lat' dir='ltr'><strong>suam</strong></span> <span class='ocrx_word' id='word_1_32' title='bbox 574 396 655 423; x_wconf 79' lang='lat' dir='ltr'><strong>vitam</strong></span> <span class='ocrx_word' id='word_1_33' title='bbox 680 400 763 427; x_wconf 84' lang='lat' dir='ltr'><strong>amat,</strong></span> <span class='ocrx_word' id='word_1_34' title='bbox 778 395 819 421; x_wconf 84' lang='lat' dir='ltr'><strong>ori</strong></span> <span class='ocrx_word' id='word_1_35' title='bbox 844 402 892 421; x_wconf 76' lang='lat' dir='ltr'><strong>suo</strong></span> <span class='ocrx_word' id='word_1_36' title='bbox 912 397 1011 428; x_wconf 80' lang='lat' dir='ltr'><strong>parcet.</strong></span> <span class='ocrx_word' id='word_1_37' title='bbox 1030 391 1082 425; x_wconf 85' lang='lat' dir='ltr'><strong>Qui</strong></span> 
     </span>
    </p>
   </div>
   <div class='ocr_carea' id='block_1_8' title="bbox 293 438 1081 479">
    <p class='ocr_par' dir='ltr' id='par_1_8' title="bbox 293 438 1081 479">
     <span class='ocr_line' id='line_1_8' title="bbox 293 438 1081 479; baseline -0.01 -7"><span class='ocrx_word' id='word_1_38' title='bbox 293 453 358 472; x_wconf 77' lang='lat' dir='ltr'><strong>vero</strong></span> <span class='ocrx_word' id='word_1_39' title='bbox 377 443 548 479; x_wconf 84' lang='lat' dir='ltr'><strong>spiritualem</strong></span> <span class='ocrx_word' id='word_1_40' title='bbox 570 442 652 469; x_wconf 89' lang='lat' dir='ltr'><strong>vitam</strong></span> <span class='ocrx_word' id='word_1_41' title='bbox 672 445 702 467; x_wconf 91' lang='lat' dir='ltr'><strong>ut</strong></span> <span class='ocrx_word' id='word_1_42' title='bbox 723 440 775 467; x_wconf 90' lang='lat' dir='ltr'><strong>sibi</strong></span> <span class='ocrx_word' id='word_1_43' title='bbox 794 438 952 466; x_wconf 83' lang='lat' dir='ltr'><strong>rationabili</strong></span> <span class='ocrx_word' id='word_1_44' title='bbox 969 445 1081 473; x_wconf 88' lang='lat' dir='ltr'><strong>compc-</strong></span> 
     </span>
    </p>
   </div>
   <div class='ocr_carea' id='block_1_9' title="bbox 294 485 1082 523">
    <p class='ocr_par' dir='ltr' id='par_1_9' title="bbox 294 485 1082 523">
     <span class='ocr_line' id='line_1_9' title="bbox 294 485 1082 523; baseline -0.011 -5"><span class='ocrx_word' id='word_1_45' title='bbox 294 494 408 520; x_wconf 87' lang='lat' dir='ltr'><strong>teutem.</strong></span> <span class='ocrx_word' id='word_1_46' title='bbox 433 488 533 523; x_wconf 75' lang='lat' dir='ltr'><strong>diligit,</strong></span> <span class='ocrx_word' id='word_1_47' title='bbox 553 487 638 514; x_wconf 83' lang='lat' dir='ltr'><strong>multa</strong></span> <span class='ocrx_word' id='word_1_48' title='bbox 656 485 767 520; x_wconf 84' lang='lat' dir='ltr'><strong>quidem</strong></span> <span class='ocrx_word' id='word_1_49' title='bbox 791 485 892 517; x_wconf 86' lang='lat' dir='ltr'><strong>audiet,</strong></span> <span class='ocrx_word' id='word_1_50' title='bbox 915 490 1001 518; x_wconf 79' lang='lat' dir='ltr'><strong>pauca</strong></span> <span class='ocrx_word' id='word_1_51' title='bbox 1017 490 1082 510; x_wconf 84' lang='lat' dir='ltr'><strong>vero</strong></span> 
     </span>
    </p>
   </div>
   <div class='ocr_carea' id='block_1_10' title="bbox 294 527 1080 568">
    <p class='ocr_par' dir='ltr' id='par_1_10' title="bbox 294 527 1080 568">
     <span class='ocr_line' id='line_1_10' title="bbox 294 527 1080 568; baseline -0.01 -7"><span class='ocrx_word' id='word_1_52' title='bbox 294 535 433 568; x_wconf 86' lang='lat' dir='ltr'><strong>loquetur,</strong></span> <span class='ocrx_word' id='word_1_53' title='bbox 448 532 480 560; x_wconf 84' lang='lat' dir='ltr'><strong>ad</strong></span> <span class='ocrx_word' id='word_1_54' title='bbox 493 531 647 559; x_wconf 83' lang='lat' dir='ltr'><strong>iaciendum</strong></span> <span class='ocrx_word' id='word_1_55' title='bbox 658 529 766 564; x_wconf 86' lang='lat' dir='ltr'><strong>quidem</strong></span> <span class='ocrx_word' id='word_1_56' title='bbox 779 536 809 555; x_wconf 88' lang='lat' dir='ltr'><strong>ea</strong></span> <span class='ocrx_word' id='word_1_57' title='bbox 818 535 878 562; x_wconf 81' lang='lat' dir='ltr'><strong>quae</strong></span> <span class='ocrx_word' id='word_1_58' title='bbox 890 527 986 554; x_wconf 82' lang='lat' dir='ltr'><strong>didicit</strong></span> <span class='ocrx_word' id='word_1_59' title='bbox 998 527 1080 558; x_wconf 83' lang='lat' dir='ltr'><strong>bona,</strong></span> 
     </span>
    </p>
   </div>
   <div class='ocr_carea' id='block_1_11' title="bbox 294 572 1083 613">
    <p class='ocr_par' dir='ltr' id='par_1_11' title="bbox 294 572 1083 613">
     <span class='ocr_line' id='line_1_11' title="bbox 294 572 1083 613; baseline -0.01 -7"><span class='ocrx_word' id='word_1_60' title='bbox 294 587 350 606; x_wconf 87' lang='lat' dir='ltr'><strong>non</strong></span> <span class='ocrx_word' id='word_1_61' title='bbox 373 577 541 613; x_wconf 89' lang='lat' dir='ltr'><strong>loquendum</strong></span> <span class='ocrx_word' id='word_1_62' title='bbox 559 580 649 603; x_wconf 85' lang='lat' dir='ltr'><strong>autem</strong></span> <span class='ocrx_word' id='word_1_63' title='bbox 672 574 705 601; x_wconf 88' lang='lat' dir='ltr'><strong>de</strong></span> <span class='ocrx_word' id='word_1_64' title='bbox 722 574 755 601; x_wconf 92' lang='lat' dir='ltr'><strong>iis</strong></span> <span class='ocrx_word' id='word_1_65' title='bbox 775 581 836 608; x_wconf 66' lang='lat' dir='ltr'><strong>quae</strong></span> <span class='ocrx_word' id='word_1_66' title='bbox 862 572 983 600; x_wconf 92' lang='lat' dir='ltr'><strong>nondum</strong></span> <span class='ocrx_word' id='word_1_67' title='bbox 1001 572 1083 599; x_wconf 88' lang='lat' dir='ltr'><strong>intel-</strong></span> 
     </span>
    </p>
   </div>
   <div class='ocr_carea' id='block_1_12' title="bbox 294 619 1082 654">
    <p class='ocr_par' dir='ltr' id='par_1_12' title="bbox 294 619 1082 654">
     <span class='ocr_line' id='line_1_12' title="bbox 294 619 1082 654; baseline -0.008 -2"><span class='ocrx_word' id='word_1_68' title='bbox 294 626 365 652; x_wconf 89' lang='lat' dir='ltr'><strong>lectu</strong></span> <span class='ocrx_word' id='word_1_69' title='bbox 381 627 547 652; x_wconf 88' lang='lat' dir='ltr'><strong>consecutus</strong></span> <span class='ocrx_word' id='word_1_70' title='bbox 565 627 619 654; x_wconf 82' lang='lat' dir='ltr'><strong>est,</strong></span> <span class='ocrx_word' id='word_1_71' title='bbox 641 629 693 649; x_wconf 90' lang='lat' dir='ltr'><strong>nec</strong></span> <span class='ocrx_word' id='word_1_72' title='bbox 710 621 808 648; x_wconf 85' lang='lat' dir='ltr'><strong>exinde</strong></span> <span class='ocrx_word' id='word_1_73' title='bbox 828 624 924 647; x_wconf 75' lang='lat' dir='ltr'><strong>contra</strong></span> <span class='ocrx_word' id='word_1_74' title='bbox 938 619 1082 647; x_wconf 79' lang='lat' dir='ltr'><strong>veritatem</strong></span> 
     </span>
    </p>
   </div>
   <div class='ocr_carea' id='block_1_13' title="bbox 294 667 522 703">
    <p class='ocr_par' dir='ltr' id='par_1_13' title="bbox 294 667 522 703">
     <span class='ocr_line' id='line_1_13' title="bbox 294 667 522 703; baseline -0.009 -7"><span class='ocrx_word' id='word_1_75' title='bbox 294 667 522 703; x_wconf 85' lang='lat' dir='ltr'><strong>delinquendum.</strong></span> 
     </span>
    </p>
   </div>
   <div class='ocr_carea' id='block_1_14' title="bbox 328 710 1082 746">
    <p class='ocr_par' dir='ltr' id='par_1_14' title="bbox 328 710 1082 746">
     <span class='ocr_line' id='line_1_14' title="bbox 328 710 1082 746; baseline -0.007 -4"><span class='ocrx_word' id='word_1_76' title='bbox 328 715 397 742; x_wconf 81' lang='lat' dir='ltr'><strong>Ante</strong></span> <span class='ocrx_word' id='word_1_77' title='bbox 416 714 599 742; x_wconf 80' lang='lat' dir='ltr'><strong>contritionem</strong></span> <span class='ocrx_word' id='word_1_78' title='bbox 614 711 730 746; x_wconf 82' lang='lat' dir='ltr'><strong>procedit</strong></span> <span class='ocrx_word' id='word_1_79' title='bbox 747 711 859 746; x_wconf 80' lang='lat' dir='ltr'><strong>injuria.</strong></span> <span class='ocrx_word' id='word_1_80' title='bbox 876 710 1008 738; x_wconf 81' lang='lat' dir='ltr'><strong>Praecedit</strong></span> <span class='ocrx_word' id='word_1_81' title='bbox 1024 718 1082 746; x_wconf 70' lang='lat' dir='ltr'><strong>po:-</strong></span> 
     </span>
    </p>
   </div>
   <div class='ocr_carea' id='block_1_15' title="bbox 295 754 1083 791">
    <p class='ocr_par' dir='ltr' id='par_1_15' title="bbox 295 754 1083 791">
     <span class='ocr_line' id='line_1_15' title="bbox 295 754 1083 791; baseline -0.008 -4"><span class='ocrx_word' id='word_1_82' title='bbox 295 767 358 786; x_wconf 82' lang='lat' dir='ltr'><strong>uam</strong></span> <span class='ocrx_word' id='word_1_83' title='bbox 376 759 474 786; x_wconf 81' lang='lat' dir='ltr'><strong>anima:</strong></span> <span class='ocrx_word' id='word_1_84' title='bbox 489 758 570 786; x_wconf 87' lang='lat' dir='ltr'><strong>verbo</strong></span> <span class='ocrx_word' id='word_1_85' title='bbox 587 757 723 784; x_wconf 68' lang='lat' dir='ltr'><strong>damnata:</strong></span> <span class='ocrx_word' id='word_1_86' title='bbox 743 755 927 791; x_wconf 70' lang='lat' dir='ltr'><strong>ignominiosa</strong></span> <span class='ocrx_word' id='word_1_87' title='bbox 940 754 1031 789; x_wconf 85' lang='lat' dir='ltr'><strong>culpa,</strong></span> <span class='ocrx_word' id='word_1_88' title='bbox 1053 757 1083 781; x_wconf 90' lang='lat' dir='ltr'><strong>ut</strong></span> 
     </span>
    </p>
   </div>
   <div class='ocr_carea' id='block_1_16' title="bbox 294 803 543 830">
    <p class='ocr_par' dir='ltr' id='par_1_16' title="bbox 294 803 543 830">
     <span class='ocr_line' id='line_1_16' title="bbox 294 803 543 830; baseline -0.008 0"><span class='ocrx_word' id='word_1_89' title='bbox 294 803 430 830; x_wconf 80' lang='lat' dir='ltr'><strong>actionem</strong></span> <span class='ocrx_word' id='word_1_90' title='bbox 446 810 543 830; x_wconf 81' lang='lat' dir='ltr'><strong>causa.</strong></span> 
     </span>
    </p>
   </div>
   <div class='ocr_carea' id='block_1_17' title="bbox 329 843 1081 881">
    <p class='ocr_par' dir='ltr' id='par_1_17' title="bbox 329 843 1081 881">
     <span class='ocr_line' id='line_1_17' title="bbox 329 843 1081 881; baseline -0.008 -5"><span class='ocrx_word' id='word_1_91' title='bbox 329 848 412 876; x_wconf 79' lang='lat' dir='ltr'><strong>Vens.</strong></span> <span class='ocrx_word' id='word_1_92' title='bbox 441 847 486 875; x_wconf 84' lang='grc'><strong>18.</strong></span> <span class='ocrx_word' id='word_1_93' title='bbox 516 847 585 874; x_wconf 81' lang='lat' dir='ltr'><strong>Ante</strong></span> <span class='ocrx_word' id='word_1_94' title='bbox 617 846 722 881; x_wconf 69' lang='lat' dir='ltr'><strong>lapsum</strong></span> <span class='ocrx_word' id='word_1_95' title='bbox 762 849 850 872; x_wconf 87' lang='lat' dir='ltr'><strong>autem</strong></span> <span class='ocrx_word' id='word_1_96' title='bbox 891 843 1081 878; x_wconf 69' lang='lat' dir='ltr'><strong>imprudentia.</strong></span> 
     </span>
    </p>
   </div>
   <div class='ocr_carea' id='block_1_18' title="bbox 294 891 1082 928">
    <p class='ocr_par' dir='ltr' id='par_1_18' title="bbox 294 891 1082 928">
     <span class='ocr_line' id='line_1_18' title="bbox 294 891 1082 928; baseline -0.006 -8"><span class='ocrx_word' id='word_1_97' title='bbox 294 893 384 928; x_wconf 87' lang='lat' dir='ltr'><strong>Ipsum</strong></span> <span class='ocrx_word' id='word_1_98' title='bbox 411 896 502 920; x_wconf 87' lang='lat' dir='ltr'><strong>autem</strong></span> <span class='ocrx_word' id='word_1_99' title='bbox 531 892 630 919; x_wconf 65' lang='lat' dir='ltr'><strong>animae</strong></span> <span class='ocrx_word' id='word_1_100' title='bbox 657 891 803 926; x_wconf 85' lang='lat' dir='ltr'><strong>eulpabilis</strong></span> <span class='ocrx_word' id='word_1_101' title='bbox 834 891 955 925; x_wconf 83' lang='lat' dir='ltr'><strong>lapsum,</strong></span> <span class='ocrx_word' id='word_1_102' title='bbox 986 897 1082 924; x_wconf 80' lang='lat' dir='ltr'><strong>sapere</strong></span> 
     </span>
    </p>
   </div>
   <div class='ocr_carea' id='block_1_19' title="bbox 295 928 1121 974">
    <p class='ocr_par' dir='ltr' id='par_1_19' title="bbox 295 928 1121 974">
     <span class='ocr_line' id='line_1_19' title="bbox 295 928 1121 974; baseline -0.006 -8"><span class='ocrx_word' id='word_1_103' title='bbox 295 939 365 966; x_wconf 84' lang='lat' dir='ltr'><strong>ultra</strong></span> <span class='ocrx_word' id='word_1_104' title='bbox 383 937 457 974; x_wconf 89' lang='lat' dir='ltr'><strong>quod</strong></span> <span class='ocrx_word' id='word_1_105' title='bbox 475 937 555 965; x_wconf 83' lang='lat' dir='ltr'><strong>decet</strong></span> <span class='ocrx_word' id='word_1_106' title='bbox 572 945 668 973; x_wconf 81' lang='lat' dir='ltr'><strong>sapere</strong></span> <span class='ocrx_word' id='word_1_107' title='bbox 691 942 718 964; x_wconf 91' lang='lat' dir='ltr'><strong>ct</strong></span> <span class='ocrx_word' id='word_1_108' title='bbox 737 944 793 964; x_wconf 89' lang='lat' dir='ltr'><strong>non</strong></span> <span class='ocrx_word' id='word_1_109' title='bbox 817 943 915 972; x_wconf 80' lang='lat' dir='ltr'><strong>Sapere</strong></span> <span class='ocrx_word' id='word_1_110' title='bbox 928 935 963 963; x_wconf 86' lang='lat' dir='ltr'><strong>ad</strong></span> <span class='ocrx_word' id='word_1_111' title='bbox 974 935 1082 971; x_wconf 85' lang='lat' dir='ltr'><strong>sapien-</strong></span> <span class='ocrx_word' id='word_1_112' title='bbox 1098 928 1121 958; x_wconf 80' lang='grc' dir='ltr'>Β</span> 
     </span>
    </p>
   </div>
   <div class='ocr_carea' id='block_1_20' title="bbox 293 985 369 1011">
    <p class='ocr_par' dir='ltr' id='par_1_20' title="bbox 293 985 369 1011">
     <span class='ocr_line' id='line_1_20' title="bbox 293 985 369 1011; baseline -0.013 0"><span class='ocrx_word' id='word_1_113' title='bbox 293 985 369 1011; x_wconf 88' lang='lat' dir='ltr'><strong>tiam.</strong></span> 
     </span>
    </p>
   </div>
   <div class='ocr_carea' id='block_1_21' title="bbox 328 1025 1080 1058">
    <p class='ocr_par' dir='ltr' id='par_1_21' title="bbox 328 1025 1080 1058">
     <span class='ocr_line' id='line_1_21' title="bbox 328 1025 1080 1058; baseline -0.007 -2"><span class='ocrx_word' id='word_1_114' title='bbox 328 1029 412 1058; x_wconf 75' lang='lat' dir='ltr'><strong>Vsus.</strong></span> <span class='ocrx_word' id='word_1_115' title='bbox 433 1029 476 1058; x_wconf 84' lang='lat' dir='ltr'><strong>l9.</strong></span> <span class='ocrx_word' id='word_1_116' title='bbox 494 1029 590 1057; x_wconf 81' lang='lat' dir='ltr'><strong>Melior</strong></span> <span class='ocrx_word' id='word_1_117' title='bbox 604 1033 643 1056; x_wconf 73' lang='lat' dir='ltr'><strong>est</strong></span> <span class='ocrx_word' id='word_1_118' title='bbox 666 1029 732 1056; x_wconf 81' lang='lat' dir='ltr'><strong>lenis</strong></span> <span class='ocrx_word' id='word_1_119' title='bbox 749 1027 829 1055; x_wconf 82' lang='lat' dir='ltr'><strong>corde</strong></span> <span class='ocrx_word' id='word_1_120' title='bbox 846 1034 907 1053; x_wconf 82' lang='lat' dir='ltr'><strong>cum</strong></span> <span class='ocrx_word' id='word_1_121' title='bbox 921 1025 1080 1052; x_wconf 82' lang='lat' dir='ltr'><strong>humilitate.</strong></span> 
     </span>
    </p>
   </div>
   <div class='ocr_carea' id='block_1_22' title="bbox 294 1072 1081 1110">
    <p class='ocr_par' dir='ltr' id='par_1_22' title="bbox 294 1072 1081 1110">
     <span class='ocr_line' id='line_1_22' title="bbox 294 1072 1081 1110; baseline -0.006 -8"><span class='ocrx_word' id='word_1_122' title='bbox 294 1075 389 1103; x_wconf 82' lang='lat' dir='ltr'><strong>Melior</strong></span> <span class='ocrx_word' id='word_1_123' title='bbox 436 1080 478 1103; x_wconf 89' lang='lat' dir='ltr'><strong>est</strong></span> <span class='ocrx_word' id='word_1_124' title='bbox 512 1075 558 1110; x_wconf 89' lang='lat' dir='ltr'><strong>qui</strong></span> <span class='ocrx_word' id='word_1_125' title='bbox 602 1079 712 1110; x_wconf 88' lang='lat' dir='ltr'><strong>propter</strong></span> <span class='ocrx_word' id='word_1_126' title='bbox 745 1074 836 1101; x_wconf 89' lang='lat' dir='ltr'><strong>victus</strong></span> <span class='ocrx_word' id='word_1_127' title='bbox 882 1072 1081 1103; x_wconf 89' lang='lat' dir='ltr'><strong>modieitatem,</strong></span> 
     </span>
    </p>
   </div>
   <div class='ocr_carea' id='block_1_23' title="bbox 237 1116 1084 1151">
    <p class='ocr_par' dir='ltr' id='par_1_23' title="bbox 237 1116 1084 1151">
     <span class='ocr_line' id='line_1_23' title="bbox 237 1116 1084 1151; baseline -0.006 -5"><span class='ocrx_word' id='word_1_128' title='bbox 237 1137 240 1140; x_wconf 61' lang='lat'><strong><em>~</em></strong></span> <span class='ocrx_word' id='word_1_129' title='bbox 294 1120 417 1147; x_wconf 87' lang='lat' dir='ltr'><strong>laborum</strong></span> <span class='ocrx_word' id='word_1_130' title='bbox 444 1126 557 1147; x_wconf 85' lang='lat' dir='ltr'><strong>suorum</strong></span> <span class='ocrx_word' id='word_1_131' title='bbox 582 1126 653 1146; x_wconf 87' lang='lat' dir='ltr'><strong>onus</strong></span> <span class='ocrx_word' id='word_1_132' title='bbox 678 1122 707 1146; x_wconf 89' lang='lat' dir='ltr'><strong>et</strong></span> <span class='ocrx_word' id='word_1_133' title='bbox 727 1117 846 1145; x_wconf 87' lang='lat' dir='ltr'><strong>inediam</strong></span> <span class='ocrx_word' id='word_1_134' title='bbox 868 1116 1002 1151; x_wconf 85' lang='lat' dir='ltr'><strong>patienter</strong></span> <span class='ocrx_word' id='word_1_135' title='bbox 1019 1122 1084 1142; x_wconf 89' lang='lat' dir='ltr'><strong>sus-</strong></span> 
     </span>
    </p>
   </div>
   <div class='ocr_carea' id='block_1_24' title="bbox 293 1165 371 1192">
    <p class='ocr_par' dir='ltr' id='par_1_24' title="bbox 293 1165 371 1192">
     <span class='ocr_line' id='line_1_24' title="bbox 293 1165 371 1192; baseline 0 0"><span class='ocrx_word' id='word_1_136' title='bbox 293 1165 371 1192; x_wconf 82' lang='lat' dir='ltr'><strong>tinet.</strong></span> 
     </span>
    </p>
   </div>
   <div class='ocr_carea' id='block_1_25' title="bbox 328 1205 1083 1243">
    <p class='ocr_par' dir='ltr' id='par_1_25' title="bbox 328 1205 1083 1243">
     <span class='ocr_line' id='line_1_25' title="bbox 328 1205 1083 1243; baseline -0.005 -7"><span class='ocrx_word' id='word_1_137' title='bbox 328 1210 416 1243; x_wconf 83' lang='lat' dir='ltr'><strong>Quam</strong></span> <span class='ocrx_word' id='word_1_138' title='bbox 437 1208 555 1236; x_wconf 77' lang='lat' dir='ltr'><strong>dividens</strong></span> <span class='ocrx_word' id='word_1_139' title='bbox 580 1208 667 1243; x_wconf 77' lang='lat' dir='ltr'><strong>spolia</strong></span> <span class='ocrx_word' id='word_1_140' title='bbox 687 1215 747 1234; x_wconf 82' lang='lat' dir='ltr'><strong>cum</strong></span> <span class='ocrx_word' id='word_1_141' title='bbox 775 1206 904 1241; x_wconf 75' lang='lat' dir='ltr'><strong>superbis.</strong></span> <span class='ocrx_word' id='word_1_142' title='bbox 922 1205 1009 1239; x_wconf 87' lang='lat' dir='ltr'><strong>Quam</strong></span> <span class='ocrx_word' id='word_1_143' title='bbox 1031 1205 1083 1232; x_wconf 85' lang='lat' dir='ltr'><strong>ista</strong></span> 
     </span>
    </p>
   </div>
   <div class='ocr_carea' id='block_1_26' title="bbox 294 1250 1083 1293">
    <p class='ocr_par' dir='ltr' id='par_1_26' title="bbox 294 1250 1083 1293">
     <span class='ocr_line' id='line_1_26' title="bbox 294 1250 1083 1293; baseline -0.008 -11"><span class='ocrx_word' id='word_1_144' title='bbox 294 1255 443 1293; x_wconf 26' lang='lat' dir='ltr'><strong>Iyraunicev</strong></span> <span class='ocrx_word' id='word_1_145' title='bbox 455 1254 567 1290; x_wconf 85' lang='lat' dir='ltr'><strong>rapiens</strong></span> <span class='ocrx_word' id='word_1_146' title='bbox 583 1254 792 1290; x_wconf 81' lang='lat' dir='ltr'><strong>portioneuique</strong></span> <span class='ocrx_word' id='word_1_147' title='bbox 806 1259 912 1288; x_wconf 88' lang='lat' dir='ltr'><strong>ponens</strong></span> <span class='ocrx_word' id='word_1_148' title='bbox 930 1258 993 1279; x_wconf 89' lang='lat' dir='ltr'><strong>cum</strong></span> <span class='ocrx_word' id='word_1_149' title='bbox 1009 1250 1083 1277; x_wconf 86' lang='lat' dir='ltr'><strong>debi-</strong></span> 
     </span>
    </p>
   </div>
   <div class='ocr_carea' id='block_1_27' title="bbox 293 1296 1085 1336">
    <p class='ocr_par' dir='ltr' id='par_1_27' title="bbox 293 1296 1085 1336">
     <span class='ocr_line' id='line_1_27' title="bbox 293 1296 1085 1336; baseline -0.009 -7"><span class='ocrx_word' id='word_1_150' title='bbox 293 1302 361 1329; x_wconf 92' lang='lat' dir='ltr'><strong>lium</strong></span> <span class='ocrx_word' id='word_1_151' title='bbox 377 1301 595 1336; x_wconf 84' lang='lat' dir='ltr'><strong>spoliatoribus;</strong></span> <span class='ocrx_word' id='word_1_152' title='bbox 612 1300 743 1335; x_wconf 87' lang='lat' dir='ltr'><strong>quoniam</strong></span> <span class='ocrx_word' id='word_1_153' title='bbox 760 1299 844 1327; x_wconf 88' lang='lat' dir='ltr'><strong>Deum</strong></span> <span class='ocrx_word' id='word_1_154' title='bbox 857 1298 902 1325; x_wconf 87' lang='lat' dir='ltr'><strong>hic</strong></span> <span class='ocrx_word' id='word_1_155' title='bbox 920 1297 1001 1324; x_wconf 84' lang='lat' dir='ltr'><strong>habet</strong></span> <span class='ocrx_word' id='word_1_156' title='bbox 1014 1296 1085 1323; x_wconf 88' lang='lat' dir='ltr'><strong>ulto-</strong></span> 
     </span>
    </p>
   </div>
   <div class='ocr_carea' id='block_1_28' title="bbox 293 1346 696 1381">
    <p class='ocr_par' dir='ltr' id='par_1_28' title="bbox 293 1346 696 1381">
     <span class='ocr_line' id='line_1_28' title="bbox 293 1346 696 1381; baseline -0.005 -6"><span class='ocrx_word' id='word_1_157' title='bbox 293 1355 363 1381; x_wconf 88' lang='lat' dir='ltr'><strong>rem,</strong></span> <span class='ocrx_word' id='word_1_158' title='bbox 380 1347 425 1374; x_wconf 90' lang='lat' dir='ltr'><strong>ille</strong></span> <span class='ocrx_word' id='word_1_159' title='bbox 436 1354 501 1374; x_wconf 89' lang='lat' dir='ltr'><strong>vero</strong></span> <span class='ocrx_word' id='word_1_160' title='bbox 512 1346 696 1374; x_wconf 81' lang='lat' dir='ltr'><strong>defensorem.</strong></span> 
     </span>
    </p>
   </div>
   <div class='ocr_carea' id='block_1_29' title="bbox 329 1389 1083 1427">
    <p class='ocr_par' dir='ltr' id='par_1_29' title="bbox 329 1389 1083 1427">
     <span class='ocr_line' id='line_1_29' title="bbox 329 1389 1083 1427; baseline -0.009 -6"><span class='ocrx_word' id='word_1_161' title='bbox 329 1393 412 1421; x_wconf 77' lang='lat' dir='ltr'><strong>Vens.</strong></span> <span class='ocrx_word' id='word_1_162' title='bbox 428 1393 476 1421; x_wconf 73' lang='lat'><strong>‘20.</strong></span> <span class='ocrx_word' id='word_1_163' title='bbox 503 1391 624 1420; x_wconf 76' lang='lat' dir='ltr'><strong>Prudens</strong></span> <span class='ocrx_word' id='word_1_164' title='bbox 655 1393 684 1420; x_wconf 89' lang='lat' dir='ltr'><strong>in</strong></span> <span class='ocrx_word' id='word_1_165' title='bbox 709 1391 837 1427; x_wconf 76' lang='lat' dir='ltr'><strong>negotiis,</strong></span> <span class='ocrx_word' id='word_1_166' title='bbox 865 1389 975 1424; x_wconf 77' lang='lat' dir='ltr'><strong>reperiet</strong></span> <span class='ocrx_word' id='word_1_167' title='bbox 1006 1389 1083 1415; x_wconf 87' lang='lat' dir='ltr'><strong>bona.</strong></span> 
     </span>
    </p>
   </div>
   <div class='ocr_carea' id='block_1_30' title="bbox 294 1434 1084 1475">
    <p class='ocr_par' dir='ltr' id='par_1_30' title="bbox 294 1434 1084 1475">
     <span class='ocr_line' id='line_1_30' title="bbox 294 1434 1084 1475; baseline -0.01 -8"><span class='ocrx_word' id='word_1_168' title='bbox 294 1439 382 1468; x_wconf 87' lang='lat' dir='ltr'><strong>llomo</strong></span> <span class='ocrx_word' id='word_1_169' title='bbox 394 1441 524 1475; x_wconf 84' lang='lat' dir='ltr'><strong>prudens,</strong></span> <span class='ocrx_word' id='word_1_170' title='bbox 534 1439 691 1474; x_wconf 75' lang='lat' dir='ltr'><strong>diligentem</strong></span> <span class='ocrx_word' id='word_1_171' title='bbox 703 1437 876 1472; x_wconf 80' lang='lat' dir='ltr'><strong>negotiorum</strong></span> <span class='ocrx_word' id='word_1_172' title='bbox 886 1434 1084 1469; x_wconf 79' lang='lat' dir='ltr'><strong>experientiam</strong></span> 
     </span>
    </p>
   </div>
   <div class='ocr_carea' id='block_1_31' title="bbox 294 1477 1083 1520">
    <p class='ocr_par' dir='ltr' id='par_1_31' title="bbox 294 1477 1083 1520">
     <span class='ocr_line' id='line_1_31' title="bbox 294 1477 1083 1520; baseline -0.009 -8"><span class='ocrx_word' id='word_1_173' title='bbox 294 1485 419 1520; x_wconf 79' lang='lat' dir='ltr'><strong>adeptus,</strong></span> <span class='ocrx_word' id='word_1_174' title='bbox 439 1491 454 1510; x_wconf 87' lang='lat' dir='ltr'><strong>a</strong></span> <span class='ocrx_word' id='word_1_175' title='bbox 472 1483 611 1519; x_wconf 72' lang='lat' dir='ltr'><strong>peioribus</strong></span> <span class='ocrx_word' id='word_1_176' title='bbox 627 1482 740 1511; x_wconf 82' lang='lat' dir='ltr'><strong>meliora</strong></span> <span class='ocrx_word' id='word_1_177' title='bbox 759 1482 930 1513; x_wconf 82' lang='lat' dir='ltr'><strong>discernens,</strong></span> <span class='ocrx_word' id='word_1_178' title='bbox 946 1479 1004 1507; x_wconf 58' lang='lat' dir='ltr'><strong>hinc</strong></span> <span class='ocrx_word' id='word_1_179' title='bbox 1023 1477 1083 1506; x_wconf 79' lang='lat' dir='ltr'><strong>feli-</strong></span> 
     </span>
    </p>
   </div>
   <div class='ocr_carea' id='block_1_32' title="bbox 294 1530 518 1558">
    <p class='ocr_par' dir='ltr' id='par_1_32' title="bbox 294 1530 518 1558">
     <span class='ocr_line' id='line_1_32' title="bbox 294 1530 518 1558; baseline -0.004 0"><span class='ocrx_word' id='word_1_180' title='bbox 294 1531 362 1558; x_wconf 80' lang='lat' dir='ltr'><strong>riter</strong></span> <span class='ocrx_word' id='word_1_181' title='bbox 373 1530 518 1558; x_wconf 86' lang='lat' dir='ltr'><strong>obtinebit.</strong></span> 
     </span>
    </p>
   </div>
   <div class='ocr_carea' id='block_1_33' title="bbox 332 1570 1085 1612">
    <p class='ocr_par' dir='ltr' id='par_1_33' title="bbox 332 1570 1085 1612">
     <span class='ocr_line' id='line_1_33' title="bbox 332 1570 1085 1612; baseline -0.011 -9"><span class='ocrx_word' id='word_1_182' title='bbox 332 1576 365 1603; x_wconf 82' lang='lat' dir='ltr'><strong>Et</strong></span> <span class='ocrx_word' id='word_1_183' title='bbox 380 1577 425 1612; x_wconf 88' lang='lat' dir='ltr'><strong>qui</strong></span> <span class='ocrx_word' id='word_1_184' title='bbox 441 1584 512 1611; x_wconf 74' lang='lat' dir='ltr'><strong>spem</strong></span> <span class='ocrx_word' id='word_1_185' title='bbox 528 1576 555 1603; x_wconf 83' lang='lat' dir='ltr'><strong>in</strong></span> <span class='ocrx_word' id='word_1_186' title='bbox 577 1575 631 1602; x_wconf 85' lang='lat' dir='ltr'><strong>Deo</strong></span> <span class='ocrx_word' id='word_1_187' title='bbox 646 1575 757 1610; x_wconf 83' lang='lat' dir='ltr'><strong>reponit,</strong></span> <span class='ocrx_word' id='word_1_188' title='bbox 772 1574 863 1601; x_wconf 72' lang='lat' dir='ltr'><strong>beatus</strong></span> <span class='ocrx_word' id='word_1_189' title='bbox 877 1576 925 1600; x_wconf 77' lang='lat' dir='ltr'><strong>est.</strong></span> <span class='ocrx_word' id='word_1_190' title='bbox 949 1570 1001 1604; x_wconf 79' lang='lat' dir='ltr'><strong>Qui</strong></span> <span class='ocrx_word' id='word_1_191' title='bbox 1020 1575 1085 1597; x_wconf 75' lang='lat' dir='ltr'><strong>vero</strong></span> 
     </span>
    </p>
   </div>
   <div class='ocr_carea' id='block_1_34' title="bbox 295 1604 1118 1658">
    <p class='ocr_par' dir='ltr' id='par_1_34' title="bbox 295 1604 1118 1658">
     <span class='ocr_line' id='line_1_34' title="bbox 295 1604 1118 1658; baseline -0.011 -7"><span class='ocrx_word' id='word_1_192' title='bbox 295 1627 379 1650; x_wconf 86' lang='lat' dir='ltr'><strong>totam</strong></span> <span class='ocrx_word' id='word_1_193' title='bbox 397 1631 471 1658; x_wconf 83' lang='lat' dir='ltr'><strong>spem</strong></span> <span class='ocrx_word' id='word_1_194' title='bbox 487 1630 565 1650; x_wconf 87' lang='lat' dir='ltr'><strong>suam</strong></span> <span class='ocrx_word' id='word_1_195' title='bbox 579 1621 634 1649; x_wconf 88' lang='lat' dir='ltr'><strong>Deo</strong></span> <span class='ocrx_word' id='word_1_196' title='bbox 650 1621 796 1649; x_wconf 82' lang='lat' dir='ltr'><strong>committit</strong></span> <span class='ocrx_word' id='word_1_197' title='bbox 812 1625 839 1648; x_wconf 89' lang='lat' dir='ltr'><strong>ct</strong></span> <span class='ocrx_word' id='word_1_198' title='bbox 854 1627 909 1647; x_wconf 89' lang='lat' dir='ltr'><strong>non</strong></span> <span class='ocrx_word' id='word_1_199' title='bbox 925 1617 1039 1646; x_wconf 83' lang='lat' dir='ltr'><strong>ceulidit</strong></span> <span class='ocrx_word' id='word_1_200' title='bbox 1055 1616 1082 1643; x_wconf 89' lang='lat' dir='ltr'><strong>in</strong></span> <span class='ocrx_word' id='word_1_201' title='bbox 1096 1604 1118 1633; x_wconf 66' lang='grc' dir='ltr'><strong>(ἶ</strong></span> 
     </span>
    </p>
   </div>
   <div class='ocr_carea' id='block_1_35' title="bbox 295 1663 1083 1704">
    <p class='ocr_par' dir='ltr' id='par_1_35' title="bbox 295 1663 1083 1704">
     <span class='ocr_line' id='line_1_35' title="bbox 295 1663 1083 1704; baseline -0.01 -8"><span class='ocrx_word' id='word_1_202' title='bbox 295 1669 455 1704; x_wconf 87' lang='lat' dir='ltr'><strong>semetipso,</strong></span> <span class='ocrx_word' id='word_1_203' title='bbox 471 1675 579 1703; x_wconf 88' lang='lat' dir='ltr'><strong>semper</strong></span> <span class='ocrx_word' id='word_1_204' title='bbox 593 1667 717 1695; x_wconf 87' lang='lat' dir='ltr'><strong>meminit</strong></span> <span class='ocrx_word' id='word_1_205' title='bbox 736 1676 743 1694; x_wconf 87' lang='lat'><strong>:</strong></span> <span class='ocrx_word' id='word_1_206' title='bbox 760 1666 814 1694; x_wconf 90' lang='lat' dir='ltr'><strong>nisi</strong></span> <span class='ocrx_word' id='word_1_207' title='bbox 834 1665 977 1695; x_wconf 87' lang='lat' dir='ltr'><strong>Dominus,</strong></span> <span class='ocrx_word' id='word_1_208' title='bbox 997 1663 1083 1698; x_wconf 87' lang='lat' dir='ltr'><strong>ipsius</strong></span> 
     </span>
    </p>
   </div>
   <div class='ocr_carea' id='block_1_36' title="bbox 296 1707 1081 1746">
    <p class='ocr_par' dir='ltr' id='par_1_36' title="bbox 296 1707 1081 1746">
     <span class='ocr_line' id='line_1_36' title="bbox 296 1707 1081 1746; baseline -0.011 -4"><span class='ocrx_word' id='word_1_209' title='bbox 296 1722 401 1746; x_wconf 86' lang='lat' dir='ltr'><strong>amore.</strong></span> <span class='ocrx_word' id='word_1_210' title='bbox 418 1713 580 1741; x_wconf 86' lang='lat' dir='ltr'><strong>custodierit</strong></span> <span class='ocrx_word' id='word_1_211' title='bbox 596 1713 714 1739; x_wconf 82' lang='lat' dir='ltr'><strong>animam</strong></span> <span class='ocrx_word' id='word_1_212' title='bbox 732 1712 865 1739; x_wconf 85' lang='lat' dir='ltr'><strong>adversus</strong></span> <span class='ocrx_word' id='word_1_213' title='bbox 880 1709 1042 1736; x_wconf 85' lang='lat' dir='ltr'><strong>insidiantes</strong></span> <span class='ocrx_word' id='word_1_214' title='bbox 1055 1707 1081 1733; x_wconf 89' lang='lat' dir='ltr'><strong>ei</strong></span> 
     </span>
    </p>
   </div>
   <div class='ocr_carea' id='block_1_37' title="bbox 295 1753 1083 1796">
    <p class='ocr_par' dir='ltr' id='par_1_37' title="bbox 295 1753 1083 1796">
     <span class='ocr_line' id='line_1_37' title="bbox 295 1753 1083 1796; baseline -0.01 -9"><span class='ocrx_word' id='word_1_215' title='bbox 295 1760 411 1796; x_wconf 88' lang='lat' dir='ltr'><strong>spiritus</strong></span> <span class='ocrx_word' id='word_1_216' title='bbox 429 1766 557 1794; x_wconf 81' lang='lat' dir='ltr'><strong>nequam,</strong></span> <span class='ocrx_word' id='word_1_217' title='bbox 581 1757 683 1785; x_wconf 78' lang='lat' dir='ltr'><strong>frustra</strong></span> <span class='ocrx_word' id='word_1_218' title='bbox 700 1757 792 1792; x_wconf 73' lang='lat' dir='ltr'><strong>vigilat</strong></span> <span class='ocrx_word' id='word_1_219' title='bbox 809 1756 856 1791; x_wconf 93' lang='lat' dir='ltr'><strong>qui</strong></span> <span class='ocrx_word' id='word_1_220' title='bbox 867 1753 988 1782; x_wconf 86' lang='lat' dir='ltr'><strong>custodit</strong></span> <span class='ocrx_word' id='word_1_221' title='bbox 1006 1759 1083 1784; x_wconf 83' lang='lat' dir='ltr'><strong>eam;</strong></span> 
     </span>
    </p>
   </div>
   <div class='ocr_carea' id='block_1_38' title="bbox 294 1799 1084 1838">
    <p class='ocr_par' dir='ltr' id='par_1_38' title="bbox 294 1799 1084 1838">
     <span class='ocr_line' id='line_1_38' title="bbox 294 1799 1084 1838; baseline -0.011 -5"><span class='ocrx_word' id='word_1_222' title='bbox 294 1811 321 1833; x_wconf 82' lang='lat' dir='ltr'><strong>et</strong></span> <span class='ocrx_word' id='word_1_223' title='bbox 337 1812 448 1832; x_wconf 78' lang='lat' dir='ltr'><strong>rursum</strong></span> <span class='ocrx_word' id='word_1_224' title='bbox 462 1813 468 1831; x_wconf 94' lang='lat'>:</span> <span class='ocrx_word' id='word_1_225' title='bbox 485 1804 537 1831; x_wconf 88' lang='lat' dir='ltr'><strong>nisi</strong></span> <span class='ocrx_word' id='word_1_226' title='bbox 553 1804 612 1838; x_wconf 91' lang='lat' dir='ltr'><strong>ipse</strong></span> <span class='ocrx_word' id='word_1_227' title='bbox 622 1810 682 1830; x_wconf 83' lang='lat' dir='ltr'><strong>eam</strong></span> <span class='ocrx_word' id='word_1_228' title='bbox 695 1802 880 1830; x_wconf 78' lang='lat' dir='ltr'><strong>habitaculqu</strong></span> <span class='ocrx_word' id='word_1_229' title='bbox 895 1800 948 1828; x_wconf 89' lang='lat' dir='ltr'><strong>sibi</strong></span> <span class='ocrx_word' id='word_1_230' title='bbox 965 1799 1084 1834; x_wconf 80' lang='lat' dir='ltr'><strong>Spiritus</strong></span> 
     </span>
    </p>
   </div>
   <div class='ocr_carea' id='block_1_39' title="bbox 295 1844 1082 1882">
    <p class='ocr_par' dir='ltr' id='par_1_39' title="bbox 295 1844 1082 1882">
     <span class='ocr_line' id='line_1_39' title="bbox 295 1844 1082 1882; baseline -0.009 -4"><span class='ocrx_word' id='word_1_231' title='bbox 295 1851 490 1882; x_wconf 83' lang='lat' dir='ltr'><strong>architectura,</strong></span> <span class='ocrx_word' id='word_1_232' title='bbox 513 1848 694 1882; x_wconf 81' lang='lat' dir='ltr'><strong>adiﬁcaverit,</strong></span> <span class='ocrx_word' id='word_1_233' title='bbox 714 1848 740 1875; x_wconf 94' lang='lat' dir='ltr'><strong>iu</strong></span> <span class='ocrx_word' id='word_1_234' title='bbox 760 1854 861 1875; x_wconf 84' lang='lat' dir='ltr'><strong>vanum</strong></span> <span class='ocrx_word' id='word_1_235' title='bbox 884 1845 1021 1874; x_wconf 84' lang='lat' dir='ltr'><strong>laboravit</strong></span> <span class='ocrx_word' id='word_1_236' title='bbox 1034 1844 1082 1879; x_wconf 89' lang='lat' dir='ltr'><strong>qui</strong></span> 
     </span>
    </p>
   </div>
   <div class='ocr_carea' id='block_1_40' title="bbox 294 1893 711 1931">
    <p class='ocr_par' dir='ltr' id='par_1_40' title="bbox 294 1893 711 1931">
     <span class='ocr_line' id='line_1_40' title="bbox 294 1893 711 1931; baseline -0.01 -7"><span class='ocrx_word' id='word_1_237' title='bbox 294 1904 354 1924; x_wconf 81' lang='lat' dir='ltr'><strong>eam</strong></span> <span class='ocrx_word' id='word_1_238' title='bbox 372 1895 496 1931; x_wconf 81' lang='lat' dir='ltr'><strong>suscepit</strong></span> <span class='ocrx_word' id='word_1_239' title='bbox 512 1893 711 1922; x_wconf 76' lang='lat' dir='ltr'><strong>aediﬁcandam.</strong></span> 
     </span>
    </p>
   </div>
   <div class='ocr_carea' id='block_1_41' title="bbox 333 2004 1082 2040">
    <p class='ocr_par' dir='ltr' id='par_1_41' title="bbox 333 2004 1082 2040">
     <span class='ocr_line' id='line_1_41' title="bbox 333 2004 1082 2040; baseline -0.003 -7"><span class='ocrx_word' id='word_1_240' title='bbox 333 2005 414 2034; x_wconf 71' lang='lat' dir='ltr'><strong>Vsus.</strong></span> <span class='ocrx_word' id='word_1_241' title='bbox 441 2005 487 2032; x_wconf 75' lang='grc'><strong>21.</strong></span> <span class='ocrx_word' id='word_1_242' title='bbox 504 2004 641 2040; x_wconf 75' lang='lat' dir='ltr'><strong>Sapientes</strong></span> <span class='ocrx_word' id='word_1_243' title='bbox 656 2009 682 2032; x_wconf 78' lang='lat' dir='ltr'><strong>et</strong></span> <span class='ocrx_word' id='word_1_244' title='bbox 696 2004 838 2040; x_wconf 76' lang='lat' dir='ltr'><strong>prudentes</strong></span> <span class='ocrx_word' id='word_1_245' title='bbox 857 2008 950 2032; x_wconf 77' lang='lat' dir='ltr'><strong>uocant</strong></span> <span class='ocrx_word' id='word_1_246' title='bbox 966 2008 1082 2032; x_wconf 80' lang='lat' dir='ltr'><strong>conteru-</strong></span> 
     </span>
    </p>
   </div>
   <div class='ocr_carea' id='block_1_42' title="bbox 295 2051 1083 2086">
    <p class='ocr_par' dir='ltr' id='par_1_42' title="bbox 295 2051 1083 2086">
     <span class='ocr_line' id='line_1_42' title="bbox 295 2051 1083 2086; baseline -0.004 -7"><span class='ocrx_word' id='word_1_247' title='bbox 295 2051 412 2086; x_wconf 79' lang='lat' dir='ltr'><strong>plibiles.</strong></span> <span class='ocrx_word' id='word_1_248' title='bbox 442 2051 495 2084; x_wconf 79' lang='lat' dir='ltr'><strong>Qui</strong></span> <span class='ocrx_word' id='word_1_249' title='bbox 523 2051 667 2078; x_wconf 78' lang='lat' dir='ltr'><strong>veritatem</strong></span> <span class='ocrx_word' id='word_1_250' title='bbox 690 2053 862 2086; x_wconf 76' lang='lat' dir='ltr'><strong>cognoscunt</strong></span> <span class='ocrx_word' id='word_1_251' title='bbox 884 2053 1083 2084; x_wconf 87' lang='lat' dir='ltr'><strong>assumuntque</strong></span> 
     </span>
    </p>
   </div>
   <div class='ocr_carea' id='block_1_43' title="bbox 296 2095 1082 2132">
    <p class='ocr_par' dir='ltr' id='par_1_43' title="bbox 296 2095 1082 2132">
     <span class='ocr_line' id='line_1_43' title="bbox 296 2095 1082 2132; baseline -0.003 -8"><span class='ocrx_word' id='word_1_252' title='bbox 296 2097 349 2124; x_wconf 88' lang='lat' dir='ltr'><strong>sibi</strong></span> <span class='ocrx_word' id='word_1_253' title='bbox 370 2096 444 2132; x_wconf 87' lang='lat' dir='ltr'><strong>quod</strong></span> <span class='ocrx_word' id='word_1_254' title='bbox 456 2096 558 2124; x_wconf 79' lang='lat' dir='ltr'><strong>bonum</strong></span> <span class='ocrx_word' id='word_1_255' title='bbox 574 2100 627 2128; x_wconf 84' lang='lat' dir='ltr'><strong>est,</strong></span> <span class='ocrx_word' id='word_1_256' title='bbox 639 2100 666 2124; x_wconf 84' lang='lat' dir='ltr'><strong>et</strong></span> <span class='ocrx_word' id='word_1_257' title='bbox 681 2096 745 2122; x_wconf 89' lang='lat' dir='ltr'><strong>talia</strong></span> <span class='ocrx_word' id='word_1_258' title='bbox 758 2095 850 2123; x_wconf 87' lang='lat' dir='ltr'><strong>verbis</strong></span> <span class='ocrx_word' id='word_1_259' title='bbox 865 2100 891 2123; x_wconf 85' lang='lat' dir='ltr'><strong>et</strong></span> <span class='ocrx_word' id='word_1_260' title='bbox 906 2095 1034 2130; x_wconf 84' lang='lat' dir='ltr'><strong>operibus</strong></span> <span class='ocrx_word' id='word_1_261' title='bbox 1048 2095 1082 2122; x_wconf 91' lang='lat' dir='ltr'><strong>ad</strong></span> 
     </span>
    </p>
   </div>
   <div class='ocr_carea' id='block_1_44' title="bbox 296 2141 1081 2176">
    <p class='ocr_par' dir='ltr' id='par_1_44' title="bbox 296 2141 1081 2176">
     <span class='ocr_line' id='line_1_44' title="bbox 296 2141 1081 2176; baseline -0.001 -7"><span class='ocrx_word' id='word_1_262' title='bbox 296 2142 468 2170; x_wconf 78' lang='lat' dir='ltr'><strong>audientium</strong></span> <span class='ocrx_word' id='word_1_263' title='bbox 483 2147 511 2169; x_wconf 92' lang='lat' dir='ltr'><strong>et</strong></span> <span class='ocrx_word' id='word_1_264' title='bbox 529 2141 680 2170; x_wconf 82' lang='lat' dir='ltr'><strong>videntium</strong></span> <span class='ocrx_word' id='word_1_265' title='bbox 705 2141 849 2169; x_wconf 87' lang='lat' dir='ltr'><strong>utilitatem</strong></span> <span class='ocrx_word' id='word_1_266' title='bbox 873 2146 967 2176; x_wconf 87' lang='lat' dir='ltr'><strong>aperte</strong></span> <span class='ocrx_word' id='word_1_267' title='bbox 982 2141 1081 2176; x_wconf 69' lang='lat' dir='ltr'><strong>praedi-</strong></span> 
     </span>
    </p>
   </div>
   <div class='ocr_carea' id='block_1_45' title="bbox 296 2187 1082 2222">
    <p class='ocr_par' dir='ltr' id='par_1_45' title="bbox 296 2187 1082 2222">
     <span class='ocr_line' id='line_1_45' title="bbox 296 2187 1082 2222; baseline -0.001 -7"><span class='ocrx_word' id='word_1_268' title='bbox 296 2191 370 2221; x_wconf 84' lang='lat' dir='ltr'><strong>cant,</strong></span> <span class='ocrx_word' id='word_1_269' title='bbox 387 2195 435 2215; x_wconf 88' lang='lat' dir='ltr'><strong>eos</strong></span> <span class='ocrx_word' id='word_1_270' title='bbox 446 2188 571 2222; x_wconf 86' lang='lat' dir='ltr'><strong>plerique</strong></span> <span class='ocrx_word' id='word_1_271' title='bbox 588 2188 713 2216; x_wconf 85' lang='lat' dir='ltr'><strong>homines</strong></span> <span class='ocrx_word' id='word_1_272' title='bbox 727 2191 754 2214; x_wconf 88' lang='lat' dir='ltr'><strong>et</strong></span> <span class='ocrx_word' id='word_1_273' title='bbox 772 2191 883 2222; x_wconf 87' lang='lat' dir='ltr'><strong>propter</strong></span> <span class='ocrx_word' id='word_1_274' title='bbox 896 2187 1033 2215; x_wconf 84' lang='lat' dir='ltr'><strong>sermonis</strong></span> <span class='ocrx_word' id='word_1_275' title='bbox 1050 2187 1082 2214; x_wconf 88' lang='lat' dir='ltr'><strong>li-</strong></span> 
     </span>
    </p>
   </div>
   <div class='ocr_carea' id='block_1_46' title="bbox 296 2233 1081 2269">
    <p class='ocr_par' dir='ltr' id='par_1_46' title="bbox 296 2233 1081 2269">
     <span class='ocr_line' id='line_1_46' title="bbox 296 2233 1081 2269; baseline -0.001 -8"><span class='ocrx_word' id='word_1_276' title='bbox 296 2234 426 2261; x_wconf 84' lang='lat' dir='ltr'><strong>bertatem</strong></span> <span class='ocrx_word' id='word_1_277' title='bbox 452 2238 480 2261; x_wconf 85' lang='lat' dir='ltr'><strong>et</strong></span> <span class='ocrx_word' id='word_1_278' title='bbox 501 2237 613 2269; x_wconf 90' lang='lat' dir='ltr'><strong>propter</strong></span> <span class='ocrx_word' id='word_1_279' title='bbox 636 2235 699 2261; x_wconf 72' lang='lat' dir='ltr'><strong>vita:</strong></span> <span class='ocrx_word' id='word_1_280' title='bbox 723 2234 896 2261; x_wconf 80' lang='lat' dir='ltr'><strong>severitatem</strong></span> <span class='ocrx_word' id='word_1_281' title='bbox 919 2233 1081 2261; x_wconf 87' lang='lat' dir='ltr'><strong>calumniari</strong></span> 
     </span>
    </p>
   </div>
   <div class='ocr_carea' id='block_1_47' title="bbox 296 2283 440 2307">
    <p class='ocr_par' dir='ltr' id='par_1_47' title="bbox 296 2283 440 2307">
     <span class='ocr_line' id='line_1_47' title="bbox 296 2283 440 2307; baseline -0.014 0"><span class='ocrx_word' id='word_1_282' title='bbox 296 2283 440 2307; x_wconf 84' lang='lat' dir='ltr'><strong>conantur.</strong></span> 
     </span>
    </p>
   </div>
   <div class='ocr_carea' id='block_1_48' title="bbox 332 2335 1081 2372">
    <p class='ocr_par' dir='ltr' id='par_1_48' title="bbox 332 2335 1081 2372">
     <span class='ocr_line' id='line_1_48' title="bbox 332 2335 1081 2372; baseline 0.003 -10"><span class='ocrx_word' id='word_1_283' title='bbox 332 2335 385 2368; x_wconf 80' lang='lat' dir='ltr'><strong>Qui</strong></span> <span class='ocrx_word' id='word_1_284' title='bbox 402 2340 491 2362; x_wconf 77' lang='lat' dir='ltr'><strong>autent</strong></span> <span class='ocrx_word' id='word_1_285' title='bbox 509 2335 599 2362; x_wconf 74' lang='lat' dir='ltr'><strong>dulces</strong></span> <span class='ocrx_word' id='word_1_286' title='bbox 614 2341 675 2363; x_wconf 76' lang='lat' dir='ltr'><strong>sunt</strong></span> <span class='ocrx_word' id='word_1_287' title='bbox 688 2336 715 2362; x_wconf 84' lang='lat' dir='ltr'><strong>in</strong></span> <span class='ocrx_word' id='word_1_288' title='bbox 733 2336 847 2369; x_wconf 79' lang='lat' dir='ltr'><strong>eloquio,</strong></span> <span class='ocrx_word' id='word_1_289' title='bbox 862 2337 945 2372; x_wconf 73' lang='lat' dir='ltr'><strong>magis</strong></span> <span class='ocrx_word' id='word_1_290' title='bbox 963 2337 1081 2364; x_wconf 82' lang='lat' dir='ltr'><strong>audient.</strong></span> 
     </span>
    </p>
   </div>
   <div class='ocr_carea' id='block_1_49' title="bbox 330 2381 1083 2417">
    <p class='ocr_par' dir='ltr' id='par_1_49' title="bbox 330 2381 1083 2417">
     <span class='ocr_line' id='line_1_49' title="bbox 330 2381 1083 2417; baseline 0.003 -10"><span class='ocrx_word' id='word_1_291' title='bbox 330 2381 382 2413; x_wconf 78' lang='lat' dir='ltr'><strong>Qui</strong></span> <span class='ocrx_word' id='word_1_292' title='bbox 395 2384 489 2408; x_wconf 86' lang='lat' dir='ltr'><strong>autem</strong></span> <span class='ocrx_word' id='word_1_293' title='bbox 506 2388 537 2408; x_wconf 84' lang='lat' dir='ltr'><strong>ea</strong></span> <span class='ocrx_word' id='word_1_294' title='bbox 553 2387 614 2415; x_wconf 68' lang='lat' dir='ltr'><strong>quae</strong></span> <span class='ocrx_word' id='word_1_295' title='bbox 629 2381 737 2416; x_wconf 84' lang='lat' dir='ltr'><strong>placent</strong></span> <span class='ocrx_word' id='word_1_296' title='bbox 747 2381 922 2409; x_wconf 88' lang='lat' dir='ltr'><strong>audientibus</strong></span> <span class='ocrx_word' id='word_1_297' title='bbox 933 2382 1083 2417; x_wconf 91' lang='lat' dir='ltr'><strong>loquuntur</strong></span> 
     </span>
    </p>
   </div>
   <div class='ocr_carea' id='block_1_50' title="bbox 295 2427 1082 2463">
    <p class='ocr_par' dir='ltr' id='par_1_50' title="bbox 295 2427 1082 2463">
     <span class='ocr_line' id='line_1_50' title="bbox 295 2427 1082 2463; baseline 0.003 -9"><span class='ocrx_word' id='word_1_298' title='bbox 295 2433 322 2454; x_wconf 78' lang='lat' dir='ltr'><strong>et</strong></span> <span class='ocrx_word' id='word_1_299' title='bbox 339 2427 481 2455; x_wconf 74' lang='lat' dir='ltr'><strong>veritatem</strong></span> <span class='ocrx_word' id='word_1_300' title='bbox 509 2427 694 2460; x_wconf 82' lang='lat' dir='ltr'><strong>abscondunt,</strong></span> <span class='ocrx_word' id='word_1_301' title='bbox 716 2428 808 2463; x_wconf 88' lang='lat' dir='ltr'><strong>plures</strong></span> <span class='ocrx_word' id='word_1_302' title='bbox 831 2428 865 2455; x_wconf 86' lang='lat' dir='ltr'><strong>de</strong></span> <span class='ocrx_word' id='word_1_303' title='bbox 885 2436 917 2456; x_wconf 86' lang='lat' dir='ltr'><strong>se</strong></span> <span class='ocrx_word' id='word_1_304' title='bbox 942 2436 1082 2456; x_wconf 90' lang='lat' dir='ltr'><strong>sermones</strong></span> 
     </span>
    </p>
   </div>
   <div class='ocr_carea' id='block_1_51' title="bbox 254 2473 1083 2510">
    <p class='ocr_par' dir='ltr' id='par_1_51' title="bbox 254 2473 1083 2510">
     <span class='ocr_line' id='line_1_51' title="bbox 254 2473 1083 2510; baseline 0.004 -11"><span class='ocrx_word' id='word_1_305' title='bbox 254 2507 256 2510; x_wconf 19' lang='grc' dir='ltr'>ν</span> <span class='ocrx_word' id='word_1_306' title='bbox 296 2473 408 2500; x_wconf 78' lang='lat' dir='ltr'><strong>audient</strong></span> <span class='ocrx_word' id='word_1_307' title='bbox 419 2474 471 2501; x_wconf 79' lang='lat' dir='ltr'><strong>sibi</strong></span> <span class='ocrx_word' id='word_1_308' title='bbox 492 2473 612 2509; x_wconf 72' lang='lat' dir='ltr'><strong>gratiose</strong></span> <span class='ocrx_word' id='word_1_309' title='bbox 626 2474 725 2501; x_wconf 80' lang='lat' dir='ltr'><strong>dictos.</strong></span> <span class='ocrx_word' id='word_1_310' title='bbox 740 2473 772 2500; x_wconf 84' lang='lat' dir='ltr'><strong>Et</strong></span> <span class='ocrx_word' id='word_1_311' title='bbox 786 2477 868 2501; x_wconf 87' lang='lat' dir='ltr'><strong>erunt</strong></span> <span class='ocrx_word' id='word_1_312' title='bbox 882 2474 1041 2502; x_wconf 83' lang='lat' dir='ltr'><strong>seductores</strong></span> <span class='ocrx_word' id='word_1_313' title='bbox 1056 2479 1083 2502; x_wconf 88' lang='lat' dir='ltr'><strong>et</strong></span> 
     </span>
    </p>
   </div>
   <div class='ocr_carea' id='block_1_52' title="bbox 297 2519 413 2546">
    <p class='ocr_par' dir='ltr' id='par_1_52' title="bbox 297 2519 413 2546">
     <span class='ocr_line' id='line_1_52' title="bbox 297 2519 413 2546; baseline 0.009 -1"><span class='ocrx_word' id='word_1_314' title='bbox 297 2519 413 2546; x_wconf 78' lang='lat' dir='ltr'><strong>seducti.</strong></span> 
     </span>
    </p>
   </div>
   <div class='ocr_carea' id='block_1_53' title="bbox 333 2573 1083 2610">
    <p class='ocr_par' dir='ltr' id='par_1_53' title="bbox 333 2573 1083 2610">
     <span class='ocr_line' id='line_1_53' title="bbox 333 2573 1083 2610; baseline 0.001 -9"><span class='ocrx_word' id='word_1_315' title='bbox 333 2573 416 2602; x_wconf 76' lang='lat' dir='ltr'><strong>Vsus.</strong></span> <span class='ocrx_word' id='word_1_316' title='bbox 430 2575 476 2603; x_wconf 62' lang='grc' dir='ltr'><strong>ΕΞ.</strong></span> <span class='ocrx_word' id='word_1_317' title='bbox 493 2574 617 2610; x_wconf 83' lang='lat' dir='ltr'><strong>Cagnitio</strong></span> <span class='ocrx_word' id='word_1_318' title='bbox 632 2575 735 2609; x_wconf 76' lang='lat' dir='ltr'><strong>adeptis</strong></span> <span class='ocrx_word' id='word_1_319' title='bbox 748 2579 786 2602; x_wconf 71' lang='lat' dir='ltr'><strong>est</strong></span> <span class='ocrx_word' id='word_1_320' title='bbox 799 2575 859 2610; x_wconf 73' lang='lat' dir='ltr'><strong>fons</strong></span> <span class='ocrx_word' id='word_1_321' title='bbox 873 2575 944 2603; x_wconf 66' lang='lat' dir='ltr'><strong>vitae.</strong></span> <span class='ocrx_word' id='word_1_322' title='bbox 958 2575 1083 2603; x_wconf 88' lang='lat' dir='ltr'><strong>Circum-</strong></span> 
     </span>
    </p>
   </div>
   <div class='ocr_carea' id='block_1_54' title="bbox 296 2620 1082 2656">
    <p class='ocr_par' dir='ltr' id='par_1_54' title="bbox 296 2620 1082 2656">
     <span class='ocr_line' id='line_1_54' title="bbox 296 2620 1082 2656; baseline 0.005 -11"><span class='ocrx_word' id='word_1_323' title='bbox 296 2620 437 2654; x_wconf 82' lang='lat' dir='ltr'><strong>spicientia</strong></span> <span class='ocrx_word' id='word_1_324' title='bbox 452 2621 552 2648; x_wconf 83' lang='lat' dir='ltr'><strong>mentis</strong></span> <span class='ocrx_word' id='word_1_325' title='bbox 566 2628 610 2648; x_wconf 87' lang='lat' dir='ltr'><strong>res</strong></span> <span class='ocrx_word' id='word_1_326' title='bbox 625 2624 768 2656; x_wconf 85' lang='lat' dir='ltr'><strong>perceptas</strong></span> <span class='ocrx_word' id='word_1_327' title='bbox 790 2620 983 2655; x_wconf 71' lang='lat' dir='ltr'><strong>excogitantis,</strong></span> <span class='ocrx_word' id='word_1_328' title='bbox 998 2621 1082 2656; x_wconf 87' lang='lat' dir='ltr'><strong>adep-</strong></span> 
     </span>
    </p>
   </div>
   <div class='ocr_carea' id='block_1_55' title="bbox 296 2664 1081 2700">
    <p class='ocr_par' dir='ltr' id='par_1_55' title="bbox 296 2664 1081 2700">
     <span class='ocr_line' id='line_1_55' title="bbox 296 2664 1081 2700; baseline 0.003 -10"><span class='ocrx_word' id='word_1_329' title='bbox 296 2665 331 2692; x_wconf 81' lang='lat' dir='ltr'><strong>tis</strong></span> <span class='ocrx_word' id='word_1_330' title='bbox 354 2671 415 2692; x_wconf 84' lang='lat' dir='ltr'><strong>eam</strong></span> <span class='ocrx_word' id='word_1_331' title='bbox 434 2669 476 2692; x_wconf 82' lang='lat' dir='ltr'><strong>est</strong></span> <span class='ocrx_word' id='word_1_332' title='bbox 503 2665 630 2692; x_wconf 81' lang='lat' dir='ltr'><strong>scatebra</strong></span> <span class='ocrx_word' id='word_1_333' title='bbox 651 2665 803 2700; x_wconf 84' lang='lat' dir='ltr'><strong>spiritualis</strong></span> <span class='ocrx_word' id='word_1_334' title='bbox 833 2664 965 2698; x_wconf 71' lang='lat' dir='ltr'><strong>scientiae,</strong></span> <span class='ocrx_word' id='word_1_335' title='bbox 990 2672 1081 2692; x_wconf 92' lang='lat' dir='ltr'><strong>rerum</strong></span> 
     </span>
    </p>
   </div>
   <div class='ocr_carea' id='block_1_56' title="bbox 295 2711 562 2739">
    <p class='ocr_par' dir='ltr' id='par_1_56' title="bbox 295 2711 562 2739">
     <span class='ocr_line' id='line_1_56' title="bbox 295 2711 562 2739; baseline 0.007 -2"><span class='ocrx_word' id='word_1_336' title='bbox 295 2717 394 2739; x_wconf 81' lang='lat' dir='ltr'><strong>causas</strong></span> <span class='ocrx_word' id='word_1_337' title='bbox 408 2711 562 2739; x_wconf 83' lang='lat' dir='ltr'><strong>inveniens.</strong></span> 
     </span>
    </p>
   </div>
   <div class='ocr_carea' id='block_1_57' title="bbox 333 2811 1081 2845">
    <p class='ocr_par' dir='ltr' id='par_1_57' title="bbox 333 2811 1081 2845">
     <span class='ocr_line' id='line_1_57' title="bbox 333 2811 1081 2845; baseline 0.004 -7"><span class='ocrx_word' id='word_1_338' title='bbox 333 2811 459 2839; x_wconf 83' lang='lat' dir='ltr'><strong>Doctrina</strong></span> <span class='ocrx_word' id='word_1_339' title='bbox 475 2817 564 2840; x_wconf 82' lang='lat' dir='ltr'><strong>autem</strong></span> <span class='ocrx_word' id='word_1_340' title='bbox 578 2812 733 2845; x_wconf 70' lang='lat' dir='ltr'><strong>stultorum,</strong></span> <span class='ocrx_word' id='word_1_341' title='bbox 748 2812 833 2840; x_wconf 84' lang='lat' dir='ltr'><strong>mala.</strong></span> <span class='ocrx_word' id='word_1_342' title='bbox 855 2811 978 2841; x_wconf 80' lang='lat' dir='ltr'><strong>Scientia</strong></span> <span class='ocrx_word' id='word_1_343' title='bbox 991 2817 1081 2841; x_wconf 83' lang='lat' dir='ltr'><strong>autem</strong></span> 
     </span>
    </p>
   </div>
   <div class='ocr_carea' id='block_1_58' title="bbox 296 2859 1082 2894">
    <p class='ocr_par' dir='ltr' id='par_1_58' title="bbox 296 2859 1082 2894">
     <span class='ocr_line' id='line_1_58' title="bbox 296 2859 1082 2894; baseline 0.003 -9"><span class='ocrx_word' id='word_1_344' title='bbox 296 2865 391 2885; x_wconf 80' lang='lat' dir='ltr'><strong>eorum</strong></span> <span class='ocrx_word' id='word_1_345' title='bbox 408 2860 453 2894; x_wconf 88' lang='lat' dir='ltr'><strong>qui</strong></span> <span class='ocrx_word' id='word_1_346' title='bbox 475 2859 680 2886; x_wconf 87' lang='lat' dir='ltr'><strong>inconsiderate</strong></span> <span class='ocrx_word' id='word_1_347' title='bbox 700 2859 803 2893; x_wconf 87' lang='lat' dir='ltr'><strong>aliquid</strong></span> <span class='ocrx_word' id='word_1_348' title='bbox 819 2859 956 2894; x_wconf 87' lang='lat' dir='ltr'><strong>arripiunt</strong></span> <span class='ocrx_word' id='word_1_349' title='bbox 978 2861 1018 2887; x_wconf 80' lang='lat' dir='ltr'><strong>vel</strong></span> <span class='ocrx_word' id='word_1_350' title='bbox 1035 2860 1082 2887; x_wconf 88' lang='lat' dir='ltr'><strong>de-</strong></span> 
     </span>
    </p>
   </div>
   <div class='ocr_carea' id='block_1_59' title="bbox 297 2902 1078 2940">
    <p class='ocr_par' dir='ltr' id='par_1_59' title="bbox 297 2902 1078 2940">
     <span class='ocr_line' id='line_1_59' title="bbox 297 2902 1078 2940; baseline 0.004 -10"><span class='ocrx_word' id='word_1_351' title='bbox 297 2902 427 2938; x_wconf 80' lang='lat' dir='ltr'><strong>lormant,</strong></span> <span class='ocrx_word' id='word_1_352' title='bbox 437 2911 490 2933; x_wconf 92' lang='lat' dir='ltr'><strong>non</strong></span> <span class='ocrx_word' id='word_1_353' title='bbox 501 2909 543 2934; x_wconf 88' lang='lat' dir='ltr'><strong>est</strong></span> <span class='ocrx_word' id='word_1_354' title='bbox 560 2905 648 2938; x_wconf 83' lang='lat' dir='ltr'><strong>bona;</strong></span> <span class='ocrx_word' id='word_1_355' title='bbox 664 2903 798 2940; x_wconf 82' lang='lat' dir='ltr'><strong>siquidem</strong></span> <span class='ocrx_word' id='word_1_356' title='bbox 814 2908 916 2932; x_wconf 90' lang='lat' dir='ltr'><strong>temere</strong></span> <span class='ocrx_word' id='word_1_357' title='bbox 926 2905 1078 2933; x_wconf 84' lang='lat' dir='ltr'><strong>secundum</strong></span> 
     </span>
    </p>
   </div>
   <div class='ocr_carea' id='block_1_60' title="bbox 1133 300 1924 337">
    <p class='ocr_par' dir='ltr' id='par_1_60' title="bbox 1133 300 1924 337">
     <span class='ocr_line' id='line_1_60' title="bbox 1133 300 1924 337; baseline -0.003 -9"><span class='ocrx_word' id='word_1_358' title='bbox 1133 301 1326 337; x_wconf 82' lang='grc' dir='ltr'>εκτρέπεσθαι,</span> <span class='ocrx_word' id='word_1_359' title='bbox 1355 301 1497 328; x_wconf 84' lang='grc' dir='ltr'>ἀκίνδυνον</span> <span class='ocrx_word' id='word_1_360' title='bbox 1512 301 1567 328; x_wconf 75' lang='grc' dir='ltr'>ἀπὸ</span> <span class='ocrx_word' id='word_1_361' title='bbox 1593 301 1694 332; x_wconf 82' lang='grc' dir='ltr'>κακίας</span> <span class='ocrx_word' id='word_1_362' title='bbox 1709 300 1759 336; x_wconf 77' lang='grc' dir='ltr'><strong>τὴν</strong></span> <span class='ocrx_word' id='word_1_363' title='bbox 1782 300 1850 327; x_wconf 73' lang='grc' dir='ltr'>ἰδίαν</span> <span class='ocrx_word' id='word_1_364' title='bbox 1870 309 1924 334; x_wconf 84' lang='grc' dir='ltr'>φυ-</span> 
     </span>
    </p>
   </div>
   <div class='ocr_carea' id='block_1_61' title="bbox 1133 347 1344 382">
    <p class='ocr_par' dir='ltr' id='par_1_61' title="bbox 1133 347 1344 382">
     <span class='ocr_line' id='line_1_61' title="bbox 1133 347 1344 382; baseline 0.005 -10"><span class='ocrx_word' id='word_1_365' title='bbox 1133 348 1227 374; x_wconf 75' lang='grc' dir='ltr'>λάσσει</span> <span class='ocrx_word' id='word_1_366' title='bbox 1244 347 1344 382; x_wconf 76' lang='grc' dir='ltr'>ψυχήν.</span> 
     </span>
    </p>
   </div>
   <div class='ocr_carea' id='block_1_62' title="bbox 1173 391 1925 427">
    <p class='ocr_par' dir='ltr' id='par_1_62' title="bbox 1173 391 1925 427">
     <span class='ocr_line' id='line_1_62' title="bbox 1173 391 1925 427; baseline -0.001 -8"><span class='ocrx_word' id='word_1_367' title='bbox 1173 392 1305 427; x_wconf 57' lang='lat' dir='ltr'><strong>EAg-mulir</strong></span> <span class='ocrx_word' id='word_1_368' title='bbox 1328 392 1362 419; x_wconf 74' lang='grc' dir='ltr'>δὲ</span> <span class='ocrx_word' id='word_1_369' title='bbox 1391 392 1468 425; x_wconf 80' lang='grc' dir='ltr'><strong>ζωὴν</strong></span> <span class='ocrx_word' id='word_1_370' title='bbox 1491 391 1597 424; x_wconf 80' lang='grc' dir='ltr'>αὐτοῦ,</span> <span class='ocrx_word' id='word_1_371' title='bbox 1613 392 1749 426; x_wconf 75' lang='grc' dir='ltr'><strong>φείσεται</strong></span> <span class='ocrx_word' id='word_1_372' title='bbox 1770 391 1925 425; x_wconf 83' lang='grc' dir='ltr'>στόματος</span> 
     </span>
    </p>
   </div>
   <div class='ocr_carea' id='block_1_63' title="bbox 1132 436 1929 472">
    <p class='ocr_par' dir='ltr' id='par_1_63' title="bbox 1132 436 1929 472">
     <span class='ocr_line' id='line_1_63' title="bbox 1132 436 1929 472; baseline -0.004 -8"><span class='ocrx_word' id='word_1_373' title='bbox 1132 437 1236 464; x_wconf 81' lang='grc' dir='ltr'>αὑτοῦ.</span> <span class='ocrx_word' id='word_1_374' title='bbox 1261 437 1290 464; x_wconf 85' lang='lat'><strong>&#39;0</strong></span> <span class='ocrx_word' id='word_1_375' title='bbox 1306 437 1335 463; x_wconf 83' lang='grc' dir='ltr'>δὲ</span> <span class='ocrx_word' id='word_1_376' title='bbox 1360 437 1553 471; x_wconf 75' lang='grc' dir='ltr'><strong>ἀσπαζόμενος</strong></span> <span class='ocrx_word' id='word_1_377' title='bbox 1567 437 1614 472; x_wconf 81' lang='grc' dir='ltr'>τὴν</span> <span class='ocrx_word' id='word_1_378' title='bbox 1629 437 1666 468; x_wconf 77' lang='grc' dir='ltr'>ὡς</span> <span class='ocrx_word' id='word_1_379' title='bbox 1681 436 1786 471; x_wconf 79' lang='grc' dir='ltr'><strong>λογικῷ</strong></span> <span class='ocrx_word' id='word_1_380' title='bbox 1802 437 1929 472; x_wconf 77' lang='grc' dir='ltr'>πρέπου-</span> 
     </span>
    </p>
   </div>
   <div class='ocr_carea' id='block_1_64' title="bbox 1134 482 1928 518">
    <p class='ocr_par' dir='ltr' id='par_1_64' title="bbox 1134 482 1928 518">
     <span class='ocr_line' id='line_1_64' title="bbox 1134 482 1928 518; baseline -0.004 -8"><span class='ocrx_word' id='word_1_381' title='bbox 1134 492 1183 510; x_wconf 86' lang='grc' dir='ltr'><strong>σαν</strong></span> <span class='ocrx_word' id='word_1_382' title='bbox 1200 483 1273 518; x_wconf 79' lang='grc' dir='ltr'>αὐτῷ</span> <span class='ocrx_word' id='word_1_383' title='bbox 1285 483 1472 518; x_wconf 75' lang='grc' dir='ltr'>πνευματικὴν</span> <span class='ocrx_word' id='word_1_384' title='bbox 1486 482 1589 517; x_wconf 86' lang='grc' dir='ltr'>βιοτὴν,</span> <span class='ocrx_word' id='word_1_385' title='bbox 1599 482 1684 509; x_wconf 81' lang='grc' dir='ltr'>πολλὰ</span> <span class='ocrx_word' id='word_1_386' title='bbox 1695 483 1742 518; x_wconf 81' lang='grc' dir='ltr'>μὲν</span> <span class='ocrx_word' id='word_1_387' title='bbox 1751 482 1928 513; x_wconf 77' lang='grc' dir='ltr'>ὲνωτίσεται,</span> 
     </span>
    </p>
   </div>
   <div class='ocr_carea' id='block_1_65' title="bbox 1133 527 1931 563">
    <p class='ocr_par' dir='ltr' id='par_1_65' title="bbox 1133 527 1931 563">
     <span class='ocr_line' id='line_1_65' title="bbox 1133 527 1931 563; baseline -0.001 -9"><span class='ocrx_word' id='word_1_388' title='bbox 1133 528 1211 562; x_wconf 72' lang='grc' dir='ltr'>ὀλίγα</span> <span class='ocrx_word' id='word_1_389' title='bbox 1237 528 1266 554; x_wconf 81' lang='grc' dir='ltr'>δὲ</span> <span class='ocrx_word' id='word_1_390' title='bbox 1292 527 1440 562; x_wconf 79' lang='grc' dir='ltr'><strong>φθέγξεται</strong></span> <span class='ocrx_word' id='word_1_391' title='bbox 1455 535 1462 542; x_wconf 79' lang='lat'>&#39;</span> <span class='ocrx_word' id='word_1_392' title='bbox 1489 527 1559 554; x_wconf 85' lang='grc' dir='ltr'>ὥστε</span> <span class='ocrx_word' id='word_1_393' title='bbox 1580 528 1710 563; x_wconf 82' lang='grc' dir='ltr'>πράττειν</span> <span class='ocrx_word' id='word_1_394' title='bbox 1731 527 1781 563; x_wconf 79' lang='grc' dir='ltr'>μὲν</span> <span class='ocrx_word' id='word_1_395' title='bbox 1799 527 1817 554; x_wconf 76' lang='grc' dir='ltr'>ἃ</span> <span class='ocrx_word' id='word_1_396' title='bbox 1838 527 1931 562; x_wconf 74' lang='grc' dir='ltr'>μεμά-</span> 
     </span>
    </p>
   </div>
   <div class='ocr_carea' id='block_1_66' title="bbox 1133 567 1930 610">
    <p class='ocr_par' dir='ltr' id='par_1_66' title="bbox 1133 567 1930 610">
     <span class='ocr_line' id='line_1_66' title="bbox 1133 567 1930 610; baseline -0.003 -9"><span class='ocrx_word' id='word_1_397' title='bbox 1133 574 1216 610; x_wconf 76' lang='grc' dir='ltr'>θηκεν</span> <span class='ocrx_word' id='word_1_398' title='bbox 1226 573 1324 609; x_wconf 78' lang='grc' dir='ltr'>ἀγαθὰ,</span> <span class='ocrx_word' id='word_1_399' title='bbox 1341 574 1377 609; x_wconf 84' lang='grc' dir='ltr'>μὴ</span> <span class='ocrx_word' id='word_1_400' title='bbox 1391 574 1480 607; x_wconf 82' lang='grc' dir='ltr'>λέγειν</span> <span class='ocrx_word' id='word_1_401' title='bbox 1491 573 1520 600; x_wconf 83' lang='grc' dir='ltr'>δὲ</span> <span class='ocrx_word' id='word_1_402' title='bbox 1533 574 1596 609; x_wconf 73' lang='grc' dir='ltr'>περὶ</span> <span class='ocrx_word' id='word_1_403' title='bbox 1608 570 1645 600; x_wconf 81' lang='grc' dir='ltr'>ὧν</span> <span class='ocrx_word' id='word_1_404' title='bbox 1662 576 1745 609; x_wconf 79' lang='grc' dir='ltr'>μήπω</span> <span class='ocrx_word' id='word_1_405' title='bbox 1763 567 1930 605; x_wconf 78' lang='grc' dir='ltr'>κατέλαϐεν,</span> 
     </span>
    </p>
   </div>
   <div class='ocr_carea' id='block_1_67' title="bbox 1133 620 1746 656">
    <p class='ocr_par' dir='ltr' id='par_1_67' title="bbox 1133 620 1746 656">
     <span class='ocr_line' id='line_1_67' title="bbox 1133 620 1746 656; baseline -0.002 -8"><span class='ocrx_word' id='word_1_406' title='bbox 1133 622 1179 649; x_wconf 81' lang='grc' dir='ltr'>καὶ</span> <span class='ocrx_word' id='word_1_407' title='bbox 1196 621 1245 656; x_wconf 77' lang='grc' dir='ltr'>τῆς</span> <span class='ocrx_word' id='word_1_408' title='bbox 1260 620 1389 656; x_wconf 78' lang='grc' dir='ltr'><strong>ἀληθείας</strong></span> <span class='ocrx_word' id='word_1_409' title='bbox 1400 620 1525 647; x_wconf 80' lang='grc' dir='ltr'>ἐντεῦθεν</span> <span class='ocrx_word' id='word_1_410' title='bbox 1542 620 1746 656; x_wconf 80' lang='grc' dir='ltr'>διαμαρτάνειν.</span> 
     </span>
    </p>
   </div>
   <div class='ocr_carea' id='block_1_68' title="bbox 1168 713 1931 749">
    <p class='ocr_par' dir='ltr' id='par_1_68' title="bbox 1168 713 1931 749">
     <span class='ocr_line' id='line_1_68' title="bbox 1168 713 1931 749; baseline 0 -8"><span class='ocrx_word' id='word_1_411' title='bbox 1168 714 1227 748; x_wconf 83' lang='grc' dir='ltr'><strong>Πρὸ</strong></span> <span class='ocrx_word' id='word_1_412' title='bbox 1238 713 1402 749; x_wconf 82' lang='grc' dir='ltr'>συντριόῆς</span> <span class='ocrx_word' id='word_1_413' title='bbox 1426 714 1540 748; x_wconf 76' lang='grc' dir='ltr'>ἡγεῖται</span> <span class='ocrx_word' id='word_1_414' title='bbox 1568 714 1662 748; x_wconf 76' lang='grc' dir='ltr'>ὕϐρις,</span> <span class='ocrx_word' id='word_1_415' title='bbox 1687 715 1854 749; x_wconf 81' lang='grc' dir='ltr'>Προηγεῖται</span> <span class='ocrx_word' id='word_1_416' title='bbox 1884 723 1931 741; x_wconf 81' lang='grc' dir='ltr'>τι-</span> 
     </span>
    </p>
   </div>
   <div class='ocr_carea' id='block_1_69' title="bbox 1134 760 1933 796">
    <p class='ocr_par' dir='ltr' id='par_1_69' title="bbox 1134 760 1933 796">
     <span class='ocr_line' id='line_1_69' title="bbox 1134 760 1933 796; baseline 0 -10"><span class='ocrx_word' id='word_1_417' title='bbox 1134 760 1240 795; x_wconf 89' lang='grc' dir='ltr'>μωρίας</span> <span class='ocrx_word' id='word_1_418' title='bbox 1258 760 1286 786; x_wconf 79' lang='grc' dir='ltr'>δὲ</span> <span class='ocrx_word' id='word_1_419' title='bbox 1304 761 1321 795; x_wconf 84' lang='grc' dir='ltr'><strong>ἠ</strong></span> <span class='ocrx_word' id='word_1_420' title='bbox 1346 762 1379 795; x_wconf 83' lang='grc' dir='ltr'><strong>τῇ</strong></span> <span class='ocrx_word' id='word_1_421' title='bbox 1403 760 1475 795; x_wconf 78' lang='grc' dir='ltr'>λόγῳ</span> <span class='ocrx_word' id='word_1_422' title='bbox 1486 760 1657 796; x_wconf 84' lang='grc' dir='ltr'>τετιμημένῃ</span> <span class='ocrx_word' id='word_1_423' title='bbox 1670 761 1742 796; x_wconf 81' lang='grc' dir='ltr'><strong>ψυχῇ</strong></span> <span class='ocrx_word' id='word_1_424' title='bbox 1764 760 1933 795; x_wconf 65' lang='grc' dir='ltr'>ἁτιμοποῲς</span> 
     </span>
    </p>
   </div>
   <div class='ocr_carea' id='block_1_70' title="bbox 1133 805 1563 841">
    <p class='ocr_par' dir='ltr' id='par_1_70' title="bbox 1133 805 1563 841">
     <span class='ocr_line' id='line_1_70' title="bbox 1133 805 1563 841; baseline 0.002 -9"><span class='ocrx_word' id='word_1_425' title='bbox 1133 806 1266 841; x_wconf 80' lang='grc' dir='ltr'>ἁμαρτία,</span> <span class='ocrx_word' id='word_1_426' title='bbox 1284 805 1322 837; x_wconf 83' lang='grc' dir='ltr'><strong>ὡς</strong></span> <span class='ocrx_word' id='word_1_427' title='bbox 1337 805 1411 833; x_wconf 84' lang='grc' dir='ltr'>αἰτία</span> <span class='ocrx_word' id='word_1_428' title='bbox 1427 806 1563 833; x_wconf 79' lang='grc' dir='ltr'>αἰτιατοῦ.</span> 
     </span>
    </p>
   </div>
   <div class='ocr_carea' id='block_1_71' title="bbox 1168 852 1932 887">
    <p class='ocr_par' dir='ltr' id='par_1_71' title="bbox 1168 852 1932 887">
     <span class='ocr_line' id='line_1_71' title="bbox 1168 852 1932 887; baseline 0 -9"><span class='ocrx_word' id='word_1_429' title='bbox 1168 856 1214 887; x_wconf 88' lang='grc' dir='ltr'>ιη’.</span> <span class='ocrx_word' id='word_1_430' title='bbox 1234 853 1293 886; x_wconf 87' lang='grc' dir='ltr'><strong>Πρὸ</strong></span> <span class='ocrx_word' id='word_1_431' title='bbox 1305 852 1339 878; x_wconf 76' lang='grc' dir='ltr'>δὲ</span> <span class='ocrx_word' id='word_1_432' title='bbox 1351 852 1517 887; x_wconf 75' lang='grc' dir='ltr'>πτώματος,</span> <span class='ocrx_word' id='word_1_433' title='bbox 1533 853 1759 887; x_wconf 69' lang='grc' dir='ltr'>κακοφροσύνη.</span> <span class='ocrx_word' id='word_1_434' title='bbox 1784 852 1872 880; x_wconf 76' lang='grc' dir='ltr'>Αὑτοῦ</span> <span class='ocrx_word' id='word_1_435' title='bbox 1899 852 1932 879; x_wconf 80' lang='grc' dir='ltr'>δὲ</span> 
     </span>
    </p>
   </div>
   <div class='ocr_carea' id='block_1_72' title="bbox 1133 898 1932 934">
    <p class='ocr_par' dir='ltr' id='par_1_72' title="bbox 1133 898 1932 934">
     <span class='ocr_line' id='line_1_72' title="bbox 1133 898 1932 934; baseline 0.001 -10"><span class='ocrx_word' id='word_1_436' title='bbox 1133 898 1180 925; x_wconf 82' lang='grc' dir='ltr'>τοῦ</span> <span class='ocrx_word' id='word_1_437' title='bbox 1206 898 1267 925; x_wconf 72' lang='grc' dir='ltr'>καθ’</span> <span class='ocrx_word' id='word_1_438' title='bbox 1299 899 1438 934; x_wconf 74' lang='grc' dir='ltr'><strong>ἁμαρτίαν</strong></span> <span class='ocrx_word' id='word_1_439' title='bbox 1466 898 1584 933; x_wconf 74' lang='grc' dir='ltr'>ψυχικοῦ</span> <span class='ocrx_word' id='word_1_440' title='bbox 1609 899 1774 934; x_wconf 86' lang='grc' dir='ltr'>πτώματος,</span> <span class='ocrx_word' id='word_1_441' title='bbox 1803 899 1833 925; x_wconf 73' lang='grc' dir='ltr'>τὸ</span> <span class='ocrx_word' id='word_1_442' title='bbox 1858 906 1932 934; x_wconf 85' lang='grc' dir='ltr'>φρο-</span> 
     </span>
    </p>
   </div>
   <div class='ocr_carea' id='block_1_73' title="bbox 1134 943 1931 980">
    <p class='ocr_par' dir='ltr' id='par_1_73' title="bbox 1134 943 1931 980">
     <span class='ocr_line' id='line_1_73' title="bbox 1134 943 1931 980; baseline 0 -10"><span class='ocrx_word' id='word_1_443' title='bbox 1134 944 1189 970; x_wconf 77' lang='grc' dir='ltr'>νεῖν</span> <span class='ocrx_word' id='word_1_444' title='bbox 1203 944 1268 978; x_wconf 86' lang='grc' dir='ltr'>παρ’</span> <span class='ocrx_word' id='word_1_445' title='bbox 1286 943 1302 970; x_wconf 79' lang='grc' dir='ltr'><strong>ὃ</strong></span> <span class='ocrx_word' id='word_1_446' title='bbox 1324 943 1366 970; x_wconf 81' lang='grc' dir='ltr'>δεῖ</span> <span class='ocrx_word' id='word_1_447' title='bbox 1383 945 1505 979; x_wconf 81' lang='grc' dir='ltr'><strong>φρονεῖν,</strong></span> <span class='ocrx_word' id='word_1_448' title='bbox 1520 945 1568 970; x_wconf 70' lang='grc' dir='ltr'>καὶ</span> <span class='ocrx_word' id='word_1_449' title='bbox 1583 944 1622 980; x_wconf 88' lang='grc' dir='ltr'>μὴ</span> <span class='ocrx_word' id='word_1_450' title='bbox 1651 945 1760 979; x_wconf 83' lang='grc' dir='ltr'><strong>φρονεῖν</strong></span> <span class='ocrx_word' id='word_1_451' title='bbox 1773 944 1814 976; x_wconf 85' lang='grc' dir='ltr'><strong>εἰς</strong></span> <span class='ocrx_word' id='word_1_452' title='bbox 1827 944 1858 970; x_wconf 79' lang='grc' dir='ltr'>τὸ</span> <span class='ocrx_word' id='word_1_453' title='bbox 1868 953 1931 970; x_wconf 82' lang='grc' dir='ltr'>σω-</span> 
     </span>
    </p>
   </div>
   <div class='ocr_carea' id='block_1_74' title="bbox 1134 991 1666 1025">
    <p class='ocr_par' dir='ltr' id='par_1_74' title="bbox 1134 991 1666 1025">
     <span class='ocr_line' id='line_1_74' title="bbox 1134 991 1666 1025; baseline 0.002 -9"><span class='ocrx_word' id='word_1_454' title='bbox 1134 998 1152 1024; x_wconf 84' lang='grc' dir='ltr'><strong>φ</strong></span> <span class='ocrx_word' id='word_1_455' title='bbox 1157 991 1252 1025; x_wconf 80' lang='grc' dir='ltr'>ρονεῖν.</span> <span class='ocrx_word' id='word_1_456' title='bbox 1663 1004 1666 1005; x_wconf 55' lang='grc' dir='ltr'><em>ν</em></span> 
     </span>
    </p>
   </div>
   <div class='ocr_carea' id='block_1_75' title="bbox 1170 1034 1929 1070">
    <p class='ocr_par' dir='ltr' id='par_1_75' title="bbox 1170 1034 1929 1070">
     <span class='ocr_line' id='line_1_75' title="bbox 1170 1034 1929 1070; baseline 0.003 -9"><span class='ocrx_word' id='word_1_457' title='bbox 1170 1034 1213 1062; x_wconf 82' lang='grc' dir='ltr'><strong>ιϐ’.</strong></span> <span class='ocrx_word' id='word_1_458' title='bbox 1226 1035 1385 1070; x_wconf 77' lang='grc' dir='ltr'>Κρείσσων</span> <span class='ocrx_word' id='word_1_459' title='bbox 1409 1035 1584 1070; x_wconf 76' lang='grc' dir='ltr'>πραῢθυμος</span> <span class='ocrx_word' id='word_1_460' title='bbox 1609 1034 1685 1070; x_wconf 84' lang='grc' dir='ltr'>μετὰ</span> <span class='ocrx_word' id='word_1_461' title='bbox 1706 1035 1929 1068; x_wconf 78' lang='grc' dir='ltr'><strong>ταπεινώσεως.</strong></span> 
     </span>
    </p>
   </div>
   <div class='ocr_carea' id='block_1_76' title="bbox 1133 1081 1932 1117">
    <p class='ocr_par' dir='ltr' id='par_1_76' title="bbox 1133 1081 1932 1117">
     <span class='ocr_line' id='line_1_76' title="bbox 1133 1081 1932 1117; baseline 0.001 -9"><span class='ocrx_word' id='word_1_462' title='bbox 1133 1081 1259 1108; x_wconf 83' lang='grc' dir='ltr'>Καλλίων</span> <span class='ocrx_word' id='word_1_463' title='bbox 1275 1082 1351 1109; x_wconf 76' lang='grc' dir='ltr'>ἐστὶν</span> <span class='ocrx_word' id='word_1_464' title='bbox 1367 1082 1381 1109; x_wconf 83' lang='grc' dir='ltr'><strong>ὁ</strong></span> <span class='ocrx_word' id='word_1_465' title='bbox 1397 1082 1441 1109; x_wconf 87' lang='grc' dir='ltr'><strong>διὰ</strong></span> <span class='ocrx_word' id='word_1_466' title='bbox 1455 1082 1513 1117; x_wconf 83' lang='grc' dir='ltr'>βίου</span> <span class='ocrx_word' id='word_1_467' title='bbox 1528 1082 1675 1113; x_wconf 75' lang='grc' dir='ltr'>εὐτέλειαν,</span> <span class='ocrx_word' id='word_1_468' title='bbox 1696 1081 1864 1114; x_wconf 76' lang='grc' dir='ltr'><strong>ἀνεξικάκως</strong></span> <span class='ocrx_word' id='word_1_469' title='bbox 1876 1083 1932 1117; x_wconf 80' lang='grc' dir='ltr'>φέ-</span> 
     </span>
    </p>
   </div>
   <div class='ocr_carea' id='block_1_77' title="bbox 1136 1128 1775 1164">
    <p class='ocr_par' dir='ltr' id='par_1_77' title="bbox 1136 1128 1775 1164">
     <span class='ocr_line' id='line_1_77' title="bbox 1136 1128 1775 1164; baseline 0.002 -10"><span class='ocrx_word' id='word_1_470' title='bbox 1136 1135 1190 1162; x_wconf 89' lang='grc' dir='ltr'>ρων</span> <span class='ocrx_word' id='word_1_471' title='bbox 1204 1128 1253 1162; x_wconf 88' lang='grc' dir='ltr'>τὴν</span> <span class='ocrx_word' id='word_1_472' title='bbox 1268 1128 1322 1155; x_wconf 80' lang='grc' dir='ltr'><strong>τῶν</strong></span> <span class='ocrx_word' id='word_1_473' title='bbox 1335 1128 1445 1155; x_wconf 81' lang='grc' dir='ltr'>οἰκείων</span> <span class='ocrx_word' id='word_1_474' title='bbox 1459 1137 1526 1164; x_wconf 87' lang='grc' dir='ltr'>πονη</span> <span class='ocrx_word' id='word_1_475' title='bbox 1531 1128 1624 1164; x_wconf 84' lang='grc' dir='ltr'>μάτων</span> <span class='ocrx_word' id='word_1_476' title='bbox 1638 1128 1775 1164; x_wconf 81' lang='grc' dir='ltr'><strong>στέρησιν.</strong></span> 
     </span>
    </p>
   </div>
   <div class='ocr_carea' id='block_1_78' title="bbox 1173 1208 1929 1245">
    <p class='ocr_par' dir='ltr' id='par_1_78' title="bbox 1173 1208 1929 1245">
     <span class='ocr_line' id='line_1_78' title="bbox 1173 1208 1929 1245; baseline 0.001 -10"><span class='ocrx_word' id='word_1_477' title='bbox 1173 1209 1212 1235; x_wconf 87' lang='grc' dir='ltr'><em>Ἣ</em></span> <span class='ocrx_word' id='word_1_478' title='bbox 1225 1208 1259 1242; x_wconf 83' lang='grc' dir='ltr'>ὃς</span> <span class='ocrx_word' id='word_1_479' title='bbox 1272 1208 1426 1243; x_wconf 77' lang='grc' dir='ltr'>διαιρεῖται</span> <span class='ocrx_word' id='word_1_480' title='bbox 1445 1209 1548 1237; x_wconf 73' lang='grc' dir='ltr'>σκῦλα</span> <span class='ocrx_word' id='word_1_481' title='bbox 1572 1209 1647 1244; x_wconf 84' lang='grc' dir='ltr'>μετὰ</span> <span class='ocrx_word' id='word_1_482' title='bbox 1665 1209 1826 1244; x_wconf 78' lang='grc' dir='ltr'>ὑϐριστῶν.</span> <span class='ocrx_word' id='word_1_483' title='bbox 1844 1209 1929 1245; x_wconf 72' lang='grc' dir='ltr'>Παρὰ</span> 
     </span>
    </p>
   </div>
   <div class='ocr_carea' id='block_1_79' title="bbox 1133 1253 1929 1292">
    <p class='ocr_par' dir='ltr' id='par_1_79' title="bbox 1133 1253 1929 1292">
     <span class='ocr_line' id='line_1_79' title="bbox 1133 1253 1929 1292; baseline 0.003 -13"><span class='ocrx_word' id='word_1_484' title='bbox 1133 1253 1180 1280; x_wconf 74' lang='grc' dir='ltr'><strong>τὸν</strong></span> <span class='ocrx_word' id='word_1_485' title='bbox 1192 1253 1278 1280; x_wconf 82' lang='grc' dir='ltr'>ταῦτα</span> <span class='ocrx_word' id='word_1_486' title='bbox 1295 1254 1464 1290; x_wconf 83' lang='grc' dir='ltr'>τυραννικῶς</span> <span class='ocrx_word' id='word_1_487' title='bbox 1472 1255 1684 1292; x_wconf 81' lang='grc' dir='ltr'>ἀφαιρούμενον,</span> <span class='ocrx_word' id='word_1_488' title='bbox 1701 1255 1748 1281; x_wconf 77' lang='grc' dir='ltr'>καὶ</span> <span class='ocrx_word' id='word_1_489' title='bbox 1757 1255 1807 1290; x_wconf 83' lang='grc' dir='ltr'>τὴν</span> <span class='ocrx_word' id='word_1_490' title='bbox 1825 1255 1929 1291; x_wconf 69' lang='grc' dir='ltr'>μερίδα.</span> 
     </span>
    </p>
   </div>
   <div class='ocr_carea' id='block_1_80' title="bbox 1134 1298 1927 1336">
    <p class='ocr_par' dir='ltr' id='par_1_80' title="bbox 1134 1298 1927 1336">
     <span class='ocr_line' id='line_1_80' title="bbox 1134 1298 1927 1336; baseline 0.004 -11"><span class='ocrx_word' id='word_1_491' title='bbox 1134 1298 1275 1334; x_wconf 81' lang='grc' dir='ltr'>τιοέμενον</span> <span class='ocrx_word' id='word_1_492' title='bbox 1294 1300 1363 1335; x_wconf 80' lang='grc' dir='ltr'>μετὰ</span> <span class='ocrx_word' id='word_1_493' title='bbox 1384 1301 1439 1328; x_wconf 87' lang='grc' dir='ltr'>τῶν</span> <span class='ocrx_word' id='word_1_494' title='bbox 1454 1301 1697 1336; x_wconf 85' lang='grc' dir='ltr'>κατεπαιρομένων</span> <span class='ocrx_word' id='word_1_495' title='bbox 1712 1300 1766 1327; x_wconf 83' lang='grc' dir='ltr'><strong>τῶν</strong></span> <span class='ocrx_word' id='word_1_496' title='bbox 1780 1300 1905 1328; x_wconf 76' lang='grc' dir='ltr'>ἀσθενῶν</span> <span class='ocrx_word' id='word_1_497' title='bbox 1918 1309 1927 1318; x_wconf 77' lang='grc'><strong><em>⁸</em></strong></span> 
     </span>
    </p>
   </div>
   <div class='ocr_carea' id='block_1_81' title="bbox 1134 1345 1832 1382">
    <p class='ocr_par' dir='ltr' id='par_1_81' title="bbox 1134 1345 1832 1382">
     <span class='ocr_line' id='line_1_81' title="bbox 1134 1345 1832 1382; baseline 0.004 -11"><span class='ocrx_word' id='word_1_498' title='bbox 1134 1345 1175 1372; x_wconf 81' lang='grc' dir='ltr'>ὅτι</span> <span class='ocrx_word' id='word_1_499' title='bbox 1192 1346 1237 1372; x_wconf 82' lang='grc' dir='ltr'>τὸν</span> <span class='ocrx_word' id='word_1_500' title='bbox 1253 1346 1320 1372; x_wconf 78' lang='grc' dir='ltr'>Θεὸν</span> <span class='ocrx_word' id='word_1_501' title='bbox 1334 1347 1348 1373; x_wconf 87' lang='grc' dir='ltr'>ὁ</span> <span class='ocrx_word' id='word_1_502' title='bbox 1362 1347 1410 1382; x_wconf 78' lang='grc' dir='ltr'>μὲν</span> <span class='ocrx_word' id='word_1_503' title='bbox 1425 1346 1482 1382; x_wconf 77' lang='grc' dir='ltr'>ἔχει</span> <span class='ocrx_word' id='word_1_504' title='bbox 1493 1347 1612 1380; x_wconf 70' lang='grc' dir='ltr'>ἔκδικον,</span> <span class='ocrx_word' id='word_1_505' title='bbox 1629 1347 1643 1373; x_wconf 82' lang='grc' dir='ltr'><strong><em>ὁ</em></strong></span> <span class='ocrx_word' id='word_1_506' title='bbox 1656 1347 1684 1373; x_wconf 82' lang='grc' dir='ltr'>δὲ</span> <span class='ocrx_word' id='word_1_507' title='bbox 1698 1347 1832 1382; x_wconf 84' lang='grc' dir='ltr'>τιμωρόν.</span> 
     </span>
    </p>
   </div>
   <div class='ocr_carea' id='block_1_82' title="bbox 1170 1392 1928 1428">
    <p class='ocr_par' dir='ltr' id='par_1_82' title="bbox 1170 1392 1928 1428">
     <span class='ocr_line' id='line_1_82' title="bbox 1170 1392 1928 1428; baseline 0 -9"><span class='ocrx_word' id='word_1_508' title='bbox 1170 1396 1204 1420; x_wconf 88' lang='grc' dir='ltr'><strong>κ’.</strong></span> <span class='ocrx_word' id='word_1_509' title='bbox 1216 1393 1345 1426; x_wconf 79' lang='grc' dir='ltr'>Συνετὸς</span> <span class='ocrx_word' id='word_1_510' title='bbox 1360 1393 1394 1419; x_wconf 86' lang='grc' dir='ltr'><strong>ἐν</strong></span> <span class='ocrx_word' id='word_1_511' title='bbox 1402 1393 1586 1428; x_wconf 58' lang='grc' dir='ltr'>πράγμασιν,</span> <span class='ocrx_word' id='word_1_512' title='bbox 1606 1392 1730 1427; x_wconf 76' lang='grc' dir='ltr'>εὑρετὴς</span> <span class='ocrx_word' id='word_1_513' title='bbox 1743 1392 1873 1428; x_wconf 79' lang='grc' dir='ltr'>ἀγαθῶν.</span> <span class='ocrx_word' id='word_1_514' title='bbox 1897 1394 1928 1419; x_wconf 86' lang='lat'><strong>&#39;0</strong></span> 
     </span>
    </p>
   </div>
   <div class='ocr_carea' id='block_1_83' title="bbox 1135 1436 1927 1473">
    <p class='ocr_par' dir='ltr' id='par_1_83' title="bbox 1135 1436 1927 1473">
     <span class='ocr_line' id='line_1_83' title="bbox 1135 1436 1927 1473; baseline 0.003 -10"><span class='ocrx_word' id='word_1_515' title='bbox 1135 1436 1263 1472; x_wconf 82' lang='grc' dir='ltr'>νουνεχὴς</span> <span class='ocrx_word' id='word_1_516' title='bbox 1292 1437 1342 1463; x_wconf 76' lang='grc' dir='ltr'>καὶ</span> <span class='ocrx_word' id='word_1_517' title='bbox 1358 1438 1457 1472; x_wconf 86' lang='grc' dir='ltr'>πεῖραν</span> <span class='ocrx_word' id='word_1_518' title='bbox 1472 1437 1639 1472; x_wconf 81' lang='grc' dir='ltr'>κεκτημένος</span> <span class='ocrx_word' id='word_1_519' title='bbox 1654 1437 1755 1473; x_wconf 76' lang='grc' dir='ltr'>ἀκριϐῆ</span> <span class='ocrx_word' id='word_1_520' title='bbox 1769 1438 1823 1464; x_wconf 84' lang='grc' dir='ltr'>τῶν</span> <span class='ocrx_word' id='word_1_521' title='bbox 1851 1447 1927 1473; x_wconf 79' lang='grc' dir='ltr'>πρα-</span> 
     </span>
    </p>
   </div>
   <div class='ocr_carea' id='block_1_84' title="bbox 1134 1481 1925 1519">
    <p class='ocr_par' dir='ltr' id='par_1_84' title="bbox 1134 1481 1925 1519">
     <span class='ocr_line' id='line_1_84' title="bbox 1134 1481 1925 1519; baseline 0.003 -11"><span class='ocrx_word' id='word_1_522' title='bbox 1134 1481 1258 1516; x_wconf 82' lang='grc' dir='ltr'>γμάτων,</span> <span class='ocrx_word' id='word_1_523' title='bbox 1275 1483 1328 1509; x_wconf 81' lang='grc' dir='ltr'>ἀπὸ</span> <span class='ocrx_word' id='word_1_524' title='bbox 1340 1482 1394 1510; x_wconf 88' lang='grc' dir='ltr'>τῶν</span> <span class='ocrx_word' id='word_1_525' title='bbox 1410 1482 1539 1518; x_wconf 79' lang='grc' dir='ltr'>χειρόνων</span> <span class='ocrx_word' id='word_1_526' title='bbox 1555 1482 1701 1518; x_wconf 88' lang='grc' dir='ltr'>διακρίνων</span> <span class='ocrx_word' id='word_1_527' title='bbox 1720 1483 1755 1509; x_wconf 82' lang='grc' dir='ltr'><strong>τὰ</strong></span> <span class='ocrx_word' id='word_1_528' title='bbox 1770 1483 1925 1519; x_wconf 85' lang='grc' dir='ltr'>κρείττονα,</span> 
     </span>
    </p>
   </div>
   <div class='ocr_carea' id='block_1_85' title="bbox 1134 1528 1527 1564">
    <p class='ocr_par' dir='ltr' id='par_1_85' title="bbox 1134 1528 1527 1564">
     <span class='ocr_line' id='line_1_85' title="bbox 1134 1528 1527 1564; baseline 0.003 -10"><span class='ocrx_word' id='word_1_529' title='bbox 1134 1528 1254 1564; x_wconf 81' lang='grc' dir='ltr'>ὑπάρχει</span> <span class='ocrx_word' id='word_1_530' title='bbox 1269 1529 1371 1555; x_wconf 84' lang='grc' dir='ltr'>τούτων</span> <span class='ocrx_word' id='word_1_531' title='bbox 1383 1528 1527 1564; x_wconf 82' lang='grc' dir='ltr'>ἐπιτυχής.</span> 
     </span>
    </p>
   </div>
   <div class='ocr_carea' id='block_1_86' title="bbox 1171 1576 1925 1611">
    <p class='ocr_par' dir='ltr' id='par_1_86' title="bbox 1171 1576 1925 1611">
     <span class='ocr_line' id='line_1_86' title="bbox 1171 1576 1925 1611; baseline 0.001 -8"><span class='ocrx_word' id='word_1_532' title='bbox 1171 1576 1322 1609; x_wconf 82' lang='grc' dir='ltr'>Πεποιθὼς</span> <span class='ocrx_word' id='word_1_533' title='bbox 1338 1576 1373 1602; x_wconf 81' lang='grc' dir='ltr'>δὲ</span> <span class='ocrx_word' id='word_1_534' title='bbox 1387 1576 1437 1602; x_wconf 77' lang='grc' dir='ltr'><strong>ἐπὶ</strong></span> <span class='ocrx_word' id='word_1_535' title='bbox 1456 1576 1527 1610; x_wconf 83' lang='grc' dir='ltr'>Θεῷ,</span> <span class='ocrx_word' id='word_1_536' title='bbox 1541 1577 1736 1611; x_wconf 79' lang='grc' dir='ltr'>μακαριστός.</span> <span class='ocrx_word' id='word_1_537' title='bbox 1755 1577 1784 1603; x_wconf 85' lang='grc' dir='ltr'>Ὁ</span> <span class='ocrx_word' id='word_1_538' title='bbox 1795 1577 1823 1603; x_wconf 80' lang='grc' dir='ltr'>δὲ</span> <span class='ocrx_word' id='word_1_539' title='bbox 1834 1578 1925 1604; x_wconf 75' lang='grc' dir='ltr'>πᾶσαν</span> 
     </span>
    </p>
   </div>
   <div class='ocr_carea' id='block_1_87' title="bbox 1136 1621 1925 1658">
    <p class='ocr_par' dir='ltr' id='par_1_87' title="bbox 1136 1621 1925 1658">
     <span class='ocr_line' id='line_1_87' title="bbox 1136 1621 1925 1658; baseline 0.004 -11"><span class='ocrx_word' id='word_1_540' title='bbox 1136 1621 1185 1656; x_wconf 82' lang='grc' dir='ltr'>τὴν</span> <span class='ocrx_word' id='word_1_541' title='bbox 1199 1621 1296 1648; x_wconf 78' lang='grc' dir='ltr'>ἑαυτοῦ</span> <span class='ocrx_word' id='word_1_542' title='bbox 1311 1621 1409 1648; x_wconf 78' lang='grc' dir='ltr'>ἐλπίδα</span> <span class='ocrx_word' id='word_1_543' title='bbox 1425 1622 1484 1657; x_wconf 87' lang='grc' dir='ltr'><strong>Θεῷ</strong></span> <span class='ocrx_word' id='word_1_544' title='bbox 1499 1623 1646 1656; x_wconf 76' lang='grc' dir='ltr'>ἀνατιθεὶς,</span> <span class='ocrx_word' id='word_1_545' title='bbox 1665 1622 1713 1649; x_wconf 75' lang='grc' dir='ltr'><strong>καὶ</strong></span> <span class='ocrx_word' id='word_1_546' title='bbox 1729 1622 1766 1658; x_wconf 84' lang='grc' dir='ltr'>μὴ</span> <span class='ocrx_word' id='word_1_547' title='bbox 1779 1623 1821 1657; x_wconf 82' lang='grc' dir='ltr'><strong>ἐφ’</strong></span> <span class='ocrx_word' id='word_1_548' title='bbox 1836 1623 1925 1658; x_wconf 83' lang='grc' dir='ltr'>ἑαυτῷ</span> 
     </span>
    </p>
   </div>
   <div class='ocr_carea' id='block_1_88' title="bbox 1135 1666 1925 1703">
    <p class='ocr_par' dir='ltr' id='par_1_88' title="bbox 1135 1666 1925 1703">
     <span class='ocr_line' id='line_1_88' title="bbox 1135 1666 1925 1703; baseline 0.004 -11"><span class='ocrx_word' id='word_1_549' title='bbox 1135 1666 1253 1702; x_wconf 74' lang='grc' dir='ltr'>οαρῤῶν,</span> <span class='ocrx_word' id='word_1_550' title='bbox 1270 1667 1401 1701; x_wconf 80' lang='grc' dir='ltr'>τυγχάνει</span> <span class='ocrx_word' id='word_1_551' title='bbox 1411 1667 1575 1702; x_wconf 75' lang='grc' dir='ltr'>ἀείμνηστος</span> <span class='ocrx_word' id='word_1_552' title='bbox 1587 1675 1593 1681; x_wconf 94' lang='grc'><strong>·</strong></span> <span class='ocrx_word' id='word_1_553' title='bbox 1613 1668 1637 1693; x_wconf 83' lang='grc' dir='ltr'><strong>εἰ</strong></span> <span class='ocrx_word' id='word_1_554' title='bbox 1655 1667 1692 1702; x_wconf 86' lang='grc' dir='ltr'>μὴ</span> <span class='ocrx_word' id='word_1_555' title='bbox 1705 1667 1759 1701; x_wconf 84' lang='grc' dir='ltr'><strong>γὰρ</strong></span> <span class='ocrx_word' id='word_1_556' title='bbox 1771 1667 1873 1703; x_wconf 78' lang='grc' dir='ltr'>Κύριος</span> <span class='ocrx_word' id='word_1_557' title='bbox 1885 1669 1925 1703; x_wconf 86' lang='grc' dir='ltr'>τῷ</span> 
     </span>
    </p>
   </div>
   <div class='ocr_carea' id='block_1_89' title="bbox 1134 1711 1924 1747">
    <p class='ocr_par' dir='ltr' id='par_1_89' title="bbox 1134 1711 1924 1747">
     <span class='ocr_line' id='line_1_89' title="bbox 1134 1711 1924 1747; baseline 0.004 -10"><span class='ocrx_word' id='word_1_558' title='bbox 1134 1711 1230 1738; x_wconf 79' lang='grc' dir='ltr'>ἑαυτοῦ</span> <span class='ocrx_word' id='word_1_559' title='bbox 1243 1711 1318 1747; x_wconf 77' lang='grc' dir='ltr'>φόϐῳ</span> <span class='ocrx_word' id='word_1_560' title='bbox 1326 1711 1440 1746; x_wconf 81' lang='grc' dir='ltr'><strong>φυλάξει</strong></span> <span class='ocrx_word' id='word_1_561' title='bbox 1455 1712 1544 1747; x_wconf 76' lang='grc' dir='ltr'>ψυχὴν</span> <span class='ocrx_word' id='word_1_562' title='bbox 1557 1712 1611 1739; x_wconf 84' lang='grc' dir='ltr'><strong>ἀπὺ</strong></span> <span class='ocrx_word' id='word_1_563' title='bbox 1624 1713 1678 1739; x_wconf 83' lang='grc' dir='ltr'>τῶν</span> <span class='ocrx_word' id='word_1_564' title='bbox 1693 1713 1924 1740; x_wconf 75' lang='grc' dir='ltr'>ἐπιϐουλευόντων</span> 
     </span>
    </p>
   </div>
   <div class='ocr_carea' id='block_1_90' title="bbox 1133 1757 1923 1794">
    <p class='ocr_par' dir='ltr' id='par_1_90' title="bbox 1133 1757 1923 1794">
     <span class='ocr_line' id='line_1_90' title="bbox 1133 1757 1923 1794; baseline 0 -10"><span class='ocrx_word' id='word_1_565' title='bbox 1133 1757 1203 1792; x_wconf 77' lang='grc' dir='ltr'>αὐτῇ</span> <span class='ocrx_word' id='word_1_566' title='bbox 1221 1758 1384 1792; x_wconf 83' lang='grc' dir='ltr'>πνευμάτων</span> <span class='ocrx_word' id='word_1_567' title='bbox 1406 1757 1456 1791; x_wconf 83' lang='grc' dir='ltr'>τῆς</span> <span class='ocrx_word' id='word_1_568' title='bbox 1484 1757 1627 1794; x_wconf 79' lang='grc' dir='ltr'>πονηρίας,</span> <span class='ocrx_word' id='word_1_569' title='bbox 1647 1758 1687 1789; x_wconf 84' lang='grc' dir='ltr'><strong>εἰς</strong></span> <span class='ocrx_word' id='word_1_570' title='bbox 1714 1757 1791 1785; x_wconf 80' lang='grc' dir='ltr'>κενὸν</span> <span class='ocrx_word' id='word_1_571' title='bbox 1805 1758 1923 1794; x_wconf 56' lang='grc' dir='ltr'>ὲγρηγὰ</span> 
     </span>
    </p>
   </div>
   <div class='ocr_carea' id='block_1_91' title="bbox 1134 1802 1923 1838">
    <p class='ocr_par' dir='ltr' id='par_1_91' title="bbox 1134 1802 1923 1838">
     <span class='ocr_line' id='line_1_91' title="bbox 1134 1802 1923 1838; baseline 0.004 -10"><span class='ocrx_word' id='word_1_572' title='bbox 1134 1811 1217 1837; x_wconf 87' lang='grc' dir='ltr'>ρησεν</span> <span class='ocrx_word' id='word_1_573' title='bbox 1229 1803 1244 1829; x_wconf 86' lang='grc' dir='ltr'><strong>ό</strong></span> <span class='ocrx_word' id='word_1_574' title='bbox 1258 1802 1360 1838; x_wconf 81' lang='grc' dir='ltr'>ταύτην</span> <span class='ocrx_word' id='word_1_575' title='bbox 1368 1803 1460 1838; x_wconf 82' lang='grc' dir='ltr'>τηρῶν</span> <span class='ocrx_word' id='word_1_576' title='bbox 1473 1811 1480 1818; x_wconf 91' lang='grc'>·</span> <span class='ocrx_word' id='word_1_577' title='bbox 1497 1804 1545 1830; x_wconf 81' lang='grc' dir='ltr'>καὶ</span> <span class='ocrx_word' id='word_1_578' title='bbox 1563 1803 1587 1829; x_wconf 88' lang='grc' dir='ltr'>εἰ</span> <span class='ocrx_word' id='word_1_579' title='bbox 1612 1802 1650 1838; x_wconf 83' lang='grc' dir='ltr'>μὴ</span> <span class='ocrx_word' id='word_1_580' title='bbox 1663 1803 1743 1830; x_wconf 83' lang='grc' dir='ltr'>πάλιν</span> <span class='ocrx_word' id='word_1_581' title='bbox 1756 1804 1770 1830; x_wconf 83' lang='grc' dir='ltr'><strong><em>ὸ</em></strong></span> <span class='ocrx_word' id='word_1_582' title='bbox 1790 1804 1870 1836; x_wconf 82' lang='grc' dir='ltr'>αὐτὸς</span> <span class='ocrx_word' id='word_1_583' title='bbox 1885 1806 1923 1831; x_wconf 86' lang='grc' dir='ltr'>οί-</span> 
     </span>
    </p>
   </div>
   <div class='ocr_carea' id='block_1_92' title="bbox 1133 1849 1922 1887">
    <p class='ocr_par' dir='ltr' id='par_1_92' title="bbox 1133 1849 1922 1887">
     <span class='ocr_line' id='line_1_92' title="bbox 1133 1849 1922 1887; baseline 0.004 -12"><span class='ocrx_word' id='word_1_584' title='bbox 1133 1849 1377 1885; x_wconf 79' lang='grc' dir='ltr'>κοδομήσειαὺτὴν</span> <span class='ocrx_word' id='word_1_585' title='bbox 1399 1849 1559 1884; x_wconf 77' lang='grc' dir='ltr'>οἰκητήριον</span> <span class='ocrx_word' id='word_1_586' title='bbox 1574 1850 1662 1885; x_wconf 78' lang='grc' dir='ltr'>ἑαυτῷ</span> <span class='ocrx_word' id='word_1_587' title='bbox 1677 1852 1710 1886; x_wconf 80' lang='grc' dir='ltr'>τῇ</span> <span class='ocrx_word' id='word_1_588' title='bbox 1729 1851 1922 1887; x_wconf 76' lang='grc' dir='ltr'>ἀρχιτεκτονὶᾳ</span> 
     </span>
    </p>
   </div>
   <div class='ocr_carea' id='block_1_93' title="bbox 1132 1894 1923 1932">
    <p class='ocr_par' dir='ltr' id='par_1_93' title="bbox 1132 1894 1923 1932">
     <span class='ocr_line' id='line_1_93' title="bbox 1132 1894 1923 1932; baseline 0.004 -11"><span class='ocrx_word' id='word_1_589' title='bbox 1132 1894 1180 1921; x_wconf 85' lang='grc' dir='ltr'>τοῦ</span> <span class='ocrx_word' id='word_1_590' title='bbox 1204 1894 1378 1930; x_wconf 86' lang='grc' dir='ltr'>Πνεύματος,</span> <span class='ocrx_word' id='word_1_591' title='bbox 1402 1895 1544 1930; x_wconf 83' lang='grc' dir='ltr'>ἁνηνύτως</span> <span class='ocrx_word' id='word_1_592' title='bbox 1565 1896 1731 1923; x_wconf 81' lang='grc' dir='ltr'>ἐσπούδασεν</span> <span class='ocrx_word' id='word_1_593' title='bbox 1745 1897 1923 1932; x_wconf 79' lang='grc' dir='ltr'>ὁοίκοδομείν</span> 
     </span>
    </p>
   </div>
   <div class='ocr_carea' id='block_1_94' title="bbox 1132 1939 1410 1975">
    <p class='ocr_par' dir='ltr' id='par_1_94' title="bbox 1132 1939 1410 1975">
     <span class='ocr_line' id='line_1_94' title="bbox 1132 1939 1410 1975; baseline 0.007 -9"><span class='ocrx_word' id='word_1_594' title='bbox 1132 1939 1236 1975; x_wconf 87' lang='grc' dir='ltr'>ταύτην</span> <span class='ocrx_word' id='word_1_595' title='bbox 1250 1939 1410 1975; x_wconf 72' lang='grc' dir='ltr'>ἐπιχειρῶν.</span> 
     </span>
    </p>
   </div>
   <div class='ocr_carea' id='block_1_95' title="bbox 1167 2005 1923 2042">
    <p class='ocr_par' dir='ltr' id='par_1_95' title="bbox 1167 2005 1923 2042">
     <span class='ocr_line' id='line_1_95' title="bbox 1167 2005 1923 2042; baseline 0.003 -10"><span class='ocrx_word' id='word_1_596' title='bbox 1167 2009 1221 2032; x_wconf 80' lang='grc' dir='ltr'>κα¹.</span> <span class='ocrx_word' id='word_1_597' title='bbox 1242 2005 1315 2038; x_wconf 85' lang='grc' dir='ltr'><strong>Τοὺς</strong></span> <span class='ocrx_word' id='word_1_598' title='bbox 1330 2005 1446 2040; x_wconf 75' lang='grc' dir='ltr'>σοφοὺς</span> <span class='ocrx_word' id='word_1_599' title='bbox 1469 2005 1519 2032; x_wconf 81' lang='grc' dir='ltr'>καὶ</span> <span class='ocrx_word' id='word_1_600' title='bbox 1534 2006 1696 2039; x_wconf 78' lang='grc' dir='ltr'>συνετοὺς,</span> <span class='ocrx_word' id='word_1_601' title='bbox 1714 2007 1855 2042; x_wconf 73' lang='grc' dir='ltr'>φαύλους</span> <span class='ocrx_word' id='word_1_602' title='bbox 1871 2016 1923 2034; x_wconf 79' lang='grc' dir='ltr'>κα-</span> 
     </span>
    </p>
   </div>
   <div class='ocr_carea' id='block_1_96' title="bbox 1132 2051 1924 2089">
    <p class='ocr_par' dir='ltr' id='par_1_96' title="bbox 1132 2051 1924 2089">
     <span class='ocr_line' id='line_1_96' title="bbox 1132 2051 1924 2089; baseline 0.001 -11"><span class='ocrx_word' id='word_1_603' title='bbox 1132 2051 1253 2079; x_wconf 71' lang='grc' dir='ltr'>λοῦσιν.</span> <span class='ocrx_word' id='word_1_604' title='bbox 1270 2052 1340 2083; x_wconf 81' lang='grc' dir='ltr'>Τοὺς</span> <span class='ocrx_word' id='word_1_605' title='bbox 1356 2051 1541 2086; x_wconf 81' lang='grc' dir='ltr'>γινώσκοντας</span> <span class='ocrx_word' id='word_1_606' title='bbox 1555 2052 1605 2088; x_wconf 78' lang='grc' dir='ltr'>τὴν</span> <span class='ocrx_word' id='word_1_607' title='bbox 1619 2052 1759 2088; x_wconf 80' lang='grc' dir='ltr'>ἀλήθειαν,</span> <span class='ocrx_word' id='word_1_608' title='bbox 1776 2054 1822 2080; x_wconf 73' lang='grc' dir='ltr'>καὶ</span> <span class='ocrx_word' id='word_1_609' title='bbox 1830 2054 1924 2089; x_wconf 83' lang='grc' dir='ltr'>αἱρου-</span> 
     </span>
    </p>
   </div>
   <div class='ocr_carea' id='block_1_97' title="bbox 1133 2096 1923 2133">
    <p class='ocr_par' dir='ltr' id='par_1_97' title="bbox 1133 2096 1923 2133">
     <span class='ocr_line' id='line_1_97' title="bbox 1133 2096 1923 2133; baseline 0.005 -11"><span class='ocrx_word' id='word_1_610' title='bbox 1133 2096 1233 2130; x_wconf 82' lang='grc' dir='ltr'>μένους</span> <span class='ocrx_word' id='word_1_611' title='bbox 1241 2096 1272 2123; x_wconf 88' lang='grc' dir='ltr'><strong>τὺ</strong></span> <span class='ocrx_word' id='word_1_612' title='bbox 1280 2097 1391 2130; x_wconf 82' lang='grc' dir='ltr'>ἀγαθὸν,</span> <span class='ocrx_word' id='word_1_613' title='bbox 1405 2098 1453 2124; x_wconf 77' lang='grc' dir='ltr'>καὶ</span> <span class='ocrx_word' id='word_1_614' title='bbox 1464 2097 1551 2124; x_wconf 84' lang='grc' dir='ltr'>ταῦτα</span> <span class='ocrx_word' id='word_1_615' title='bbox 1561 2098 1651 2132; x_wconf 76' lang='grc' dir='ltr'>λόγοις</span> <span class='ocrx_word' id='word_1_616' title='bbox 1660 2099 1706 2125; x_wconf 75' lang='grc' dir='ltr'>καὶ</span> <span class='ocrx_word' id='word_1_617' title='bbox 1720 2098 1811 2133; x_wconf 79' lang='grc' dir='ltr'>ἔργοις</span> <span class='ocrx_word' id='word_1_618' title='bbox 1821 2099 1923 2126; x_wconf 81' lang='grc' dir='ltr'>ἀνυπο-</span> 
     </span>
    </p>
   </div>
   <div class='ocr_carea' id='block_1_98' title="bbox 1133 2142 1922 2179">
    <p class='ocr_par' dir='ltr' id='par_1_98' title="bbox 1133 2142 1922 2179">
     <span class='ocr_line' id='line_1_98' title="bbox 1133 2142 1922 2179; baseline 0.006 -11"><span class='ocrx_word' id='word_1_619' title='bbox 1133 2142 1233 2174; x_wconf 83' lang='grc' dir='ltr'>στόλως</span> <span class='ocrx_word' id='word_1_620' title='bbox 1247 2142 1441 2178; x_wconf 85' lang='grc' dir='ltr'>κηρύττοντας,</span> <span class='ocrx_word' id='word_1_621' title='bbox 1458 2144 1526 2178; x_wconf 84' lang='grc' dir='ltr'>πρός</span> <span class='ocrx_word' id='word_1_622' title='bbox 1536 2152 1565 2170; x_wconf 85' lang='grc' dir='ltr'><strong>τε</strong></span> <span class='ocrx_word' id='word_1_623' title='bbox 1582 2144 1631 2179; x_wconf 77' lang='grc' dir='ltr'>τὴν</span> <span class='ocrx_word' id='word_1_624' title='bbox 1641 2144 1695 2171; x_wconf 84' lang='grc' dir='ltr'>τῶν</span> <span class='ocrx_word' id='word_1_625' title='bbox 1704 2145 1858 2172; x_wconf 84' lang='grc' dir='ltr'>ἀκουόντων</span> <span class='ocrx_word' id='word_1_626' title='bbox 1873 2146 1922 2173; x_wconf 67' lang='grc' dir='ltr'>καὶ</span> 
     </span>
    </p>
   </div>
   <div class='ocr_carea' id='block_1_99' title="bbox 1132 2187 1923 2228">
    <p class='ocr_par' dir='ltr' id='par_1_99' title="bbox 1132 2187 1923 2228">
     <span class='ocr_line' id='line_1_99' title="bbox 1132 2187 1923 2228; baseline 0.006 -15"><span class='ocrx_word' id='word_1_627' title='bbox 1132 2187 1186 2213; x_wconf 88' lang='grc' dir='ltr'><strong>τῶν</strong></span> <span class='ocrx_word' id='word_1_628' title='bbox 1214 2187 1339 2222; x_wconf 79' lang='grc' dir='ltr'>ὁρώντων</span> <span class='ocrx_word' id='word_1_629' title='bbox 1367 2188 1511 2222; x_wconf 78' lang='grc' dir='ltr'>ὠφέλειαν,</span> <span class='ocrx_word' id='word_1_630' title='bbox 1537 2189 1563 2216; x_wconf 84' lang='grc' dir='ltr'><strong>οἰ</strong></span> <span class='ocrx_word' id='word_1_631' title='bbox 1589 2190 1680 2216; x_wconf 78' lang='grc' dir='ltr'>πολλοὶ</span> <span class='ocrx_word' id='word_1_632' title='bbox 1697 2190 1751 2217; x_wconf 83' lang='grc' dir='ltr'>τῶν</span> <span class='ocrx_word' id='word_1_633' title='bbox 1770 2191 1923 2228; x_wconf 83' lang='grc' dir='ltr'>ἀνθρώπων</span> 
     </span>
    </p>
   </div>
   <div class='ocr_carea' id='block_1_100' title="bbox 1132 2231 1923 2273">
    <p class='ocr_par' dir='ltr' id='par_1_100' title="bbox 1132 2231 1923 2273">
     <span class='ocr_line' id='line_1_100' title="bbox 1132 2231 1923 2273; baseline 0.008 -15"><span class='ocrx_word' id='word_1_634' title='bbox 1132 2231 1286 2259; x_wconf 72' lang='grc' dir='ltr'>διαϐάλλειν</span> <span class='ocrx_word' id='word_1_635' title='bbox 1304 2233 1488 2269; x_wconf 79' lang='grc' dir='ltr'>ἐπιχειροῦσιν</span> <span class='ocrx_word' id='word_1_636' title='bbox 1508 2234 1552 2260; x_wconf 85' lang='grc' dir='ltr'>διά</span> <span class='ocrx_word' id='word_1_637' title='bbox 1567 2243 1597 2261; x_wconf 83' lang='grc' dir='ltr'><strong>τε</strong></span> <span class='ocrx_word' id='word_1_638' title='bbox 1616 2234 1646 2261; x_wconf 83' lang='grc' dir='ltr'>τὸ</span> <span class='ocrx_word' id='word_1_639' title='bbox 1658 2235 1703 2262; x_wconf 83' lang='grc' dir='ltr'>τοῦ</span> <span class='ocrx_word' id='word_1_640' title='bbox 1723 2235 1802 2270; x_wconf 68' lang='grc' dir='ltr'>λόγου</span> <span class='ocrx_word' id='word_1_641' title='bbox 1813 2238 1923 2273; x_wconf 75' lang='grc' dir='ltr'>παρρη-</span> 
     </span>
    </p>
   </div>
   <div class='ocr_carea' id='block_1_101' title="bbox 1098 2271 1667 2316">
    <p class='ocr_par' dir='ltr' id='par_1_101' title="bbox 1098 2271 1667 2316">
     <span class='ocr_line' id='line_1_101' title="bbox 1098 2271 1667 2316; baseline 0.005 -12"><span class='ocrx_word' id='word_1_642' title='bbox 1098 2271 1120 2299; x_wconf 81' lang='lat' dir='ltr'><strong>D</strong></span> <span class='ocrx_word' id='word_1_643' title='bbox 1135 2278 1285 2312; x_wconf 61' lang='grc' dir='ltr'>σιαστικὺν,</span> <span class='ocrx_word' id='word_1_644' title='bbox 1304 2281 1351 2305; x_wconf 73' lang='grc' dir='ltr'>καὶ</span> <span class='ocrx_word' id='word_1_645' title='bbox 1365 2279 1396 2305; x_wconf 79' lang='grc' dir='ltr'>τὸ</span> <span class='ocrx_word' id='word_1_646' title='bbox 1406 2279 1453 2306; x_wconf 72' lang='grc' dir='ltr'>τοῦ</span> <span class='ocrx_word' id='word_1_647' title='bbox 1467 2279 1525 2314; x_wconf 88' lang='grc' dir='ltr'>βίου</span> <span class='ocrx_word' id='word_1_648' title='bbox 1541 2280 1667 2316; x_wconf 76' lang='grc' dir='ltr'>σκληρόν.</span> 
     </span>
    </p>
   </div>
   <div class='ocr_carea' id='block_1_102' title="bbox 1171 2335 1920 2371">
    <p class='ocr_par' dir='ltr' id='par_1_102' title="bbox 1171 2335 1920 2371">
     <span class='ocr_line' id='line_1_102' title="bbox 1171 2335 1920 2371; baseline 0.005 -9"><span class='ocrx_word' id='word_1_649' title='bbox 1171 2337 1205 2362; x_wconf 84' lang='grc' dir='ltr'><em>Οἱ</em></span> <span class='ocrx_word' id='word_1_650' title='bbox 1215 2335 1249 2362; x_wconf 78' lang='grc' dir='ltr'>δὲ</span> <span class='ocrx_word' id='word_1_651' title='bbox 1265 2335 1388 2370; x_wconf 74' lang='grc' dir='ltr'>γλυκεῖς</span> <span class='ocrx_word' id='word_1_652' title='bbox 1400 2336 1435 2362; x_wconf 81' lang='grc' dir='ltr'><strong>ἐν</strong></span> <span class='ocrx_word' id='word_1_653' title='bbox 1447 2336 1538 2371; x_wconf 77' lang='grc' dir='ltr'>λόγῳ,</span> <span class='ocrx_word' id='word_1_654' title='bbox 1562 2337 1668 2364; x_wconf 73' lang='grc' dir='ltr'>πλεῖον</span> <span class='ocrx_word' id='word_1_655' title='bbox 1683 2338 1876 2366; x_wconf 77' lang='grc' dir='ltr'>ἀκούσονται.</span> <span class='ocrx_word' id='word_1_656' title='bbox 1889 2340 1920 2366; x_wconf 83' lang='grc' dir='ltr'><strong>Οἱ</strong></span> 
     </span>
    </p>
   </div>
   <div class='ocr_carea' id='block_1_103' title="bbox 1132 2381 1920 2419">
    <p class='ocr_par' dir='ltr' id='par_1_103' title="bbox 1132 2381 1920 2419">
     <span class='ocr_line' id='line_1_103' title="bbox 1132 2381 1920 2419; baseline 0.004 -12"><span class='ocrx_word' id='word_1_657' title='bbox 1132 2381 1161 2407; x_wconf 83' lang='grc' dir='ltr'>δὲ</span> <span class='ocrx_word' id='word_1_658' title='bbox 1176 2381 1210 2407; x_wconf 73' lang='grc' dir='ltr'><strong>τὰ</strong></span> <span class='ocrx_word' id='word_1_659' title='bbox 1225 2381 1293 2416; x_wconf 82' lang='grc' dir='ltr'>πρὸς</span> <span class='ocrx_word' id='word_1_660' title='bbox 1302 2381 1382 2416; x_wconf 82' lang='grc' dir='ltr'>χάριν</span> <span class='ocrx_word' id='word_1_661' title='bbox 1396 2382 1453 2413; x_wconf 84' lang='grc' dir='ltr'>τοῖς</span> <span class='ocrx_word' id='word_1_662' title='bbox 1464 2382 1650 2418; x_wconf 80' lang='grc' dir='ltr'>ἀκροωμένοις</span> <span class='ocrx_word' id='word_1_663' title='bbox 1666 2383 1858 2419; x_wconf 81' lang='grc' dir='ltr'>φθεγγόμενοι,</span> <span class='ocrx_word' id='word_1_664' title='bbox 1874 2386 1920 2412; x_wconf 85' lang='grc' dir='ltr'><strong>καὶ</strong></span> 
     </span>
    </p>
   </div>
   <div class='ocr_carea' id='block_1_104' title="bbox 1133 2426 1919 2463">
    <p class='ocr_par' dir='ltr' id='par_1_104' title="bbox 1133 2426 1919 2463">
     <span class='ocr_line' id='line_1_104' title="bbox 1133 2426 1919 2463; baseline 0.004 -10"><span class='ocrx_word' id='word_1_665' title='bbox 1133 2426 1300 2462; x_wconf 82' lang='grc' dir='ltr'>κρύπτοντες</span> <span class='ocrx_word' id='word_1_666' title='bbox 1330 2427 1380 2463; x_wconf 82' lang='grc' dir='ltr'>τὴν</span> <span class='ocrx_word' id='word_1_667' title='bbox 1409 2427 1558 2462; x_wconf 84' lang='grc' dir='ltr'>ἀλήθειαν,</span> <span class='ocrx_word' id='word_1_668' title='bbox 1590 2428 1722 2455; x_wconf 83' lang='grc' dir='ltr'>πλειόνων</span> <span class='ocrx_word' id='word_1_669' title='bbox 1745 2429 1831 2463; x_wconf 86' lang='grc' dir='ltr'>λόγων</span> <span class='ocrx_word' id='word_1_670' title='bbox 1855 2431 1919 2456; x_wconf 82' lang='grc' dir='ltr'>ἀντ-</span> 
     </span>
    </p>
   </div>
   <div class='ocr_carea' id='block_1_105' title="bbox 1133 2471 1918 2508">
    <p class='ocr_par' dir='ltr' id='par_1_105' title="bbox 1133 2471 1918 2508">
     <span class='ocr_line' id='line_1_105' title="bbox 1133 2471 1918 2508; baseline 0.003 -9"><span class='ocrx_word' id='word_1_671' title='bbox 1133 2471 1325 2507; x_wconf 83' lang='grc' dir='ltr'>ακροάσονται,</span> <span class='ocrx_word' id='word_1_672' title='bbox 1336 2471 1405 2507; x_wconf 81' lang='grc' dir='ltr'>πρὸς</span> <span class='ocrx_word' id='word_1_673' title='bbox 1414 2472 1493 2508; x_wconf 84' lang='grc' dir='ltr'>χάριν</span> <span class='ocrx_word' id='word_1_674' title='bbox 1500 2472 1654 2507; x_wconf 86' lang='grc' dir='ltr'>λεγομένων</span> <span class='ocrx_word' id='word_1_675' title='bbox 1663 2473 1754 2505; x_wconf 82' lang='grc' dir='ltr'>αὐτοῖς</span> <span class='ocrx_word' id='word_1_676' title='bbox 1764 2481 1772 2489; x_wconf 76' lang='grc' dir='ltr'><strong>ο</strong></span> <span class='ocrx_word' id='word_1_677' title='bbox 1787 2475 1834 2500; x_wconf 81' lang='grc' dir='ltr'>καὶ</span> <span class='ocrx_word' id='word_1_678' title='bbox 1843 2474 1918 2501; x_wconf 75' lang='grc' dir='ltr'>ἔσον-</span> 
     </span>
    </p>
   </div>
   <div class='ocr_carea' id='block_1_106' title="bbox 1132 2516 1620 2553">
    <p class='ocr_par' dir='ltr' id='par_1_106' title="bbox 1132 2516 1620 2553">
     <span class='ocr_line' id='line_1_106' title="bbox 1132 2516 1620 2553; baseline 0.002 -10"><span class='ocrx_word' id='word_1_679' title='bbox 1132 2525 1176 2544; x_wconf 82' lang='grc' dir='ltr'><strong>ται</strong></span> <span class='ocrx_word' id='word_1_680' title='bbox 1194 2516 1353 2548; x_wconf 83' lang='grc' dir='ltr'>ἀπατῶντες</span> <span class='ocrx_word' id='word_1_681' title='bbox 1365 2518 1413 2544; x_wconf 83' lang='grc' dir='ltr'>καὶ</span> <span class='ocrx_word' id='word_1_682' title='bbox 1426 2517 1620 2553; x_wconf 48' lang='lat' dir='ltr'><strong>«irrumpat/01.4</strong></span> 
     </span>
    </p>
   </div>
   <div class='ocr_carea' id='block_1_107' title="bbox 1167 2571 1917 2608">
    <p class='ocr_par' dir='ltr' id='par_1_107' title="bbox 1167 2571 1917 2608">
     <span class='ocr_line' id='line_1_107' title="bbox 1167 2571 1917 2608; baseline 0.004 -9"><span class='ocrx_word' id='word_1_683' title='bbox 1167 2572 1218 2608; x_wconf 85' lang='grc' dir='ltr'><strong>κβ¹.</strong></span> <span class='ocrx_word' id='word_1_684' title='bbox 1234 2572 1319 2607; x_wconf 72' lang='grc' dir='ltr'>Πηγὴ</span> <span class='ocrx_word' id='word_1_685' title='bbox 1339 2571 1423 2606; x_wconf 83' lang='grc' dir='ltr'>ζωῆς,</span> <span class='ocrx_word' id='word_1_686' title='bbox 1449 2572 1554 2600; x_wconf 79' lang='grc' dir='ltr'>ἔννοια</span> <span class='ocrx_word' id='word_1_687' title='bbox 1566 2573 1629 2607; x_wconf 86' lang='grc' dir='ltr'>τοῖς</span> <span class='ocrx_word' id='word_1_688' title='bbox 1648 2574 1851 2608; x_wconf 75' lang='grc' dir='ltr'>κεκτημένοις.</span> <span class='ocrx_word' id='word_1_689' title='bbox 1886 2575 1917 2602; x_wconf 83' lang='grc'><strong>’11</strong></span> 
     </span>
    </p>
   </div>
   <div class='ocr_carea' id='block_1_108' title="bbox 1132 2616 1918 2656">
    <p class='ocr_par' dir='ltr' id='par_1_108' title="bbox 1132 2616 1918 2656">
     <span class='ocr_line' id='line_1_108' title="bbox 1132 2616 1918 2656; baseline 0.005 -12"><span class='ocrx_word' id='word_1_690' title='bbox 1132 2619 1203 2645; x_wconf 84' lang='grc' dir='ltr'><strong>κατά</strong></span> <span class='ocrx_word' id='word_1_691' title='bbox 1215 2618 1336 2645; x_wconf 83' lang='grc' dir='ltr'>διάνοιαν</span> <span class='ocrx_word' id='word_1_692' title='bbox 1347 2619 1397 2654; x_wconf 81' lang='grc' dir='ltr'>τῆς</span> <span class='ocrx_word' id='word_1_693' title='bbox 1408 2618 1463 2645; x_wconf 88' lang='grc' dir='ltr'>τῶν</span> <span class='ocrx_word' id='word_1_694' title='bbox 1475 2616 1612 2654; x_wconf 79' lang='grc' dir='ltr'>αἰσθητῶν</span> <span class='ocrx_word' id='word_1_695' title='bbox 1625 2621 1773 2653; x_wconf 77' lang='grc' dir='ltr'>φαντασίας</span> <span class='ocrx_word' id='word_1_696' title='bbox 1790 2622 1918 2656; x_wconf 78' lang='grc' dir='ltr'>περίσκε-</span> 
     </span>
    </p>
   </div>
   <div class='ocr_carea' id='block_1_109' title="bbox 1132 2664 1918 2702">
    <p class='ocr_par' dir='ltr' id='par_1_109' title="bbox 1132 2664 1918 2702">
     <span class='ocr_line' id='line_1_109' title="bbox 1132 2664 1918 2702; baseline 0.003 -11"><span class='ocrx_word' id='word_1_697' title='bbox 1132 2665 1188 2700; x_wconf 81' lang='grc' dir='ltr'>ψις,</span> <span class='ocrx_word' id='word_1_698' title='bbox 1207 2665 1265 2696; x_wconf 82' lang='grc' dir='ltr'>τοῖς</span> <span class='ocrx_word' id='word_1_699' title='bbox 1279 2665 1461 2699; x_wconf 79' lang='grc' dir='ltr'>κεκτημένοις</span> <span class='ocrx_word' id='word_1_700' title='bbox 1476 2665 1572 2700; x_wconf 83' lang='grc' dir='ltr'>αὐτὴν,</span> <span class='ocrx_word' id='word_1_701' title='bbox 1587 2664 1681 2700; x_wconf 80' lang='grc' dir='ltr'>βρύσις</span> <span class='ocrx_word' id='word_1_702' title='bbox 1694 2666 1752 2692; x_wconf 73' lang='grc' dir='ltr'>ἐστὶ</span> <span class='ocrx_word' id='word_1_703' title='bbox 1767 2675 1918 2702; x_wconf 62' lang='grc' dir='ltr'>πνευματιυ</span> 
     </span>
    </p>
   </div>
   <div class='ocr_carea' id='block_1_110' title="bbox 1132 2710 1918 2748">
    <p class='ocr_par' dir='ltr' id='par_1_110' title="bbox 1132 2710 1918 2748">
     <span class='ocr_line' id='line_1_110' title="bbox 1132 2710 1918 2748; baseline 0 -9"><span class='ocrx_word' id='word_1_704' title='bbox 1132 2712 1183 2747; x_wconf 84' lang='grc' dir='ltr'>κῆς</span> <span class='ocrx_word' id='word_1_705' title='bbox 1208 2712 1347 2746; x_wconf 76' lang='grc' dir='ltr'>γνώσεως,</span> <span class='ocrx_word' id='word_1_706' title='bbox 1379 2710 1429 2743; x_wconf 81' lang='grc' dir='ltr'><strong>τὰς</strong></span> <span class='ocrx_word' id='word_1_707' title='bbox 1463 2711 1553 2742; x_wconf 83' lang='grc' dir='ltr'>αἰτίας</span> <span class='ocrx_word' id='word_1_708' title='bbox 1566 2711 1621 2738; x_wconf 80' lang='grc' dir='ltr'><strong>τῶν</strong></span> <span class='ocrx_word' id='word_1_709' title='bbox 1645 2712 1817 2747; x_wconf 81' lang='grc' dir='ltr'>πραγμάτων</span> <span class='ocrx_word' id='word_1_710' title='bbox 1842 2712 1918 2748; x_wconf 80' lang='grc' dir='ltr'>εὑρί-</span> 
     </span>
    </p>
   </div>
   <div class='ocr_carea' id='block_1_111' title="bbox 1133 2766 1244 2785">
    <p class='ocr_par' dir='ltr' id='par_1_111' title="bbox 1133 2766 1244 2785">
     <span class='ocr_line' id='line_1_111' title="bbox 1133 2766 1244 2785; baseline 0.009 -1"><span class='ocrx_word' id='word_1_711' title='bbox 1133 2766 1244 2785; x_wconf 87' lang='grc' dir='ltr'>σκουσα.</span> 
     </span>
    </p>
   </div>
   <div class='ocr_carea' id='block_1_112' title="bbox 1167 2811 1918 2849">
    <p class='ocr_par' dir='ltr' id='par_1_112' title="bbox 1167 2811 1918 2849">
     <span class='ocr_line' id='line_1_112' title="bbox 1167 2811 1918 2849; baseline 0.004 -11"><span class='ocrx_word' id='word_1_712' title='bbox 1167 2812 1290 2839; x_wconf 81' lang='grc' dir='ltr'>Παιδεία</span> <span class='ocrx_word' id='word_1_713' title='bbox 1320 2811 1354 2838; x_wconf 80' lang='grc' dir='ltr'>δὲ</span> <span class='ocrx_word' id='word_1_714' title='bbox 1372 2812 1523 2847; x_wconf 69' lang='grc' dir='ltr'>ἀφρόνων,</span> <span class='ocrx_word' id='word_1_715' title='bbox 1540 2813 1627 2847; x_wconf 83' lang='grc' dir='ltr'>κακή,</span> <span class='ocrx_word' id='word_1_716' title='bbox 1644 2813 1676 2840; x_wconf 85' lang='lat' dir='ltr'><strong>&#39;H</strong></span> <span class='ocrx_word' id='word_1_717' title='bbox 1688 2813 1716 2840; x_wconf 77' lang='grc' dir='ltr'>δὲ</span> <span class='ocrx_word' id='word_1_718' title='bbox 1732 2814 1852 2849; x_wconf 78' lang='grc' dir='ltr'>μάθησις</span> <span class='ocrx_word' id='word_1_719' title='bbox 1865 2814 1918 2841; x_wconf 84' lang='grc' dir='ltr'><strong>τῶν</strong></span> 
     </span>
    </p>
   </div>
   <div class='ocr_carea' id='block_1_113' title="bbox 1132 2856 1917 2895">
    <p class='ocr_par' dir='ltr' id='par_1_113' title="bbox 1132 2856 1917 2895">
     <span class='ocr_line' id='line_1_113' title="bbox 1132 2856 1917 2895; baseline 0.004 -12"><span class='ocrx_word' id='word_1_720' title='bbox 1132 2857 1280 2891; x_wconf 78' lang='grc' dir='ltr'>ἀλογίστως</span> <span class='ocrx_word' id='word_1_721' title='bbox 1305 2856 1478 2893; x_wconf 83' lang='grc' dir='ltr'>ὀρεγομένων</span> <span class='ocrx_word' id='word_1_722' title='bbox 1506 2858 1593 2891; x_wconf 76' lang='grc' dir='ltr'>τινος,</span> <span class='ocrx_word' id='word_1_723' title='bbox 1622 2858 1638 2894; x_wconf 83' lang='grc' dir='ltr'>ἦ</span> <span class='ocrx_word' id='word_1_724' title='bbox 1669 2860 1917 2895; x_wconf 81' lang='grc' dir='ltr'>ἀποστρεφομένων</span> 
     </span>
    </p>
   </div>
   <div class='ocr_carea' id='block_1_114' title="bbox 1133 2903 1918 2941">
    <p class='ocr_par' dir='ltr' id='par_1_114' title="bbox 1133 2903 1918 2941">
     <span class='ocr_line' id='line_1_114' title="bbox 1133 2903 1918 2941; baseline 0.003 -10"><span class='ocrx_word' id='word_1_725' title='bbox 1133 2904 1208 2937; x_wconf 71' lang='grc' dir='ltr'>αὐτὸ,</span> <span class='ocrx_word' id='word_1_726' title='bbox 1223 2903 1253 2931; x_wconf 82' lang='grc' dir='ltr'>οὺ</span> <span class='ocrx_word' id='word_1_727' title='bbox 1265 2903 1335 2938; x_wconf 85' lang='grc' dir='ltr'>καλή</span> <span class='ocrx_word' id='word_1_728' title='bbox 1352 2904 1425 2930; x_wconf 77' lang='grc' dir='ltr'>ἐστιν</span> <span class='ocrx_word' id='word_1_729' title='bbox 1435 2912 1442 2919; x_wconf 93' lang='grc'><strong>·</strong></span> <span class='ocrx_word' id='word_1_730' title='bbox 1460 2903 1552 2941; x_wconf 79' lang='grc' dir='ltr'>ἐπειδὴ</span> <span class='ocrx_word' id='word_1_731' title='bbox 1568 2905 1756 2938; x_wconf 75' lang='grc' dir='ltr'>ἁναξετάστως</span> <span class='ocrx_word' id='word_1_732' title='bbox 1766 2904 1839 2933; x_wconf 76' lang='grc' dir='ltr'>οὗτοι</span> <span class='ocrx_word' id='word_1_733' title='bbox 1849 2906 1918 2933; x_wconf 75' lang='grc' dir='ltr'>κατὰ</span> 
     </span>
    </p>
   </div>
  </div>
