2072 3161
181 218 251 251 1389

694 221 960 252 COMMENTARH
982 222 1018 252 IN
1034 223 1264 255 PROVERBIA.

1744 222 1812 255 i390

179 276 259 311 μόνον
274 275 305 302 τὸ
321 277 355 311 τῇ
384 275 511 310 αἰσθήσει
537 275 642 309 δοκοῦν,
655 276 777 303 ἐπαινεῖν
800 277 922 312 ἢψέγειν
937 277 963 304 τὸ

1019 279 1105 305 solam
1131 286 1230 306 sensus
1255 278 1490 307 existimationem
1513 279 1626 306 laudare
1643 278 1684 306 vel
1707 279 1812 313 νὶιιιιιυ-

177 321 335 357 παρατυχὺν
350 321 554 357 μεμαθήκασιν.

212 371 267 401 κγ’.
285 366 401 401 Καρδία
419 366 530 402 σοφοῦ,
554 366 660 400 νοήσει
674 367 710 394 τὰ
730 367 790 394 ἀπὸ
819 367 873 395 τοῦ
890 368 967 395 ιδιύυ

176 413 336 448 στόματος.
353 413 406 440 Τοῦ
426 413 537 440 συνετοῦ
557 414 574 449 ή
588 413 661 448 ψυχὴ
673 413 809 448 γνώσεται
834 414 968 450 πρότερον

175 459 211 486 τά
235 459 328 486 δέοντα
353 458 488 494 ῥηθῆναι,
516 459 564 485 καὶ
591 458 663 485 οὕτω
693 458 781 485 ταῦτα
811 459 968 494 προαγάγει

176 503 223 531 τοῦ
248 503 400 539 στόματος·
419 504 467 531 καὶ
494 504 554 539 οὐχ,
573 504 610 536 ὡς
641 503 733 539 ἔτυχε,
758 504 793 531 τὰ
815 505 852 539 μὴ
872 504 967 531 δέοντα

177 548 334 584 φθέγξεται.

217 595 283 622 Ἐπὶ
299 595 334 621 δὲ
350 595 467 629 χείλεσι
491 595 613 630 φορέσει
634 595 897 631 ἐπιγνωμοσύνην.
918 596 967 622 Αὑ-

175 641 221 673 τδς
234 641 262 668 δὶ
275 642 323 668 ἐπὶ
332 643 366 677 τῇ
377 641 431 668 τῶν
442 641 558 677 χειλέων
577 641 678 673 ἀνοίξει
700 640 889 676 περιϐαλεῖται
904 642 967 668 ἐπί-

176 695 277 721 γνωσιν
289 687 338 714 τοῦ
353 687 506 723 πρέποντος
520 687 629 724 καιροῦ,
646 687 688 718 εις
701 687 731 714 τὸ
748 688 837 714 εἰπεῖν
847 687 866 715 ἃ
881 688 966 724 λαλη-

176 732 257 768 θῆναι
274 733 434 768 προέγνωκε
454 734 558 761 δέοντα.

212 778 262 804 κδ’.
275 779 369 812 Κηρία
377 778 508 812 μέλιτος,
519 778 604 813 λόγοι
619 778 723 806 καλοί.
745 778 777 806 Οί
802 779 871 814 πρὸς
892 779 965 806 διδα-

177 823 292 851 σκαλίαν
315 824 414 858 ἀγαθοὶ
443 824 528 858 λόγοι,
549 824 629 858 δίκην
651 824 760 860 μέλιτος
783 824 898 860 κηρίων,
912 824 966 851 εἰσὶ

175 869 399 904 διεσκευασμένοι
415 869 564 901 πολυειδῶς
574 878 580 884 ·
592 869 663 896 ὥστε
679 869 855 906 καταλλήλως
866 871 899 905 τῇ
911 869 966 897 τῶν

174 915 328 951 δεχομένων
345 916 458 951 δυνάμει
471 916 664 952 ἁρμόττεσθαι.

1021 331 1082 350 rure
1099 324 1172 358 quod
1185 325 1308 352 occurrit
1322 324 1492 353 didicerunt.

1058 369 1138 397 Vens.
1153 370 1200 397 25.
1213 369 1266 397 Cor
1287 371 1416 406 sapientis
1439 371 1568 407 cogitabit
1586 378 1645 406 quae
1665 369 1766 404 profert
1783 379 1810 395 r-

1018 415 1085 451 ejus.
1100 415 1248 444 Prudentis
1261 417 1353 444 anima
1374 417 1450 452 prius
1473 422 1621 452 cognoscet
1637 424 1670 444 ea
1683 424 1745 451 quae
1757 417 1810 444 diti

1018 463 1160 495 convenit,
1172 463 1270 498 sicque
1286 463 1334 490 illa
1346 467 1409 490 ante
1419 471 1450 491 os
1464 463 1606 497 producet,
1619 471 1668 490 nec
1681 470 1742 498 quae
1756 470 1810 490 non

1017 513 1139 546 oportet,
1157 515 1186 538 ut
1197 511 1329 542 occurrit,
1344 510 1481 546 loquetur.

1055 602 1089 630 Et
1106 603 1132 630 in
1147 603 1226 630 labiis
1245 602 1366 637 portabit
1386 602 1602 637 intelligentiam.
1619 601 1678 636 Ipse
1694 608 1759 628 vero
1777 600 1810 627 ad

1017 648 1119 675 ostium
1144 648 1280 675 labiorum
1306 647 1510 675 observantiam
1532 646 1604 673 modi
1623 645 1812 673 convenientis

1017 693 1206 720 circumducet
1219 693 1252 720 ail
1265 692 1431 728 loquendum
1446 699 1478 720 ea
1496 699 1558 728 quae
1574 694 1759 726 congruenter
1769 690 1811 716 di-

1019 737 1107 765 cenda
1126 738 1323 772 praecognovit.

1052 782 1136 811 Vens.
1149 783 1196 810 24.
1206 783 1295 810 Favus
1308 783 1395 810 mellis
1412 782 1516 818 pulchri
1539 789 1684 809 sermones.
1697 781 1810 809 Sermo—

1017 837 1066 856 nes
1082 829 1115 855 ad
1131 829 1323 856 crudiendium
1340 829 1416 862 boni,
1427 828 1480 856 favi
1497 828 1586 856 mellis
1604 827 1704 858 instar,
1717 826 1811 853 multi-

1018 874 1141 902 formiter
1156 874 1192 902 ita
1218 875 1414 909 disponuntur,
1431 878 1461 902 ut
1475 880 1538 909 apte
1553 873 1752 909 accipientium
1768 872 1810 900 l'a-

1016 920 1112 947 cultati
1127 920 1380 947 accommodentur.

211 948 378 998 Ϊέιύκασμα
406 948 441 990 δὲ
467 948 577 996 abeam,
606 964 688 997 ἴασις
704 963 820 998 ψυχῆς.
846 963 879 991 Ἦ
893 963 923 991 δὲ
937 964 963 990 ὲν

1053 966 1089 993 Et
1106 965 1217 993 dulcedo
1232 974 1324 993 eorum
1337 966 1435 994 anima:
1448 966 1568 993 sanatio.
1581 965 1647 998 Quae
1660 967 1687 991 in
1697 964 1737 992 eis
1747 963 1809 991 abs-

173 1009 278 1040 τούτοις
290 1009 501 1045 ἐγκεκρυμμένη
528 1009 566 1041 ὡς
589 1010 622 1046 ἐν
634 1019 689 1037 τισι
716 1010 842 1046 σιμόλοις
863 1010 967 1046 γλυκυ-

174 1055 241 1090 τάτη
258 1055 359 1089 γνῶσις
368 1043 419 1090 τῆς
432 1043 574 1091 άληθείας.
585 1043 719 1092 figurata
728 1043 847 1093 ὑπάρχει
859 1043 962 1093 φυχῆς,

174 1101 287 1132 σκότους
302 1101 385 1137 αὐτὴν
397 1102 511 1136 ἀγνοίας
537 1102 757 1130 ἁπαλλάττουσα.

209 1149 259 1172 κε’.
274 1146 364 1173 Εἰσὶν
378 1146 441 1173 ὁδοὶ
461 1146 608 1174 δοκοῦσαι
623 1144 700 1174 εἶναι
714 1147 797 1182 ὀρθαὶ
811 1147 900 1181 ἀνδρί
908 1156 914 1162 ·
928 1147 965 1174 τὰ

172 1191 274 1227 μέντοι
304 1192 463 1220 τελευταῖα
493 1193 594 1220 αὐτῶν
617 1193 726 1226 βλέπει
753 1194 797 1226 εις
828 1193 965 1228 πυθμένα

173 1239 258 1272 ᾅδου.
279 1239 448 1275 Ὑπάρχουσι
463 1239 596 1266 πολιτεῖαί
616 1248 700 1272 τινες,
714 1240 742 1268 αϊ
761 1239 806 1266 διά
821 1240 851 1266 τὸ
864 1239 963 1274 ἐπίκη-

175 1294 222 1321 ρον
238 1286 287 1321 ήδὺ
303 1285 351 1312 καὶ
365 1285 497 1319 ἐπίδοξον,
507 1285 664 1321 νομίζονται
681 1294 734 1313 τινι
749 1285 886 1321 ἀνθρώπῳ
897 1293 964 1319 τυγ-

173 1331 265 1367 χάνειν
280 1331 362 1358 καλαί
371 1339 379 1347 ⁸
388 1332 459 1359 τὰδὲ
473 1331 537 1366 τέλη
549 1331 663 1363 τούτων,
674 1332 714 1363 εἰς
728 1331 809 1367 βάθος
825 1330 964 1363 ἀπωλείας

172 1378 234 1413 ὁρᾷ.
250 1377 307 1412 Τῆς
330 1377 385 1413 γὰρ
409 1378 470 1404 κατ’
498 1377 626 1413 αἴσθησιν
651 1377 759 1413 ἡδονῆς,
777 1376 854 1408 τέλος
881 1376 962 1412 ὀδύνη

172 1423 232 1450 ἐστί
242 1431 249 1438 ·
265 1423 372 1458 καὶτῆς
386 1423 511 1450 διακένου
526 1423 617 1458 δόξης,
635 1424 651 1459 ἡ
666 1423 775 1459 ἀτιμία.

207 1473 264 1502 κς·’.
282 1470 373 1503 Ἀνὴρ
391 1470 426 1496 ἐν
441 1470 548 1503 πόνοις
562 1470 650 1496 πονεῖ
673 1469 781 1503 ἐαυτῷ.
800 1471 848 1498 καὶ
863 1471 963 1498 ἐκϐιά-

171 1514 248 1545 {erat
261 1515 370 1543 ἑαυτοῦ
381 1515 438 1550 τὴν
454 1515 616 1543 ἀπώλειαν.
635 1516 795 1551 Ἄνθρωπός
804 1526 848 1549 τις
863 1517 902 1552 τῷ
921 1517 964 1544 δο-

171 1562 230 1588 κεῖν
246 1562 341 1598 μοχθεί
359 1562 430 1597 ὑπὲρ
457 1561 567 1595 ἑαυτοῦ,
586 1562 615 1589 ὲν
631 1562 742 1598 μόχθοις
757 1562 867 1594 πολλοῖς
880 1563 962 1590 πλεο-

171 1607 304 1640 νεκτικῶς
329 1607 470 1640 πλουτῶν,
498 1608 546 1636 καὶ
563 1607 734 1643 τυραννικῶς
759 1608 940 1643 δοξαζόμενος
953 1617 960 1625 ·
975 1622 997 1650 c

171 1654 233 1680 ἐπεὶ
243 1653 272 1680 δὲ
289 1653 411 1685 κίνδυνος
422 1653 509 1681 ταῦτα
525 1654 626 1689 ψυχῆς,
648 1653 798 1689 βιαπικῶς
811 1655 962 1682 ἐπισπᾶται

170 1700 186 1726 δ
197 1699 318 1731 τοιοῦτος
330 1699 376 1727 τὸν
391 1700 457 1727 ἴδιον
475 1700 596 1736 ὄλεθρον.

223 1747 245 1772 0
260 1745 363 1780 μέντοι
374 1746 509 1779 σκολιὸς,
523 1746 573 1773 ἐπὶ
585 1745 626 1779 τῷ
642 1746 751 1774 ἑαυτοῦ
769 1747 895 1782 στόματι
909 1755 963 1782 φο-

166 1791 215 1825 ρεῖ
236 1791 293 1825 τὴν
307 1791 470 1819 ἀπώλειαν.
498 1792 528 1819 '0
545 1791 636 1827 μέντοι
653 1792 767 1827 γνώμην
792 1791 862 1828 ἔχων
882 1801 961 1827 στρε-

171 1836 248 1873 6λὴν,
266 1837 314 1864 καὶ
329 1837 460 1872 βλάπτειν
485 1838 529 1865 ἀεὶ
553 1838 684 1873 μελετῶν,
701 1838 732 1864 οὐ
751 1838 851 1864 πολλοῦ
873 1838 962 1865 δεῖται

171 1883 295 1917 καμάτου
306 1883 347 1914 et;
358 1883 460 1918 βλάϐην
475 1882 558 1910 αὐτοῦ
571 1891 578 1899 ο
593 1883 662 1910 ἀλλὰ
680 1884 757 1918 παρὰ
770 1883 811 1919 τῷ
827 1884 884 1919 ἰδίῳ
901 1884 962 1911 στό-

172 1936 239 1963 ματι
262 1928 308 1955 τὸν
337 1928 435 1956 ἑαυτοῦ
464 1929 626 1965 ἐπιφέρεται
656 1929 783 1965 ὄλεθρον·
824 1930 962 1965 προξενῶν

171 1975 310 2002 ἀπώλειαν
323 1976 423 2011 ἑαυτῷ,
438 1975 468 2009 ἐξ
478 1972 516 2003 ὧν
534 1975 614 2002 εἴωθε
633 1975 809 2010 φθέγγεσθαι·
825 1976 901 2011 παρὰ
912 1976 962 2011 μὲν

171 2021 251 2055 Θεοῦ,
265 2021 315 2056 τὴν
338 2022 409 2049 κατὰ
425 2022 530 2058 ψυχήν⁹
547 2021 623 2057 παρὰ
639 2022 668 2049 δὲ
685 2022 740 2049 τῶν
759 2022 962 2058 ὲνωτιζομένων

171 2066 204 2093 τὰ
219 2067 285 2102 παρ’
298 2067 382 2094 αὐτοῦ
391 2067 538 2102 λεγόμενα,
551 2067 601 2103 τὴν
616 2066 688 2094 κατὰ
701 2066 791 2102 σῶμα.

206 2113 258 2145 κζ’.
274 2113 359 2148 Ἀνὴρ
371 2114 484 2148 ἄφρων,
498 2114 623 2148 ὁρύσσει
635 2112 732 2146 ἐαυτῷ
742 2113 829 2141 κακά.
837 2113 961 2151 Ἀνθρω-

171 2166 221 2190 πος
233 2158 261 2189 δς
278 2158 315 2194 μὴ
324 2158 358 2186 τὰ
374 2158 473 2185 ἑαυτοῦ
500 2158 676 2194 συμφέροντα
689 2158 883 2193 διαλογίζεται,
898 2159 961 2186 καθ’

171 2203 269 2230 ἑαυτοῦ
282 2203 436 2239 ἐξευρίσκει
451 2204 485 2231 τὰ
501 2204 646 2240 βλαπτικὰη
658 2205 774 2232 ἐπινοῶν
787 2205 822 2232 τὰ
841 2206 908 2240 πρὸς
920 2205 961 2232 οῖ-

171 2249 249 2276 κείαν
259 2249 409 2277 ἀπώλειαν.

1016 1012 1148 1040 conditur
1162 1016 1192 1039 ut
1209 1012 1235 1039 in
1258 1012 1425 1048 quibusdam
1442 1011 1569 1040 alveariis
1588 1010 1749 1038 dulcissima
1762 1017 1808 1036 ve-

1016 1056 1110 1085 ritatis
1129 1057 1253 1092 cognitio
1269 1057 1404 1084 medicina
1417 1057 1586 1084 cstauimm:
1604 1055 1810 1089 hancignorau-

1016 1102 1061 1130 tiae
1074 1103 1194 1131 tenebris
1208 1103 1319 1130 liberat.

1051 1148 1134 1176 Vens.
1147 1148 1194 1175 25.
1208 1147 1276 1175 Sunt
1291 1148 1340 1175 vite
1355 1155 1414 1182 qua:
1426 1146 1547 1174 uidentur
1560 1147 1661 1173 homini
1675 1151 1765 1179 ret-tte.
1783 1151 1808 1173 et

1015 1199 1104 1222 tamen
1123 1193 1271 1221 novissima
1290 1201 1383 1221 eorum
1400 1193 1434 1220 ad
1460 1192 1586 1228 abyssum
1614 1193 1712 1227 inferni
1724 1193 1809 1220 dedu-

1014 1245 1086 1268 cunt.
1102 1241 1258 1268 Occurrunt
1271 1239 1397 1275 quaedam
1415 1240 1467 1267 via:
1478 1247 1539 1274 quae
1555 1243 1666 1274 propter
1677 1239 1807 1267 caducam

1012 1286 1215 1323 iucunditatem
1240 1290 1268 1314 et
1290 1286 1406 1321 gloriam
1423 1286 1532 1314 cuidam
1551 1286 1655 1312 homini
1678 1289 1808 1320 putantur

1013 1332 1123 1360 evenire
1157 1332 1248 1366 bonae;
1281 1332 1328 1359 sed
1361 1332 1452 1359 exitus
1471 1340 1568 1360 earum
1594 1332 1621 1358 in
1647 1331 1807 1359 barathrum

1014 1376 1175 1412 perditionis
1183 1380 1299 1412 spectat.
1311 1376 1454 1404 Sensualis
1467 1377 1539 1404 enim
1552 1377 1699 1411 voluptatis
1715 1375 1809 1404 termi-

1014 1429 1068 1449 nus
1080 1426 1123 1450 est
1136 1422 1333 1455 conturbatio;
1348 1426 1376 1449 et
1391 1422 1482 1449 inanis
1498 1422 1604 1456 gloriae,
1618 1421 1806 1456 opprobrium.

1051 1468 1190 1497 VEns.9.6.
1213 1470 1298 1496 Homo
1319 1470 1446 1497 laborans
1473 1470 1578 1496 laborat
1604 1469 1655 1497 sibi
1681 1475 1808 1503 suamque

1013 1520 1149 1551 extorquet
1161 1515 1347 1550 perditionem.
1365 1516 1453 1543 llomo
1465 1516 1576 1551 quidam
1599 1515 1632 1543 ad
1649 1514 1806 1550 fulgcnduul

1013 1561 1121 1589 laborat
1144 1562 1208 1595 sibi,
1230 1562 1257 1589 iu
1278 1562 1371 1589 multis
1395 1562 1535 1590 laboribus
1550 1561 1650 1597 cupide
1667 1561 1807 1588 ditcscens

1013 1611 1042 1634 et
1061 1607 1179 1641 superbe
1196 1607 1317 1642 glorians
1334 1616 1340 1634 :
1358 1615 1420 1635 cum
1443 1613 1535 1635 autem
1553 1608 1611 1635 haec
1629 1613 1694 1634 sunt
1709 1607 1808 1634 animas

1014 1651 1184 1686 periculum,
1214 1652 1349 1680 violenter
1384 1653 1430 1680 ille
1459 1660 1537 1680 suam
1569 1652 1685 1680 attrahit
1714 1651 1808 1687 perni-

1013 1703 1094 1723 crem.

1047 1743 1160 1770 Astutus
1176 1748 1265 1770 autem
1287 1743 1314 1770 in
1333 1752 1377 1771 ore
1392 1752 1440 1772 suo
1452 1745 1521 1780 gerit
1541 1744 1659 1771 ruinam.
1677 1743 1730 1777 Qui
1740 1751 1806 1771 vero

1013 1789 1157 1817 scientiam
1174 1789 1257 1817 habet
1277 1790 1401 1818 dolosam
1419 1796 1448 1818 et
1461 1799 1570 1826 semper
1586 1798 1685 1818 nocere
1699 1791 1804 1821 studet.

1012 1835 1037 1862 ei
1054 1843 1109 1863 non
1127 1836 1215 1864 multo
1229 1844 1300 1872 opus
1316 1841 1359 1865 est
1372 1837 1465 1865 labore
1481 1838 1514 1864 ad
1536 1845 1614 1864 suam
1636 1837 1804 1872 perniciem:

1013 1881 1060 1909 sed
1079 1881 1106 1909 in
1125 1889 1172 1909 ore
1186 1883 1298 1917 proprio
1316 1890 1394 1910 suam
1416 1883 1523 1910 ruinam
1541 1884 1622 1918 gerit.
1637 1882 1677 1911 Es
1694 1883 1728 1910 iis
1744 1890 1806 1918 qute

1012 1927 1104 1955 dicere
1130 1926 1276 1956 consuevit
1298 1929 1351 1957 sibi
1375 1933 1454 1964 parat
1483 1929 1679 1964 perditionem,
1707 1929 1806 1956 ani-nuc

1011 1973 1122 2009 quidem
1141 1975 1214 2010 apud
1237 1975 1334 2008 Deum,
1349 1976 1476 2011 corporis
1493 1983 1583 2004 autent
1600 1976 1672 2011 apud
1689 1983 1737 2004 eos
1757 1975 1805 2011 qui

1011 2021 1095 2049 verba
1109 2021 1197 2057 ipsius
1214 2022 1341 2051 audiunt.

1047 2113 1130 2141 Vnus.
1148 2113 1194 2140 ‘27.
1221 2113 1269 2141 Vir
1285 2114 1436 2148 imprudens
1455 2115 1523 2150 fodit
1543 2115 1594 2142 sibi
1614 2115 1696 2143 mula.
1717 2115 1804 2142 llomo

1012 2156 1057 2192 qui
1066 2157 1099 2184 ad
1114 2164 1143 2184 se
1154 2157 1317 2192 pertinentia
1328 2166 1383 2186 non
1396 2164 1547 2194 computat,
1560 2160 1692 2188 adversus
1704 2165 1804 2188 scutel-

1012 2202 1100 2237 ipsum
1123 2203 1228 2230 invenit
1255 2204 1363 2237 nociva,
1386 2205 1550 2240 excogitans
1571 2213 1632 2240 qua:
1647 2205 1752 2233 ducunt
1769 2206 1802 2232 ad

1011 2249 1098 2283 ipsius
1115 2248 1234 2276 ruinam.

212 2295 275 2322 Ἐπὶ
301 2295 335 2322 δὲ
352 2295 410 2322 τῶν
425 2295 536 2323 ἑαυτοῦ
564 2294 688 2330 χειλέων
701 2294 872 2329 θησαυρίζει
886 2295 956 2330 πῦρ.

1048 2295 1082 2321 Et
1095 2295 1121 2322 in
1133 2295 1214 2322 labiis
1222 2295 1286 2337 'snis
1302 2296 1467 2323 thesaurizat
1482 2296 1579 2331 ignem.
1597 2296 1630 2323 Et
1643 2298 1671 2325 in
1689 2304 1737 2324 ore
1751 2305 1803 2324 suo

177 2341 221 2368 Ἐν
233 2342 262 2369 δὲ
275 2342 315 2377 τῷ
340 2342 454 2377 στόματι
475 2342 569 2375 αὐτοῦ,
589 2341 701 2374 συνάγει
717 2342 841 2376 ῥήματα,
860 2341 961 2369 κακίαν

172 2387 282 2415 ἅπασαν
296 2387 445 2416 ὲκκαίοντα
457 2388 532 2424 παρὰ
544 2389 600 2419 τοῖς
615 2388 770 2415 ἀκούουσιν.

207 2437 260 2469 κη’.
281 2433 366 2468 Ἀνὴρ
379 2434 515 2467 σκολιὸς,
527 2433 723 2468 διαπέμπεται
737 2432 825 2460 κακά.
839 2433 961 2469 Ἄνθρω-

171 2488 222 2512 πος
234 2480 304 2507 κατὰ
326 2479 441 2516 γνώμην
472 2479 611 2516 πρεσλδς,
622 2479 804 2515 παραπέμπει
814 2478 857 2505 διὰ
869 2479 961 2514 μέσων

170 2525 224 2552 τῶν
232 2525 392 2560 ἐπιτηδείων
399 2526 438 2557 εἰς
447 2526 477 2552 τὸ
483 2526 629 2562 ὑπουργεῖν
639 2525 674 2552 τὰ
684 2524 767 2553 αὑτοῦ
778 2524 872 2560 βουλιύ
876 2533 959 2559 ματα,

170 2569 233 2603 τοὺς
246 2571 275 2597 ὲν
292 2572 325 2606 τῇ
346 2570 420 2606 ψυχῇ
444 2570 526 2597 αὑτοῦ
546 2569 751 2605 μελετωμένους
777 2568 870 2600 δόλους
890 2568 960 2594 κατὰ

169 2615 225 2643 τῶν
240 2615 410 2650 ἀγαπώντων
430 2615 571 2650 ἀλλήλους.

205 2661 260 2690 Καὶ
277 2660 439 2695 λαμπτῆρα
459 2660 552 2687 δόλου
573 2660 741 2694 πυρσεύσει
765 2659 884 2692 κακοῖς-⁸
909 2659 958 2685 καὶ

169 2706 333 2742 διαχωρίζει
353 2707 473 2741 φίλους.
501 2706 556 2732 Καὶ
581 2705 654 2732 οὕτω
679 2706 782 2740 πυρσὸν
806 2704 960 2731 ὐπανάπτει

171 2753 279 2789 ἀπάτης
295 2754 324 2780 ὲν
336 2753 394 2784 τοῖς
420 2751 618 2786 πειθαρχοῦσιν
641 2751 714 2787 αὐτῷ
735 2751 882 2787 ὑπουργοῖς
909 2751 960 2786 τῆς

171 2798 287 2830 κακίας·
305 2799 353 2825 καὶ
366 2797 412 2825 διὰ
425 2798 540 2831 τούτων,
556 2798 594 2830 ὡς
612 2798 645 2824 δι’
658 2797 784 2834 ὀργάνων
799 2798 959 2830 τινῶν,τοὺς

171 2843 328 2879 ἡνωμένους
353 2844 388 2871 δι’
415 2844 527 2879 ἀγάπης
553 2843 727 2879 εἰλικρινοῦς,
757 2844 806 2870 ἀπ’
836 2843 959 2880 ἀλλήλων

171 2889 314 2923 διίστησιν,
330 2889 431 2924 ἔχθραν
443 2890 495 2916 ἀνὰ
510 2889 592 2924 μέσον
603 2889 692 2916 αὐτῶν
707 2889 845 2922 ὲμόαλών.

206 2935 257 2964 κθ’.
267 2936 357 2970 Ἀνὴρ
369 2936 542 2970 παράνομος
572 2933 767 2969 ἁποπειρᾶται
787 2935 895 2970 φίλων,
910 2935 958 2962 καὶ

1011 2340 1094 2368 verba
1109 2348 1217 2368 omnem
1229 2341 1361 2369 malitiam
1371 2341 1442 2377 apud
1455 2343 1596 2370 auditores
1612 2343 1801 2374 accendentia,

1011 2385 1126 2419 colligit.

1049 2431 1131 2459 Vens.
1155 2431 1200 2459 28.
1233 2431 1280 2459 Vir
1308 2437 1413 2460 astutus
1440 2433 1569 2468 dispergit
1598 2433 1681 2460 ntala.
1714 2433 1803 2461 Homo

1011 2477 1126 2504 scientia
1146 2477 1271 2510 dolosus.
1287 2478 1359 2505 inter
1385 2478 1513 2506 homines
1531 2479 1564 2506 ad
1580 2478 1725 2506 favendum
1742 2480 1802 2507 suis

1011 2523 1136 2551 consiliis
1156 2524 1281 2556 idoneos.
1294 2532 1364 2559 quos
1380 2524 1409 2551 in
1423 2524 1506 2552 corde
1516 2532 1567 2552 suo
1587 2525 1736 2552 meditatus
1759 2529 1803 2552 cst

1010 2569 1099 2602 dolos,
1115 2569 1249 2598 adversus
1264 2575 1387 2598 mutuam
1402 2570 1537 2598 habentes
1545 2570 1801 2604 dilectionem,dis—

1010 2616 1138 2643 seminat.

1046 2661 1081 2688 Et
1093 2661 1178 2696 facem
1199 2662 1307 2689 astutite
1326 2661 1461 2689 succendit
1483 2663 1623 2697 perversis.
1650 2663 1802 2697 amicosque

1010 2707 1152 2741 disjungit.
1170 2706 1204 2733 Et
1220 2707 1261 2734 sic
1278 2706 1392 2734 fallaciae
1408 2706 1495 2734 facem
1513 2707 1586 2735 inter
1597 2707 1759 2735 obedientes
1774 2708 1800 2734 ci

1010 2752 1200 2787 perversitatis
1213 2752 1355 2786 operarios
1369 2752 1528 2786 succendit;
1544 2757 1571 2780 et
1585 2761 1633 2788 per
1645 2760 1704 2786 eos,
1718 2752 1800 2787 quasi

1010 2804 1058 2832 per
1082 2797 1207 2832 quaedam
1223 2796 1417 2829 instrumenta,
1437 2797 1561 2826 sinceros
1577 2798 1713 2828 homines.
1733 2798 1799 2825 cha-

1010 2842 1092 2870 ritate
1107 2842 1254 2874 adunatos,
1270 2842 1305 2870 ab
1316 2843 1433 2871 invicem
1445 2844 1565 2879 seiungit
1581 2844 1672 2872 medio
1688 2844 1797 2870 illorum

1009 2889 1180 2917 inimicitiam
1195 2889 1356 2923 ingerendo.

1046 2935 1129 2964 Vnus.
1143 2935 1189 2964 29.
1213 2935 1260 2964 Vir
1283 2936 1400 2970 iniustus
1417 2939 1516 2966 amicos
1539 2943 1621 2966 tentat
1638 2942 1663 2964 et
1679 2943 1725 2971 per
1740 2935 1796 2964 ris-3
