2072 3161
190 188 256 220 1393

692 188 960 220 COMMENTARII
993 191 1034 221 ΙΝ
1054 191 1282 222 PllOVERBlA.

1746 189 1812 221 13M

228 245 279 271 Ἐν
289 243 323 269 δὲ
335 242 477 276 ἀδελφοῖς
488 243 627 269 διελεῖται
642 243 729 278 μέρη.
751 245 795 271 Ἐν
806 244 833 270 δὲ
848 247 906 276 ταῖς
917 245 981 280 περ)⁸

1068 245 1102 272 Et
1117 247 1185 273 inter
1201 246 1297 280 fratres
1315 245 1410 272 dividet
1423 249 1519 278 partes.
1542 243 1595 271 Sed
1622 244 1692 271 inter
1716 245 1814 271 anima:

187 288 217 315 τὸ
233 287 334 322 ἀγαθὸν
350 287 526 321 ὁμονοούσαις
551 287 680 322 ψυχικαῖς
703 288 852 323 δυνάμεσι,
867 290 912 316 τὸν
927 290 976 316 ἕνα

185 333 263 368 λόγον
287 334 335 367 τῆς
361 333 461 368 ἀρετῆς
483 333 522 364 εἰς
547 333 690 369 διαφόρους
702 334 803 369 ἀρετὰς
825 335 975 370 διαιρήσει,

186 380 289 414 ἑκάστῃ
304 378 417 413 δυνάμει
437 379 582 413 ἀπονέμων
599 379 649 413 τὴν
668 379 841 414 πρόσφορον·
860 377 928 414 οἷον,
943 382 975 416 τῇ

188 424 238 458 μὲν
262 424 458 458 ἐπιβυμητικῇ,
475 424 524 458 τὴν
546 423 787 459 σωφροσύνην’τῇ
809 424 838 451 δὲ
861 424 975 460 Θυμικῇ,

186 469 234 505 τὴν
251 468 389 503 ἀνδρείαν·
405 469 437 503 τῇ
462 467 491 494 δὲ
515 467 668 503 λογιπικῇ,
685 468 735 503 τὴν
761 469 908 504 φρόνησιν·
931 471 977 496 καὶ

186 515 246 546 ταῖς
259 513 344 546 ὅλαις,
359 514 409 548 τὴν
424 513 600 547 δικαιοσύνην
620 514 649 539 ἐν
668 513 707 548 τῷ
719 514 767 546 τὰς
783 514 914 549 ἐλλείψεις
930 516 977 542 καὶ

185 559 235 591 τὰς
254 559 407 595 ὑπερὸολὰς
426 559 572 594 ἐκφεύγειν
590 558 646 585 τῶν
665 559 780 594 ἀρετῶν.

220 620 253 651 γ’.
270 617 384 650 ’Ὠσπερ
399 615 583 650 δοκιμάζεται
598 615 632 642 ἐν
645 616 759 649 καμίνῳ
777 616 905 651 ἄργυρος
926 616 975 642 καὶ

187 662 319 698 χρυσὸς,
343 662 439 695 οὕτως
463 661 603 688 ἐκλεκτοὶ
628 661 746 695 καρδίαι
770 661 850 695 παρὰ
867 662 975 695 Κυρίῳ.

188 707 320 743 Καθάπερ
331 707 404 743 ἡτοΰ
420 706 540 742 ἀργύρου
557 705 648 741 φύσις,
665 707 713 733 καὶ
727 707 744 741 ἡ
757 707 803 733 τοῦ
819 707 933 742 χρυσοῦ,
948 707 976 733 al

186 754 240 780 τῶν
255 753 357 780 λοιπῶν
373 752 443 780 ὑλῶν
457 752 630 787 τιμιώτεραι,
646 753 675 778 ὲν
697 752 736 788 τῷ
757 754 823 788 πυρὶ
835 752 977 786 ἐξετάζον-

185 807 242 831 ται,
265 799 345 834 εἴπερ
367 797 422 825 εἷεν
444 798 602 833 ὰκίϐδηλοι·
617 799 831 833 τοιουτοτρόπως
854 798 901 825 καὶ
922 798 977 825 τῶν

188 845 293 871 πολλῶν
307 845 336 871 αἱ
351 845 466 880 προέχον
472 853 515 870 σαι
532 844 603 871 κατὰ
617 844 731 879 γνώμην
745 844 840 879 ψυχαὶ,
852 844 926 880 παρὰ
939 844 977 879 τῷ

187 891 242 918 τῶν
266 891 334 918 ὅλων
359 890 482 926 Δεσπότῃ
499 890 569 925 Θεῷ.
597 891 636 926 Τῇ
657 890 711 925 γὰρ
732 891 796 926 περὶ
822 890 905 917 αὑτοῦ
929 892 976 918 καὶ

187 936 241 963 τῶν
257 935 339 962 αὑτοῦ
356 936 516 970 ποιημάτων
530 936 624 972 ἀληθεῖ
638 935 711 972 δόξῃ,
724 938 772 963 καὶ
784 938 844 968 ταῖς
855 938 978 971 παναγὰ·

189 982 244 1013 Θοις
260 981 342 1008 αὐτοῦ
357 982 487 1014 ἐντολαῖς,
501 983 532 1009 τὸ
546 982 617 1008 κατὰ
631 983 733 1016 γνῶσιν
743 984 772 1009 ἐν
782 985 841 1014 ταῖς
853 984 978 1018 λογικαῖς

189 1027 316 1062 βασάνοις
332 1028 410 1062 δίκην
425 1028 525 1063 χρυσοῦ
543 1029 689 1063 ἀμείωτον,
699 1030 746 1055 καὶ
761 1029 789 1055 τὸ
806 1029 866 1055 κατ’
879 1028 978 1064 ἀρετὴν

188 1074 216 1099 ἐν
233 1072 299 1107 βίῳ,
315 1072 393 1107 δίκην
408 1072 529 1108 ἀργύρου
555 1073 683 1107 διαφανὲς
705 1074 753 1100 καὶ
778 1072 904 1108 λαμπρὸν
925 1073 979 1099 τῶν

188 1118 315 1145 τοιούτων
334 1118 427 1153 ψυχῶν
445 1117 633 1154 δοκιμάζεται.

223 1174 254 1200 δ’.
274 1174 372 1207 Kuqu
391 1175 537 1201 ὑπακούει
562 1174 716 1208 γλώσσαις
741 1173 931 1208 παρανόμων.
949 1173 979 1198 '0

189 1220 359 1255 κεκτημένος
371 1220 483 1255 γνώμην
499 1220 598 1255 κακὴν,
616 1221 675 1252 ταῖς
693 1219 871 1254 συμϐουλίαις
886 1218 979 1245 πείθε-

189 1273 235 1293 ται
256 1265 310 1292 τῶν
333 1265 370 1301 μὴ
385 1267 564 1302 τηρησάντων
579 1266 623 1293 τὸν
639 1266 717 1300 λόγον
733 1266 794 1292 καθ’
807 1266 837 1292 ὃν
852 1265 980 1299 γεγόνασι

190 1312 240 1347 τῆς
258 1312 392 1347 πονηρίας
412 1313 585 1347 πνευμάτων.

227 1368 344 1400 Δίκαιος
360 1367 393 1393 δὲ
407 1368 441 1394 οὺ
459 1369 602 1402 προσέχει
618 1369 733 1403 χείλεσι
747 1367 902 1402 ψευδέσιν.
912 1367 941 1393 ’0
954 1366 982 1393 δὲ

193 1413 274 1444 θείοις
288 1413 382 1447 νόμοις
397 1413 529 1446 ὑπείκων,
545 1415 594 1445 τὰς
609 1414 751 1449 ὰπατηλὰς
767 1413 909 1449 ὑποθήκας
933 1413 984 1439 αὐ-

194 1458 249 1484 τῶν
269 1459 298 1485 οὐ
320 1458 472 1494 προσίεται.

229 1518 260 1541 ε’.
280 1514 311 1541 '0
327 1513 500 1549 καταγελῶν
510 1513 639 1547 πτωχοῦ,
652 1513 815 1547 παροξύνει
832 1513 885 1539 τὸν
898 1512 985 1546 Ποιή-

1028 292 1165 326 potentias
1192 292 1224 318 ad
1252 292 1353 318 bonum
1377 291 1580 325 conspirantes,
1599 297 1679 317 unam
1705 289 1813 317 virtutis

1028 338 1161 364 rationem
1185 336 1218 364 ad
1242 336 1333 364 varias
1348 336 1464 363 virtutes
1486 336 1645 367 disjribuet,
1664 335 1814 369 unicuique

1029 383 1156 418 polentia:
1174 384 1379 410 convenientem
1404 383 1567 415 assignans;
1592 382 1642 413 sic,
1656 381 1811 416 appetitiva:

1028 428 1245 462 moderantiam;
1260 429 1392 455 animosa:
1405 427 1614 461 fortitudinem;
1628 427 1755 454 rationali
1771 433 1814 453 sa-

1029 474 1173 509 pientiam;
1189 477 1216 501 et
1231 473 1360 501 omnibus
1374 472 1510 507 justitiam
1535 472 1569 500 ad
1584 472 1708 499 deiectus
1727 475 1754 499 et
1767 478 1814 498 cx-

1028 526 1121 546 cessus
1139 519 1166 545 in
1181 517 1329 545 virtutibus
1345 516 1518 545 devitandos.

1063 620 1145 648 Vens.
1161 620 1188 647 5.
1207 619 1280 647 Sicut
1298 620 1324 646 in
1343 619 1451 653 fornace
1470 618 1617 651 probantur
1635 621 1771 652 argentum
1791 621 1815 642 ιιι

1029 677 1135 702 aurum,
1149 668 1188 694 ita
1205 676 1220 694 a
1238 667 1292 694 Deo
1310 667 1393 693 electa
1410 666 1502 692 corda.
1517 664 1752 698 Quemadmodum
1769 671 1816 691 ar—

1028 717 1100 751 genti
1111 721 1138 743 et
1155 715 1214 742 anri
1228 713 1404 744 substantim,
1421 720 1481 747 qua:
1496 711 1603 739 caeteris
1616 712 1738 739 materiis
1752 715 1817 739 sunt

1029 762 1219 796 pretiosiOres,
1239 760 1267 787 in
1283 760 1346 795 igne
1359 762 1514 790 tentantur,
1530 766 1565 784 an
1584 765 1679 784 revera
1696 757 1751 784 sint
1766 764 1816 791 pn-

1028 815 1076 840 rae,
1092 807 1129 834 ita
1144 813 1158 833 a
1172 805 1239 838 Deo,
1254 805 1377 832 omnium
1393 803 1578 835 dominatore,
1595 802 1742 829 multorum
1759 801 1817 829 ani-

1028 861 1078 881 ma:
1102 852 1211 880 ratione
1234 850 1432 886 praecellentes.
1456 847 1565 875 Etenim
1589 855 1655 874 vero
1677 847 1710 874 de
1735 854 1769 874 eo
1791 850 1818 873 et

1029 900 1116 935 ipsius
1131 897 1261 933 operibus
1277 895 1405 923 doctrinm
1428 897 1511 928 atque
1525 892 1636 928 optimis
1660 892 1720 926 ejus
1741 899 1818 918 man-

1029 946 1113 977 datis,
1137 942 1211 978 quod
1237 941 1387 970 secumlum
1413 940 1557 968 scientiam
1585 939 1612 965 in
1641 937 1819 965 rationalibus

1030 989 1207 1018 tcntamentis
1231 988 1306 1015 velut
1329 993 1426 1013 aurum
1452 989 1496 1013 est
1517 985 1668 1019 integrum,
1692 987 1719 1010 et
1745 983 1818 1018 quod

1030 1036 1180 1065 secundum
1202 1034 1332 1061 virtutem
1360 1033 1387 1059 in
1405 1032 1461 1058 vita
1484 1030 1557 1058 sicut
1581 1034 1724 1065 argentum
1749 1029 1819 1056 luci-

1029 1084 1093 1110 dum
1116 1081 1345 1117 splendidnmque
1365 1077 1461 1105 talium
1478 1076 1632 1104 animarum
1650 1079 1704 1107 est,
1724 1075 1819 1109 digno-

1031 1129 1128 1157 scitur.

1066 1185 1153 1212 Vens.
1169 1185 1196 1210 4.
1214 1181 1303 1209 Malus
1323 1180 1475 1215 iniquorum
1493 1177 1591 1213 linguis
1605 1185 1695 1204 aurem
1711 1176 1819 1211 prwbet.

1031 1232 1082 1265 Qui
1103 1230 1201 1258 malam
1218 1228 1300 1255 habet
1317 1229 1449 1257 mentem,
1472 1230 1589 1258 nequam
1606 1222 1753 1256 spirituum
1772 1220 1820 1256 qui

1031 1277 1168 1304 rationem
1183 1275 1211 1301 in
1228 1281 1283 1309 qua
1301 1272 1358 1300 nati
1373 1275 1451 1299 erant
1470 1277 1524 1298 non
1547 1271 1738 1301 servaverunt,
1753 1274 1822 1294 con-

1032 1323 1102 1350 siliis
1117 1325 1204 1356 paret.

1068 1378 1164 1405 Justus
1181 1380 1267 1403 autem
1279 1373 1358 1401 labiis
1373 1371 1546 1399 mendacibus
1564 1378 1617 1398 non
1632 1368 1755 1396 attendit.
1768 1366 1822 1401 Qui

1035 1428 1124 1452 autem
1148 1422 1252 1455 legibus
1276 1419 1378 1447 divinis
1394 1421 1486 1454 paret,
1514 1417 1627 1443 fallaces
1647 1422 1742 1443 eorum
1762 1413 1822 1448 opi-

1035 1470 1131 1497 niones
1149 1475 1202 1495 non
1219 1466 1325 1501 recipit.

1071 1527 1153 1554 Vens.
1172 1525 1198 1552 5,
1229 1524 1281 1556 Qui
1304 1529 1445 1558 pauperem
1480 1519 1572 1546 irridet
1599 1517 1740 1544 Factorcm
1766 1516 1823 1550 ejus

195 1569 292 1589 σαντα
313 1561 416 1587 αὐτόν.
435 1560 463 1587 '0
480 1560 626 1593 ὲξουοενῶν
650 1560 695 1586 τὸν
720 1559 847 1591 πλούτου,
861 1556 902 1591 οἷς
919 1559 982 1590 Θεὸς

1038 1575 1186 1605 exasperat.
1202 1569 1252 1602 Qui
1280 1556 1383 1602 spernit
1412 1565 1551 1593 hominem
1578 1563 1693 1595 divitiis,
1720 1561 1826 1596 judicio

196 1608 341 1635 ἐπίσταται
364 1607 507 1642 κρίμασιν,
524 1605 800 1639 ἀποπεσόντα,αὐτδν
823 1605 868 1632 τὸν
892 1605 987 1632 τούτου

196 1654 386 1690 Πλαστουργδν
401 1654 563 1689 ’παροργίζει
575 1661 580 1666 ·
595 1653 635 1679 ὅτι
655 1653 691 1687 μὴ
703 1653 748 1678 τὸν
758 1651 900 1687 ἄνθρωπον
911 1651 987 1686 τιμᾷ,

196 1702 226 1727 τδ
240 1701 411 1735 τιμιώματον
426 1699 485 1733 Θεῷ
501 1699 593 1734 κτῆμα
605 1699 651 1725 καὶ
663 1698 840 1730 οἰκειότατον,
856 1697 923 1723 ἀλλὰ
938 1697 988 1731 γῆς

197 1749 313 1785 ῥέουσαν
332 1747 399 1782 ὕλην
419 1749 466 1774 καὶ
485 1747 560 1774 κάτω
581 1746 726 1781 μένουσαν.

239 1839 266 1866 Ὁ
284 1839 317 1866 δὲ
331 1839 492 1873 ἐπικαίρων
504 1837 709 1873 ἀπολλυμένῳ
720 1858 727 1870 ,
746 1837 801 1864 οὐκ
812 1835 988 1870 etiame-rios-

197 1895 254 1914 ται.
266 1887 321 1913 Καὶ
332 1887 346 1913 ὁ
358 1885 515 1920 ἐπεγγελῶν
529 1884 580 1919 τῷ,
591 1884 646 1910 εἴτε
662 1883 731 1910 κατὰ
739 1883 838 1918 ψυχὴν,
849 1882 903 1908 εἴτε
919 1881 989 1908 κατὰ

198 1933 278 1966 σῶμα
293 1931 486 1963 κινδυνεύοντι,
496 1931 546 1957 οὐκ
560 1929 705 1960 ἀνεύθυνος
719 1928 821 1960 ἔσεται,
834 1927 902 1954 ἀλλὰ
912 1927 989 1957 δίκας

198 1979 253 2005 εἴτε
268 1978 340 2005 κατὰ
353 1978 384 2004 τὺ
395 1977 493 2013 παρὸν,
509 1976 562 2003 εἴτε
579 1975 648 2002 κατὰ
662 1974 693 2000 τὺ
710 1972 988 2010 μέλλον,εἰσπραχθή-

199 2033 276 2051 σεται
292 2024 368 2058 παρὰ
389 2023 437 2049 τοῦ
458 2022 565 2049 δικαίου
578 2021 685 2057 κριτοῦ,
699 2019 791 2055 ἐπειδὴ
805 2018 890 2049 οὕτως
902 2019 989 2052 ἀσυμ-

198 2070 293 2102 mm;
313 2069 378 2105 περὶ
396 2069 442 2095 τὸν
460 2067 568 2103 ὁμοφυῆ
587 2066 705 2100 διετέθη.

239 2115 270 2142 '0
283 2115 318 2142 δὲ
330 2112 670 2147 ὲπισπλαγχνιᾷἲμενος,
683 2109 890 2144 ἑλεηθήσεται.
909 2109 943 2141 ’οξ
959 2108 986 2134 δὲ

199 2161 340 2196 σπλάγχνα
357 2160 450 2191 ἐλέους
465 2158 620 2192 ὑπανοίγων
636 2156 721 2191 αὐτῷ,
745 2155 791 2182 τὸν
803 2154 851 2182 τοῦ
866 2153 934 2180 Θεοῦ
950 2154 988 2185 εἰς

199 2207 296 2234 ἑαυτὸν
315 2206 496 2234 ἐπισπάσεται
515 2204 606 2231 ἔλεον·
628 2202 750 2238 ὲλεηθεὶς
767 2201 805 2234 ὡς
824 2200 951 2236 ἠλέησεν.

235 2301 273 2331 ς’.
294 2297 450 2332 Στέφανος.
465 2297 618 2330 ’γερόντων
644 2295 735 2322 τέκνα
769 2294 892 2321 τέκνων.
922 2292 990 2324 Δόξα

199 2345 294 2378 ὥσπερ
306 2344 362 2374 τοῖς
373 2343 433 2369 καθ’
446 2341 554 2376 ἡλικίαν
565 2341 772 2376 πρεσϐυτέροις,
783 2339 835 2366 υἱοὶ
846 2339 900 2366 τῶν
913 2339 989 2371 υἱῶν,

199 2390 272 2417 οὕτω
294 2390 350 2420 τοῖς
374 2387 446 2414 κατὰ
462 2387 570 2414 σύνεσιν
586 2388 722 2423 γηραιοῖς,
738 2387 761 2412 οἱ
778 2387 809 2412 ὲκ
823 2385 877 2411 τῶν
895 2393 990 2419 γεννη-

201 2436 300 2462 Θέντων
326 2435 417 2465 αὐτοῖς
442 2433 485 2460 διὰ
512 2434 562 2468 τῆς
590 2432 779 2466 πνευματικῆς
812 2430 989 2461 διδασκαλίας

200 2481 388 2516 ὁμοιοτρόπως
404 2478 601 2514 ὰποτεχθέντες
613 2486 619 2494 ·
634 2478 701 2504 διότι
718 2478 768 2504 οὐκ
782 2476 885 2507 ἀτελῶς
902 2475 991 2502 ἐδίδα-

201 2528 261 2560 ξαν,
275 2526 332 2553 ἀλλ’
347 2525 448 2560 ἑτέρων
459 2524 636 2555 διδασκάλους
650 2524 713 2554 τοὺς
732 2522 850 2553 οἰκείους
861 2521 991 2549 ἀποτελέ-

203 2582 248 2600 σαι
268 2572 383 2607 ἴσχυσαν
405 2570 539 2606 μαθητάς.

238 2619 384 2652 Καύχημα
398 2616 431 2643 δὲ
448 2616 571 2649 τέκνων,
582 2615 707 2649 πατέρες
722 2614 832 2641 αὐτῶν.
853 2613 991 2649 Καύχημα

201 2665 229 2692 δὲ
244 2665 370 2699 καθάπερ
383 2663 439 2689 τῶν
451 2662 522 2689 κατὰ
537 2663 624 2698 σάρκα
637 2662 714 2693 υἱῶν,
728 2662 751 2687 οἱ
771 2660 875 2687 τούτων
891 2661 989 2694 γονεῖς,

200 2711 248 2738 τὸν
262 2710 343 2737 αὑτὸν
353 2708 452 2745 τρόπον
469 2708 516 2734 καὶ
529 2707 582 2734 τῶν
597 2707 667 2734 κατὰ
681 2706 789 2741 πνεῦμα
801 2726 807 2738 ,
822 2705 847 2732 οί
865 2713 989 2740 πνευμα-

202 2757 285 2784 τικῶς
308 2755 422 2786 τούτους
445 2754 640 2785 ἀποτεκόντες·
659 2753 705 2780 καὶ
730 2752 784 2788 γὰρ
805 2752 844 2783 ὡς
867 2751 912 2778 ἐπί
937 2759 991 2778 τινι

204 2802 307 2837 κλήρῳ,
321 2802 355 2836 τῇ
369 2799 481 2835 εὐκλείᾳ.
493 2799 548 2826 τῶν
568 2800 749 2835 γεννητόρων,
767 2800 790 2825 οἱ
807 2799 858 2825 υἱοὶ
875 2797 990 2832 ἐναϐρύ‹

203 2854 304 2873 νονται.

241 2892 294 2920 Τοῦ
312 2892 432 2925 πιστοῦ,
446 2892 517 2926 ὅλος
533 2894 548 2919 ὀ
564 2893 675 2927 κόσμος
692 2891 749 2919 τῶν
762 2890 928 2927 χρημάτων.
938 2889 989 2916 Τοῦ

1040 1617 1111 1653 quod
1127 1617 1197 1643 Deus
1210 1614 1294 1646 novit,
1306 1612 1477 1642 destitutum,
1489 1610 1579 1644 ipsum
1591 1607 1750 1642 bujusmodi
1773 1606 1826 1632 Fa-

1039 1652 1142 1690 ctorem
1162 1660 1268 1692 irritat;
1284 1658 1346 1693 quia
1365 1664 1419 1683 non
1435 1652 1699 1682 bonoratbominem
1714 1658 1825 1686 posses-

1040 1708 1144 1737 sionem
1168 1705 1223 1733 Deo
1245 1704 1365 1731 maxime
1382 1701 1531 1736 pretiosam
1557 1706 1588 1726 ac
1604 1699 1756 1733 propriam,
1778 1697 1825 1724 sed

1040 1752 1221 1782 substantiam
1235 1759 1249 1778 e
1270 1754 1343 1777 terra
1361 1748 1516 1776 el‘lluentem
1532 1749 1560 1773 et
1580 1744 1696 1772 inici-ius
1713 1751 1826 1770 manen-

1041 1804 1105 1827 tem.

1076 1844 1110 1871 Et
1126 1844 1170 1879 qui
1186 1843 1268 1870 ruina
1284 1842 1393 1868 lauetur
1409 1839 1529 1871 alterius,
1546 1845 1598 1864 non
1609 1836 1658 1862 erit
1672 1834 1826 1868 impunitus.

1041 1891 1092 1924 Qui
1116 1891 1174 1917 sive
1192 1890 1283 1923 :mima
1301 1887 1359 1915 sive
1389 1893 1504 1920 corpore
1533 1882 1736 1918 periclitautem
1763 1880 1827 1907 irri-

1041 1937 1098 1968 det.
1115 1943 1168 1962 non
1185 1934 1238 1962 erit
1255 1933 1420 1967 impunitus,
1438 1930 1484 1957 sed
1500 1929 1557 1956 sive
1569 1927 1595 1954 in
1615 1924 1751 1961 praesenti.
1772 1923 1836 1951 sive»

1042 1983 1067 2008 in
1091 1981 1193 2012 futuro,
1210 1978 1283 2014 quod
1301 1984 1407 2011 a2qnum
1424 1977 1614 2008 est,reposcet
1629 1973 1662 1999 ab
1680 1971 1726 1998 illo
1739 1970 1828 2005 justus

1038 2027 1131 2063 judex,
1147 2033 1180 2053 eo
1196 2024 1267 2060 quod
1283 2023 1388 2057 absque
1404 2019 1595 2048 misericordia
1616 2017 1656 2045 sic
1677 2023 1741 2051 erga
1761 2022 1827 2041 eon-

1041 2070 1168 2098 tribulem
1186 2076 1215 2096 se
1227 2066 1364 2094 habuerit.

1077 2115 1128 2148 Qui
1147 2119 1234 2140 autem
1250 2112 1402 2139 misericors
1413 2113 1452 2136 est
1464 2106 1673 2135 misericordiam
1688 2111 1830 2138 consequt—

1041 2167 1094 2188 tur.
1109 2161 1161 2193 Qui
1177 2164 1268 2187 autem
1284 2159 1308 2186 ei
1326 2159 1433 2185 viscera
1449 2152 1645 2182 misericordiae
1660 2149 1764 2186 pandit,
1782 2148 1826 2174 Dei

1042 2204 1262 2234 misericordiam
1277 2204 1304 2230 in
1320 2210 1350 2230 se
1366 2205 1522 2229 convertet:
1540 2198 1612 2225 sicut
1626 2196 1756 2224 misertus
1775 2197 1828 2221 est.

1005 2248 1028 2275 θ
1044 2253 1084 2281 sic
1102 2250 1319 2279 misericordiam
1332 2247 1476 2276 obtinebit.

1078 2299 1161 2326 Vens.
1177 2298 1204 2325 6.
1221 2295 1327 2324 Corona
1351 2302 1443 2322 senatu
1469 2291 1520 2326 ﬁlii
1539 2290 1670 2324 ﬁliorum.
1693 2285 1830 2319 Quemada

1043 2346 1153 2374 modum
1169 2344 1255 2380 gloria
1282 2343 1479 2376 lonngorum,
1506 2337 1553 2364 lilii
1571 2335 1700 2366 ﬁliorum,
1723 2332 1760 2358 ita

1041 2391 1143 2427 pientia
1167 2376 1263 2418 senum
1284 2387 1383 2423 gloria,
1402 2385 1459 2412 nati
1475 2391 1508 2410 ex
1524 2382 1564 2409 eis
1581 2387 1652 2416 quos
1670 2378 1722 2412 ipsi
1748 2376 1829 2411 spiri-

1042 2437 1108 2464 tuali
1131 2434 1275 2470 disciplina
1296 2434 1461 2468 genueram.
1487 2427 1593 2455 Etenim
1619 2432 1673 2452 non
1695 2427 1829 2458 perpetuo

1041 2484 1205 2515 docuerunt,
1218 2480 1265 2508 sed
1280 2467 1425 2513 magistros
1440 2475 1557 2502 aliorum
1569 2479 1635 2500 suos
1649 2469 1776 2506 proprios
1791 2467 1832 2495 di-

1042 2528 1162 2563 scipulos
1176 2526 1307 2562 perlicere
1322 2524 1477 2551 valuerunt.

1077 2614 1111 2641 Et
1126 2614 1211 2650 gloria
1228 2612 1345 2648 ﬁliorum
1363 2615 1450 2645 patres
1465 2617 1566 2636 eorum.
1584 2607 1661 2635 Sicut
1679 2607 1828 2635 carnalium

1042 2661 1158 2688 ﬁliorum
1173 2659 1271 2694 gloria,
1287 2658 1407 2692 ipsorum
1425 2655 1574 2691 genitores,
1588 2654 1627 2682 sic
1641 2654 1736 2681 eodem
1751 2653 1831 2681 modo

1041 2705 1224 2741 spiritualium
1234 2707 1359 2731 natorum
1370 2701 1454 2729 decus
1464 2704 1528 2728 sunt
1539 2699 1585 2734 qui
1596 2699 1834 2734 spiritualitereos

1041 2755 1205 2787 genuerunt.
1215 2749 1283 2776 Nam
1297 2753 1326 2775 ut
1338 2748 1372 2775 de
1385 2746 1501 2782 quadam
1514 2745 1682 2778 haereditate,
1694 2745 1728 2773 de
1743 2744 1829 2779 gloria

1042 2803 1150 2834 patrum
1168 2796 1214 2823 lilii
1231 2795 1397 2830 gloriantur.

1078 2888 1118 2914 Αιί
1139 2887 1241 2922 [ἱιίείινηι
1260 2886 1418 2914 imircrsitas
1437 2884 1632 2912 thesaurorum.
1649 2880 1699 2914 Qui
1719 2879 1838 2907 ﬂrmztim
