2072 3161
278 191 347 226 i395

933 194 1106 224 l’llOCOPII
1127 193 1247 223 GAZJEI

1838 190 1914 222 1396

275 247 302 274 in
314 249 397 274 lteum
411 246 526 281 adeptus
541 251 583 274 est
601 246 693 279 ﬁdem,
710 246 796 281 ipsius
811 251 854 274 est
869 250 925 273 tota
946 247 1057 274 divitia-

1110 246 1224 281 βεϐαίαν
1238 246 1278 278 εἰς
1293 246 1361 272 Θεὸν
1378 245 1548 280 κεκτημένου
1560 244 1664 276 πίστιν,
1675 244 1748 271 ἅπαν
1762 243 1792 270 τὺ
1802 243 1910 278 πλῆθός

275 302 335 321 rum
357 294 512 325 multitudo.
528 299 622 329 utpote
637 294 684 330 qui
704 294 827 321 omnium
843 293 1015 322 Fabricatori
1031 302 1063 322 ac

275 340 411 375 provisori
423 347 453 368 se
469 341 624 367 committet
640 344 665 367 et
680 339 781 367 exinde
797 346 878 367 otnne
894 339 1062 367 desiderium

274 385 401 421 complet.
419 385 469 413 llic
484 385 568 418 enim,
581 385 650 412 nihil
662 385 743 414 etiam
754 385 869 417 habens,
884 386 977 413 omnia
990 394 1055 421 pos-

275 431 358 460 sidet.

312 489 352 516 Ad
366 489 498 523 inﬁdelem
520 491 579 516 {vero
604 488 741 523 nequidem
759 488 862 516 obolus.
875 488 952 516 Illius
970 492 1060 516 autem

275 536 319 567 qui
343 535 395 561 lteo
419 542 472 561 nou
490 534 614 566 conlidit,
638 542 688 561 nec
704 543 775 562 ttntls
799 540 841 562 est
859 535 966 567 obolus,
995 535 1061 562 nihil

276 580 358 607 fidum
375 585 402 607 et
415 580 513 608 stabile
535 581 692 615 possidens,
710 581 823 608 etiamsi
842 581 954 608 multam
970 581 1060 616 possi-

278 626 342 653 deat
355 626 514 653 divitiarum
530 627 649 662 copiam.

311 682 392 711 Vens.
407 683 433 710 7.
454 682 514 710 Non
528 688 671 718 congruent
691 683 852 718 imprudenti
869 683 943 711 labia
955 683 1059 718 ﬁdelia.

275 728 315 756 llli
329 729 374 762 qui
386 729 470 756 Deum
483 729 508 756 in
522 729 664 756 cordenon
678 729 756 764 gerit,
771 729 829 756 sive
840 733 913 756 metu
928 734 1060 763 tanquam

275 774 430 806 Dominum,
439 774 496 801 sive
508 782 600 801 amore
612 778 741 809 tanquam
752 774 862 801 Patrem
872 782 921 810 per
932 775 1059 810 gratiam,

274 819 415 849 credibilia
428 827 482 846 non
496 824 578 847 erunt
597 820 683 854 ipsius
701 825 798 847 sancta
813 825 961 855 praecepta.

309 875 365 902 Nec
373 876 447 910 justo
464 875 537 902 labia
558 875 708 902 mendacia.
722 875 776 903 Nec
797 876 822 903 ei
839 876 886 910 qui
907 876 1058 904 secundum

274 921 326 948 ista
350 921 426 953 vivit,
451 921 561 949 fallaces
577 921 676 948 diaboli
691 921 846 949 doctrinae:
869 922 962 950 nullus
986 922 1059 950 enim

274 965 329 993 Deo
342 971 368 993 et
380 965 466 993 Satan
485 966 590 993 servire
609 971 710 1000 potest.

309 1020 393 1049 Vens.
413 1021 441 1048 8.
462 1020 562 1048 Merces
580 1022 731 1056 gratiarum
747 1021 892 1056 disciplina
914 1021 1060 1049 utentibus.

273 1066 324 1094 Per
349 1067 476 1094 mandata
503 1068 629 1095 mercede
649 1068 810 1094 conducunt
822 1067 945 1102 Spiritus
971 1067 1061 1095 sancti

272 1112 342 1139 dona
355 1113 387 1139 ad
404 1113 584 1140 deducentem
596 1113 630 1140 ab
640 1113 769 1148 opposito
781 1113 808 1140 in
824 1113 927 1140 bonum
937 1119 1061 1140 nostram

272 1162 354 1188 vitam
371 1160 572 1189 institutionem
582 1169 631 1190 eos
642 1162 687 1197 qui
704 1161 775 1189 hanc
783 1161 939 1189 admittunt.
952 1162 1061 1197 Absque

272 1208 344 1235 enim
357 1208 472 1242 spiritus
486 1208 576 1241 donis,
587 1209 697 1240 timore,
716 1208 840 1243 inquam,
856 1208 1018 1235 fortitudine
1034 1212 1062 1235 et

272 1254 396 1287 caeteris,
423 1255 542 1283 neminis
560 1255 615 1283 vita
642 1254 836 1282 mandatorum
862 1254 1008 1290 disciplina
1032 1254 1059 1281 in

272 1299 370 1327 melius
390 1304 521 1328 mutatur.

308 1397 477 1432 Quocumque
489 1406 517 1425 ae
532 1399 639 1426 verterit
651 1418 658 1430 ,
675 1398 853 1434 prospernbit.
869 1397 942 1426 Bene
958 1405 1058 1433 piece-

271 1443 317 1470 det
331 1443 394 1470 talis
410 1443 558 1477 institutio,
575 1445 617 1472 vel
635 1444 662 1472 in
679 1444 802 1472 adversis
820 1452 828 1471 :
845 1444 970 1472 insinuat
994 1444 1058 1478 qui-

271 1489 332 1515 dem
347 1489 374 1516 in
390 1489 545 1523 alacritate,
563 1490 748 1526 iucundorum
766 1489 982 1518 moderationem
996 1498 1004 1523 ;
1029 1489 1058 1517 in

272 1534 419 1563 afﬂictione
430 1541 531 1567 autem,
548 1536 727 1563 molestorum
746 1536 932 1564 tolerantiam.

308 1631 388 1659 Vens.
405 1631 432 1658 9.
446 1631 499 1665 Qui
514 1632 582 1660 celat
597 1632 705 1665 delicta,
717 1633 813 1667 quterit
827 1633 984 1660 amicitiam.
1002 1632 1057 1666 Qui

272 1676 398 1703 scandala
409 1676 444 1704 ab
458 1676 519 1703 aliis
533 1677 589 1704 sibi
598 1677 661 1704 data
676 1677 852 1710 dissimulat,
867 1685 929 1705 cum
941 1678 981 1706 eis
990 1678 1059 1705 ami-

271 1722 363 1748 citiam
380 1726 489 1750 nectere
507 1723 592 1757 cupit.

308 1777 360 1808 Qui
383 1781 470 1803 autem
486 1785 502 1803 τι
522 1777 630 1804 celando
642 1777 774 1810 abhorret,
791 1778 892 1805 amicas
908 1783 933 1805 et
948 1779 1058 1813 propin-

271 1830 336 1857 quos
358 1821 463 1849 dividit.
488 1822 539 1855 Qui
563 1828 654 1850 autem
681 1831 697 1850 a
720 1823 824 1851 talibus
845 1823 1055 1852 dissimulandis

272 1867 414 1900 abhorret,
439 1868 540 1895 alienat
563 1872 590 1896 et
614 1868 758 1903 diligentes
784 1876 814 1896 se
837 1873 864 1896 et
882 1868 935 1896 sibi
959 1877 1060 1904 genere

271 1913 440 1947 propinquos
457 1921 464 1939 :
485 1920 548 1940 nam
570 1913 692 1941 vicissim
712 1913 783 1940 facta
795 1913 987 1948 iudicantibus
1004 1915 1059 1942 im-

272 1959 404 1994 possibile
414 1963 455 1987 est
472 1967 527 1987 non
544 1959 661 1987 inveniri
676 1960 817 1988 scandala.

306 2060 386 2088 Vens.
401 2060 445 2088 10.
462 2060 608 2089 Canterunt
619 2061 697 2088 mina:
708 2069 753 2088 cor
769 2062 918 2096 prudentis.
938 2061 1059 2090 Prolerit

269 2111 297 2133 et
309 2107 342 2134 ab
359 2107 537 2134 inclinatione
560 2108 587 2134 in
607 2107 709 2134 malum
733 2108 833 2135 avertit
846 2108 990 2143 prudentis
1001 2108 1060 2135 ani-

270 2160 343 2180 mam
366 2153 453 2180 solum
478 2153 560 2181 etiam
586 2154 700 2181 verbum
722 2155 947 2182 comminativum
972 2154 1058 2183 :talis

269 2197 342 2224 enim
367 2198 409 2224 vir
432 2197 526 2232 fugere
549 2199 619 2226 mala
644 2199 786 2234 praevenit,
808 2203 956 2236 antequam
977 2207 1008 2228 ea
1023 2201 1059 2228 sit

269 2247 412 2277 expertus.

306 2298 461 2333 Imprudens
477 2305 564 2327 autem
577 2300 740 2334 ﬂagellatus,
758 2308 810 2327 non
831 2301 977 2329 erudietur.
1003 2302 1058 2328 Im-

270 2344 391 2378 prudens
407 2348 510 2377 autem,
535 2345 618 2372 etiam
636 2351 697 2379 post
719 2345 813 2381 plagas
838 2352 948 2382 propter
970 2347 1057 2382 ipsius

270 2389 368 2416 delicta
390 2389 443 2417 sibi
461 2389 590 2422 inﬂictas,
612 2398 697 2424 quare
711 2391 894 2418 tentationum
915 2391 1054 2423 incursus.

271 2435 452 2470 pcrmissioue
473 2435 578 2469 divina,
597 2436 648 2463 sibi
663 2436 828 2469 inferantur,
842 2445 896 2464 non
914 2438 1054 2473 agnoscit;

270 2479 423 2515 t-xindeque
439 2481 521 2508 vitam
537 2488 615 2508 suam
631 2488 685 2508 non
702 2479 846 2509 reformat.

308 2582 389 2610 Vens.
419 2583 462 2610 11.
485 2583 685 2613 Controversias
706 2586 818 2613 suscitat
840 2586 925 2613 omnis
958 2585 1055 2613 malus.

270 2627 444 2655 Contradicit
466 2629 512 2656 Dei
537 2630 674 2659 mandatis
696 2632 788 2658 omnis
803 2631 912 2666 quisihi
928 2631 1058 2666 proponit

270 2673 382 2707 malum,
397 2681 534 2703 excusans
546 2677 738 2705 excusationes
753 2678 779 2704 in
800 2677 930 2712 peccatis.

304 2740 433 2768 Dominus
443 2747 530 2768 autem
543 2742 662 2777 angelum
688 2744 919 2771 inmisericordem
937 2744 1059 2772 immittet

269 2787 304 2814 ei.
326 2786 508 2822 Omnipotens
540 2794 632 2815 autem
664 2790 734 2817 Deus
755 2790 879 2818 ultricem
906 2791 1057 2826 potentiam

270 2832 402 2861 adversus
420 2841 482 2861 eum
510 2834 650 2865 immittet,
677 2843 736 2869 quae
761 2836 863 2868 justam
884 2836 971 2871 ipsius
990 2837 1058 2864 iram

270 2883 364 2906 contra
385 2878 460 2906 illum
479 2880 503 2906 ei
531 2879 687 2907 denuntiet.
704 2880 754 2914 Qui
776 2882 848 2909 enim
872 2883 904 2909 ad
929 2882 1058 2911 mandata

1114 294 1173 319 ἐστι
1186 292 1242 318 τῶν
1257 293 1423 327 χρημάτων,
1440 291 1516 326 αὐτῷ
1532 291 1571 325 τῷ
1585 290 1750 326 Δημιουργῷ
1763 288 1817 316 τῶν
1835 290 1912 316 ὅλων

1114 339 1161 365 καὶ
1176 339 1311 373 προνοητῇ
1327 337 1423 365 ἑαυτὸν
1441 336 1625 368 ἀνατιθέντος,
1642 335 1769 362 κακεῖθεν
1783 335 1910 370 πληρου-

1115 384 1197 419 μένου
1224 384 1274 419 τὴν
1300 383 1412 419 χρείαν
1438 382 1480 409 διὸ
1504 379 1595 416 οὗτος,
1609 382 1656 409 καὶ
1680 381 1764 418 μηδὲν
1779 381 1912 417 ἐχων,τὰ

1113 431 1204 457 πάντα.
1222 429 1344 463 κατέχει.
1850 462 1854 466 _

1149 485 1205 512 Τοῦ
1221 484 1256 512 δὲ
1270 485 1413 516 ἀπίστου,
1433 483 1505 512 οὐδὲ
1526 484 1644 516 ὀϐολός.
1664 483 1717 510 Τοῦ
1741 483 1770 510 δὲ
1790 483 1850 519 Θεῷ
1870 483 1911 518 μὴ

1113 529 1299 563 πιστεύοντος,
1312 530 1367 556 οὐδ’
1379 529 1472 561 ὀϐολός
1487 531 1562 556 ἐστιν
1579 527 1618 560 εἷς
1630 548 1637 560 ,
1654 528 1736 564 μηδὲν
1751 529 1848 555 πιστὸν
1862 537 1909 554 κει

1112 575 1251 610 κτημὲνου
1269 576 1316 602 καὶ
1333 575 1453 610 βέϐαιον,
1468 574 1519 601 κᾶν
1545 574 1648 610 πολλὴν
1670 571 1749 606 οὗτος
1771 574 1911 609 κέκτηται

1112 622 1277 657 περιουσίαν
1294 622 1454 657 χρημάτων.

1147 678 1179 710 ζ’.
1203 679 1264 712 οὐχ
1279 678 1404 712 ἁρμόσει
1417 678 1523 713 ἄφρονι
1544 677 1631 712 χείλη
1653 677 1757 704 πιστά.
1777 677 1834 703 Οὐκ
1860 676 1911 703 εὑ-

1111 722 1279 758 παράδεκτοι
1291 723 1398 750 ἔσονται
1409 723 1449 759 τῷ
1467 723 1504 758 μὴ
1519 723 1696 758 περιφέροντι
1712 722 1778 748 Θεὸν
1790 723 1819 748 ὲν
1831 731 1911 755 καρ-

1109 767 1169 803 δίᾳ,
1184 767 1235 793 εἴθ’
1249 767 1286 798 ὡς
1301 768 1438 803 Δεσπότην
1450 768 1535 803 φόϐῳ,
1550 768 1601 795 εἴθ’
1612 768 1650 799 ὡς
1665 766 1737 794 κατὰ
1749 767 1830 802 χάριν
1844 768 1911 794 Πα-

1109 812 1178 847 τέρα
1193 813 1280 848 πόθῳ,
1296 814 1323 840 αἱ
1342 814 1417 848 ᾶγιαι
1430 813 1511 840 αὑτοῦ
1528 813 1644 840 ὲντολαί.

1147 867 1223 894 οὐδὲ
1237 867 1340 900 δικαίῳ
1356 868 1442 902 χείιη
1464 868 1573 902 ψευδῆ.
1594 867 1662 895 Οὐδὲ
1683 867 1723 902 τῷ
1743 867 1803 894 κατ’
1817 866 1912 898 αὑτὰς

1077 923 1099 951 Β
1115 913 1325 948 πολιτευομένῳ,
1340 914 1367 940 αἱ
1391 913 1439 940 τοῦ
1451 914 1574 940 διασόλου
1589 913 1728 947 ἁπατηλαὶ
1744 913 1886 947 ὑποθῆκαι
1901 921 1908 927 ·

1113 960 1202 992 οὐδεὶς
1220 960 1275 995 γὰρ
1294 960 1353 994 Θεῷ
1373 961 1420 986 καὶ
1438 960 1526 986 Σατᾶν
1546 959 1683 986 δουλεύειν
1701 959 1823 986 δύναται.

1148 1019 1182 1052 η’.
1202 1016 1316 1049 Μισθὸς
1329 1015 1471 1050 χαρίτων,
1482 1016 1500 1050 ἡ
1512 1016 1632 1043 παιδεία
1647 1015 1709 1049 τοῖς
1726 1015 1908 1050 χρωμένοις.

1112 1061 1280 1088 Μισοοῦνται
1293 1061 1337 1088 διὰ
1351 1062 1405 1087 τῶν
1423 1061 1547 1092 ἐντολῶν,
1563 1061 1597 1088 τὰ
1611 1061 1658 1088 τοῦ
1671 1061 1801 1095 παναγίου
1822 1061 1910 1087 [Ινεύ-

1113 1116 1198 1143 ματος
1209 1107 1377 1143 χαρίσματα,
1391 1108 1432 1139 εἰς
1448 1107 1497 1142 τὴν
1509 1106 1680 1142 μετάγουσαθ
1694 1107 1747 1134 ἀπὸ
1761 1106 1807 1133 τοῦ
1823 1107 1909 1133 ἐναυ-

1110 1153 1169 1180 τιου
1200 1153 1240 1184 είς
1262 1152 1292 1179 τὺ
1317 1153 1420 1186 ἀγαθὸν
1445 1153 1491 1180 τὸν
1517 1153 1650 1188 ἡμέτερον
1668 1153 1725 1188 βίον
1749 1153 1906 1184 παίδευσιν,

1111 1200 1174 1232 τοὺς
1188 1199 1330 1235 μετιόντας
1343 1199 1429 1235 αὑτήν
1439 1207 1446 1214 ·
1462 1199 1527 1226 ἄνευ
1545 1199 1598 1234 γὰρ
1611 1198 1667 1225 τῶν
1680 1199 1727 1225 τοῦ
1742 1198 1908 1232 Πνεύματος

1111 1246 1300 1282 χαρισμάτων,
1314 1245 1361 1272 τοῦ
1386 1244 1481 1279 φόῦου,
1495 1245 1578 1280 φημὶ,
1594 1245 1641 1271 καὶ
1662 1245 1712 1279 τῆς
1736 1245 1837 1279 ἰσχύος,
1855 1245 1907 1271 καὶ

1109 1292 1164 1318 τῶν
1181 1291 1292 1323 λοιπῶν,
1310 1291 1372 1317 οὑδὲ
1385 1299 1458 1322 τινος
1476 1291 1533 1326 βίος
1550 1291 1587 1326 τῇ
1597 1290 1651 1316 τῶν
1665 1289 1779 1317 ἐντολῶν
1799 1298 1906 1323 κατορ-

1110 1336 1192 1364 θώσει
1211 1336 1280 1372 πρὸς
1299 1336 1330 1363 τὸ
1349 1336 1455 1372 βέλτιον
1476 1335 1681 1372 μεταϐάλλεται.

1146 1391 1188 1421 οὗ
1205 1393 1230 1420 δ’
1244 1393 1283 1420 ἂν
1296 1393 1474 1428 ἐπιστρέψῃ,
1496 1392 1724 1426 εὐοδωθήσεται.
1744 1392 1906 1427 Εὑθυπορή-

1110 1448 1150 1466 σει
1174 1439 1202 1466 δὲ
1227 1440 1244 1474 ὴ
1268 1439 1382 1474 τοιαύτη
1399 1439 1539 1470 παίδευσις
1554 1440 1602 1465 καὶ
1620 1440 1650 1465 ὲν
1674 1440 1730 1470 τοῖς
1745 1438 1883 1470 ἐναντίοις
1894 1459 1902 1471 ,

1109 1483 1262 1518 ἐμποιοῦσα
1281 1483 1328 1508 ἐπὶ
1345 1482 1395 1517 μὲν
1410 1484 1471 1514 ταῖς
1491 1482 1636 1518 εὐθυμίαις
1646 1503 1654 1515 ,
1670 1482 1833 1517 ἐγκράτειαν
1847 1482 1903 1508 τῶν

1107 1529 1208 1565 ἡδέων·
1225 1529 1271 1556 ἐπὶ
1286 1528 1314 1555 δὲ
1326 1529 1390 1560 ταῖς
1405 1528 1582 1564 δυσθυμίαις,
1594 1528 1733 1563 ὑπομονὴν
1744 1527 1799 1554 τῶν
1809 1527 1904 1562 ἀλγει-

1075 1588 1096 1617 c
1114 1577 1177 1605 νῶν.

1145 1633 1178 1661 θ’.
1201 1635 1250 1667 Ὃς
1276 1634 1401 1668 κρύπτει
1423 1632 1608 1666 ἀδικήματα,
1634 1631 1712 1666 ὢτεῖ
1735 1631 1851 1667 φιλίαν.
1874 1632 1902 1658 ’0

1109 1679 1240 1715 παρορῶν
1261 1679 1295 1706 τὰ
1312 1679 1492 1714 παρ’ὲτέρων
1511 1679 1552 1710 εἰς
1572 1678 1654 1705 αὑτὸν
1667 1678 1797 1713 γινόμενα
1816 1677 1902 1704 σκάν-

1108 1724 1185 1757 δαλα,
1201 1724 1280 1752 ποθεῖ
1292 1725 1323 1751 τὺ
1338 1723 1530 1760 συμφιλιάζειν
1544 1724 1648 1755 αὐτοῖς.

1147 1780 1199 1813 Ὃς
1213 1779 1247 1806 δὲ
1263 1779 1347 1814 μισεῖ
1357 1779 1510 1813 κρύπτειν,
1524 1779 1658 1812 διίστησι
1671 1779 1782 1814 φίλους
1796 1779 1845 1806 και
1857 1780 1900 1806 οῖ-

1109 1826 1221 1858 κείους.
1232 1821 1286 1858 ’⁸ος
1301 1826 1324 1852 δ’
1336 1825 1539 1861 ἀποστρέφεται
1553 1825 1584 1851 τὸ
1596 1825 1822 1861 παραδλέπεσθαι
1835 1825 1901 1852 ταῦ-

1109 1879 1154 1900 τα.
1170 1871 1308 1906 ἐχθραίνει
1334 1870 1398 1902 τούς
1421 1879 1451 1896 τε
1475 1869 1619 1904 φιλοῦντας
1633 1871 1725 1902 αὑτὸν,
1741 1871 1788 1898 καὶ
1801 1871 1901 1902 αὐτοὺς

1108 1917 1171 1948 τοὺς
1185 1917 1257 1943 κατὰ
1271 1917 1349 1951 γένος
1362 1916 1624 1951 προσῳκειωμένους
1648 1916 1740 1952 αὐτῷ*
1764 1917 1821 1948 τοῖς
1844 1917 1901 1951 γὰρ

1110 1962 1284 1997 ἀνακρίνουσι
1299 1962 1334 1989 τὰ
1351 1962 1487 1997 ἀλλήλων,
1502 1961 1633 1989 ἀδύνατον
1658 1961 1696 1997 μὴ
1722 1961 1900 1996 εὑρίσκεσθαι

1110 2008 1257 2036 σκάνδαλα.

1144 2068 1170 2092 ι’.
1192 2065 1343 2099 Συντρίϐει
1355 2064 1464 2098 ἀπειλὴ
1477 2063 1604 2098 καρδίαν
1615 2063 1772 2097 φρονίμου.
1793 2062 1900 2098 mea;

1110 2111 1157 2138 καὶ
1171 2110 1221 2145 τῆς
1239 2111 1306 2147 πρὸς
1323 2111 1354 2137 τὺ
1368 2111 1453 2137 κακὸν
1465 2109 1555 2145 ὁρμῆς
1570 2108 1729 2136 ἀναστέλλει
1742 2107 1792 2144 τὴν
1809 2107 1900 2143 ψυχὴν

1108 2157 1155 2182 τοῦ
1171 2157 1325 2192 ὲχέφρονος,
1340 2157 1387 2183 καὶ
1409 2156 1488 2192 μόνος
1508 2154 1686 2190 ἁπειλητικὸς
1711 2154 1805 2188 λόγος·
1831 2163 1900 2190 προ-

1109 2202 1205 2237 φθάνει
1218 2203 1273 2237 γὰρ
1292 2202 1305 2228 ὁ
1328 2202 1448 2234 τοιοῦτος
1463 2201 1532 2237 ἀνὴρ
1549 2201 1598 2236 τὴν
1617 2200 1672 2228 τῶν
1687 2200 1782 2227 κακῶν
1796 2201 1897 2236 φυγὴν,

1072 2253 1094 2281 D
1109 2249 1162 2285 πρὸ
1176 2250 1225 2284 τῆς
1242 2249 1341 2285 πείρας
1360 2249 1462 2276 αὐτῶν.

1145 2305 1266 2339 ’Ἄφρων
1284 2304 1318 2331 δὲ
1338 2304 1545 2340 μαστιγωθεὶς,
1558 2305 1614 2332 οὐκ
1630 2304 1852 2331 αἱσθάνεται.’0
1869 2305 1898 2332 δὲ

1107 2350 1232 2385 ἀνόητος,
1247 2350 1294 2377 καὶ
1309 2349 1376 2384 μετὰ
1391 2349 1440 2381 τὰς
1455 2350 1676 2385 ἐπενηνεγμένας
1691 2349 1766 2384 αὐτῷ
1779 2350 1888 2385 πληγὰς

1107 2395 1163 2422 τῶν
1178 2395 1454 2432 πεπλημμελημὲνων
1470 2396 1545 2431 αὐτῷ
1567 2396 1670 2428 ἕνεκεν,
1693 2396 1743 2423 οὐκ
1765 2396 1895 2430 ἐπιγινώς

1108 2449 1167 2468 σκει
1187 2441 1260 2472 τινος
1282 2442 1362 2476 χάριν
1376 2441 1403 2467 αἱ
1418 2441 1472 2467 τῶν
1488 2441 1652 2477 πειρασμῶν
1666 2442 1813 2476 ἐπιφοραὶ,
1830 2450 1896 2475 συγ-

1107 2487 1227 2522 χωρήσει
1250 2486 1322 2522 θείᾳ,
1337 2486 1424 2521 τούτῳ
1440 2486 1588 2521 ἐπάγονται
1600 2495 1606 2502 ·
1630 2487 1780 2514 κάντεῦθεν
1795 2487 1841 2513 τὸν
1857 2487 1895 2514 οε-

1108 2533 1179 2558 κείον
1194 2532 1250 2567 βίον
1267 2532 1297 2558 οὐ
1313 2532 1428 2567 διορθοῖ,

1144 2587 1188 2614 ια’.
1207 2587 1393 2620 ’Δγτιλοτίας
1418 2586 1522 2621 ἐγείρει
1544 2586 1605 2619 πᾶς
1622 2587 1724 2619 κακός.
1745 2585 1893 2620 ’Δντιλὲγει

1107 2633 1166 2664 ταῖς
1175 2632 1222 2659 τοῦ
1232 2631 1300 2659 Θεοῦ
1316 2633 1448 2664 ἐντολαῖς,
1460 2633 1514 2664 πᾶς
1527 2632 1742 2668 προαιρούμενος
1751 2633 1781 2659 τδ
1792 2633 1890 2659 κακόν·

1108 2677 1342 2712 προφασιζόμενος
1357 2677 1508 2712 προφάσεις
1522 2679 1550 2703 ἐν
1567 2677 1726 2715 ἁμαρτία-ις.

1152 2745 1183 2771 '0
1205 2744 1239 2771 δὲ
1259 2745 1364 2778 Κύριος
1389 2744 1518 2779 ἄγγελον
1540 2743 1728 2778 areale-dyon:
1748 2743 1893 2779 ἐκπέμψῃ

1109 2789 1199 2826 αὐτῷ.
1220 2790 1249 2816 '0
1261 2790 1289 2817 δὲ
1302 2789 1350 2816 τοῦ
1360 2790 1459 2821 παντὸς
1471 2789 1607 2824 Δεσπότης
1619 2790 1695 2822 Θεὸς,
1706 2790 1893 2824 τιμωρητικὴν

1109 2836 1223 2871 δύναμιν
1253 2835 1428 2868 ἐξαποστελεῖ
1453 2835 1498 2861 ἐπ’
1520 2835 1601 2861 αὐτὸν
1617 2855 1624 2865 .
1655 2835 1892 2869 καταγγέλλουσαν

1110 2881 1195 2915 τούτῳ
1207 2881 1256 2916 τὴν
1269 2882 1327 2908 κατ’
1344 2881 1426 2908 αὑτοῦ
1444 2880 1551 2908 δικαίαν
1565 2881 1660 2908 τούτου
1675 2882 1769 2916 ὀργήν.
1792 2880 1820 2907 ’ὓ
1839 2881 1892 2915 γὰρ
