2072 3161
198 193 266 226 i357

723 192 988 222 COMMENTARII
1011 191 1050 221 ΙΝ
1073 191 1300 222 PRUVERBIA.

1764 195 1831 226 1398

195 251 319 287 ματαίως
330 249 552 286 προϐαλλόμενος
565 248 717 284 προφάσεις
728 268 736 280 ,
753 249 793 280 εἰς
802 248 833 276 τὸ
850 247 888 284 μὴ
902 250 987 275 ποιεῖν

1044 246 1091 274 Dei
1105 254 1159 274 non
1177 245 1366 282 adimplenda,
1394 247 1497 275 frustra
1509 248 1706 276 excusationes
1719 249 1830 285 allegat,

194 296 228 323 τὰ
244 295 398 322 Δεσποτικὸ.
422 293 636 329 προστάγματα,
657 293 835 329 παροργίζων
850 293 934 326 Θεὸν,
949 293 988 320 δι-

194 341 279 373 καίως
294 341 347 367 τῶν
361 341 426 376 παρ’
440 339 523 367 αὑτοῦ
541 340 670 375 πειρᾶται
685 339 809 375 πληγῶν.

231 387 274 423 ιβ’.
296 386 482 422 Ἑμπεσεῖται
489 386 617 421 μέριμνα
627 386 714 420 ἀνδρὶ
725 386 861 421 νοήμονι.
870 385 987 420 Ἑπέλοῃ

194 433 295 470 μελέτη
319 432 447 468 διηνεκὴς
471 432 582 459 πάντων
595 432 649 458 τῶν
665 432 769 458 ἐκεῖθεν
790 431 986 467 δικαστηρίων,

193 480 330 516 ἀνθρώπῳ
343 480 472 514 νουνεχεῖ,
490 479 537 506 καὶ
549 479 606 511 τοῖς
615 478 795 514 προσκαίροις
809 478 854 504 τὸν
869 478 932 504 νοῦν
950 478 988 513 μὴ

194 524 469 560 αἰχμαλωτιζομὲνῳ.
826 551 827 554 η

233 571 265 597 Ol
280 569 314 596 δὲ
330 569 460 604 ἄφρονες
473 567 697 602 διαλογιοῦνται
725 565 814 594 κακά.
843 566 875 593 0i
898 565 927 592 δὲ
949 565 986 602 μὴ

193 615 390 652 περιφέροντες
415 614 481 641 Θεὸν
499 614 528 639 ὲν
544 612 644 649 καρδίᾳ
656 633 663 645 ,
680 612 874 647 διαλογισμοὺς
896 611 987 644 ἕξουσι

194 662 341 699 πονηροὺς,
355 661 392 693 ὡς
410 661 501 696 μόνοις
517 659 712 695 προσκείμενοι
727 659 784 690 τοῖς
799 658 941 694 φθαρτοῖς.

231 710 274 741 ιγ’.
289 707 342 739 Ὃς
355 704 506 732 ἀποδώσει
524 703 603 731 κακὰ
616 704 683 732 ἀντὶ
699 703 828 738 ἀγαθῶν,
848 704 884 730 οὐ
902 711 988 736 κινη-

194 753 317 788 θήσεται
331 752 409 778 κακὰ
420 751 455 778 ἐκ
468 750 522 777 τοῦ
535 750 621 777 οἴκου
631 749 736 777 αὑτοῦ.
758 749 987 785 Νεκρωθήσονται

194 799 241 826 καὶ
254 797 456 825 ἁτεοϐαλοῦνται
470 797 518 832 τὴν
533 796 651 831 κίνησιν,
669 795 705 822 τὰ
718 795 793 830 πάθη
812 795 862 830 τῆς
886 794 986 830 σαρκὸς

193 845 242 872 τοῦ
266 844 369 880 ταύτην
395 843 603 875 ὑπωπιάζοντος
626 843 674 869 καὶ
700 841 853 875 Θλίΰοντος,
879 841 937 868 ἀνθ’
950 838 988 868 ὧν

192 890 280 918 ταῦτα
307 890 447 927 ἐπεγείρει
473 890 548 925 αὐτῷ
574 889 713 925 σαρκικῶν
737 887 929 924 ἡδυπαθειῶν·
959 887 987 914 αἳ

191 938 248 970 τοῖς
265 922 373 969 πολλοῖς
385 922 540 972 νομίζονται
556 922 708 970 avebat.“
721 922 775 970 γάρ
790 933 859 969 σὰρξ
872 934 985 970 οἰκητή·
1003 922 1024 951 Β

193 984 250 1020 ριόν
262 984 322 1010 ἐστι
336 984 387 1018 τῆς
401 982 506 1018 ψυχῆς·
524 981 558 1008 δι’
575 981 609 1017 ἣν
632 981 670 1013 ὠς
690 980 803 1016 λογικήν
821 988 850 1006 τε
869 979 916 1006 καὶ
931 988 986 1006 νοε-

194 1029 253 1065 ρὰν,
268 1028 317 1056 ἄνθ
323 1037 414 1064 ρωπος
427 1027 474 1054 καὶ
488 1027 545 1054 ἔστι
560 1027 608 1054 καὶ⁵
621 1026 730 1061 λέγεται
744 1027 760 1061 ή
765 1025 823 1061 μῶν
840 1025 966 1057 ἕκαστος.

228 1075 268 1102 ιδ’.
287 1073 449 1106 Ἰξξουσίαν
470 1073 575 1100 δίδωσι
598 1073 712 1108 λόγοις,
731 1071 809 1106 ἀρχὴ
829 1070 984 1098 δικαιοσύ-

191 1128 264 1155 νης·
283 1119 454 1154 προηγεῖται
472 1119 506 1146 δὲ
523 1118 578 1153 τῆς
594 1118 724 1151 ἐνδείας,
736 1117 846 1151 στάσις
862 1117 913 1144 καὶ
929 1116 984 1152 μᾶς

191 1177 240 1204 χη.
262 1167 433 1203 Ἐλευθερίαν
448 1167 565 1201 παρέχει
580 1166 638 1197 τοῖς
651 1165 752 1200 λόγοις,
772 1165 813 1196 είς
833 1163 864 1191 τὸ
886 1165 983 1199 ἀπερι-

192 1215 338 1247 καλύπτως
351 1214 532 1250 ἀπαγγέλλειν
546 1213 577 1240 τὸ
587 1212 699 1248 ἀληθὲς,
707 1212 738 1239 τδ
751 1213 783 1238 ὲκ
794 1211 844 1246 τῆς
855 1211 983 1247 ἐναρέτου

191 1262 328 1292 πολιτείας
339 1261 412 1288 κατὰ
426 1261 479 1288 τῶν
495 1260 590 1287 παθῶν
605 1259 705 1295 κράτος
716 1267 723 1274 ·
743 1258 838 1285 ἕπεται
849 1257 877 1284 δὲ
888 1258 921 1292 τῇ
934 1257 983 1292 τῆς

192 1309 294 1345 σαρκὸς
307 1309 376 1344 πρὸς
387 1309 417 1335 τὸ
433 1307 552 1342 πνεῦμα,
566 1306 614 1333 καὶ
627 1305 675 1332 τοῦ
688 1305 747 1341 βίου
762 1305 831 1340 πρὸς
845 1304 891 1332 τὸν
904 1304 983 1337 λόγον

190 1355 432 1385 ἀντικαταστάσει,
449 1354 465 1389 ἠ
482 1352 557 1388 παρὰ
574 1352 657 1388 μέρος
673 1351 723 1387 τῆς
744 1350 874 1386 ἀληθείας
898 1349 983 1376 ἔλλει-

189 1402 253 1437 ψις·
269 1402 333 1429 ὃταν
348 1400 402 1436 γὰρ
431 1400 468 1435 μὴ
491 1399 529 1434 τῷ
555 1399 627 1433 λόγῳ
657 1399 671 1424 ὸ
700 1397 756 1433 βίος
779 1397 981 1433 συμμαρτυρῇ,

191 1449 298 1483 ἀνάγκη
319 1446 450 1483 χωλεύειν
464 1444 582 1472 ἐνταῦθα
598 1445 648 1480 τὴν
664 1444 803 1479 ἀλήθειαν.

226 1493 268 1521 ιε’.
285 1494 338 1526 Ὃς
359 1492 477 1520 δίκαιον
500 1491 595 1525 κρίνει
616 1490 670 1518 τὸν
691 1491 806 1523 ἄδικον.
823 1490 929 1518 ἄδικον
949 1490 983 1517 δὲ

190 1539 245 1566 τὸν
257 1538 386 1570 δίκαιον,
396 1537 564 1571 ἀκάθαρτος
576 1537 624 1564 καὶ
638 1536 811 1570 ,βδελυκτὸς
820 1537 899 1571 παρὰ
910 1535 981 1569 Θεῷ.

193 1585 242 1616 Ὃς
257 1583 362 1620 νομίζει
375 1583 420 1610 τὸν
435 1584 484 1619 μὲν
501 1583 706 1620 παραϐαίνοντα
718 1583 767 1615 τὰς
783 1582 858 1615 θείας
873 1583 983 1615 ἐντολὰς

191 1629 304 1664 ἀγαθὸν,
320 1630 358 1662 ὡς
373 1630 514 1665 ἀπατῆσαι
539 1630 588 1656 καὶ
616 1628 718 1664 βλάψαι
736 1629 862 1664 ἰσχυρόν·
888 1629 934 1655 τὸν
957 1629 986 1656 δὲ

191 1675 293 1708 ταύτας
307 1675 443 1712 τηροῦντα
453 1696 461 1709 ,
486 1675 571 1702 κακὸν
586 1675 623 1707 ὡς
641 1675 811 1709 ἀνεξικάκως
829 1675 865 1702 τὰ
879 1675 989 1711 λυπηρὰ

193 1723 323 1758 φέροντα,
340 1721 390 1749 καὶ
404 1722 442 1757 τῷ
458 1722 588 1756 ἐπάγοντι
613 1721 687 1757 αὺτῴ
702 1722 790 1749 ταῦτα
814 1722 853 1758 μὴ
880 1721 989 1749 ἀντιπί-

194 1777 305 1800 πτοντα,
324 1768 452 1804 ὲμπαθής
475 1769 549 1795 ἐστιν
574 1769 589 1796 ὁ
613 1768 747 1800 τοιοῦτος·
769 1769 815 1795 καὶ
839 1768 883 1795 διὰ
909 1768 990 1795 τοῦτο

195 1815 270 1851 παρὰ
279 1815 339 1850 Θεῷ
347 1815 386 1851 τῷ
396 1815 508 1847 ἀπαθεῖ,
520 1815 645 1851 μισητός.
657 1825 666 1841 ‹
677 1815 747 1842 Οὐαὶ
753 1815 807 1851 γὰρ
814 1817 870 1847 τοῖς
876 1815 988 1850 λέγουσι

194 1861 224 1889 τὸ
240 1862 359 1898 πονηρὸν
372 1861 464 1895 καλὸν,
478 1861 525 1888 καὶ
539 1862 570 1888 τὸ
584 1861 666 1888 καλὺν
682 1862 810 1897 πονηρόν.
828 1871 838 1887 ι

229 1922 278 1952 ις’.
297 1919 358 1946 Ἵνα
369 1918 397 1946 τι
406 1918 525 1952 ὑπῆρξε
533 1918 671 1953 χρήματα
681 1918 790 1953 ἄφρονι
798 1927 808 1951 ;
817 1918 988 1952 κτήσασθαι

194 1965 249 2000 γὰρ
262 1964 376 1999 σοφίαν
397 1963 539 1998 ἁκάρὸιος
562 1964 599 1991 οὐ
622 1963 797 1998 δυνήσεται.
817 1964 897 2000 Τὶςὴ
914 1964 988 1990 αἰτία

193 2010 240 2037 τοῦ
256 2009 409 2045 κτήσασθαι
425 2009 552 2040 πλοῦτον,
579 2009 625 2035 τὸν
644 2009 681 2044 μὴ
701 2009 730 2036 ἐν
746 2009 844 2045 καρδίᾳ
859 2010 925 2036 Θεὸν
941 2018 989 2036 πε-

194 2056 358 2091 ριφέροντα;
383 2055 491 2091 Ἐπειδὴ
504 2055 540 2090 μὴ
552 2053 607 2082 οἶδε
623 2055 714 2087 καλῶς
732 2055 807 2091 αὐτῷ
822 2056 986 2092 χρήσασθαι.

199 2102 229 2128 ’0
239 2102 294 2138 γὰρ
312 2101 431 2128 ἐνταῦθα
445 2101 482 2137 μὴ
491 2102 649 2137 περιφέρων
664 2102 746 2129 αὐτον
756 2122 763 2134 ,
779 2101 837 2136 φῶς
851 2102 916 2129 ὄντα
930 2110 989 2129 νοε-

195 2147 252 2182 ρὸν,
269 2148 344 2183 σχεῖν
366 2147 503 2182 διάκρισιν
527 2144 578 2184 τὴν
602 2147 760 2184 διαιροῦσαν
783 2148 814 2175 τὸ
836 2150 926 2184 χεῖρον
940 2147 988 2175 τοῦ

196 2194 349 2229 κρείττονος
367 2194 418 2221 οὐκ
434 2193 549 2229 ἰσχύσει.

233 2251 286 2284 ’ος
302 2251 425 2286 ὑψηλὸν
437 2251 516 2278 ποιεῖ
530 2251 584 2278 τὸν
596 2251 706 2278 ἑαυτοῦ
721 2249 816 2284 οἷκον,
826 2251 905 2286 ζητεῖ
914 2260 989 2279 συν-

195 2296 313 2332 τριϐήνν
330 2298 347 2324 ό
367 2296 401 2323 δὲ
418 2295 585 2326 σκολιάζων
606 2296 660 2323 τοῦ
674 2296 792 2330 μαθεῖν,
815 2297 988 2332 ἐμπεσεῖται

195 2345 239 2376 εις
257 2342 345 2370 κακά.
363 2344 412 2375 Ὃς
427 2342 491 2377 ὑψοῖ
505 2343 534 2368 τὸ
552 2342 617 2369 [διον
640 2342 751 2377 σκῆνος,
767 2343 807 2375 εἰς
822 2343 854 2370 τὰ
868 2343 919 2378 τῆς
935 2343 988 2378 ψ.)-

196 2389 246 2423 χῆς
262 2387 491 2423 κατεπαίρεσοαι,
505 2387 584 2414 ποθεῖ
597 2387 646 2423 τὴν
660 2387 728 2414 ἰδίαν
744 2387 897 2415 ἀπώλειαν·
915 2389 964 2415 καὶ
974 2389 988 2416 ὁ

197 2432 321 2460 ἐντεῦθεν
333 2433 377 2460 διὰ
389 2433 438 2469 τὴν
449 2433 500 2468 τῆς
513 2433 674 2469 σωματικῆς
687 2433 988 2470 ἁλογίας,ὲπικράτειαν

196 2478 408 2514 ἐμποδιζόμενος
422 2479 524 2513 γνῶναι
540 2480 571 2506 τὸ
588 2479 673 2511 ὅντως
687 2479 781 2512 καλὸν,
798 2482 988 2516 περιπεσεῖται

195 2526 250 2556 τοῖς
266 2524 440 2560 φθοροποιοϊς
456 2524 582 2552 πάθεσιν.

231 2581 275 2614 ιζ’.
296 2582 349 2615 Εἰς
360 2581 459 2609 πάντα
473 2582 578 2616 καιρὸν
586 2583 676 2618 φίλος
689 2583 846 2617 ὑπαρχέτω
857 2591 917 2611 σοι.
928 2583 987 2619 Θεῷ

195 2628 347 2663 προσφιλὴς
362 2627 433 2655 εἶναι
445 2628 577 2661 σπούδαζε
588 2650 595 2662 ,
607 2629 637 2660 ὃς
647 2629 736 2656 πάντα
746 2629 792 2656 τὸν
803 2630 899 2665 χρόνον
910 2630 987 2657 ἔσται

197 2682 237 2700 σοι
257 2673 376 2709 ἀρωγός.

238 2731 375 2766 Ἀδελφοί
389 2731 424 2757 ἐν
435 2730 581 2765 ἀνάγκαις
595 2731 738 2767 χρήσιμοι
749 2732 889 2760 ἔστωσαν
898 2742 905 2750 ο
917 2734 986 2762 τού-

197 2785 251 2804 του
267 2777 322 2812 γὰρ
337 2777 426 2811 χάριν
441 2777 613 2811 γεννῶνται.
633 2779 665 2805 Ui
681 2778 709 2805 δὲ
728 2779 771 2806 διὰ
789 2780 837 2815 τὴν
853 2781 987 2815 ὀμοφυῖαν

198 2825 244 2851 καὶ
256 2824 285 2851 τὸ
296 2824 325 2851 ἓν
339 2825 379 2856 εἰς
393 2825 438 2851 τὸν
449 2825 516 2851 Θεὸν
532 2825 613 2856 σέϐας
624 2824 743 2860 ἀδελφοὶ,
759 2826 872 2862 θάτερος
881 2827 987 2863 θατέρῳ

199 2870 330 2906 βοηθείτω
346 2871 375 2898 ὲν
393 2871 585 2905 περιστάσεσι·
601 2871 697 2898 τούτου
720 2872 775 2908 γὰρ
798 2873 892 2900 ἕνεκεν
916 2873 987 2901 κατά

198 2926 227 2944 τε
239 2917 287 2953 τὴν
301 2916 381 2952 φύειν
394 2918 440 2945 καὶ
456 2919 504 2954 τὴν
521 2917 600 2954 χάριν
613 2917 643 2946 τὸ
657 2918 788 2954 ςυγγενὲς
804 2919 911 2956 ἔχουσιν
924 2928 930 2936 ·
947 2921 987 2948 ἵν’

1041 293 1155 322 irritans
1171 293 1258 321 Deum
1275 293 1310 321 ab
1326 293 1386 329 ipso
1397 293 1473 330 juste
1490 294 1576 331 plagis
1592 299 1724 324 tentatur.

1073 385 1209 412 Vsus.12.
1229 383 1289 412 Viro
1304 385 1426 419 prudenti
1438 386 1586 414 incumbent
1601 395 1682 414 συν-ω.
1695 386 1831 415 Continua

1038 435 1202 458 cunctorum
1231 431 1399 466 iudiciorum
1419 433 1537 468 desuper
1564 440 1630 460 cura
1648 434 1757 462 devenit
1773 433 1832 462 viro

1040 477 1170 512 prudenti
1184 477 1231 512 qui
1248 484 1327 504 suam
1346 482 1467 505 mentem
1483 478 1566 506 rebus
1581 479 1766 514 praesentibus
1774 487 1832 507 ser‘

1038 523 1131 550 viliter
1149 523 1269 550 additam
1281 531 1336 551 non
1352 527 1440 552 tenet.

1075 570 1237 605 lnsipientes
1251 576 1340 599 autem
1364 571 1434 598 male
1453 571 1655 607 colloquuntur.
1673 572 1725 606 Qui
1739 578 1831 601 autem

1039 616 1067 643 in
1084 617 1166 645 corde
1180 624 1235 645 non
1251 617 1342 645 ferunt
1357 618 1441 646 Deum
1456 619 1595 654 colloquia
1613 619 1754 647 habebunt
1769 628 1831 655 pcr-

1038 670 1131 694 versa.
1145 668 1276 696 tanquam
1298 664 1352 691 soli
1374 664 1555 700 subiacentes
1567 666 1742 701 corruptela».

1073 707 1158 736 Vens.
1186 709 1229 737 l3.
1252 709 1305 742 Qui
1330 718 1378 743 pro
1398 711 1473 738 bonis
1498 711 1571 738 mala
1596 710 1697 745 reddet,
1710 712 1784 739 illius
1799 720 1832 739 ea;

1038 754 1117 781 domo
1138 754 1210 782 mala
1225 764 1277 782 non
1291 755 1412 783 exibunt.
1430 756 1832 786 illortiiicabuuturdestituen-

1039 805 1139 834 turque
1157 804 1232 827 motu
1249 801 1342 828 carnis
1355 801 1500 835 passiones
1518 801 1546 828 in
1563 809 1596 829 eo
1611 802 1658 837 qui
1675 802 1746 830 hanc
1763 803 1832 830 allii-

1039 846 1082 881 git
1105 854 1137 874 ac
1159 847 1265 874 cruciat
1288 855 1338 882 pro
1355 848 1514 876 carnalibus
1533 848 1568 876 ab
1584 848 1646 877 istis
1661 849 1713 876 sibi
1729 857 1831 885 suppe-

1039 891 1135 919 ditatis
1150 891 1352 926 voluptatibus,
1365 899 1426 927 qua:
1438 899 1454 919 a
1469 892 1566 920 multis
1580 897 1716 921 vocantur
1731 894 1830 924 bonae:

1041 943 1109 964 caro
1126 937 1198 965 enim
1206 937 1400 965 habitaculum
1423 942 1467 966 est
1487 939 1596 971 animae,
1607 947 1657 974 per
1673 947 1768 975 quam,
1787 945 1831 968 ut-

1039 987 1101 1017 pote
1115 983 1276 1012 rationalem
1291 988 1318 1012 et
1332 984 1541 1020 intelligentem,
1554 986 1745 1022 unusquisque
1777 995 1830 1015 no-

1039 1033 1127 1058 strnm
1145 1036 1173 1059 et
1190 1036 1233 1059 est
1248 1035 1274 1059 et
1289 1031 1494 1059 diciturbomo.

1078 1077 1162 1105 Vens.
1181 1076 1224 1104 14.
1244 1077 1406 1104 Potestatem
1420 1081 1531 1111 prastat
1556 1077 1721 1105 sermonibus
1739 1082 1831 1105 aucto-

1038 1126 1105 1152 ritas
1117 1124 1223 1152 cirtutis
1235 1131 1245 1155 ,'
1255 1124 1380 1158 prwcedit
1396 1128 1485 1151 autent
1493 1123 1624 1159 defectum
1634 1124 1727 1151 seditio
1743 1129 1768 1152 et
1782 1132 1831 1159 pu-

1043 1180 1105 1207 gna.
1120 1170 1286 1198 Libertatem
1307 1169 1409 1204 praebet
1424 1169 1612 1202 sermonibus,
1631 1170 1665 1197 ad
1678 1175 1772 1205 aperte
1785 1179 1831 1198 ve-

1040 1225 1101 1245 rum
1121 1216 1355 1248 annuntiandum,
1371 1224 1433 1251 quae
1449 1224 1481 1244 ex
1495 1216 1557 1243 vitae
1570 1216 1719 1244 virtutibus
1733 1221 1831 1245 contra

1037 1264 1182 1300 passiones
1205 1262 1294 1290 oritur
1314 1266 1448 1296 petestas.
1468 1261 1601 1297 Sequitur
1623 1266 1715 1290 autem
1735 1263 1829 1291 carnis

1038 1309 1172 1336 adversus
1182 1308 1311 1344 spiritum
1326 1312 1354 1335 et
1368 1307 1431 1336 vita;
1449 1312 1548 1336 contra
1563 1309 1697 1336 rationem
1713 1309 1828 1342 luctam,

1039 1362 1053 1381 a
1068 1354 1193 1382 veritatis
1207 1358 1286 1388 parte
1297 1352 1418 1380 defectio
1435 1362 1442 1381 :
1461 1360 1524 1381 cum
1541 1354 1614 1381 enim
1629 1354 1730 1382 rationi
1749 1354 1829 1382 ιριςιί-

1037 1400 1160 1428 monium
1179 1400 1235 1426 vita
1261 1407 1315 1426 non
1335 1398 1435 1431 reddit,
1446 1398 1546 1427 exinde
1562 1400 1706 1428 veritatem
1722 1400 1828 1428 claudi-

1036 1454 1100 1475 care
1123 1454 1239 1474 necesse
1258 1450 1312 1474 est.

1071 1493 1156 1522 Vens.
1172 1493 1216 1521 15.
1233 1493 1286 1525 Qui
1301 1493 1431 1527 injustam
1440 1492 1828 1529 judicatiustum,justumqn¢

1036 1540 1178 1576 injustam,
1188 1539 1315 1567 scelestus
1339 1544 1364 1566 et
1380 1538 1567 1566 abominabilis
1589 1545 1649 1567 ante
1667 1540 1761 1567 Deum.
1775 1540 1828 1574 Qui

1038 1587 1131 1614 divina
1153 1585 1284 1613 mandata
1306 1585 1554 1620 transgredientem
1572 1590 1653 1613 vocat
1672 1586 1774 1613 bonum
1792 1587 1829 1615 ad

1039 1630 1228 1666 decipiendam
1267 1629 1529 1665 impediendamque
1567 1635 1753 1665 potestatem;
1781 1630 1829 1658 illa

1039 1683 1104 1704 vero
1121 1675 1334 1706 custodientem,
1360 1675 1461 1702 malum
1477 1694 1485 1707 ,
1510 1679 1603 1710 utpote
1625 1676 1760 1711 patienter
1771 1683 1830 1704 mo-

1038 1723 1107 1750 lesta
1132 1722 1279 1754 ferentem,
1303 1726 1331 1749 et
1349 1721 1387 1748 illi
1409 1721 1456 1756 qui
1473 1721 1599 1756 congerit
1621 1722 1674 1749 ista
1695 1721 1748 1749 sibi
1773 1729 1830 1750 non

1039 1768 1225 1800 resistentem,
1244 1767 1308 1795 talis
1334 1767 1449 1795 libidine
1463 1775 1554 1795 czeens
1570 1773 1623 1800 est,
1637 1772 1664 1795 et
1680 1767 1742 1795 ideo
1758 1767 1830 1803 apud

1039 1814 1124 1842 Deum
1135 1813 1182 1849 qui
1195 1813 1324 1848 passione
1333 1820 1387 1840 non
1399 1816 1525 1840 movetur
1542 1813 1663 1840 odiosus.
1677 1822 1686 1839 ‹
1698 1812 1742 1840 νεε
1756 1814 1830 1842 enim

1039 1860 1164 1894 iniquum
1183 1859 1342 1887 dicentibus
1356 1859 1470 1892 bonum,
1488 1863 1515 1886 et
1527 1859 1628 1887 bonum
1644 1859 1755 1886 malum.
1774 1869 1783 1886 ι

1077 1915 1158 1942 Vsus.
1171 1915 1215 1942 16.
1234 1914 1268 1942 Ut
1280 1915 1344 1950 quid
1360 1914 1519 1942 obvenerunt
1532 1915 1694 1950 imprudenti
1708 1916 1808 1944 divitia:
1819 1917 1832 1944 3’

1038 1962 1135 1989 Amen:
1147 1962 1217 1988 enim
1236 1961 1396 1996 sapientiam
1408 1969 1564 1995 comparare
1581 1970 1632 1989 non
1643 1964 1749 1995 poterit.
1765 1962 1832 1996 Quae

1039 2015 1123 2035 causa
1149 2007 1260 2035 divitias
1281 2006 1441 2041 possidendi
1468 2007 1492 2033 ei
1520 2007 1568 2042 qui
1594 2008 1677 2034 Deum
1697 2008 1723 2035 in
1749 2007 1832 2036 corde

1038 2061 1092 2081 non
1105 2053 1213 2089 gestat?
1232 2053 1376 2088 Siquidem
1389 2054 1507 2081 eishcne
1528 2054 1566 2080 uti
1579 2053 1678 2081 nescit.
1694 2053 1745 2088 Qui
1757 2054 1830 2081 enim

1039 2099 1140 2127 ibidem
1153 2107 1208 2127 non
1219 2103 1308 2134 gestat
1325 2099 1413 2134 illum,
1434 2099 1481 2135 qui
1499 2099 1591 2126 lumen
1603 2103 1647 2127 est
1663 2099 1837 2135 p.rudcuti:e..

1036 2145 1170 2180 judicium
1193 2145 1264 2181 quod
1282 2145 1362 2182 pejus
1377 2153 1393 2172 a
1408 2145 1523 2173 meliore
1550 2145 1688 2174 discernit
1704 2145 1832 2173 obtinere

1039 2200 1094 2220 non
1113 2192 1225 2228 poterit.

1077 2251 1131 2284 Qui
1147 2249 1230 2277 altam
1246 2249 1312 2284 facit
1327 2249 1435 2276 domum
1445 2249 1621 2284 suamqtuerit
1634 2249 1830 2279 contritionem;

1041 2301 1067 2325 et
1083 2297 1128 2331 qui
1139 2296 1173 2322 ad
1187 2295 1355 2329 disciplinam
1371 2303 1422 2322 non
1434 2299 1502 2321 recte
1518 2294 1600 2321 tendit
1617 2295 1643 2321 in
1658 2294 1730 2321 mala
1743 2294 1829 2325 cadet.

1039 2342 1091 2376 Qui
1107 2350 1188 2369 suum
1213 2341 1318 2368 exaltat
1337 2341 1558 2375 tabernaculum,
1578 2346 1608 2369 ut
1625 2343 1749 2377 insurgat
1770 2342 1834 2369 ani—

1040 2395 1096 2419 ma.
1113 2395 1192 2416 suam
1216 2386 1356 2415 desiderat
1375 2387 1502 2421 ruinam;
1522 2392 1551 2414 et
1571 2388 1619 2423 qui
1638 2388 1749 2419 eximie,
1766 2395 1830 2414 car-

1039 2434 1094 2461 nali
1111 2433 1229 2460 amentia
1241 2433 1417 2468 praevalente,
1433 2440 1448 2460 a
1466 2433 1659 2468 cognoscendo
1673 2441 1737 2461 vere
1757 2434 1830 2462 bono

1040 2480 1198 2516 impeditur,
1212 2479 1239 2507 in
1259 2480 1390 2508 exitiosus
1407 2481 1558 2515 passiones
1574 2480 1686 2508 incidet.

1075 2584 1157 2612 Vens.
1184 2584 1226 2612 i7.
1251 2583 1284 2610 In
1308 2591 1384 2610 omne
1409 2588 1509 2618 tempus
1529 2585 1632 2611 amicus
1650 2584 1683 2612 sit
1698 2585 1753 2612 tibi.
1775 2585 1830 2613 Dm

1038 2631 1155 2658 dilectus
1172 2638 1235 2659 esse
1255 2631 1352 2662 stude,
1385 2630 1431 2665 qui
1455 2630 1531 2657 muni
1553 2635 1677 2666 tempore
1700 2631 1753 2659 erit
1779 2631 1828 2658 tibi

1038 2677 1195 2705 auxiliator.

1075 2734 1187 2762 Fratres
1198 2735 1226 2762 in
1246 2734 1448 2762 necessitatibus
1468 2734 1549 2762 utiles
1562 2735 1615 2762 sint
1629 2742 1638 2762 :
1652 2735 1747 2762 adhoc
1758 2736 1827 2762 enim

1037 2780 1096 2808 nati
1107 2785 1178 2808 sunt.
1190 2780 1242 2814 Qui
1255 2781 1498 2816 consanguinitate
1509 2780 1661 2816 eademque
1670 2789 1733 2816 erga
1743 2781 1827 2809 Deum

1038 2827 1173 2862 religione
1192 2832 1256 2854 sunt
1281 2827 1382 2855 fratres
1407 2828 1435 2855 in
1463 2828 1679 2856 necessitatibus
1695 2827 1827 2854 auxilium

1039 2882 1112 2902 unus
1130 2874 1209 2902 alteri
1231 2879 1362 2910 praestent
1377 2883 1383 2901 :
1399 2875 1433 2902 ad
1452 2875 1503 2903 hoc
1517 2875 1591 2903 enim
1611 2880 1708 2902 natura
1724 2875 1843 2909 gratia~

1037 2928 1091 2956 quc
1112 2921 1413 2958 consanguinei‘sunt,
1432 2927 1478 2956 ut,
1503 2922 1576 2951 sicut
1599 2923 1679 2950 unius
1704 2920 1839 2949 trcmbu
