2072 3161
255 171 325 203 1399

903 169 1080 200 PROCOPII
1098 169 1220 199 GAZ/EI

1824 167 1895 199 l-iOO

251 227 393 263 corporis,
424 231 506 262 caput
530 226 659 254 habentis
689 225 849 257 Christum,
875 225 905 252 in
932 229 1048 260 temport

1107 226 1143 257 ὡς
1156 226 1214 257 ἑνὸς
1231 225 1299 260 μέλη
1317 225 1454 260 σώματος,
1464 223 1585 260 κεφαλὴν
1600 223 1706 258 ἔχοντος
1718 223 1763 250 τὸν
1775 224 1896 259 Χριστὸν

252 273 427 300 necessitatis
441 272 492 299 sibi
506 276 603 298 mutuo
618 271 797 298 auxiliantur.

290 318 370 344 Vens.
386 317 430 344 18.
447 316 492 342 Vir
507 317 635 350 insipiens
649 315 754 349 plaudit
768 313 968 349 congaudetque
982 315 1042 346 sibi,

253 368 281 390 ut
292 364 336 399 qui
347 363 487 397 sponsione
499 362 638 397 spopondit
656 369 704 396 pro
717 361 802 387 antica
820 369 879 387 suo.
896 359 983 387 llomo
998 361 1044 395 qui

253 417 304 437 nec
323 418 371 437 sua
388 417 438 436 nec
455 409 571 435 aliorum
586 406 730 434 comtuoda
742 407 814 441 sapit
828 427 836 439 ,
851 406 894 433 sui
913 413 1008 433 amans
1018 411 1045 432 et

253 463 309 483 non
330 456 385 483 Deo
410 455 548 490 placitus,
569 453 675 489 plaudit
700 453 810 487 quidem
834 456 862 479 et
892 451 1046 487 congautlet

254 502 307 530 sibi
325 502 358 529 de
376 502 409 529 iis
430 509 491 536 quae
505 501 571 528 dicit
587 505 614 527 et
640 500 713 535 agit:
734 498 966 534 quemadmodum
992 499 1045 526 sibi

254 550 408 583 gratulatur
433 547 467 574 de
494 547 635 581 voluptate
657 545 751 572 carnis
777 552 834 572 sua:
855 545 974 576 dilectae,
996 544 1044 579 qui

253 595 324 621 hanc
349 593 457 620 tandem
475 592 503 619 in
525 597 616 619 actum
638 591 812 621 tradendam,
830 594 861 616 ut
876 590 982 616 virtttte
997 589 1044 616 de-

253 640 352 671 bitum,
374 637 501 673 spondet,
519 645 569 665 net:
585 637 619 664 ad
631 637 824 664 mandatorum
839 636 1043 663 exsecutionem

254 692 313 712 eam
329 684 462 712 stimulat.

289 775 323 802 Et
350 783 428 810 super
449 775 523 802 labia
539 783 590 802 sua
610 775 717 810 viasque
731 782 795 802 suae
812 775 898 810 ignem
914 774 1045 801 thesauri-

257 827 310 849 παι.
327 821 360 848 Ει
373 822 463 850 verbis
483 827 510 848 et
525 821 663 852 moribus,
681 828 728 855 per
741 825 826 848 totam
843 820 932 856 ipsius
948 821 1042 852 vitam,

256 868 346 901 ignem
370 872 502 895 aeternum
519 867 572 894 sibi
596 867 778 898 thesaurizat,
798 867 849 893 etsi
871 866 905 894 de
928 866 961 893 iis
983 873 1045 901 «tua:

256 915 315 948 ipse
326 917 436 949 reputat
447 914 518 941 bona
533 913 651 940 laetetur.

294 1004 376 1032 Vens.
394 1004 437 1031 19.
457 1004 509 1037 Qui
520 1005 635 1039 peccatis
647 1004 807 1037 delectatur,
824 1003 921 1039 gaudet
938 1003 1047 1037 jurgiia.

256 1050 448 1079 Perversitatis
462 1058 558 1078 amans
574 1057 710 1085 perversae
721 1057 853 1077 sensuum
866 1049 934 1084 legis
949 1049 1049 1075 adver-

257 1105 304 1124 sus
329 1097 443 1131 spiritus
475 1097 561 1132 legem
596 1097 749 1125 rebellione
773 1097 875 1132 gaudet
905 1097 1050 1131 ipsamque

257 1143 364 1178 peccati
380 1143 582 1177 instigatricem
597 1143 818 1173 scnsualitatem,
832 1142 933 1177 spiritu
949 1140 1050 1168 fortio-

257 1197 313 1216 rem
331 1189 462 1223 reddens,
480 1197 558 1217 suam
573 1190 723 1225 peruicietu
736 1189 846 1224 quaerit.

294 1302 345 1334 Qui
370 1301 472 1328 exultat
492 1302 588 1327 ostium
611 1308 703 1334 suum,
717 1301 813 1334 qua’rit
835 1299 953 1326 ruinam.
974 1298 1052 1326 Sicut

258 1349 331 1375 enim
346 1347 522 1382 voluptarius
536 1354 550 1372 a
565 1346 619 1373 Deo
635 1352 747 1381 propter
758 1346 850 1372 carnis
863 1345 978 1372 delicias
994 1344 1051 1373 dis-

259 1393 342 1425 cedit,
355 1393 391 1418 ita
408 1395 435 1418 et
451 1392 598 1426 superbus,
619 1395 732 1425 propter
747 1390 844 1417 auituze
855 1390 1050 1424 ignorantiam,

259 1438 344 1466 Deum
368 1437 502 1464 bonorum
518 1436 639 1463 omnium
659 1441 801 1462 auctorem
822 1442 884 1462 esse
910 1435 1050 1468 nesciens,

258 1484 376 1518 ideoque
388 1482 440 1510 sibi
459 1489 572 1517 magnos
585 1489 732 1509 successus
749 1481 923 1508 adscribeus.

296 1540 378 1567 Vens.
391 1538 437 1565 20.
454 1537 505 1572 Qui
521 1538 588 1565 duro
609 1537 687 1565 corde
702 1542 754 1570 est,
769 1545 821 1564 nou
833 1537 949 1564 occurrit
963 1536 1050 1564 bouis.

1100 271 1223 308 βοηθοῖεν
1242 271 1368 306 ἀλλήλοις
1388 273 1416 298 ὲν
1436 271 1531 307 χρείας
1550 270 1649 306 καιρῷ.

1135 318 1180 354 ιη’.
1198 317 1284 351 Ἀνὴρ
1298 317 1401 352 ἄφρων
1421 317 1574 350 ἐπικροτεῖ
1595 316 1642 343 καί
1664 316 1813 350 ἐπιχαίρει
1825 316 1897 342 ἑαυ-

1098 365 1148 398 τῷ,
1161 365 1201 398 ὠς
1216 366 1264 392 καὶ
1280 364 1467 400 ἐγγυώμενος
1480 364 1572 398 ἐγγύῃ
1589 363 1642 390 τὸν
1653 363 1763 390 ἑαυτοῦ
1790 363 1896 397 φίλων.

1101 412 1262 447 Ἀνθρωπος
1277 413 1290 438 ὁ
1310 411 1347 446 μὴ
1361 411 1469 446 φρονῶν
1482 411 1517 437 τὰ
1534 410 1624 445 ἐαυτῷ
1638 409 1685 436 καὶ
1702 409 1806 445 ἑτέροις
1824 418 1899 444 συμ-

1100 459 1228 494 φέροντα,
1244 458 1417 493 αὖτάρεσκος
1443 458 1574 493 ὑπάρχων
1599 457 1647 484 καὶ
1676 456 1714 491 μὴ
1736 456 1897 491 θεάρεστος,

1099 505 1283 539 ὲπικαυχᾶται
1300 504 1349 539 μὲν
1362 504 1410 530 καὶ
1425 504 1602 538 εὐφραίνεται
1619 502 1720 536 ἑαυτῷ,
1736 501 1779 536 ἐφ’
1792 499 1833 532 οἷς
1848 500 1901 527 λέ-

1099 558 1142 584 γει
1163 558 1193 576 τε
1217 550 1265 576 καὶ
1289 551 1380 581 ποιεῖ,
1410 549 1536 584 καθάπερ
1559 547 1758 582 ἐπαγγέλλεται
1775 549 1808 582 τῇ
1832 547 1900 582 ἠδυ-

1098 596 1200 632 πιθείᾳ
1209 596 1256 622 τοῦ
1267 594 1433 632 προσφιλοῦς
1445 594 1528 621 αὑτοῦ
1541 594 1668 630 σαρκίον,
1677 593 1724 620 καὶ
1732 595 1745 620 ό
1756 593 1835 620 τοῦτο
1846 593 1900 619 ἐπὶ

1098 642 1170 669 τέλει
1195 642 1341 668 ἀποδοῦναι
1357 641 1428 668 κατὰ
1444 640 1545 676 πρᾶξιν
1568 640 1599 667 τὸ
1623 640 1703 675 χρέος
1719 639 1769 674 τῆς
1791 639 1900 674 ἀρετῆς

1098 686 1283 722 ἐγγυώμενος,
1299 686 1346 712 καὶ
1364 686 1401 721 μὴ
1414 684 1573 721 διερεθίζων
1589 685 1656 712 αὐτὸ
1670 684 1738 720 πρὸς
1761 684 1900 720 ἐργασίαν

1098 731 1153 758 τῶν
1172 731 1298 758 ἐντολῶν.

1140 775 1206 803 Ἐπὶ
1222 775 1257 802 δὲ
1268 776 1329 802 τῶν
1344 776 1454 803 ἑαυτοῦ
1468 774 1595 810 χειλέων
1611 775 1659 802 καὶ
1677 774 1756 802 ὁδῶν
1768 774 1828 808 πῦρ
1841 775 1901 807 θη-

1098 820 1240 854 σαυρίζει.
1258 821 1302 847 Ἐν
1324 821 1352 847 δὲ
1375 821 1431 852 τοῖς
1444 820 1510 855 παρ’
1522 820 1586 855 ὅλην
1601 819 1685 846 αὑτοῦ
1699 819 1748 854 τὴν
1762 818 1835 853 ζωὴν
1851 818 1902 844 16-

1098 875 1157 900 γοις
1172 874 1202 892 τε
1218 866 1265 892 καὶ
1280 865 1491 901 ἐπιτηδεύμασι,
1507 866 1538 892 τὸ
1552 864 1662 892 αἰώνιον
1678 865 1901 900 ἁποθησαυρῑζει

1065 913 1086 940 Β
1101 912 1157 948 πῦρ
1174 912 1280 948 ἑαυτῷ,
1297 912 1348 939 κᾶν
1363 913 1446 948 χαίρῃ
1468 912 1516 939 ἐπὶ
1534 911 1639 944 τούτοις
1654 911 1690 943 ὡς
1706 912 1902 947 νομιζομένοις

1101 958 1175 994 αὐτῴ
1195 959 1319 992 ἀγαθοῖς.

1138 1003 1180 1029 ιθ¹.
1201 1004 1438 1038 Φιλαμαρτήμων
1450 1003 1546 1038 χαίρει
1554 1002 1676 1038 μάχαις.
1692 1003 1721 1029 'U
1732 1003 1781 1039 τῆς
1794 1003 1902 1034 κακίας

1100 1049 1217 1084 ἐραστὴς
1243 1050 1457 1085 ἐπευφραίνεται
1484 1050 1545 1080 ταῖς
1571 1049 1729 1084 κατάὖτὴν
1749 1049 1795 1076 τοῦ
1811 1048 1901 1084 νόμου

1100 1095 1150 1130 τῆς
1166 1095 1318 1130 αἰσθήσεως
1334 1096 1402 1132 πρὸς
1419 1095 1465 1122 τὸν
1489 1095 1573 1131 νόμον
1589 1095 1637 1121 τοῦ
1660 1095 1721 1126 νοὸς
1746 1096 1902 1122 ἀντικατα-

1103 1141 1240 1173 στάσεσιν,
1257 1141 1305 1168 καὶ
1328 1141 1415 1176 αὐτὴν
1443 1141 1491 1176 τὴν
1515 1141 1567 1176 τῆς
1591 1141 1729 1176 ἁμαρτίας
1744 1141 1901 1175 εἰσαγωγὴν

1102 1187 1228 1221 αἴσθησιν
1251 1186 1486 1221 ἐπικρατεστέραν
1509 1187 1596 1213 ποιῶν
1614 1187 1662 1212 τοῦ
1678 1186 1748 1219 νοὸς,
1770 1187 1902 1222 ἐπιζητεῖ

1102 1233 1151 1268 τὴν
1173 1233 1240 1259 ἰδίαν
1259 1233 1410 1260 ἀπώλειαν.

1144 1290 1246 1325 ’Υψῶν
1260 1291 1356 1324 θύραν
1369 1291 1491 1324 ἑαυτοῦ,
1513 1290 1594 1324 ζητεῖ
1603 1290 1778 1324 συθ-τριϐήν.
1791 1290 1901 1325 Ὥσπερ

1102 1338 1156 1373 γὰρ
1178 1339 1192 1364 ὁ
1214 1338 1372 1372 φιλήδονος,
1388 1337 1456 1363 Θεοῦ
1471 1337 1618 1371 ἀφίσταται
1641 1336 1685 1363 διὰ
1709 1336 1810 1372 σαρκος
1831 1337 1901 1371 ἡδυ-

1104 1384 1220 1410 πάθειαν
1233 1393 1239 1398 ·
1257 1384 1327 1410 οὓτω
1339 1384 1386 1410 καὶ
1397 1384 1411 1410 ὁ
1426 1383 1609 1418 αὐτάρεσκος,
1626 1383 1669 1410 διὰ
1684 1383 1774 1418 ψυχῆς
1786 1382 1900 1416 ἄγνοιαν

1105 1429 1143 1466 μὴ
1159 1429 1235 1461 είδὼς
1252 1430 1318 1456 Θεὸν
1334 1427 1404 1456 εἶναι
1421 1430 1531 1456 πάντων
1545 1429 1599 1455 τῶν
1613 1428 1704 1456 καλῶν
1717 1430 1804 1455 αἴτιον
1813 1449 1820 1462 ,
1834 1429 1900 1454 κάν·-

1102 1476 1198 1502 τεῦθεν
1218 1476 1307 1511 ἑαυτῷ
1327 1476 1489 1511 ἐπιγράφων
1507 1475 1542 1501 τὰ
1559 1474 1771 1511 κατορθώματα.

1138 1537 1173 1560 κ’.
1192 1533 1222 1559 '0
1238 1533 1272 1559 δὲ
1292 1532 1533 1566 σκληροκάρδιος
1544 1552 1552 1564 ,
1567 1533 1602 1559 οὺ
1614 1531 1751 1565 συναντᾷ
1764 1531 1898 1566 ἀγαθοῖς.

259 1582 310 1616 Qui
325 1583 475 1610 secttttdttnt
493 1583 613 1609 animam
630 1582 670 1609 sic
685 1582 837 1609 indurescit
853 1586 879 1608 et
893 1586 990 1608 contra
1006 1581 1048 1608 di-

1107 1580 1136 1607 '0
1149 1580 1171 1606 δ’
1182 1579 1253 1606 οὕτω
1265 1579 1335 1606 κατὰ
1348 1579 1438 1614 ψυχὴν
1454 1578 1684 1614 σκληρυνόμενος,
1700 1578 1748 1604 καὶ
1765 1578 1833 1613 πρὸς
1846 1578 1899 1610 τὰς

259 1629 338 1656 vinas
353 1630 426 1664 leges
437 1629 607 1661 recalcitrat,
622 1628 796 1655 obvenientia
814 1628 898 1662 justis
910 1628 981 1655 bona
994 1635 1049 1654 non

260 1674 404 1701 obtinebit.

301 1729 347 1755 Vir
365 1729 455 1764 lingua
472 1728 617 1760 versatilis,
641 1728 739 1755 incidet
763 1730 789 1755 in
811 1729 895 1756 mala.
912 1729 964 1761 Qui
985 1736 1051 1756 suas

261 1782 323 1801 cum
341 1773 396 1801 Deo
411 1774 620 1805 conventiones,
638 1773 665 1800 in
684 1778 842 1800 sanctorqu
861 1774 951 1809 ipsius
972 1782 1051 1801 mau-

261 1819 388 1846 datorum
410 1820 602 1847 observatione
627 1824 795 1853 constantes,
815 1824 914 1851 mutat,
939 1821 965 1847 iu
989 1828 1052 1856 pas-

262 1865 355 1892 siones
370 1865 527 1900 ignominiu:
541 1865 661 1892 decidet.

298 1921 380 1948 Vnus.
397 1920 444 1947 21.
471 1920 524 1948 Cor
542 1927 633 1948 autent
647 1922 797 1956 insipientis
815 1923 865 1949 erit
889 1922 1050 1957 possidentis

261 1967 328 1994 illud
347 1967 486 1994 maestitia.
505 1967 603 1994 Auitua
620 1967 681 2002 ejus
689 1968 735 2002 qui
749 1968 831 1995 Deum
848 1975 898 1995 nec
915 1968 990 1994 timet
1001 1975 1052 1994 nec

261 2011 350 2047 diligit
366 2012 484 2046 ideoque
497 2013 571 2039 circa
585 2012 713 2040 mandata
729 2013 848 2048 superba
857 2013 1053 2047 dedignatioue

261 2061 315 2089 est,
332 2057 473 2084 continuis
493 2058 671 2085 conscientite
681 2059 950 2094 exprobrationibus,
965 2058 1053 2093 ipsius

262 2103 347 2130 ultrix
364 2103 431 2130 erit.

300 2158 361 2185 Non
381 2158 489 2185 [celatur
509 2166 585 2192 pater
602 2161 634 2186 de
649 2161 707 2194 ﬁlio
723 2160 932 2194 indisct‘plinato.
949 2161 1053 2196 Impru-

261 2204 337 2232 denti
361 2205 578 2232 ratiocinatione
599 2214 654 2233 non
677 2207 779 2242 gaudet
802 2209 920 2241 animus,
942 2209 1005 2243 quia
1020 2217 1051 2236 ex

1103 1626 1178 1657 θείας
1194 1625 1349 1652 ἁντιτυπῶν
1368 1625 1478 1655 ἐντολὰς
1489 1644 1496 1656 ,
1511 1624 1565 1651 τῶν
1581 1624 1769 1659 ἀποκειμένων
1783 1625 1840 1655 τοῖς
1860 1624 1900 1650 δι-

1102 1674 1190 1705 καίοις
1210 1674 1261 1700 οὐκ
1280 1673 1412 1708 ἐπιτυχὴς
1430 1672 1535 1707 γίνεται
1554 1671 1676 1706 ἀγαθῶν.

1145 1730 1234 1764 Ἀνὴρ
1256 1729 1458 1764 εὐμετάϐολος
1479 1729 1605 1764 γλώσσῃ
1619 1749 1626 1760 ,
1654 1728 1828 1763 ἐμπεσεῖται
1856 1729 1899 1760 εἰς

1102 1775 1190 1804 κακά.
1209 1776 1238 1802 '0
1263 1775 1381 1807 εὐκόλως
1406 1775 1521 1802 ἀλλοιῶν
1545 1774 1596 1806 ’τὰς
1621 1776 1661 1806 είς
1680 1775 1746 1801 Θεὸν
1762 1774 1900 1809 συνθήκας

1102 1822 1194 1854 αὑτοῦ,
1210 1821 1238 1848 αἳ
1254 1821 1382 1857 τηρήσεις
1399 1821 1453 1848 τῶν
1477 1821 1562 1855 ἁγίων
1581 1821 1666 1848 αὑτοῦ
1682 1821 1752 1847 εἰσιν
1771 1820 1898 1852 ἐντολῶν,

1104 1867 1219 1894 πάθεσιν
1236 1868 1350 1902 ἀτιμίας
1369 1869 1572 1903 περιπεσεῖται.

1139 1927 1191 1951 κα¹.
1212 1923 1325 1958 Καρδία
1349 1923 1384 1950 δὲ
1406 1923 1548 1959 ἄφρονος,
1566 1923 1659 1958 ὀδύνη
1671 1923 1712 1956 τῷ
1727 1924 1900 1958 κεκτημένῳ

1104 1970 1211 2003 αὑτήν.
1231 1970 1263 1996 Ἡ
1280 1970 1353 2005 ψυχὴ
1368 1970 1415 1996 τοῦ
1430 1970 1468 2005 μὴ
1483 1970 1564 2005 φόὅον
1582 1970 1653 1996 θεῖον
1669 1971 1837 2006 κεκτημένου
1850 1971 1898 1997 καὶ

1104 2016 1186 2043 πόθον
1196 2037 1203 2049 ,
1223 2017 1370 2043 κάντεῦθεν
1384 2016 1630 2054 καταιερονητικῶς
1646 2016 1818 2052 διακειμένου
1831 2017 1898 2052 περὶ

1103 2063 1153 2095 τὰς
1167 2063 1287 2097 ἐντολὰς,
1303 2064 1422 2099 τιμωρὸς
1436 2063 1510 2090 ἔσται
1526 2063 1609 2090 αὑτοῦ
1622 2065 1679 2096 τοῖς
1689 2063 1735 2090 τοῦ
1748 2063 1898 2095 συνειδότος

1105 2108 1255 2140 ἀνενδότοις
1277 2109 1408 2144 ἐλέγχοις.

1142 2165 1202 2192 Οὐκ
1225 2165 1414 2199 εὐφραίνεται
1444 2165 1543 2199 πατὴρ
1574 2165 1622 2192 ἐπὶ
1643 2165 1698 2197 υἱῷ
1716 2165 1897 2197 ἀπαιδεύτῳ.

1105 2211 1143 2237 Οὐ
1161 2211 1250 2246 χαίρει
1265 2211 1327 2242 νοῦς
1348 2212 1394 2238 ἐπὶ
1417 2211 1540 2247 λογισμῷ
1572 2212 1705 2247 ἀσυνέτῳ,
1731 2212 1772 2238 ὃτι
1798 2213 1831 2238 ὲκ
1847 2213 1896 2247 τῆς

262 2249 444 2276 sensualitate
461 2250 617 2285 subadjuva
634 2251 757 2286 spuriam
775 2252 882 2287 sibique
903 2253 1047 2281 absimileu

1109 2257 1271 2293 ὑπηρέτιδος
1289 2257 1382 2284 τούτου
1403 2258 1568 2293 αἰσθήσεως,
1583 2258 1661 2285 νόθον
1678 2259 1726 2285 καὶ
1746 2259 1836 2294 ἐαυτῷ
1850 2260 1897 2285 ἀνι

261 2293 336 2320 illam
349 2294 457 2329 genuit.

300 2358 388 2386 Filius
410 2365 498 2387 autem
515 2361 620 2395 sapiens
637 2369 712 2387 suam
727 2366 837 2388 matram
853 2362 987 2396 (tati/ictu.
1003 2361 1052 2388 Ju-

263 2405 364 2432 dicium
387 2410 478 2433 autem
502 2406 636 2440 prudcns,
655 2407 785 2441 operibus
802 2407 916 2441 justitize
934 2407 1053 2434 laetiﬁcat

263 2450 517 2486 sapicntiam,quze,
531 2459 563 2478 ex
581 2451 674 2478 animo
697 2458 840 2483 consorte,
857 2452 935 2485 illud,
949 2459 1050 2487 praece-

263 2498 310 2529 pta
323 2494 411 2529 ipsius
427 2496 519 2522 omnia
535 2496 689 2531 compleus,
706 2497 821 2531 peperit.

298 2595 382 2624 Vsus.
397 2595 441 2623 2‘2.
458 2595 511 2623 Cor
527 2596 619 2623 lwtum
635 2597 723 2624 valere
738 2597 814 2632 facit.
834 2598 931 2624 Anima
945 2605 1053 2632 semper

263 2641 464 2676 lmtatauquam
480 2642 668 2670 indesinenter
677 2651 759 2670 orans
776 2647 806 2670 ut
822 2651 877 2670 non
896 2652 985 2675 suam,
1003 2643 1050 2670 sed

263 2688 350 2715 solam
369 2687 417 2715 Dei
442 2688 610 2715 voluntatem
632 2693 755 2723 quaerat,
782 2689 899 2724 ideoque
922 2689 949 2716 in
977 2689 1050 2716 omni

262 2733 483 2766 circumstantia,
497 2739 523 2760 et
538 2733 560 2760 si
573 2734 662 2762 tristis
676 2739 760 2767 esset,
773 2735 875 2770 gratias
891 2735 1050 2770 agat,vale-

262 2779 385 2808 tudinem
402 2780 460 2807 suis
471 2780 602 2815 pntentiis
616 2781 732 2808 confert.

299 2881 421 2910 [lautitiis
437 2887 525 2909 autem
554 2882 638 2909 tristis
660 2882 829 2910 at‘siccantur
856 2891 928 2911 ossa.
951 2883 1049 2911 Mentis

1106 2302 1201 2337 ὀμοιον
1214 2302 1308 2329 τοῦτον
1327 2303 1472 2329 ἀπέτεκεν.

1144 2358 1211 2390 Υἱὸς
1229 2358 1264 2385 δὲ
1291 2359 1445 2393 φρόνιμος,
1475 2361 1628 2394 εὐφραίνει
1651 2361 1766 2394 μητέρα
1789 2361 1894 2387 αὐτοῦ.

1105 2404 1244 2439 Λογισμὸς
1258 2404 1279 2430 δ’
1297 2405 1432 2440 ἐχέφρων,
1447 2406 1545 2440 τέρπει
1556 2405 1600 2432 διὰ
1614 2406 1668 2432 τῶν
1687 2406 1737 2440 τῆς
1753 2406 1892 2432 δικαιοσὺ-

1104 2458 1152 2484 νης
1171 2449 1261 2484 ἔργων
1288 2450 1338 2486 τὴν
1366 2451 1554 2478 ἁποτεκοῦσαν
1580 2451 1674 2478 τοῦτον
1702 2452 1824 2479 σύνοικον
1849 2453 1895 2479 τοῦ

1104 2494 1150 2521 νοῦ
1177 2495 1291 2529 σοφίαν,
1319 2496 1368 2528 τὰς
1395 2497 1539 2532 ὑποθήκας
1572 2498 1674 2533 ταύτης
1705 2499 1796 2530 πάσας
1823 2499 1894 2533 πλη-

1107 2549 1172 2576 ρων.

1139 2600 1192 2634 κβ’.
1216 2601 1327 2635 Καρδίιι
1338 2603 1570 2638 εὐφραινομένη,
1585 2605 1719 2631 εὐεκτεῖν
1735 2605 1823 2633 ποιεῖ.
1835 2606 1894 2632 ‘Fu-

1104 2646 1138 2682 χὴ
1160 2647 1276 2674 πάντοτε
1292 2649 1434 2684 χαίρουσα,
1446 2649 1485 2680 ὡς
1494 2649 1673 2681 ἀδιαλείπτως
1687 2651 1894 2686 προσευχομένη

1103 2692 1187 2718 διὰτὸ
1201 2692 1238 2728 μὴ
1258 2693 1288 2720 τὸ
1306 2694 1382 2725 ἴδιον,
1396 2694 1465 2721 ἀλλὰ
1482 2695 1561 2730 μόνον
1586 2696 1617 2722 τὸ
1636 2696 1683 2722 τοῦ
1705 2696 1772 2722 Θεοῦ
1801 2696 1894 2730 ζητεῖν

1103 2737 1210 2773 θέλημα
1223 2747 1229 2754 ·
1243 2739 1390 2766 κάντεῦθεν
1408 2742 1436 2767 ὲν
1448 2742 1530 2768 παντὶ
1546 2743 1742 2777 συναντήματι,
1755 2742 1805 2769 κᾶν
1817 2743 1893 2769 ἀνια-

1105 2783 1150 2817 ρὸν
1170 2784 1212 2818 εἴη
1227 2784 1411 2820 εὐχαριστεῖν,
1433 2787 1569 2814 ἀπάθειαν
1596 2789 1656 2819 ταῖς
1688 2788 1788 2822 ἑαυτῆς
1816 2797 1895 2823 περι-

1104 2831 1220 2856 ποιεῖται
1233 2830 1377 2866 δυνάμεσι,

1144 2885 1260 2920 Ὰνὸρὸς
1275 2887 1458 2921 δὲλυπημοῦ
1479 2889 1650 2924 ξηραίνεται
1674 2889 1759 2918 ὀστᾶ.
1788 2889 1842 2916 Τοῦ
