2072 3161
194 191 260 224 1401

744 189 1016 220 COMMENTARII
1038 189 1079 219 IN
1099 189 1315 219 PROVERBIA
1321 211 1328 219 .

1764 189 1833 220 1402

191 249 395 287 προσκειμένου
410 249 471 280 νοὸς
488 247 679 284 προσκαίροις,
702 247 750 274 καὶ
774 247 821 274 ἐπὶ
834 248 867 283 τῇ
883 246 981 273 τούτω»

1040 246 1224 281 praesentibus
1255 246 1427 281 subjacentis
1447 249 1474 273 et
1496 246 1531 274 de
1550 254 1647 274 corum
1681 247 1833 275 amissione

191 296 344 331 ἀνιωμένου
357 295 455 331 φθορᾷ,
467 294 502 321 τὰ
516 295 700 329 διανοήματα,
715 293 733 321 ἃ.
744 294 823 329 δίκην
836 293 924 319 ὀστῶν
938 293 987 319 αὐ-

191 343 237 368 τὸν
249 342 434 378 ὑπερείδουσι,
452 341 502 376 τῆς
514 340 652 375 ζωογόνου
667 339 857 376 πνευματικῆς
883 338 986 370 νοτίδος

191 389 364 424 ἐστέρηνται.

227 445 280 479 κγ’.
296 443 463 478 Λαμϐάνων
479 443 559 477 δῶρα
572 443 607 469 ἐν
620 443 723 475 κόλπῳ
732 442 850 476 ἀδίκως,
862 443 898 470 οὐ
915 451 985 470 κατ-

190 490 350 519 ευοδοῦται
363 491 397 517 ἐν
424 489 506 523 ὁδοῖς
518 497 525 504 ”
542 489 676 516 ἐκκλίνει
693 489 747 524 γὰρ
765 488 856 522 ὀδοὺς
877 488 987 516 δικαιο-

191 539 299 572 σύνης.
320 537 350 564 '0
374 536 601 572 παραλαμϐάνων
634 536 704 571 μετὰ
736 535 928 571 περιχαρείας,
948 534 985 566 ὥς

189 592 250 610 τινα
265 583 350 618 δῶρα,
371 583 400 609 ἐν
419 582 459 617 τῷ
474 581 547 608 κατὰ
563 580 684 608 διάνοιαν
698 580 806 616 ταμείῳ
829 581 879 616 τῆς
896 580 985 616 ψυχῆς

190 629 356 664 ἁδιακρίτως
375 629 426 660 τὰς
443 628 498 655 τῶν
519 628 654 664 δαιμόνων
673 628 818 663 ἀπατηλὰς
831 628 983 663 ὑποθήκας,

190 675 240 710 οὐχ
254 675 377 711 εὑρίσκει
394 675 423 701 ὲν
438 676 498 707 ταῖς
518 674 604 702 αὐτοῦ
628 674 744 710 πράξεσι
762 675 839 706 τέλος
865 675 897 700 τδ
913 674 985 708 ἀγα-

191 722 417 757 θον-ἐπειδήπερ
450 721 637 757 ἀπολιμπάνει
666 721 715 752 τὰς
737 720 911 756 δικαιοτέρας
936 720 984 747 τοῦ

189 769 257 795 θεοῦ
280 768 408 801 ἐντολὰς,
422 768 451 796 αἳ
477 768 547 803 πρὸς
570 767 653 795 αὑτὸν
676 768 789 802 ἄγουσιν
810 767 849 799 ὡς
870 767 984 803 ἔσχατον

189 814 313 849 ὀρεκτόν.

224 872 274 900 κδ’.
299 872 466 907 Πρόσωπον
489 872 631 903 συνετὸν,
659 871 770 906 ἀνδρὸς
800 872 910 906 σοφοῦ.
929 871 984 898 Τοῦ

1037 292 1158 319 dolentis
1183 291 1385 326 cogitationes,
1413 300 1475 327 qua:
1491 292 1566 320 velut
1585 300 1648 321 ossa
1670 293 1833 321 sutl‘ulciunt

1038 338 1123 370 illaut,
1141 338 1296 365 viviﬁcante
1313 338 1428 372 spiritus
1443 338 1559 367 humore
1578 339 1777 367 destituuntur.

1078 451 1156 471 νειις.
1168 444 1214 471 ‘25.
1227 449 1261 470 In
1272 444 1334 470 sinu
1349 452 1460 471 munera
1478 444 1604 480 colligens
1618 445 1727 480 injuste,
1737 447 1764 473 in
1782 447 1832 473 viis

1037 499 1091 517 non
1104 496 1284 525 prasperatur
1299 498 1308 518 :
1323 492 1440 518 declinat
1454 492 1524 519 enim
1546 502 1562 519 a
1579 493 1627 520 viis
1637 494 1761 528 justitiw.
1778 494 1831 527 Qui

1036 543 1099 564 cum
1111 537 1299 565 exsultatione
1306 536 1381 564 velut
1393 537 1517 572 qumdam
1527 539 1598 565 dona
1609 539 1636 565 in
1648 538 1830 566 intellectuali

1037 582 1137 610 animae
1161 582 1319 609 conditorio
1337 581 1451 610 fallaces
1476 581 1609 610 daemonis
1632 584 1830 611 instructiones

1037 628 1187 656 indiscrete
1202 629 1311 663 recipit,
1325 629 1354 656 in
1372 629 1505 664 operibus
1526 630 1585 657 suis
1601 638 1655 657 non
1671 629 1776 657 invenit
1790 630 1830 658 fe-

1036 674 1116 702 licem
1130 674 1234 702 exitum
1248 683 1255 708 ;
1271 675 1408 710 siquidem
1422 676 1772 711 transgrediturjnstiores
1783 677 1831 705 Dei

1037 721 1111 756 leges
1136 728 1198 756 qua:
1215 721 1248 747 ad
1272 715 1350 748 illum
1369 725 1500 756 tanquam
1519 721 1554 749 ad
1570 722 1755 750 desideratum
1776 726 1832 750 εει-ς

1035 766 1142 793 minum
1157 766 1272 793 ducunt.

1072 868 1157 895 Vens.
1182 868 1228 896 24.
1258 868 1383 897 Hominis
1404 870 1535 903 sapientis
1557 871 1642 905 facies
1666 872 1826 908 intelligens.

190 917 298 953 ἔχοντος
308 918 355 944 τὸν
366 916 413 944 τοῦ
429 917 498 944 Θεοῦ
512 917 610 952 Λόγον,
625 916 675 952 τὴν
691 917 857 951 αὖτοσοφίαν
865 917 981 950 ἕνοικον,

1035 914 1111 942 Illius
1122 915 1168 949 qni
1181 914 1228 942 Dei
1241 915 1374 947 Verbum,
1390 916 1554 951 sapientiam
1572 918 1670 952 ipsam,
1689 919 1715 946 in
1730 924 1829 947 semet-

191 963 405 1000 συνεσταλμένος
417 964 432 990 ὁ
448 963 522 999 βίος·
540 963 568 995 ὃς
586 963 637 999 τὴν
650 964 741 998 ἀφανῆ
753 964 804 998 τῆς
819 963 909 998 ψυχῆς
931 971 982 998 χα-

192 1011 352 1048 ρακτηρίζει
369 1010 510 1037 διάθεσιν·
532 1010 677 1045 ἐγκρατῶς
705 1010 754 1045 μὲν
780 1011 838 1041 τοῖς
863 1009 982 1044 παροῦσι

189 1055 345 1090 χρωμένου,
363 1054 418 1080 τῶν
429 1053 458 1080 δὲ
474 1053 628 1089 μελὶόντων
649 1053 749 1086 ὑλικῶς
765 1055 858 1089 τυχεῖν
882 1055 982 1088 ἀγωνι-

190 1100 316 1136 ζομένου.

221 1160 253 1185 Ul
270 1157 305 1184 δὲ
319 1157 469 1193 ὀφθαλμοί
480 1157 535 1185 τοῦ
552 1157 695 1192 ἄφρονος,
708 1158 755 1184 ἐπ’
770 1157 848 1192 ἄκρα
863 1157 929 1194 γῆς.
948 1159 981 1185 Αἰ

188 1204 210 1231 δ“
224 1204 300 1238 ὗψεις
315 1204 362 1230 τοῦ
382 1204 421 1239 μὴ
443 1203 509 1230 Θεὸν
530 1203 727 1239 περιφέροντος
756 1205 784 1231 ἐν
810 1205 920 1240 καρδίᾳ,
948 1204 998 1231 τὰ.

189 1250 298 1286 πέρατα
320 1249 499 1277 διασκοποῦσι
533 1249 585 1285 τῆς
611 1250 678 1285 γῆς,
695 1251 718 1276 εί
742 1250 853 1277 δυνατὸν
880 1250 982 1286 ταύτην

189 1296 358 1332 περιλαϐεῖν,
373 1298 420 1323 καὶ
435 1297 527 1331 πάσης
542 1297 673 1324 δεσπόσαι
693 1298 790 1332 αὐτῆς.

224 1357 274 1381 κε’.
295 1354 384 1388 Ὀργὴ
402 1353 502 1387 πατρί,
524 1353 590 1386 υίὸς
610 1353 723 1388 ἄφρων.
748 1353 786 1380 Τὸ
806 1353 866 1380 κατ’
883 1353 981 1380 ἐπιθυ-

191 1401 254 1436 μίαν
272 1401 456 1436 ὑφιστάμενον
475 1401 611 1436 διανόημα
624 1402 656 1427 ἐκ
670 1401 830 1436 παραλόγου
855 1401 902 1427 τοῦ
919 1400 981 1432 νοὸς

191 1447 259 1482 μετὰ
277 1447 326 1482 τῆς
338 1446 491 1481 αἰσθήσεως
506 1446 679 1481 συμπλοκῆς,
696 1445 771 1481 αὐτῷ
799 1446 849 1481 μὲν
869 1445 909 1481 τῷ
930 1445 981 1478 νοῒ,

188 1493 226 1524 ὡς
248 1492 355 1528 πατρὶ,
390 1492 536 1528 παραίτιον
566 1492 672 1526 γίνεται
695 1492 771 1523 θείας
797 1492 899 1527 ὀργῆς·
921 1493 982 1527 ἥτις

189 1538 320 1574 ἀνακωχὴ
335 1538 386 1573 τῆς
401 1537 534 1574 χορηγίας
553 1538 609 1564 τῶν
632 1538 827 1573 πνευματικῶν
847 1538 983 1573 χαρισμά-

190 1593 244 1611 των
256 1584 343 1611 ἐστίν.

225 1640 280 1668 Καὶ
297 1640 390 1674 ὀδύνη
401 1639 438 1674 τῇ
444 1641 576 1675 τεκούσῃ
590 1641 695 1668 αὐτόν.
710 1640 749 1676 Τῇ
763 1639 791 1666 δὲ
806 1639 980 1676 ἁποτεκούσῃ

190 1686 270 1713 τοῦτο
284 1686 420 1722 αἰσθήσει,
435 1684 479 1713 οἷα
494 1687 589 1722 μητρὶ,
601 1686 697 1722 ὀδύνην
710 1687 895 1721 περιποιεῖται
910 1693 916 1699 ”
930 1686 980 1712 πό-

190 1742 246 1765 νοις
262 1732 401 1765 ἁκουσίοις
415 1733 610 1768 δαμαζομένης
623 1732 674 1767 τῆς
690 1732 802 1767 σαρκὸς,
818 1733 890 1759 κατὰ
905 1732 982 1759 θείαν

191 1778 366 1815 συγχώρησιν
380 1779 419 1810 ὡς
440 1779 473 1806 ἂν
493 1779 642 1812 ἐπιγνῶσιν
669 1779 763 1814 ἄμφω,
780 1779 795 1806 ὃ
810 1788 840 1806 τε
854 1780 916 1811 νοῦς
935 1780 982 1806 καὶ

191 1826 207 1860 ἡ
223 1825 359 1860 αἴσθησις,
376 1825 413 1860 μὴ
423 1825 590 1860 παρανόμως
614 1825 741 1860 ἀλλήλοις
762 1826 980 1861 συμπλέκεσθαι,

190 1872 237 1900 καὶ
251 1872 312 1900 ἀντὶ
329 1873 431 1908 ἀρετῆς
446 1872 548 1899 κακίαν
562 1873 726 1908 ἀπογεννᾷν.

224 1928 281 1960 ις’.
297 1927 436 1962 Ζημιοῦν“
445 1927 542 1961 ἄνδρα
553 1927 679 1961 δίκαιον,
698 1929 734 1955 οὐ
749 1929 855 1955 καλόν.
867 1928 904 1955 Τὸ
912 1929 981 1956 ἀπο-

190 1975 296 2009 στερεῖν
315 1973 418 2009 ᾀρετῆς
431 1973 478 1999 τὸν
501 1972 605 2008 ταύτης
627 1973 855 2009 ἐπιμελούμενον,
877 1974 924 2000 καὶ
942 1975 980 2006 εἰς

187 2022 222 2047 τὰ
235 2021 296 2047 κατ’
316 2019 436 2054 ἔλλειψιν
450 2019 537 2054 αὐτῆς
560 2019 739 2055 περιτρέπειν
757 2020 843 2056 πάθη.
859 2020 910 2047 οὐκ
922 2019 980 2047 ἔστι

189 2067 282 2100 καλὸν,
301 2067 354 2093 κᾶν
366 2066 411 2093 διὰ
427 2066 458 2092 τὺ
472 2066 544 2092 λεῖον
559 2058 722 2114 τῆςήέονῆς
743 2065 815 2092 οὕτω
831 2066 908 2102 δοκῇ.

225 2132 303 2160 Οὐδὲ
320 2132 407 2160 ὅσιον
421 2132 631 2159 ἐπιϐουλεύειν
656 2131 822 2164 δυνάσταις
842 2131 979 2165 δικαίοις.

189 2179 242 2206 Οὐδ
257 2179 331 2205 ὅσιον
346 2178 473 2214 ὑπάρχει,
499 2179 530 2205 τὸ
548 2178 609 2205 καθ’
627 2178 781 2214 ὑπερϐολὴν
806 2180 856 2214 τῆς
880 2179 980 2214 ἀρετῆς

188 2225 275 2256 πάθος
284 2224 456 2251 ἐπιτίθεσθαι
470 2225 527 2256 τοῖς
545 2225 595 2260 τὴν
624 2225 774 2260 ἐπιθυμίαν
792 2225 846 2252 τῶν
862 2226 923 2253 κατ’
938 2225 980 2252 αι’-

187 2271 284 2306 σθησιν
304 2271 390 2306 ἡδέων
416 2271 556 2306 νικήσασι,
585 2271 632 2297 καὶ
661 2271 902 2298 καθυποτάσσουσι
930 2271 979 2307 τὴν

188 2317 278 2353 σάρκα
300 2316 340 2352 τῷ
357 2316 493 2350 πνεύματι
509 2316 542 2342 δι’
561 2317 694 2352 ἐργασίας
708 2317 762 2344 τῶν
776 2317 824 2358 “tot;
844 2318 911 2344 Θεοῦ
935 2319 980 2344 ἐν·

186 2362 292 2389 τολῶν·
311 2361 429 2398 λαθραία
453 2362 508 2397 γάρ
534 2363 607 2388 ἐστιν
633 2362 739 2398 ἐχθρῶν
758 2363 813 2389 ἀπὸ
833 2363 923 2396 δεξιᾶς
949 2364 979 2390 τὸ

185 2409 306 2435 τοιοῦτον
326 2408 459 2440 ἐπίθεσις.
483 2408 563 2435 Ἀλλὰ
585 2408 668 2435 καλὸν
686 2409 735 2444 μὲν
760 2409 870 2441 πάντως
892 2409 978 2443 ἐστὶν,

186 2453 230 2482 οἷα
243 2456 356 2488 δίκαιον,
371 2456 401 2483 τὸ
419 2456 489 2483 κατὰ
504 2456 549 2482 τὸν
565 2456 680 2490 φυσικὸν
695 2455 777 2492 νόμον
792 2456 838 2482 καὶ
851 2457 896 2483 τὸν
911 2465 979 2491 γρα-

186 2502 262 2535 πτὸν,
284 2505 371 2530 ποιεῖν
385 2513 446 2530 τινα
460 2505 501 2535 εἷς
517 2503 640 2539 ἐτέρους,
657 2504 671 2530 ὃ
686 2504 734 2530 καὶ
747 2504 788 2536 εἰς
803 2504 899 2531 ἑαυτὸν
911 2504 976 2539 παρ’

185 2549 299 2576 ἐκείνων
314 2549 436 2584 γίνεσθαι
450 2550 533 2583 θέλει,
554 2551 602 2578 καὶ
617 2551 729 2586 ἀγαπᾷν
750 2551 796 2577 τὸν
812 2550 925 2586 πλησίον
939 2551 976 2583 ὡς

184 2596 281 2623 ἑαυτόν
293 2604 300 2611 ·
314 2597 387 2623 ὅσιον
399 2596 428 2623 δὲ
447 2597 477 2623 τὸ
495 2598 567 2624 κατὰ
582 2597 627 2624 τὸν
641 2597 829 2632 πνευματικὸν
847 2597 925 2629 αὖθις
934 2598 978 2624 νό-

186 2650 246 2678 μον,
261 2643 373 2678 ἁγαπᾷν
387 2643 451 2674 τοὺς
475 2642 601 2678 ἐχθροὺς,
623 2644 671 2669 καὶ
690 2643 781 2675 καλῶς
804 2644 890 2670 ποιεῖν
921 2645 978 2675 τοῖς

186 2689 312 2723 μισοῦσιν
321 2688 403 2716 αὐτόν
413 2697 421 2704 ·
440 2688 488 2715 καὶ
500 2688 587 2720 οὕτως
597 2689 737 2723 διαμένειν
755 2689 900 2723 ἄτρεπτον.
915 2690 978 2716 Πει-

186 2734 295 2770 σθῶμεν
312 2735 402 2762 τοίνυν
419 2734 480 2770 Θεῷ
502 2734 540 2771 τῷ
560 2734 648 2762 ταῦτα
665 2736 888 2772 νομοθετήσαντι,
904 2736 978 2766 ὅπως

186 2780 348 2817 κληρονόμοι
363 2782 414 2816 τῆς
431 2780 513 2807 αὑτοῦ
538 2780 679 2815 βασιλείας
699 2780 859 2817 γενώμεθα·
875 2782 923 2808 καὶ
941 2781 978 2817 μὴ

185 2829 385 2866 ὑπακούσωμεν
395 2830 435 2865 τῷ
453 2829 583 2865 διαϐόλῳ,
599 2831 746 2865 ἐκτρέπειν
767 2831 840 2866 ἡμᾶς
855 2831 978 2866 ὲπειχει-

187 2875 276 2911 ροῦντι
291 2877 340 2911 τῆς
353 2877 454 2913 ἀρετῆς
470 2878 509 2909 εἰς
530 2878 564 2905 τὰ
587 2877 648 2904 κατ’
663 2872 784 2912 enatam
805 2877 909 2912 ταύτης
930 2877 978 2903 καὶ

1034 962 1095 996 ipso
1117 961 1211 993 habet,
1239 962 1412 996 compositus
1433 967 1477 990 est
1503 963 1613 991 vivendi
1635 965 1751 997 modus,
1780 966 1829 1001 qui

1034 1008 1203 1036 invisibilem
1230 1008 1329 1036 animas
1351 1012 1454 1036 statum
1484 1011 1668 1038 manifestat:
1686 1012 1828 1040 moderate

1034 1054 1144 1089 quidem
1171 1054 1258 1081 utitur
1287 1055 1470 1088 praesentibus
1485 1075 1492 1087 ,
1516 1056 1564 1084 sed
1586 1057 1713 1085 obtinere
1736 1058 1829 1086 futura

1033 1101 1148 1128 omnino
1164 1100 1318 1129 contendit.

1070 1156 1148 1184 Oculi
1163 1161 1253 1184 autem
1267 1157 1344 1185 stulti
1354 1157 1387 1183 ad
1405 1162 1524 1184 extrema
1541 1163 1628 1186 terras.
1643 1158 1721 1187 Oculi
1735 1164 1827 1187 autem

1033 1201 1095 1238 ejus
1110 1203 1157 1238 qui
1179 1202 1264 1230 Deum
1277 1203 1304 1230 in
1323 1207 1436 1237 pectore
1454 1211 1508 1230 non
1531 1209 1629 1238 gestat,
1650 1205 1718 1232 lines
1735 1210 1827 1237 terrae,

1034 1257 1068 1276 an
1082 1249 1213 1284 possibile
1230 1249 1266 1276 sit
1281 1257 1340 1277 eam
1371 1250 1606 1284 comprehendere
1621 1251 1700 1286 eique
1715 1251 1764 1278 toti
1780 1252 1830 1279 do-

1034 1296 1144 1328 minari,
1168 1297 1407 1332 perspeculantur.

1078 1352 1160 1381 Vens.
1172 1353 1218 1380 25.
1235 1353 1282 1380 Ira
1291 1353 1362 1388 patri
1383 1353 1456 1388 ﬁlius
1469 1354 1580 1382 stultus,
1602 1353 1727 1382 Errantis
1743 1355 1828 1381 animi

1034 1400 1176 1435 cogitatio,
1187 1400 1332 1428 desideriis
1345 1401 1507 1436 subjacens,
1523 1400 1702 1428 concurrenli
1713 1407 1828 1428 sensua-

1034 1446 1122 1478 litate,
1137 1446 1189 1481 ipsi
1204 1446 1316 1481 quidem
1331 1447 1435 1479 animo,
1454 1451 1584 1482 tanquam
1609 1446 1692 1481 patri,
1707 1445 1827 1472 divinant

1035 1492 1153 1527 inspirat
1170 1492 1251 1525 iram,
1269 1500 1332 1527 quae
1356 1493 1431 1520 velut
1445 1492 1567 1519 anchora
1580 1492 1667 1526 jacta,
1684 1491 1828 1527 dirigenti-

1034 1538 1087 1566 bus
1101 1538 1218 1573 spiritus
1232 1539 1324 1572 donis,
1337 1539 1463 1574 quaedam
1481 1539 1564 1566 statio
1576 1544 1629 1566 est.

1070 1649 1103 1677 Et
1119 1651 1198 1678 dolor
1216 1651 1241 1678 ei
1251 1659 1309 1686 qua:
1324 1651 1412 1686 genuit
1433 1659 1504 1678 eum.
1524 1650 1580 1678 lluc
1602 1655 1692 1678 autem
1710 1660 1827 1680 sensua-

1033 1696 1101 1724 lilati
1123 1697 1253 1731 parienti,
1273 1702 1302 1723 ut
1319 1697 1412 1729 matri,
1430 1704 1577 1724 maerorem
1603 1697 1745 1731 producit:
1771 1697 1828 1725 Deo

1033 1743 1210 1778 permittente
1234 1750 1344 1771 carnem
1372 1743 1468 1770 invitis
1491 1742 1633 1770 laboribus
1661 1743 1778 1777 domari,
1797 1750 1826 1771 ut

1033 1793 1186 1824 agnoscant
1201 1788 1299 1827 ambo,
1307 1789 1416 1816 animus
1424 1789 1532 1817 scilicet
1547 1793 1574 1816 et
1584 1790 1761 1823 sensualitas,
1773 1798 1825 1818 n0n

1032 1834 1176 1869 illegitimo
1202 1834 1328 1868 amplexu
1366 1834 1542 1862 commisceri
1572 1841 1623 1862 nec
1639 1835 1698 1863 loco
1718 1836 1827 1863 virtutis

1033 1879 1197 1914 pravitatem
1214 1887 1358 1914 generare.

1070 1935 1154 1963 Vens.
1169 1936 1215 1964 26.
1229 1936 1339 1965 Lwdere
1354 1939 1460 1973 justum
1476 1947 1527 1965 non
1546 1943 1586 1966 est
1599 1939 1706 1966 bonum.
1723 1939 1746 1966 A
1770 1939 1826 1967 vir.

1033 1986 1093 2018 tute
1105 1982 1223 2010 avellere
1236 1983 1284 2018 qui
1298 1984 1394 2012 virtuti
1409 1985 1512 2018 studet,
1532 1993 1655 2020 eumque
1667 1985 1700 2012 ad
1717 1987 1824 2020 passio-

1033 2034 1082 2054 nes
1096 2027 1142 2054 ubi
1156 2027 1245 2055 virtus
1262 2028 1355 2056 deﬁcit
1370 2029 1507 2060 deducere
1531 2037 1586 2056 non
1606 2033 1649 2058 est
1664 2030 1777 2064 bonum,
1803 2032 1825 2058 i-

1032 2077 1076 2100 cet
1090 2073 1125 2101 ob
1141 2073 1317 2102 dulcedinem
1332 2075 1482 2110 voluptatis
1495 2076 1535 2103 sic
1546 2076 1683 2103 videatur.

1069 2142 1125 2170 Nec
1144 2147 1244 2171 rectum
1261 2144 1347 2179 justls
1363 2145 1528 2180 principibus
1550 2145 1688 2174 insidiari.
1704 2146 1763 2173 Non
1783 2153 1827 2175 est

1032 2197 1138 2225 a-quum
1157 2198 1241 2218 onera
1258 2192 1370 2219 virtutis
1382 2199 1466 2227 supra
1480 2193 1591 2220 modum
1604 2193 1658 2221 illis
1672 2194 1826 2228 imponere,

1033 2235 1081 2270 qui
1107 2237 1278 2265 sensualium
1294 2238 1468 2273 voluptatum
1485 2239 1625 2273 desideria
1649 2240 1775 2267 vicerunt
1799 2245 1826 2268 et

994 2277 1019 2306 D
1033 2290 1143 2310 carnem
1161 2291 1240 2310 suam
1257 2284 1367 2318 spiritui
1380 2285 1413 2312 ad
1431 2285 1560 2312 mandata
1577 2285 1623 2313 Dei
1650 2286 1823 2321 adimplenda

1032 2329 1222 2356 submiserunt
1237 2338 1244 2357 :
1264 2329 1318 2357 hoc
1335 2331 1408 2357 enim
1437 2331 1615 2359 inimicorum
1632 2340 1646 2359 a
1663 2333 1768 2360 dextris
1786 2333 1824 2360 la-

1031 2379 1092 2402 tens
1106 2379 1149 2402 est
1165 2375 1255 2404 dolus.
1269 2375 1337 2403 Illud
1359 2380 1450 2403 autent
1464 2382 1506 2404 est
1518 2377 1628 2412 quidem
1644 2379 1757 2405 omnino
1772 2378 1822 2405 bo-

1032 2428 1107 2453 num,
1121 2420 1194 2448 sicut
1208 2421 1324 2456 justum,
1347 2422 1420 2457 quod
1433 2423 1495 2457 quis
1508 2423 1587 2458 juxta
1605 2423 1692 2459 legem
1707 2428 1822 2450 natura—

1031 2465 1084 2493 lem
1104 2471 1131 2494 et
1148 2467 1234 2502 legem
1253 2468 1385 2502 scriptam
1402 2469 1428 2495 in
1447 2469 1516 2496 alios
1532 2473 1595 2504 agat
1612 2469 1686 2504 quod
1699 2470 1739 2497 ab
1762 2470 1824 2497 aliis

1033 2513 1085 2540 sibi
1104 2513 1162 2540 ﬁeri
1179 2514 1265 2548 cupit,
1277 2519 1303 2542 et
1319 2515 1475 2549 proximum
1491 2517 1565 2543 sicut
1585 2517 1705 2551 seipsum
1716 2517 1823 2551 diligat;

1032 2563 1157 2587 sanctum
1171 2565 1274 2592 autem,
1285 2562 1357 2595 quod
1368 2561 1442 2596 quis,
1451 2562 1527 2596 juxta
1542 2561 1714 2597 spiritualem
1725 2563 1824 2597 legent,

1031 2605 1160 2633 inimicos
1176 2606 1274 2641 diligat
1286 2612 1312 2634 et
1327 2606 1486 2635 odientihus
1499 2615 1529 2635 se
1542 2607 1714 2640 benefaciat;
1733 2611 1762 2634 ut
1784 2607 1825 2635 sic

1032 2655 1194 2678 constanter
1223 2656 1392 2686 permaneat.
1412 2652 1560 2681 Pareamus
1585 2653 1670 2688 igitur
1697 2653 1752 2681 Deo
1772 2653 1823 2680 ista

1032 2695 1223 2730 praecipienti.
1248 2701 1278 2724 ut
1307 2697 1429 2725 haeredes
1454 2698 1514 2733 ejus
1541 2699 1618 2734 regni
1642 2699 1729 2726 simus
1747 2707 1754 2725 :
1769 2706 1823 2725 non

1033 2745 1124 2768 autem
1145 2743 1318 2774 praebeamus
1335 2744 1547 2772 auremdiabolo
1566 2745 1614 2780 qui
1630 2753 1681 2772 nos
1694 2752 1708 2771 a
1722 2745 1824 2771 virtute

1033 2785 1061 2812 in
1083 2786 1228 2821 passiones
1247 2788 1292 2815 ubi
1312 2794 1378 2816 sunt
1393 2788 1507 2816 virtutis
1520 2789 1647 2817 defectus
1663 2790 1705 2816 vel
1725 2797 1824 2817 exces-

1033 2839 1093 2864 sus,
1109 2837 1236 2860 avertere
1253 2837 1383 2868 conatur,
1403 2842 1437 2862 ne
1456 2834 1484 2862 in
1499 2835 1591 2871 ignem
1608 2834 1661 2870 ipsi
1676 2838 1704 2862 et
1719 2833 1824 2867 angelis

1032 2877 1092 2912 ejus
1104 2878 1232 2912 paratum
1251 2879 1439 2909 demittantur.

186 2920 338 2957 ὑπερδο).ὴν
361 2921 434 2958 πάθη
450 2931 456 2939 ·
494 2924 536 2951 ἵνα
561 2923 599 2960 μὴ
621 2923 868 2960 παραπεμφθῶμεν
894 2925 934 2955 εἰς
955 2923 1010 2959 πῦρ
1035 2924 1065 2950 τὸ
1089 2925 1293 2962 ἡτοιμασμένον
1313 2927 1387 2962 αὺτῷ
1409 2927 1454 2955 καὶ
1486 2929 1542 2959 τοῖς
1567 2927 1692 2961 ἀγγέλοις
1728 2923 1822 2953 αὑτοῦ.
