2072 3161
247 203 258 235 1
265 205 315 235 403

901 199 1077 230 PROCOPII
1098 199 1221 230 GAZIEI

1799 193 1866 224 1404

285 257 368 284 Vsus.
386 255 432 283 27.
455 255 506 288 Qui
520 254 596 281 timet
610 261 641 280 ne
659 253 764 280 verbum
781 252 878 279 durum
892 252 1028 284 adhibeat,

1116 252 1167 284 κζ’.
1183 253 1236 285 ’ος
1257 251 1389 286 φείδεται
1408 250 1490 285 ῥῆμα
1508 249 1691 284 προελέσθαι
1718 244 1866 282 σκληρὸν,

220 311 226 321 ι
244 303 351 338 sapiens
376 306 426 329 est.
444 300 496 333 Qui
511 303 590 327 cavet
615 307 650 326 ne
667 299 728 326 loco
744 298 881 326 sermonis
905 306 954 326 cor
972 298 1029 331 pla-

245 349 334 377 cantis
350 354 505 375 sermonem
518 345 584 373 illud
601 347 810 379 exasperantem
826 343 966 375 adhibeat,
981 343 1031 370 hu-

247 397 356 420 manam
378 391 564 418 inﬁrmitatem
601 389 688 416 novit.
713 387 749 414 Ea
776 387 888 414 indutos
911 386 1031 420 dejicere

246 447 301 467 non
314 438 373 466 vult
390 436 437 464 sed
454 435 563 464 fulcire.
588 433 653 462 Illos
675 438 766 461 autem
783 440 800 460 a
820 431 921 467 quibus
933 435 1031 458 contra

246 493 276 513 se
304 483 438 520 quispiam
461 481 587 509 irritatur
602 485 629 507 et
646 479 699 507 sibi
716 478 858 506 molestias
878 476 962 504 infert
984 484 1031 511 pa-

247 531 348 558 tienter
360 529 490 557 sustinet.

288 585 335 612 Vir
349 589 435 612 autem
443 582 603 618 Ionganimis
615 584 748 609 teneatur.
763 580 851 607 Homo
862 583 904 607 est
919 579 965 614 qui
978 586 1032 606 non

248 631 356 666 ignorat
376 629 460 656 Deum
487 636 549 656 esse
568 627 680 655 cuilibet
693 625 865 653 occurrentia
883 625 1032 659 disponen-

249 679 313 706 tem.
332 678 360 702 et
375 674 436 702 ideo
455 673 664 700 contristantem
676 678 716 704 se,
733 671 807 698 velut
820 677 835 696 a
852 670 936 696 Satan
950 676 1033 696 vexa-

249 727 316 752 tum,
333 720 494 750 miseretur.
509 722 537 746 et
557 718 592 745 ab
615 717 669 745 ista
680 715 826 744 vexatione
842 722 904 743 eum
919 714 1034 742 omnino

249 771 365 794 conatur
384 765 512 793 avellere.
730 759 732 761 ’

285 877 368 905 Vnus.
389 876 435 904 28.
465 875 629 908 Imprudenti
656 873 819 908 sapientiam
837 869 1033 906 interroganti,

249 923 381 958 sapientia
401 921 576 956 reputabitur.
593 920 720 955 Ignarus.
740 925 794 945 una
812 916 930 952 sapienti
951 916 1034 942 inter-

251 969 392 1004 rogatione
416 967 507 1000 l'acta,
532 965 707 1001 reputabitur
746 963 868 998 sapiens.
896 961 1036 988 Putabunt

251 1013 323 1040 enim
354 1012 498 1040 audientes
522 1010 598 1038 illum
617 1010 750 1038 scientem
773 1008 846 1044 quod
873 1007 1037 1042 interrogat,

251 1060 436 1095 interrogatos
451 1063 557 1087 tentare
579 1065 612 1085 an
631 1056 776 1092 (prasitum
794 1055 895 1083 sciant.

288 1116 340 1150 Qui
351 1120 438 1142 autem
447 1124 474 1142 se
482 1120 583 1142 niuium
596 1114 697 1149 fecerit.
713 1112 827 1148 prudens
840 1119 895 1138 esse
905 1109 1035 1138 credetur.

253 1162 304 1195 Qui
330 1167 420 1190 autem
448 1161 657 1190 occurrentibus
681 1167 710 1188 se
734 1159 862 1186 silentem
885 1165 917 1184 ac
930 1161 1036 1184 mutum

254 1208 417 1240 ostenderit,
435 1207 591 1243 opinionem
614 1207 669 1234 illis
689 1205 821 1241 praebebit
854 1203 887 1231 de
910 1210 950 1235 se,
966 1201 1038 1237 quod

256 1253 375 1288 prudens
393 1259 434 1281 est
447 1263 454 1281 :
468 1254 642 1281 verebuntur.
651 1252 724 1280 enim
740 1251 822 1279 istum
839 1255 868 1278 ιιι
887 1250 1037 1285 sapientem

256 1306 310 1326 non
331 1299 455 1326 valentes
476 1303 586 1334 propter
608 1299 669 1334 ejus
691 1297 830 1326 silentium
847 1295 986 1332 quomodo
1009 1302 1039 1323 se

257 1344 354 1372 habeat
368 1344 581 1380 deprehendere.

553 1420 631 1449 CAP.
648 1420 740 1449 XVIII.

291 1497 372 1525 Vnus.
395 1498 421 1524 I.
439 1497 599 1525 Occasiones
612 1497 708 1533 quazrit
730 1495 776 1532 qui
797 1495 851 1522 vuit
871 1493 991 1522 recedere
1006 1493 1038 1520 ab

257 1544 354 1571 amico.
374 1543 614 1579 Opportunitatem
633 1542 732 1578 quaerit
744 1541 791 1577 qui
808 1541 865 1568 vult
889 1540 1038 1567 amicitiam

1081 298 1262 332 ἐπιγνώμων.
1285 298 1314 323 '0
1332 295 1562 331 ὑποστελλόμενος
1578 295 1632 330 πρὸ
1642 294 1690 321 τοῦ
1704 294 1867 325 λειαίνοντος

1082 344 1197 380 καρδίαν
1210 343 1301 378 λόγου,
1317 342 1426 369 ἑλέσθαι
1443 341 1489 368 τὸν
1500 341 1604 376 ταύτην
1624 341 1802 376 τραχύνοντα,
1818 339 1868 374 τὴν

1081 389 1255 425 ἀνθρωπίνην
1265 387 1334 415 οἶδεν
1342 388 1486 414 ἀσθενιιαν
1499 396 1505 403 ·
1518 387 1566 414 καὶ
1577 388 1639 419 τοὺς
1652 388 1868 422 περικειμένους

1082 434 1176 470 αὐτὴν,
1191 435 1221 461 οὺ
1245 434 1371 470 βούλεται
1401 433 1592 466 καταὸάλλειν,
1617 433 1685 460 ἀλλὰ
1704 431 1867 468 βαστάζειν·

1082 481 1096 507 ὁ
1114 480 1136 507 δ’
1144 481 1187 515 ἐφ’
1198 478 1239 512 οἷς
1250 489 1291 511 τις
1301 479 1424 512 ὀξύνεται
1436 480 1496 506 κατ’
1508 478 1604 511 αὑτοῦ,
1616 478 1662 505 καὶ
1673 478 1769 510 ὀδύνας
1782 478 1869 512 τούτῳ

1082 527 1192 562 ἐπάγει,
1207 526 1389 559 ἀνεξικακῶν.

1117 583 1314 617 Μακρόθυμος
1345 582 1380 608 δὲ
1407 581 1496 615 ἀνὴρ,
1530 580 1684 615 φρόνιμος.
1708 579 1869 615 ’Ἄνθρωπός

1083 628 1157 655 ἐστιν
1174 627 1251 658 εἰδὼς
1261 627 1302 654 ὅτι
1315 626 1373 653 ἐστι
1393 626 1469 658 Θεὸς,
1491 625 1545 652 τῶν
1570 625 1677 660 ἑκάστῳ
1706 624 1870 660 πεπραγμέ-

1084 682 1136 700 νων
1152 673 1309 708 ὲξεταστὴς,
1330 672 1476 699 κάντεῦθεν
1495 671 1541 699 τὸν
1560 671 1699 697 λυποῦντα
1719 670 1811 702 αὑτὸν,
1832 670 1870 701 ὡς

1084 719 1137 745 ὑπὸ
1150 718 1196 745 τοῦ
1211 719 1320 745 Σατανᾶ
1334 717 1555 753 ὲπηρεαζόμενον
1576 716 1646 743 ἐλεεῖ
1661 725 1668 731 ·
1685 717 1732 742 καὶ
1750 716 1799 750 τῆς
1809 715 1870 742 τούν

1084 774 1131 792 του
1150 764 1293 800 ἐπηρείας,
1311 763 1489 799 πολυτρόπως
1507 763 1601 789 τοῦτον
1616 762 1800 789 ἀπαλλάττειν
1809 763 1871 788 ἐπι-

1085 811 1183 846 χειρεϊ.

1124 869 1177 902 κη’.
1198 866 1329 900 Ἀνοήτφ
1343 865 1567 900 ἐπερωτήσαντι
1580 864 1702 898 σοφίαν,
1717 863 1810 897 σοφία
1821 864 1872 889 ,ιο-

1085 913 1271 949 γισθήσεται.
1300 911 1329 938 '0
1341 911 1461 947 ἀμαθὴς,
1488 909 1570 944 σοφὸς
1596 909 1805 944 νομισθήσεται,
1826 916 1871 934 σο-

1087 959 1140 996 φὴν
1160 958 1345 994 ποιησάμενος
1361 957 1442 993 μόνον
1467 956 1601 991 ἐρώτησιν
1613 964 1620 971 ·
1638 954 1744 988 δόξουσι
1774 954 1828 989 γὰρ
1847 954 1872 980 οἱ

1087 1005 1244 1037 ἀκούοντες,
1263 1005 1305 1031 ὅτι
1320 1003 1424 1035 εἰδὼςό
1440 1003 1539 1038 ἐρωτᾷ,
1558 1002 1699 1036 δοκιμάζει
1720 1001 1783 1032 τοὺς
1803 1000 1872 1036 ἐρω-

1087 1051 1235 1087 τωμένους,
1257 1051 1281 1076 εί
1293 1049 1325 1076 τὸ
1338 1048 1515 1085 ἐρωτώμενον
1531 1047 1645 1074 οἴδασιν.

1127 1107 1252 1135 Ἐννεόν
1263 1106 1297 1133 δέ
1313 1114 1358 1138 τις
1379 1105 1488 1132 ἑαυτὸν
1511 1103 1654 1138 ποιήσας,
1669 1103 1752 1135 δόξει
1773 1103 1874 1137 φρόνι-

1085 1163 1142 1190 μος
1156 1151 1242 1181 εἶναι.
1267 1153 1297 1179 '0
1309 1152 1337 1178 δὲ
1351 1150 1489 1186 σιωπηλὸν
1510 1150 1559 1176 καὶ
1575 1150 1666 1176 ἔννουν
1678 1150 1733 1180 τοῖς
1748 1157 1873 1183 παρατυ-

1086 1202 1165 1238 χοῦσι
1181 1200 1272 1233 δείξας
1286 1199 1393 1230 ἑαυτὸν,
1409 1196 1544 1231 ὑπόληψιν
1558 1195 1664 1227 τούτοις
1680 1194 1792 1230 παρέξει
1809 1193 1875 1228 περὶ

1089 1247 1186 1275 ἑαυτοῦ
1197 1247 1234 1278 ὠς
1253 1245 1377 1280 ἐχέφρων
1389 1243 1464 1270 ἐστίν
1473 1250 1480 1257 ·
1500 1241 1733 1276 ὑποσταλήσονται
1747 1240 1802 1274 γὰρ
1812 1239 1875 1265 τοῦ-

1089 1303 1133 1320 τον
1143 1291 1312 1326 ώςνουνεχῆ,
1333 1289 1370 1325 μὴ
1389 1288 1528 1324 ἰσχύοντες
1537 1287 1582 1314 διὰ
1595 1287 1644 1322 τὴν
1657 1286 1739 1314 αὑτοῦ
1757 1284 1874 1320 σιωπὴν,

1089 1341 1165 1371 ὅπως
1179 1339 1246 1374 ἔχει.
1264 1335 1439 1364 καταλαϐεῖν.

1384 1412 1512 1443 ΚΕΦᾹΛ.
1538 1414 1593 1441 IH'.

1125 1497 1159 1523 a’.
1176 1494 1345 1530 Προφὰσεις
1362 1492 1442 1527 ζητεῖ
1454 1491 1532 1526 ἀνὴρ
1552 1490 1741 1525 ,ϐουλόμενος
1763 1487 1876 1524 χωρίζε-

1089 1544 1161 1570 σθαι
1172 1541 1231 1569 ἀπὸ
1243 1541 1350 1575 φίλων.
1367 1537 1506 1574 Ἀφορμὰς
1522 1536 1692 1571 πανταχόθεν
1711 1535 1788 1570 ζητεῖ
1801 1535 1815 1561 ὁ
1829 1534 1877 1560 θέ-

256 1596 394 1624 rumpere,
407 1596 468 1616 cum
477 1589 568 1616 nullus
583 1588 619 1616 sit
627 1587 801 1615 rationabilis
815 1590 963 1621 praetentus
974 1585 1038 1613 abo-

1090 1588 1144 1615 λων
1163 1587 1288 1614 διαλῦσαι
1317 1585 1425 1620 φιλίαν·
1443 1583 1504 1610 ἐπεὶ
1528 1582 1649 1618 μηδεμία
1666 1581 1740 1608 ἐστίν
1766 1579 1877 1612 εὗλογος

256 1635 329 1663 lendi
350 1635 514 1663 charitatem
538 1642 599 1670 quae
610 1634 780 1662 dominicum
801 1633 960 1660 mandatum
989 1639 1038 1659 ex-

257 1682 340 1710 sistit.

293 1746 374 1774 Omni
388 1752 504 1781 tempore
522 1747 571 1774 erit
595 1745 799 1780 mprobi-abitis.
817 1745 896 1773 Omni
919 1749 1042 1780 tempore

257 1797 448 1819 contemnatur
467 1793 527 1824 iste.
549 1791 585 1819 ab
611 1791 770 1819 hominibus
790 1791 901 1826 quidem
922 1791 950 1818 in
972 1792 1040 1823 vita,

257 1843 352 1872 utpote
367 1838 393 1865 in
410 1838 531 1865 amicitia
547 1837 684 1866 instabilis
696 1857 703 1870 ,
724 1844 740 1864 a
762 1836 818 1865 Deo
842 1842 931 1864 autem
948 1831 975 1864 ih
988 1844 1042 1864 sa:-

257 1884 320 1910 culo
337 1884 441 1917 futuro,
463 1884 527 1919 quia
547 1884 709 1912 cliaritatem
728 1891 789 1918 qua:
808 1883 975 1919 praecipuum
1000 1887 1042 1911 est

258 1930 330 1958 inter
342 1930 387 1958 Dei
408 1930 537 1958 mandata
552 1931 665 1958 omnino
681 1930 811 1966 neglexit.

292 2037 375 2064 Vnus.
395 2036 423 2064 2.
443 2036 504 2063 Non
521 2044 586 2071 opus
604 2037 682 2064 habet
696 2037 828 2072 rapientia
850 2038 874 2064 is
887 2037 932 2073 qui
943 2037 1042 2072 indiget

257 2084 336 2111 corde
349 2091 358 2110 :
377 2083 462 2117 magis
475 2083 544 2109 cnim
558 2082 668 2110 ducitur
682 2083 848 2117 insipientia.
861 2082 912 2116 Qui
927 2084 1043 2118 pruden-

259 2129 295 2154 tia
311 2132 397 2158 carct.
415 2135 470 2155 non
489 2128 594 2163 appetit
615 2128 779 2163 sapientiam
799 2128 864 2163 quia
886 2128 977 2155 anima
999 2135 1043 2155 ra-

260 2174 355 2201 tionali
374 2174 560 2202 irrationalem
576 2181 689 2202 carnem
710 2182 764 2201 non
777 2175 895 2210 subigit;
909 2174 1042 2202 mundum

259 2220 376 2254 diligens
388 2219 472 2247 Deum
486 2227 541 2247 non
553 2223 636 2247 amat.
650 2220 739 2248 Corde
750 2220 938 2255 insipientiam
956 2220 1043 2255 magis

259 2274 339 2300 quam
357 2267 491 2294 rationem
507 2265 640 2301 sequitur.

294 2374 378 2403 Vens.
396 2375 423 2401 5.
438 2373 551 2409 Impius,
569 2383 628 2401 cum
647 2375 673 2402 in
687 2376 850 2410 profundum
869 2377 969 2404 venerit
982 2384 1044 2411 pec-

259 2425 391 2453 catorum,
414 2421 578 2453 contemnit;
596 2420 641 2448 sed
657 2422 776 2456 sequitur
785 2430 844 2449 eum
856 2423 1003 2457 ignominia
1019 2427 1045 2449 et

259 2466 441 2500 opprobrium.
458 2466 574 2499 Quando
598 2466 632 2494 de
652 2467 741 2494 salute
757 2475 807 2494 sua
825 2467 983 2502 desperavit
996 2469 1043 2503 qui

260 2511 340 2538 bonis
352 2511 482 2546 operibus
501 2511 586 2539 Deum
599 2520 653 2540 non
667 2512 744 2546 colit,
761 2513 887 2540 timorem
910 2513 997 2548 ipsius
1009 2521 1043 2541 ex

261 2558 372 2592 propria
391 2558 482 2585 anima
502 2558 614 2586 omnino
635 2558 769 2593 expellit;
793 2562 821 2586 et
837 2559 1045 2594 deprehendunt

260 2609 322 2629 eum
347 2603 490 2638 passiones
511 2603 667 2638 ignominiaa
681 2607 708 2630 et
730 2607 843 2638 propter
855 2610 902 2632 eas
921 2604 1044 2631 omnium

261 2652 444 2684 contemptus.

297 2715 377 2743 Vens.
390 2716 417 2744 4.
437 2717 513 2751 Aqua
530 2716 662 2751 profunda
675 2726 762 2745 sermo
777 2718 804 2745 in
821 2718 899 2746 corde
909 2719 971 2747 viri.
984 2718 1044 2747 Mo-

261 2768 318 2789 rem
332 2763 413 2790 habet
428 2770 505 2798 aquze
524 2763 744 2798 profundissimaa
760 2765 805 2792 Dei
817 2765 931 2794 verbum
942 2766 970 2793 in
986 2767 1046 2794 ani-

261 2817 305 2835 ma
324 2808 385 2843 ejus
403 2808 451 2843 qui
478 2815 611 2843 generose
632 2815 728 2837 contra
754 2811 898 2846 passiones
913 2812 1044 2840 luctatur.

261 2853 397 2889 Abyssum
420 2854 543 2882 scientiae
560 2859 651 2882 mente
669 2856 820 2892 vestigans,
847 2857 1045 2893 imperscruta-

261 2899 343 2928 bilem
364 2901 526 2936 sapientiam
542 2900 656 2929 invenit.

1093 1633 1229 1669 πρόφασις
1245 1633 1285 1664 είς
1307 1632 1336 1658 τὸ
1356 1631 1404 1665 τὴν
1428 1629 1538 1664 ἀγάπην
1569 1628 1687 1660 ἀθετεῖν,
1709 1624 1877 1660 Δεσποτικὴν

1092 1679 1270 1715 ὑπάρχουσαν
1287 1677 1411 1712 ἐντολήν.

1133 1747 1185 1775 Ἐν
1198 1745 1289 1773 παντὶ
1307 1745 1342 1772 δὲ
1371 1743 1461 1778 καιρῷ
1488 1741 1693 1774 ἐπονείδιστος
1716 1739 1814 1766 ἔσται.
1832 1737 1879 1764 Ἐν

1092 1793 1173 1820 παντὶ
1191 1792 1218 1819 δὲ
1229 1790 1318 1827 καιρῷ
1331 1789 1577 1823 ὲξουδενωθήσεται
1588 1789 1601 1814 ὁ
1612 1785 1816 1820 τοιοῦτος,παρ“
1830 1784 1878 1810 ἀν-

1092 1839 1209 1876 ορώπων
1228 1839 1292 1875 μὲν,
1314 1838 1386 1865 κατὰ
1411 1837 1441 1864 ἰδ
1457 1836 1555 1872 παρὸν,
1575 1836 1613 1866 ὡς
1632 1835 1666 1861 τὰ
1691 1833 1759 1869 πρὸς
1784 1832 1879 1867 φιλίαν

1092 1886 1237 1917 ἁσέὗαιοςο
1253 1885 1330 1920 παρὰ
1343 1885 1371 1910 δὲ
1383 1883 1450 1910 Θεοῦ
1479 1882 1550 1910 κατὰ
1574 1881 1605 1908 τὸ
1632 1880 1737 1916 μέλλον,
1760 1880 1798 1911 ὡς
1827 1878 1878 1913 τῆς

1091 1931 1279 1968 γενικωτάτης
1290 1931 1347 1958 τῶν
1357 1929 1440 1957 αὑτοῦ
1451 1928 1566 1956 ἐντολῶν
1576 1927 1626 1963 τῆς
1639 1927 1750 1962 ἀγάπης
1768 1926 1878 1955 πάντως

1092 1977 1240 2014 ὑπεριδών.

1129 2043 1161 2079 β’.
1178 2045 1219 2070 Οῠ
1235 2042 1339 2078 χρείαν
1370 2041 1434 2076 ἔχει
1456 2040 1577 2076 σοφίας,
1607 2038 1714 2072 ἐνδεὴς
1740 2035 1877 2072 φρει-ὤν’

1090 2090 1210 2126 μᾶλλον
1228 2089 1283 2124 γὰρ
1294 2089 1396 2123 ἄγεται
1414 2087 1584 2123 ἀφροσύνῃ.
1607 2086 1636 2113 '0
1652 2085 1809 2120 φρονήσεως
1821 2082 1879 2108 λει-

1093 2135 1221 2171 πόμενος,
1240 2134 1284 2160 διὰ
1298 2134 1328 2161 τὺ
1345 2133 1382 2169 μὴ
1394 2135 1428 2169 τῇ
1438 2133 1534 2168 λογικῇ
1547 2132 1619 2166 ψυχῇ
1636 2130 1685 2166 τὴν
1703 2129 1798 2162 ἄλογον
1813 2128 1879 2161 σάρ-

1094 2189 1130 2207 κα
1142 2179 1370 2211 καθυποτάσσειν,
1388 2179 1437 2205 οὒκ
1455 2178 1581 2213 ὀρέγεται
1599 2176 1695 2211 σοφίας
1708 2182 1715 2189 ·
1730 2175 1771 2200 ὃτι
1782 2173 1879 2207 φιλόῦ-

1094 2226 1141 2259 λος
1155 2225 1203 2260 ὢν,
1220 2225 1270 2261 οὐχ
1296 2225 1415 2260 ὑπάρχει
1439 2224 1581 2258 φιλόθεος·
1597 2222 1643 2249 καὶ
1676 2220 1729 2256 γὰρ
1758 2219 1839 2246 πλέον
1866 2218 1881 2244 ό

1060 2272 1082 2300 D
1096 2272 1216 2303 τοιοῦτος
1230 2273 1264 2306 τῇ
1280 2270 1387 2306 ἀλογίᾳ,
1402 2270 1419 2306 ἢ
1441 2270 1480 2305 τῷ
1502 2269 1574 2304 λόγῳ
1592 2268 1691 2295 ἕπεται
1714 2265 1784 2293 κατὰ
1807 2264 1882 2299 γνὼ-

1096 2325 1151 2353 μην
1155 2337 1162 2345 ο

1129 2387 1164 2418 γ’.
1178 2383 1271 2410 ’Ὅταν
1281 2383 1354 2417 ἔλθῃ
1366 2382 1478 2415 ἀσεϐὴς
1496 2382 1539 2414 εὶς
1552 2380 1650 2413 ,βάθος
1662 2378 1772 2411 κακῶν,
1788 2385 1880 2404 κατα-

1095 2429 1213 2465 φρονεῖ·
1226 2428 1381 2464 ἐπέρχεται
1405 2428 1440 2454 δὲ
1457 2427 1538 2460 αὐτῷ
1556 2427 1668 2465 ἀτιμία
1681 2425 1731 2452 καὶ
1752 2424 1879 2456 ὄνειδος.

1101 2463 1198 2502 Ὁπότε
1211 2474 1322 2509 ἀπογνῷ
1336 2474 1386 2509 τὴν
1409 2473 1546 2508 σωτηρίαν
1564 2463 1692 2498 ὲαυτοῦὀ
1708 2469 1745 2506 μὴ
1760 2469 1793 2496 δι’
1810 2470 1882 2504 ἁγα-

1096 2521 1158 2558 θῶν¹
1166 2521 1255 2557 ἔργων
1269 2520 1356 2556 τιμῶν
1370 2519 1415 2546 τὸν
1431 2519 1508 2551 Θεὸν,
1521 2517 1567 2544 τὸν
1581 2517 1664 2552 φὸὄον
1679 2515 1762 2543 αὑτοῦ
1781 2523 1882 2542 παντε-

1095 2567 1150 2599 λῶς
1165 2567 1291 2594 ἐκϐάλλει
1315 2566 1364 2601 τῆς
1397 2565 1465 2596 ἰδίας
1484 2563 1590 2599 ψυχῆς’
1605 2563 1653 2589 καὶ
1677 2561 1882 2596 καταλαμϐάνει

1095 2611 1177 2639 αὐτὸν
1193 2611 1228 2638 τὰ
1243 2610 1317 2646 πάθη
1331 2611 1379 2645 τῆς
1392 2608 1515 2645 ἀτιμίας,
1529 2608 1576 2634 καὶ
1590 2607 1608 2642 ἡ
1630 2606 1706 2641 παρὰ
1726 2606 1835 2632 πάντων
1849 2605 1882 2631 δι’

1095 2656 1166 2684 αὐτὰ
1177 2655 1359 2690 ὲξουθένησις.

1130 2723 1162 2750 δ’.
1181 2721 1272 2756 Ὑδωρ
1289 2720 1382 2753 βαθὺ,
1394 2720 1485 2754 λόγος
1495 2719 1531 2746 ἐν
1540 2718 1648 2753 καρδίᾳ
1661 2717 1781 2752 ἀνδρός.
1797 2717 1882 2750 Δίκην

1097 2767 1191 2799 ὕδατος
1205 2766 1355 2802 βαθυτάτου
1369 2764 1486 2800 ὑπάρχει
1500 2765 1514 2790 ὁ
1531 2763 1601 2796 θεῖος
1615 2763 1694 2797 λόγος
1710 2764 1739 2790 ὲν
1753 2764 1787 2798 τῇ
1807 2763 1882 2797 ψυχῇ

1096 2813 1143 2839 τοῦ
1158 2812 1291 2847 γενναίως
1305 2810 1339 2837 τὰ
1353 2810 1428 2845 πάθη
1440 2809 1694 2840 καταπαλαίσαντος
1704 2817 1712 2824 ι
1725 2808 1774 2843 τὴν
1797 2807 1882 2834 56w-

1098 2867 1143 2885 σον
1162 2858 1212 2892 τῆς
1230 2858 1364 2891 γνώσεως,
1379 2855 1460 2882 αὐτοῦ
1477 2854 1642 2890 ἐρευνῶντος
1658 2853 1729 2881 κατὰ
1750 2853 1881 2885 διάνοιαν,

1099 2903 1144 2931 καὶ
1162 2902 1376 2938 ὰνεξηρεύνητον
1394 2901 1496 2936 ταύτην
1522 2901 1706 2936 εὑρίσκοντος.
