2072 3161
187 198 257 232 1405

718 194 986 226 COMMENTARII
1000 193 1042 223 1N
1060 192 1288 223 PROVERBIA.

1747 191 1814 225 1406

223 253 359 289 Ποταμὸς
372 253 407 280 δὲ
416 252 580 286 ἀναπηδῶν
589 251 637 278 καὶ
649 251 730 286 πηγὴ
747 250 831 285 ζωῆς.
848 249 897 278 Ἐκ
914 249 974 276 στό-

1062 248 1174 276 I"lumen
1191 253 1279 275 autent
1295 249 1442 276 scaluriens
1453 253 1479 276 et
1487 249 1546 284 [ous
1559 249 1629 276 vim.
1644 248 1682 276 Ex
1701 256 1748 277 ore
1764 257 1813 276 au—

190 308 274 335 ματος
292 299 321 326 δὲ
332 298 379 325 τοῦ
396 298 540 333 εἰρημένου
558 297 666 333 ἀνδρὸς,
683 294 760 329 οὗτος
773 298 787 323 ὁ
802 296 881 330 λόγος
895 295 974 331 δίκην

188 343 310 380 ποταμοῦ
338 342 577 379 πλημμυροῦντος,
604 342 652 369 καὶ
686 342 742 369 τῶν
772 341 870 368 ἑαυτοῦ
892 341 975 376 ὁρίων

188 390 434 424 ὑπερεκχεομένου,
451 390 498 415 καὶ
512 389 562 423 τὴν
576 387 839 423 συμπαρακειμένην
855 387 907 421 γῆν
924 385 976 421 ἄρ-

187 436 277 467 δοντος
291 435 338 462 καὶ
360 434 534 470 καρποφόρον
556 433 762 465 ἀποτελοῦντος,
773 431 974 463 διδασκαλικῶς

189 481 399 517 προερχόμενος,
426 479 544 515 πηγάζει
568 477 598 506 εὗ
623 477 693 506 εἷναι
719 479 836 514 ζωτικὴν
849 478 975 512 δύναμιν.

224 530 255 554 ε’.
276 526 430 561 Θαυμάσαι
456 526 620 560 πρόσωπον
645 525 785 558 ἀσεϐοῦς,
809 525 845 552 οὐ
869 525 974 551 καλόν.

192 572 273 608 Ὀψιν
285 572 495 607 καταπλαγῆναι
508 572 649 603 δυνάστου,
665 571 731 598 Θεὸν
744 570 781 606 μὴ
797 570 931 606 τιμῶντος
941 569 975 596 δι’

189 618 384 653 ἀγαθοεργίας,
398 618 447 644 οὐκ
462 618 535 644 ἔστιν
549 617 706 644 ἐπαινετόν.

226 664 304 692 Οὐδὲ
317 664 404 691 ὅσιον
417 664 569 691 ἐκκλίνειν
578 664 611 690 τὸ
626 663 744 690 δίκαιον
755 662 790 689 ἐν
802 662 910 696 κρίσει.
924 661 976 688 Οὐ-

189 710 218 737 δὲ
230 711 302 737 ὅσιον
317 710 360 736 διὰ
375 709 421 736 τὸν
435 709 465 743 ἐξ
486 709 569 736 αὑτοῦ
599 708 694 743 φόϐον,
714 709 743 735 ἐν
766 708 856 743 κρίσει
877 707 975 742 ἐκτρέ-

190 755 288 782 πεσθαι
309 754 356 781 τοῦ
372 755 489 788 δικαίου,
504 754 556 781 κᾶν
571 754 619 781 τοῦ
639 753 710 781 κατὰ
730 753 776 780 τὸν
795 752 909 788 φυσικὸν
931 752 975 779 νό-

192 809 242 836 μον
253 801 370 833 δικαίου,
385 801 403 835 ἡ
415 800 487 828 κατὰ
505 800 551 827 τὸν
565 799 752 834 πνευματικὸν
768 799 850 834 νόμον
867 798 976 833 ὁσιότης

190 846 350 882 ὑπέρκειται
363 845 471 881 φύσεως
490 844 559 881 πρὸς
573 845 608 872 τὰ
624 844 694 880 ὑπὲρ
713 844 795 879 φύσιν
815 843 975 878 ὲξιστῶντος

189 891 237 918 τοῦ
252 891 417 926 πνεύματος.

1029 298 1082 322 tem
1096 294 1201 330 prmfati
1209 295 1259 322 viri
1273 295 1317 323 hic
1323 302 1413 323 sermo
1420 295 1454 322 ad
1461 295 1616 322 doctrinam
1624 295 1813 330 progrediens,

1028 340 1163 367 scaturire
1175 339 1240 366 facit
1255 339 1391 367 vivificam
1402 340 1458 367 vim
1475 339 1626 373 felicitatis,
1636 340 1814 376 quemadmo-

1028 385 1092 413 dqu
1107 385 1205 413 ﬂumen
1220 385 1292 420 quod
1303 389 1444 419 exaestuat,
1454 389 1532 413 extra
1542 386 1649 414 alveum
1665 386 1814 414 eﬂunditur

1027 436 1187 467 terramque
1204 432 1376 467 adiacentem
1403 431 1522 466 irrigans
1537 430 1653 459 fertilem
1668 431 1760 460 efﬁcit.

1062 523 1146 551 Vsus.
1165 523 1191 551 5.
1210 523 1309 550 Mirari
1322 531 1459 559 personam
1474 524 1549 558 impii
1563 543 1571 557 ,
1586 532 1638 551 non
1652 528 1691 551 est
1706 524 1812 551 bonum.

1028 569 1066 597 De
1080 569 1156 596 vultu
1171 569 1305 604 potentis',
1323 569 1405 596 bonis
1430 569 1561 604 operibus
1582 577 1635 597 non
1655 570 1813 598 llOl’tOl‘alIliS

1027 615 1113 642 Deum
1130 614 1327 649 obstupescere
1347 621 1402 642 non
1416 618 1459 642 est
1474 613 1622 642 laudabile.

1062 660 1154 695 Neque
1166 664 1286 688 sanctum
1295 659 1429 687 declinare
1438 660 1543 694 justum
1557 660 1583 687 in
1593 660 1707 695 judicio.
1721 660 1814 696 Neque

1027 712 1153 734 sanctum
1173 706 1209 734 ob
1229 706 1350 741 potentis
1365 710 1467 733 metum
1481 725 1489 738 ,
1505 706 1532 732 in
1555 706 1661 741 judicio
1675 706 1815 734 declinare

1027 753 1137 788 ajusto,
1154 751 1263 780 etiamsi
1287 752 1322 779 de
1333 751 1411 786 justo
1440 751 1590 778 secundum
1604 751 1689 787 legem
1704 757 1814 779 natura-

1027 798 1079 826 lem
1096 802 1204 833 agatur.
1225 796 1364 824 Sauctitas
1381 797 1455 824 enim
1474 797 1626 824 secundum
1644 797 1731 833 legem
1758 798 1814 833 spi-

1027 843 1153 871 ritualem
1173 846 1284 878 praestat
1296 846 1434 875 naturam,
1449 842 1548 877 spiritu
1571 849 1632 870 eam
1649 842 1682 870 ad
1702 851 1734 870 ea
1753 851 1814 879 qua:

1027 896 1111 924 supra
1129 893 1256 916 naturam
1275 892 1340 915 811111.
1365 887 1559 915 ῐτιιιιεΐοτοηιο.

226 939 263 968 ς’.
277 936 369 969 Χείλη
387 935 528 970 ἄφρονος,
555 935 684 970 ἄγουσιν
707 932 801 960 αὑτὸν
820 933 864 966 εὶς
886 931 972 959 κακά.

1063 933 1146 962 Vsus.
1164 933 1190 961 6.
1220 933 1306 960 Labia
1334 933 1412 960 stulti
1443 932 1545 960 ducunt
1577 939 1638 960 eum
1669 932 1697 959 in
1725 932 1811 960 mala.

193 982 227 1008 Ἢ
239 981 372 1016 ἐπιθυμία
391 981 439 1007 καὶ
454 982 468 1008 ό
481 981 567 1016 θυμὸς
591 979 639 1006 τοῦ
658 979 695 1015 μὴ
713 979 785 1014 λόγῳ
808 978 897 1005 ταῦτα
923 978 973 1004 ἑπ-

188 1027 308 1063 έχοντος,
323 1027 381 1054 ἀλλ’
394 1026 529 1062 ἀγομένου
541 1025 587 1053 ὑπ’
602 1025 691 1053 αὐτῶν
706 1024 868 1058 ἀλογίστως,
883 1023 931 1050 καὶ
941 1023 975 1049 δι’

188 1074 278 1100 αὐτῶν
290 1073 327 1104 ὡς
341 1072 385 1099 διὰ
399 1072 512 1107 χειλέων
527 1072 558 1098 τὸ
582 1070 741 1106 παρατυχὺν
763 1069 836 1097 ἅπαν
851 1069 975 1101 ἀσπαζο-

189 1119 282 1155 μένου,
300 1119 340 1151 εἱς
354 1119 445 1146 πᾶσαν
461 1118 590 1154 φέρουσιν
609 1117 690 1144 αὐτὸν
704 1115 853 1152 ἁμαρτίαν.

224 1206 259 1234 Τὸ
272 1206 307 1233 δὲ
318 1207 415 1241 στόμα
428 1205 524 1234 αὑτοῦ
538 1205 570 1232 τὸ
586 1204 682 1240 θρασὺ
693 1224 700 1237 ,
719 1204 850 1232 θάνατον
872 1203 976 1230 ἐπικα-

187 1252 291 1279 λεῖται.
309 1251 344 1278 Ἦ
365 1251 394 1278 δὲ
414 1251 510 1277 τούτου
528 1250 675 1285 φαντασία,
698 1250 715 1284 ή
740 1249 817 1283 δίκην
842 1248 976 1283 στόματος

188 1296 362 1333 προπετοῦς,
383 1296 433 1332 τὴν
459 1296 529 1323 κατὰ
553 1295 673 1323 διάνοιαν
698 1295 810 1330 λογικὴν
832 1294 911 1327 δόξαν
937 1294 975 1329 μὴ

187 1343 370 1378 ἁναμένουσα,
384 1342 453 1369 ἀλλὰ
465 1341 769 1378 προκαταλαμὸἀνουσα
783 1342 905 1368 ἐπαινεῖν
919 1349 946 1367 τι
958 1339 975 1376 ἢ

187 1388 292 1423 ψέγειν,
307 1388 345 1420 ὡς
374 1387 488 1423 Ετυχεν,
511 1388 660 1414 ἐπισπᾶται
688 1386 738 1422 τὴν
763 1386 825 1413 κατ’
836 1386 976 1422 ἐνέργειαν

188 1434 334 1470 ἁμαρτίαν,
349 1433 367 1469 ἡ
386 1433 474 1469 ψυχῆς
493 1434 551 1460 ἐστι
570 1432 694 1463 Θάνατος.

223 1480 258 1513 ζ’,
278 1480 376 1514 Στόμα
383 1480 523 1514 ἄφρονος,
533 1478 679 1513 συντριϐὴ
691 1477 772 1510 αὐτῷ
780 1485 789 1493 ·
799 1477 835 1504 τὰ
841 1476 877 1504 δὲ
887 1475 975 1511 χείλη

188 1525 292 1557 αὑτοῦ,
302 1524 391 1559 παγίς
402 1524 440 1559 τῇ
450 1524 538 1559 ψυχῇ
550 1523 653 1551 αὐτοῦ.
672 1523 705 1549 Ἦ
717 1522 771 1558 γὰρ
783 1521 918 1557 φαντασία
927 1520 976 1548 τοῦ

190 1571 228 1606 μὴ
249 1570 294 1598 τὸν
308 1570 355 1597 τοῦ
370 1569 438 1597 Θεοῦ
455 1570 537 1604 φόϐον
554 1571 583 1596 ἐν
597 1568 698 1604 καρδίᾳ
720 1567 859 1602 φέροντος,
877 1565 976 1601 συνθλᾷ

189 1598 300 1644 τουτον*
315 1617 356 1647 είς
367 1615 420 1651 γῆν
435 1598 605 1642 κατασπῶσα
617 1598 649 1640 τὸ
663 1598 746 1640 αυτοῦ
757 1598 904 1648 ίρρόνημα·
920 1612 937 1647 ή
949 1598 977 1637 5's
990 1598 1012 1628 ε

189 1662 320 1697 ἐπιθυμία
340 1660 435 1688 τούτου
459 1661 506 1688 καὶ
528 1661 542 1687 ὁ
557 1660 652 1695 θυμὸς,
665 1659 716 1695 τὴν
738 1657 822 1685 αὐτοῦ
838 1657 926 1693 ψυχὴν
941 1657 979 1689 ὥς

189 1716 244 1734 τισι
262 1706 408 1743 θηράτροις
422 1705 571 1742 ἅπατηλῶς
586 1706 644 1738 τοῖς
659 1704 840 1741 προσκαίροις
853 1703 979 1730 συνδέου-

190 1761 243 1779 σιν.

223 1800 260 1833 η’.
279 1796 443 1832 ,Ὀκνηροὺς
457 1795 638 1828 καταϐάλλει
650 1795 758 1830 φόϐος*
770 1794 868 1829 ’ψυχαὶ
881 1794 916 1820 δὲ
926 1792 980 1821 ἀν-

190 1843 352 1878 δρογύνων,
360 1841 571 1869 πεινάσουσιν.
582 1841 650 1872 Τοὺς
659 1839 921 1876 καταρᾳθυμοῦντας
930 1839 979 1875 τῆς

189 1889 244 1916 τῶν
259 1889 338 1915 ϐείων
351 1887 465 1915 ἐντολῶν
477 1886 618 1922 ἐργασίας,
636 1887 653 1922 ἡ
667 1886 769 1921 ταύτης
781 1885 912 1920 ἐργασίας
923 1884 980 1911 δει-

190 1933 236 1960 λία
249 1932 432 1960 καταπίπτειν
450 1932 537 1958 ποιεῖ·
550 1932 577 1957 αἰ
594 1931 622 1957 δὲ
632 1930 718 1966 ψυχαὶ
739 1930 804 1962 τῶν,
818 1929 856 1962 ὡς
875 1929 980 1964 ἀνδρῶν

192 1978 241 2012 μὲν
256 1977 462 2013 θρασυνομένων
475 1977 505 2002 ὲν
518 1976 574 2007 τοῖς
599 1975 745 2011 μοχθηροῖς
758 1975 860 2010 ἔργοις.
872 1975 919 2001 καὶ
931 1974 978 2001 τοῦ

193 2024 258 2050 ἰδίου
271 2022 393 2050 κινδύνου
410 2021 654 2056 κατατολμώντων,
669 2021 708 2053 ὡς
724 2020 861 2055 γυναικῶν
881 2020 910 2046 δὲ
924 2019 979 2047 δει-

190 2069 355 2105 λαινομένων
370 2070 399 2096 ὲν
411 2069 467 2100 τοῖς
482 2067 585 2099 καλοῖς.
599 2067 647 2094 καὶ
663 2066 732 2103 πρὸς
744 2067 794 2102 τὴν
808 2067 876 2093 ἰδίαν
892 2075 980 2102 σωτη-

193 2115 252 2151 ρίαν
261 2115 464 2142 ἀποκνευόντων
469 2113 541 2150 [cod.
551 2112 776 2150 ἀποκναιόντων].
782 2114 816 2149 τῇ
823 2112 869 2140 τοῦ
876 2112 978 2147 ἀγαθοῦ

190 2161 279 2197 ἐνδείᾳ
291 2159 465 2199 λιμὼξουσιν.

229 2206 260 2234 θ’.
279 2206 311 2233 '0
328 2205 371 2241 μὴ
391 2205 513 2240 ἰώμενος
524 2205 618 2232 αὐτὸν
634 2204 669 2231 ἐν
683 2204 746 2237 τοῖς
758 2204 855 2240 ἔργοις
870 2205 974 2238 αὐτοῦ,

1028 979 1173 1015 Appetitus
1188 977 1414 1013 concupiscibilis
1448 982 1476 1005 et
1498 978 1635 1013 appetitus
1667 977 1813 1005 irascibilis

1028 1025 1088 1060 ejus
1105 1025 1151 1059 qui
1164 1024 1269 1052 ratione
1282 1024 1343 1052 illas
1370 1031 1428 1051 non
1443 1024 1577 1054 continet.
1591 1023 1638 1051 sed
1650 1023 1684 1050 ab
1697 1024 1752 1051 illis
1765 1024 1813 1051 ab-

1028 1070 1139 1098 ducitur
1153 1075 1179 1097 et
1195 1077 1245 1105 per
1262 1069 1323 1097 illos
1341 1069 1418 1104 quasi
1446 1076 1494 1105 per
1530 1068 1601 1096 labia
1628 1068 1813 1104 quodcunque

1028 1124 1089 1145 sors
1105 1115 1198 1144 tulerit
1212 1115 1404 1151 amplectitur,
1427 1116 1456 1144 in
1486 1123 1567 1143 omne
1592 1123 1654 1143 eum
1679 1116 1813 1143 inducunt

1028 1168 1184 1198 peccatum.

1064 1208 1100 1235 Et
1114 1217 1143 1236 os
1167 1207 1225 1242 ejus
1246 1209 1337 1234 audax
1354 1213 1464 1234 mortem
1479 1207 1597 1234 invocat.
1628 1206 1718 1241 Hujus
1744 1206 1813 1234 ima-

1029 1253 1135 1289 ginatio
1150 1273 1158 1286 ,
1171 1254 1245 1281 sicut
1256 1260 1289 1280 os
1305 1260 1438 1288 praeceps,
1461 1260 1521 1287 qua:
1535 1257 1618 1280 rectae
1628 1253 1729 1280 rationi
1747 1261 1813 1281 con-

1028 1299 1126 1327 formis
1146 1303 1187 1327 est
1204 1299 1361 1334 opinionem
1380 1307 1434 1327 non
1449 1298 1540 1327 ferens
1557 1318 1565 1332 ,
1584 1300 1632 1327 sed
1660 1300 1721 1333 sine
1736 1299 1812 1334 judi-

1028 1346 1072 1374 cio
1089 1353 1121 1374 ac
1133 1346 1238 1374 delectu
1253 1345 1358 1381 aliquid
1370 1345 1484 1373 laudare
1509 1350 1556 1373 aut
1575 1346 1729 1381 vituperare
1744 1354 1814 1381 pra-.-

1032 1391 1150 1427 judicat,
1180 1390 1214 1418 ad
1242 1398 1272 1418 se
1302 1391 1368 1418 totis
1391 1391 1497 1419 viribus
1527 1391 1641 1419 attrahit
1671 1394 1812 1426 peceatum

1028 1437 1101 1472 quod
1116 1444 1191 1464 mors
1204 1440 1246 1464 est
1259 1436 1367 1463 animae.

1066 1481 1148 1510 Vens.
1169 1482 1196 1509 7.
1217 1481 1254 1509 Os
1275 1481 1449 1515 imprudentis
1480 1482 1599 1509 contusio
1620 1481 1643 1509 ei
1660 1502 1668 1515 ,
1693 1486 1718 1508 et
1741 1481 1812 1508 labia

1029 1526 1125 1562 ipsius,
1140 1525 1250 1560 laqueus
1278 1526 1376 1552 animm
1397 1525 1471 1564 ejus.
1486 1525 1645 1562 [Inaginatio
1673 1525 1733 1561 ejus
1766 1527 1811 1561 qui

1030 1570 1078 1598 Dei
1092 1571 1217 1597 timorem
1234 1569 1261 1597 in
1285 1569 1369 1597 corde
1385 1577 1441 1596 non
1453 1574 1559 1603 servat,
1574 1574 1812 1606 conquassateum

1029 1616 1063 1643 ad
1084 1619 1187 1643 terram
1216 1615 1359 1644 attrahens
1372 1615 1553 1650 cogitationes
1570 1615 1641 1650 ejus.
1669 1616 1813 1651 Appetitas

1029 1661 1257 1697 concupiscibilis
1271 1666 1362 1688 autem
1378 1662 1454 1690 illius
1467 1669 1499 1689 ac
1513 1663 1652 1697 appetitus
1663 1662 1812 1691 irascihilis

1029 1707 1109 1742 quasi
1121 1706 1286 1742 quibusdam
1298 1707 1403 1743 laqueis
1417 1707 1536 1735 animam
1549 1708 1636 1744 ipsius
1647 1708 1730 1736 rebus
1744 1713 1813 1736 tem-

1029 1754 1170 1789 poralibus
1189 1753 1360 1781 devinciunt.

1066 1799 1149 1827 Vsus.
1170 1799 1196 1827 8.
1216 1799 1330 1834 Pigrum
1359 1797 1451 1833 dejicit
1472 1800 1573 1827 timor:
1605 1799 1701 1827 animm
1726 1804 1814 1827 autem

1029 1846 1240 1880 effeminatorum
1255 1846 1382 1874 esuriant.
1399 1846 1463 1873 Illos
1483 1846 1530 1881 qui
1555 1846 1695 1881 negligunt
1707 1845 1813 1873 divino-

1030 1900 1091 1920 rum
1115 1893 1309 1920 mandatorum
1329 1892 1531 1928 operationem,
1548 1892 1623 1920 illius
1645 1892 1814 1927 operationis

1029 1936 1163 1965 timiditas
1181 1937 1307 1965 decidere
1323 1937 1398 1965 facit.
1415 1938 1520 1964 Animae
1534 1941 1625 1964 autem
1648 1943 1742 1964 eorum
1765 1937 1813 1971 qui

1030 1985 1060 2009 ut
1083 1982 1135 2010 viri
1151 1983 1262 2017 quidem
1285 1987 1352 2010 sunt
1378 1981 1497 2009 audaces
1522 1980 1556 2008 ad
1581 1987 1664 2016 opera
1683 1981 1815 2014 ntala,et

1029 2027 1063 2055 ad
1078 2029 1219 2063 proprium
1244 2027 1398 2062 periculum
1423 2026 1590 2057 adeundum,
1616 2026 1696 2061 quasi
1714 2025 1813 2053 mulie-

1030 2079 1075 2099 res
1100 2075 1191 2098 autem
1216 2071 1304 2098 timidi
1321 2075 1386 2098 sunt
1409 2070 1544 2098 in.bonis
1571 2070 1701 2105 operibus
1728 2074 1756 2098 et
1778 2070 1813 2098 ad

1029 2118 1168 2154 propriam
1187 2118 1303 2146 salutem
1318 2117 1400 2153 pigri,
1421 2117 1512 2153 inopia
1526 2116 1591 2145 boni
1606 2117 1740 2145 esui-ient.

1063 2208 1147 2236 Vsus.
1171 2209 1198 2236 9.
1220 2209 1272 2242 Qui
1296 2217 1348 2236 non
1359 2209 1478 2235 medetur
1490 2209 1541 2236 sibi
1564 2209 1593 2236 in
1609 2208 1731 2243 operibus
1745 2209 1813 2240 suis,

191 2252 322 2287 ἁδελφός
344 2252 410 2279 ἐστι
433 2251 487 2278 τοῦ
509 2250 730 2285 λυμαινομένου
752 2250 869 2278 ἑαυτόν.
886 2251 916 2277 '0
939 2251 977 2286 μὴ

1029 2255 1114 2290 frater
1125 2261 1164 2283 est
1188 2255 1320 2290 perdentis
1348 2255 1475 2288 seipsum.
1507 2254 1559 2288 Qui
1586 2262 1634 2290 per
1658 2261 1742 2289 opera
1758 2254 1814 2281 vir-

191 2298 235 2325 διὰ
250 2297 304 2325 τῶν
320 2297 407 2333 ἔργων
428 2297 478 2331 τῆς
497 2297 596 2332 ἀρετῆς
614 2296 793 2324 ἀπαλλάττων
810 2295 907 2323 ἑαυτὸν
922 2296 977 2322 τῶν

1031 2302 1097 2329 tutis
1115 2310 1168 2329 non
1182 2302 1281 2328 liberat
1297 2308 1327 2328 se
1339 2305 1474 2336 quantum
1495 2304 1586 2336 potest
1609 2308 1624 2327 a
1639 2300 1813 2336 passionibus

191 2344 252 2371 καθ’
264 2343 321 2376 ἕξιν
345 2343 394 2378 τῆς
416 2342 552 2378 ἁμαρτίας
572 2342 679 2374 παθῶν,
695 2342 797 2376 ἀδελφὰ
824 2342 918 2377 φρονεῖ
940 2341 979 2377 τῷ

192 2389 251 2416 κατ’
261 2389 401 2425 ἐνέργειαν
412 2388 516 2423 ταύτης
528 2387 629 2423 μᾶλλον
639 2387 736 2415 ἑαυτὸν
750 2387 978 2415 καταὸλὰπτοντι.

191 2435 223 2461 Ei
240 2433 278 2470 μὴ
297 2434 352 2469 γὰρ
365 2434 411 2461 καὶ
426 2435 476 2468 τὴν
493 2433 564 2460 κατὰ
585 2433 705 2460 διάθεσιν
726 2433 804 2469 ῥίζαν
817 2433 866 2468 τῆς
880 2433 979 2465 κακίας

193 2479 306 2506 σπεύσει
320 2479 455 2506 ὲκσπάσαι
468 2487 526 2512 τις,
543 2479 656 2510 κλάδους
672 2479 781 2510 πάντως
795 2478 921 2514 πονηρῶν
933 2479 978 2506 λο-

193 2524 299 2560 γισμῶν
314 2524 490 2559 ἀναθαλήσει,
503 2524 551 2551 καὶ
566 2524 612 2551 τὸν
627 2525 725 2560 πικρὸν
737 2522 815 2555 αὖθις
827 2524 878 2559 τῆς
889 2524 979 2560 ἁμαρ-

192 2569 252 2600 τίας
271 2567 331 2594 κατ’
346 2567 487 2602 ἐνέργειαν
508 2569 680 2605 προσενέγκῃ
699 2568 815 2604 καρπόν.

228 2617 254 2641 ι’.
274 2615 324 2640 Ἕκ
336 2613 555 2648 μεγαλωσύνης
567 2615 685 2648 ισχύος,
699 2614 830 2649 φανερὸν
840 2613 873 2640 τὸ
885 2614 979 2649 ὄνομα

192 2660 313 2694 Κυρίου.
330 2659 379 2686 Ἐκ
398 2660 448 2694 τῆς
460 2660 668 2696 κηρυττομένης
683 2661 736 2687 ὑπὸ
752 2661 842 2696 πάσης
856 2660 905 2695 τῆς
920 2660 980 2687 κτί-

193 2717 260 2739 σεως
274 2707 395 2743 μεγάλης
406 2706 546 2742 δυνάμεως
557 2706 602 2733 τοῦ
613 2707 748 2733 Δεσπότου
760 2707 812 2734 τῶν
824 2707 891 2734 ὃλων
899 2706 977 2740 Θεοῦ,

193 2753 298 2789 φανερὰ
316 2754 334 2788 ἡ
351 2751 447 2779 τούτου
467 2752 568 2786 γνῶσις
587 2751 767 2787 καθέστηκεν.

227 2807 311 2841 Αὐτῷ
326 2807 360 2835 δὲ
374 2807 618 2843 προσδραμόντες
627 2808 745 2841 δίκαιοι,
757 2808 916 2842 ὑψοῦνται.
938 2810 977 2845 Τῇ

193 2853 221 2880 δὲ
238 2854 348 2888 τοιαύτῃ
363 2853 463 2888 γνώσει
477 2853 673 2889 προσελθόντες
685 2853 729 2880 διὰ
744 2853 861 2885 πίστεως
876 2855 922 2881 καὶ
934 2855 978 2890 φό-

193 2899 251 2933 6ου,
262 2899 287 2926 οἱ
302 2898 331 2925 τό
345 2898 430 2931 ὅντως
450 2899 564 2933 ἀγαθὸν,
573 2899 620 2927 τοῦ
630 2898 808 2932 νομιζομένου
819 2901 978 2929 προκρίνον-

1029 2347 1145 2382 peccati,
1164 2346 1264 2374 similia
1282 2346 1384 2380 cogitat
1397 2353 1430 2373 ac
1454 2345 1500 2373 ille
1517 2345 1565 2381 qui
1591 2345 1712 2379 seipsum
1727 2344 1812 2372 laedit.

1028 2392 1096 2420 Nam
1116 2392 1170 2420 nisi
1189 2392 1252 2428 quis
1282 2399 1332 2426 pro
1350 2391 1422 2418 virili
1449 2395 1527 2426 parte
1548 2390 1660 2418 malitia!
1693 2389 1812 2416 radicem

1028 2438 1174 2465 extrahere
1209 2436 1333 2469 studeat,
1350 2435 1484 2463 malarum
1498 2435 1696 2471 cogitationum
1721 2441 1814 2462 ramos

1028 2483 1140 2510 omnino
1162 2482 1300 2510 virescere
1318 2481 1383 2509 facit
1405 2488 1570 2516 amarosque
1586 2480 1687 2508 iterum
1708 2479 1813 2516 peccati

1028 2528 1134 2557 fructus
1157 2529 1222 2556 totis
1239 2527 1344 2555 viribus
1374 2525 1491 2562 profert.

1062 2618 1245 2647 Vens.lO.EI
1261 2618 1458 2653 magniﬁcentia
1469 2617 1635 2652 fortitudinis
1649 2625 1744 2644 nomen
1757 2616 1812 2644 Do-

1029 2665 1094 2691 mini
1105 2663 1305 2698 manifestatur.
1317 2663 1355 2689 Ex
1374 2670 1470 2698 magna
1491 2663 1612 2698 potentia
1625 2662 1811 2694 Dei,omnium

1027 2709 1199 2742 Domini,ab
1228 2709 1357 2736 universa
1381 2709 1519 2736 creatione
1541 2708 1699 2744 praedicata,
1724 2709 1811 2736 mani-

1029 2755 1096 2783 feste
1109 2756 1214 2782 exstitit
1239 2754 1299 2790 ejus
1315 2755 1444 2790 cognitio.

1066 2812 1097 2839 Ei
1111 2817 1200 2839 autem
1214 2814 1379 2838 occurrentes
1390 2810 1460 2845 justi
1468 2811 1634 2839 exaltantur.
1648 2811 1698 2845 Qui
1715 2817 1808 2840 autem

1027 2857 1061 2885 ad
1077 2857 1152 2885 illam
1169 2856 1353 2892 cognitionem
1368 2860 1519 2883 accurrunt
1532 2863 1581 2891 per
1597 2856 1677 2884 ﬁdem
1693 2860 1721 2884 et
1749 2864 1808 2884 me-

1028 2908 1096 2931 tum.
1116 2907 1143 2930 ct
1160 2908 1252 2930 verum
1273 2900 1374 2929 bonum
1390 2900 1417 2928 ei
1439 2900 1510 2929 quod
1525 2900 1678 2928 astimatur
1706 2901 1808 2929 bonum
