2072 3161
253 198 320 230 140⁸1

901 191 1080 222 PROCOPII
1100 191 1222 221 GAZASI

1820 186 1886 219 1403

252 256 424 288 anteponunt
436 271 442 283 ,
458 257 473 276 a
489 248 649 277 carnalibus
669 248 843 283 terrenisque
857 247 890 274 ad
916 248 1042 282 spiritua-
1056 278 1058 282 Α

1110 255 1150 279 ες,
1160 246 1307 280 ἀνάγονται
1318 245 1372 272 ἀπὸ
1383 245 1438 273 τῶν
1449 245 1588 281 σαρκικῶν
1602 245 1650 272 καὶ
1660 245 1761 280 γηῑνων
1776 245 1843 280 πρὸς
1853 245 1888 271 τά

251 300 286 327 lia
314 307 346 326 ac
368 296 490 325 caelestia
514 294 728 322 transferuntur.

286 345 369 372 Vens.
391 343 435 370 ll.
458 342 618 370 Substantia
642 340 730 367 divitis
754 340 804 367 viri
846 340 907 366 urbs
929 339 1041 365 munita.

251 389 412 419 Substantia
441 395 538 416 eorum
559 387 608 421 qui
630 386 761 413 virtutem
792 393 825 412 ac
858 384 1042 419 cognitionem

252 435 398 471 possident
423 433 546 460 ccelestis
582 435 627 459 est
657 430 819 464 metropolis
847 429 957 456 insidiis
989 436 1044 456 non

254 487 360 517 patens,
383 477 604 514 inexpusnabilis
620 486 628 510 ;
643 484 738 504 eorum
760 476 806 510 qui
821 476 913 503 omnia
926 483 1045 510 praesen-

255 528 291 555 tia
313 529 494 554 contemnunt
524 527 555 551 ut
580 523 656 550 illius
680 522 802 549 civitatis
820 522 895 548 cives
912 521 991 548 ﬁant.

291 570 384 598 Gloria
399 575 488 596 autem
511 569 568 603 ejus
599 574 756 602 magnopere
782 566 932 593 obumbrat.
950 565 1046 593 Gratia

257 622 349 645 autem
382 614 551 644 sanctissimi
586 613 719 649 Spiritus,
736 620 798 648 qua:
820 613 897 640 illius
926 612 1046 640 civitatis

256 668 298 691 cst
308 662 406 697 gloria,
421 669 493 696 quos
511 659 593 694 hujus
613 659 689 687 cives
706 659 806 693 dignos
827 658 924 686 habuit
937 658 988 686 hac
999 667 1048 693 per

257 709 372 744 gratiam
394 706 576 738 (leilicatione,
588 706 703 733 multum
726 705 753 732 in
778 705 830 732 hac
850 704 904 731 vita
931 705 1048 740 protegit

258 759 354 782 contra
369 752 505 780 maculam
517 759 533 778 a
548 750 747 786 cupiditatibus
760 750 932 785 adspersam.

296 800 377 828 Vsus.
411 799 455 827 i2.
476 799 624 833 Antequam
647 802 810 830 conteratur,
840 797 975 824 exaltatur
1004 805 1050 824 cor

259 845 383 876 hominis,
403 848 427 870 et
443 847 584 877 antequam
595 842 770 878 gloriﬁcetur,
785 842 1049 870 humiliatur.Causa

259 890 358 917 animm
381 889 476 923 lapsus
499 888 560 922 ejus
575 891 618 914 est
638 887 773 914 exaltatio
791 909 797 920 ,
816 887 1048 922 quemadmodum

1095 291 1270 326 πνευματικὰ
1288 291 1336 318 καὶ
1355 291 1482 326 οὐράνια.

1131 340 1175 364 ια’.
1190 336 1338 370 ’Ὑπαρξις
1352 336 1510 363 πλουσίων
1520 357 1527 370 ,
1545 336 1634 369 πόλις
1649 335 1755 370 ὀχυρά.
1776 337 1890 370 Περιουυ

1096 384 1140 410 σία
1153 383 1207 410 τῶν
1220 382 1270 419 τὴν
1283 381 1387 418 ἀρετὴν
1403 383 1450 409 καὶ
1467 382 1516 418 τὴν
1530 383 1631 417 γνῶσιν
1649 382 1888 418 πεπλουτηκότων,

1096 430 1112 464 ἠ
1128 430 1184 457 ἄνω
1199 430 1259 456 ἐστὶ
1275 428 1481 464 μητρόπολις,ἡ
1495 428 1708 463 ἀνεπιδούλητος
1726 429 1773 455 καὶ
1785 428 1892 455 ἀνάλω-

1094 483 1158 508 τος·
1173 476 1262 503 πάντα
1275 475 1446 510 προϊεμένων
1468 475 1504 502 τὰ
1524 475 1665 510 παρόντα,
1683 474 1722 506 ὡς
1736 475 1770 502 ἂν
1784 475 1890 510 ἐκείνης

1095 522 1203 549 πολῖται
1220 522 1363 556 γένωνται.

1140 568 1170 595 Ἠ
1192 567 1227 594 δὲ
1249 568 1325 600 δόξα
1344 567 1440 602 αὐτῆς
1451 567 1529 602 μέγα
1544 567 1722 598 ἐπισκιάζει.
1740 567 1772 594 Ἦ
1793 568 1822 594 δὲ
1843 568 1890 595 τοῦ

1097 612 1231 645 παναγίου
1246 611 1406 647 Πνεύματος
1423 612 1504 648 χάρις
1514 632 1522 645 ,
1537 612 1610 647 ἤπερ
1627 613 1701 640 ἐστὶν
1716 613 1823 648 ἐκείνης
1841 613 1891 647 τῆς

1097 659 1202 691 πόλεως
1216 658 1337 692 εῠκλεια,
1351 659 1389 690 ὠς
1405 659 1468 691 τοὺς
1480 659 1583 694 ταύτης
1594 659 1705 691 πολίτας
1716 659 1829 691 ἀξιοῦσα
1841 659 1893 694 τῆς

1098 704 1169 731 κατὰ
1183 705 1264 739 χάριν
1278 704 1403 736 θεώσεως
1413 725 1419 737 ,
1435 705 1465 731 οὺ
1484 705 1591 740 μικρῶς
1606 704 1747 732 κάνταῦθα
1763 705 1892 739 φυλάττει

1098 749 1152 776 ἀπὸ
1172 750 1220 785 τῆς
1241 749 1287 777 τοῦ
1309 750 1432 785 φλογμοῦ
1453 750 1508 777 τῶν
1527 750 1624 777 παθῶν
1645 751 1838 786 μελανώσεως.

1136 795 1180 830 ιβ’.
1202 795 1262 829 Πρὸ
1284 795 1450 830 συντριϐἦς
1478 795 1610 830 ὑψοῦται
1635 795 1743 830 καρδία
1764 795 1894 830 ἀνδρὸς,

1099 842 1148 868 καὶ
1164 841 1220 876 πρὸ
1236 842 1329 876 δόξης
1343 842 1546 870 ταπεινοῦται.
1566 842 1646 869 Δίτὶα
1659 843 1706 869 τοῦ
1719 842 1789 869 κατὰ
1803 842 1894 877 ψυχὴν

1100 887 1276 924 πτώματοςὴ
1293 888 1395 924 ταύτης
1409 889 1482 915 ἐστὶν
1503 889 1630 924 ἔπαρσις,
1651 889 1748 923 ὥσπερ
1764 888 1799 915 αὗ
1815 889 1895 924 ἡτα-

259 934 401 962 humilitas
414 940 499 961 causa
519 938 561 960 est
577 933 690 960 honoris
718 933 791 968 apud
820 933 917 961 Deum.
950 933 1046 961 Omnis

1109 935 1298 970 τεινοςρροσύνη
1311 935 1361 969 τῆς
1376 935 1453 971 παρὰ
1469 935 1528 970 Θεῷ
1546 935 1631 970 τιμῆς
1640 943 1649 950 ·
1663 936 1718 966 πᾶς
1729 935 1784 970 γὰρ
1793 935 1808 960 ό
1819 934 1894 969 ὑψῶν

259 982 332 1010 enim
350 981 398 1016 qui
418 988 448 1008 se
463 979 566 1007 exultat
597 979 791 1006 humiliabitur
805 999 812 1011 ,
830 979 876 1014 qui
901 984 991 1007 autem
1019 987 1049 1007 se

260 1027 387 1056 humiliat
403 1026 580 1054 exaltabitur.

298 1073 379 1101 Vsus.
401 1072 445 1099 15.
467 1072 519 1104 Qui
547 1072 622 1106 prius
650 1070 788 1105 respondet
819 1078 899 1105 quam
919 1070 1048 1103 audierit,
1094 1068 1096 1071 ’

262 1119 372 1146 stultum
384 1126 412 1145 se
422 1125 477 1145 esse
492 1117 666 1148 demonstrat,
684 1121 708 1143 et
719 1116 916 1150 vituperatione
928 1116 1049 1151 dignum.

261 1164 313 1198 Qui
329 1171 389 1191 sese
403 1163 525 1190 defendit
539 1163 701 1197 priusquam
717 1162 831 1190 auribus
846 1162 966 1197 accipiat
976 1161 1051 1197 quod

260 1210 313 1245 ipsi
327 1209 446 1241 dicitur,
476 1207 604 1235 amentia:
622 1207 746 1235 defensio
779 1207 839 1242 ejus
865 1207 1052 1236 manifestatio

261 1255 364 1289 evadit,
377 1255 439 1290 quia
454 1262 510 1282 non
521 1253 763 1289 intelligitdictum
775 1258 806 1280 ut
821 1253 860 1280 illi
874 1254 1050 1289 respondeat.

263 1303 326 1330 Ideo
340 1307 369 1329 et
391 1300 580 1328 contemnitur
603 1299 637 1327 ab
654 1299 783 1328 omnibus
801 1300 902 1335 quibus
918 1300 1054 1336 colloqui-

264 1352 317 1374 lUI‘.

303 1392 384 1420 Vsus.
405 1391 450 1418 Ν.
471 1391 601 1418 Furor-em
617 1390 667 1418 viri
686 1391 792 1426 mitigat
813 1399 903 1419 servus
926 1390 1054 1426 prudens.

264 1438 333 1466 Iram
351 1438 471 1466 hominis
497 1438 573 1465 sedat
604 1437 725 1472 prudens
759 1437 879 1466 famulus
906 1438 1055 1466 solertibus

264 1484 367 1512 verbis.

301 1530 506 1559 Pusillanimem
521 1534 612 1557 autem
636 1529 777 1557 dominum
800 1529 823 1557 si
838 1530 900 1565 quis
923 1531 1054 1563 sustinet,

266 1577 450 1606 admiratione
472 1577 584 1612 dignus.
600 1575 677 1604 Solet
691 1576 764 1603 enim
781 1576 826 1604 ille
838 1577 919 1604 irasci
937 1577 964 1604 in
979 1577 1054 1604 omni

265 1624 424 1656 occasione,
440 1623 462 1650 si
478 1621 586 1649 accidat
604 1626 634 1649 ut
654 1621 759 1656 aliquid
777 1630 831 1649 non
859 1623 938 1656 juxta
973 1623 1057 1650 bene-

266 1670 398 1706 placitum
422 1668 583 1703 perﬁciatur
607 1675 641 1695 ex
664 1668 822 1703 ignorantia
846 1669 917 1696 servi
942 1668 1057 1695 manda-

267 1722 325 1744 tum
351 1723 407 1742 non
435 1714 628 1748 adimplentis,
645 1715 689 1741 cui
711 1722 782 1748 stepe
805 1714 956 1742 inhumane
975 1714 1058 1749 ﬂagra

269 1761 366 1796 infigit.

305 1806 389 1833 Vsus.
410 1805 454 1833 15.
474 1805 527 1832 Cor
548 1804 688 1839 prudentis
703 1803 821 1838 possidet
853 1811 972 1831 sensum.
994 1803 1060 1830 Ani-

269 1860 314 1881 ma
338 1852 399 1887 ejus
421 1851 468 1886 qui
496 1850 582 1878 Deum
607 1855 699 1878 mente
727 1849 843 1885 profert,
869 1849 970 1884 accipit
1001 1848 1060 1876 dis-

271 1899 421 1926 cretionem
436 1904 497 1932 quae
512 1904 526 1923 a
540 1896 633 1931 pejore
656 1894 758 1922 melius
769 1895 925 1930 distinguit;
946 1895 1061 1922 manda-

271 1950 300 1972 ta
330 1944 376 1972 Dei
412 1942 564 1977 adimplere
591 1941 676 1976 cupit,
707 1945 763 1968 tum
795 1949 827 1968 ea
859 1948 920 1976 qua:
946 1948 962 1967 a
989 1940 1061 1968 malo

272 1993 422 2023 avertunt,
439 1993 497 2016 tum
519 1995 551 2015 ea
570 1995 630 2022 qua:
653 1987 686 2015 ad
713 1987 842 2014 virtutem
866 1987 1060 2015 adhortantur.

307 2092 392 2118 Aures
426 2095 514 2117 autent
552 2089 712 2124 sapientium
752 2093 874 2124 quaerunt
902 2088 1061 2115 doctrinam.

273 2137 390 2165 Auditus
407 2139 499 2164 autem
519 2143 614 2163 eorum
632 2135 678 2170 qui
695 2134 781 2162 divini
802 2134 879 2162 verbi
913 2139 979 2162 sunt
999 2142 1064 2170 par—

277 2183 387 2217 ticipes,
409 2189 464 2208 non
497 2180 558 2208 solo
582 2179 630 2207 Dei
646 2180 730 2207 verbo
754 2185 820 2208 sunt
845 2181 987 2213 contenti,
1016 2180 1063 2209 sed

274 2236 323 2263 per
340 2226 548 2254 meditationem
574 2229 736 2253 scrutantur
750 2226 832 2253 etiam
867 2226 950 2260 hujus
988 2226 1064 2254 verbi

274 2281 397 2304 sensum,
419 2272 507 2300 donec
541 2271 704 2307 perveniant
741 2271 774 2298 ad
793 2271 820 2298 id
846 2271 917 2306 quod
946 2276 1008 2304 est,
1035 2277 1064 2299 ut

276 2319 360 2350 Deus,
382 2325 466 2353 supra
482 2317 582 2344 mentis
603 2315 824 2350 conceptionem.

309 2365 392 2393 Vens.
406 2364 449 2391 16.
466 2363 572 2391 Donum
595 2362 708 2390 hominis
727 2361 824 2389 dilatat
855 2370 924 2394 eum,
954 2366 979 2389 et
995 2362 1065 2395 apud

275 2411 404 2447 principes
418 2410 508 2438 sedere
522 2409 587 2444 facit
611 2417 681 2436 eum.
702 2408 822 2444 Spiritus
852 2410 941 2436 sancti
963 2409 1065 2436 donum

276 2459 348 2494 quod
366 2457 466 2492 accipit
482 2457 575 2489 homo,
593 2456 670 2484 ducit
682 2463 744 2483 eum
761 2455 790 2482 in
802 2462 962 2482 mensuram
976 2455 1066 2482 aetatis

277 2503 453 2539 plenitudinis
461 2501 573 2530 Christi.
582 2500 648 2529 Cum
659 2501 741 2528 homo
752 2507 767 2527 a
778 2499 875 2526 timore
885 2499 977 2526 divino
994 2499 1068 2525 ince-

279 2551 318 2586 pit
338 2554 364 2577 et
381 2549 444 2577 aliis
468 2548 568 2577 exinde
579 2548 662 2576 donis
675 2547 774 2579 erevit,
786 2547 863 2574 illum
875 2545 1030 2573 consolidat
1041 2549 1069 2572 et

279 2596 375 2624 sedere
391 2594 458 2622 facit
470 2602 532 2622 cum
551 2595 585 2622 iis
596 2593 643 2629 qui
655 2593 805 2628 participes
819 2595 885 2620 sunt
899 2591 1067 2626 perﬁcientis

279 2642 419 2678 sapientia:
434 2648 495 2676 quae
509 2641 556 2668 dat
572 2641 657 2668 robur
674 2640 708 2667 ad
723 2638 893 2674 subigendos
923 2637 1068 2673 pravitatis

280 2688 405 2723 spiritus,
426 2687 565 2714 mendacii
591 2691 730 2713 auctores.
753 2684 832 2712 Illum
850 2691 864 2711 a
891 2683 1068 2719 passionibus

280 2734 467 2770 puriﬁcatam,
482 2737 510 2760 et
524 2740 573 2768 per
587 2732 794 2759 meditationem
808 2730 992 2758 illuminatum
1022 2736 1069 2756 co-

280 2781 411 2815 gnitione,
437 2779 590 2814 perfectum
614 2778 641 2804 in
662 2778 805 2806 soliditate
823 2776 936 2804 virtutis
962 2775 1069 2803 consti—

282 2827 342 2854 luit.

319 2915 402 2945 Vens.
425 2915 465 2943 l7.
483 2914 578 2943 Justus
595 2918 733 2942 accusator
748 2913 789 2940 sui
810 2913 836 2940 in
854 2911 986 2947 principio
1012 2919 1068 2938 ser-

1100 982 1197 1008 ἑαυτὸν
1209 982 1475 1018 ταπεινωθήσεται,ὀ
1487 983 1516 1010 δὲ
1528 983 1666 1010 ταπεινῶν
1679 981 1775 1009 ἑαυτὸν
1786 982 1896 1017 ὑψωθή-

1100 1037 1187 1056 σεται.

1137 1078 1182 1109 ιγ’.
1198 1075 1247 1108 Ὃς
1262 1075 1458 1109 ἀποκρίνεται
1468 1076 1562 1110 λόγον
1575 1074 1647 1109 πρὶν
1657 1074 1799 1106 ἀκοῦσαι,
1809 1074 1898 1108 ἀφρο-

1102 1122 1182 1156 σύνη
1203 1122 1289 1148 ἐστὶν
1309 1121 1390 1153 αὐτῷ
1410 1121 1459 1148 καὶ
1477 1121 1603 1153 ὄνειδος.
1624 1120 1669 1156 Τῷ
1685 1120 1898 1155 ἀπολογουμένῳ

1103 1168 1169 1203 πρὶν
1185 1168 1240 1198 τοῖς
1253 1167 1304 1193 ὠσὶ
1318 1166 1444 1199 δέξασθαι
1457 1167 1487 1193 τὸ
1503 1167 1578 1203 παρά
1592 1175 1664 1198 τινος
1677 1166 1764 1201 τούτῳ
1780 1166 1898 1199 λεγόμε-

1105 1222 1161 1246 νον,
1183 1213 1311 1248 ἀνοίαςή
1336 1213 1451 1246 τοιαύτη
1477 1213 1611 1247 ἀπολογία
1636 1213 1780 1248 παραίτιος
1793 1212 1898 1246 γίνεται

1105 1259 1147 1286 ὅτι
1164 1259 1201 1294 μὴ
1218 1258 1325 1294 συνίησι
1339 1259 1369 1285 τὸ
1388 1258 1554 1293 λεγόμενον,
1574 1258 1618 1285 ἵνα
1632 1258 1700 1294 πρὸς
1719 1257 1786 1284 αὐτὸ
1807 1257 1899 1291 φθέγ-

1106 1303 1201 1338 ξηται¹
1225 1303 1351 1331 ἐντεῦθεν
1374 1303 1401 1330 δὲ
1426 1305 1473 1330 καὶ
1498 1303 1698 1337 ὲξούδενώσεως
1723 1302 1799 1338 παρὰ
1828 1303 1898 1329 πᾶσι

1105 1351 1162 1382 τοῖς
1177 1349 1398 1385 ἐντυγχάνουσιν.

1143 1395 1185 1422 ιδ’.
1206 1395 1308 1430 Θυμὸν
1321 1394 1432 1429 ἀνδρὸς
1449 1395 1572 1428 πραΰνει
1593 1394 1730 1429 Θεράπων
1743 1394 1898 1428 φρόνιμος.

1113 1441 1214 1476 Ὀργὴν
1236 1440 1381 1476 ἀνθρώπου
1403 1440 1580 1467 καταστέλλει
1598 1441 1727 1476 νουνεχὴς
1747 1440 1897 1476 ὑπηρέτης,

1107 1487 1203 1520 δεξιῶς
1219 1487 1302 1513 αὑτὸν
1318 1487 1519 1522 μετερχόμενος

1144 1533 1320 1568 Μικρόψυχον
1336 1533 1358 1559 δ’
1370 1533 1512 1568 ἄνθρωπον
1527 1532 1607 1564 εἴτις
1619 1532 1777 1567 ὑπενέγκει,
1791 1533 1902 1568 θαύμα-

1109 1588 1153 1611 τος
1171 1579 1246 1611 ἄξιος
1255 1587 1262 1594 ”
1281 1578 1360 1605 εἴωθε
1375 1578 1430 1614 γὰρ
1443 1576 1521 1610 οὗτος
1534 1579 1692 1614 ὀργίζεσθαι
1705 1580 1752 1606 καὶ
1765 1580 1805 1610 είς
1816 1579 1846 1605 τὸ
1860 1588 1904 1605 τυ-

1109 1625 1165 1660 χὸν,
1182 1626 1206 1651 εί
1224 1625 1314 1660 συμϐῇ
1332 1625 1368 1660 μὴ
1384 1624 1601 1659 ἀποτελεσθῆναι
1613 1625 1684 1652 κοιτά
1703 1625 1733 1651 τὸ
1747 1625 1822 1660 αὐτῷ
1839 1626 1902 1660 βου-

1109 1670 1200 1706 λητὸν,
1213 1671 1244 1703 ἐξ
1259 1671 1371 1706 ἀγνοίας
1384 1670 1432 1696 τοῦ
1448 1670 1485 1706 μὴ
1497 1671 1577 1697 τοῦτο
1588 1671 1790 1707 πληρώσαντας,
1837 1671 1903 1698 πο).-

1110 1717 1189 1748 λάκις
1202 1716 1326 1751 ἀνηλεῶς
1342 1715 1477 1750 ἐπιφέρει
1495 1717 1541 1743 καὶ
1555 1716 1691 1751 μάστιγας

1148 1798 1188 1822 ιε’.
1208 1795 1320 1829 Καρὸία
1330 1797 1476 1830 φρονίμου
1498 1795 1601 1823 κτᾶται
1611 1796 1766 1830 αἴσθησιν.
1786 1797 1818 1822 '11
1831 1796 1904 1832 ψυχὴ

1111 1843 1157 1870 τοῦ
1172 1844 1368 1879 περιφέροντος
1385 1844 1450 1870 Θεὸν
1465 1843 1535 1870 κατά
1549 1842 1680 1875 διάνοιαν,
1697 1842 1904 1878 προσλαμεάνει

1112 1890 1248 1925 διάκρισιν
1264 1890 1313 1926 τὴν
1326 1890 1484 1926 διαιροῦσαν
1502 1889 1531 1916 τὸ
1546 1890 1669 1924 κρεῖττον
1686 1889 1740 1916 ἀπὸ
1751 1889 1797 1916 τοῦ
1813 1889 1903 1924 χείρο-

1113 1941 1172 1967 νος·
1191 1936 1245 1962 τῶν
1261 1935 1474 1971 ἀποτρεπουσῶν
1491 1934 1541 1970 μὲν
1556 1934 1603 1961 τοῦ
1617 1934 1718 1966 κακοῦ,
1734 1943 1906 1970 προτρεπου-

1115 1979 1170 2006 σῶν
1195 1980 1223 2006 δὲ
1249 1980 1318 2015 προς
1335 1980 1365 2006 τὸ
1380 1980 1462 2007 καλὸν
1477 1979 1593 2006 ἐντολῶν
1610 1979 1704 2013 αὑτοῦ,
1723 1980 1793 2007 κατὰ
1807 1979 1906 2015 πρᾶξιν

1114 2026 1335 2062 ἀντιποιουμένη.

1151 2070 1226 2099 Ὦτα
1240 2072 1274 2100 δὲ
1289 2074 1395 2108 σοφῶν
1414 2073 1493 2108 ζητεῖ
1511 2074 1642 2102 ἔννοιαν.
1663 2074 1696 2101 Δί
1713 2074 1736 2100 δ’
1747 2074 1827 2101 ἀκοαὶ.
1853 2073 1909 2099 τῶν

1117 2121 1307 2155 μετασχόντων
1328 2120 1376 2147 τοῦ
1393 2120 1466 2148 θείου
1491 2121 1582 2155 λόγου,
1598 2121 1647 2147 οὐκ
1668 2120 1817 2156 ἀρκοῦνται
1834 2119 1909 2155 μόνῳ

1115 2165 1154 2200 τῷ
1168 2165 1264 2192 τούτου
1283 2166 1369 2202 ῥητῷ,
1383 2166 1440 2192 ἀλλ’
1452 2166 1619 2201 ἀνερευνῶσι
1638 2165 1710 2192 κατὰ
1730 2165 1847 2201 θεωρίαν
1862 2166 1909 2191 καὶ

1115 2211 1146 2238 τὸ
1158 2211 1241 2238 αὐτοῦ
1252 2213 1358 2247 νοητὸν,
1377 2212 1429 2245 ἕως
1439 2212 1472 2240 ἂν
1486 2212 1626 2247 φθάσωσιν
1639 2213 1679 2244 είς
1690 2212 1720 2239 τὸ
1730 2212 1825 2239 τούτου
1837 2212 1910 2246 ὑπὲρ

1117 2258 1279 2294 κατάληψιν,
1300 2259 1337 2290 ὡς
1357 2258 1436 2285 Θεοῦ.

1153 2355 1200 2385 ις’.
1232 2353 1311 2386 Δόμα
1334 2352 1492 2386 ἀνθρώπου
1515 2351 1696 2377 ὲκπλατύνει
1721 2350 1831 2382 αὑτὸν,
1859 2351 1909 2376 καὶ

1118 2398 1197 2433 παρὰ
1207 2398 1371 2432 δυνάσταις
1382 2397 1529 2428 καθιζάνει
1545 2398 1648 2425 αὐτόν.
1668 2397 1700 2423 Ἦ
1713 2396 1759 2423 τοῦ
1774 2395 1911 2430 παναγίου

1119 2445 1277 2480 Πνεύματος
1293 2444 1392 2480 δωρεὰ,
1410 2445 1444 2480 ἣν
1460 2443 1595 2479 λαμϐάνει
1610 2443 1763 2479 ἄνθρωπος,
1777 2443 1839 2477 ἄγει
1853 2442 1913 2468 τοῦ-

1117 2501 1164 2518 τον
1174 2493 1214 2523 εἰς
1226 2491 1324 2527 ιιέτρον
1337 2491 1447 2527 ἡλικίας
1458 2490 1505 2517 τοῦ
1518 2490 1702 2526 πληρώματος
1714 2490 1762 2516 τοῦ
1773 2489 1893 2524 Χριστοῦ
1904 2498 1910 2503 ·

1119 2538 1173 2565 ἀπὸ
1188 2538 1271 2572 φόϐου
1283 2537 1358 2564 θείου
1371 2538 1531 2573 ἀρχόμενον,
1543 2537 1590 2564 καὶ
1601 2538 1658 2568 τοῖς
1669 2537 1732 2572 ἑξῆς
1744 2536 1912 2571 χαρίσμασιν

1120 2584 1344 2619 ὲπεκτεινόμενον
1369 2585 1416 2611 καὶ
1439 2583 1510 2619 μετὰ
1524 2583 1577 2610 τῶν
1596 2582 1786 2618 μετασχόντων
1799 2583 1849 2616 τῆς
1869 2590 1914 2607 τεο

1119 2630 1255 2658 ).ειοποιοῦ
1272 2630 1379 2665 σοφίας,
1394 2629 1444 2665 τῆς
1460 2629 1639 2665 ἐνισχυούσης
1653 2628 1748 2655 τοῦτον
1763 2629 1804 2659 εις
1818 2628 1849 2653 τὸ
1862 2636 1913 2653 κα-

1119 2677 1328 2705 ταδυναστεύειν
1348 2677 1403 2704 τῶν
1425 2677 1460 2704 τὰ
1480 2676 1565 2711 ψευδῆ
1580 2675 1784 2709 ὑποτιθεμένων
1798 2675 1848 2709 τῆς
1865 2682 1914 2700 πο-

1121 2730 1218 2761 νηρίας
1241 2724 1418 2759 πνευμάτων,
1441 2721 1633 2757 ἐγκαθιδρύειν
1649 2721 1719 2756 μετὰ
1740 2720 1771 2747 τδ
1794 2720 1914 2754 καθᾶραι

1121 2772 1215 2799 παθῶν
1235 2771 1308 2798 κατὰ
1331 2771 1440 2806 πρᾶξιν,
1457 2770 1504 2796 καὶ
1529 2768 1647 2803 φωτίσαι
1664 2767 1824 2802 γνωστικῶς
1847 2767 1917 2793 κατὰ

1122 2817 1248 2852 θεωρίαν,
1257 2816 1363 2843 τέλειον
1375 2815 1457 2843 αὑτὸν
1467 2813 1681 2841 ἁποκαθιστῶσα
1692 2814 1726 2849 τῇ
1735 2813 1763 2839 ὲν
1771 2812 1810 2848 τῷ
1822 2811 1918 2845 ἁγαθῷ

1121 2862 1247 2898 ἁτρεψίᾳ.

1160 2911 1203 2941 ιζ’.
1223 2909 1341 2942 Δίκαιος
1356 2908 1465 2937 ἑαυτοῦ
1482 2907 1648 2942 κατήγορος
1660 2906 1694 2933 ἐν
1720 2905 1919 2939 πρωτολογίςε,
