2072 3161
192 188 259 220 Ηύῧ

734 194 999 226 COMMENTARI]
1020 196 1061 226 IN
1082 197 1309 228 PROVERBIA.

1760 201 1827 235 1410

190 245 240 276 ’⁷ος
255 244 300 270 τὸν
314 245 395 280 νόμον
410 246 460 282 τῆς
472 247 513 279 είς
529 247 596 274 Θεὸν
612 248 659 274 καὶ
678 248 723 276 τὸν
742 250 855 285 πλησίον
872 252 983 287 ἀγάπης

1040 252 1132 279 inom‘s.
1155 251 1206 285 Qui
1225 253 1309 288 legem
1326 254 1471 283 charitatis
1493 255 1519 283 in
1537 255 1620 284 Deum
1645 262 1671 285 ct
1685 257 1711 284 in
1733 261 1827 293 proxi-

188 292 280 326 τηρεῖ,
295 293 512 327 προηγουμένως
529 293 591 320 οὔτε
609 294 683 330 Θεῷ,
700 296 762 323 οὔτε
778 297 831 333 μὴν
848 298 984 334 ἀνθρώπῳ

188 337 238 371 τὴν
252 337 359 365 οῐανοῠν
373 339 478 374 μέμψιν
489 340 588 374 ἐπάγει
602 349 608 356 ·
622 341 680 368 ἀλλ’
692 343 790 369 ἑαυτὸν
801 344 922 371 αἰτιᾶται
936 347 984 381 ἐφ’

188 380 229 415 οἷς
246 384 421 420 πλημμελεῖ·
438 386 499 420 μεθ’
512 386 526 413 ὂ
540 387 650 420 πάντως
671 389 719 424 τὴν
743 390 809 425 παρ’
820 390 984 428 ἀμφοτέρων

188 429 334 461 ὲξαιτεῖται.
353 433 536 467 συμπάθειαν.

232 475 279 509 Ὡς
299 476 324 502 δ’
344 477 384 504 ἂν
405 478 554 515 ἐπιϐάλλῃ
581 481 598 506 d
620 480 770 514 ἀντίδικος
783 503 790 514 ,
817 483 981 518 ἐλέγχεται.

196 522 337 549 Ἐντεῦθεν
352 523 380 550 δὲ
393 524 484 557 καθὼς
499 525 531 552 ἂν
547 525 633 561 τούτῳ
651 528 793 564 προσϐάλῃ
808 529 822 555 ὀ
837 530 984 561 ἀντίπαλος

189 568 244 594 τῶν
269 569 411 604 ἡμετέρων
436 570 548 606 ψυχῶν,
563 572 618 598 εἴτε
643 573 711 608 πρὸς
737 574 912 610 βλασφημίαν
935 576 983 602 τοῦ

190 613 258 639 Θεοῦ
284 614 394 649 κινῆσαι
418 616 512 643 τοῦτον
536 617 693 654 ἐπιχειρῶν,
710 620 765 646 εἴτε
791 620 860 656 πρὸς
883 621 984 656 ἔχθραν

189 659 237 686 τοῦ
257 660 382 696 ἀδελφοῦ,
404 661 577 697 ἡττώμενος,
598 664 743 700 ἀνίσχυρος
763 665 910 694 δείκνυται.

229 709 274 741 ιη’.
292 707 475 742 Ἀντιλογίας
494 710 583 736 παύει
602 710 724 744 κλῆρος.
751 711 782 738 Ἠ
808 715 983 750 καταγομένη

196 752 249 778 ἀπὸ
262 752 330 779 Θεοῦ
344 753 382 785 ὥς
395 763 437 786 τις
455 755 588 790 πατρικὸς
602 757 712 792 κλῆρος,
723 758 768 784 ἐπὶ
781 759 844 790 τοὺς
857 760 985 792 ἀξιωθέν-

191 806 240 829 τας
261 799 311 833 τῆς
328 799 410 826 αὑτοῦ
426 800 497 827 κατὰ
514 801 595 838 χάριν
617 803 763 835 υἱοθεσίας,
785 805 831 831 τοῦ
849 807 984 841 παναγίου

195 843 357 879 Πνεύματος
379 846 480 882 δωρεὰ,
496 848 551 878 τοῖς
575 848 624 883 μὲν
648 850 814 884 ἀρτιγενέσι,
830 852 910 878 παύει
936 853 985 885 τὰς

191 891 358 923 ἀντιθέσεις·
374 892 423 928 τὴν
437 893 529 921 πίστιν
543 894 648 926 τούτοις
663 896 830 928 ἐπαύξουσα,
846 898 892 924 καὶ
909 899 983 934 φόϐῳ

192 935 256 972 θείῳ
273 938 493 966 χαταστέλλουσα
509 939 582 975 πάθη
605 941 639 967 τὰ
655 942 716 973 ταῖς
730 942 852 974 ἐντολαῖς
866 944 984 971 ἀντικεί-

193 991 272 1018 μενα.

232 1029 282 1055 Ἐν
295 1028 329 1056 δὲ
345 1029 511 1064 δυνάσταις
528 1032 625 1066 ὁρίζει.
647 1032 707 1064 Τοῖς
732 1034 754 1060 δ’
765 1035 924 1070 ἀνδρωθεῖσι
949 1037 982 1072 τῇ

192 1074 294 1106 πίστει,
311 1076 358 1102 καὶ
379 1076 432 1102 τῶν
454 1077 548 1103 παθῶν
564 1079 803 1114 περιγενομένοις,
817 1082 984 1118 περιγράφει

191 1119 241 1155 τὴν
253 1120 396 1156 ἐνέργειαν
406 1143 413 1154 ,
429 1123 458 1150 ὲν
474 1123 572 1155 αὐταῖς
593 1125 655 1156 ταῖς
671 1125 706 1152 τὰ
722 1126 796 1162 πάθη
807 1129 984 1165 ,καταπαλαι-

194 1167 289 1199 σᾰισαις
304 1168 425 1199 ἐντολαῖς
445 1169 493 1196 τοῦ
511 1170 579 1196 Θεοῦ
590 1179 596 1186 ·
616 1171 653 1202 ὡς
677 1172 710 1199 ἂν
723 1172 792 1209 αὕτη
817 1175 857 1206 εἰς
871 1175 921 1207 τὰς
935 1177 985 1211 τῆς

194 1215 294 1249 ἀρετῆς
307 1215 344 1251 μὴ
358 1216 468 1251 ὲκκλὶνῃ
483 1217 648 1253 ὑπερϐολάς.

227 1260 270 1288 ιον.
291 1261 431 1296 Ἀδελρὸς
440 1263 501 1290 ὑπὸ
510 1263 645 1298 ἀδελφοῦ
652 1265 870 1301 βοηθσύμενος,
879 1269 919 1302 ὡς
930 1270 983 1296 πό-

193 1308 240 1340 λις
255 1307 349 1341 ὀχυρὰ
360 1308 408 1335 καὶ
425 1309 532 1343 ὑψηλή
545 1319 550 1325 ·
580 1311 679 1345 Ισχύει
693 1312 736 1345 δὲ,
747 1312 848 1348 ὥσπερ
869 1317 985 1350 τεθεμε-

193 1351 324 1386 λιωμένη
335 1356 583 1388 μεμοχλευμένον
589 1356 761 1387 βασίλειον.
783 1358 863 1394 Ψυχὴ
875 1359 943 1394 πρὸς
952 1359 986 1386 τὰ

195 1397 327 1424 κάλλιστα
345 1399 396 1425 ὑπὸ
414 1399 461 1426 τοῦ
480 1401 628 1434 συγγενοῦς
642 1401 756 1436 σαρκίον
771 1403 985 1439 συνεργουμένη,

195 1444 273 1479 δίκην
286 1445 390 1476 πόλεως
408 1446 510 1481 ὀχυρᾶς
525 1455 554 1473 τε
578 1447 625 1474 καὶ
641 1447 757 1483 ὑψηλῆς,
772 1450 827 1480 τοῖς
853 1450 901 1484 μὲν
919 1450 971 1477 καθ
981 1451 987 1461 ‘

196 1491 350 1527 ὑπερϐολὴν
365 1492 415 1525 τῆς
429 1493 531 1528 ἀρετῆς
547 1493 645 1521 πάθεσι
663 1494 739 1529 μένει
750 1495 797 1522 ἀνε
804 1496 985 1529 πιϐούλευτος·

196 1539 234 1569 ὡς
257 1539 491 1574 μετριοφρονοῦσα
508 1539 546 1574 τῷ
562 1540 635 1575 πόνῳ
658 1541 708 1576 τῆς
730 1541 832 1576 ἀρετῆς
844 1563 851 1573 ,
869 1542 913 1569 διὰ
938 1543 987 1578 τὴν

1037 304 1111 323 mtnu
1136 303 1239 329 servat,
1265 307 1352 333 neque
1371 299 1427 328 Deo
1456 309 1545 336 neque
1575 303 1678 330 homini
1709 304 1825 339 primam

1036 350 1228 378 quan’tcunque
1241 344 1468 379 vituperationem
1489 347 1596 380 tribuit,
1612 348 1660 376 sed
1681 356 1710 376 se
1736 349 1826 384 ipsum

1037 393 1150 416 accusat
1170 389 1204 416 de
1226 391 1344 424 propriis
1358 392 1448 426 culpis
1468 401 1474 419 :
1502 398 1646 428 propterea
1665 394 1711 423 Dei
1740 395 1828 423 homi-

1037 443 1157 469 numque
1171 436 1284 463 omnino
1304 437 1356 464 sibi
1372 438 1502 466 conciliat
1520 441 1681 468 amicitiam.

1072 479 1138 508 Cum
1154 489 1213 508 vero
1241 482 1367 517 adjecerit
1393 484 1565 513 adversarius
1594 487 1726 522 arguitur.
1758 488 1828 516 Hinc

1037 529 1127 553 autem
1143 529 1379 561 quemadmodum
1400 531 1422 558 si
1448 538 1529 565 quem
1543 536 1631 559 tentat
1650 533 1827 561 adversarius

1037 571 1377 606 animarumnostrarum.
1395 583 1457 602 eum
1485 577 1628 611 impellere
1654 579 1744 606 nitens
1770 580 1828 606 sive

1036 616 1069 642 ad
1094 616 1293 651 blasphemiam
1312 620 1341 646 in
1358 620 1454 653 Deum,
1481 622 1539 650 sive
1557 623 1592 650 ad
1611 623 1705 651 odium
1720 623 1825 655 fratris.

1035 662 1128 690 victus
1143 663 1340 693 imbecillitatis
1354 667 1490 701 arguitur.

1072 706 1156 735 Vens.
1181 708 1224 736 l8.
1246 709 1479 739 Contradicliones
1504 715 1578 740 sedat
1605 722 1675 741 sors.
1707 714 1827 749 Spiritus

1037 753 1125 780 sancti
1141 754 1243 781 donum
1252 756 1326 790 quod
1338 764 1353 783 a
1369 757 1422 785 Deo
1434 758 1576 786 derivatur
1587 760 1666 795 quasi
1680 760 1827 788 hmreditas

1036 799 1160 834 quaedam
1174 805 1299 836 paterna,
1309 803 1336 830 in
1348 811 1397 831 eos
1410 805 1458 839 qui
1470 805 1546 840 digni
1560 805 1645 833 habiti
1660 811 1726 834 sunt
1739 807 1828 842 ipsius

1036 847 1189 874 secundum
1205 848 1321 883 gratiam
1339 849 1508 885 adoptionis,
1528 859 1626 880 recens
1642 852 1702 880 ﬁdei
1720 854 1828 887 genito-

1037 900 1097 919 rum
1112 892 1300 922 dissensiones
1315 896 1404 928 sedat,
1430 897 1499 932 ipsis
1530 897 1611 925 tidem
1641 899 1768 932 augendo
1800 904 1828 926 et

1034 937 1133 965 timore
1151 937 1198 966 Dei
1218 940 1381 974 expellendo
1401 942 1545 976 passiones
1559 942 1700 970 mandatis
1714 948 1827 971 contra-

1034 983 1102 1010 rias.

1071 1029 1106 1056 Et
1133 1031 1161 1058 in
1189 1033 1371 1066 potentutibus
1413 1034 1518 1069 deﬁnit.
1540 1035 1576 1062 lis
1602 1034 1649 1070 qui
1680 1034 1731 1062 viri
1762 1034 1828 1062 facti

1035 1076 1142 1103 suntin
1164 1076 1217 1105 fide
1250 1079 1452 1114 passionesquc
1480 1079 1668 1113 subiecerunt,
1691 1080 1827 1108 actionem

1035 1122 1240 1151 circumscribit
1260 1124 1288 1151 in
1302 1125 1363 1153 istis
1380 1125 1427 1152 Dei
1447 1126 1585 1154 mandatis
1607 1135 1668 1162 qua:
1693 1126 1828 1154 adversus

1036 1169 1180 1203 passiones
1196 1170 1349 1204 luctantur,
1366 1179 1400 1199 ne
1422 1172 1470 1199 illa
1494 1172 1527 1200 ad
1554 1181 1700 1201 excessum
1715 1173 1828 1201 virtutis

1035 1213 1155 1241 declinet

1072 1259 1156 1290 Vens.
1173 1261 1216 1289 -19,
1240 1262 1334 1288 Frater
1350 1271 1365 1289 ιι
1390 1263 1475 1292 fratre
1491 1263 1598 1298 adjutus
1616 1269 1743 1300 tanquam
1765 1268 1827 1295 urbs

1037 1305 1140 1332 nmnita
1155 1310 1179 1332 et
1194 1307 1312 1339 excelsa;
1328 1307 1465 1335 invalescit
1475 1314 1562 1336 autem
1577 1314 1704 1345 tanquam
1729 1313 1828 1347 funda-

1038 1356 1093 1377 tum
1109 1359 1227 1386 regnum.
1248 1352 1348 1380 Anima
1361 1354 1395 1380 ad
1412 1355 1514 1389 optima
1531 1363 1547 1381 a
1569 1355 1658 1383 sodali
1680 1364 1763 1386 carne
1776 1359 1826 1386 ad-

1035 1397 1095 1432 juta
1107 1398 1205 1426 similis
1216 1404 1259 1426 est
1270 1400 1329 1427 urbi
1344 1401 1458 1428 munita:
1468 1405 1495 1429 et
1509 1402 1634 1431 excelse.
1649 1403 1829 1435 Passionibus

1038 1443 1147 1477 quidem
1163 1451 1212 1478 per
1228 1452 1372 1473 excessum
1390 1446 1505 1475 virtutis
1525 1454 1617 1476 manet
1631 1450 1829 1486 inexpugnabi-

1039 1493 1083 1521 lis,
1095 1491 1160 1525 quia
1170 1490 1293 1519 laborem
1312 1492 1506 1528 virtutisjuxla
1520 1495 1616 1522 carnis
1639 1495 1828 1525 infirmitatem

1040 1538 1178 1566 moderat.
1209 1538 1393 1565 Passionibus
1427 1543 1518 1566 autem
1541 1547 1589 1574 per
1619 1541 1754 1569 defectum
1779 1551 1830 1570 nec

196 1583 340 1611 ἀσθένειαν
365 1584 414 1618 τῆς
439 1584 555 1619 σαρκός*
573 1586 630 1617 τοῖς
645 1585 672 1611 δὲ
687 1587 749 1612 κατ’
761 1586 880 1621 ἔλλειψιν
910 1588 989 1615 πάλιν

1046 1583 1146 1610 iterum
1164 1584 1282 1617 capitur,
1295 1584 1359 1617 quia
1371 1589 1488 1612 mentem
1505 1586 1538 1612 ad
1554 1586 1708 1620 spiritualia
1722 1588 1827 1622 dirigit,

197 1629 246 1663 οὺχ
263 1628 404 1655 ἁλίσκεται
418 1629 532 1657 πάθεσιν
543 1639 549 1645 ·
569 1630 607 1662 ὡς
621 1631 689 1665 πρὸς
704 1631 734 1657 τὸ
750 1631 858 1666 πνεῦμα
869 1632 915 1659 τὸν
928 1633 989 1659 νοῦν

198 1675 348 1709 ἀνάγουσα,
357 1674 396 1709 τῷ
413 1674 475 1709 ὕψει
486 1677 536 1711 τῆς
549 1675 687 1710 γνώσεως,
699 1677 742 1703 διὰ
752 1678 783 1704 τὸ
795 1679 894 1704 οἰκεῖον
909 1679 990 1711 ἀξίω-

200 1727 256 1756 μα⁶
273 1720 384 1747 δύναται
399 1721 428 1747 δὲ
444 1721 541 1754 ταῦτα,
557 1723 617 1753 ταῖς
632 1722 679 1748 τοῦ
695 1723 863 1756 ἐνοικοῦντος
877 1726 906 1751 ἐν
920 1725 989 1760 αὐτῇ

199 1766 272 1792 θείου
279 1766 439 1802 Πνεύματος
449 1768 613 1802 ἐνεργείαις,
620 1768 855 1804 διαφυλαττομένη
866 1771 991 1806 καθάπερ

199 1813 458 1849 κατησιραλισμένον
471 1814 500 1841 ἐν
513 1814 623 1849 μοχλοῖς
636 1815 758 1850 σιδηροῖς
771 1816 903 1851 βασιλέως
919 1817 991 1852 οἰκη-

199 1859 302 1894 τήριον.

235 1904 268 1931 κ’.
289 1905 356 1932 Ἀπὸ
371 1905 494 1939 καρπῶν
506 1906 655 1940 στόματος
671 1907 748 1941 ἀνὴρ
761 1908 912 1943 πίμπλησι
930 1918 991 1936 κοι-

200 1949 271 1976 λίαν
286 1950 390 1977 αὐτοῦ.
409 1951 483 1989 Ἀπὸ.
493 1951 548 1977 τῶν
566 1951 781 1986 προφερομένων
803 1953 834 1979 ἐκ
859 1954 992 1988 στόματος

201 1996 306 2030 ἀγαθοῦ
323 1996 486 2024 διδασκάλου
499 1997 597 2031 λόγων,
611 1997 625 2023 ὁ
637 1997 675 2033 μὴ
685 1999 744 2028 ταῖς
758 1998 865 2032 ἡδοναῖς
879 1999 992 2035 ὲκθηλυ-

201 2041 323 2076 νόμενος,
342 2042 443 2078 πληροῖ
456 2042 504 2078 τὴν
520 2042 624 2069 τούτων
640 2042 768 2078 δεκτικήν
785 2052 814 2069 τε
830 2043 878 2070 καὶ
898 2053 992 2080 κατερ-

201 2088 335 2124 γαστικὴν
355 2088 474 2116 διάνοιαν
493 2088 603 2121 ἑαυτοῦ,
623 2088 748 2115 πλουτῶν
768 2090 885 2117 σύνεσιν.

244 2134 315 2161 Ἀπὸ
332 2134 367 2160 δὲ
385 2134 509 2168 καρπῶν
523 2135 649 2169 χειλέων
663 2135 756 2162 αὑτοῦ
778 2135 992 2170 ἐμπλησθήσε-

202 2188 259 2206 ται.
279 2180 345 2206 Ἀπὸ
359 2180 387 2206 δὲ
401 2180 454 2206 τῶν
472 2181 503 2207 ὲκ
518 2181 564 2208 τοῦ
582 2181 647 2207 [δίου
663 2181 798 2216 στόματος
811 2181 992 2218 πληρωθήσε-

201 2235 247 2252 ται
261 2225 359 2260 λόγων,
377 2227 405 2253 ἐν
420 2225 459 2261 τῷ
473 2226 609 2253 διδάσκειν
632 2227 679 2254 καὶ
703 2227 854 2263 οἰκοδομεῖν
871 2227 991 2264 ἐτέρους,

202 2272 329 2306 ἔμπλεως
348 2272 445 2307 σοφίας
463 2272 619 2308 γενόμενος.

237 2323 291 2347 κα¹.
313 2319 447 2352 Θάνατος
457 2319 508 2346 καὶ
520 2318 588 2353 ζωὴ,
599 2319 634 2346 ὲν
652 2320 728 2354 χειρὶ
745 2319 899 2354 γλώσσης,
920 2321 994 2347 Κατ’

203 2367 344 2402 ἐνέργειαν
357 2366 407 2400 τῆς
421 2365 556 2401 γλώττης,
568 2366 623 2392 εἴτε
640 2366 827 2402 θανατηφόρος
840 2367 930 2401 λόγος,
940 2367 995 2394 εἴτε

204 2413 336 2448 ζωογόνος
365 2413 544 2448 προέρχεται,
573 2412 611 2445 ὡς
633 2413 786 2448 δυναμένης
817 2415 924 2449 πονηρὰ
950 2415 997 2441 καὶ

203 2460 294 2494 ἀγαθὰ
309 2459 475 2494 φθέγγεσθαι
485 2466 492 2474 ⁸
508 2455 546 2486 ὧν
565 2459 601 2486 τὰ
624 2459 673 2494 μὲν
688 2460 736 2486 καὶ
752 2459 832 2495 σῶμα
846 2461 892 2486 καὶ
908 2460 997 2496 ψυχὴν

204 2506 362 2538 θανατοῦσι,
382 2505 417 2533 τὰ
434 2506 457 2532 δ’
473 2506 618 2541 ἀμφότερα
637 2505 827 2541 ζωογονοῦσιν.

241 2553 274 2578 οι
284 2551 318 2578 δὲ
334 2551 516 2585 κρατοῦντες
529 2550 626 2585 αὐτῆς
650 2551 769 2579 ἔδονται
778 2551 849 2585 τοὺς
862 2552 998 2585 καρποὺς

204 2597 310 2631 αὐτῆς.
332 2598 363 2624 Οἱ
384 2597 407 2623 δ’
419 2597 565 2632 ἐπέχοντες
578 2597 692 2633 ταύτην,
711 2598 760 2624 καὶ
783 2598 892 2634 πονηρὰ
915 2598 998 2633 φθέγ-

204 2644 300 2677 γεσΟαι
314 2643 351 2678 μὴ
364 2643 580 2678 συγχωροῦντες,
593 2644 647 2671 τῶν
659 2644 801 2678 ζωογονεῖν
811 2646 875 2677 τοὺς
888 2644 999 2672 ἁκούονο

203 2699 253 2722 τας
271 2690 429 2725 δυναμένων
449 2690 580 2725 ῥημάτων
600 2689 792 2718 ἀπολαύουσιν.

240 2734 291 2770 κβ’.
306 2735 354 2768 Ὃς
370 2732 440 2768 εὗρε
457 2733 585 2770 γυναῖκα
596 2734 723 2769 ἀγαθὴν,
735 2733 805 2770 εὗρε
819 2736 952 2770 χάριτας.
970 2736 998 2763 ’0

204 2782 253 2817 τὴν
265 2782 364 2813 παντὸς
378 2780 461 2809 καλοὖ
472 2781 563 2808 αἰτίαν
578 2781 675 2815 σοφίαν
688 2781 812 2810 σύνοικον
825 2783 998 2819 κτησάμενος

205 2828 278 2862 νοῦς,
297 2829 433 2864 ἐκτήσατο
450 2829 497 2855 καὶ
511 2828 545 2855 τὰ
560 2828 642 2854 λοεπὸ.
656 2828 702 2854 τοῦ
723 2829 857 2863 παναγίου
874 2829 999 2865 Πνεύμα-

205 2882 250 2906 τος
267 2874 443 2910 χαρίσματα,
457 2874 488 2901 τὸ
501 2875 550 2910 τῆς
568 2874 714 2908 συνέσεως,
732 2875 763 2902 τὸ
785 2875 835 2908 τῆς
859 2875 997 2910 γνώσεως,

205 2921 235 2946 1‘:
250 2922 299 2956 τῆς
312 2921 477 2957 ἐπιστήμης,
492 2921 522 2948 τὸ
537 2921 586 2957 τῆς
603 2921 711 2956 βουλῆς,
726 2922 756 2948 τὸ
770 2921 818 2957 τῆς
837 2921 940 2957 ἰσχύος,
951 2922 999 2950 καὶ

1040 1629 1187 1656 altitudine
1206 1629 1384 1663 cognitionis,
1413 1638 1462 1664 per
1485 1632 1624 1666 propriam
1654 1633 1828 1669 dignitatem.

1041 1673 1105 1702 ΙΙωο
1120 1679 1213 1701 autent
1241 1674 1349 1702 ciiicere
1368 1679 1460 1710 potest
1472 1684 1520 1710 per
1545 1677 1681 1706 actionem
1710 1679 1831 1715 Spiritus

1042 1720 1130 1747 sancti
1156 1720 1183 1747 in
1208 1727 1238 1747 se
1267 1720 1454 1749 iuhabitautis
1471 1723 1621 1757 custodita,
1647 1726 1727 1759 quasi
1756 1726 1830 1761 regia

1043 1767 1140 1794 ferreis
1156 1767 1281 1794 vcc1ibus
1297 1767 1414 1795 munita.

1080 1901 1164 1928 Vens.
1184 1900 1228 1927 20.
1248 1900 1285 1927 De
1308 1900 1438 1934 fructibus
1465 1901 1520 1928 oris
1538 1902 1576 1928 vir
1605 1902 1694 1936 implet
1719 1907 1831 1929 ventrem

1043 1955 1130 1974 suum.
1148 1946 1332 1974 Sermonibus
1349 1954 1382 1973 cx
1397 1954 1446 1974 ore
1462 1946 1527 1973 boni
1543 1948 1722 1982 praeceptoris
1739 1956 1835 1982 proce-

1043 1991 1174 2019 dentibus
1186 1991 1233 2027 qui
1244 1991 1435 2026 voluptatibus
1452 2000 1506 2019 uon
1521 1993 1661 2021 cmollitus
1669 1999 1722 2026 est,
1737 1994 1834 2028 implet

1043 2037 1241 2072 cogitationem
1280 2044 1358 2065 suam
1387 2045 1449 2073 quae
1479 2038 1575 2072 recipit
1594 2046 1625 2066 ac
1655 2039 1775 2073 perﬁcit,
1793 2040 1833 2067 sic

1043 2085 1134 2111 ditans
1148 2084 1324 2110 intellectum.

1081 2128 1113 2155 Et
1129 2129 1160 2156 de
1179 2128 1307 2163 fructibus
1328 2129 1449 2155 labarum
1467 2137 1576 2156 suorum
1602 2129 1767 2163 implebitur.
1796 2130 1835 2158 De

1045 2175 1139 2203 verbis
1155 2183 1216 2210 qua:
1230 2183 1264 2203 ex
1281 2183 1329 2203 ore
1344 2183 1395 2202 suo
1408 2175 1562 2210 procedunt
1584 2176 1753 2210 implebitur,
1769 2177 1834 2212 quia

1045 2223 1110 2249 dum
1127 2222 1282 2249 doctrinam
1309 2221 1371 2249 aliis
1397 2221 1552 2257 dispensat,
1576 2222 1674 2257 plenus
1700 2223 1835 2258 sapientia

1010 2273 1034 2303 ι)
1045 2268 1145 2296 evadit.

1083 2315 1165 2343 Vens.
1181 2315 1226 2343 ΞΙ.
1242 2313 1316 2342 Mors
1326 2319 1350 2341 et
1364 2315 1428 2347 vita,
1444 2314 1472 2341 in
1488 2322 1569 2341 manu
1587 2314 1694 2349 tingue.
1705 2313 1726 2340 E
1739 2314 1834 2349 lingua

1047 2362 1170 2397 procedit
1186 2368 1277 2388 sermo
1300 2360 1346 2392 qui
1365 2359 1412 2387 dat
1439 2359 1497 2387 sive
1521 2363 1635 2387 mortem
1659 2360 1718 2387 sive
1737 2359 1833 2392 vitam;

1047 2408 1110 2443 quia
1135 2408 1179 2435 illa
1199 2410 1292 2442 potest
1309 2406 1380 2433 mala
1405 2409 1432 2434 et
1461 2405 1533 2433 bona
1557 2404 1693 2440 proferre,
1718 2412 1837 2440 quorum

1048 2454 1141 2489 priora
1158 2453 1268 2488 quidem
1282 2460 1381 2488 corpus
1395 2455 1423 2480 et
1437 2451 1556 2478 animam
1577 2451 1720 2484 occidunt,
1736 2456 1835 2486 poste—

1047 2501 1123 2528 riora
1140 2503 1231 2527 autem
1248 2499 1399 2527 vivilicant.

1084 2546 1136 2580 Qui
1154 2551 1242 2573 autem
1264 2545 1383 2580 dirigunt
1401 2553 1469 2577 eam,
1488 2543 1620 2572 comedent
1644 2544 1747 2578 [ructus
1767 2541 1835 2575 eius.

1048 2590 1101 2624 Qui
1117 2597 1207 2618 autem
1223 2591 1367 2618 continent
1384 2597 1443 2618 eam
1456 2610 1463 2622 ,
1486 2598 1538 2617 nec
1558 2589 1629 2616 mala
1645 2589 1772 2624 proferre
1797 2588 1836 2615 si-

1048 2641 1129 2670 nunt,
1155 2637 1277 2664 fructum
1301 2637 1415 2673 capiunt
1432 2643 1466 2664 ex
1482 2635 1573 2671 verbis
1591 2635 1733 2662 audientes
1750 2634 1840 2661 vivili-
1855 2670 1859 2685 ὃ

1048 2692 1113 2712 care
1124 2683 1289 2711 valentibus.

1083 2730 1167 2758 Vens.
1197 2730 1243 2757 22.
1270 2730 1323 2763 Qui
1348 2729 1445 2756 invenit
1466 2728 1603 2756 mulierem
1617 2728 1723 2760 bonum,
1742 2727 1839 2754 invenit

1048 2781 1160 2816 gratias.
1173 2779 1250 2808 Mens
1262 2788 1322 2815 quae
1335 2779 1459 2814 possidet
1476 2779 1651 2814 sapientiam,
1667 2778 1760 2806 omnis
1774 2776 1839 2804 boni

1048 2827 1228 2862 principium,
1252 2826 1378 2862 possidet
1400 2826 1516 2861 insuper
1533 2825 1586 2852 alia
1611 2824 1731 2860 Spiritus
1750 2821 1838 2850 sancti

1049 2874 1133 2905 dona,
1153 2873 1254 2900 donum
1271 2872 1376 2900 scilicet
1397 2872 1565 2904 intellectus,
1580 2871 1680 2898 rlmnnn
1703 2868 1838 2900 scientiae.

1050 2920 1152 2948 donum
1166 2919 1326 2955 prudentiae,
1343 2919 1447 2947 donum
1462 2918 1584 2951 consilii,
1608 2917 1710 2945 donum
1732 2915 1840 2943 fortitu-
