2072 3161
237 209 304 243 1411

237 267 327 298 dinis.
352 270 379 295 et
403 265 506 294 donum
536 267 657 294 timoris.
684 266 799 301 Aci-epit
823 271 914 293 autem
938 274 953 292 a
976 266 1031 293 Deo
1046 271 1069 297 Α

237 314 385 341 sanitatem
410 314 521 345 animm.
552 313 727 348 ptlriticatus,
750 312 920 339 illuminatus
945 317 1029 347 atque

238 360 392 396 perfectus.

275 405 360 433 Vens.
379 406 425 432 25.
445 405 497 437 Qui
511 405 618 439 expellit
634 405 771 431 mulierem
792 407 900 437 bonum,
921 405 1030 439 expellit

240 452 348 479 bonum.
370 451 420 484 Qui
435 456 548 486 propter
563 451 694 478 allectum
709 450 742 478 ad
759 451 915 483 scnsibilia.
939 450 1032 486 rejicit

239 497 468 525 intellectualium
486 497 647 532 sapientiam
665 497 692 523 in
713 500 861 531 semetipso
875 497 1032 524 inhabitan-

239 547 294 571 tem
312 551 374 579 quae
391 543 486 570 talium
510 550 594 571 causa
620 546 662 571 est
679 542 825 574 bonorum.
848 542 942 570 omnia
961 542 1030 570 bona

239 599 301 626 qua).
315 599 349 618 ex
366 591 413 618 illa
425 590 579 625 procedunt
597 590 680 617 simul
696 597 760 617 cum
777 598 809 617 ea
826 590 932 625 dejicit.

277 637 331 670 Qui
347 641 436 664 autem
447 640 514 663 tenet
528 636 690 670 adulteram,
700 637 798 664 stultus
814 642 839 664 et
854 637 963 672 impius.
979 637 1030 671 Qui

241 681 406 716 sapientiam
444 681 559 708 dimittit
586 689 756 716 sensumque
783 687 932 710 conservat
958 682 1034 710 falla-

241 733 301 753 cem
319 745 327 758 ,
344 733 395 753 nec
408 725 494 753 Deum
512 726 541 753 in
561 726 645 754 corde
658 726 776 762 profert.
795 727 937 755 necillum
950 727 1034 763 justi-

242 771 287 799 tia:
301 772 432 807 operibus
444 772 521 800 colit.

888 209 1065 241 PROCOPII

542 863 621 891 CAP.
650 863 724 892 XIX.

278 907 362 936 Vens.
378 909 405 936 3.
426 908 615 944 Imprudentia
632 911 685 937 viri
707 915 795 938 vastat
810 911 867 938 vias
883 911 952 946 ejus.
965 911 1032 947 Ejus

241 954 288 989 qui
309 954 342 981 ad
361 954 446 982 Deum
475 963 532 982 non
554 956 678 991 respicit.
704 957 752 984 sed
780 964 874 985 amore
894 957 1032 993 decipitur

242 1001 448 1035 temporalium,
473 1001 643 1031 irrationalis
667 1007 708 1030 est
736 1007 838 1031 motus.
861 1002 934 1030 Nihil
955 1004 1033 1038 proli-

241 1046 319 1073 ciunt
338 1046 426 1081 ipsius
439 1047 544 1081 studia,
561 1048 626 1084 quia
647 1055 709 1076 cum
741 1049 970 1085 corruptibilibus
993 1050 1033 1078 si-

240 1094 298 1121 mul
309 1098 465 1123 transeunt.

275 1140 390 1168 Accusat
398 1146 487 1168 autem
499 1140 582 1168 Deum
596 1141 623 1167 in
633 1141 712 1168 corde
724 1149 783 1168 suo.
793 1141 839 1169 [lle
848 1148 881 1169 ex
894 1140 1032 1169 dementia

241 1191 296 1211 non
312 1191 426 1219 pravum
452 1191 532 1212 suum
549 1184 684 1220 judicium
700 1190 826 1217 accusat,
841 1185 913 1221 quod
928 1193 991 1213 vera
1006 1190 1034 1214 et

242 1231 431 1265 permanentia
463 1235 644 1259 contemnens
669 1231 697 1258 in
715 1231 909 1267 corruptibilia
924 1239 1032 1260 omnem

241 1277 364 1304 ostendit
378 1277 517 1309 ardorem.
540 1276 589 1304 sed
603 1277 686 1304 Deum
701 1285 708 1304 :
727 1277 794 1312 quia
816 1282 1034 1313 corrumpuntur

241 1329 272 1350 ea
290 1331 351 1358 quae
367 1328 432 1351 sunt
448 1323 621 1358 corruptioni
636 1323 768 1351 obnoxia.

278 1368 362 1396 Vens.
386 1368 414 1395 4.
437 1368 542 1396 υἰυίῑίτε
564 1369 666 1396 addunt
686 1369 787 1395 amicos
812 1368 922 1396 multos.
947 1368 1034 1404 Spiri-

241 1415 329 1442 tuales
346 1415 450 1442 divitia;
465 1415 574 1443 virtutis
591 1418 619 1442 et
636 1415 771 1447 scicntia},
792 1415 853 1443 illas
879 1414 1032 1450 possidenti

241 1462 390 1490 conferunt
404 1469 466 1489 cum
482 1461 620 1490 charitate
644 1462 673 1488 in
692 1461 778 1489 Deum
805 1466 833 1488 et
854 1462 883 1489 in
908 1461 1033 1489 homines

241 1508 417 1535 charitatem.
430 1508 500 1535 Nam
519 1508 658 1535 charitate
673 1507 701 1534 in
717 1507 845 1536 homines
861 1507 986 1536 charitas
1005 1508 1032 1535 in

241 1555 328 1583 Dcutn
343 1553 540 1582 manifestatur
560 1559 643 1590 atque
656 1554 803 1590 probatur.

278 1647 359 1684 Inops
378 1654 468 1676 autem
488 1653 514 1675 et
530 1647 563 1675 ab
581 1648 667 1675 amico
688 1656 764 1684 quem
787 1648 865 1676 habet
891 1648 1033 1678 deseritur.

243 1694 514 1728 Quidivitiislalihus
522 1694 649 1722 consulto
663 1699 749 1726 caret,
762 1701 778 1721 a
793 1693 848 1721 Deo
863 1693 1033 1729 disceditqui

244 1742 312 1768 adeo
336 1740 431 1768 dilexit
443 1748 505 1768 eum
522 1744 552 1768 ut
570 1748 626 1768 non
636 1740 717 1768 modo
728 1747 791 1767 eum
806 1747 822 1767 e
835 1740 922 1767 nihilo
939 1740 973 1768 ad
987 1747 1035 1767 ex-

244 1787 398 1814 sistentiam
416 1787 553 1819 eduxerit,
579 1787 691 1822 vitaque
715 1786 861 1814 donaverit
878 1794 910 1814 ac
927 1787 1035 1814 ratione

243 1833 374 1868 omnique
394 1833 448 1860 alia
474 1841 566 1860 rerum
579 1833 659 1868 copia
680 1833 794 1868 dignum
811 1833 956 1866 habuerit,
986 1833 1034 1861 sed

244 1879 327 1906 etiam
343 1879 516 1914 unigenitum
537 1878 638 1906 Filium
655 1887 735 1907 suum
755 1887 803 1914 pro
822 1879 871 1907 illo
884 1879 965 1907 morti
979 1884 1036 1906 tra-

244 1923 356 1952 diderit.

279 2013 365 2041 Vens.
390 2013 416 2041 5.
436 2012 522 2040 Testis
540 2012 627 2048 falsus
654 2020 706 2040 non
723 2012 774 2039 erit
795 2011 952 2046 impunitus.
972 2011 1036 2038 Dia-

245 2060 325 2088 bolus
347 2060 394 2096 qui
414 2060 517 2086 malum
542 2058 712 2087 mendaciter
735 2057 831 2085 laudat
854 2062 882 2086 et
908 2057 941 2085 ad
968 2057 1034 2085 illud

245 2109 417 2142 operandum
431 2105 557 2133 hortatur
572 2105 723 2136 hominem.
740 2104 853 2132 malitiae
865 2111 973 2140 pennas.
985 2111 1036 2140 pro

245 2160 287 2185 eo,
308 2160 323 2179 a
337 2152 413 2186 justo
429 2150 526 2187 judice
549 2149 664 2178 subibit.

280 2245 333 2278 Qui
351 2248 439 2271 autent
453 2247 562 2270 accusat
586 2242 685 2278 inique,
708 2250 760 2269 non
779 2242 896 2277 effugiet.
917 2241 968 2274 Qui
989 2248 1035 2268 au-

245 2296 299 2318 tem
315 2290 349 2318 de
370 2289 494 2324 iisquae
516 2288 628 2316 admisit
655 2288 745 2323 ipsum
771 2288 911 2315 diabolum
935 2291 1034 2322 praeter
1050 2294 1072 2322 ι)

245 2336 378 2362 rationem
396 2339 520 2365 accusat.
537 2341 592 2360 non
608 2333 709 2361 exinde
722 2341 832 2361 onmem
852 2332 964 2367 en‘ugiet
976 2340 1036 2366 poe-

246 2389 309 2408 nam
328 2381 395 2417 quia
408 2380 519 2408 diabolo
535 2388 591 2407 non
612 2380 726 2407 obedire
751 2379 853 2414 potuit.
880 2378 989 2406 Reddet
1009 2382 1037 2406 et

245 2429 303 2462 ipse
323 2428 458 2455 rationem
476 2427 541 2462 quia
567 2426 696 2453 mandata
705 2425 846 2453 Crca'oris
870 2425 1037 2459 contempsit

245 2481 277 2500 ac
296 2474 386 2508 paruit
401 2472 466 2500 mali
485 2471 716 2508 suggestionibus.

279 2561 364 2589 Vens.
384 2562 412 2589 6.
432 2561 512 2588 Multi
524 2561 613 2588 colunt
628 2568 768 2594 personam
789 2559 868 2595 regis.
895 2559 972 2586 Multi
987 2566 1035 2586 co-

245 2615 305 2634 ram
326 2609 438 2643 regibus
454 2607 488 2634 ad
509 2608 633 2643 ipsorum
657 2607 800 2634 servitium
826 2606 914 2634 zelum
942 2609 1036 2633 osten-

244 2655 331 2688 dunt;
350 2661 421 2690 pone
436 2658 526 2682 autem
549 2654 672 2681 sentiunt
685 2653 838 2681 contraria.

281 2742 374 2770 Omnis
394 2747 482 2769 autem
499 2741 586 2769 malus
599 2742 630 2776 ﬁt
658 2741 826 2776 opprobrium
847 2741 912 2769 viro.
938 2741 1035 2769 Omnis

245 2793 335 2816 autem
351 2789 391 2816 sic
410 2788 480 2815 male
500 2788 635 2822 sentiens,
652 2795 667 2814 a
685 2792 759 2816 recte
780 2788 912 2816 sentienti
935 2791 966 2816 ut
980 2788 1034 2816 im-

245 2839 340 2872 postor
355 2833 554 2862 contemnitur.

282 2880 362 2909 Vens.
380 2881 407 2908 7.
422 2880 576 2915 Quicunque
596 2879 707 2914 fratrem
741 2879 844 2915 inopem
867 2881 934 2912 odit.
954 2881 1035 2908 etiam

246 2927 278 2956 ab
290 2928 410 2955 amicitia
422 2927 497 2963 longe
508 2927 569 2955 erit.
586 2926 638 2960 Qui
651 2926 765 2954 fratrem
779 2934 811 2954 ex
829 2927 920 2954 anima
942 2928 1032 2963 repel-

1082 210 1206 241 (ΞΑΖίΕῐ
1809 209 1875 242 illi?

1083 266 1113 292 τὸ
1127 266 1175 293 τοῦ
1188 266 1388 301 φόϐου.”Εῖ⁸.α6ε
1403 265 1431 292 δὲ
1449 266 1524 300 παρὰ
1541 265 1610 292 Θεοῦ
1632 264 1726 298 ὑγείαν
1741 268 1812 291 κατά
1826 266 1877 300 ψυ-

1083 313 1144 348 χὴν,
1167 313 1317 348 καθαρθείς
1335 321 1364 338 τε
1385 313 1432 338 καὶ
1451 312 1596 346 φωτιςοεὶς
1617 312 1663 338 καὶ
1682 311 1844 344 τελειωθείς.

1118 401 1172 436 κγ’.
1187 402 1236 434 Ὃς
1263 401 1404 428 ἐκϐάλλει
1432 400 1550 435 ἀγαθὴν
1569 399 1712 435 γυναῖκα,
1736 399 1878 427 (inﬁdus:

1082 444 1187 479 ἀγαθά.
1203 445 1252 477 Ὃς
1265 443 1311 471 οὖν
1324 445 1474 471 ἀπελαύνει
1490 444 1520 477 ἐξ
1532 444 1626 478 αὑτοῦ,
1636 444 1683 471 διὰ
1696 445 1747 480 τὴν
1761 444 1831 479 πρὸς
1842 444 1879 470 τὰ

1082 490 1200 526 αἰσθητά
1218 491 1324 526 σχέσιν,
1338 491 1388 526 τὴν
1404 490 1476 518 κατά
1489 490 1521 517 τὸ
1533 489 1628 526 νοερδν
1647 489 1722 525 αὑτῷ
1739 489 1880 517 συνοικοῦ-

1083 544 1144 568 σαν,
1160 536 1208 563 καὶ
1232 536 1361 563 τοιούτων
1387 535 1498 571 ἀγαθῶν
1522 536 1613 563 αἰτίαν
1639 535 1748 570 σοφίαν,
1773 544 1878 562 συναπ-

1083 582 1193 609 ελαὺνει
1212 583 1282 618 αὐτῇ
1301 584 1349 609 καὶ
1368 582 1402 610 τὰ
1421 583 1450 616 ἐξ
1469 582 1555 618 αὐτῆς
1575 581 1674 616 ἀγαθά.

1127 627 1158 654 '0
1172 627 1207 653 δὲ
1227 627 1362 661 κατέχων
1373 627 1555 662 μοιχαλίδα,
1571 627 1674 662 ἄφρων
1688 626 1737 654 καὶ
1752 626 1876 661 ἀσεϐής.

1088 673 1119 700 ὐ
1133 673 1162 700 δὲ
1176 673 1278 708 ταύτην
1295 673 1345 708 μὲν
1361 673 1489 701 ἀπολύων
1500 693 1507 706 ,
1521 673 1572 709 τὴν
1587 673 1609 700 δ’
1620 673 1764 709 ἀπατηλὴν
1779 673 1878 708 αἰσθη-

1084 728 1127 747 σιν
1151 720 1352 756 παρακατέχων
1365 739 1372 752 ,
1389 720 1421 747 οὺ
1443 720 1588 755 περιφέρει
1611 720 1642 747 ἐν
1668 720 1767 756 καρδίᾳ
1789 720 1855 746 Θεόν
1869 728 1876 734 ·

1083 765 1147 792 οὔτε
1175 765 1229 802 μὴν
1255 765 1300 793 διὰ
1323 766 1379 793 τῶν
1405 766 1457 801 τῆς
1481 765 1657 802 δικαιοσύνης
1675 765 1766 802 ἔργων
1784 767 1879 792 τοῦτον

1084 812 1164 848 τιμᾷ.

1379 856 1509 884 ΚΕΦΔΛ.
1529 855 1583 884 ιΘι.

1122 904 1157 936 γ’.
1181 901 1355 936 Ἀφροσύνη
1378 901 1490 936 ἀνδρὸς
1505 902 1688 937 lupata-erat
1718 902 1771 936 τὰς
1789 902 1880 934 ὀδοὺς

1047 941 1069 969 Β
1082 946 1186 974 αὑτοῦ.
1197 947 1251 974 Τοῦ
1267 948 1304 983 μὴ
1314 947 1383 984 πρὸς
1397 947 1464 975 Θεὸν
1471 948 1643 984 ἀφορῶντος,
1655 948 1724 975 ἀλλά
1736 950 1770 984 τῇ
1787 948 1880 983 σχέσει

1082 993 1138 1020 τῶν
1153 994 1331 1030 προσκαίρων
1346 994 1536 1030 ἠπατημένον,
1550 995 1566 1030 ἡ
1582 994 1727 1029 ἀλόγιστος
1749 995 1858 1030 κίνησις
1870 1002 1878 1009 ·

1083 1040 1123 1073 ei;
1135 1040 1166 1067 τὸ
1180 1040 1265 1076 μηδὲν
1280 1041 1353 1068 ποιεῖ
1363 1041 1522 1076 προχωρεῖν
1537 1040 1572 1068 τὰ
1583 1040 1680 1067 τούτου
1694 1040 1881 1076 ἐπιτηδεύμα-

1083 1095 1130 1120 τα,
1149 1086 1187 1119 ὡς
1206 1087 1264 1119 τοῖς
1283 1087 1415 1122 φθαρτοῖς
1435 1086 1685 1122 συναφανιζόμενα.

1122 1133 1178 1160 Τὸν
1190 1132 1225 1159 δὲ
1242 1133 1317 1160 Θεὸν
1334 1132 1462 1161 αἰτιᾶται
1484 1132 1523 1167 τῇ
1546 1132 1655 1168 καρδίᾳ
1669 1132 1772 1160 αὑτοῦ.
1793 1132 1881 1164 Δὺτὲς

1083 1177 1107 1204 δ’
1118 1177 1148 1211 ἐξ
1162 1177 1258 1209 ἀνοίας
1270 1177 1470 1213 ἐπιμέμφεται,
1484 1177 1547 1213 οὐχὶ
1561 1179 1596 1212 τῇ
1613 1177 1705 1213 φαύλῃ
1717 1177 1881 1213 προαιρέσει

1083 1221 1166 1249 αὑτοῦ
1177 1242 1184 1254 ,
1203 1222 1221 1258 ἢ
1234 1222 1269 1248 τὰ
1285 1222 1351 1249 οντα
1369 1222 1417 1249 καὶ
1431 1221 1547 1258 μένοντα
1563 1221 1752 1257 καταλείψασα
1767 1222 1833 1257 περὶ
1845 1222 1880 1249 τὰ

1084 1268 1194 1303 φθαρτὰ
1206 1269 1297 1295 πᾶσαν
1311 1267 1431 1304 σπουδὴν
1446 1267 1646 1300 ἐπιδείκνυται,
1662 1267 1731 1295 ἀλλά
1743 1267 1803 1303 Θεῷ
1815 1275 1822 1281 ·
1838 1267 1879 1294 ὃτι

1084 1313 1242 1349 φθείρονται
1263 1313 1298 1340 τὰ
1318 1313 1400 1348 φύσει
1420 1312 1540 1349 φθαρτά.

1118 1359 1150 1386 δ’.
1177 1359 1314 1392 Πλοῦτος
1335 1359 1518 1394 προστίθησι
1541 1358 1651 1393 φίλους
1676 1358 1823 1391 πολλούς.
1848 1357 1879 1383 '0

1083 1406 1145 1433 κατ’
1158 1404 1261 1440 ἀρετὴν
1286 1405 1334 1432 καὶ
1355 1404 1456 1439 γνῶσιν
1480 1403 1668 1439 πνευματικὸς
1691 1403 1818 1436 πλοῦτος,
1840 1403 1881 1437 τῷ

1084 1451 1251 1487 κτησαμένῳ
1276 1451 1373 1484 αὐτὸν,
1389 1450 1556 1486 προστίθησι
1576 1451 1610 1485 τῇ
1633 1451 1674 1482 εἰς
1692 1449 1759 1476 Θεὸν
1782 1449 1879 1485 ἀγάπῃ

1084 1498 1132 1525 καὶ
1154 1497 1203 1533 τὴν
1226 1497 1297 1533 πρὸς
1311 1497 1417 1529 πάντας
1434 1495 1597 1532 ἀνθρώπους
1608 1503 1616 1511 ⁸
1631 1496 1649 1531 η
1662 1496 1716 1530 γὰρ
1731 1496 1800 1532 πρὸς
1815 1497 1880 1522 τού-

1084 1553 1147 1577 τους
1166 1544 1263 1580 ἀγάπη
1277 1563 1285 1577 ,
1305 1543 1355 1579 τῆς
1375 1543 1444 1579 πρὸς
1465 1541 1532 1569 Θεόν
1551 1543 1625 1568 ἐστιν
1644 1541 1755 1577 ἀγάπης
1774 1541 1881 1568 ἀπόδει-

1086 1590 1127 1624 ξις

1127 1635 1159 1662 '0
1172 1634 1207 1662 δὲ
1219 1634 1339 1669 πτωχὸς
1363 1633 1414 1661 καὶ
1429 1633 1489 1661 ἀπὸ
1512 1633 1566 1661 τοῦ
1581 1631 1773 1667 ὑπάρχοντος
1786 1632 1881 1666 φίλου

1085 1680 1245 1716 χωρίζεται.
1266 1681 1294 1707 '0
1320 1680 1350 1706 δὲ
1376 1678 1528 1715 πτωχεύων
1550 1678 1598 1705 τοῦ
1615 1678 1739 1705 τοιούτου
1763 1677 1881 1704 πλούτου

1084 1728 1156 1754 κατά
1170 1726 1331 1763 προαίρεσιν
1344 1746 1354 1760 ,
1367 1726 1415 1753 καὶ
1431 1725 1516 1753 αὑτοῦ
1534 1725 1684 1760 ἀφίσταται
1696 1724 1744 1751 τοῦ
1758 1723 1881 1751 τοιοῦτον

1084 1773 1279 1810 ἀγαπήσαντος
1303 1772 1386 1800 αὑτὸν
1400 1773 1481 1805 Θεοῦ,
1504 1772 1543 1805 ὡς
1564 1772 1602 1808 μὴ
1621 1771 1701 1807 μόνον
1715 1772 1748 1798 ὲκ
1770 1770 1819 1797 τοῦ
1843 1771 1881 1806 μὴ

1084 1821 1161 1853 ὄντος
1174 1820 1215 1853 είς
1231 1820 1262 1846 τὸ
1275 1817 1346 1847 εἶναι
1359 1820 1535 1855 παραγαγεῖν
1548 1818 1597 1845 καὶ
1613 1817 1687 1853 ζωῆς
1706 1817 1880 1852 μεταδοῦναι,

1085 1867 1133 1894 καὶ
1148 1867 1220 1902 λόγῳ
1242 1867 1377 1902 τιμῆσαι,
1396 1866 1446 1893 καὶ
1466 1865 1558 1900 πάσης
1578 1863 1663 1899 ἄλλης
1677 1863 1793 1896 ἀξιῶσαι
1816 1872 1882 1899 προ-

1084 1914 1170 1947 νοίας,
1183 1913 1252 1941 ἀλλὰ
1265 1914 1314 1940 καὶ
1333 1912 1379 1939 τὸν
1402 1911 1536 1947 μονογενῆ
1552 1910 1636 1938 αὑτοῦ
1652 1910 1717 1937 Υίδν
1734 1910 1805 1946 ὑπὲρ
1819 1909 1882 1937 τού-

1083 1966 1131 1984 του
1150 1957 1242 1984 δοῦναι
1262 1957 1303 1989 είς
1322 1956 1448 1984 θάνατον.

1121 2006 1152 2031 ε’.
1172 2003 1295 2038 Μάρτυς
1309 2002 1439 2037 ψευδὴς,
1459 2003 1515 2029 οὐκ
1540 2001 1726 2036 ἀτιμώρητος
1745 2000 1881 2028 ἕσται.”0

1084 2049 1115 2076 τὺ
1133 2049 1220 2076 κακὸν
1235 2048 1341 2084 ψευδῶς
1356 2048 1476 2075 ἐπαινῶν
1496 2047 1613 2083 δαίμων,
1629 2048 1677 2075 καὶ
1702 2047 1769 2082 πρὸς
1794 2048 1881 2082 ἐργα-

1086 2095 1147 2122 σίαν
1167 2095 1265 2122 τούτου
1286 2095 1333 2121 τὸν
1348 2094 1493 2130 ἄνθρωπον
1506 2093 1720 2129 ἐκκαλούμενος,
1735 2093 1814 2125 δίκας
1828 2093 1881 2128 ὑφ-

1085 2141 1141 2174 έξει
1154 2141 1219 2177 περὶ
1231 2141 1282 2176 τῆς
1297 2140 1432 2176 πονηρίας
1462 2140 1546 2168 αὑτοῦ
1560 2140 1669 2174 ἕνεκεν,
1685 2140 1762 2177 παρὰ
1775 2140 1824 2167 τοῦ
1840 2140 1881 2168 δι-

1085 2187 1164 2214 καίου
1184 2187 1289 2223 κριτοῦ,

1125 2235 1158 2264 '0
1172 2234 1199 2261 δ’
1209 2234 1348 2269 ἐγκαλῶν
1359 2234 1480 2267 ἀδίκως,
1493 2235 1529 2262 οὺ
1541 2233 1741 2268 διαφεύξεται.
1761 2233 1790 2259 Ὁ
1802 2233 1882 2268 δ’ὲφ’

1086 2280 1127 2313 οἷς
1144 2281 1297 2317 ἁμαρτάνει
1320 2281 1402 2308 αὑτὸν
1423 2281 1469 2308 τὸν
1485 2281 1603 2317 δαίμονα
1617 2279 1779 2316 αἰτιώμενος
1794 2289 1882 2315 παρα-

1087 2328 1186 2363 λόγως,
1201 2328 1247 2355 διά
1261 2328 1292 2355 τὸ
1308 2327 1440 2355 δύνασθαι
1456 2327 1493 2363 μὴ
1511 2326 1661 2354 ὑπακούειν
1680 2326 1765 2361 αὐτῷ,
1780 2327 1830 2352 οὐκ
1841 2327 1882 2352 ἐν-

1086 2372 1182 2399 τεῦθεν
1194 2373 1241 2406 Esi;
1261 2373 1334 2400 ἅπαν
1348 2372 1455 2408 ἐκφύγῃ
1469 2372 1518 2408 τὴν
1532 2372 1659 2399 κόλασιν·
1674 2372 1811 2398 ἀποδώσει
1825 2371 1881 2406 γὰρ

1086 2418 1182 2451 λόγους
1197 2418 1245 2445 καὶ
1259 2415 1336 2450 οὗτος
1346 2438 1354 2450 ,
1371 2418 1388 2454 ἢ
1404 2418 1476 2445 κατὰ
1494 2417 1526 2444 τὸ
1543 2417 1633 2453 παρὸν
1648 2417 1664 2452 ἢ
1683 2417 1754 2444 κατὰ
1768 2417 1799 2443 τὸ
1814 2417 1881 2451 μέ).-

1086 2465 1142 2498 λον,
1155 2465 1196 2492 ὅτι
1212 2464 1261 2497 τὰς
1276 2465 1388 2497 ἐντολὰς
1411 2463 1458 2491 τοῦ
1475 2465 1596 2491 Κτίστου
1621 2463 1879 2498 παραόλεψὰμενος,

1086 2512 1147 2543 ταῖς
1166 2511 1318 2546 ὑποθήκαις
1337 2510 1452 2546 ἐπείσθη
1471 2509 1520 2537 τοῦ
1540 2509 1675 2546 Ποιζηροῦ.

1122 2561 1160 2590 ς’.
1180 2557 1293 2585 Πολλοὶ
1318 2557 1520 2592 θεραπεύουσι
1542 2556 1690 2590 πρόσωπα
1713 2554 1879 2588 βασιλέως.

1086 2604 1119 2630 Οἱ
1133 2603 1225 2631 πολλοὶ
1236 2603 1296 2630 κατ’
1310 2603 1371 2639 ὄψιν
1384 2603 1438 2630 τῶν
1450 2602 1585 2638 βασιλέων
1597 2602 1662 2638 περὶ
1671 2601 1721 2637 τὴν
1732 2601 1881 2637 θεραπείαν

1086 2649 1189 2677 τούτων
1205 2649 1423 2682 σπουδάζουσιν·
1438 2648 1553 2676 ὄπισθεν
1564 2648 1605 2682 δὲ,
1618 2647 1751 2675 τάναντία
1767 2645 1880 2682 φρονοῦ-

1087 2704 1139 2722 σιν.

1120 2742 1184 2776 Πᾶς
1197 2742 1231 2769 δὲ
1243 2743 1260 2770 ὁ
1276 2741 1370 2775 κακὸς
1391 2741 1503 2777 γίνεται
1531 2740 1648 2774 ὄνειδος
1663 2739 1762 2774 ἀνδρί.
1783 2739 1843 2772 Πᾶς
1857 2739 1879 2765 δ’

1085 2787 1100 2814 ὸ
1113 2786 1206 2818 κακῶς
1218 2786 1289 2813 οὓτω
1302 2786 1419 2822 φρονῶν,
1435 2784 1512 2820 παρὰ
1523 2784 1562 2820 τῷ
1575 2783 1821 2820 σταθερογνώμονι
1836 2784 1881 2817 ἑξ-

1085 2833 1234 2860 συθένωται
1252 2833 1290 2864 ὡς
1308 2830 1447 2860 ἀπατεὼν.

1121 2879 1154 2912 ζ’.
1174 2878 1238 2912 Πᾶς
1252 2878 1287 2911 ὃς
1306 2878 1441 2913 ἁδελφέν
1452 2878 1573 2912 πτωχὸν
1586 2876 1686 2912 μισεῖ,
1702 2875 1751 2903 καί
1775 2877 1882 2910 φιλίας

1083 2926 1202 2962 μακρὰν
1225 2925 1321 2954 ἔσται.
1341 2926 1370 2952 '0
1396 2926 1429 2954 ὲκ
1453 2924 1542 2961 ψυχῆς
1569 2922 1809 2959 ἁπιστριφόμενος
1832 2922 1879 2949 τὸν
