2072 3161
185 201 252 233 1413

654 231 659 237 .
699 206 969 238 COMMENTARII
989 208 1031 238 IN
1049 209 1278 240 PROVERBIA.

1756 207 1823 242 1414

183 261 304 296 ὁμοφυῆ.
321 261 398 296 ἐνδεῆ
415 261 481 289 ὄντα
493 262 548 289 τῶν
562 263 601 298 τῷ
619 263 729 299 σώματι
743 265 901 300 αναγκαίων
915 265 931 301 ἢ
947 266 980 302 τῇ

1034 266 1063 293 lit
1089 267 1256 298 necessariis
1282 267 1393 302 corpori
1422 267 1481 295 sive
1511 267 1611 295 animas
1641 267 1823 304 indigentem,

183 306 268 341 ψυχῇ,
281 307 328 333 καὶ
345 307 382 342 μὴ
398 307 543 343 οἰκτείρων
554 309 647 342 αὑτὸν,
657 310 705 336 καὶ
722 312 803 346 χεῖρα
819 311 908 346 τούτῳ
919 311 980 345 ὸρὲ-

183 359 240 386 γων
254 351 293 383 ὡς
305 352 430 386 δυνατὸν,
444 354 479 380 τὰ
494 354 575 388 ὅμοια
594 355 720 382 πείσεται
739 357 787 383 καὶ
811 357 904 389 αὐτὸς,
930 359 981 393 τῆς

184 396 252 424 θεοῦ
280 398 490 434 φιλανθρωπίας
514 400 665 436 διαστήσας
690 402 835 438 πόρρωθεν
863 403 979 431 ἑαυτόν.

185 444 293 479 Ὥσπερ
312 445 368 480 γὰρ
378 446 460 477 αὐτὸς
483 446 589 482 διετέθη
614 448 680 483 περὶ
696 448 741 475 τὸν
756 450 879 485 ὁμοφυῆ,
894 450 980 482 οὕτως

185 490 259 525 αὐτῷ
280 491 370 526 κρίσει
388 491 482 527 δικαίᾳ
501 493 691 528 διατεθήσεται
711 495 759 521 καὶ
778 495 854 527 Θεός.

222 537 344 564 "Errata
366 537 462 573 ἀγαθὴ
483 539 545 572 τοῖς
560 539 676 566 εἰδόσιν
704 541 803 575 αὐτὴν
821 541 921 577 ὲῃνγιεῒ.
948 543 980 569 Ἦ

186 583 259 618 ἁπλῆ
275 584 340 619 περὶ
356 584 424 610 Θεοῦ
437 585 549 619 γνῶσις,
565 586 581 622 ἢ
598 586 732 621 κρείττων
747 587 807 614 ἐστὶ¹
821 588 914 624 πάσης
926 588 981 615 τῶν

187 631 258 666 μετὰ
269 631 336 658 Θεὸν
349 632 489 665 γνώσεως,
505 634 564 665 τοῖς
580 633 651 660 κατὰ
671 634 765 661 πίστιν
778 635 923 670 μυηθεῖσιν
933 636 983 662 αὑ-

184 677 234 712 τὴν
259 678 420 713 πλησιάσει,
439 679 535 714 πόρῤω
560 679 670 708 πάντων
691 681 746 708 τῶν
779 682 903 709 ἀπίστων
927 683 981 717 ἀφ-

185 725 330 758 εστηκυῖα.

225 770 311 804 Ἀνὴρ
327 770 361 797 δὲ
384 771 529 806 φρόνιμος
544 772 668 806 εὑρήσει
688 772 795 806 αὐτήν.
823 774 927 810 Πεῖραν
952 773 981 801 δὲ

185 815 289 851 ταύτης
307 816 422 851 λήψεται
446 817 546 852 διαρκῆ
564 817 578 843 ὁ
595 817 726 852 γενναίως
746 818 783 845 τὰ
803 818 877 853 πάθη
893 827 982 846 κατα-

185 861 334 894 παλαίσας,
354 863 487 889 καὶκατὰ
506 863 585 897 λόγον
601 863 651 899 τὴν
671 863 763 899 σχέσιν
783 864 908 900 περάσας
927 864 982 892 τῶν

186 908 286 935 ὑλικῶν
298 917 304 924 ·
319 906 363 936 οἷα
379 909 469 936 πάντα
485 909 580 941 διαϐὰς
593 909 628 936 τὰ
644 909 697 936 ὑπὸ
713 910 810 945 χρόνον
825 910 872 937 καὶ
885 910 978 946 φύσιν,

1032 313 1135 349 quique
1156 314 1231 341 nulla
1251 313 1278 341 in
1299 321 1362 341 eum
1387 317 1479 340 motus
1508 314 1695 341 misericordia
1713 322 1822 342 mamnn

1031 359 1056 385 ei
1087 366 1142 385 non
1175 359 1306 394 porrigit,
1340 366 1403 386 cum
1437 361 1546 393 potest.
1577 359 1672 386 eadem
1705 364 1732 387 et
1766 361 1824 396 ipse

1031 403 1152 437 patietur
1172 403 1237 437 quia
1261 410 1323 430 sese
1343 410 1357 429 a
1377 402 1425 430 Dei
1456 402 1647 430 misericordia
1675 406 1821 440 separavit.

1031 447 1269 480 Quemadmodum
1284 449 1357 476 enim
1381 449 1441 484 ipse
1458 448 1537 476 fratri
1555 449 1629 482 fecit,
1648 450 1686 478 ita
1704 456 1732 478 et
1751 451 1823 480 Deus

1029 494 1106 529 justo
1123 495 1230 530 judicio
1245 495 1327 523 faciet
1347 495 1382 522 ei.

1068 541 1201 576 Cogitatio
1234 541 1304 569 bona
1334 543 1476 571 scientibus
1504 551 1563 570 eam
1593 543 1823 578 appropinquabit.

1033 587 1154 622 Simplex
1189 588 1235 616 Dei
1264 589 1398 623 cognitio,
1426 591 1502 617 onmi
1530 597 1626 616 eorum
1657 597 1719 624 qua:
1745 594 1824 617 extra

1032 633 1117 661 Deutu
1150 639 1215 662 sunt
1240 635 1400 670 cognitione
1438 635 1606 670 pretiosior,
1635 635 1669 662 iis
1702 634 1749 670 qui
1776 643 1825 670 per

1032 681 1113 707 tidem
1132 680 1183 715 ipsi
1200 684 1264 708 sunt
1289 681 1390 708 initiati
1409 682 1659 718 appropinquabit;
1679 681 1714 709 al)
1735 682 1825 710 omni-

1033 726 1084 753 bus
1103 731 1194 754 auteru
1209 727 1368 755 inﬁdelibus
1383 728 1464 763 longe
1479 733 1545 756 stat.

1073 771 1120 800 Vir
1139 773 1253 807 prudens
1276 774 1388 802 inveniet
1411 783 1481 802 eam.
1515 774 1604 810 Hujus
1631 779 1723 803 autem
1743 783 1826 811 expe-

1033 818 1160 845 rientiam
1178 819 1357 846 suilicientem
1375 819 1488 848 habebit
1513 821 1560 855 qui
1579 828 1713 855 generose
1728 820 1826 848 adver-

1033 872 1081 892 sus
1093 865 1236 900 passiones
1249 865 1405 899 .reluctans,
1420 866 1499 901 juxta
1514 867 1649 894 rationem
1670 867 1824 894 mundanos

1034 911 1174 946 superavit
1197 911 1330 945 affectus,
1352 913 1399 948 qui
1424 913 1516 940 omnia
1541 913 1703 948 temporalia
1723 919 1755 939 ac
1772 920 1824 940 na-

185 955 233 981 καὶ
252 955 321 990 πρὸς
334 955 416 982 αὑτὸν
436 956 527 990 ἁγνῶς
547 955 714 991 ἀναδραμὼν
737 956 783 983 τὸν
803 956 874 992 ὑπὲρ
888 957 977 984 πάντα

1033 957 1128 984 turalia
1161 957 1298 985 transiens
1311 977 1319 990 ,
1334 957 1368 984 ad
1384 965 1446 985 eum
1472 961 1568 985 sancte
1582 964 1746 993 progressus
1772 962 1824 990 est,

185 998 264 1026 Θεόν.

227 1045 258 1072 '0
275 1047 377 1073 πολλὰ
394 1048 565 1075 κακοποιῶν
584 1050 792 1084 τελεσιουργεῖ
808 1049 927 1076 κακίαν.
948 1049 977 1076 Ὀ

185 1091 255 1118 πάνυ
271 1092 449 1127 ἁμαρτάνων,
467 1094 497 1120 οὐ
514 1094 576 1121 καθ’
593 1094 650 1127 ἕξιν
667 1094 748 1129 μόνον
761 1094 812 1130 τὴν
824 1095 976 1131 ἁμαρτίαν,

184 1137 252 1163 ἀλλὰ
266 1139 314 1164 καὶ
325 1138 385 1165 κατ’
397 1139 541 1174 ἐνέργειαν
560 1139 676 1167 ἐκτελεί.

223 1184 273 1216 Ι’ος
286 1183 321 1210 δὲ
332 1183 448 1218 ἐρεθίζει
462 1185 566 1219 λόγοις
577 1205 584 1217 ,
599 1187 635 1213 οὐ
651 1185 882 1219 διασωθήσεται.
907 1186 936 1213 '0
950 1187 978 1213 δὲ

184 1230 228 1257 διὰ
240 1231 293 1257 τῶν
309 1231 464 1267 αἰσθήσεων
481 1233 544 1264 τοὺς
568 1233 704 1268 ἐμπαθεῖς
729 1234 812 1261 αὐτοῦ
829 1234 978 1269 λογισμοὺς

185 1276 337 1312 διεγείρων,
351 1277 381 1304 οὐ
391 1277 645 1313 διαφυλαχθήσεται
658 1278 729 1305 κατὰ
743 1279 833 1315 ψυχὴν
845 1278 978 1314 ἀϐλαϐής.

188 1333 198 1349 ι
223 1323 252 1350 '0
271 1324 325 1360 γὰρ
336 1324 476 1360 ἐμϐλέψας
487 1325 600 1359 γυναικὶ
615 1326 684 1361 πρὸς
699 1326 730 1353 τὸ
747 1327 918 1362 ἐπιθυμῆσαι
933 1326 981 1353 αὐ-

184 1370 245 1404 τῆς,
260 1370 311 1406 ἤδη
328 1371 489 1406 ἐμοίχευσεν
505 1371 592 1407 αὐτὴν
604 1372 633 1398 ἐν
647 1373 679 1408 τῇ
697 1372 800 1408 καρδίᾳ
814 1372 909 1399 αὐτοῦ.
930 1381 939 1398 ι

221 1418 258 1451 η’.
282 1416 309 1442 Ὁ
327 1415 477 1451 κτώμενος
501 1418 664 1452 φρόνησιν,
688 1417 790 1453 ἀγαπᾷ
811 1418 931 1446 ἑαυτόν.
951 1419 981 1446 '0

186 1460 408 1497 προσλαμϐάνων
428 1462 562 1498 φρόνησιν
575 1464 609 1499 τῇ
628 1463 736 1499 αἱρέσει
749 1462 796 1490 τοῦ
812 1463 980 1499 κρείττονος,

185 1506 234 1535 τοῦ
247 1507 347 1534 ἑαυτοῦ
363 1508 537 1544 ἐπιμελεῖται
562 1509 767 1544 συμφέροντος·
790 1509 832 1536 ὅτι
853 1510 889 1536 τὰ
908 1510 980 1545 ψυχῇ

186 1554 233 1581 καὶ
252 1554 361 1589 σώματι
376 1555 500 1591 σωτήρια
516 1556 672 1590 οἰκονομεῖν
683 1553 754 1582 οἶδεν
774 1556 791 1591 ή
808 1556 951 1592 φρόνησις.

223 1601 276 1633 Ὃς
289 1601 444 1635 φυλάσσει
461 1602 622 1636 φρόνησιν,
639 1602 765 1636 εὑρήσει
779 1602 885 1636 ἀγαθά.
909 1602 940 1629 '0
955 1602 983 1629 δὲ

185 1646 279 1682 τηρῶν
300 1646 405 1683 ταύτην
429 1647 490 1674 κατ’
513 1647 658 1683 ἐνέργειαν
680 1647 728 1675 τοῦ
753 1647 849 1681 καλοῦ,
873 1649 928 1676 τῶν
953 1648 983 1675 ἐν

186 1692 368 1727 ἐπαγγελίαις
385 1692 498 1726 ἀγαθῶν
514 1693 700 1725 ἐπιτεύξεται.

221 1739 253 1765 θ’.
265 1737 524 1773 Μάρτυςὶψευδὴς,
534 1740 590 1766 οὐκ
607 1739 791 1774 ἀτιμώρητος
799 1739 896 1767 ἔσται.
918 1739 946 1766 '0
954 1739 983 1766 δὲ

186 1784 236 1820 τὴν
251 1785 320 1821 πρὸς
335 1785 370 1812 τὰ
388 1785 557 1821 φθειρόμενα
572 1785 665 1820 σχέσιν
688 1785 767 1820 ἡμῶν
787 1784 907 1812 ἐπαινῶν
925 1784 984 1812 δαία

188 1840 257 1866 μων,
276 1831 306 1858 τὸ
317 1832 521 1867 ἡτοιμασμένον
538 1831 613 1867 αὺτῷ
624 1831 673 1858 καὶ
686 1832 742 1863 τοῖς
756 1831 885 1866 ἀγγέλοις
898 1830 982 1858 αὐταῦ

188 1876 246 1912 πῦρ
261 1877 312 1904 οὐκ
324 1876 501 1911 ἐκφεύξεται.

225 1924 278 1956 Ὃς
290 1923 316 1949 δ’
332 1922 370 1950 ἂν
389 1922 526 1957 ὲκκαύσῃ
545 1923 666 1956 κακίαν,
686 1922 841 1949 ἀπολεῖται
864 1922 914 1949 ὑπ’
928 1922 983 1948 αὐ-

187 1969 252 2004 τῆς.
276 1969 305 1995 Ὀ
324 1969 354 1995 δὲ
370 1968 417 1995 τὸν
437 1968 608 2004 ἐμϐληθέντα
624 1969 654 1995 ἐν
672 1969 706 2004 τῇ
724 1968 807 1995 αὑτοῦ
831 1968 905 2004 ψυχῇ
933 1968 984 2003 τῆς

187 2015 304 2052 ἀνομίας
317 2015 421 2050 πυρσὸν
434 2014 510 2050 παρὰ
525 2013 572 2041 τοῦ
585 2014 710 2049 φθορέως
727 2014 827 2047 Σατᾶν,
842 2014 914 2040 κατὰ
923 2014 983 2040 διά-

188 2063 263 2090 θεσιν
278 2061 424 2096 ὐπανάψας
447 2061 495 2088 καὶ
519 2060 630 2097 πρᾶξιν,
646 2060 914 2096 ἁποτεφρωθήσεται
936 2060 983 2086 ὑπ’

189 2108 272 2137 αὑτοῦ
288 2108 338 2144 τὴν
356 2108 406 2143 τῆς
420 2107 509 2143 ψυχῆς
526 2107 646 2139 εὐεξίαν.

226 2157 252 2181 ι’.
271 2155 313 2182 Οὐ
325 2154 472 2188 συμφέρει
488 2153 597 2188 ἄφρονι
611 2152 723 2187 τρυφὴ,
735 2152 784 2180 καὶ
799 2152 853 2180 ἐὰν
863 2151 984 2186 οἰκέτης

189 2199 316 2234 ἄρξηται
340 2199 405 2233 μεθ’
433 2199 545 2233 ὕϐρεως
575 2198 784 2225 δυναστεύειν.
819 2198 984 2233 Ἀσυντελής

189 2245 290 2280 ἐστινὴ
302 2246 351 2279 τῆς
363 2244 482 2279 φυσικῆς
493 2243 549 2270 τῶν
562 2243 671 2279 ὁρατῶν
685 2242 804 2278 θεωρίας
816 2241 984 2278 ἐντρύφησις

1033 1003 1080 1039 qui
1099 1010 1183 1038 super
1203 1003 1298 1030 omnia
1324 1008 1389 1035 stat,
1412 1003 1510 1031 Deum.

1064 1047 1152 1075 Multa
1168 1047 1338 1083 mulefaciens
1347 1069 1355 1082 ,
1365 1049 1479 1082 explebit
1489 1048 1631 1076 malitiam.
1642 1048 1695 1082 Qui
1708 1049 1824 1077 multum

1028 1097 1140 1126 peccat,
1155 1100 1210 1120 non
1222 1093 1304 1120 modo
1319 1101 1368 1128 per
1381 1091 1509 1120 aﬂ‘ectum
1524 1098 1667 1129 peceatum
1682 1094 1759 1128 facit,
1776 1096 1824 1124 sed

1029 1137 1111 1164 etiam
1128 1138 1194 1165 totis
1211 1137 1314 1165 viribus
1331 1145 1379 1172 per
1390 1142 1491 1166 aetutn.

1065 1183 1118 1216 Qui
1131 1183 1264 1210 contendit
1280 1183 1375 1217 verbis,
1400 1191 1453 1211 non
1473 1183 1631 1211 saturabitur.
1658 1184 1710 1218 Qui
1734 1189 1824 1213 autem

1030 1236 1078 1263 per
1094 1235 1195 1256 sensus
1218 1229 1320 1255 excitat
1344 1228 1530 1263 cogitationes
1557 1236 1623 1256 suas
1647 1228 1825 1263 passionibus

1030 1274 1151 1306 deditas,
1163 1274 1256 1301 anima
1270 1273 1331 1308 eius
1349 1282 1405 1301 non
1421 1274 1575 1301 servabitur
1588 1274 1684 1302 illaesa.
1704 1283 1713 1300 t
1728 1273 1825 1302 Omnis

1031 1322 1104 1348 enim
1123 1320 1168 1356 qui
1187 1320 1340 1355 inspexerit
1358 1320 1504 1347 mulierem
1521 1321 1554 1347 ad
1572 1320 1824 1356 concupiscendum

1031 1376 1104 1400 eain,
1118 1369 1174 1402 jam
1193 1367 1346 1395 mmchatus
1357 1371 1399 1394 est
1413 1375 1473 1394 eam
1489 1367 1517 1394 in
1536 1367 1620 1395 corde
1637 1375 1689 1394 suo
1706 1367 1729 1394 ".
1748 1376 1758 1393 ι

1067 1414 1150 1442 Vens.
1167 1414 1194 1441 8.
1210 1414 1264 1447 Qui
1274 1413 1390 1448 possidet
1402 1413 1585 1447 prudentiam,
1599 1412 1687 1448 diligit
1699 1413 1825 1448 seipsum.

1032 1460 1084 1493 Qui
1098 1460 1274 1495 prudentiam
1291 1459 1418 1495 adjungit
1433 1460 1529 1495 optimi
1549 1459 1692 1492 electioni,
1714 1459 1748 1486 de
1764 1466 1827 1494 pro-

1034 1506 1092 1541 pria
1112 1506 1232 1533 utilitate
1252 1510 1350 1539 curat;
1379 1506 1445 1541 quia
1463 1505 1706 1533 conservationem
1728 1505 1828 1532 anima:

1033 1560 1065 1579 ac
1080 1552 1206 1587 corporis
1222 1559 1375 1587 procurare
1390 1553 1467 1579 novit
1481 1551 1639 1586 prudentia.

1069 1598 1121 1630 Qui
1135 1598 1252 1625 custodit
1267 1598 1438 1633 prudentiam
1457 1598 1569 1624 inveniet
1592 1597 1671 1624 bona.
1691 1596 1743 1630 Qui
1761 1596 1827 1624 totis

1034 1644 1141 1671 viribus
1162 1643 1237 1671 illam
1258 1644 1328 1672 bene
1347 1647 1451 1677 servat,
1475 1643 1547 1671 bona
1574 1649 1739 1678 assequetur
1761 1650 1826 1678 pro-

1034 1690 1132 1717 missa.

1069 1734 1152 1763 Vens.
1167 1734 1194 1763 9.
1212 1734 1296 1762 Testis
1308 1734 1394 1769 falsus
1413 1742 1465 1761 non
1479 1734 1627 1769 impunitus
1645 1734 1708 1761 erit.
1724 1732 1827 1761 Diabo-

1034 1782 1077 1809 lus
1096 1781 1223 1809 aﬂectum
1234 1785 1361 1808 nostrum
1372 1780 1407 1807 ad
1424 1788 1456 1807 ea
1467 1788 1528 1816 quae
1536 1785 1750 1815 corrumpuntur
1766 1780 1827 1807 lau-

1034 1829 1103 1856 dans
1116 1835 1173 1855 non
1187 1826 1300 1862 etiugiet
1311 1826 1402 1862 ignem
1418 1826 1472 1862 ipsi
1487 1830 1515 1854 et
1532 1827 1639 1862 angelis
1652 1826 1711 1861 ejus
1723 1834 1828 1863 praepa—

1035 1879 1138 1902 ratum.

1071 1919 1124 1952 Qui
1135 1917 1283 1946 accenderit
1297 1918 1409 1951 malum,
1427 1918 1524 1951 peribit
1548 1918 1576 1945 in
1601 1926 1642 1946 eo.
1670 1917 1828 1954 lniquitatis

1034 1966 1124 2000 ignem
1143 1966 1172 1992 in
1188 1964 1308 1992 animam
1324 1971 1339 1990 a
1360 1964 1499 1999 perditore
1513 1963 1615 1991 Satana
1632 1964 1764 1999 injectum
1781 1965 1826 1999 qui

1034 2011 1135 2038 affectu
1147 2010 1291 2038 succendit
1308 2013 1335 2037 et
1350 2014 1425 2043 actu,
1438 2010 1475 2037 ab
1488 2018 1521 2038 eo
1536 2011 1638 2039 animat
1651 2010 1711 2046 ejus
1723 2011 1828 2039 sanitas

1034 2057 1177 2084 exinanita
1200 2056 1308 2084 evadet.

1070 2147 1155 2175 Vens.
1171 2147 1214 2174 10.
1236 2145 1296 2173 Non
1311 2149 1420 2181 prosunt
1433 2145 1517 2172 stulto
1535 2143 1649 2177 deliciw,
1676 2145 1726 2172 etsi
1741 2144 1835 2179 fantu-

1035 2193 1077 2220 lus
1086 2191 1196 2226 incipiat
1204 2199 1267 2218 cum
1275 2191 1436 2218 contumelia
1446 2190 1591 2217 dominari.
1605 2189 1726 2226 Physica:
1737 2197 1828 2218 rerum

1035 2238 1187 2266 visibilium
1204 2236 1448 2272 contemplationis
1458 2236 1567 2264 deliciae
1583 2236 1753 2272 imperfecta:
1765 2240 1830 2264 sunt

188 2291 227 2327 τῷ
245 2291 397 2325 ἀλογίστως
414 2291 507 2322 αὐτοῖς
522 2290 696 2317 ἐπιϐάλλοντι
707 2298 715 2305 ·
730 2290 792 2321 ταῖς
808 2289 865 2325 γὰρ
878 2289 982 2315 τούτων

1036 2286 1061 2312 ei
1085 2284 1133 2319 qui
1150 2284 1212 2311 illas
1228 2283 1312 2311 stulte
1333 2282 1517 2310 considerat:
1538 2291 1632 2310 earum
1650 2283 1723 2310 enirn
1747 2290 1831 2318 appa-

189 2337 364 2372 ἐπιφανείαις
383 2335 568 2371 ἐναπομένει²
592 2336 629 2371 μὴ
653 2335 804 2370 δυνάμενος
825 2334 929 2365 ταύτας
952 2333 987 2360 δι’

189 2382 346 2418 ἀφροσύνην
359 2382 491 2418 περᾶσαι,
512 2382 560 2409 καὶ
574 2382 638 2413 τοὺς
655 2382 869 2418 κεκρυμμένους
879 2380 986 2408 τούτων

189 2429 286 2463 λόγους
299 2427 466 2455 καταλαϐεῖν
476 2436 483 2443 ·
509 2428 635 2463 καθάπερ
650 2428 726 2454 ἐστὶν
744 2428 820 2461 αὐτῷ
838 2426 986 2458 ἀσυντελές

190 2474 282 2501 καὶτὸ
305 2474 432 2502 ἐντεῦθεν
455 2474 617 2509 συμϐαῖνον,
641 2474 762 2509 ὁπηνίκα
783 2474 813 2500 τὺ
828 2472 985 2509 ὑποχείριον

189 2522 222 2556 τῇ
242 2520 316 2555 ψυχῇ
333 2520 425 2556 σῶμα,
440 2521 606 2556 ἐπιχειρήσῃ
630 2519 675 2546 διὰ
688 2520 743 2547 τῶν
765 2520 872 2555 ἀτίμων
888 2518 985 2545 παθῶν

190 2566 292 2601 ταύτης
308 2566 568 2598 κατεξανίστασθαι.

227 2613 272 2638 ια’.
296 2609 452 2645 Ἐλεήμων
463 2611 542 2645 ἀνὴρ
563 2611 765 2646 μακρόθυμος.
789 2610 818 2637 '0
837 2609 986 2645 συμπαθὴς

191 2657 339 2692 ἄνθρωπος
362 2656 480 2691 ὑπάρχει
502 2657 550 2683 καὶ
560 2656 731 2690 ἁνεξίκακος,
747 2656 902 2683 ἀδικεῖσθαι
919 2654 987 2691 μᾶλ-

191 2703 237 2729 λον
255 2701 421 2737 αἱρούμενος
435 2702 451 2737 ἢ
465 2702 582 2728 ἀδικεῖν.

230 2747 267 2775 Τὸ
278 2747 314 2774 δὲ
330 2748 472 2782 καύχημα
494 2747 588 2775 αὑτοῦ
604 2747 763 2783 ἐπέρχεται
789 2747 983 2782 παρανόμοις.

232 2794 305 2821 Ὀδέ
328 2794 390 2821 κατ’
416 2793 558 2829 ἀλήθειαν,
582 2794 617 2821 δι’
641 2794 674 2830 ἢν
698 2794 755 2830 ἔχει
782 2794 986 2830 μακροθυμίαν,

193 2840 304 2872 ἔπαινος
319 2840 414 2873 αὑτοῦ,
432 2842 487 2872 τοῖς
501 2840 596 2868 τοῦτον
613 2839 688 2876 παρὰ
710 2840 759 2876 τὴν
777 2841 853 2868 θείαν
876 2840 988 2876 ἐντολὴν

229 2929 239 2945 ⁷
258 2928 352 2957 Matth.
372 2938 404 2963 v,
419 2929 463 2957 9.8.

1036 2331 1135 2360 rentiis
1153 2331 1329 2362 immoratur,
1343 2337 1398 2357 non
1411 2330 1507 2357 valens
1527 2329 1699 2364 superficiem
1717 2332 1830 2364 praeter-

1036 2378 1112 2414 gredi
1129 2381 1155 2404 et
1168 2376 1292 2404 occultas
1309 2383 1404 2403 earum
1423 2375 1567 2410 percipere
1578 2375 1710 2402 rationes.
1726 2374 1831 2407 Quem-

1035 2423 1182 2451 admodum
1208 2422 1278 2449 nihil
1296 2422 1335 2448 illi
1355 2421 1465 2456 proﬁcit
1488 2421 1598 2456 quando
1628 2420 1730 2448 accidit
1755 2419 1828 2455 quod

1035 2477 1136 2504 corpus
1164 2469 1263 2496 anima:
1282 2468 1471 2503 mancipatum
1491 2468 1625 2496 adversus
1645 2467 1720 2495 illam
1739 2466 1829 2501 turpi-

1036 2516 1140 2544 tudinis
1155 2515 1333 2551 passionibus
1350 2515 1495 2550 insurgere
1508 2515 1625 2542 nitatur.

1073 2607 1158 2635 Vens.
1173 2607 1219 2634 H.
1238 2605 1394 2633 Misericors
1411 2605 1450 2633 vir
1465 2605 1625 2641 longanimis
1648 2610 1698 2632 est.
1722 2603 1833 2632 Patiens

1037 2658 1080 2682 est
1100 2653 1143 2680 vir
1165 2652 1354 2688 compatiens;
1373 2641 1538 2687 injustitiam
1563 2650 1619 2686 pati
1633 2657 1717 2686 quam
1741 2649 1833 2677 facere

1038 2700 1153 2729 mavult.

1077 2746 1111 2774 Et
1137 2746 1264 2782 gloriatio
1291 2746 1349 2781 ejus
1373 2751 1412 2773 est
1440 2744 1531 2780 iniqua
1558 2742 1742 2778 pratergredi.
1763 2740 1833 2769 Vera

1041 2798 1132 2822 autem
1150 2793 1210 2821 laus
1224 2793 1285 2828 ejus
1301 2800 1355 2828 qua
1375 2791 1613 2828 longanimitatem
1630 2789 1713 2817 habet
1739 2788 1767 2815 in
1785 2795 1833 2815 eos

1041 2841 1089 2876 qui
1105 2844 1201 2868 contra
1227 2839 1275 2868 Dei
1294 2839 1457 2868 mandatum
1484 2838 1561 2866 illum
1580 2836 1683 2872 injuria
1708 2833 1833 2862 afﬁciunt
