2072 3161
176 159 244 191 1417

703 161 969 192 COMMENTARU
995 162 1035 192 IN
1055 161 1271 193 PROVERBIA

1737 165 1804 197 1518

173 218 221 253 τὴν
232 216 330 244 ἑαυτοῦ
342 216 431 252 ψυχὴν
442 217 498 244 ἀπὺ
510 217 566 244 τῶν
577 218 809 246 ἐπιϐουλευόντων
824 220 910 255 ταύτῃ
920 220 956 246 διε

1016 227 1089 247 mam
1105 227 1182 247 suam
1206 221 1326 249 custodit
1342 228 1355 248 a
1373 223 1464 257 pravis
1485 223 1628 258 spiritibus
1648 224 1694 259 qui
1712 224 1737 252 ei
1758 233 1806 260 per

173 263 305 290 ποικίλων
319 262 424 294 παθῶν,
440 263 490 297 τῆς
505 264 637 298 πονηρίας
651 264 825 299 πνευμάτων.

214 308 241 334 '0
256 308 290 334 δὲ
307 308 503 342 καταφρονῶν
525 308 584 334 τῶν
603 309 711 335 ἑαυτοῦ
727 308 815 342 ὁδῶν,
840 310 961 337 ἀπολεῖ-

172 363 229 382 ται.
253 353 282 380 ’(α)
296 353 318 380 δ’
333 353 444 389 ἀμελῶς
463 355 528 389 περὶ
542 354 591 386 τὰς
606 355 682 386 Θείας
698 355 808 386 ἐντολὰς
825 356 964 391 διακείμε-

172 408 228 431 νος,
249 399 277 426 αἳ
294 399 372 434 δίκην
382 399 450 426 ὁδῶν
464 399 577 433 ἄγουσιν
591 401 672 426 αὐτὸν
691 401 759 436 πρὸς
769 401 846 434 Θεὺν,
867 402 962 429 τούτου

171 446 330 472 ἐκπεσεῖται
357 445 404 472 τοῦ
432 446 573 480 πανταχοῦ
597 447 730 482 παρόντος
745 448 793 475 καὶ
818 449 852 475 τὰ
873 449 964 476 πάντα

172 491 224 526 πλη
230 491 350 526 ροῦντος.

210 535 252 568 ις’.
273 536 403 568 Δανείζει
430 536 491 568 Θεῷ
508 537 524 562 ὁ
540 535 635 563 ἐλεῶν
654 538 784 571 πτωχόν.
806 538 836 564 '0
854 538 962 573 συμπά-

170 581 246 608 θειαν
262 581 333 608 κατὰ
356 582 387 608 τὺ
405 582 493 616 παρὸν
509 583 549 613 εις
569 582 614 608 τὸν
630 582 745 609 πλούτου
762 584 962 612 ἐκπεπτωκότα

171 627 406 662 ἐπιδεικνύμενος,
423 629 469 654 τὴν
485 627 551 654 Θεὸν
564 629 706 664 χρεώστην
721 631 803 655 ποιεῖ.

206 674 286 701 Κατὰ
310 673 344 700 δὲ
360 675 394 700 τὸ
421 674 498 708 δόμα
516 674 611 700 αὑτοῦ
640 674 846 702 ἀνταποδώσω
869 675 959 709 αὐτῷ.

177 720 379 746 Ἀνταποδώσει
391 720 418 747 δὲ
432 718 510 752 οὗτος
518 720 593 756 αὐτῷ
606 720 634 746 ἐν
646 721 677 755 τῇ
689 723 790 756 φρικτῇ
802 722 885 748 αὑτοῦ
895 731 962 757 παρ-

170 765 259 800 ουσξᾳ,
287 765 379 798 ἀξίους
401 765 452 799 τῆς
474 765 557 792 αὑτοῦ
578 766 618 796 εὶς
640 765 686 791 τὸν
714 765 791 800 ἐνδεῆ
813 765 961 799 διαθέσεως

170 810 233 842 τοὺς
251 809 375 844 μισθούς.

206 860 251 892 ιη’.
268 856 395 883 "diosus
404 857 472 883 vlo’r
482 864 551 883 σου·
564 856 658 889 οὕτως
666 856 721 891 γὰρ
731 858 817 884 ἔσται
825 858 959 892 εὔελπις.

1016 265 1108 292 varias
1125 266 1269 300 passiones
1285 267 1465 295 insidiantur.

1050 310 1104 344 Qui
1124 316 1211 338 autent
1232 313 1339 348 negligit
1356 321 1419 340 suas
1436 314 1503 346 uias,
1516 315 1622 348 peribit.
1641 315 1692 348 Qui
1712 321 1804 343 autem

1015 356 1043 382 in
1070 357 1266 385 observatione
1286 357 1332 385 Dei
1351 360 1555 392 mandatorum,
1574 369 1636 397 qua:
1654 361 1734 396 quasi
1752 361 1806 389 via:

1014 407 1075 427 eum
1094 401 1197 428 ducunt
1216 403 1250 429 ad
1267 402 1361 435 Deum,
1380 404 1519 439 negligens
1535 409 1587 437 est,
1598 406 1706 434 deliciel
1717 413 1734 434 ι
1748 405 1804 434 Deo

1013 446 1060 480 qui
1077 447 1181 482 unique
1198 455 1320 482 praesens
1333 453 1416 476 estet
1432 450 1526 477 omnia
1540 451 1645 485 implet.

1050 535 1132 562 Vens.
1150 536 1193 564 17.
1216 536 1364 564 Feneramr
1387 539 1499 567 Domino
1521 541 1565 575 qui
1580 541 1718 569 miseretur
1735 539 1810 578 pan;

1012 581 1093 613 peris.
1108 582 1195 608 Homo
1212 590 1285 610 nunc
1303 585 1520 613 misericordiam
1538 587 1687 616 ostendens
1701 588 1728 616 in
1738 597 1803 618 eum

1016 626 1064 661 qui
1081 626 1192 654 fortuna
1208 629 1320 661 excidit,
1337 632 1503 659 creditorem
1520 632 1586 660 facit
1604 633 1701 662 Deum.

1048 671 1198 700 Secundum
1213 673 1306 701 datum
1321 676 1378 710 ejus
1390 677 1514 705 retribuet
1527 680 1560 706 ei.
1578 679 1650 709 Deus
1666 686 1758 710 autem
1775 683 1802 711 in

1013 719 1129 746 terribili
1143 727 1193 747 suo
1209 721 1328 749 adventu
1338 722 1450 758 dignam
1458 724 1500 752 sui
1512 725 1627 754 allectus
1639 726 1667 754 in
1678 733 1802 763 egentem

1012 765 1109 793 reddet
1127 768 1292 796 mercedem.

1047 855 1130 883 Vens.
1143 856 1187 884 18.
1210 856 1297 884 Erudi
1309 859 1396 893 ﬁlium
1409 865 1500 894 tuum;
1514 863 1552 890 sic
1569 865 1638 891 enim
1659 867 1709 893 erit
1727 867 1802 895 (tame

169 903 301 938 Παραίνει
316 903 350 929 τὰ
361 903 455 929 δέοντα
468 902 507 937 τῷ
525 902 634 937 φυσικῷ
648 904 704 929 εἴτε
720 904 767 930 καὶ
782 903 821 939 τῷ
834 913 956 940 πνευμα-

1011 900 1077 934 spei.
1094 901 1184 929 Edoce
1195 910 1255 937 quae
1267 903 1368 932 decent
1382 906 1468 933 filium
1489 911 1566 936 tuum
1588 911 1646 938 site
1663 914 1802 941 carnalem

168 949 236 983 ’τικῷ
252 957 299 975 σου
314 948 365 984 υἱῷ
376 957 384 964 ·
402 948 529 974 ἐντεῦθεν
545 948 599 983 γὰρ
615 949 692 984 παρὰ
708 949 775 975 Θεοῦ
793 950 959 985 κομίσασθαι

168 994 275 1021 ὲλπίσει
288 994 323 1021 τὰ
334 993 425 1028 ἀγαθά
435 1003 441 1009 ·
457 994 492 1020 τὰ
505 993 564 1028 Θεῴ
575 995 712 1030 εὐάρεστα
724 995 851 1030 μυηθεὶς,
866 997 914 1022 καὶ
926 998 959 1032 τῇ

169 1041 305 1076 φιλοπόνῳ
318 1041 422 1067 τούτων
436 1040 566 1076 ἐργασίᾳ,
579 1041 614 1067 τὰ
631 1042 661 1067 ὲν
676 1041 854 1076 ἐπαγγελίαις
868 1041 960 1076 ἀγαθά

169 1087 263 1122 ὲκδεχὸ
267 1095 359 1121 μενος.

201 1133 254 1165 Εἰς
270 1132 304 1158 δὲ
317 1132 401 1166 ὕϐριν
417 1132 460 1166 μὴ
482 1131 608 1166 ὲπαΙρου
622 1131 660 1166 τῇ
682 1133 770 1167 ψυχῇ
785 1141 855 1161 σου.
873 1135 920 1166 Εἰς
930 1135 960 1161 δὲ

167 1178 199 1204 τὸ
211 1178 338 1214 ἡγεῖσθαι
349 1177 430 1204 αὑτὸν
443 1177 539 1210 κακὸν,
556 1178 604 1204 καὶ
614 1178 669 1204 ἀπὸ
683 1178 731 1205 σοῦ
748 1179 904 1211 ἐκκόπτειν,
922 1180 959 1216 μὴ

167 1223 285 1258 διέγειρε
300 1223 349 1258 τὴν
362 1223 453 1259 ψυχήν
471 1231 518 1250 σου
535 1225 565 1250 ὲν
581 1223 619 1259 τῷ
641 1224 803 1259 συμϐαίνειν
817 1225 959 1253 λυπεῖσθαι

132 1290 135 1295 λ
168 1270 208 1301 εἰς
222 1269 320 1296 αὐτόν·
339 1269 381 1296 ἴνα
399 1270 437 1305 μὴ
450 1270 559 1302 πάντως
575 1270 707 1305 μισόπαις
725 1271 904 1306 κατακριθῇς.

202 1316 244 1342 ιϐ’.
264 1316 427 1351 Κακόφρων
449 1316 538 1350 ἀνὴρ,
560 1317 661 1344 πολλὰ
684 1316 908 1352 (immaduerat.
930 1319 959 1345 '0

166 1364 201 1390 τὰ
217 1363 312 1390 δέοντα
330 1364 368 1399 μὴ
393 1364 501 1399 φρονῶν
520 1364 674 1400 ἄνθρωπος,
692 1364 739 1391 τοῦ
762 1365 878 1392 πλούτου
905 1366 959 1392 τῶν

167 1409 274 1444 ἀρετῶν
299 1410 516 1445 στερηθήσεται·
531 1410 572 1436 ὅτι
590 1410 627 1444 μὴ
649 1409 761 1444 διαιρῶν
781 1410 811 1437 τὸ
834 1412 959 1446 κρεῖττον

166 1455 222 1481 ἀπὺ
234 1454 281 1481 τοῦ
304 1455 437 1491 χείρονος,
464 1456 537 1482 ποιεῖ
549 1455 588 1487 ὡς
605 1454 683 1490 ἔτυχε
703 1455 733 1482 τὸ
750 1456 845 1488 κακὸν,
856 1457 958 1492 ζημίαν

167 1501 351 1536 ὑφιστάμενος
365 1501 412 1528 τοῦ
425 1501 520 1528 καλοῦ.

205 1547 276 1573 Ἐὰν
283 1547 317 1573 δὲ
325 1547 510 1582 λοιμεύηται,
521 1546 571 1573 καὶ
582 1546 752 1582 τὴνψιιχὴν
761 1549 855 1576 αὑτοῦ
865 1557 958 1583 προσ-

166 1583 267 1626 θήσει..
289 1593 317 1619 '0
329 1592 358 1619 δὲ
375 1592 419 1620 διὰ
434 1593 570 1628 πονηρίας
594 1595 765 1629 περιουσίαν,
783 1596 833 1630 τῆς
858 1595 958 1629 φθορο-

167 1639 244 1665 ποιοῦ
261 1638 342 1665 αὐτοῦ
361 1639 461 1670 κακίας
475 1640 521 1665 χαὶ
534 1640 637 1673 ἑτέροις
652 1640 819 1675 μεταδιδοὺς,
836 1642 958 1676 προσθή-

166 1693 208 1710 σει
239 1684 268 1710 τὸ
291 1684 339 1710 καὶ
369 1685 456 1720 αὐτὴν
482 1685 534 1720 τὴν
565 1686 633 1712 ίδίαν
660 1686 835 1722 ζημιωοῆναι
865 1686 955 1722 ζωήν·

167 1730 374 1765 ἔκκοπτομένης
387 1730 471 1757 αὑτοῦ
484 1731 535 1766 τῆς
549 1731 641 1766 ψυχῆς
657 1732 711 1767 πρὸ
730 1732 815 1767 ὥρας,
832 1732 904 1760 ὥστε
920 1734 957 1769 μὴ

167 1776 301 1812 ὑπάρχειν
313 1777 353 1808 εἰς
369 1777 472 1812 βλάϐην
486 1777 603 1806 πολλῶν.

201 1824 253 1848 κα¹.
274 1822 394 1854 Ἄκουε,
411 1822 469 1855 υιὲ,
482 1823 624 1850 παιδείαν
642 1825 755 1857 πατρός
765 1832 835 1856 σου,
851 1825 902 1852 ἵνα
921 1822 956 1851 εὖ

163 1875 215 1894 σοι
223 1867 344 1902 γένηται
354 1868 400 1894 ἐπ’
408 1868 547 1902 ἐσχάτων
555 1876 623 1896 σου.
634 1870 772 1906 Εὑπειθὴς
784 1870 840 1903 ἔσο,
849 1872 954 1904 τέκνον,

165 1913 225 1944 ’ταῖς
240 1912 307 1947 ἐμοῦ
319 1912 366 1939 τοῦ
384 1913 547 1939 διδασκάλω
568 1922 614 1939 σου
636 1914 789 1946 νουθεσίαις
802 1924 808 1932 ·
822 1916 865 1942 ἵνα
887 1918 956 1950 μετὰ

164 1958 195 1984 ’τὸ
216 1958 389 1994 καθαρθῆναι
408 1958 504 1985 παθῶν
517 1959 565 1985 καὶ
582 1960 723 1995 φωτισμὸν
740 1960 870 1993 δέξασθαι
883 1963 955 1996 γνώ-

166 2012 246 2037 σεως,
261 2003 346 2040 εὕρῃς
360 2005 390 2031 ὲν
404 2005 442 2040 τῷ
456 2005 506 2040 τῆς
523 2005 657 2041 κινήσεώς
673 2015 720 2032 σου
735 2007 818 2038 τέλει,
830 2008 860 2034 τὺ
872 2008 956 2043 ἔσχα-

164 2058 211 2076 τον
224 2051 346 2085 ὀρεκτὸν,
360 2051 404 2077 διὰ
423 2051 453 2077 τδ
467 2051 531 2078 νοῦν
547 2052 666 2087 περᾶσαι
681 2053 770 2079 πάντα
782 2054 816 2080 τὰ
831 2054 895 2081 ὄντα
907 2055 955 2081 καὶ

164 2097 204 2127 εις
221 2097 267 2123 τὸν
289 2097 392 2124 τούτων
412 2097 509 2132 αἴτιον,
525 2099 573 2125 καὶ
595 2098 666 2133 ὑπὲρ
683 2099 770 2126 ταῦτα
786 2100 953 2136 ὑπάρχοντα,

164 2142 333 2176 καταντῆσαι
348 2143 425 2169 Θεόν.

972 1565 995 1596 C

1011 947 1068 973 sive
1082 947 1263 982 spiritualem.
1289 949 1359 978 Hinc
1375 952 1448 979 enim
1468 961 1483 980 a
1503 953 1559 982 Deo
1573 961 1715 991 reportare
1729 958 1802 986 bona

1011 992 1143 1025 sperabit.
1162 993 1197 1021 lis
1216 1001 1277 1029 quae
1301 994 1357 1023 Deo
1372 997 1475 1031 placita
1502 1004 1567 1026 sunt
1593 1000 1735 1034 initiatus,
1755 1010 1803 1038 per

1010 1038 1168 1074 diligentem
1191 1048 1286 1068 eorum
1305 1043 1541 1079 adimplctionem,
1570 1048 1641 1074 bona
1663 1049 1801 1083 promissa

1009 1085 1136 1119 accipiet.

1045 1130 1088 1156 Ad
1106 1132 1292 1160 contumeliam
1307 1138 1397 1161 autem
1416 1143 1448 1163 ne
1457 1137 1568 1164 eieceris
1583 1138 1673 1166 animo
1699 1145 1755 1168 tuo.
1772 1140 1800 1168 Si

1011 1176 1118 1203 accidat
1135 1182 1164 1204 ut
1191 1186 1240 1213 per
1259 1187 1321 1206 eum
1340 1180 1437 1209 dolore
1458 1182 1597 1217 aﬂiciaris,
1620 1192 1654 1212 ne
1677 1185 1799 1214 animum

1011 1225 1088 1248 tuum
1103 1223 1206 1251 excites
1223 1225 1256 1252 ad
1274 1225 1430 1254 ducendum
1451 1228 1529 1256 illum
1551 1230 1668 1262 malum,
1682 1239 1801 1267 eumque

1009 1274 1025 1293 a
1036 1272 1061 1293 te
1074 1270 1268 1304 separandum,
1281 1279 1316 1298 ne
1325 1280 1438 1306 prorsus
1448 1274 1540 1302 odisse
1549 1283 1662 1310 puerum
1674 1279 1801 1312 arguaris

1047 1312 1114 1341 Ven.
1130 1314 1173 1342 19.
1192 1315 1265 1344 Male
1281 1318 1400 1353 cogitans
1412 1319 1452 1346 vir
1464 1320 1550 1347 multa
1560 1321 1659 1349 damna
1670 1324 1798 1357 patietur.

1014 1357 1151 1387 Virtutum
1166 1361 1272 1390 divitiis
1291 1365 1416 1398 carebit,
1429 1365 1476 1400 qui
1493 1375 1554 1402 quae
1565 1368 1663 1396 decent
1680 1377 1733 1397 non
1752 1378 1799 1398 co-

1011 1404 1095 1439 gitat.
1123 1405 1193 1439 Quia
1218 1415 1233 1434 a
1258 1411 1380 1443 pessimo
1397 1419 1452 1438 non
1475 1413 1621 1449 distinguit
1642 1416 1799 1450 optimum,

1011 1451 1130 1485 malum,
1167 1457 1196 1480 ut
1219 1455 1375 1490 contingit,
1406 1463 1548 1492 operatur,
1574 1459 1705 1488 damnum
1734 1462 1798 1490 boui

1011 1501 1126 1530 pauens.

1048 1541 1079 1568 Si
1092 1547 1178 1570 autem
1189 1545 1345 1580 corruperit,
1361 1551 1388 1573 et
1405 1548 1522 1574 animum
1537 1557 1614 1577 suam
1636 1551 1725 1579 addet.
1745 1552 1798 1586 Qui

1011 1591 1101 1614 autent
1118 1589 1153 1615 ob
1168 1590 1312 1624 gravitatis
1334 1599 1476 1620 excessum
1503 1594 1572 1622 alios
1593 1598 1707 1625 malitia:
1737 1607 1796 1628 suae

1010 1635 1193 1668 corruptricis
1216 1637 1364 1673 participes
1384 1638 1494 1673 eﬁ'ecit,
1517 1641 1600 1669 addet
1625 1644 1708 1672 etiam
1732 1654 1797 1681 pro-

1010 1680 1096 1713 priam
1119 1682 1234 1715 perdere
1257 1684 1354 1712 vitam.
1383 1686 1482 1714 Anima
1506 1687 1567 1722 ejus
1594 1694 1660 1718 aute
1686 1680 1796 1729 tempus

1008 1726 1161 1760 excidetur,
1179 1736 1213 1757 ne
1228 1731 1322 1758 multis
1336 1737 1445 1761 noceat.

1044 1814 1128 1843 Vens.
1140 1816 1186 1844 20.
1207 1818 1297 1851 Audi,
1318 1821 1377 1855 fili,
1398 1822 1569 1858 disciplinam
1587 1828 1674 1861 patris
1691 1828 1747 1861 tui,
1764 1835 1794 1857 ut

1008 1861 1113 1894 sapiens
1130 1862 1167 1888 sis
1192 1862 1220 1889 in
1245 1864 1396 1893 novissimis
1423 1869 1487 1897 tuis.
1510 1868 1611 1899 Docilis
1630 1876 1708 1906 esto,
1735 1873 1795 1908 ﬁli,

1008 1905 1246 1935 admonitionibus
1269 1910 1338 1938 meis
1359 1919 1429 1946 quas
1448 1914 1577 1950 praecipio
1593 1916 1654 1950 tibi,
1676 1905 1706 1945 ut
1719 1905 1796 1954 post;

1006 1959 1088 1986 quam
1119 1960 1135 1979 a
1163 1954 1338 1988 passionibtts
1381 1957 1467 1986 fueris
1500 1961 1662 1994 puriticatus
1697 1966 1794 1999 cogni-

1006 1997 1146 2034 tionisque
1180 2000 1272 2028 lumen
1317 2005 1477 2039 acceperis,
1518 2007 1643 2036 invenias
1675 2009 1703 2036 in
1742 2011 1795 2037 line

1007 2047 1098 2071 motus
1128 2046 1184 2078 tui,
1213 2048 1376 2083 novissima]
1392 2050 1607 2086 desiderabilia,
1634 2058 1664 2080 ut
1688 2054 1795 2082 scilicet

1005 2090 1096 2116 omnia
1121 2092 1266 2125 praesentia
1293 2100 1383 2122 mente
1405 2097 1644 2132 praetergrediens,
1670 2099 1724 2127 Deo
1746 2102 1793 2136 qui

1006 2134 1103 2162 horum
1120 2143 1202 2164 causa
1226 2143 1268 2165 est
1281 2143 1308 2166 et
1319 2140 1366 2174 qui
1382 2149 1465 2176 super
1481 2143 1539 2170 haec
1553 2145 1645 2171 omnia
1673 2148 1792 2179 exsistit,

1005 2187 1148 2209 occurras.

198 2234 253 2257 xa’.
272 2231 382 2257 Πολλοὶ
398 2233 538 2266 λογισμοί
562 2233 597 2259 ἐν
622 2233 729 2266 καρδίᾳ
753 2234 873 2267 ἀνδρός,
897 2234 953 2269 Τὴν

1041 2236 1127 2265 Vena.
1142 2238 1186 2266 2L
1221 2239 1317 2268 Mulae
1333 2243 1507 2278 cogitationes
1530 2246 1557 2272 in
1569 2248 1652 2275 corde
1666 2249 1727 2277 uiri.
1745 2249 1793 2278 Di-

161 2278 282 2304 διάνοιαν
292 2277 338 2303 τοῦ
350 2277 495 2313 ἀνθρώπου
504 2278 627 2313 διάφοροι
639 2278 806 2313 διαδέχονται
818 2279 951 2314 λογισμοί·

163 2322 229 2348 ποτὲ
240 2321 263 2347 δ’
273 2321 371 2357 ἐκείνῳ
386 2322 611 2357 προστιθεμένου,
632 2323 677 2350 καὶ
689 2325 721 2359 τῇ
734 2324 788 2351 τῶν
799 2324 954 2351 ἁλλοιωτῶν

162 2367 303 2393 ἀλλοιώσει
322 2367 577 2402 συναλλοιουμένου.

202 2413 234 2440 Ἠ
251 2413 284 2440 δὲ
296 2414 399 2447 ,ϐουλὴ
413 2413 467 2440 τοῦ
482 2415 595 2448 Κυρίου
612 2416 656 2448 εἰς
676 2416 730 2442 τὸν
748 2416 843 2444 αὶῶνα
856 2417 951 2451 μένει.

162 2458 198 2486 Τὸ
211 2459 233 2486 δ’
248 2460 294 2487 ἐπὶ
306 2461 373 2487 πᾶσι
390 2460 460 2487 θεῖον
475 2461 522 2487 καὶ
542 2462 708 2488 Δεσποτικὸν
724 2462 839 2498 θέλημα,
849 2464 953 2498 ἀμετα-

161 2506 270 2540 κίνητον
284 2507 324 2538 εἰς
337 2507 383 2533 τὸν
395 2506 504 2533 ἅπαντα
518 2507 642 2542 διαμένει
652 2508 752 2535 αἰῶνα·
768 2509 828 2536 ὅθεν
841 2511 855 2536 ὁ
865 2511 951 2545 τούτῳ

160 2553 343 2587 προσερείσας
358 2552 389 2578 τὸ
405 2553 456 2587 τῆς
477 2552 567 2587 ψυχῆς
589 2554 676 2589 ὄμμα,
694 2555 742 2581 καὶ
764 2556 815 2590 τῆς
834 2555 889 2582 τῶν
907 2565 951 2582 κι-

158 2598 298 2633 νουμένων
318 2598 454 2633 ὑπεριδὼν
478 2600 673 2635 ματαιότητος,
689 2601 786 2635 γέγονε
808 2603 855 2629 καὶ
870 2603 951 2634 αὐτὸς

157 2645 293 2680 ἄτρεπτος
314 2647 348 2681 τῇ
372 2645 516 2672 ἀλλοιώσει
541 2646 596 2673 τῶν
615 2647 769 2675 ἀλλοιωτῶν
792 2648 829 2683 μὴ
853 2649 949 2676 συναλ-

157 2691 322 2726 λοιοὺμενος.

193 2737 247 2772 ιβ’.
261 2736 380 2771 Καρπὸς
393 2737 477 2771 ἀνδρί
489 2738 692 2771 ἐλεημοσύνη.
703 2739 880 2775 Καρποφορεῖ
890 2741 949 2777 Θεῷ

156 2782 309 2817 ἄνθρωπος,
337 2783 387 2817 τὴν
402 2783 471 2817 πρὸς
489 2784 553 2814 τοὺς
572 2785 703 2818 ὁμοφυεῖς
730 2786 947 2821 συμπάθειαν-ἥ

155 2829 215 2854 ἔστι
237 2827 313 2860 τέλος
338 2829 392 2854 τῶν
417 2828 534 2864 ἀρετῶν,
559 2830 598 2861 ὡς
624 2830 708 2864 νόμου
731 2831 780 2857 καὶ
801 2831 948 2867 προφητῶν

155 2873 302 2910 πλήρωμα.

313 2920 450 2950 ΡΑτκοι..
465 2921 525 2950 Gn.
546 2922 628 2952 LXX
638 2921 730 2952 XVII.

1004 2290 1090 2310 versa:
1115 2285 1143 2311 in
1165 2293 1258 2314 mente
1280 2289 1400 2316 hominis
1421 2291 1604 2325 cogitationes
1623 2293 1674 2321 sibi
1695 2303 1792 2323 succo.

1004 2328 1083 2356 dunt.
1109 2330 1267 2366 Aliquando
1290 2337 1381 2361 autem
1397 2335 1462 2363 huic
1478 2337 1516 2364 rei
1535 2339 1652 2366 intendit
1668 2341 1790 2369 animum

1003 2379 1030 2402 et
1044 2376 1126 2403 modo
1140 2379 1314 2407 mutabilium
1330 2382 1480 2410 mulatione
1496 2383 1668 2412 immolatur.

1038 2421 1187 2450 Comitium
1218 2429 1307 2452 autem
1330 2426 1438 2453 Domini
1472 2428 1500 2455 in
1532 2430 1660 2457 secutum
1690 2436 1789 2459 manet.

1003 2467 1092 2502 Super
1107 2469 1235 2497 universa
1253 2476 1343 2499 autem
1361 2472 1409 2500 Dei
1436 2481 1468 2501 ac
1487 2474 1594 2502 Domini
1612 2476 1740 2505 voluntas
1761 2479 1789 2506 in

1002 2515 1093 2540 omnia
1109 2515 1208 2542 saecula
1224 2522 1367 2551 permanet
1384 2518 1508 2547 immota.
1527 2520 1604 2550 Unde
1621 2522 1670 2557 qui
1690 2523 1789 2550 animae

1001 2559 1110 2586 oculum
1128 2560 1193 2588 huic
1211 2562 1306 2595 allixit,
1323 2569 1347 2590 ct
1361 2571 1454 2591 eorum
1478 2573 1539 2600 qua:
1554 2567 1700 2595 moventur
1721 2576 1788 2596 con-

1001 2606 1112 2639 tcmpsit
1127 2607 1292 2641 vanitatem,
1313 2610 1399 2637 evasit
1413 2615 1440 2638 et
1455 2612 1515 2646 ipse
1535 2613 1684 2647 immotus,
1701 2619 1789 2642 muta-

1001 2649 1076 2678 tione
1092 2652 1265 2680 mutabilium
1280 2661 1334 2681 non
1352 2655 1528 2685 immutatus.

1036 2740 1119 2769 Vens.
1140 2742 1185 2770 2‘2.
1200 2742 1318 2772 Fructus
1334 2745 1389 2772 viro
1404 2746 1581 2783 eleemosyna.
1603 2747 1659 2776 Deo
1673 2748 1790 2778 fructiﬁ-

1000 2791 1044 2813 cat
1060 2788 1108 2822 qui
1131 2788 1159 2815 in
1176 2790 1317 2824 proximos
1331 2793 1454 2820 ostendit
1474 2793 1704 2822 misericordiam.
1726 2794 1790 2821 llaec

998 2837 1041 2860 est
1056 2833 1188 2867 perfectio
1199 2835 1341 2871 virtutum,
1355 2841 1382 2866 et
1394 2838 1460 2873 legis
1473 2847 1504 2868 ac
1517 2842 1711 2875 propht‘tal'um
1731 2839 1788 2873 P'e'

999 2878 1107 2907 nitudo.

1573 2928 1611 2956 53
