2072 3161
248 172 315 205 1419

249 270 343 298 Melior
367 272 408 296 est
435 268 482 303 qui
513 267 629 295 scientia
656 273 732 295 caret
747 272 774 295 et
803 267 945 302 inculpate
971 267 1039 294 vivit

249 325 331 353 quam
349 317 372 345 is
387 317 434 352 qui
456 316 572 345 scientia
590 315 668 342 dives
686 322 740 341 non
759 313 927 348 inculpatum
954 320 1037 348 quam

248 364 376 401 promisit
389 363 446 392 Deo
458 361 698 390 conversationem
717 359 850 388 ostendit.

284 450 370 478 Vens.
385 449 430 478 23.
454 450 546 478 Timor
562 447 671 476 Domini
685 447 720 474 ad
735 447 815 474 vitam
835 446 900 473 viro.
926 444 978 478 Qui
1005 444 1040 472 ob

251 497 360 525 Domini
378 496 504 523 timorem
518 494 610 522 divina
625 493 785 527 exsequitur
803 491 944 523 mandata,
960 490 986 518 in
999 490 1040 518 eis

251 542 355 570 invenit
369 542 452 569 vitam
467 540 591 576 spiritus,
600 540 692 567 lumen
706 538 812 567 scilicet
825 537 1004 573 cognitionis.

288 630 387 658 Carene
413 633 501 656 autem
525 628 619 654 timore
636 647 643 659 ,
667 627 817 654 morabitur
848 627 877 653 in
904 625 968 653 locis
995 625 1040 652 ubi

252 686 304 705 non
317 676 436 712 invigilat
458 675 578 702 scientia.
595 673 646 707 Qui
661 679 750 700 autem
772 672 820 700 Dei
837 672 936 699 timore
954 675 1041 704 caret,

255 722 410 757 requiescet
424 721 450 748 in
467 721 502 748 iis
515 727 576 755 quae
591 726 646 746 non
661 718 769 745 ratione
780 718 932 745 secundum
949 718 1041 746 scien-

253 769 319 795 tiam
332 767 536 795 examinantur.
549 765 595 793 sed
610 765 638 792 in
653 764 782 799 operibus
798 763 963 799 iniquitatis,
977 771 1043 800 opm

254 813 341 844 ribus,
366 815 396 838 ut
413 811 563 846 contingit,
579 809 790 838 occurrentibus
811 816 926 844 quorum
943 817 1042 845 opera-

254 859 294 885 tio
334 857 445 892 quidem
474 857 641 891 voluptatem
668 855 846 882 inhaerentem
871 855 965 887 habet,
993 855 1039 883 sed

255 911 316 939 qua:
334 903 460 937 sequitur
478 901 566 929 dolor.
581 901 658 930 Finis
675 901 748 928 enim
767 908 898 928 sensuum
915 901 1041 937 volupta-
1058 899 1078 926 B

255 949 291 976 tis
307 948 397 975 dolor.

292 994 373 1021 \‘sns.
389 993 435 1020 24.
461 992 513 1026 Qui
534 992 670 1020 abscondit
693 993 721 1020 in
742 993 830 1020 sinum
853 1001 930 1021 suum
949 1000 1043 1020 manus

255 1040 363 1075 injuste,
375 1047 455 1074 neque
462 1039 502 1065 ori
511 1037 615 1074 quidem
625 1039 772 1066 admovebit
783 1047 840 1066 eas.
848 1039 901 1072 Qui
908 1039 942 1066 ob
950 1039 1044 1066 carnis

255 1086 375 1114 laborem
384 1085 411 1112 in
419 1084 534 1112 colenda
546 1084 797 1119 virtute,practicas
804 1085 901 1112 anima:
908 1084 1044 1119 potentias

256 1132 340 1164 stulte
355 1131 500 1159 abscondit
514 1138 565 1159 nec
582 1131 644 1158 illas
658 1131 777 1166 explicat
792 1130 825 1158 ad
841 1130 980 1166 implenda
996 1129 1045 1158 Dei

256 1179 405 1211 mandata,
427 1177 548 1205 fructum
567 1177 679 1205 virtutis
700 1185 716 1205 ε
743 1184 827 1204 carne
851 1181 963 1204 terrena
988 1184 1043 1204 non

255 1223 378 1257 colliget,
391 1230 481 1258 neque
495 1222 548 1250 hoc
564 1221 616 1256 ipsi
629 1221 833 1257 iucundissimo
847 1221 936 1248 fructu
950 1226 1045 1256 pascet

257 1268 392 1295 animam:
404 1276 470 1295 caro
479 1268 551 1295 enim
563 1275 623 1301 qua:
636 1266 891 1301 jusﬁtim‘operibus
905 1266 938 1293 ab
952 1267 1044 1293 anima

258 1322 312 1342 non
327 1313 463 1341 addicitur
476 1321 564 1348 neque
584 1312 741 1348 adjuvatur,
757 1312 818 1340 loco
833 1311 941 1339 fructus
957 1311 1045 1339 virtu-

259 1360 305 1392 tis,
334 1353 388 1394 ipsi
407 1358 511 1394 profert
535 1358 695 1393 ignominiaa
718 1358 862 1393 passiones
887 1365 948 1392 qua:
970 1358 1045 1385 velut

257 1406 342 1442 spina:
357 1405 432 1433 illam
447 1405 627 1433 conscientiae
639 1404 761 1432 stimulis
774 1408 910 1439 pungunt.

293 1537 437 1565 γης-25.
469 1536 613 1565 Pestilente
639 1537 775 1573 ﬂagellato
799 1537 897 1565 stultus
930 1539 1046 1565 astutior

257 1584 300 1620 ﬁt.
314 1583 382 1611 Cum
398 1584 443 1611 ille
457 1584 505 1620 qui
521 1585 703 1619 corruptricis
727 1583 872 1618 pravitatis
895 1584 1046 1619 participes

258 1630 328 1658 alios
350 1630 442 1658 eﬂecit
454 1650 463 1663 ,
487 1630 533 1658 dat
547 1638 643 1666 plenas
655 1651 662 1662 ,
688 1631 786 1658 melior
802 1630 832 1657 lit
847 1630 893 1665 qui
908 1638 969 1665 qua:
993 1638 1047 1658 non

257 1677 356 1704 decent
372 1677 522 1711 cogitabat,
533 1676 566 1703 ab
584 1676 789 1704 irrationalibus
808 1676 902 1703 anima
918 1675 1047 1711 appetiti-

257 1723 310 1750 bus
324 1723 480 1750 abstractus
494 1722 528 1749 ad
545 1722 657 1749 meliora
675 1721 830 1749 contendit.

294 1767 326 1796 Si
345 1772 433 1794 autent
450 1767 608 1801 corripueria
625 1767 710 1794 virum
723 1767 878 1801 prudentem
890 1787 897 1800 ,
921 1768 1046 1802 cogitabit

259 1821 376 1840 sensum.
404 1813 433 1840 Si
467 1817 558 1840 autem
592 1813 697 1840 homini
727 1813 844 1847 sapienti
873 1812 1048 1840 demonstras

259 1866 321 1885 eum
333 1865 394 1892 quae
405 1865 460 1884 non
476 1857 620 1892 oportebat
637 1857 784 1886 admisisse
797 1879 805 1890 ,
826 1858 928 1886 bonum
944 1866 959 1885 a
976 1858 1048 1885 malo

259 1906 334 1929 recta
347 1902 517 1929 discretione
531 1901 684 1937 distinguet
697 1903 959 1937 exprobrationibus
973 1903 1048 1931 exci-

260 1950 334 1974 tatus
349 1947 381 1973 ad
401 1947 603 1982 exquirendum
621 1955 682 1982 qua:
697 1948 789 1976 facere
806 1948 895 1976 debet.

297 2033 380 2063 Vsus.
397 2035 443 2062 26.
464 2035 517 2068 Qui
538 2034 680 2062 t'nlronorat
701 2040 806 2071 patrem
823 2041 847 2064 et
866 2037 974 2071 expellit
993 2045 1049 2063 ma-

261 2086 329 2109 trem
345 2089 432 2115 suam,
455 2081 632 2116 confundetur
651 2087 675 2109 et
697 2082 889 2117 exprobrabilia
906 2084 967 2111 erit.
996 2084 1047 2118 Qui

260 2128 402 2155 caelestem
441 2127 550 2155 Patrem
581 2128 733 2155 secundum
770 2131 888 2164 gratiam
917 2131 1048 2164 operibus

257 2173 374 2209 justitizc
396 2181 450 2200 non
479 2173 595 2201 honorat
619 2177 647 2201 et
669 2173 731 2208 ejus
749 2182 810 2209 quze
825 2174 852 2201 in
863 2175 947 2202 vitam
972 2175 1047 2203 illum

261 2220 354 2254 genuit
384 2218 505 2246 divinam
526 2218 681 2246 doctrinam
706 2219 832 2253 repellit,
857 2219 890 2246 ab
920 2221 1048 2248 omnibus

261 2265 416 2300 repelletur,
432 2267 527 2300 utpote
539 2265 586 2300 qui
601 2265 739 2292 caelestem
753 2263 861 2292 Patrum
880 2267 992 2293 mutavit
1002 2274 1050 2300 pro

261 2310 370 2340 diabolo
388 2319 470 2347 quem
486 2311 552 2338 colit
564 2318 613 2346 per
627 2310 771 2346 passiones
787 2311 946 2346 ignominiae,

298 2423 381 2453 Vsus.
399 2423 445 2452 27.
464 2422 553 2450 Filius
576 2423 699 2450 amittens
720 2422 854 2450 custodire
878 2423 1048 2458 disciplinam

260 2470 344 2505 patris
356 2469 528 2497 meditabitur
541 2468 646 2505 eloquia
659 2468 742 2496 mala.
753 2469 806 2502 Qui
819 2476 866 2504 per
879 2470 958 2497 tidem
970 2477 984 2496 a
997 2470 1052 2497 Deo

261 2515 411 2542 secundum
427 2515 542 2550 gratiam
563 2515 590 2542 in
603 2514 688 2542 tilium
709 2514 866 2550 adoptatus,
886 2515 989 2543 omittit
1002 2515 1052 2543 ob-

261 2567 374 2601 servare
392 2560 440 2588 Dei
459 2564 487 2588 et
510 2562 596 2596 patris
609 2562 738 2589 mandata
771 2570 832 2597 quae
846 2562 975 2590 decenter
1000 2570 1050 2590 no-

261 2610 347 2633 stram
371 2605 455 2633 vitam
477 2607 667 2640 moderantur,
696 2607 834 2635 contraria
846 2607 990 2642 cogitabit.
1010 2607 1050 2634 Ad

261 2652 318 2679 lucc
326 2651 451 2678 facienda
461 2652 537 2679 illum
548 2652 663 2687 impellit
672 2654 787 2688 quieum
796 2653 1050 2689 perdereconatur,

263 2704 393 2725 Imnncus
408 2705 563 2725 animarum
580 2703 748 2726 nostrarum.

298 2742 379 2770 Vens.
395 2743 441 2770 28.
455 2743 508 2776 Qui
522 2744 630 2778 spondet
643 2754 752 2778 puerum
767 2747 975 2781 imprudentem,
987 2754 1051 2773 con-

263 2788 372 2815 tumelia
390 2788 726 2824 aﬂicietjuuiﬁcationem.
742 2791 796 2824 Qui
821 2800 922 2827 corpus
950 2792 1049 2819 anima:

262 2833 445 2868 mancipatum
467 2841 500 2861 ac
526 2841 574 2868 per
597 2842 626 2862 se
651 2836 812 2864 irrationale
828 2838 854 2865 in
878 2838 931 2865 ﬁne
942 2838 1052 2866 virtutis

261 2879 456 2913 perfectionem
482 2884 657 2914 opcraturum
673 2881 814 2916 .spondet,
837 2891 886 2912 nec
902 2884 967 2912 illud
989 2883 1050 2911 data

894 165 1071 197 PROCOPII
1090 166 1212 197 GAZtEI

283 224 379 252 Melior
398 227 488 250 autent
507 229 606 257 pauper
625 221 715 256 justus
730 229 809 257 quam
823 221 938 249 mendax
950 222 1033 249 dives.
1050 225 1066 253 ρ

1812 167 1882 198 1420

1124 222 1281 257 Kpsloo'mr
1291 222 1325 250 δὲ
1343 223 1460 257 πτωχὸς
1475 222 1600 256 δίκαιος,
1613 224 1632 258 ἢ
1650 224 1798 257 πλούσιος
1809 224 1883 258 ψεύ·

1090 276 1176 300 στης.
1190 268 1313 295 Καλλίων
1329 268 1358 295 δέ
1375 270 1450 296 ἐστιν
1470 269 1563 304 ἐνδεὴς
1583 269 1712 304 γνώσεως
1725 270 1881 305 ἀμέμπτως

1090 314 1311 349 πολιτευόμενος,
1331 313 1401 350 ὑπὲρ
1424 314 1470 341 τὸν
1497 314 1666 342 πλουτοῦντα
1689 315 1762 342 κατά
1779 315 1881 349 γνῶσιν

1090 360 1138 386 καὶ
1150 359 1200 394 τὴν
1218 360 1364 395 ἄμεμπτον
1384 360 1536 393 πολιτείαν,
1551 361 1584 396 ἡν
1605 361 1664 397 Θεῷ
1681 361 1826 397 ὑπέσχετο,
1844 362 1882 397 μὴ

1090 404 1324 440 ἐπιδεικνύμενον.

1125 451 1179 482 κγ’.
1195 449 1290 482 Φόϐος
1312 449 1434 483 Κυρίου,
1451 451 1496 484 εις
1517 450 1594 484 ζωὴν
1612 451 1709 485 ἀνδρί.
1728 451 1758 478 '0
1775 451 1814 486 τῷ
1834 452 1884 477 Δε-

1092 494 1215 529 σποτικῷ
1241 495 1316 530 φόϐῳ
1328 496 1378 527 τὰς
1405 495 1478 528 θείας
1498 497 1592 532 τηρῶν
1616 497 1737 529 ἐντολὰς,
1757 497 1884 531 εὑρίσκει

1091 539 1121 565 ἐν
1133 539 1230 572 αὑταῖς
1241 539 1292 576 τὴν
1302 540 1376 577 ζωὴν
1389 541 1436 568 τοῦ
1449 542 1506 575 νοῦ,
1519 544 1628 575 πάντως
1637 543 1682 570 τδν
1691 544 1741 579 τῆς
1754 543 1883 578 γνώσεως

1092 585 1247 620 φωτισμόν.

1133 629 1165 656 '0
1180 630 1214 656 δὲ
1231 631 1342 665 ἄφοϐος
1367 632 1587 667 αὑλισθήσεται
1599 633 1633 660 ἐν
1643 633 1756 666 τόποις,
1770 630 1815 666 οἷς
1825 634 1885 660 οὐκ

1091 674 1254 701 ἐπισκοπεῖ
1265 675 1385 710 γνῶσις.
1410 676 1440 704 '0
1458 676 1486 703 δὲ
1503 677 1550 704 τοῦ
1573 677 1647 704 θείου
1666 677 1749 712 φόϐου
1769 678 1885 712 ἐστερη-

1094 720 1186 755 μένος,
1201 721 1462 757 ἐπαναπαυθήσεται
1480 723 1538 754 τοῖς
1554 722 1590 758 μὴ
1608 723 1680 758 λόγῳ
1696 723 1767 750 κατὰ
1781 723 1885 757 γνῶσιν

1093 766 1310 802 ὲξεταζομένοις,
1337 768 1396 795 ἀλλ’
1416 769 1454 801 ὥς
1471 769 1550 804 ἔτυχε
1575 770 1769 806 προὸαίνουσιν
1791 769 1886 805 ἔργοις

1092 813 1142 847 τῆς
1156 813 1282 848 ἀνομίας,
1299 813 1317 841 ἃ
1333 816 1594 851 περιγεγραμμένον
1607 816 1675 852 μόνῃ
1689 817 1722 851 τῇ
1739 815 1838 852 πράξει
1853 816 1886 842 τὸ

1093 858 1142 893 ἡδὺ
1159 858 1308 894 κέκτηνται
1330 860 1390 895 μετ’
1405 861 1490 897 αὐτὴν
1506 861 1560 888 ὑπὸ
1580 862 1631 897 τῆς
1652 862 1749 898 ὀδύνης
1764 862 1884 897 διαδεχό-

1096 913 1181 940 μενα·
1197 906 1274 938 τέλος
1292 906 1347 942 γὰρ
1368 907 1418 942 τῆς
1432 907 1492 935 κατ’
1511 907 1639 944 αἴσθησιν
1661 908 1758 944 ἡδονῆς
1769 909 1786 944 ἡ
1803 908 1883 943 ὀδύνη

1094 951 1179 979 ἐστίν.

1130 997 1180 1025 κδ’.
1203 997 1230 1024 Ὁ
1241 998 1417 1034 emptitth
1429 1001 1473 1035 εις
1487 1001 1541 1028 τὸν
1550 1001 1669 1028 κόλπον
1678 1001 1771 1028 αὐτοῦ
1783 1000 1887 1036 χεῇῦας

1094 1043 1214 1078 ἀδίκως,
1227 1045 1298 1073 οὐδὲ
1309 1045 1349 1079 τῷ
1359 1047 1484 1081 στόματι
1494 1048 1530 1074 οὺ
1537 1047 1580 1082 μὴ
1591 1048 1768 1082 προσαγάγῃ
1779 1047 1884 1080 αὑτάς.

1100 1090 1130 1117 '0
1151 1090 1194 1117 διὰ
1211 1091 1243 1118 τὸ
1265 1091 1337 1118 κατὰ
1359 1093 1449 1128 σάρκα
1472 1093 1601 1120 ἐπίπονον
1624 1093 1673 1127 τῆς
1691 1093 1801 1128 ἀρετῆς,
1819 1093 1887 1129 κρύ-

1095 1145 1171 1162 πτων
1186 1137 1258 1164 κατὰ
1284 1137 1374 1173 ψυχὴν
1393 1138 1546 1172 ἀλογίστως
1567 1138 1618 1169 τὰς
1639 1139 1796 1173 πρακτικὰς
1809 1138 1887 1165 δυνά-

1097 1191 1158 1218 μεις
1175 1184 1272 1219 αὐτῆς,
1291 1184 1337 1210 καὶ
1361 1185 1398 1220 μὴ
1424 1185 1554 1212 ἐκτείνων
1575 1185 1678 1216 ταύτας
1696 1186 1737 1216 είς
1754 1186 1889 1220 ἐργασίαν

1095 1228 1148 1254 τῶν
1162 1229 1210 1254 τοῦ
1227 1228 1295 1255 Θεοῦ
1310 1230 1436 1263 ἐντολῶν,
1452 1232 1482 1256 οὐ
1497 1230 1628 1265 δρέψεται
1645 1230 1691 1257 τὸν
1708 1230 1770 1257 κατ’
1784 1231 1889 1266 ἀρετὴν

1095 1273 1201 1308 καρπὸν
1222 1274 1318 1308 γηῖνου
1335 1274 1445 1309 σαρκὸς,
1465 1275 1512 1301 καὶ
1529 1273 1593 1310 [μὴ]
1609 1275 1658 1310 τὴν
1676 1275 1774 1301 ἐαυτοῦ
1791 1275 1888 1311 θρέψει

1094 1318 1184 1354 ψυχὴν
1202 1319 1242 1354 τῷ
1258 1319 1360 1355 ἡδίστῳ
1376 1321 1444 1356 αὐτῇ
1462 1320 1556 1355 τοιῷδε
1575 1319 1675 1355 καρπῷ
1687 1328 1694 1335 ·
1711 1321 1728 1356 ἡ
1741 1320 1796 1355 γὰρ
1817 1320 1888 1355 σὰρξ

1095 1364 1188 1400 ἔργοις
1210 1365 1393 1401 δικαιοσύνης,
1418 1366 1470 1392 ὑπὸ
1492 1367 1544 1402 τῆς
1565 1367 1654 1401 ψυχῆς
1669 1366 1706 1401 μὴ
1723 1366 1887 1400 φιλοπονου-

1097 1410 1177 1446 μένη,
1191 1411 1252 1437 ἀντὶ
1263 1410 1309 1437 τοῦ
1324 1411 1385 1438 κατ’
1397 1411 1498 1448 ἀρετὴν
1513 1412 1633 1446 καρποῦ,
1645 1411 1786 1438 ἀνατέλλει
1799 1411 1887 1446 ταύτῃ

1095 1456 1207 1491 ἀτιμίας
1222 1456 1311 1491 πάθη,
1327 1457 1405 1492 δίκην
1420 1457 1546 1484 ἀκανθῶν
1560 1457 1598 1492 τῷ
1615 1457 1720 1493 ἐλέγχῳ
1735 1457 1783 1484 τοῦ
1797 1465 1888 1484 συνει-

1096 1502 1171 1534 δότος
1186 1502 1408 1529 κατακεντοῦντα
1423 1503 1519 1538 αὐτήν.

1133 1552 1183 1576 κε’.
1201 1549 1312 1583 Λοιμοῦ
1325 1548 1578 1584 μαστιγουμένων,
1598 1548 1701 1583 ἄφρων
1718 1549 1889 1585 atat-ova

1098 1603 1183 1630 τερος
1199 1596 1321 1630 γίνεται.
1340 1595 1393 1622 Τοῦ
1408 1595 1457 1630 τῆς
1473 1595 1637 1631 φθοροποιοῦ
1650 1594 1750 1627 κακίας
1765 1596 1813 1622 καὶ
1829 1596 1890 1622 ἑτέ-

1100 1649 1157 1676 ροις
1182 1641 1380 1677 μεταδιδόντος,
1401 1641 1619 1676 τιμωρουμένου,
1647 1641 1800 1676 βελτιοῦται
1819 1642 1833 1668 ό
1853 1641 1889 1668 τὰ

1101 1688 1138 1723 μὴ
1157 1688 1253 1715 δέοντα
1273 1688 1391 1723 φρονῶν,
1406 1688 1620 1723 συστελλόμενος
1639 1688 1694 1715 ἀπὸ
1716 1689 1771 1715 τῶν
1799 1688 1891 1722 ἀλογί-

1100 1743 1171 1762 στων
1184 1735 1288 1770 ὁρμῶν,
1302 1736 1348 1761 καὶ
1362 1735 1589 1769 ἐπεκτεινόμενος
1605 1734 1674 1770 πρὸς
1685 1735 1720 1761 τὰ
1731 1734 1889 1769 κρείττονα.

1140 1781 1211 1808 Ἐὰν
1222 1780 1255 1807 δὲ
1263 1779 1392 1815 ἐλέγχῃς
1400 1779 1495 1814 ἄνδρα
1503 1779 1658 1814 φρόνιμον,
1667 1779 1775 1813 νοήσει
1786 1779 1890 1813 αίσθη-

1099 1835 1161 1855 σιν.
1184 1827 1247 1854 Ὲάν
1263 1826 1291 1853 δὲ
1306 1826 1453 1861 δηλοποιῇς
1472 1825 1507 1851 τὰ
1527 1824 1565 1861 μὴ
1581 1824 1685 1857 δέοντα,
1712 1825 1890 1860 πραττόμενα

1099 1871 1236 1908 ἀνθρώπῳ
1255 1872 1393 1907 ἐχέφρονι,
1415 1871 1558 1906 καταλάϐῃ
1580 1870 1727 1906 διάκρισιν,
1753 1870 1802 1905 τὴν
1820 1871 1891 1898 διαι-

1101 1918 1202 1954 ροῦσαν
1220 1918 1251 1944 τὸ
1265 1919 1388 1952 κρεῖττον
1403 1917 1458 1944 ἀπὸ
1472 1917 1521 1944 τοῦ
1537 1918 1670 1953 χείρονος,
1687 1918 1746 1949 ταῖς
1759 1918 1891 1952 ἐπιτιμή-

1101 1973 1160 1991 σεσι
1177 1964 1379 1999 διεγειρὰμενος
1393 1963 1462 1998 πρὸς
1478 1963 1528 1999 τὴν
1548 1963 1604 1990 τῶν
1615 1963 1682 1998 παρ’
1700 1963 1783 1989 αὑτοῦ
1800 1963 1890 1998 πράτ-

1099 2009 1194 2037 τεσθαι
1210 2009 1361 2044 μελλόντων
1376 2009 1511 2041 ἐξέτασιν.

1135 2059 1192 2088 κς¹.
1210 2055 1240 2082 ’0
1252 2054 1397 2090 ἀτιμάζων
1408 2055 1532 2089 πατέρα,
1548 2055 1597 2082 καὶ
1610 2056 1822 2090 ἀπωθούμενος
1832 2063 1891 2089 μη-

1101 2102 1170 2136 τέρα
1183 2101 1287 2133 αὑτοῦ,
1299 2101 1606 2135 καταισχυνθήσεται,
1622 2101 1672 2128 καὶ
1682 2101 1890 2134 ἐπονείδιστος

1100 2148 1195 2175 ἔσται.
1218 2148 1247 2174 '0
1263 2147 1309 2174 τὸν
1324 2148 1353 2174 ἐν
1374 2148 1497 2183 οὐρανοῖς
1519 2147 1589 2174 κατά
1612 2147 1693 2182 χάριν
1709 2147 1829 2182 Πατέρα,
1851 2147 1889 2182 μὴ

1100 2195 1144 2222 διὰ
1158 2195 1212 2221 τῶν
1231 2195 1281 2229 τῆς
1295 2193 1469 2229 δικαιοσύνης
1487 2194 1576 2230 ἔργων
1591 2193 1690 2228 τιμῶν,
1705 2193 1751 2220 καὶ
1765 2193 1815 2228 τὴν
1828 2201 1890 2227 γεν-

1102 2239 1191 2266 νῶσαν
1207 2239 1287 2265 αὑτὸν
1299 2239 1338 2270 είς
1353 2238 1437 2274 ζωὴν,
1449 2238 1524 2265 θείαν
1538 2238 1661 2265 παιδείαν
1675 2238 1705 2270 ἐξ
1726 2238 1824 2264 ἐαυτοῦ
1837 2238 1891 2264 ἀπ-

1102 2285 1233 2318 ελαύνων,
1249 2285 1454 2320 ἐντραπήσεται
1475 2284 1551 2320 παρά
1567 2285 1661 2311 πᾶσιν·
1674 2284 1713 2316 ὡς
1733 2283 1780 2310 τοῦ
1800 2284 1829 2310 ἐν
1841 2285 1890 2310 οὐ-

1104 2333 1195 2367 ρανοῖς
1215 2331 1321 2366 Πατρὶς
1351 2330 1588 2366 ὰνταλλαξάμενος
1616 2331 1662 2358 τὸν
1688 2330 1824 2364 διάϐολον,
1844 2331 1891 2358 καὶ

1102 2377 1218 2405 πάθεσιν
1233 2377 1345 2412 ἀτιμίας
1359 2376 1521 2412 θεραπεύων
1537 2376 1629 2404 αὐτόν.

1137 2423 1189 2456 κζ’.
1209 2422 1275 2456 Υἱὸς
1283 2423 1522 2457 ἀπολειπόμενος
1535 2421 1668 2457 φυλάξαι
1681 2421 1821 2450 παιδείαν
1834 2430 1892 2449 πα-

1102 2470 1180 2504 τρὸς,
1193 2468 1353 2504 μελετήσει
1365 2468 1473 2502 ῥήσεις
1487 2468 1591 2501 κακᾶς.
1613 2468 1644 2495 '0
1652 2469 1696 2496 διὰ
1704 2469 1823 2500 πίστεως
1831 2468 1891 2505 Θεῷ

1103 2515 1175 2542 κατά
1189 2515 1270 2550 χάριν
1286 2514 1464 2549 υἱοθετηθεὶς,
1480 2513 1640 2541 καταλιπὼν
1651 2514 1682 2541 τὸ
1706 2515 1827 2549 τηρῆσαι
1840 2514 1890 2546 τὰς

1103 2561 1178 2592 Θείας
1194 2560 1303 2591 ἐντολὰς
1318 2560 1347 2586 αἳ
1360 2559 1407 2586 τὸν
1423 2561 1557 2595 ἡμέτερον
1573 2559 1631 2594 βίον
1656 2559 1771 2591 δεόντως
1793 2559 1893 2595 ῥυθμί-

1103 2607 1190 2640 ζουσι,
1207 2605 1390 2640 διαλογίσεται
1401 2605 1436 2632 τὰ
1450 2606 1560 2632 ἐναντία
1570 2613 1578 2622 ·
1592 2605 1610 2633 ἃ
1624 2605 1719 2632 τοῦτον
1740 2606 1891 2640 προτρέπει

1103 2653 1233 2687 πράττειν
1264 2653 1279 2678 ὁ
1306 2651 1454 2686 ἐπιχειρῶν
1470 2651 1603 2678 ἀπολέσαι
1615 2651 1708 2684 αὐτδν,
1730 2651 1825 2686 ἐχθρὸς
1837 2651 1892 2677 τῶν

1103 2699 1244 2735 ἡμετέρων
1264 2698 1367 2733 ψυχῶν.

1139 2748 1193 2780 κη’.
1215 2745 1241 2771 '0
1262 2743 1450 2779 ἐγγυώμενος
1466 2743 1559 2770 παῖδα
1574 2743 1703 2777 ἄφρονα,
1728 2743 1891 2777 καθυϐρίζει

1103 2790 1256 2824 δικαίωμα.
1279 2789 1308 2816 '0
1322 2789 1352 2816 τὺ
1368 2788 1528 2822 ὑπεξούσιον
1537 2789 1570 2824 τῇ
1579 2788 1662 2823 ψυχῇ,
1675 2788 1723 2815 καὶ
1738 2787 1799 2815 καθ’
1810 2788 1892 2815 ἑαυτὸ

1103 2835 1200 2869 ἄλογον
1215 2835 1306 2870 σῶμα,
1321 2835 1368 2861 ἐπὶ
1380 2834 1452 2861 τέλει
1473 2833 1621 2861 ἀποδοῦναι
1646 2833 1718 2860 κατὰ
1741 2833 1841 2870 πρᾶξιν
1861 2833 1893 2859 τὸ

1103 2880 1179 2913 τέλος
1194 2880 1244 2916 τῆς
1260 2880 1361 2916 ἀρετῆς
1371 2879 1557 2916 ἐγγυώμενος,
1574 2878 1623 2907 καὶ
1650 2879 1689 2915 μὴ
1705 2879 1777 2907 κατά
1792 2879 1822 2907 τὸ
1840 2889 1892 2908 πα-
