2072 3161
186 175 252 209 1421

703 182 971 213 COMMENTARII
993 184 1033 214 IN
1054 184 1278 218 PROVERBIA.

1747 193 1815 227 1422

185 231 233 267 ρον
262 231 330 267 πρὸς
351 232 402 268 τὴν
427 233 474 260 τοῦ
489 233 573 262 καλοῦ
587 235 719 272 ἐργασίαν
735 237 877 272 διεγείρων
894 237 960 264 αὐτὸ

1025 238 1102 273 copia
1136 241 1169 267 ad
1191 241 1255 268 boni
1274 243 1461 278 operationem
1476 247 1595 281 excitat,
1619 256 1673 276 non
1701 249 1818 279 honorat

183 277 214 302 οὗ
239 278 306 312 τιμᾷ
326 277 372 304 τὸν
389 278 546 307 δικαιοῦντα
559 281 632 308 θεῖον
646 283 728 318 νόμον
742 283 807 314 τοὺς
822 282 974 318 τηροῦντας

183 322 276 353 αὑτὸν,
283 323 320 355 ὡς
329 323 363 350 τὰ
371 324 400 350 ὲν
409 324 497 361 τούτῳ
507 327 720 363 ἀπηγορευμένα
729 327 971 364 διαπραττόμενος.

218 369 317 402 Στόμα
340 368 375 395 δὲ
390 370 510 397 ἀσεϐῶν
526 373 702 400 κατασείεται
726 374 854 408 κρίσεις.
881 373 936 406 Τὰς
951 373 972 400 δ’

182 414 331 449 ἀπολογίας
345 415 437 448 πάσας
455 418 511 445 τῶν
529 419 567 454 μὴ
584 419 617 446 δι’
632 420 816 456 ἀγαθοεργίας
830 421 973 456 τιμώντων

182 460 259 492 Θεὸν,
275 461 446 488 οἰκειώσεται
462 463 479 498 ἡ
496 466 567 491 κατὰ
580 465 610 491 τὸ
629 465 726 500 μέλλον
753 467 973 501 ἁπαραλόγιστος

182 506 272 542 κρίσις
299 507 394 540 αὐτοῦ,
418 509 489 535 κατὰ
517 510 547 537 τὺ
562 511 697 545 διελέγξαι
713 512 814 544 ταύτας
831 514 870 545 εἰς
886 515 972 541 κατά-

182 562 273 588 κρισιν
293 553 347 580 τῶν
366 555 596 591 προὸαλλομένων
623 557 719 591 αὑτὰς,
745 558 792 585 καὶ
820 559 971 587 καταλῦσαι

181 598 290 626 ἃπασαν
304 599 452 634 πρόφασιν.

217 645 269 671 κο’.
301 645 513 680 Ἐτοιμάζονται
541 647 723 681 ἀκολάστοις
736 649 892 685 μάστιγες,
920 651 969 678 καὶ

181 690 311 724 τιμωρίαι
327 692 438 725 ὁμοίως
452 692 594 726 ἄφροσιν.
612 694 825 729 Εὑτρεπίζονται
836 698 892 728 τοῖς
910 698 970 723 κατ’

180 736 324 770 ἐνέργειαν
340 737 530 772 ἁμαρτάνουσι
547 741 704 774 σωματικαὶ
722 740 826 768 ὀδύναι’
843 743 888 769 καὶ
916 742 968 777 ψυ-

178 782 253 816 χικαί
263 782 396 814 ὡσαύτως
411 783 505 816 λύπαι,
523 785 580 816 τοῖς
594 785 665 812 κατὰ
685 786 805 814 διάνοιαν
821 788 947 815 πταίουσι
959 797 967 804 θ

179 828 249 854 κατὰ
266 829 315 864 μὲν
323 828 352 855 τὸ
366 830 463 864 παρὸν,
480 831 548 865 πρὸς
563 832 736 867 ἐπιστροφὴν
747 835 794 860 καὶ
803 833 947 870 διόρθωσιν
959 843 966 851 ⁸

177 874 249 900 κατὰ
265 874 294 901 δὲ
305 874 412 910 μέλλον,
427 876 466 907 είς
480 876 667 905 ἀνταπόδοσιν.

477 941 604 969 ΚΕΦΑΛ.
621 943 662 970 Κ’.

210 998 244 1023 α’.
268 997 460 1030 Ἀκόλαστον,
474 997 570 1031 οτνοςο
588 999 830 1034 καίὐϐριστικὸν,
844 1001 968 1036 μέθη.’0

174 1039 413 1078 οἷνος,ὲπιθυμιῶν
421 1045 494 1070 ἐστιν
500 1044 648 1077 ἀλογίστων
658 1046 810 1080 παραίτιος,
818 1047 867 1082 τὴν
877 1049 966 1082 σάρκα

173 1088 362 1123 ὲκθερμαίνων
377 1089 433 1115 τῶν
455 1089 492 1124 μὴ
523 1089 675 1124 χρωμένων
703 1091 778 1126 αὐτῷ
807 1092 962 1126 ἐγκρατῶς,

174 1134 220 1160 καὶ
240 1134 383 1170 διεγείρων
417 1134 528 1166 τούτους
551 1133 619 1170 πρὸς
652 1135 740 1170 μίξεις
754 1136 889 1171 αἰσχράν
919 1137 966 1164 καὶ

173 1180 333 1214 ἁτιμοποιὸς
350 1180 497 1215 ὑπάρχειή
525 1180 607 1216 μέϐη,
638 1181 849 1217 ἀπεργαζομένη
873 1183 964 1218 παρά-

173 1233 259 1259 ςςρονα
272 1225 318 1251 τὸν
333 1225 478 1260 μεθύοντα.

209 1271 271 1304 Πᾶς
283 1271 317 1298 δὲ
331 1272 434 1306 ἄφρων
447 1273 593 1305 τοιούτοις
607 1273 823 1308 συμπλέκεται.
850 1275 907 1305 Πᾶς
935 1274 964 1301 δὲ

172 1319 226 1349 ζῶν
243 1317 405 1352 ἀλογίστως,
420 1319 475 1350 τοῖς
490 1318 592 1353 ὁμοίως
601 1318 766 1354 βλάπτουσιν
782 1320 965 1356 ὲμπεριστρέ-

172 1372 262 1397 (pater.

208 1410 240 1444 β’.
252 1411 293 1437 Οὐ
305 1409 435 1444 διαφέρει
444 1410 555 1443 ἀπειλὴ
563 1410 719 1443 βασιλέως
727 1411 822 1445 θυμοῦ
827 1411 961 1444 λέοντος.

174 1457 283 1483 Ἔοικεν
306 1458 322 1491 ἡ
351 1457 451 1492 ἀπειλὴ
480 1457 526 1483 τοῦ
561 1456 761 1492 παμϐασιλέως
786 1456 854 1483 Θεοῦ
884 1457 962 1493 Θυμῷ

170 1501 286 1534 λέοντος,
312 1501 394 1536 φόῦον
414 1502 530 1529 θανάτου
547 1503 688 1536 ἐπάγοντι.

211 1548 243 1574 '0
260 1548 292 1574 δὲ
316 1548 497 1582 παροξύνων
519 1548 623 1581 αὐτὸν,
651 1547 813 1582 ἁμαρτάνει
835 1548 880 1581 εἰς
902 1547 961 1582 τὴν

1026 283 1112 318 legem
1128 285 1247 312 divinam
1258 294 1320 323 qua:
1336 288 1515 319 observantes
1525 300 1585 320 eam
1599 293 1742 328 justiﬁcat,
1753 297 1816 331 quia

1024 336 1085 363 qua:
1099 330 1280 364 prohibentur
1293 333 1328 360 ab
1344 334 1390 361 illa
1403 342 1542 370 operatur.

1060 374 1096 402 Os
1110 381 1198 403 autem
1210 378 1503 412 impiorum-devora“!
1516 383 1634 417 judicia.
1651 386 1754 415 Omnes
1768 395 1817 415 εις

1023 418 1179 447 cusationes
1193 427 1288 448 eorum
1300 423 1346 457 qui
1362 424 1440 452 bonis
1451 428 1582 461 operibus
1597 428 1679 458 Deum
1696 439 1749 458 non
1766 432 1816 460 lio-

1023 468 1133 497 norant,
1149 467 1268 502 excipiet
1280 468 1430 504 aliquando
1454 472 1596 502 inl'allibile
1610 476 1668 510 ejus
1680 477 1814 511 judicium

1023 508 1056 536 ad
1082 510 1299 547 redarguendum
1319 521 1366 542 eas
1388 516 1415 544 in
1444 519 1701 549 condemnationem
1719 531 1814 552 eorum

1022 555 1068 588 qui
1087 556 1230 589 proferunt
1251 566 1298 587 eas
1321 565 1349 588 et
1378 562 1412 589 ad
1435 563 1586 592 tollendum
1608 575 1716 596 omnem
1742 577 1813 604 pra:-

1023 604 1138 629 textum.

1057 645 1139 675 Vens.
1167 648 1212 676 29.
1226 649 1362 678 Parantur
1385 653 1620 689 intemperantibus
1648 658 1768 694 ﬂagella,
1786 665 1810 688 et

1020 692 1151 726 supplicia
1167 696 1290 723 similiter
1301 698 1520 733 imprudentibus.
1540 700 1674 732 Pal-antur
1688 692 1812 742 corporis

1020 737 1129 766 dolores
1146 744 1210 767 actu
1233 744 1502 777 peccantibus,sicut
1524 751 1550 774 et
1570 749 1653 776 animi
1680 737 1813 780 Imm-ores

1020 782 1053 810 iis
1073 784 1119 817 qui
1139 789 1229 813 mente
1255 787 1412 822 oll'cndunt,
1438 791 1464 817 in
1487 796 1610 827 tempore
1630 797 1756 829 praesenti
1778 798 1811 824 ad

1020 830 1228 858 conversionem
1243 835 1270 859 et
1283 835 1512 869 emendationem,
1524 837 1550 864 in
1565 838 1658 867 futuro
1674 845 1765 868 autent
1777 843 1809 869 ad

1019 872 1238 903 retributionem.

1340 944 1415 972 CAP.
1433 945 1492 973 XX.

1055 995 1140 1024 VERS.
1158 996 1184 1024 l.
1202 997 1354 1026 Luxuriosa
1371 1008 1412 1027 res
1424 1020 1431 1032 ,
1451 1002 1549 1035 vinum,
1569 1007 1596 1030 et
1620 1005 1810 1033 contumeliosa

1017 1041 1142 1069 ebrietas.
1158 1041 1256 1070 Vinum
1270 1051 1381 1072 carnem
1396 1047 1596 1076 excalefaciens
1610 1049 1808 1078 irrationalinm

1017 1093 1101 1113 causa
1117 1092 1159 1115 est
1177 1090 1345 1123 appetituum
1370 1091 1396 1117 in
1413 1091 1447 1118 iis
1465 1092 1512 1126 qui
1533 1093 1579 1120 illo
1598 1102 1652 1122 non
1669 1097 1809 1124 moderate

1017 1136 1144 1165 utuntur,
1163 1134 1279 1169 illosque
1293 1136 1395 1163 excitat
1415 1137 1448 1164 ad
1465 1141 1559 1173 turpes
1575 1141 1740 1170 concubitus
1755 1151 1762 1169 :
1781 1148 1808 1171 et

1016 1180 1217 1207 contumeliosa
1251 1185 1295 1208 est
1315 1182 1447 1216 ebrietas,
1475 1193 1542 1220 quia
1564 1192 1698 1215 amentem
1726 1189 1808 1216 cliicit

1015 1225 1135 1252 ebrium.

1053 1270 1147 1297 Omnis
1157 1277 1247 1298 autent
1263 1273 1390 1308 insipiens
1407 1276 1505 1303 talibus
1519 1284 1699 1306 conversatur.
1711 1279 1807 1308 Omnis

1017 1322 1110 1343 autem
1128 1318 1323 1347 irrationalitcr
1341 1322 1450 1354 vivens,
1472 1323 1598 1352 similiter
1615 1325 1806 1360 insipientibus

1013 1362 1173 1390 delectatur.

1051 1405 1130 1433 Vens.
1147 1407 1174 1434 ‘2.
1201 1407 1262 1436 Non
1284 1410 1374 1444 (li/fert
1395 1414 1566 1440 comminatio
1585 1417 1653 1450 regis
1675 1425 1691 1443 a
1715 1417 1805 1452 furore

1014 1450 1106 1478 leonis.
1125 1451 1228 1481 Similis
1247 1459 1288 1482 est
1304 1457 1375 1490 regis
1391 1465 1484 1492 regum
1504 1459 1550 1486 Dei
1569 1450 1746 1490 comminatio
1761 1464 1805 1492 fu-

1016 1495 1073 1521 rori
1091 1495 1193 1528 leonis;
1211 1505 1272 1524 nam
1290 1499 1415 1528 timorem
1431 1503 1526 1530 Inertis
1539 1504 1653 1532 inducit.

1049 1540 1102 1573 Qui
1121 1549 1244 1576 provocat
1264 1553 1333 1577 eum,
1350 1552 1439 1580 pecrat
1457 1549 1484 1574 in
1506 1550 1624 1577 animam
1644 1560 1730 1580 suam.
1751 1554 1802 1587 Qui

168 1592 279 1620 ἑαυτοῦ
295 1593 408 1628 ψυχήν.
428 1593 457 1620 '0
476 1593 498 1620 δ’
514 1593 594 1620 αὐτὸν
614 1593 660 1620 τὸν
684 1594 794 1620 πάντων
822 1594 960 1628 Δεσπότην

1013 1583 1098 1612 Deum
1112 1588 1234 1614 omnium
1249 1587 1393 1617 Dominum
1405 1591 1509 1624 irritat,
1522 1594 1648 1628 quamvis
1663 1602 1735 1630 saepe
1749 1605 1803 1624 non

168 1638 236 1664 Θεὸν
262 1638 448 1674 παροργίζων,
476 1638 529 1665 κᾶν
556 1638 594 1673 μὴ
612 1637 773 1672 κινδυνεύσῃ
793 1638 865 1664 κατὰ
882 1637 961 1672 σῶμα

170 1683 310 1715 πολλάκις.
324 1682 362 1715 ὡς
375 1683 389 1710 ό
406 1683 459 1709 ὑπὸ
473 1681 521 1709 τοῦ
534 1682 684 1718 εἰρημένου
704 1682 787 1718 θηρὸς
808 1682 960 1717 βιϐρωσκό-

171 1737 262 1763 μενος,
278 1727 340 1755 κατ’
356 1727 441 1763 αὐτὴν
452 1727 602 1754 κινδυνεύει
619 1726 669 1762 τὴν
681 1727 748 1754 ἰδίαν
766 1727 866 1762 ψυχὴν,
892 1727 960 1754 Θεοῦ

168 1775 218 1809 τῆς
234 1775 310 1805 δντος
323 1774 396 1808 ζωῆς
411 1773 633 1808 στερισκόμενος.

203 1823 238 1854 γ’.
250 1821 329 1852 Δόξα
337 1819 436 1853 ἀνδρὶ,
452 1819 698 1853 ἀποστρέφεσθαι
710 1818 872 1852 λοιδορίας.
885 1818 959 1855 Τιμὴ

166 1866 206 1901 τῷ
221 1865 357 1901 ἀνθρώπῳ
372 1864 442 1898 ἐστὶ,
458 1865 488 1891 τὸ
504 1866 593 1899 μισεῖν
606 1865 655 1895 τὰς
679 1864 740 1891 κατ’
756 1863 844 1891 ἄλλων
865 1863 957 1891 διαϐο-

166 1911 379 1943 λάς”ὲπαινετὺς
390 1911 443 1945 γάρ
460 1911 534 1936 ἐστιν
543 1909 557 1935 ὁ
569 1909 700 1940 τοιοῦτος.
713 1909 752 1940 ὡς
769 1909 812 1935 διὰ
826 1909 856 1935 τὸ
868 1910 958 1944 μισεῖν

165 1959 216 1990 τὰς
232 1958 302 1984 κατὰ
317 1956 364 1984 τοῦ
379 1956 494 1990 ἀδελφοῦ
511 1955 654 1990 λοιδορίας,
670 1954 717 1981 τὸν
731 1954 846 1990 ἀδελφὸν
856 1955 894 1991 μὴ
911 1964 955 1990 μι-

167 2006 236 2031 σῶν
251 2005 345 2038 ὥσπερ
359 2001 394 2030 αὖ
404 2002 503 2038 ψεκτός
521 2003 596 2028 ἐστιν
606 2001 620 2027 ὁ
632 2000 677 2028 διὰ
694 2001 725 2027 τὸ
740 2001 779 2036 μὴ
796 2002 886 2036 μισεῖν
907 2000 958 2032 τὰς

165 2051 225 2076 κατ’
241 2049 323 2077 αὐτοῦ
335 2048 468 2084 λοιδορίας
484 2047 578 2074 τοῦτον
596 2046 694 2082 μισῶν.

200 2095 263 2129 Πᾶς
273 2095 307 2122 δὲ
320 2095 422 2130 ἄφρων
429 2095 575 2126 τοιούτοις
590 2092 808 2127 συμπλέκεται.
821 2092 870 2119 Διὰ
878 2091 957 2119 τοῦτο

163 2143 191 2169 δὲ
206 2143 260 2174 πᾶς
275 2143 289 2168 ὸ
301 2142 339 2177 μὴ
354 2141 512 2175 κατὰλόγον
526 2139 664 2172 ἐξετάζων
676 2139 711 2166 τὰ
724 2138 832 2171 ἑαυτοῦ,
849 2138 896 2165 καὶ
906 2138 956 2174 τὴν

163 2187 240 2215 δοκὸν
270 2187 373 2214 οἰκείου
392 2185 535 2222 ὀφθαλμοῦ
568 2185 696 2212 ἐκϐαλεῖν
718 2185 853 2217 σπεύδων,
874 2193 956 2220 περι-

164 2235 277 2261 σκοπεῖν
291 2233 391 2260 ὲθέλων
403 2233 433 2260 τὸ
450 2234 478 2259 ὲν
492 2232 532 2268 τῷ
544 2231 678 2268 ὀφθαλμῷ
689 2231 736 2259 τοῦ
755 2231 870 2266 ἀδελφοῦ
883 2231 952 2266 κὰρ-

163 2288 221 2314 φος,
233 2279 281 2306 καὶ
289 2280 377 2314 τούτῳ
387 2278 551 2314 ὲπεγγελᾷν,
567 2279 625 2309 τοῖς
636 2277 770 2309 τοιούτοις
782 2276 949 2312 ἀνθρώποις,

161 2325 315 2352 διαὼλεῦσι
328 2325 447 2358 ⁸πάντως,
463 2323 723 2359 συναναστρέφεται.

197 2382 228 2408 δ’.
250 2380 482 2416 Ὀνειδιζόμενος
503 2379 645 2414 ὀκνηρὸς,
675 2380 732 2406 οὐκ
757 2379 951 2413 αἰσχύνεται·

162 2428 304 2460 ὡσαύτως
319 2428 369 2454 καὶ
393 2429 410 2454 ό
424 2425 629 2461 δανειζόμενος
645 2425 779 2452 σῖτονὲν
790 2424 903 2459 ἁμητῷ.
924 2424 952 2450 '0

163 2472 283 2507 ῥᾴθυμος
298 2473 362 2507 περὶ
375 2472 424 2507 τὴν
439 2472 492 2499 τῶν
507 2471 613 2508 ἀρετῶν
627 2471 767 2506 ἐργασίαν,
785 2471 830 2497 διὰ
843 2470 874 2496 τὸ
887 2469 951 2497 τού-

161 2525 216 2542 των
231 2517 371 2549 ἐπίπονον,
383 2516 553 2551 ὲλεγκτικοῖς
569 2516 660 2550 λόγοις
680 2516 733 2542 ὑπὸ
760 2515 809 2542 τοῦ
828 2515 954 2542 διδασκαο

161 2563 219 2589 λίου
233 2563 407 2598 βαλλόμενος,
418 2564 469 2590 οὐκ
477 2563 594 2589 αἰδεῖται
604 2571 610 2577 ·
624 2561 780 2593 ἀκολούθως
795 2561 824 2588 δὲ
842 2561 889 2588 καὶ
901 2560 915 2586 ὸ
924 2562 952 2588 ὲν

162 2610 201 2645 τῷ
217 2609 342 2644 μέλλοντι
355 2608 445 2641 αἰῶνι,
463 2608 524 2635 καθ’
537 2608 567 2635 ὃν
581 2610 610 2635 ἐν
621 2608 780 2643 ἀγαλλιάσει
794 2607 952 2641 συλλέγουσι

160 2655 216 2681 τῶν
229 2655 339 2682 οἰκείων
354 2655 444 2682 πόνων
458 2656 522 2686 τοὺς
539 2656 664 2691 καρποὺς
681 2656 707 2681 οἱ
723 2655 795 2681 κατὰ
809 2655 854 2681 τδν
882 2663 953 2690 παρ-

161 2701 226 2728 όντα
243 2703 271 2728 ὲν
285 2702 403 2736 δάκρυσι
429 2701 601 2737 σπείροντες,
621 2702 672 2736 τῆς
687 2700 754 2735 παρ’
774 2700 877 2735 ἑτέρων
891 2701 950 2727 ἑπι-

162 2747 275 2781 κουρίας
282 2746 419 2782 δεόμενος,
432 2746 503 2773 ὥστε
511 2746 563 2782 τὴν
574 2745 763 2781 λιμώττουσαν
777 2747 831 2773 τῶν
842 2745 953 2780 ἀγαθῶν

164 2791 232 2818 ἰδίαν
248 2791 347 2827 ψυχὴν,
359 2793 416 2824 τοῖς
432 2792 544 2819 ἐκείνων
555 2791 654 2828 θρέψαι
662 2792 730 2827 πονή
735 2799 814 2826 μασι,
825 2790 896 2817 κατὰ
906 2791 951 2817 τὸν

163 2837 194 2863 ὲν
205 2837 382 2871 Εὑαγγελίοις
398 2837 537 2871 πλούσιον,
553 2837 661 2869 καὶτὰς
678 2838 772 2874 μωρὰς
787 2837 950 2872 παρθένους,

164 2882 308 2918 ἀνηνύτοις
326 2884 473 2919 ἐπιχειρῶν
489 2885 539 2911 οὐκ
552 2883 725 2919 αἰσχύνεται·
745 2884 758 2910 ὁ
786 2883 839 2917 γὰρ
854 2883 883 2909 ἐν
911 2882 950 2917 τῷ

1013 1637 1127 1665 corpore
1139 1632 1318 1667 periclitetur,
1335 1640 1365 1662 ut
1379 1636 1423 1664 ille
1436 1638 1483 1671 qui
1497 1647 1512 1664 a
1525 1639 1637 1674 pra:fata
1652 1641 1740 1670 bestia
1755 1643 1804 1671 de-

1014 1681 1136 1710 voratur,
1151 1679 1241 1705 anima
1259 1681 1320 1714 ejus
1329 1682 1510 1717 periclitatur,
1526 1686 1592 1720 quia
1608 1686 1733 1721 privatur
1749 1689 1803 1718 Deo

1010 1723 1058 1758 qui
1077 1731 1142 1750 vera
1158 1725 1211 1752 vita
1224 1731 1277 1754 est.

1044 1811 1128 1841 Vens.
1145 1813 1173 1840 5.
1195 1815 1287 1841 Honor
1307 1820 1346 1843 est
1365 1816 1468 1845 homini
1490 1823 1654 1849 contemnere
1676 1823 1800 1858 injurias.

1008 1860 1104 1889 Honor
1117 1866 1159 1889 est
1172 1862 1275 1891 homini
1286 1884 1293 1897 ,
1309 1864 1402 1893 odisse
1415 1866 1532 1894 aliorum
1550 1869 1713 1899 calumnias.
1727 1871 1800 1900 Lau-

1008 1908 1116 1936 dandus
1130 1909 1203 1936 euim
1217 1914 1259 1937 est
1270 1911 1333 1938 talis
1341 1912 1406 1946 quia
1418 1921 1480 1940 (:ulll
1494 1913 1588 1942 fratris
1604 1916 1718 1951 injurias
1729 1920 1796 1952 odit,

1007 1952 1119 1981 fratrem
1125 1958 1217 1982 tamen
1223 1962 1278 1982 non
1286 1955 1352 1984 odit.
1361 1957 1595 1990 Quemadmodum
1604 1961 1800 1997 vituperandus

1005 2004 1049 2028 est
1063 2001 1109 2035 qui
1124 2001 1189 2028 dum
1213 2009 1268 2030 non
1279 2002 1374 2031 fratris
1385 2003 1443 2030 odit
1458 2004 1586 2040 injurias,
1599 2006 1712 2036 fratrem
1729 2009 1798 2038 odit.

1045 2089 1138 2117 Omnis
1157 2094 1245 2117 autem
1264 2090 1389 2125 insipiens
1408 2091 1540 2119 similibus
1559 2094 1718 2129 congaudet.
1734 2095 1797 2123 ideo

1006 2137 1097 2165 omnis
1115 2136 1163 2171 qui
1174 2139 1256 2164 rectae
1277 2137 1378 2164 rationi
1390 2144 1467 2165 suam
1479 2141 1716 2168 conversationem
1741 2149 1796 2170 non

1006 2183 1163 2212 conformat
1177 2189 1228 2210 nec
1241 2182 1334 2210 studet
1355 2190 1388 2211 ex
1401 2183 1481 2211 oculo
1497 2191 1547 2211 suo
1566 2185 1670 2213 trabem
1686 2194 1794 2223 eruere,

1005 2227 1071 2255 dum
1083 2228 1142 2255 vult
1158 2226 1326 2262 redarguere
1334 2228 1464 2263 stipulam
1474 2228 1501 2255 in
1515 2230 1596 2258 oculo
1605 2230 1709 2265 fratris,
1719 2241 1796 2261 eum-

1005 2281 1058 2310 que
1075 2274 1203 2306 irridere,
1221 2274 1322 2302 talibus
1346 2274 1503 2304 hominibus
1523 2277 1637 2306 omnino
1663 2279 1794 2308 crimina-

1004 2320 1112 2348 toribus
1125 2324 1317 2348 conversatur.

1039 2378 1124 2407 Vuns.
1133 2379 1160 2406 4.
1170 2380 1355 2414 Ezprobratus
1366 2380 1440 2415 piger
1453 2388 1505 2407 non
1518 2381 1708 2416 confunditur;
1720 2384 1795 2412 simi-

1004 2425 1064 2452 liter
1078 2430 1103 2452 et
1119 2425 1164 2460 qui
1182 2425 1280 2460 foenore
1295 2425 1390 2460 accipit
1405 2426 1566 2460 frumentum
1588 2427 1615 2454 in
1633 2437 1726 2457 messe.
1742 2429 1794 2464 Qui

1005 2471 1144 2506 negligens
1161 2475 1204 2499 est
1220 2471 1248 2498 in
1265 2471 1342 2506 praxi
1359 2471 1493 2498 virtutum
1512 2477 1625 2508 propter
1640 2481 1734 2503 earum
1756 2477 1796 2504 la-

1004 2517 1109 2549 borem,
1123 2517 1318 2552 redargutoriis
1335 2517 1458 2553 magistri
1474 2518 1565 2546 verbis
1580 2520 1724 2550 lacessitus
1739 2530 1794 2550 nou

1004 2562 1158 2596 erubescit;
1177 2562 1274 2590 eodem
1289 2561 1371 2589 modo
1385 2562 1433 2597 qui
1454 2563 1480 2590 in
1497 2567 1620 2599 tempore
1639 2565 1744 2600 futuro,
1765 2568 1792 2596 in

1003 2615 1059 2642 quo
1075 2615 1136 2635 eum
1152 2608 1334 2635 exsultatimte
1351 2607 1474 2635 laborum
1487 2616 1600 2637 suorum
1613 2610 1719 2640 fructus
1735 2614 1792 2641 col-

1004 2655 1092 2689 ligunt
1111 2654 1157 2689 qui
1174 2654 1201 2681 in
1226 2654 1355 2689 lacrymis
1372 2655 1398 2681 in
1419 2659 1543 2690 tempore
1562 2659 1690 2691 praesenti
1709 2661 1794 2687 semi-

1003 2703 1086 2732 nant,
1113 2699 1217 2726 auxilio
1239 2706 1333 2726 eorum
1356 2699 1459 2735 indiget
1476 2705 1505 2727 ut
1529 2708 1625 2729 eorum
1652 2703 1792 2733 laboribus

1003 2753 1081 2773 suam
1097 2745 1216 2772 animam
1230 2744 1396 2772 esurientem
1411 2745 1542 2779 enutriat,
1557 2751 1586 2774 ut
1600 2747 1626 2773 in
1648 2747 1793 2784 Evangelio

1003 2791 1090 2818 malus
1106 2789 1182 2818 dives
1205 2795 1232 2817 et
1250 2790 1332 2817 fatua:
1349 2790 1485 2825 virgines,
1503 2792 1683 2828 impossibilia
1699 2799 1792 2829 petens

1004 2844 1035 2864 ac
1052 2837 1190 2864 incassum
1213 2836 1334 2869 enitens,
1358 2843 1412 2864 non
1430 2837 1620 2868 confunditur.
1644 2839 1697 2874 Qui
1718 2841 1790 2868 enim

1003 2887 1126 2917 tempore
1141 2881 1331 2910 retributionis
1350 2882 1489 2912 erubescit
1504 2884 1583 2914 bonis
1604 2885 1730 2921 indigens
1753 2886 1792 2913 in-
