  <div class='ocr_page' id='page_1' title='image "/cluster/home/n/w/nwhite01/storage/ocr_20150623/87, pt.1/njp.32101013202641/719.png"; bbox 0 0 2072 3161; ppageno 0'>
   <div class='ocr_carea' id='block_1_1' title="bbox 236 171 302 202">
    <p class='ocr_par' dir='ltr' id='par_1_1' title="bbox 236 171 302 202">
     <span class='ocr_line' id='line_1_1' title="bbox 236 171 302 202; baseline 0 0"><span class='ocrx_word' id='word_1_1' title='bbox 236 171 302 202; x_wconf 68' lang='grc'><strong>1423</strong></span> 
     </span>
    </p>
   </div>
   <div class='ocr_carea' id='block_1_2' title="bbox 878 159 1193 192">
    <p class='ocr_par' dir='ltr' id='par_1_2' title="bbox 878 159 1193 192">
     <span class='ocr_line' id='line_1_2' title="bbox 878 159 1193 192; baseline -0.013 0"><span class='ocrx_word' id='word_1_2' title='bbox 878 160 1053 192; x_wconf 80' lang='lat' dir='ltr'><strong>PROCOPII</strong></span> <span class='ocrx_word' id='word_1_3' title='bbox 1074 159 1193 189; x_wconf 56' lang='lat' dir='ltr'><strong>(“nil/El</strong></span> 
     </span>
    </p>
   </div>
   <div class='ocr_carea' id='block_1_3' title="bbox 1796 155 1866 189">
    <p class='ocr_par' dir='ltr' id='par_1_3' title="bbox 1796 155 1866 189">
     <span class='ocr_line' id='line_1_3' title="bbox 1796 155 1866 189; baseline -0.014 0"><span class='ocrx_word' id='word_1_4' title='bbox 1796 155 1866 189; x_wconf 71' lang='grc'><strong>1424</strong></span> 
     </span>
    </p>
   </div>
   <div class='ocr_carea' id='block_1_4' title="bbox 235 216 1031 258">
    <p class='ocr_par' dir='ltr' id='par_1_4' title="bbox 235 218 1024 258">
     <span class='ocr_line' id='line_1_4' title="bbox 235 218 1024 258; baseline -0.013 -3"><span class='ocrx_word' id='word_1_5' title='bbox 235 227 333 258; x_wconf 80' lang='lat' dir='ltr'><strong>veniri.</strong></span> <span class='ocrx_word' id='word_1_6' title='bbox 347 225 484 253; x_wconf 85' lang='lat' dir='ltr'><strong>erubescit</strong></span> <span class='ocrx_word' id='word_1_7' title='bbox 500 228 526 250; x_wconf 84' lang='lat' dir='ltr'><strong>ct</strong></span> <span class='ocrx_word' id='word_1_8' title='bbox 541 224 566 250; x_wconf 93' lang='lat' dir='ltr'><strong>in</strong></span> <span class='ocrx_word' id='word_1_9' title='bbox 580 227 701 256; x_wconf 81' lang='lat' dir='ltr'><strong>tempore</strong></span> <span class='ocrx_word' id='word_1_10' title='bbox 717 220 844 255; x_wconf 68' lang='lat' dir='ltr'><strong>praesenti</strong></span> <span class='ocrx_word' id='word_1_11' title='bbox 857 218 1024 255; x_wconf 71' lang='lat' dir='ltr'><strong>operationis</strong></span> 
     </span>
    </p>
   </div>
   <div class='ocr_carea' id='block_1_5' title="bbox 1084 216 1867 258">
    <p class='ocr_par' dir='ltr' id='par_1_5' title="bbox 1084 216 1867 253">
     <span class='ocr_line' id='line_1_5' title="bbox 1084 216 1867 253; baseline 0.001 -10"><span class='ocrx_word' id='word_1_12' title='bbox 1084 217 1124 251; x_wconf 75' lang='grc' dir='ltr'><strong>τῆς</strong></span> <span class='ocrx_word' id='word_1_13' title='bbox 1140 216 1345 248; x_wconf 76' lang='grc' dir='ltr'>ἀνταποδόσεως</span> <span class='ocrx_word' id='word_1_14' title='bbox 1361 216 1450 252; x_wconf 87' lang='grc' dir='ltr'>καιρῷ</span> <span class='ocrx_word' id='word_1_15' title='bbox 1471 216 1628 251; x_wconf 71' lang='grc' dir='ltr'>αἰδούμενος</span> <span class='ocrx_word' id='word_1_16' title='bbox 1645 217 1790 253; x_wconf 73' lang='grc' dir='ltr'>εὑρεθῆναι</span> <span class='ocrx_word' id='word_1_17' title='bbox 1811 219 1867 244; x_wconf 78' lang='grc' dir='ltr'>τῶν</span> 
     </span>
    </p>
   </div>
   <div class='ocr_carea' id='block_1_6' title="bbox 233 266 813 308">
    <p class='ocr_par' dir='ltr' id='par_1_6' title="bbox 233 266 813 308">
     <span class='ocr_line' id='line_1_6' title="bbox 233 266 813 308; baseline -0.017 -7"><span class='ocrx_word' id='word_1_18' title='bbox 233 275 268 301; x_wconf 88' lang='lat' dir='ltr'><strong>de</strong></span> <span class='ocrx_word' id='word_1_19' title='bbox 281 273 440 308; x_wconf 74' lang='lat' dir='ltr'><strong>negligenda</strong></span> <span class='ocrx_word' id='word_1_20' title='bbox 457 270 566 297; x_wconf 81' lang='lat' dir='ltr'><strong>virtutis</strong></span> <span class='ocrx_word' id='word_1_21' title='bbox 583 269 659 302; x_wconf 79' lang='lat' dir='ltr'><strong>praxi</strong></span> <span class='ocrx_word' id='word_1_22' title='bbox 676 266 813 300; x_wconf 73' lang='lat' dir='ltr'><strong>redargui.</strong></span> 
     </span>
    </p>
   </div>
   <div class='ocr_carea' id='block_1_7' title="bbox 271 397 1021 440">
    <p class='ocr_par' dir='ltr' id='par_1_7' title="bbox 271 397 1021 440">
     <span class='ocr_line' id='line_1_7' title="bbox 271 397 1021 440; baseline -0.02 -3"><span class='ocrx_word' id='word_1_23' title='bbox 271 410 353 436; x_wconf 74' lang='lat' dir='ltr'><strong>\‘sas.</strong></span> <span class='ocrx_word' id='word_1_24' title='bbox 369 408 395 434; x_wconf 79' lang='grc'><strong>5.</strong></span> <span class='ocrx_word' id='word_1_25' title='bbox 414 406 491 440; x_wconf 77' lang='lat' dir='ltr'><strong>Aqua</strong></span> <span class='ocrx_word' id='word_1_26' title='bbox 505 403 654 439; x_wconf 80' lang='lat' dir='ltr'><strong>profunda,</strong></span> <span class='ocrx_word' id='word_1_27' title='bbox 670 400 810 427; x_wconf 77' lang='lat' dir='ltr'><strong>consilium</strong></span> <span class='ocrx_word' id='word_1_28' title='bbox 825 399 852 425; x_wconf 84' lang='lat' dir='ltr'><strong>in</strong></span> <span class='ocrx_word' id='word_1_29' title='bbox 870 397 948 424; x_wconf 84' lang='lat' dir='ltr'><strong>corde</strong></span> <span class='ocrx_word' id='word_1_30' title='bbox 962 397 1021 423; x_wconf 74' lang='lat' dir='ltr'><strong>viri.</strong></span> 
     </span>
    </p>
   </div>
   <div class='ocr_carea' id='block_1_8' title="bbox 236 442 1023 487">
    <p class='ocr_par' dir='ltr' id='par_1_8' title="bbox 236 442 1023 487">
     <span class='ocr_line' id='line_1_8' title="bbox 236 442 1023 487; baseline -0.02 -4"><span class='ocrx_word' id='word_1_31' title='bbox 236 455 330 484; x_wconf 84' lang='lat' dir='ltr'><strong>Simile</strong></span> <span class='ocrx_word' id='word_1_32' title='bbox 353 458 395 481; x_wconf 87' lang='lat' dir='ltr'><strong>est</strong></span> <span class='ocrx_word' id='word_1_33' title='bbox 419 458 497 487; x_wconf 76' lang='lat' dir='ltr'><strong>aqua:</strong></span> <span class='ocrx_word' id='word_1_34' title='bbox 517 449 686 477; x_wconf 69' lang='lat' dir='ltr'><strong>inexhausta:</strong></span> <span class='ocrx_word' id='word_1_35' title='bbox 708 444 855 473; x_wconf 79' lang='lat' dir='ltr'><strong>consilium</strong></span> <span class='ocrx_word' id='word_1_36' title='bbox 878 444 905 470; x_wconf 91' lang='lat' dir='ltr'><strong>in</strong></span> <span class='ocrx_word' id='word_1_37' title='bbox 933 442 1023 469; x_wconf 85' lang='lat' dir='ltr'><strong>anima</strong></span> 
     </span>
    </p>
   </div>
   <div class='ocr_carea' id='block_1_9' title="bbox 236 498 520 530">
    <p class='ocr_par' dir='ltr' id='par_1_9' title="bbox 236 498 520 530">
     <span class='ocr_line' id='line_1_9' title="bbox 236 498 520 530; baseline -0.025 0"><span class='ocrx_word' id='word_1_38' title='bbox 236 501 354 530; x_wconf 77' lang='lat' dir='ltr'><strong>hominis</strong></span> <span class='ocrx_word' id='word_1_39' title='bbox 370 498 520 526; x_wconf 85' lang='lat' dir='ltr'><strong>occultum.</strong></span> 
     </span>
    </p>
   </div>
   <div class='ocr_carea' id='block_1_10' title="bbox 270 536 1023 577">
    <p class='ocr_par' dir='ltr' id='par_1_10' title="bbox 270 536 1023 577">
     <span class='ocr_line' id='line_1_10' title="bbox 270 536 1023 577; baseline -0.019 -2"><span class='ocrx_word' id='word_1_40' title='bbox 270 547 323 575; x_wconf 83' lang='lat' dir='ltr'><strong>Sed</strong></span> <span class='ocrx_word' id='word_1_41' title='bbox 346 546 422 573; x_wconf 81' lang='lat' dir='ltr'><strong>homo</strong></span> <span class='ocrx_word' id='word_1_42' title='bbox 444 543 549 577; x_wconf 71' lang='lat' dir='ltr'><strong>sapient</strong></span> <span class='ocrx_word' id='word_1_43' title='bbox 578 540 715 567; x_wconf 63' lang='lat' dir='ltr'><strong>exhauriet</strong></span> <span class='ocrx_word' id='word_1_44' title='bbox 738 537 816 565; x_wconf 85' lang='lat' dir='ltr'><strong>illud.</strong></span> <span class='ocrx_word' id='word_1_45' title='bbox 838 536 904 563; x_wconf 85' lang='lat' dir='ltr'><strong>Illud</strong></span> <span class='ocrx_word' id='word_1_46' title='bbox 933 539 1023 562; x_wconf 85' lang='lat' dir='ltr'><strong>autem</strong></span> 
     </span>
    </p>
   </div>
   <div class='ocr_carea' id='block_1_11' title="bbox 236 581 1026 622">
    <p class='ocr_par' dir='ltr' id='par_1_11' title="bbox 236 581 1026 622">
     <span class='ocr_line' id='line_1_11' title="bbox 236 581 1026 622; baseline -0.02 -1"><span class='ocrx_word' id='word_1_47' title='bbox 236 601 318 621; x_wconf 89' lang='lat' dir='ltr'><strong>omne</strong></span> <span class='ocrx_word' id='word_1_48' title='bbox 332 592 406 619; x_wconf 85' lang='lat' dir='ltr'><strong>eluet</strong></span> <span class='ocrx_word' id='word_1_49' title='bbox 420 590 461 616; x_wconf 84' lang='lat' dir='ltr'><strong>vir</strong></span> <span class='ocrx_word' id='word_1_50' title='bbox 481 587 602 622; x_wconf 76' lang='lat' dir='ltr'><strong>sapiens.</strong></span> <span class='ocrx_word' id='word_1_51' title='bbox 619 585 641 611; x_wconf 82' lang='grc' dir='ltr'><strong>Λ</strong></span> <span class='ocrx_word' id='word_1_52' title='bbox 656 584 746 612; x_wconf 83' lang='lat' dir='ltr'><strong>verbis</strong></span> <span class='ocrx_word' id='word_1_53' title='bbox 767 582 877 618; x_wconf 79' lang='lat' dir='ltr'><strong>quidem</strong></span> <span class='ocrx_word' id='word_1_54' title='bbox 897 581 957 615; x_wconf 82' lang='lat' dir='ltr'><strong>ejus</strong></span> <span class='ocrx_word' id='word_1_55' title='bbox 977 587 1026 614; x_wconf 91' lang='lat' dir='ltr'><strong>op-</strong></span> 
     </span>
    </p>
   </div>
   <div class='ocr_carea' id='block_1_12' title="bbox 236 625 1026 670">
    <p class='ocr_par' dir='ltr' id='par_1_12' title="bbox 236 625 1026 670">
     <span class='ocr_line' id='line_1_12' title="bbox 236 625 1026 670; baseline -0.02 -3"><span class='ocrx_word' id='word_1_56' title='bbox 236 641 301 667; x_wconf 89' lang='lat' dir='ltr'><strong>time</strong></span> <span class='ocrx_word' id='word_1_57' title='bbox 321 638 398 665; x_wconf 92' lang='lat' dir='ltr'><strong>illum</strong></span> <span class='ocrx_word' id='word_1_58' title='bbox 419 635 573 670; x_wconf 74' lang='lat' dir='ltr'><strong>dignoscet.</strong></span> <span class='ocrx_word' id='word_1_59' title='bbox 594 631 636 658; x_wconf 79' lang='lat' dir='ltr'><strong>Ali</strong></span> <span class='ocrx_word' id='word_1_60' title='bbox 652 629 782 665; x_wconf 79' lang='lat' dir='ltr'><strong>operibus</strong></span> <span class='ocrx_word' id='word_1_61' title='bbox 804 632 894 655; x_wconf 89' lang='lat' dir='ltr'><strong>autem</strong></span> <span class='ocrx_word' id='word_1_62' title='bbox 918 625 965 653; x_wconf 85' lang='lat' dir='ltr'><strong>illa</strong></span> <span class='ocrx_word' id='word_1_63' title='bbox 982 633 1026 652; x_wconf 89' lang='lat' dir='ltr'><strong>ra-</strong></span> 
     </span>
    </p>
   </div>
   <div class='ocr_carea' id='block_1_13' title="bbox 237 672 1024 716">
    <p class='ocr_par' dir='ltr' id='par_1_13' title="bbox 237 672 1024 716">
     <span class='ocr_line' id='line_1_13' title="bbox 237 672 1024 716; baseline -0.018 -4"><span class='ocrx_word' id='word_1_64' title='bbox 237 684 375 714; x_wconf 89' lang='lat' dir='ltr'><strong>tionaliter</strong></span> <span class='ocrx_word' id='word_1_65' title='bbox 388 680 538 716; x_wconf 72' lang='lat' dir='ltr'><strong>indagabit.</strong></span> <span class='ocrx_word' id='word_1_66' title='bbox 555 677 643 713; x_wconf 88' lang='lat' dir='ltr'><strong>Opera</strong></span> <span class='ocrx_word' id='word_1_67' title='bbox 656 676 730 704; x_wconf 85' lang='lat' dir='ltr'><strong>enim</strong></span> <span class='ocrx_word' id='word_1_68' title='bbox 743 675 874 702; x_wconf 88' lang='lat' dir='ltr'><strong>denotant</strong></span> <span class='ocrx_word' id='word_1_69' title='bbox 887 672 1024 700; x_wconf 69' lang='lat' dir='ltr'><strong>allectum.</strong></span> 
     </span>
    </p>
   </div>
   <div class='ocr_carea' id='block_1_14' title="bbox 274 761 1027 804">
    <p class='ocr_par' dir='ltr' id='par_1_14' title="bbox 274 761 1027 804">
     <span class='ocr_line' id='line_1_14' title="bbox 274 761 1027 804; baseline -0.016 -5"><span class='ocrx_word' id='word_1_70' title='bbox 274 772 356 799; x_wconf 73' lang='lat' dir='ltr'><strong>Vens.</strong></span> <span class='ocrx_word' id='word_1_71' title='bbox 372 770 398 798; x_wconf 81' lang='grc'><strong>6.</strong></span> <span class='ocrx_word' id='word_1_72' title='bbox 416 769 544 804; x_wconf 82' lang='lat' dir='ltr'><strong>Magnum</strong></span> <span class='ocrx_word' id='word_1_73' title='bbox 563 767 639 793; x_wconf 82' lang='lat' dir='ltr'><strong>homo</strong></span> <span class='ocrx_word' id='word_1_74' title='bbox 656 771 680 792; x_wconf 86' lang='lat' dir='ltr'><strong>et</strong></span> <span class='ocrx_word' id='word_1_75' title='bbox 701 764 845 800; x_wconf 79' lang='lat' dir='ltr'><strong>pretiosum</strong></span> <span class='ocrx_word' id='word_1_76' title='bbox 864 763 904 790; x_wconf 74' lang='lat' dir='ltr'><strong>vir</strong></span> <span class='ocrx_word' id='word_1_77' title='bbox 924 761 1027 789; x_wconf 80' lang='lat' dir='ltr'><strong>miseri-</strong></span> 
     </span>
    </p>
   </div>
   <div class='ocr_carea' id='block_1_15' title="bbox 237 808 1027 849">
    <p class='ocr_par' dir='ltr' id='par_1_15' title="bbox 237 808 1027 849">
     <span class='ocr_line' id='line_1_15' title="bbox 237 808 1027 849; baseline -0.015 -4"><span class='ocrx_word' id='word_1_78' title='bbox 237 826 305 845; x_wconf 81' lang='lat' dir='ltr'><strong>cors.</strong></span> <span class='ocrx_word' id='word_1_79' title='bbox 319 817 492 849; x_wconf 83' lang='lat' dir='ltr'><strong>Quisursum</strong></span> <span class='ocrx_word' id='word_1_80' title='bbox 511 813 539 840; x_wconf 92' lang='lat' dir='ltr'><strong>in</strong></span> <span class='ocrx_word' id='word_1_81' title='bbox 559 811 642 839; x_wconf 86' lang='lat' dir='ltr'><strong>Deum</strong></span> <span class='ocrx_word' id='word_1_82' title='bbox 663 810 786 845; x_wconf 89' lang='lat' dir='ltr'><strong>respicit.</strong></span> <span class='ocrx_word' id='word_1_83' title='bbox 808 812 839 836; x_wconf 89' lang='lat' dir='ltr'><strong>ut</strong></span> <span class='ocrx_word' id='word_1_84' title='bbox 858 808 884 835; x_wconf 95' lang='lat' dir='ltr'><strong>in</strong></span> <span class='ocrx_word' id='word_1_85' title='bbox 899 809 1027 842; x_wconf 80' lang='lat' dir='ltr'><strong>archety-</strong></span> 
     </span>
    </p>
   </div>
   <div class='ocr_carea' id='block_1_16' title="bbox 238 851 1026 898">
    <p class='ocr_par' dir='ltr' id='par_1_16' title="bbox 238 851 1026 898">
     <span class='ocr_line' id='line_1_16' title="bbox 238 851 1026 898; baseline -0.015 -8"><span class='ocrx_word' id='word_1_86' title='bbox 238 871 312 898; x_wconf 89' lang='lat' dir='ltr'><strong>pum,</strong></span> <span class='ocrx_word' id='word_1_87' title='bbox 327 861 417 889; x_wconf 88' lang='lat' dir='ltr'><strong>omnia</strong></span> <span class='ocrx_word' id='word_1_88' title='bbox 433 864 540 887; x_wconf 85' lang='lat' dir='ltr'><strong>terrena</strong></span> <span class='ocrx_word' id='word_1_89' title='bbox 558 863 755 888; x_wconf 74' lang='lat' dir='ltr'><strong>contemnens,</strong></span> <span class='ocrx_word' id='word_1_90' title='bbox 771 858 799 882; x_wconf 85' lang='lat' dir='ltr'><strong>et</strong></span> <span class='ocrx_word' id='word_1_91' title='bbox 815 854 962 889; x_wconf 80' lang='lat' dir='ltr'><strong>imaginem</strong></span> <span class='ocrx_word' id='word_1_92' title='bbox 978 851 1026 879; x_wconf 82' lang='lat' dir='ltr'><strong>Dei</strong></span> 
     </span>
    </p>
   </div>
   <div class='ocr_carea' id='block_1_17' title="bbox 1077 262 1868 299">
    <p class='ocr_par' dir='ltr' id='par_1_17' title="bbox 1077 262 1868 299">
     <span class='ocr_line' id='line_1_17' title="bbox 1077 262 1868 299; baseline 0 -9"><span class='ocrx_word' id='word_1_93' title='bbox 1077 263 1187 297; x_wconf 82' lang='grc' dir='ltr'><strong>ἀγαθῶν</strong></span> <span class='ocrx_word' id='word_1_94' title='bbox 1199 262 1301 297; x_wconf 76' lang='grc' dir='ltr'>ὲνξεὴς,</span> <span class='ocrx_word' id='word_1_95' title='bbox 1323 262 1482 297; x_wconf 75' lang='grc' dir='ltr'><strong>αἰσχύνεται</strong></span> <span class='ocrx_word' id='word_1_96' title='bbox 1499 263 1547 290; x_wconf 77' lang='grc' dir='ltr'><strong>καὶ</strong></span> <span class='ocrx_word' id='word_1_97' title='bbox 1567 263 1596 289; x_wconf 76' lang='grc' dir='ltr'><strong>ἐν</strong></span> <span class='ocrx_word' id='word_1_98' title='bbox 1620 263 1660 299; x_wconf 84' lang='grc' dir='ltr'><strong>τῷ</strong></span> <span class='ocrx_word' id='word_1_99' title='bbox 1676 264 1790 299; x_wconf 76' lang='grc' dir='ltr'><strong>παρόντι</strong></span> <span class='ocrx_word' id='word_1_100' title='bbox 1817 264 1868 299; x_wconf 79' lang='grc' dir='ltr'><strong>τῆς</strong></span> 
     </span>
    </p>
   </div>
   <div class='ocr_carea' id='block_1_18' title="bbox 1076 308 1869 346">
    <p class='ocr_par' dir='ltr' id='par_1_18' title="bbox 1076 308 1869 346">
     <span class='ocr_line' id='line_1_18' title="bbox 1076 308 1869 346; baseline -0.005 -11"><span class='ocrx_word' id='word_1_101' title='bbox 1076 309 1209 343; x_wconf 73' lang='grc' dir='ltr'>ἐργασίας</span> <span class='ocrx_word' id='word_1_102' title='bbox 1246 308 1354 343; x_wconf 84' lang='grc' dir='ltr'>καιρῷ,</span> <span class='ocrx_word' id='word_1_103' title='bbox 1386 308 1491 344; x_wconf 82' lang='grc' dir='ltr'>ἀμελὴς</span> <span class='ocrx_word' id='word_1_104' title='bbox 1521 310 1701 345; x_wconf 74' lang='grc' dir='ltr'><strong>ἐλεγχόμενος</strong></span> <span class='ocrx_word' id='word_1_105' title='bbox 1734 312 1800 346; x_wconf 70' lang='grc' dir='ltr'>περὶ</span> <span class='ocrx_word' id='word_1_106' title='bbox 1839 313 1869 338; x_wconf 75' lang='grc' dir='ltr'><strong>τδ</strong></span> 
     </span>
    </p>
   </div>
   <div class='ocr_carea' id='block_1_19' title="bbox 1078 355 1168 381">
    <p class='ocr_par' dir='ltr' id='par_1_19' title="bbox 1078 355 1168 381">
     <span class='ocr_line' id='line_1_19' title="bbox 1078 355 1168 381; baseline 0 0"><span class='ocrx_word' id='word_1_107' title='bbox 1078 355 1168 381; x_wconf 84' lang='grc' dir='ltr'>καλόν.</span> 
     </span>
    </p>
   </div>
   <div class='ocr_carea' id='block_1_20' title="bbox 1113 401 1870 436">
    <p class='ocr_par' dir='ltr' id='par_1_20' title="bbox 1113 401 1870 436">
     <span class='ocr_line' id='line_1_20' title="bbox 1113 401 1870 436; baseline 0 -9"><span class='ocrx_word' id='word_1_108' title='bbox 1113 405 1143 427; x_wconf 90' lang='grc' dir='ltr'><strong>ε’.</strong></span> <span class='ocrx_word' id='word_1_109' title='bbox 1162 401 1257 436; x_wconf 79' lang='grc' dir='ltr'>’Υδωρ</span> <span class='ocrx_word' id='word_1_110' title='bbox 1271 401 1352 434; x_wconf 80' lang='grc' dir='ltr'>,βαθὺ</span> <span class='ocrx_word' id='word_1_111' title='bbox 1365 401 1468 436; x_wconf 78' lang='grc' dir='ltr'>βουλὴ</span> <span class='ocrx_word' id='word_1_112' title='bbox 1481 401 1516 427; x_wconf 65' lang='grc' dir='ltr'><strong>ἐν·</strong></span> <span class='ocrx_word' id='word_1_113' title='bbox 1530 401 1637 436; x_wconf 72' lang='grc' dir='ltr'>καρδίᾳ</span> <span class='ocrx_word' id='word_1_114' title='bbox 1660 401 1780 436; x_wconf 74' lang='grc' dir='ltr'>ἀνδρός.</span> <span class='ocrx_word' id='word_1_115' title='bbox 1800 402 1870 427; x_wconf 54' lang='lat' dir='ltr'><strong>Avo-</strong></span> 
     </span>
    </p>
   </div>
   <div class='ocr_carea' id='block_1_21' title="bbox 1078 445 1871 481">
    <p class='ocr_par' dir='ltr' id='par_1_21' title="bbox 1078 445 1871 481">
     <span class='ocr_line' id='line_1_21' title="bbox 1078 445 1871 481; baseline 0 -9"><span class='ocrx_word' id='word_1_116' title='bbox 1078 446 1232 481; x_wconf 75' lang='grc' dir='ltr'>εξαντλὴτῳ</span> <span class='ocrx_word' id='word_1_117' title='bbox 1245 446 1333 473; x_wconf 73' lang='grc' dir='ltr'>ἔοικεν</span> <span class='ocrx_word' id='word_1_118' title='bbox 1357 446 1445 478; x_wconf 72' lang='grc' dir='ltr'>ὕδατι,</span> <span class='ocrx_word' id='word_1_119' title='bbox 1459 445 1489 472; x_wconf 86' lang='grc' dir='ltr'><strong>τδ</strong></span> <span class='ocrx_word' id='word_1_120' title='bbox 1505 446 1535 472; x_wconf 81' lang='grc' dir='ltr'><strong>ἐν</strong></span> <span class='ocrx_word' id='word_1_121' title='bbox 1549 445 1622 481; x_wconf 72' lang='grc' dir='ltr'>ψυχῇ</span> <span class='ocrx_word' id='word_1_122' title='bbox 1640 446 1784 481; x_wconf 76' lang='grc' dir='ltr'>ἀνθρώπου</span> <span class='ocrx_word' id='word_1_123' title='bbox 1797 446 1871 477; x_wconf 69' lang='grc' dir='ltr'>τινὸς</span> 
     </span>
    </p>
   </div>
   <div class='ocr_carea' id='block_1_22' title="bbox 1079 492 1436 528">
    <p class='ocr_par' dir='ltr' id='par_1_22' title="bbox 1079 492 1436 528">
     <span class='ocr_line' id='line_1_22' title="bbox 1079 492 1436 528; baseline 0.006 -10"><span class='ocrx_word' id='word_1_124' title='bbox 1079 493 1272 527; x_wconf 74' lang='grc' dir='ltr'><strong>κεκρυμμένον</strong></span> <span class='ocrx_word' id='word_1_125' title='bbox 1288 492 1436 528; x_wconf 79' lang='grc' dir='ltr'>βούλευμα.</span> 
     </span>
    </p>
   </div>
   <div class='ocr_carea' id='block_1_23' title="bbox 1120 537 1871 571">
    <p class='ocr_par' dir='ltr' id='par_1_23' title="bbox 1120 537 1871 571">
     <span class='ocr_line' id='line_1_23' title="bbox 1120 537 1871 571; baseline 0.003 -9"><span class='ocrx_word' id='word_1_126' title='bbox 1120 537 1212 570; x_wconf 81' lang='grc' dir='ltr'>Ἀνὴρ</span> <span class='ocrx_word' id='word_1_127' title='bbox 1226 537 1260 563; x_wconf 76' lang='grc' dir='ltr'>δὲ</span> <span class='ocrx_word' id='word_1_128' title='bbox 1276 537 1422 571; x_wconf 73' lang='grc' dir='ltr'>φρόνιμος</span> <span class='ocrx_word' id='word_1_129' title='bbox 1432 537 1615 570; x_wconf 78' lang='grc' dir='ltr'>ἐξαντλήσει</span> <span class='ocrx_word' id='word_1_130' title='bbox 1629 537 1736 570; x_wconf 80' lang='grc' dir='ltr'><strong>αὐτὴν.</strong></span> <span class='ocrx_word' id='word_1_131' title='bbox 1750 537 1837 564; x_wconf 85' lang='grc' dir='ltr'><strong>Τοῦτο</strong></span> <span class='ocrx_word' id='word_1_132' title='bbox 1847 537 1871 564; x_wconf 78' lang='grc' dir='ltr'>δ’</span> 
     </span>
    </p>
   </div>
   <div class='ocr_carea' id='block_1_24' title="bbox 1079 582 1871 619">
    <p class='ocr_par' dir='ltr' id='par_1_24' title="bbox 1079 582 1871 619">
     <span class='ocr_line' id='line_1_24' title="bbox 1079 582 1871 619; baseline 0 -10"><span class='ocrx_word' id='word_1_133' title='bbox 1079 582 1212 617; x_wconf 78' lang='grc' dir='ltr'>ἀναμάξει</span> <span class='ocrx_word' id='word_1_134' title='bbox 1231 583 1314 614; x_wconf 75' lang='grc' dir='ltr'>ἅπαν,</span> <span class='ocrx_word' id='word_1_135' title='bbox 1335 583 1466 617; x_wconf 84' lang='grc' dir='ltr'>νουνεχὴς</span> <span class='ocrx_word' id='word_1_136' title='bbox 1499 583 1658 619; x_wconf 76' lang='grc' dir='ltr'>ἄνθρωπος·</span> <span class='ocrx_word' id='word_1_137' title='bbox 1676 583 1730 609; x_wconf 72' lang='grc' dir='ltr'>ἀπὸ</span> <span class='ocrx_word' id='word_1_138' title='bbox 1749 583 1799 618; x_wconf 81' lang='grc' dir='ltr'>μὲν</span> <span class='ocrx_word' id='word_1_139' title='bbox 1814 583 1871 610; x_wconf 80' lang='grc' dir='ltr'>τῶν</span> 
     </span>
    </p>
   </div>
   <div class='ocr_carea' id='block_1_25' title="bbox 1080 627 1871 663">
    <p class='ocr_par' dir='ltr' id='par_1_25' title="bbox 1080 627 1871 663">
     <span class='ocr_line' id='line_1_25' title="bbox 1080 627 1871 663; baseline 0 -9"><span class='ocrx_word' id='word_1_140' title='bbox 1080 628 1212 663; x_wconf 65' lang='grc' dir='ltr'>ῥημάτων</span> <span class='ocrx_word' id='word_1_141' title='bbox 1227 627 1322 661; x_wconf 67' lang='grc' dir='ltr'>αὑτοῦ,</span> <span class='ocrx_word' id='word_1_142' title='bbox 1339 627 1492 662; x_wconf 80' lang='grc' dir='ltr'>εὐμεθόδως</span> <span class='ocrx_word' id='word_1_143' title='bbox 1508 628 1589 655; x_wconf 76' lang='grc' dir='ltr'>αὑτὸν</span> <span class='ocrx_word' id='word_1_144' title='bbox 1604 627 1739 663; x_wconf 75' lang='grc' dir='ltr'>μετελθὼν</span> <span class='ocrx_word' id='word_1_145' title='bbox 1749 647 1757 659; x_wconf 92' lang='grc'><strong>,</strong></span> <span class='ocrx_word' id='word_1_146' title='bbox 1775 628 1829 654; x_wconf 63' lang='grc' dir='ltr'><strong>ἀπὺ</strong></span> <span class='ocrx_word' id='word_1_147' title='bbox 1841 628 1871 655; x_wconf 79' lang='grc' dir='ltr'>δὲ</span> 
     </span>
    </p>
   </div>
   <div class='ocr_carea' id='block_1_26' title="bbox 1079 672 1871 708">
    <p class='ocr_par' dir='ltr' id='par_1_26' title="bbox 1079 672 1871 708">
     <span class='ocr_line' id='line_1_26' title="bbox 1079 672 1871 708; baseline 0.003 -10"><span class='ocrx_word' id='word_1_148' title='bbox 1079 673 1133 699; x_wconf 76' lang='grc' dir='ltr'><strong>τῶν</strong></span> <span class='ocrx_word' id='word_1_149' title='bbox 1145 672 1232 707; x_wconf 82' lang='grc' dir='ltr'>ἐργων</span> <span class='ocrx_word' id='word_1_150' title='bbox 1244 673 1338 706; x_wconf 80' lang='grc' dir='ltr'>αὑτοῦ,</span> <span class='ocrx_word' id='word_1_151' title='bbox 1354 674 1502 708; x_wconf 76' lang='grc' dir='ltr'><strong>ἐρευνήσας</strong></span> <span class='ocrx_word' id='word_1_152' title='bbox 1515 674 1586 700; x_wconf 76' lang='grc' dir='ltr'>αὐτὰ</span> <span class='ocrx_word' id='word_1_153' title='bbox 1601 673 1671 700; x_wconf 82' lang='grc' dir='ltr'>κατὰ</span> <span class='ocrx_word' id='word_1_154' title='bbox 1683 673 1774 708; x_wconf 74' lang='grc' dir='ltr'>λόγον·</span> <span class='ocrx_word' id='word_1_155' title='bbox 1790 673 1871 708; x_wconf 71' lang='grc' dir='ltr'>ἔργον</span> 
     </span>
    </p>
   </div>
   <div class='ocr_carea' id='block_1_27' title="bbox 1080 718 1462 755">
    <p class='ocr_par' dir='ltr' id='par_1_27' title="bbox 1080 718 1462 755">
     <span class='ocr_line' id='line_1_27' title="bbox 1080 718 1462 755; baseline 0 -10"><span class='ocrx_word' id='word_1_156' title='bbox 1080 719 1134 755; x_wconf 67' lang='grc' dir='ltr'>γὰρ</span> <span class='ocrx_word' id='word_1_157' title='bbox 1151 718 1287 751; x_wconf 71' lang='grc' dir='ltr'>ἀπόδειξις</span> <span class='ocrx_word' id='word_1_158' title='bbox 1304 718 1462 750; x_wconf 77' lang='grc' dir='ltr'><strong>διαθέσεως.</strong></span> 
     </span>
    </p>
   </div>
   <div class='ocr_carea' id='block_1_28' title="bbox 1116 763 1870 799">
    <p class='ocr_par' dir='ltr' id='par_1_28' title="bbox 1116 763 1870 799">
     <span class='ocr_line' id='line_1_28' title="bbox 1116 763 1870 799; baseline -0.003 -7"><span class='ocrx_word' id='word_1_159' title='bbox 1116 768 1152 797; x_wconf 82' lang='grc' dir='ltr'><strong>ς’.</strong></span> <span class='ocrx_word' id='word_1_160' title='bbox 1166 764 1250 799; x_wconf 78' lang='grc' dir='ltr'>Μέγα</span> <span class='ocrx_word' id='word_1_161' title='bbox 1271 764 1438 798; x_wconf 81' lang='grc' dir='ltr'>ἅνθρωπος,</span> <span class='ocrx_word' id='word_1_162' title='bbox 1455 763 1503 790; x_wconf 80' lang='grc' dir='ltr'>καὶ</span> <span class='ocrx_word' id='word_1_163' title='bbox 1518 764 1616 798; x_wconf 83' lang='grc' dir='ltr'>τίμιον</span> <span class='ocrx_word' id='word_1_164' title='bbox 1630 763 1708 798; x_wconf 81' lang='grc' dir='ltr'>ἀνὴρ</span> <span class='ocrx_word' id='word_1_165' title='bbox 1721 763 1870 798; x_wconf 76' lang='grc' dir='ltr'><strong>ἐλεήμων.</strong></span> 
     </span>
    </p>
   </div>
   <div class='ocr_carea' id='block_1_29' title="bbox 1087 809 1871 846">
    <p class='ocr_par' dir='ltr' id='par_1_29' title="bbox 1087 809 1871 846">
     <span class='ocr_line' id='line_1_29' title="bbox 1087 809 1871 846; baseline -0.003 -8"><span class='ocrx_word' id='word_1_166' title='bbox 1087 811 1117 838; x_wconf 82' lang='grc' dir='ltr'><strong>Ὀ</strong></span> <span class='ocrx_word' id='word_1_167' title='bbox 1131 811 1187 838; x_wconf 77' lang='grc' dir='ltr'><strong>ἀνω</strong></span> <span class='ocrx_word' id='word_1_168' title='bbox 1203 812 1243 843; x_wconf 82' lang='grc' dir='ltr'>εἰς</span> <span class='ocrx_word' id='word_1_169' title='bbox 1271 810 1339 838; x_wconf 83' lang='grc' dir='ltr'><strong>Θεὸν</strong></span> <span class='ocrx_word' id='word_1_170' title='bbox 1361 810 1478 845; x_wconf 79' lang='grc' dir='ltr'><strong>βλέπων,</strong></span> <span class='ocrx_word' id='word_1_171' title='bbox 1499 809 1537 842; x_wconf 84' lang='grc' dir='ltr'>ὡς</span> <span class='ocrx_word' id='word_1_172' title='bbox 1549 810 1618 845; x_wconf 70' lang='grc' dir='ltr'>πρὸς</span> <span class='ocrx_word' id='word_1_173' title='bbox 1634 810 1799 846; x_wconf 80' lang='grc' dir='ltr'>ἀρχέτυπον,</span> <span class='ocrx_word' id='word_1_174' title='bbox 1815 810 1871 836; x_wconf 84' lang='grc' dir='ltr'><strong>τῶν</strong></span> 
     </span>
    </p>
   </div>
   <div class='ocr_carea' id='block_1_30' title="bbox 1080 856 1870 892">
    <p class='ocr_par' dir='ltr' id='par_1_30' title="bbox 1080 856 1870 892">
     <span class='ocr_line' id='line_1_30' title="bbox 1080 856 1870 892; baseline 0 -10"><span class='ocrx_word' id='word_1_175' title='bbox 1080 857 1182 892; x_wconf 79' lang='grc' dir='ltr'>γηΐνων</span> <span class='ocrx_word' id='word_1_176' title='bbox 1196 858 1304 884; x_wconf 82' lang='grc' dir='ltr'>πάντων</span> <span class='ocrx_word' id='word_1_177' title='bbox 1320 856 1474 892; x_wconf 76' lang='grc' dir='ltr'><strong>ὑπερορῶν,</strong></span> <span class='ocrx_word' id='word_1_178' title='bbox 1485 856 1533 882; x_wconf 72' lang='grc' dir='ltr'>καὶ</span> <span class='ocrx_word' id='word_1_179' title='bbox 1543 856 1574 882; x_wconf 73' lang='grc' dir='ltr'>τὸ</span> <span class='ocrx_word' id='word_1_180' title='bbox 1586 856 1646 882; x_wconf 80' lang='grc' dir='ltr'>κατ’</span> <span class='ocrx_word' id='word_1_181' title='bbox 1658 856 1753 883; x_wconf 82' lang='grc' dir='ltr'>είκόνα</span> <span class='ocrx_word' id='word_1_182' title='bbox 1766 856 1870 892; x_wconf 81' lang='grc' dir='ltr'><strong>τηρῶν,</strong></span> 
     </span>
    </p>
   </div>
   <div class='ocr_carea' id='block_1_31' title="bbox 238 895 1031 939">
    <p class='ocr_par' dir='ltr' id='par_1_31' title="bbox 238 895 1030 939">
     <span class='ocr_line' id='line_1_31' title="bbox 238 895 1030 939; baseline -0.015 -3"><span class='ocrx_word' id='word_1_183' title='bbox 238 895 424 937; x_wconf 74' lang='lat' dir='ltr'><strong>conservans.</strong></span> <span class='ocrx_word' id='word_1_184' title='bbox 446 913 480 933; x_wconf 88' lang='lat' dir='ltr'><strong>eo</strong></span> <span class='ocrx_word' id='word_1_185' title='bbox 509 904 570 939; x_wconf 86' lang='lat' dir='ltr'><strong>ipso</strong></span> <span class='ocrx_word' id='word_1_186' title='bbox 593 902 723 930; x_wconf 86' lang='lat' dir='ltr'><strong>omnibus</strong></span> <span class='ocrx_word' id='word_1_187' title='bbox 749 899 965 935; x_wconf 84' lang='lat' dir='ltr'><strong>aspectabilibus</strong></span> <span class='ocrx_word' id='word_1_188' title='bbox 989 901 1030 925; x_wconf 89' lang='lat' dir='ltr'><strong>est</strong></span> 
     </span>
    </p>
   </div>
   <div class='ocr_carea' id='block_1_32' title="bbox 1084 895 1871 939">
    <p class='ocr_par' dir='ltr' id='par_1_32' title="bbox 1084 901 1871 938">
     <span class='ocr_line' id='line_1_32' title="bbox 1084 901 1871 938; baseline 0 -10"><span class='ocrx_word' id='word_1_189' title='bbox 1084 902 1112 929; x_wconf 85' lang='grc' dir='ltr'><strong>ἐν</strong></span> <span class='ocrx_word' id='word_1_190' title='bbox 1126 902 1215 938; x_wconf 81' lang='grc' dir='ltr'>τούτῳ</span> <span class='ocrx_word' id='word_1_191' title='bbox 1238 902 1308 937; x_wconf 82' lang='grc' dir='ltr'><strong>ὺπέρ</strong></span> <span class='ocrx_word' id='word_1_192' title='bbox 1332 902 1422 929; x_wconf 80' lang='grc' dir='ltr'>πάντα</span> <span class='ocrx_word' id='word_1_193' title='bbox 1436 901 1496 927; x_wconf 70' lang='grc' dir='ltr'>ἐστὶ</span> <span class='ocrx_word' id='word_1_194' title='bbox 1523 901 1558 928; x_wconf 79' lang='grc' dir='ltr'>τὰ</span> <span class='ocrx_word' id='word_1_195' title='bbox 1575 901 1714 936; x_wconf 75' lang='grc' dir='ltr'>ὀρώμενα’</span> <span class='ocrx_word' id='word_1_196' title='bbox 1737 902 1785 928; x_wconf 75' lang='grc' dir='ltr'>καὶ</span> <span class='ocrx_word' id='word_1_197' title='bbox 1810 902 1871 928; x_wconf 62' lang='grc' dir='ltr'><strong>ὁτὲ</strong></span> 
     </span>
    </p>
   </div>
   <div class='ocr_carea' id='block_1_33' title="bbox 239 945 1031 988">
    <p class='ocr_par' dir='ltr' id='par_1_33' title="bbox 239 945 1031 988">
     <span class='ocr_line' id='line_1_33' title="bbox 239 945 1031 988; baseline -0.015 -7"><span class='ocrx_word' id='word_1_198' title='bbox 239 953 375 988; x_wconf 82' lang='lat' dir='ltr'><strong>superior.</strong></span> <span class='ocrx_word' id='word_1_199' title='bbox 391 951 443 985; x_wconf 86' lang='lat' dir='ltr'><strong>Qui</strong></span> <span class='ocrx_word' id='word_1_200' title='bbox 458 957 592 986; x_wconf 75' lang='lat' dir='ltr'><strong>generose</strong></span> <span class='ocrx_word' id='word_1_201' title='bbox 604 949 738 975; x_wconf 77' lang='lat' dir='ltr'><strong>adversus</strong></span> <span class='ocrx_word' id='word_1_202' title='bbox 753 946 897 982; x_wconf 78' lang='lat' dir='ltr'><strong>passiones</strong></span> <span class='ocrx_word' id='word_1_203' title='bbox 910 945 1031 988; x_wconf 76' lang='lat' dir='ltr'><strong>luctatur</strong></span> 
     </span>
    </p>
   </div>
   <div class='ocr_carea' id='block_1_34' title="bbox 239 983 1029 1029">
    <p class='ocr_par' dir='ltr' id='par_1_34' title="bbox 239 983 1029 1029">
     <span class='ocr_line' id='line_1_34' title="bbox 239 983 1029 1029; baseline -0.015 -1"><span class='ocrx_word' id='word_1_204' title='bbox 239 1005 267 1029; x_wconf 83' lang='lat' dir='ltr'><strong>et</strong></span> <span class='ocrx_word' id='word_1_205' title='bbox 283 1001 310 1026; x_wconf 91' lang='lat' dir='ltr'><strong>in</strong></span> <span class='ocrx_word' id='word_1_206' title='bbox 325 999 450 1026; x_wconf 83' lang='lat' dir='ltr'><strong>homines</strong></span> <span class='ocrx_word' id='word_1_207' title='bbox 469 997 542 1024; x_wconf 82' lang='lat' dir='ltr'><strong>sicut</strong></span> <span class='ocrx_word' id='word_1_208' title='bbox 556 995 675 1022; x_wconf 87' lang='lat' dir='ltr'><strong>Deusest</strong></span> <span class='ocrx_word' id='word_1_209' title='bbox 692 993 862 1024; x_wconf 86' lang='lat' dir='ltr'><strong>misericors,</strong></span> <span class='ocrx_word' id='word_1_210' title='bbox 881 992 935 1019; x_wconf 88' lang='lat' dir='ltr'><strong>Deo</strong></span> <span class='ocrx_word' id='word_1_211' title='bbox 947 983 1029 1018; x_wconf 88' lang='lat' dir='ltr'><strong>simul</strong></span> 
     </span>
    </p>
   </div>
   <div class='ocr_carea' id='block_1_35' title="bbox 239 1038 852 1074">
    <p class='ocr_par' dir='ltr' id='par_1_35' title="bbox 239 1038 852 1074">
     <span class='ocr_line' id='line_1_35' title="bbox 239 1038 852 1074; baseline -0.016 0"><span class='ocrx_word' id='word_1_212' title='bbox 239 1052 267 1074; x_wconf 82' lang='lat' dir='ltr'><strong>et</strong></span> <span class='ocrx_word' id='word_1_213' title='bbox 282 1044 443 1073; x_wconf 87' lang='lat' dir='ltr'><strong>hominibus</strong></span> <span class='ocrx_word' id='word_1_214' title='bbox 457 1043 558 1069; x_wconf 84' lang='lat' dir='ltr'><strong>charos</strong></span> <span class='ocrx_word' id='word_1_215' title='bbox 574 1044 654 1068; x_wconf 89' lang='lat' dir='ltr'><strong>estet</strong></span> <span class='ocrx_word' id='word_1_216' title='bbox 671 1038 852 1066; x_wconf 79' lang='lat' dir='ltr'><strong>honorabilis.</strong></span> 
     </span>
    </p>
   </div>
   <div class='ocr_carea' id='block_1_36' title="bbox 281 1081 1031 1122">
    <p class='ocr_par' dir='ltr' id='par_1_36' title="bbox 281 1081 1031 1122">
     <span class='ocr_line' id='line_1_36' title="bbox 281 1081 1031 1122; baseline -0.015 -3"><span class='ocrx_word' id='word_1_217' title='bbox 281 1091 373 1119; x_wconf 87' lang='lat' dir='ltr'><strong>Virum</strong></span> <span class='ocrx_word' id='word_1_218' title='bbox 409 1093 497 1116; x_wconf 86' lang='lat' dir='ltr'><strong>autem</strong></span> <span class='ocrx_word' id='word_1_219' title='bbox 527 1086 631 1122; x_wconf 78' lang='lat' dir='ltr'><strong>ﬁdelem</strong></span> <span class='ocrx_word' id='word_1_220' title='bbox 656 1086 717 1119; x_wconf 73' lang='lat' dir='ltr'><strong>quis</strong></span> <span class='ocrx_word' id='word_1_221' title='bbox 752 1083 889 1110; x_wconf 75' lang='lat' dir='ltr'><strong>inveniet?</strong></span> <span class='ocrx_word' id='word_1_222' title='bbox 918 1081 1031 1109; x_wconf 81' lang='lat' dir='ltr'><strong>Diliicile</strong></span> 
     </span>
    </p>
   </div>
   <div class='ocr_carea' id='block_1_37' title="bbox 239 1129 1032 1166">
    <p class='ocr_par' dir='ltr' id='par_1_37' title="bbox 239 1129 1032 1166">
     <span class='ocr_line' id='line_1_37' title="bbox 239 1129 1032 1166; baseline -0.014 0"><span class='ocrx_word' id='word_1_223' title='bbox 239 1143 282 1166; x_wconf 86' lang='lat' dir='ltr'><strong>est</strong></span> <span class='ocrx_word' id='word_1_224' title='bbox 298 1136 424 1165; x_wconf 80' lang='lat' dir='ltr'><strong>invenire</strong></span> <span class='ocrx_word' id='word_1_225' title='bbox 438 1135 578 1162; x_wconf 82' lang='lat' dir='ltr'><strong>hominem</strong></span> <span class='ocrx_word' id='word_1_226' title='bbox 600 1132 705 1159; x_wconf 80' lang='lat' dir='ltr'><strong>ﬁrmam</strong></span> <span class='ocrx_word' id='word_1_227' title='bbox 721 1131 750 1158; x_wconf 89' lang='lat' dir='ltr'><strong>in</strong></span> <span class='ocrx_word' id='word_1_228' title='bbox 766 1130 852 1158; x_wconf 79' lang='lat' dir='ltr'><strong>Deum</strong></span> <span class='ocrx_word' id='word_1_229' title='bbox 869 1129 949 1156; x_wconf 80' lang='lat' dir='ltr'><strong>ﬁdem</strong></span> <span class='ocrx_word' id='word_1_230' title='bbox 966 1135 1032 1164; x_wconf 87' lang='lat' dir='ltr'><strong>ope-</strong></span> 
     </span>
    </p>
   </div>
   <div class='ocr_carea' id='block_1_38' title="bbox 242 1176 1030 1215">
    <p class='ocr_par' dir='ltr' id='par_1_38' title="bbox 242 1176 1030 1215">
     <span class='ocr_line' id='line_1_38' title="bbox 242 1176 1030 1215; baseline -0.015 -2"><span class='ocrx_word' id='word_1_231' title='bbox 242 1185 319 1212; x_wconf 78' lang='lat' dir='ltr'><strong>ribus</strong></span> <span class='ocrx_word' id='word_1_232' title='bbox 334 1182 522 1211; x_wconf 84' lang='lat' dir='ltr'><strong>ostendentem</strong></span> <span class='ocrx_word' id='word_1_233' title='bbox 541 1187 548 1206; x_wconf 95' lang='lat'>:</span> <span class='ocrx_word' id='word_1_234' title='bbox 563 1179 640 1215; x_wconf 83' lang='lat' dir='ltr'><strong>pauci</strong></span> <span class='ocrx_word' id='word_1_235' title='bbox 655 1179 726 1206; x_wconf 85' lang='lat' dir='ltr'><strong>enim</strong></span> <span class='ocrx_word' id='word_1_236' title='bbox 742 1181 806 1204; x_wconf 88' lang='lat' dir='ltr'><strong>sunt</strong></span> <span class='ocrx_word' id='word_1_237' title='bbox 820 1176 866 1211; x_wconf 86' lang='lat' dir='ltr'><strong>qui</strong></span> <span class='ocrx_word' id='word_1_238' title='bbox 887 1180 1030 1211; x_wconf 76' lang='lat' dir='ltr'><strong>angustam</strong></span> 
     </span>
    </p>
   </div>
   <div class='ocr_carea' id='block_1_39' title="bbox 241 1221 1030 1257">
    <p class='ocr_par' dir='ltr' id='par_1_39' title="bbox 241 1221 1030 1257">
     <span class='ocr_line' id='line_1_39' title="bbox 241 1221 1030 1257; baseline -0.015 1"><span class='ocrx_word' id='word_1_239' title='bbox 241 1235 269 1257; x_wconf 78' lang='lat' dir='ltr'><strong>ct</strong></span> <span class='ocrx_word' id='word_1_240' title='bbox 286 1234 392 1257; x_wconf 80' lang='lat' dir='ltr'><strong>arctam</strong></span> <span class='ocrx_word' id='word_1_241' title='bbox 409 1228 480 1254; x_wconf 84' lang='lat' dir='ltr'><strong>viam</strong></span> <span class='ocrx_word' id='word_1_242' title='bbox 498 1225 652 1252; x_wconf 90' lang='lat' dir='ltr'><strong>inveniunt.</strong></span> <span class='ocrx_word' id='word_1_243' title='bbox 678 1222 725 1249; x_wconf 84' lang='lat' dir='ltr'><strong>Vir</strong></span> <span class='ocrx_word' id='word_1_244' title='bbox 740 1226 830 1249; x_wconf 89' lang='lat' dir='ltr'><strong>autem</strong></span> <span class='ocrx_word' id='word_1_245' title='bbox 846 1221 879 1248; x_wconf 83' lang='lat' dir='ltr'><strong>ad</strong></span> <span class='ocrx_word' id='word_1_246' title='bbox 895 1222 1030 1255; x_wconf 77' lang='lat' dir='ltr'><strong>agendum</strong></span> 
     </span>
    </p>
   </div>
   <div class='ocr_carea' id='block_1_40' title="bbox 243 1267 1030 1312">
    <p class='ocr_par' dir='ltr' id='par_1_40' title="bbox 243 1267 1030 1312">
     <span class='ocr_line' id='line_1_40' title="bbox 243 1267 1030 1312; baseline -0.014 -9"><span class='ocrx_word' id='word_1_247' title='bbox 243 1281 323 1312; x_wconf 87' lang='lat' dir='ltr'><strong>aptus</strong></span> <span class='ocrx_word' id='word_1_248' title='bbox 342 1274 444 1302; x_wconf 87' lang='lat' dir='ltr'><strong>dicitur</strong></span> <span class='ocrx_word' id='word_1_249' title='bbox 469 1272 516 1307; x_wconf 89' lang='lat' dir='ltr'><strong>qui</strong></span> <span class='ocrx_word' id='word_1_250' title='bbox 533 1271 680 1306; x_wconf 81' lang='lat' dir='ltr'><strong>passiones</strong></span> <span class='ocrx_word' id='word_1_251' title='bbox 694 1275 828 1304; x_wconf 74' lang='lat' dir='ltr'><strong>generose</strong></span> <span class='ocrx_word' id='word_1_252' title='bbox 847 1267 961 1302; x_wconf 77' lang='lat' dir='ltr'><strong>subigit,</strong></span> <span class='ocrx_word' id='word_1_253' title='bbox 982 1273 1030 1293; x_wconf 89' lang='lat' dir='ltr'><strong>nec</strong></span> 
     </span>
    </p>
   </div>
   <div class='ocr_carea' id='block_1_41' title="bbox 243 1314 844 1353">
    <p class='ocr_par' dir='ltr' id='par_1_41' title="bbox 243 1314 844 1353">
     <span class='ocr_line' id='line_1_41' title="bbox 243 1314 844 1353; baseline -0.018 -3"><span class='ocrx_word' id='word_1_254' title='bbox 243 1329 373 1350; x_wconf 81' lang='lat' dir='ltr'><strong>sensuum</strong></span> <span class='ocrx_word' id='word_1_255' title='bbox 389 1317 574 1353; x_wconf 67' lang='lat' dir='ltr'><strong>voluptatibus</strong></span> <span class='ocrx_word' id='word_1_256' title='bbox 594 1319 636 1343; x_wconf 70' lang='lat' dir='ltr'><strong>est</strong></span> <span class='ocrx_word' id='word_1_257' title='bbox 659 1314 844 1342; x_wconf 80' lang='lat' dir='ltr'><strong>elTeminatus.</strong></span> 
     </span>
    </p>
   </div>
   <div class='ocr_carea' id='block_1_42' title="bbox 279 1400 1031 1440">
    <p class='ocr_par' dir='ltr' id='par_1_42' title="bbox 279 1400 1031 1440">
     <span class='ocr_line' id='line_1_42' title="bbox 279 1400 1031 1440; baseline -0.013 -3"><span class='ocrx_word' id='word_1_258' title='bbox 279 1409 363 1437; x_wconf 73' lang='lat' dir='ltr'><strong>Vsus.</strong></span> <span class='ocrx_word' id='word_1_259' title='bbox 382 1408 408 1435; x_wconf 82' lang='lat'><strong>7.</strong></span> <span class='ocrx_word' id='word_1_260' title='bbox 421 1407 473 1440; x_wconf 85' lang='lat' dir='ltr'><strong>Qui</strong></span> <span class='ocrx_word' id='word_1_261' title='bbox 489 1409 659 1432; x_wconf 73' lang='lat' dir='ltr'><strong>conversatur</strong></span> <span class='ocrx_word' id='word_1_262' title='bbox 668 1405 724 1430; x_wconf 78' lang='lat' dir='ltr'><strong>sine</strong></span> <span class='ocrx_word' id='word_1_263' title='bbox 741 1401 934 1437; x_wconf 77' lang='lat' dir='ltr'><strong>vituperatione</strong></span> <span class='ocrx_word' id='word_1_264' title='bbox 950 1401 978 1428; x_wconf 87' lang='lat' dir='ltr'><strong>in</strong></span> <span class='ocrx_word' id='word_1_265' title='bbox 987 1400 1031 1433; x_wconf 77' lang='lat' dir='ltr'><strong>iu-</strong></span> 
     </span>
    </p>
   </div>
   <div class='ocr_carea' id='block_1_43' title="bbox 244 1445 1033 1488">
    <p class='ocr_par' dir='ltr' id='par_1_43' title="bbox 244 1445 1033 1488">
     <span class='ocr_line' id='line_1_43' title="bbox 244 1445 1033 1488; baseline -0.013 -6"><span class='ocrx_word' id='word_1_266' title='bbox 244 1456 333 1488; x_wconf 58' lang='lat' dir='ltr'><strong>stitia,</strong></span> <span class='ocrx_word' id='word_1_267' title='bbox 343 1455 432 1481; x_wconf 75' lang='lat' dir='ltr'><strong>beatos</strong></span> <span class='ocrx_word' id='word_1_268' title='bbox 448 1452 518 1487; x_wconf 72' lang='lat' dir='ltr'><strong>ﬁlios</strong></span> <span class='ocrx_word' id='word_1_269' title='bbox 535 1459 598 1477; x_wconf 70' lang='lat' dir='ltr'><strong>suus</strong></span> <span class='ocrx_word' id='word_1_270' title='bbox 615 1449 755 1484; x_wconf 75' lang='lat' dir='ltr'><strong>relinquet.</strong></span> <span class='ocrx_word' id='word_1_271' title='bbox 770 1448 820 1481; x_wconf 83' lang='lat' dir='ltr'><strong>Qui</strong></span> <span class='ocrx_word' id='word_1_272' title='bbox 833 1447 935 1474; x_wconf 87' lang='lat' dir='ltr'><strong>mundo</strong></span> <span class='ocrx_word' id='word_1_273' title='bbox 949 1445 1033 1473; x_wconf 89' lang='lat' dir='ltr'><strong>corde</strong></span> 
     </span>
    </p>
   </div>
   <div class='ocr_carea' id='block_1_44' title="bbox 244 1494 1032 1533">
    <p class='ocr_par' dir='ltr' id='par_1_44' title="bbox 244 1494 1032 1533">
     <span class='ocr_line' id='line_1_44' title="bbox 244 1494 1032 1533; baseline -0.013 -5"><span class='ocrx_word' id='word_1_274' title='bbox 244 1502 291 1528; x_wconf 79' lang='lat' dir='ltr'><strong>Dei</strong></span> <span class='ocrx_word' id='word_1_275' title='bbox 308 1500 435 1528; x_wconf 86' lang='lat' dir='ltr'><strong>mandata</strong></span> <span class='ocrx_word' id='word_1_276' title='bbox 463 1497 579 1533; x_wconf 89' lang='lat' dir='ltr'><strong>requirit</strong></span> <span class='ocrx_word' id='word_1_277' title='bbox 602 1496 662 1524; x_wconf 88' lang='lat' dir='ltr'><strong>sine</strong></span> <span class='ocrx_word' id='word_1_278' title='bbox 681 1494 903 1523; x_wconf 73' lang='lat' dir='ltr'><strong>dissimulatione</strong></span> <span class='ocrx_word' id='word_1_279' title='bbox 921 1497 949 1520; x_wconf 84' lang='lat' dir='ltr'><strong>et</strong></span> <span class='ocrx_word' id='word_1_280' title='bbox 962 1499 1032 1520; x_wconf 86' lang='lat' dir='ltr'><strong>vana</strong></span> 
     </span>
    </p>
   </div>
   <div class='ocr_carea' id='block_1_45' title="bbox 243 1538 1033 1585">
    <p class='ocr_par' dir='ltr' id='par_1_45' title="bbox 243 1538 1033 1585">
     <span class='ocr_line' id='line_1_45' title="bbox 243 1538 1033 1585; baseline -0.015 -9"><span class='ocrx_word' id='word_1_281' title='bbox 243 1547 345 1585; x_wconf 65' lang='lat' dir='ltr'><strong>gloria,</strong></span> <span class='ocrx_word' id='word_1_282' title='bbox 357 1553 372 1573; x_wconf 92' lang='lat' dir='ltr'><strong>e</strong></span> <span class='ocrx_word' id='word_1_283' title='bbox 391 1543 509 1572; x_wconf 83' lang='lat' dir='ltr'><strong>terrenis</strong></span> <span class='ocrx_word' id='word_1_284' title='bbox 522 1542 666 1578; x_wconf 76' lang='lat' dir='ltr'><strong>egrediens</strong></span> <span class='ocrx_word' id='word_1_285' title='bbox 677 1541 768 1576; x_wconf 79' lang='lat' dir='ltr'><strong>seipso</strong></span> <span class='ocrx_word' id='word_1_286' title='bbox 783 1540 881 1575; x_wconf 76' lang='lat' dir='ltr'><strong>dignos</strong></span> <span class='ocrx_word' id='word_1_287' title='bbox 896 1538 1033 1574; x_wconf 87' lang='lat' dir='ltr'><strong>relinquet</strong></span> 
     </span>
    </p>
   </div>
   <div class='ocr_carea' id='block_1_46' title="bbox 244 1586 1031 1630">
    <p class='ocr_par' dir='ltr' id='par_1_46' title="bbox 244 1586 1031 1630">
     <span class='ocr_line' id='line_1_46' title="bbox 244 1586 1031 1630; baseline -0.013 -9"><span class='ocrx_word' id='word_1_288' title='bbox 244 1601 315 1630; x_wconf 85' lang='lat' dir='ltr'><strong>quos</strong></span> <span class='ocrx_word' id='word_1_289' title='bbox 332 1591 513 1628; x_wconf 82' lang='lat' dir='ltr'><strong>spiritualiter</strong></span> <span class='ocrx_word' id='word_1_290' title='bbox 527 1588 672 1618; x_wconf 78' lang='lat' dir='ltr'><strong>educavit:</strong></span> <span class='ocrx_word' id='word_1_291' title='bbox 686 1589 820 1615; x_wconf 88' lang='lat' dir='ltr'><strong>bonorum</strong></span> <span class='ocrx_word' id='word_1_292' title='bbox 834 1586 908 1614; x_wconf 90' lang='lat' dir='ltr'><strong>enim</strong></span> <span class='ocrx_word' id='word_1_293' title='bbox 930 1592 1031 1619; x_wconf 78' lang='lat' dir='ltr'><strong>praece-</strong></span> 
     </span>
    </p>
   </div>
   <div class='ocr_carea' id='block_1_47' title="bbox 245 1635 610 1674">
    <p class='ocr_par' dir='ltr' id='par_1_47' title="bbox 245 1635 610 1674">
     <span class='ocr_line' id='line_1_47' title="bbox 245 1635 610 1674; baseline -0.014 -8"><span class='ocrx_word' id='word_1_294' title='bbox 245 1645 355 1674; x_wconf 87' lang='lat' dir='ltr'><strong>ptorum</strong></span> <span class='ocrx_word' id='word_1_295' title='bbox 373 1637 452 1665; x_wconf 70' lang='lat' dir='ltr'><strong>bona:</strong></span> <span class='ocrx_word' id='word_1_296' title='bbox 466 1635 610 1664; x_wconf 67' lang='lat' dir='ltr'><strong>doctrinae.</strong></span> 
     </span>
    </p>
   </div>
   <div class='ocr_carea' id='block_1_48' title="bbox 280 1721 1030 1760">
    <p class='ocr_par' dir='ltr' id='par_1_48' title="bbox 280 1721 1030 1760">
     <span class='ocr_line' id='line_1_48' title="bbox 280 1721 1030 1760; baseline -0.015 -3"><span class='ocrx_word' id='word_1_297' title='bbox 280 1725 365 1756; x_wconf 70' lang='lat' dir='ltr'><strong>Vsus.</strong></span> <span class='ocrx_word' id='word_1_298' title='bbox 387 1728 414 1755; x_wconf 87' lang='lat'><strong>8.</strong></span> <span class='ocrx_word' id='word_1_299' title='bbox 433 1726 499 1754; x_wconf 86' lang='lat' dir='ltr'><strong>Cum</strong></span> <span class='ocrx_word' id='word_1_300' title='bbox 512 1733 559 1753; x_wconf 73' lang='lat' dir='ltr'><strong>rex</strong></span> <span class='ocrx_word' id='word_1_301' title='bbox 577 1725 669 1760; x_wconf 71' lang='lat' dir='ltr'><strong>justus</strong></span> <span class='ocrx_word' id='word_1_302' title='bbox 691 1724 788 1751; x_wconf 78' lang='lat' dir='ltr'><strong>sederit</strong></span> <span class='ocrx_word' id='word_1_303' title='bbox 803 1729 881 1756; x_wconf 76' lang='lat' dir='ltr'><strong>super</strong></span> <span class='ocrx_word' id='word_1_304' title='bbox 896 1721 1030 1751; x_wconf 82' lang='lat' dir='ltr'><strong>thronum,</strong></span> 
     </span>
    </p>
   </div>
   <div class='ocr_carea' id='block_1_49' title="bbox 245 1766 1034 1804">
    <p class='ocr_par' dir='ltr' id='par_1_49' title="bbox 245 1766 1034 1804">
     <span class='ocr_line' id='line_1_49' title="bbox 245 1766 1034 1804; baseline -0.015 0"><span class='ocrx_word' id='word_1_305' title='bbox 245 1784 298 1804; x_wconf 76' lang='lat' dir='ltr'><strong>non</strong></span> <span class='ocrx_word' id='word_1_306' title='bbox 312 1775 469 1802; x_wconf 70' lang='lat' dir='ltr'><strong>adversatur</strong></span> <span class='ocrx_word' id='word_1_307' title='bbox 481 1772 509 1799; x_wconf 86' lang='lat' dir='ltr'><strong>in</strong></span> <span class='ocrx_word' id='word_1_308' title='bbox 522 1771 607 1798; x_wconf 72' lang='lat' dir='ltr'><strong>oculis</strong></span> <span class='ocrx_word' id='word_1_309' title='bbox 627 1770 684 1804; x_wconf 79' lang='lat' dir='ltr'><strong>ejus</strong></span> <span class='ocrx_word' id='word_1_310' title='bbox 699 1777 774 1796; x_wconf 83' lang='lat' dir='ltr'><strong>omne</strong></span> <span class='ocrx_word' id='word_1_311' title='bbox 791 1768 903 1794; x_wconf 85' lang='lat' dir='ltr'><strong>malum.</strong></span> <span class='ocrx_word' id='word_1_312' title='bbox 918 1766 1034 1800; x_wconf 85' lang='lat' dir='ltr'><strong>Quando</strong></span> 
     </span>
    </p>
   </div>
   <div class='ocr_carea' id='block_1_50' title="bbox 244 1812 1035 1853">
    <p class='ocr_par' dir='ltr' id='par_1_50' title="bbox 244 1812 1035 1853">
     <span class='ocr_line' id='line_1_50' title="bbox 244 1812 1035 1853; baseline -0.011 -5"><span class='ocrx_word' id='word_1_313' title='bbox 244 1821 405 1848; x_wconf 84' lang='lat' dir='ltr'><strong>universum</strong></span> <span class='ocrx_word' id='word_1_314' title='bbox 428 1818 502 1853; x_wconf 82' lang='lat' dir='ltr'><strong>juste</strong></span> <span class='ocrx_word' id='word_1_315' title='bbox 520 1823 617 1851; x_wconf 72' lang='lat' dir='ltr'><strong>regens</strong></span> <span class='ocrx_word' id='word_1_316' title='bbox 630 1819 657 1842; x_wconf 90' lang='lat' dir='ltr'><strong>et</strong></span> <span class='ocrx_word' id='word_1_317' title='bbox 670 1821 754 1849; x_wconf 82' lang='lat' dir='ltr'><strong>super</strong></span> <span class='ocrx_word' id='word_1_318' title='bbox 774 1813 868 1841; x_wconf 87' lang='lat' dir='ltr'><strong>omnia</strong></span> <span class='ocrx_word' id='word_1_319' title='bbox 888 1812 1035 1840; x_wconf 83' lang='lat' dir='ltr'><strong>dominans</strong></span> 
     </span>
    </p>
   </div>
   <div class='ocr_carea' id='block_1_51' title="bbox 245 1858 1035 1896">
    <p class='ocr_par' dir='ltr' id='par_1_51' title="bbox 245 1858 1035 1896">
     <span class='ocr_line' id='line_1_51' title="bbox 245 1858 1035 1896; baseline -0.011 -3"><span class='ocrx_word' id='word_1_320' title='bbox 245 1864 440 1896; x_wconf 84' lang='lat' dir='ltr'><strong>Deus.sederit</strong></span> <span class='ocrx_word' id='word_1_321' title='bbox 455 1862 488 1889; x_wconf 89' lang='lat' dir='ltr'><strong>ad</strong></span> <span class='ocrx_word' id='word_1_322' title='bbox 503 1859 683 1896; x_wconf 69' lang='lat' dir='ltr'><strong>iudicandum</strong></span> <span class='ocrx_word' id='word_1_323' title='bbox 697 1866 758 1894; x_wconf 67' lang='lat' dir='ltr'><strong>quae</strong></span> <span class='ocrx_word' id='word_1_324' title='bbox 773 1858 889 1886; x_wconf 77' lang='lat' dir='ltr'><strong>fecerint</strong></span> <span class='ocrx_word' id='word_1_325' title='bbox 898 1858 1035 1890; x_wconf 83' lang='lat' dir='ltr'><strong>homines,</strong></span> 
     </span>
    </p>
   </div>
   <div class='ocr_carea' id='block_1_52' title="bbox 245 1903 1036 1943">
    <p class='ocr_par' dir='ltr' id='par_1_52' title="bbox 245 1903 1036 1943">
     <span class='ocr_line' id='line_1_52' title="bbox 245 1903 1036 1943; baseline -0.011 -3"><span class='ocrx_word' id='word_1_326' title='bbox 245 1912 350 1940; x_wconf 92' lang='lat' dir='ltr'><strong>nullum</strong></span> <span class='ocrx_word' id='word_1_327' title='bbox 360 1911 460 1937; x_wconf 77' lang='lat' dir='ltr'><strong>malum</strong></span> <span class='ocrx_word' id='word_1_328' title='bbox 469 1907 530 1943; x_wconf 83' lang='lat' dir='ltr'><strong>ejus</strong></span> <span class='ocrx_word' id='word_1_329' title='bbox 539 1907 709 1942; x_wconf 84' lang='lat' dir='ltr'><strong>justissimas</strong></span> <span class='ocrx_word' id='word_1_330' title='bbox 719 1905 916 1940; x_wconf 87' lang='lat' dir='ltr'><strong>perpensioncs</strong></span> <span class='ocrx_word' id='word_1_331' title='bbox 925 1903 1036 1939; x_wconf 68' lang='lat' dir='ltr'><strong>eli&#39;ugiet</strong></span> 
     </span>
    </p>
   </div>
   <div class='ocr_carea' id='block_1_53' title="bbox 245 1950 1035 1993">
    <p class='ocr_par' dir='ltr' id='par_1_53' title="bbox 245 1950 1035 1993">
     <span class='ocr_line' id='line_1_53' title="bbox 245 1950 1035 1993; baseline -0.011 -8"><span class='ocrx_word' id='word_1_332' title='bbox 245 1957 319 1993; x_wconf 86' lang='lat' dir='ltr'><strong>quod</strong></span> <span class='ocrx_word' id='word_1_333' title='bbox 337 1964 391 1984; x_wconf 91' lang='lat' dir='ltr'><strong>non</strong></span> <span class='ocrx_word' id='word_1_334' title='bbox 418 1955 454 1983; x_wconf 89' lang='lat' dir='ltr'><strong>sit</strong></span> <span class='ocrx_word' id='word_1_335' title='bbox 470 1953 648 1981; x_wconf 81' lang='lat' dir='ltr'><strong>manifestum</strong></span> <span class='ocrx_word' id='word_1_336' title='bbox 666 1952 732 1980; x_wconf 83' lang='lat' dir='ltr'><strong>illis.</strong></span> <span class='ocrx_word' id='word_1_337' title='bbox 752 1951 804 1984; x_wconf 83' lang='lat' dir='ltr'><strong>Qui</strong></span> <span class='ocrx_word' id='word_1_338' title='bbox 821 1951 893 1978; x_wconf 86' lang='lat' dir='ltr'><strong>mala</strong></span> <span class='ocrx_word' id='word_1_339' title='bbox 912 1950 1035 1978; x_wconf 80' lang='lat' dir='ltr'><strong>fecerunt</strong></span> 
     </span>
    </p>
   </div>
   <div class='ocr_carea' id='block_1_54' title="bbox 248 1995 1036 2038">
    <p class='ocr_par' dir='ltr' id='par_1_54' title="bbox 248 1995 1036 2038">
     <span class='ocr_line' id='line_1_54' title="bbox 248 1995 1036 2038; baseline -0.011 -7"><span class='ocrx_word' id='word_1_340' title='bbox 248 2008 348 2038; x_wconf 75' lang='lat' dir='ltr'><strong>suopte</strong></span> <span class='ocrx_word' id='word_1_341' title='bbox 364 2001 469 2036; x_wconf 82' lang='lat' dir='ltr'><strong>judicio</strong></span> <span class='ocrx_word' id='word_1_342' title='bbox 483 1998 752 2027; x_wconf 83' lang='lat' dir='ltr'><strong>condemnabuntur.</strong></span> <span class='ocrx_word' id='word_1_343' title='bbox 770 1995 965 2031; x_wconf 80' lang='lat' dir='ltr'><strong>Unusquisque</strong></span> <span class='ocrx_word' id='word_1_344' title='bbox 988 2003 1036 2023; x_wconf 89' lang='lat' dir='ltr'><strong>eo-</strong></span> 
     </span>
    </p>
   </div>
   <div class='ocr_carea' id='block_1_55' title="bbox 246 2044 1032 2086">
    <p class='ocr_par' dir='ltr' id='par_1_55' title="bbox 246 2044 1032 2086">
     <span class='ocr_line' id='line_1_55' title="bbox 246 2044 1032 2086; baseline -0.013 -8"><span class='ocrx_word' id='word_1_345' title='bbox 246 2059 306 2078; x_wconf 86' lang='lat' dir='ltr'><strong>rum</strong></span> <span class='ocrx_word' id='word_1_346' title='bbox 322 2058 336 2077; x_wconf 89' lang='lat' dir='ltr'><strong>a</strong></span> <span class='ocrx_word' id='word_1_347' title='bbox 352 2049 461 2086; x_wconf 83' lang='lat' dir='ltr'><strong>propria</strong></span> <span class='ocrx_word' id='word_1_348' title='bbox 488 2046 655 2075; x_wconf 85' lang='lat' dir='ltr'><strong>conscientia</strong></span> <span class='ocrx_word' id='word_1_349' title='bbox 670 2044 834 2080; x_wconf 75' lang='lat' dir='ltr'><strong>redargutus</strong></span> <span class='ocrx_word' id='word_1_350' title='bbox 856 2047 968 2078; x_wconf 87' lang='lat' dir='ltr'><strong>peccata</strong></span> <span class='ocrx_word' id='word_1_351' title='bbox 984 2050 1032 2070; x_wconf 83' lang='lat' dir='ltr'><strong>sua</strong></span> 
     </span>
    </p>
   </div>
   <div class='ocr_carea' id='block_1_56' title="bbox 246 2090 1035 2133">
    <p class='ocr_par' dir='ltr' id='par_1_56' title="bbox 246 2090 1035 2133">
     <span class='ocr_line' id='line_1_56' title="bbox 246 2090 1035 2133; baseline -0.014 -8"><span class='ocrx_word' id='word_1_352' title='bbox 246 2104 347 2133; x_wconf 74' lang='lat' dir='ltr'><strong>negare</strong></span> <span class='ocrx_word' id='word_1_353' title='bbox 365 2103 419 2124; x_wconf 91' lang='lat' dir='ltr'><strong>non</strong></span> <span class='ocrx_word' id='word_1_354' title='bbox 439 2095 540 2130; x_wconf 85' lang='lat' dir='ltr'><strong>poterit</strong></span> <span class='ocrx_word' id='word_1_355' title='bbox 553 2099 647 2120; x_wconf 89' lang='lat' dir='ltr'><strong>coram</strong></span> <span class='ocrx_word' id='word_1_356' title='bbox 664 2091 720 2118; x_wconf 87' lang='lat' dir='ltr'><strong>Deo</strong></span> <span class='ocrx_word' id='word_1_357' title='bbox 734 2090 782 2126; x_wconf 91' lang='lat' dir='ltr'><strong>qui</strong></span> <span class='ocrx_word' id='word_1_358' title='bbox 795 2093 894 2117; x_wconf 90' lang='lat' dir='ltr'><strong>cuncta</strong></span> <span class='ocrx_word' id='word_1_359' title='bbox 905 2093 1035 2117; x_wconf 80' lang='lat' dir='ltr'><strong>acettrate</strong></span> 
     </span>
    </p>
   </div>
   <div class='ocr_carea' id='block_1_57' title="bbox 244 2142 399 2178">
    <p class='ocr_par' dir='ltr' id='par_1_57' title="bbox 244 2142 399 2178">
     <span class='ocr_line' id='line_1_57' title="bbox 244 2142 399 2178; baseline -0.013 -8"><span class='ocrx_word' id='word_1_360' title='bbox 244 2142 399 2178; x_wconf 79' lang='lat' dir='ltr'><strong>cognoscit.</strong></span> 
     </span>
    </p>
   </div>
   <div class='ocr_carea' id='block_1_58' title="bbox 1083 946 1871 983">
    <p class='ocr_par' dir='ltr' id='par_1_58' title="bbox 1083 946 1871 983">
     <span class='ocr_line' id='line_1_58' title="bbox 1083 946 1871 983; baseline -0.003 -9"><span class='ocrx_word' id='word_1_361' title='bbox 1083 947 1156 983; x_wconf 85' lang='grc' dir='ltr'>πάθη</span> <span class='ocrx_word' id='word_1_362' title='bbox 1173 947 1307 982; x_wconf 82' lang='grc' dir='ltr'><strong>γενναίως</strong></span> <span class='ocrx_word' id='word_1_363' title='bbox 1321 946 1530 979; x_wconf 81' lang='grc' dir='ltr'>καταπαλαίσας</span> <span class='ocrx_word' id='word_1_364' title='bbox 1543 967 1551 980; x_wconf 89' lang='grc'><strong>,</strong></span> <span class='ocrx_word' id='word_1_365' title='bbox 1568 947 1615 973; x_wconf 63' lang='grc' dir='ltr'><strong>κα)⁵</strong></span> <span class='ocrx_word' id='word_1_366' title='bbox 1631 947 1778 982; x_wconf 80' lang='grc' dir='ltr'>συμπαθὴς</span> <span class='ocrx_word' id='word_1_367' title='bbox 1803 947 1871 980; x_wconf 80' lang='grc' dir='ltr'>πρὸς</span> 
     </span>
    </p>
   </div>
   <div class='ocr_carea' id='block_1_59' title="bbox 1081 991 1870 1028">
    <p class='ocr_par' dir='ltr' id='par_1_59' title="bbox 1081 991 1870 1028">
     <span class='ocr_line' id='line_1_59' title="bbox 1081 991 1870 1028; baseline -0.001 -9"><span class='ocrx_word' id='word_1_368' title='bbox 1081 993 1242 1028; x_wconf 77' lang='grc' dir='ltr'>ἀνθρώπους</span> <span class='ocrx_word' id='word_1_369' title='bbox 1255 992 1294 1019; x_wconf 85' lang='grc' dir='ltr'>ὢν</span> <span class='ocrx_word' id='word_1_370' title='bbox 1304 993 1364 1019; x_wconf 82' lang='grc' dir='ltr'>καθ’</span> <span class='ocrx_word' id='word_1_371' title='bbox 1386 992 1517 1027; x_wconf 85' lang='grc' dir='ltr'>ὁμοίωσιν</span> <span class='ocrx_word' id='word_1_372' title='bbox 1529 992 1608 1025; x_wconf 80' lang='grc' dir='ltr'>Θεοῦ,</span> <span class='ocrx_word' id='word_1_373' title='bbox 1625 993 1717 1027; x_wconf 82' lang='grc' dir='ltr'>τίμιος</span> <span class='ocrx_word' id='word_1_374' title='bbox 1732 992 1780 1018; x_wconf 82' lang='grc' dir='ltr'>καὶ</span> <span class='ocrx_word' id='word_1_375' title='bbox 1803 991 1870 1027; x_wconf 74' lang='grc' dir='ltr'>παρ’</span> 
     </span>
    </p>
   </div>
   <div class='ocr_carea' id='block_1_60' title="bbox 1081 1038 1614 1074">
    <p class='ocr_par' dir='ltr' id='par_1_60' title="bbox 1081 1038 1614 1074">
     <span class='ocr_line' id='line_1_60' title="bbox 1081 1038 1614 1074; baseline -0.002 -9"><span class='ocrx_word' id='word_1_376' title='bbox 1081 1038 1156 1074; x_wconf 81' lang='grc' dir='ltr'>αὐτῷ</span> <span class='ocrx_word' id='word_1_377' title='bbox 1176 1039 1224 1065; x_wconf 71' lang='grc' dir='ltr'>καὶ</span> <span class='ocrx_word' id='word_1_378' title='bbox 1237 1039 1300 1074; x_wconf 85' lang='grc' dir='ltr'>παρ’</span> <span class='ocrx_word' id='word_1_379' title='bbox 1315 1038 1469 1074; x_wconf 83' lang='grc' dir='ltr'>ἀνθρώποις</span> <span class='ocrx_word' id='word_1_380' title='bbox 1483 1038 1614 1073; x_wconf 83' lang='grc' dir='ltr'>ὑπάρχει.</span> 
     </span>
    </p>
   </div>
   <div class='ocr_carea' id='block_1_61' title="bbox 1122 1084 1874 1120">
    <p class='ocr_par' dir='ltr' id='par_1_61' title="bbox 1122 1084 1874 1120">
     <span class='ocr_line' id='line_1_61' title="bbox 1122 1084 1874 1120; baseline -0.001 -8"><span class='ocrx_word' id='word_1_381' title='bbox 1122 1085 1229 1119; x_wconf 79' lang='grc' dir='ltr'>Ἄνδρα</span> <span class='ocrx_word' id='word_1_382' title='bbox 1242 1085 1276 1112; x_wconf 83' lang='grc' dir='ltr'>δὲ</span> <span class='ocrx_word' id='word_1_383' title='bbox 1290 1085 1412 1119; x_wconf 82' lang='grc' dir='ltr'>πιστὸν,</span> <span class='ocrx_word' id='word_1_384' title='bbox 1429 1086 1518 1120; x_wconf 75' lang='grc' dir='ltr'>ἔργον</span> <span class='ocrx_word' id='word_1_385' title='bbox 1528 1085 1638 1119; x_wconf 74' lang='grc' dir='ltr'>εὑρεῖν.</span> <span class='ocrx_word' id='word_1_386' title='bbox 1648 1084 1784 1120; x_wconf 81' lang='grc' dir='ltr'>Ἐργῶδές</span> <span class='ocrx_word' id='word_1_387' title='bbox 1798 1085 1874 1111; x_wconf 75' lang='grc' dir='ltr'>ἐστιν</span> 
     </span>
    </p>
   </div>
   <div class='ocr_carea' id='block_1_62' title="bbox 1081 1130 1875 1167">
    <p class='ocr_par' dir='ltr' id='par_1_62' title="bbox 1081 1130 1875 1167">
     <span class='ocr_line' id='line_1_62' title="bbox 1081 1130 1875 1167; baseline 0 -9"><span class='ocrx_word' id='word_1_388' title='bbox 1081 1132 1203 1167; x_wconf 77' lang='grc' dir='ltr'><strong>ἐντυχεῖν</strong></span> <span class='ocrx_word' id='word_1_389' title='bbox 1214 1140 1266 1158; x_wconf 83' lang='grc' dir='ltr'>τινι</span> <span class='ocrx_word' id='word_1_390' title='bbox 1280 1131 1371 1166; x_wconf 77' lang='grc' dir='ltr'>ἔργοις</span> <span class='ocrx_word' id='word_1_391' title='bbox 1388 1131 1500 1166; x_wconf 78' lang='grc' dir='ltr'>βεϐαίαν</span> <span class='ocrx_word' id='word_1_392' title='bbox 1512 1130 1561 1166; x_wconf 80' lang='grc' dir='ltr'>τὴν</span> <span class='ocrx_word' id='word_1_393' title='bbox 1573 1131 1612 1163; x_wconf 87' lang='grc' dir='ltr'>εἰς</span> <span class='ocrx_word' id='word_1_394' title='bbox 1625 1130 1692 1158; x_wconf 75' lang='grc' dir='ltr'>Θεὸν</span> <span class='ocrx_word' id='word_1_395' title='bbox 1705 1131 1795 1158; x_wconf 80' lang='grc' dir='ltr'>πίστιν</span> <span class='ocrx_word' id='word_1_396' title='bbox 1813 1132 1875 1158; x_wconf 76' lang='grc' dir='ltr'>ἐπι-</span> 
     </span>
    </p>
   </div>
   <div class='ocr_carea' id='block_1_63' title="bbox 1081 1176 1875 1213">
    <p class='ocr_par' dir='ltr' id='par_1_63' title="bbox 1081 1176 1875 1213">
     <span class='ocr_line' id='line_1_63' title="bbox 1081 1176 1875 1213; baseline -0.001 -9"><span class='ocrx_word' id='word_1_397' title='bbox 1081 1177 1249 1212; x_wconf 81' lang='grc' dir='ltr'>δεικνυμένῳ</span> <span class='ocrx_word' id='word_1_398' title='bbox 1261 1186 1268 1193; x_wconf 78' lang='grc' dir='ltr'><strong><em>ο</em></strong></span> <span class='ocrx_word' id='word_1_399' title='bbox 1284 1177 1370 1212; x_wconf 75' lang='grc' dir='ltr'>ὀλίγοι</span> <span class='ocrx_word' id='word_1_400' title='bbox 1390 1177 1448 1213; x_wconf 82' lang='grc' dir='ltr'><strong>γάρ</strong></span> <span class='ocrx_word' id='word_1_401' title='bbox 1463 1177 1532 1204; x_wconf 73' lang='grc' dir='ltr'>εἰσιν</span> <span class='ocrx_word' id='word_1_402' title='bbox 1545 1177 1570 1203; x_wconf 77' lang='lat' dir='ltr'><strong>oi</strong></span> <span class='ocrx_word' id='word_1_403' title='bbox 1582 1176 1632 1212; x_wconf 84' lang='grc' dir='ltr'>τὴν</span> <span class='ocrx_word' id='word_1_404' title='bbox 1646 1176 1742 1212; x_wconf 80' lang='grc' dir='ltr'>στενὴν</span> <span class='ocrx_word' id='word_1_405' title='bbox 1755 1176 1812 1203; x_wconf 69' lang='grc' dir='ltr'>ἔδον</span> <span class='ocrx_word' id='word_1_406' title='bbox 1827 1177 1875 1203; x_wconf 72' lang='grc' dir='ltr'><strong>καὶ</strong></span> 
     </span>
    </p>
   </div>
   <div class='ocr_carea' id='block_1_64' title="bbox 1081 1223 1876 1260">
    <p class='ocr_par' dir='ltr' id='par_1_64' title="bbox 1081 1223 1876 1260">
     <span class='ocr_line' id='line_1_64' title="bbox 1081 1223 1876 1260; baseline -0.001 -10"><span class='ocrx_word' id='word_1_407' title='bbox 1081 1224 1266 1260; x_wconf 85' lang='grc' dir='ltr'>τεθλιμμένην</span> <span class='ocrx_word' id='word_1_408' title='bbox 1297 1224 1486 1260; x_wconf 83' lang='grc' dir='ltr'>εὐρίσκοντες”</span> <span class='ocrx_word' id='word_1_409' title='bbox 1515 1223 1585 1259; x_wconf 85' lang='grc' dir='ltr'>ἀνὴρ</span> <span class='ocrx_word' id='word_1_410' title='bbox 1623 1223 1645 1250; x_wconf 85' lang='grc' dir='ltr'><strong>δ’</strong></span> <span class='ocrx_word' id='word_1_411' title='bbox 1675 1224 1689 1250; x_wconf 87' lang='grc' dir='ltr'>ὁ</span> <span class='ocrx_word' id='word_1_412' title='bbox 1723 1223 1876 1258; x_wconf 78' lang='grc' dir='ltr'>πρακτικὸς</span> 
     </span>
    </p>
   </div>
   <div class='ocr_carea' id='block_1_65' title="bbox 1081 1268 1874 1305">
    <p class='ocr_par' dir='ltr' id='par_1_65' title="bbox 1081 1268 1874 1305">
     <span class='ocr_line' id='line_1_65' title="bbox 1081 1268 1874 1305; baseline -0.003 -8"><span class='ocrx_word' id='word_1_413' title='bbox 1081 1271 1203 1305; x_wconf 71' lang='grc' dir='ltr'>εἴρηται,</span> <span class='ocrx_word' id='word_1_414' title='bbox 1220 1270 1259 1302; x_wconf 85' lang='grc' dir='ltr'>ὠς</span> <span class='ocrx_word' id='word_1_415' title='bbox 1287 1269 1358 1296; x_wconf 83' lang='grc' dir='ltr'>κατὰ</span> <span class='ocrx_word' id='word_1_416' title='bbox 1377 1269 1432 1296; x_wconf 86' lang='grc' dir='ltr'>τῶν</span> <span class='ocrx_word' id='word_1_417' title='bbox 1449 1268 1544 1296; x_wconf 77' lang='grc' dir='ltr'>παθῶν</span> <span class='ocrx_word' id='word_1_418' title='bbox 1556 1269 1689 1303; x_wconf 73' lang='grc' dir='ltr'>γενναίως</span> <span class='ocrx_word' id='word_1_419' title='bbox 1718 1269 1874 1304; x_wconf 78' lang='grc' dir='ltr'><strong>ἱστάμενος,</strong></span> 
     </span>
    </p>
   </div>
   <div class='ocr_carea' id='block_1_66' title="bbox 1083 1314 1876 1351">
    <p class='ocr_par' dir='ltr' id='par_1_66' title="bbox 1083 1314 1876 1351">
     <span class='ocr_line' id='line_1_66' title="bbox 1083 1314 1876 1351; baseline -0.003 -9"><span class='ocrx_word' id='word_1_420' title='bbox 1083 1316 1129 1342; x_wconf 77' lang='grc' dir='ltr'>καὶ</span> <span class='ocrx_word' id='word_1_421' title='bbox 1162 1316 1222 1347; x_wconf 83' lang='grc' dir='ltr'>ταῖς</span> <span class='ocrx_word' id='word_1_422' title='bbox 1252 1315 1314 1342; x_wconf 80' lang='grc' dir='ltr'>κατ’</span> <span class='ocrx_word' id='word_1_423' title='bbox 1347 1315 1474 1351; x_wconf 75' lang='grc' dir='ltr'>αἴσθησιν</span> <span class='ocrx_word' id='word_1_424' title='bbox 1508 1314 1616 1350; x_wconf 80' lang='grc' dir='ltr'>ἡδοναῖς</span> <span class='ocrx_word' id='word_1_425' title='bbox 1656 1315 1694 1350; x_wconf 86' lang='grc' dir='ltr'>μὴ</span> <span class='ocrx_word' id='word_1_426' title='bbox 1726 1314 1876 1349; x_wconf 81' lang='grc' dir='ltr'>ὲκθηλυνό-</span> 
     </span>
    </p>
   </div>
   <div class='ocr_carea' id='block_1_67' title="bbox 1084 1370 1175 1397">
    <p class='ocr_par' dir='ltr' id='par_1_67' title="bbox 1084 1370 1175 1397">
     <span class='ocr_line' id='line_1_67' title="bbox 1084 1370 1175 1397; baseline 0.011 -9"><span class='ocrx_word' id='word_1_427' title='bbox 1084 1370 1175 1397; x_wconf 84' lang='grc' dir='ltr'>μενος.</span> 
     </span>
    </p>
   </div>
   <div class='ocr_carea' id='block_1_68' title="bbox 1118 1405 1874 1441">
    <p class='ocr_par' dir='ltr' id='par_1_68' title="bbox 1118 1405 1874 1441">
     <span class='ocr_line' id='line_1_68' title="bbox 1118 1405 1874 1441; baseline -0.003 -6"><span class='ocrx_word' id='word_1_428' title='bbox 1118 1408 1151 1440; x_wconf 77' lang='grc' dir='ltr'><strong>ζ’.</strong></span> <span class='ocrx_word' id='word_1_429' title='bbox 1182 1408 1235 1440; x_wconf 89' lang='grc' dir='ltr'><strong>Ὃς</strong></span> <span class='ocrx_word' id='word_1_430' title='bbox 1255 1406 1474 1441; x_wconf 72' lang='grc' dir='ltr'><strong>ἀναστρέφεται</strong></span> <span class='ocrx_word' id='word_1_431' title='bbox 1491 1405 1609 1441; x_wconf 78' lang='grc' dir='ltr'><strong>ἄμωμος</strong></span> <span class='ocrx_word' id='word_1_432' title='bbox 1624 1405 1659 1433; x_wconf 80' lang='grc' dir='ltr'><strong>ἐν</strong></span> <span class='ocrx_word' id='word_1_433' title='bbox 1680 1405 1874 1441; x_wconf 80' lang='grc' dir='ltr'>δικαιοσύνῃ,</span> 
     </span>
    </p>
   </div>
   <div class='ocr_carea' id='block_1_69' title="bbox 1081 1452 1876 1488">
    <p class='ocr_par' dir='ltr' id='par_1_69' title="bbox 1081 1452 1876 1488">
     <span class='ocr_line' id='line_1_69' title="bbox 1081 1452 1876 1488; baseline -0.003 -7"><span class='ocrx_word' id='word_1_434' title='bbox 1081 1454 1248 1488; x_wconf 83' lang='grc' dir='ltr'>μακαρίους</span> <span class='ocrx_word' id='word_1_435' title='bbox 1276 1453 1348 1486; x_wconf 84' lang='grc' dir='ltr'>τοὺς</span> <span class='ocrx_word' id='word_1_436' title='bbox 1363 1452 1474 1486; x_wconf 81' lang='grc' dir='ltr'>παῖδας</span> <span class='ocrx_word' id='word_1_437' title='bbox 1491 1452 1586 1479; x_wconf 80' lang='grc' dir='ltr'>αὐτοῦ</span> <span class='ocrx_word' id='word_1_438' title='bbox 1611 1453 1798 1487; x_wconf 72' lang='grc' dir='ltr'>καταλείψει.</span> <span class='ocrx_word' id='word_1_439' title='bbox 1826 1455 1876 1485; x_wconf 81' lang='lat'><strong>&#39;0;</strong></span> 
     </span>
    </p>
   </div>
   <div class='ocr_carea' id='block_1_70' title="bbox 1082 1497 1877 1535">
    <p class='ocr_par' dir='ltr' id='par_1_70' title="bbox 1082 1497 1877 1535">
     <span class='ocr_line' id='line_1_70' title="bbox 1082 1497 1877 1535; baseline 0.001 -9"><span class='ocrx_word' id='word_1_440' title='bbox 1082 1500 1132 1531; x_wconf 87' lang='grc' dir='ltr'><strong>τὰς</strong></span> <span class='ocrx_word' id='word_1_441' title='bbox 1147 1499 1195 1527; x_wconf 81' lang='grc' dir='ltr'>τοῦ</span> <span class='ocrx_word' id='word_1_442' title='bbox 1224 1498 1293 1526; x_wconf 84' lang='grc' dir='ltr'>Θεοῦ</span> <span class='ocrx_word' id='word_1_443' title='bbox 1320 1499 1431 1530; x_wconf 82' lang='grc' dir='ltr'>ἐντολὰς</span> <span class='ocrx_word' id='word_1_444' title='bbox 1461 1498 1624 1535; x_wconf 81' lang='grc' dir='ltr'><strong>μετέρχεται</strong></span> <span class='ocrx_word' id='word_1_445' title='bbox 1642 1499 1792 1534; x_wconf 78' lang='grc' dir='ltr'>καθαρῶς,</span> <span class='ocrx_word' id='word_1_446' title='bbox 1819 1497 1877 1527; x_wconf 72' lang='grc' dir='ltr'>οἷον</span> 
     </span>
    </p>
   </div>
   <div class='ocr_carea' id='block_1_71' title="bbox 1085 1543 1877 1581">
    <p class='ocr_par' dir='ltr' id='par_1_71' title="bbox 1085 1543 1877 1581">
     <span class='ocr_line' id='line_1_71' title="bbox 1085 1543 1877 1581; baseline 0.001 -10"><span class='ocrx_word' id='word_1_447' title='bbox 1085 1545 1256 1581; x_wconf 75' lang='grc' dir='ltr'>ὑποκρίσεως</span> <span class='ocrx_word' id='word_1_448' title='bbox 1273 1545 1320 1572; x_wconf 79' lang='grc' dir='ltr'><strong>καὶ</strong></span> <span class='ocrx_word' id='word_1_449' title='bbox 1338 1543 1494 1576; x_wconf 79' lang='grc' dir='ltr'>κενοδοξίας</span> <span class='ocrx_word' id='word_1_450' title='bbox 1506 1544 1595 1576; x_wconf 78' lang='grc' dir='ltr'>ἐκτὸς,</span> <span class='ocrx_word' id='word_1_451' title='bbox 1614 1545 1753 1579; x_wconf 82' lang='grc' dir='ltr'>μεταστὰς</span> <span class='ocrx_word' id='word_1_452' title='bbox 1764 1545 1820 1572; x_wconf 80' lang='grc' dir='ltr'>τῶν</span> <span class='ocrx_word' id='word_1_453' title='bbox 1832 1547 1877 1572; x_wconf 82' lang='grc' dir='ltr'><strong>ὲν-</strong></span> 
     </span>
    </p>
   </div>
   <div class='ocr_carea' id='block_1_72' title="bbox 1085 1589 1878 1626">
    <p class='ocr_par' dir='ltr' id='par_1_72' title="bbox 1085 1589 1878 1626">
     <span class='ocr_line' id='line_1_72' title="bbox 1085 1589 1878 1626; baseline 0 -8"><span class='ocrx_word' id='word_1_454' title='bbox 1085 1590 1191 1623; x_wconf 85' lang='grc' dir='ltr'>τεῦθεν,</span> <span class='ocrx_word' id='word_1_455' title='bbox 1215 1589 1391 1623; x_wconf 85' lang='grc' dir='ltr'>ἀΕιεπαίνους</span> <span class='ocrx_word' id='word_1_456' title='bbox 1409 1590 1474 1622; x_wconf 71' lang='grc' dir='ltr'>τοὺς</span> <span class='ocrx_word' id='word_1_457' title='bbox 1501 1591 1547 1617; x_wconf 74' lang='grc' dir='ltr'>ὑπ’</span> <span class='ocrx_word' id='word_1_458' title='bbox 1571 1589 1654 1616; x_wconf 84' lang='grc' dir='ltr'>αὑτοῦ</span> <span class='ocrx_word' id='word_1_459' title='bbox 1681 1591 1878 1626; x_wconf 75' lang='grc' dir='ltr'>πνευματικῶς</span> 
     </span>
    </p>
   </div>
   <div class='ocr_carea' id='block_1_73' title="bbox 1085 1636 1878 1672">
    <p class='ocr_par' dir='ltr' id='par_1_73' title="bbox 1085 1636 1878 1672">
     <span class='ocr_line' id='line_1_73' title="bbox 1085 1636 1878 1672; baseline 0 -8"><span class='ocrx_word' id='word_1_460' title='bbox 1085 1636 1250 1672; x_wconf 77' lang='grc' dir='ltr'>ἀναχθέντας</span> <span class='ocrx_word' id='word_1_461' title='bbox 1262 1636 1381 1672; x_wconf 82' lang='grc' dir='ltr'>ἀφήσει·</span> <span class='ocrx_word' id='word_1_462' title='bbox 1397 1636 1489 1663; x_wconf 86' lang='grc' dir='ltr'>καλῶν</span> <span class='ocrx_word' id='word_1_463' title='bbox 1501 1636 1670 1664; x_wconf 78' lang='grc' dir='ltr'>διδασκάλων</span> <span class='ocrx_word' id='word_1_464' title='bbox 1690 1636 1745 1672; x_wconf 87' lang='grc' dir='ltr'><strong>γὰρ</strong></span> <span class='ocrx_word' id='word_1_465' title='bbox 1758 1637 1830 1664; x_wconf 82' lang='grc' dir='ltr'>καλὰ</span> <span class='ocrx_word' id='word_1_466' title='bbox 1843 1640 1878 1664; x_wconf 65' lang='grc' dir='ltr'>τὰ</span> 
     </span>
    </p>
   </div>
   <div class='ocr_carea' id='block_1_74' title="bbox 1086 1682 1247 1717">
    <p class='ocr_par' dir='ltr' id='par_1_74' title="bbox 1086 1682 1247 1717">
     <span class='ocr_line' id='line_1_74' title="bbox 1086 1682 1247 1717; baseline 0 -9"><span class='ocrx_word' id='word_1_467' title='bbox 1086 1682 1247 1717; x_wconf 81' lang='grc' dir='ltr'>μαθήματα.</span> 
     </span>
    </p>
   </div>
   <div class='ocr_carea' id='block_1_75' title="bbox 1119 1727 1880 1764">
    <p class='ocr_par' dir='ltr' id='par_1_75' title="bbox 1119 1727 1880 1764">
     <span class='ocr_line' id='line_1_75' title="bbox 1119 1727 1880 1764; baseline 0.007 -11"><span class='ocrx_word' id='word_1_468' title='bbox 1119 1731 1154 1762; x_wconf 80' lang='grc' dir='ltr'><strong>η’,</strong></span> <span class='ocrx_word' id='word_1_469' title='bbox 1170 1727 1262 1754; x_wconf 80' lang='grc' dir='ltr'>Ὅταν</span> <span class='ocrx_word' id='word_1_470' title='bbox 1273 1727 1429 1761; x_wconf 70' lang='grc' dir='ltr'>,βασιλεὺς</span> <span class='ocrx_word' id='word_1_471' title='bbox 1443 1728 1559 1762; x_wconf 80' lang='grc' dir='ltr'>δίκαιος</span> <span class='ocrx_word' id='word_1_472' title='bbox 1569 1730 1679 1764; x_wconf 77' lang='grc' dir='ltr'>καθίσῃ</span> <span class='ocrx_word' id='word_1_473' title='bbox 1691 1729 1740 1757; x_wconf 82' lang='grc' dir='ltr'>ἐπι</span> <span class='ocrx_word' id='word_1_474' title='bbox 1751 1730 1804 1757; x_wconf 79' lang='grc' dir='ltr'>τοῦ</span> <span class='ocrx_word' id='word_1_475' title='bbox 1814 1731 1880 1764; x_wconf 83' lang='grc' dir='ltr'><strong>θρό-</strong></span> 
     </span>
    </p>
   </div>
   <div class='ocr_carea' id='block_1_76' title="bbox 1084 1773 1880 1811">
    <p class='ocr_par' dir='ltr' id='par_1_76' title="bbox 1084 1773 1880 1811">
     <span class='ocr_line' id='line_1_76' title="bbox 1084 1773 1880 1811; baseline 0.003 -11"><span class='ocrx_word' id='word_1_476' title='bbox 1084 1782 1150 1806; x_wconf 83' lang='grc' dir='ltr'>νου,</span> <span class='ocrx_word' id='word_1_477' title='bbox 1172 1774 1228 1801; x_wconf 85' lang='grc' dir='ltr'>οὐκ</span> <span class='ocrx_word' id='word_1_478' title='bbox 1243 1773 1431 1802; x_wconf 78' lang='grc' dir='ltr'>ἐναντιοῦται</span> <span class='ocrx_word' id='word_1_479' title='bbox 1447 1775 1482 1802; x_wconf 77' lang='grc' dir='ltr'><strong>ὲν</strong></span> <span class='ocrx_word' id='word_1_480' title='bbox 1499 1775 1669 1811; x_wconf 71' lang='grc' dir='ltr'><strong>ὀφθαλμοῖς</strong></span> <span class='ocrx_word' id='word_1_481' title='bbox 1692 1777 1788 1804; x_wconf 79' lang='grc' dir='ltr'>αὐτοῦ</span> <span class='ocrx_word' id='word_1_482' title='bbox 1816 1776 1880 1804; x_wconf 74' lang='grc' dir='ltr'>πᾶν·</span> 
     </span>
    </p>
   </div>
   <div class='ocr_carea' id='block_1_77' title="bbox 1085 1819 1878 1856">
    <p class='ocr_par' dir='ltr' id='par_1_77' title="bbox 1085 1819 1878 1856">
     <span class='ocr_line' id='line_1_77' title="bbox 1085 1819 1878 1856; baseline 0.006 -11"><span class='ocrx_word' id='word_1_483' title='bbox 1085 1820 1229 1854; x_wconf 73' lang='grc' dir='ltr'><strong>πονηρόν.</strong></span> <span class='ocrx_word' id='word_1_484' title='bbox 1249 1819 1384 1856; x_wconf 82' lang='grc' dir='ltr'>Ὀπηνικα</span> <span class='ocrx_word' id='word_1_485' title='bbox 1395 1821 1410 1847; x_wconf 79' lang='grc' dir='ltr'><strong>ὁ</strong></span> <span class='ocrx_word' id='word_1_486' title='bbox 1423 1821 1483 1848; x_wconf 83' lang='grc' dir='ltr'>τόδε</span> <span class='ocrx_word' id='word_1_487' title='bbox 1495 1822 1526 1848; x_wconf 85' lang='grc' dir='ltr'>τὸ</span> <span class='ocrx_word' id='word_1_488' title='bbox 1543 1823 1596 1849; x_wconf 76' lang='grc' dir='ltr'>πᾶν</span> <span class='ocrx_word' id='word_1_489' title='bbox 1611 1822 1738 1849; x_wconf 84' lang='grc' dir='ltr'>διιθύνων</span> <span class='ocrx_word' id='word_1_490' title='bbox 1751 1823 1878 1855; x_wconf 74' lang='grc' dir='ltr'>δικαίως,</span> 
     </span>
    </p>
   </div>
   <div class='ocr_carea' id='block_1_78' title="bbox 1085 1865 1877 1904">
    <p class='ocr_par' dir='ltr' id='par_1_78' title="bbox 1085 1865 1877 1904">
     <span class='ocr_line' id='line_1_78' title="bbox 1085 1865 1877 1904; baseline 0.004 -12"><span class='ocrx_word' id='word_1_491' title='bbox 1085 1866 1132 1892; x_wconf 73' lang='grc' dir='ltr'><strong>καὶ</strong></span> <span class='ocrx_word' id='word_1_492' title='bbox 1150 1865 1206 1893; x_wconf 87' lang='grc' dir='ltr'><strong>τῶν</strong></span> <span class='ocrx_word' id='word_1_493' title='bbox 1224 1865 1294 1893; x_wconf 83' lang='grc' dir='ltr'>ὅλων</span> <span class='ocrx_word' id='word_1_494' title='bbox 1306 1865 1445 1899; x_wconf 74' lang='grc' dir='ltr'>δεσπόζων</span> <span class='ocrx_word' id='word_1_495' title='bbox 1471 1867 1549 1899; x_wconf 81' lang='grc' dir='ltr'>Θεὸς,</span> <span class='ocrx_word' id='word_1_496' title='bbox 1575 1868 1675 1904; x_wconf 82' lang='grc' dir='ltr'>καθίσῃ</span> <span class='ocrx_word' id='word_1_497' title='bbox 1693 1869 1786 1903; x_wconf 76' lang='grc' dir='ltr'>κρῖναι</span> <span class='ocrx_word' id='word_1_498' title='bbox 1804 1869 1877 1903; x_wconf 77' lang='grc' dir='ltr'>ἅπερ</span> 
     </span>
    </p>
   </div>
   <div class='ocr_carea' id='block_1_79' title="bbox 1085 1911 1881 1948">
    <p class='ocr_par' dir='ltr' id='par_1_79' title="bbox 1085 1911 1881 1948">
     <span class='ocr_line' id='line_1_79' title="bbox 1085 1911 1881 1948; baseline 0.004 -10"><span class='ocrx_word' id='word_1_499' title='bbox 1085 1911 1227 1947; x_wconf 76' lang='grc' dir='ltr'>ἄνθρωποι</span> <span class='ocrx_word' id='word_1_500' title='bbox 1252 1912 1453 1948; x_wconf 75' lang='grc' dir='ltr'>διεπράξαντο,</span> <span class='ocrx_word' id='word_1_501' title='bbox 1471 1913 1547 1940; x_wconf 79' lang='grc' dir='ltr'>οὐδὲν</span> <span class='ocrx_word' id='word_1_502' title='bbox 1565 1914 1619 1940; x_wconf 85' lang='grc' dir='ltr'><strong>τῶν</strong></span> <span class='ocrx_word' id='word_1_503' title='bbox 1653 1915 1746 1941; x_wconf 85' lang='grc' dir='ltr'>κακῶν</span> <span class='ocrx_word' id='word_1_504' title='bbox 1773 1915 1881 1941; x_wconf 80' lang='grc' dir='ltr'>ἀντιπί-</span> 
     </span>
    </p>
   </div>
   <div class='ocr_carea' id='block_1_80' title="bbox 1093 1958 1879 1996">
    <p class='ocr_par' dir='ltr' id='par_1_80' title="bbox 1093 1958 1879 1996">
     <span class='ocr_line' id='line_1_80' title="bbox 1093 1958 1879 1996; baseline 0.005 -13"><span class='ocrx_word' id='word_1_505' title='bbox 1093 1965 1156 1984; x_wconf 83' lang='grc' dir='ltr'>πτει</span> <span class='ocrx_word' id='word_1_506' title='bbox 1169 1958 1227 1990; x_wconf 87' lang='grc' dir='ltr'>τοῖς</span> <span class='ocrx_word' id='word_1_507' title='bbox 1240 1958 1336 1985; x_wconf 86' lang='grc' dir='ltr'>τούτου</span> <span class='ocrx_word' id='word_1_508' title='bbox 1349 1958 1531 1990; x_wconf 80' lang='grc' dir='ltr'>δικαιοτάτοις</span> <span class='ocrx_word' id='word_1_509' title='bbox 1545 1959 1738 1995; x_wconf 73' lang='grc' dir='ltr'>ἀκριὸασμοτς,</span> <span class='ocrx_word' id='word_1_510' title='bbox 1754 1959 1825 1986; x_wconf 80' lang='grc' dir='ltr'>ὥστε</span> <span class='ocrx_word' id='word_1_511' title='bbox 1841 1961 1879 1996; x_wconf 76' lang='grc' dir='ltr'>μὴ</span> 
     </span>
    </p>
   </div>
   <div class='ocr_carea' id='block_1_81' title="bbox 1084 2002 1878 2042">
    <p class='ocr_par' dir='ltr' id='par_1_81' title="bbox 1084 2002 1878 2042">
     <span class='ocr_line' id='line_1_81' title="bbox 1084 2002 1878 2042; baseline 0.004 -13"><span class='ocrx_word' id='word_1_512' title='bbox 1084 2003 1258 2039; x_wconf 71' lang='grc' dir='ltr'>ἐγνωσμένον</span> <span class='ocrx_word' id='word_1_513' title='bbox 1285 2002 1354 2031; x_wconf 74' lang='grc' dir='ltr'>εἶναι</span> <span class='ocrx_word' id='word_1_514' title='bbox 1378 2005 1487 2037; x_wconf 76' lang='grc' dir='ltr'>αὐτοῖς’</span> <span class='ocrx_word' id='word_1_515' title='bbox 1519 2005 1749 2042; x_wconf 84' lang='grc' dir='ltr'>αὐτοκατάκριτοι</span> <span class='ocrx_word' id='word_1_516' title='bbox 1767 2006 1823 2040; x_wconf 78' lang='grc' dir='ltr'><strong>γὰρ</strong></span> <span class='ocrx_word' id='word_1_517' title='bbox 1852 2007 1878 2033; x_wconf 79' lang='grc' dir='ltr'>οἰ</span> 
     </span>
    </p>
   </div>
   <div class='ocr_carea' id='block_1_82' title="bbox 1085 2048 1880 2085">
    <p class='ocr_par' dir='ltr' id='par_1_82' title="bbox 1085 2048 1880 2085">
     <span class='ocr_line' id='line_1_82' title="bbox 1085 2048 1880 2085; baseline 0.004 -11"><span class='ocrx_word' id='word_1_518' title='bbox 1085 2048 1172 2075; x_wconf 80' lang='grc' dir='ltr'>ταῦτα</span> <span class='ocrx_word' id='word_1_519' title='bbox 1191 2049 1409 2085; x_wconf 80' lang='grc' dir='ltr'>διαπραξάμενοι</span> <span class='ocrx_word' id='word_1_520' title='bbox 1429 2051 1554 2078; x_wconf 79' lang='grc' dir='ltr'>ἔσονται·</span> <span class='ocrx_word' id='word_1_521' title='bbox 1571 2051 1688 2083; x_wconf 73' lang='grc' dir='ltr'>ἕκαστος</span> <span class='ocrx_word' id='word_1_522' title='bbox 1714 2051 1807 2078; x_wconf 84' lang='grc' dir='ltr'>αὐτῶν</span> <span class='ocrx_word' id='word_1_523' title='bbox 1826 2051 1880 2078; x_wconf 79' lang='grc' dir='ltr'><strong>ὑπὸ</strong></span> 
     </span>
    </p>
   </div>
   <div class='ocr_carea' id='block_1_83' title="bbox 1084 2096 1878 2133">
    <p class='ocr_par' dir='ltr' id='par_1_83' title="bbox 1084 2096 1878 2133">
     <span class='ocr_line' id='line_1_83' title="bbox 1084 2096 1878 2133; baseline 0.003 -11"><span class='ocrx_word' id='word_1_524' title='bbox 1084 2096 1132 2123; x_wconf 84' lang='grc' dir='ltr'>τοῦ</span> <span class='ocrx_word' id='word_1_525' title='bbox 1149 2096 1214 2123; x_wconf 77' lang='grc' dir='ltr'>ἰδίου</span> <span class='ocrx_word' id='word_1_526' title='bbox 1231 2096 1411 2132; x_wconf 76' lang='grc' dir='ltr'>ἐλεγχόμενος</span> <span class='ocrx_word' id='word_1_527' title='bbox 1426 2097 1588 2129; x_wconf 82' lang='grc' dir='ltr'>συνειδότος,</span> <span class='ocrx_word' id='word_1_528' title='bbox 1601 2101 1648 2123; x_wconf 76' lang='grc' dir='ltr'>καὶ</span> <span class='ocrx_word' id='word_1_529' title='bbox 1661 2098 1832 2133; x_wconf 75' lang='grc' dir='ltr'>ἀρνήσασθαι</span> <span class='ocrx_word' id='word_1_530' title='bbox 1844 2098 1878 2125; x_wconf 66' lang='grc' dir='ltr'>τὰ</span> 
     </span>
    </p>
   </div>
   <div class='ocr_carea' id='block_1_84' title="bbox 1085 2142 1879 2178">
    <p class='ocr_par' dir='ltr' id='par_1_84' title="bbox 1085 2142 1879 2178">
     <span class='ocr_line' id='line_1_84' title="bbox 1085 2142 1879 2178; baseline 0.003 -10"><span class='ocrx_word' id='word_1_531' title='bbox 1085 2142 1244 2178; x_wconf 77' lang='grc' dir='ltr'>ἐσφαλμένα</span> <span class='ocrx_word' id='word_1_532' title='bbox 1258 2142 1342 2178; x_wconf 75' lang='grc' dir='ltr'>αὐτῷ,</span> <span class='ocrx_word' id='word_1_533' title='bbox 1358 2142 1515 2178; x_wconf 73' lang='grc' dir='ltr'>ἔμπροσθεν</span> <span class='ocrx_word' id='word_1_534' title='bbox 1536 2143 1583 2169; x_wconf 76' lang='grc' dir='ltr'><strong>τοῦ</strong></span> <span class='ocrx_word' id='word_1_535' title='bbox 1599 2144 1689 2171; x_wconf 82' lang='grc' dir='ltr'>πάντα</span> <span class='ocrx_word' id='word_1_536' title='bbox 1704 2143 1827 2178; x_wconf 77' lang='grc' dir='ltr'>ἀκριϐῶς</span> <span class='ocrx_word' id='word_1_537' title='bbox 1841 2144 1879 2170; x_wconf 76' lang='grc' dir='ltr'>ει-</span> 
     </span>
    </p>
   </div>
   <div class='ocr_carea' id='block_1_85' title="bbox 1085 2188 1470 2224">
    <p class='ocr_par' dir='ltr' id='par_1_85' title="bbox 1085 2188 1470 2224">
     <span class='ocr_line' id='line_1_85' title="bbox 1085 2188 1470 2224; baseline 0.005 -10"><span class='ocrx_word' id='word_1_538' title='bbox 1085 2188 1161 2220; x_wconf 80' lang='grc' dir='ltr'>δδτος</span> <span class='ocrx_word' id='word_1_539' title='bbox 1177 2188 1244 2215; x_wconf 80' lang='grc' dir='ltr'>Θεοῦ</span> <span class='ocrx_word' id='word_1_540' title='bbox 1262 2188 1299 2224; x_wconf 87' lang='grc' dir='ltr'>μὴ</span> <span class='ocrx_word' id='word_1_541' title='bbox 1310 2188 1470 2224; x_wconf 79' lang='grc' dir='ltr'>δυνάμενος.</span> 
     </span>
    </p>
   </div>
   <div class='ocr_carea' id='block_1_86' title="bbox 281 2233 1031 2274">
    <p class='ocr_par' dir='ltr' id='par_1_86' title="bbox 281 2233 1031 2274">
     <span class='ocr_line' id='line_1_86' title="bbox 281 2233 1031 2274; baseline -0.011 -6"><span class='ocrx_word' id='word_1_542' title='bbox 281 2242 364 2268; x_wconf 66' lang='grc' dir='ltr'>γειιδ.</span> <span class='ocrx_word' id='word_1_543' title='bbox 385 2241 412 2268; x_wconf 88' lang='lat'><strong>9.</strong></span> <span class='ocrx_word' id='word_1_544' title='bbox 429 2240 494 2272; x_wconf 68' lang='lat' dir='ltr'><strong>Qui:</strong></span> <span class='ocrx_word' id='word_1_545' title='bbox 508 2237 666 2274; x_wconf 82' lang='lat' dir='ltr'><strong>gloriabitur</strong></span> <span class='ocrx_word' id='word_1_546' title='bbox 674 2241 777 2264; x_wconf 79' lang='lat' dir='ltr'><strong>castum</strong></span> <span class='ocrx_word' id='word_1_547' title='bbox 801 2243 828 2262; x_wconf 76' lang='lat' dir='ltr'><strong>se</strong></span> <span class='ocrx_word' id='word_1_548' title='bbox 854 2235 947 2262; x_wconf 85' lang='lat' dir='ltr'><strong>habere</strong></span> <span class='ocrx_word' id='word_1_549' title='bbox 958 2242 1004 2260; x_wconf 86' lang='lat' dir='ltr'><strong>cor</strong></span> <span class='ocrx_word' id='word_1_550' title='bbox 1022 2233 1031 2260; x_wconf 67' lang='grc'><em>9</em></span> 
     </span>
    </p>
   </div>
   <div class='ocr_carea' id='block_1_87' title="bbox 1084 2233 1878 2274">
    <p class='ocr_par' dir='ltr' id='par_1_87' title="bbox 1122 2233 1878 2270">
     <span class='ocr_line' id='line_1_87' title="bbox 1122 2233 1878 2270; baseline 0.003 -10"><span class='ocrx_word' id='word_1_551' title='bbox 1122 2233 1154 2260; x_wconf 81' lang='grc' dir='ltr'><strong>θ’.</strong></span> <span class='ocrx_word' id='word_1_552' title='bbox 1173 2234 1221 2267; x_wconf 85' lang='grc' dir='ltr'>Τίς</span> <span class='ocrx_word' id='word_1_553' title='bbox 1231 2233 1418 2268; x_wconf 80' lang='grc' dir='ltr'>καυχήσεται</span> <span class='ocrx_word' id='word_1_554' title='bbox 1436 2234 1535 2269; x_wconf 69' lang='grc' dir='ltr'><em>ἁγνὴν</em></span> <span class='ocrx_word' id='word_1_555' title='bbox 1551 2235 1635 2270; x_wconf 74' lang='grc' dir='ltr'>ἔχειν</span> <span class='ocrx_word' id='word_1_556' title='bbox 1651 2235 1710 2269; x_wconf 78' lang='grc' dir='ltr'><strong>τὴν</strong></span> <span class='ocrx_word' id='word_1_557' title='bbox 1733 2235 1878 2270; x_wconf 80' lang='grc' dir='ltr'>καρδίαν;</span> 
     </span>
    </p>
   </div>
   <div class='ocr_carea' id='block_1_88' title="bbox 243 2279 1035 2323">
    <p class='ocr_par' dir='ltr' id='par_1_88' title="bbox 243 2279 1035 2323">
     <span class='ocr_line' id='line_1_88' title="bbox 243 2279 1035 2323; baseline -0.013 -8"><span class='ocrx_word' id='word_1_558' title='bbox 243 2289 297 2315; x_wconf 79' lang='lat' dir='ltr'><strong>Aut</strong></span> <span class='ocrx_word' id='word_1_559' title='bbox 308 2288 365 2323; x_wconf 74' lang='lat' dir='ltr'><strong>quia</strong></span> <span class='ocrx_word' id='word_1_560' title='bbox 376 2287 507 2322; x_wconf 68' lang='lat' dir='ltr'><strong>afﬁrmare</strong></span> <span class='ocrx_word' id='word_1_561' title='bbox 517 2284 623 2312; x_wconf 83' lang='lat' dir='ltr'><strong>audebit</strong></span> <span class='ocrx_word' id='word_1_562' title='bbox 633 2283 759 2310; x_wconf 81' lang='lat' dir='ltr'><strong>mundum</strong></span> <span class='ocrx_word' id='word_1_563' title='bbox 768 2290 794 2309; x_wconf 75' lang='lat' dir='ltr'><strong>se</strong></span> <span class='ocrx_word' id='word_1_564' title='bbox 804 2288 860 2308; x_wconf 74' lang='lat' dir='ltr'><strong>esse</strong></span> <span class='ocrx_word' id='word_1_565' title='bbox 868 2289 883 2307; x_wconf 90' lang='lat' dir='ltr'><strong>a</strong></span> <span class='ocrx_word' id='word_1_566' title='bbox 896 2281 1011 2315; x_wconf 74' lang='lat' dir='ltr'><strong>peccatis</strong></span> <span class='ocrx_word' id='word_1_567' title='bbox 1021 2279 1035 2306; x_wconf 85' lang='lat'><em>?</em></span> 
     </span>
    </p>
   </div>
   <div class='ocr_carea' id='block_1_89' title="bbox 244 2325 1032 2367">
    <p class='ocr_par' dir='ltr' id='par_1_89' title="bbox 244 2325 1032 2367">
     <span class='ocr_line' id='line_1_89' title="bbox 244 2325 1032 2367; baseline -0.01 -7"><span class='ocrx_word' id='word_1_568' title='bbox 244 2334 312 2367; x_wconf 83' lang='lat' dir='ltr'><strong>Quis</strong></span> <span class='ocrx_word' id='word_1_569' title='bbox 324 2341 385 2360; x_wconf 74' lang='lat' dir='ltr'><strong>sese</strong></span> <span class='ocrx_word' id='word_1_570' title='bbox 397 2331 536 2366; x_wconf 84' lang='lat' dir='ltr'><strong>jaclitabit</strong></span> <span class='ocrx_word' id='word_1_571' title='bbox 553 2330 672 2357; x_wconf 88' lang='lat' dir='ltr'><strong>animam</strong></span> <span class='ocrx_word' id='word_1_572' title='bbox 689 2336 718 2356; x_wconf 88' lang='lat' dir='ltr'><strong>sc</strong></span> <span class='ocrx_word' id='word_1_573' title='bbox 734 2328 835 2355; x_wconf 89' lang='lat' dir='ltr'><strong>habere</strong></span> <span class='ocrx_word' id='word_1_574' title='bbox 850 2326 979 2354; x_wconf 82' lang='lat' dir='ltr'><strong>mundam</strong></span> <span class='ocrx_word' id='word_1_575' title='bbox 998 2325 1032 2352; x_wconf 89' lang='lat' dir='ltr'><strong>ah</strong></span> 
     </span>
    </p>
   </div>
   <div class='ocr_carea' id='block_1_90' title="bbox 244 2372 1034 2411">
    <p class='ocr_par' dir='ltr' id='par_1_90' title="bbox 244 2372 1034 2411">
     <span class='ocr_line' id='line_1_90' title="bbox 244 2372 1034 2411; baseline -0.009 -6"><span class='ocrx_word' id='word_1_576' title='bbox 244 2379 318 2406; x_wconf 76' lang='grc' dir='ltr'>ιιιιιιιὶ</span> <span class='ocrx_word' id='word_1_577' title='bbox 337 2377 571 2411; x_wconf 70' lang='lat' dir='ltr'><strong>concupiscentiae</strong></span> <span class='ocrx_word' id='word_1_578' title='bbox 594 2373 784 2410; x_wconf 79' lang='lat' dir='ltr'><strong>cogitatione?</strong></span> <span class='ocrx_word' id='word_1_579' title='bbox 800 2372 849 2400; x_wconf 84' lang='lat' dir='ltr'><strong>Vel</strong></span> <span class='ocrx_word' id='word_1_580' title='bbox 862 2372 924 2407; x_wconf 80' lang='lat' dir='ltr'><strong>quis</strong></span> <span class='ocrx_word' id='word_1_581' title='bbox 935 2379 1034 2400; x_wconf 88' lang='lat' dir='ltr'><strong>secure</strong></span> 
     </span>
    </p>
   </div>
   <div class='ocr_carea' id='block_1_91' title="bbox 244 2421 1030 2457">
    <p class='ocr_par' dir='ltr' id='par_1_91' title="bbox 244 2421 1030 2457">
     <span class='ocr_line' id='line_1_91' title="bbox 244 2421 1030 2457; baseline -0.013 -4"><span class='ocrx_word' id='word_1_582' title='bbox 244 2427 316 2453; x_wconf 80' lang='lat' dir='ltr'><strong>dicet</strong></span> <span class='ocrx_word' id='word_1_583' title='bbox 329 2423 443 2451; x_wconf 91' lang='lat' dir='ltr'><strong>omnino</strong></span> <span class='ocrx_word' id='word_1_584' title='bbox 459 2421 728 2457; x_wconf 79' lang='lat' dir='ltr'><strong>irreprchensibilem</strong></span> <span class='ocrx_word' id='word_1_585' title='bbox 741 2427 804 2447; x_wconf 77' lang='lat' dir='ltr'><strong>esse</strong></span> <span class='ocrx_word' id='word_1_586' title='bbox 823 2425 901 2446; x_wconf 85' lang='lat' dir='ltr'><strong>suam</strong></span> <span class='ocrx_word' id='word_1_587' title='bbox 915 2425 1030 2445; x_wconf 90' lang='lat' dir='ltr'><strong>conver-</strong></span> 
     </span>
    </p>
   </div>
   <div class='ocr_carea' id='block_1_92' title="bbox 245 2463 1033 2501">
    <p class='ocr_par' dir='ltr' id='par_1_92' title="bbox 245 2463 1033 2501">
     <span class='ocr_line' id='line_1_92' title="bbox 245 2463 1033 2501; baseline -0.009 -4"><span class='ocrx_word' id='word_1_588' title='bbox 245 2471 379 2497; x_wconf 87' lang='lat' dir='ltr'><strong>sationem</strong></span> <span class='ocrx_word' id='word_1_589' title='bbox 395 2469 407 2495; x_wconf 86' lang='lat'><strong>?</strong></span> <span class='ocrx_word' id='word_1_590' title='bbox 422 2467 508 2496; x_wconf 85' lang='lat' dir='ltr'><strong>Nemo</strong></span> <span class='ocrx_word' id='word_1_591' title='bbox 530 2467 603 2494; x_wconf 83' lang='lat' dir='ltr'><strong>enim</strong></span> <span class='ocrx_word' id='word_1_592' title='bbox 632 2466 734 2501; x_wconf 85' lang='lat' dir='ltr'><strong>peccati</strong></span> <span class='ocrx_word' id='word_1_593' title='bbox 759 2472 868 2499; x_wconf 84' lang='lat' dir='ltr'><strong>expers,</strong></span> <span class='ocrx_word' id='word_1_594' title='bbox 885 2463 938 2491; x_wconf 74' lang='lat' dir='ltr'><strong>nisi</strong></span> <span class='ocrx_word' id='word_1_595' title='bbox 957 2464 1033 2491; x_wconf 84' lang='lat' dir='ltr'><strong>solus</strong></span> 
     </span>
    </p>
   </div>
   <div class='ocr_carea' id='block_1_93' title="bbox 245 2516 327 2543">
    <p class='ocr_par' dir='ltr' id='par_1_93' title="bbox 245 2516 327 2543">
     <span class='ocr_line' id='line_1_93' title="bbox 245 2516 327 2543; baseline -0.012 -1"><span class='ocrx_word' id='word_1_596' title='bbox 245 2516 327 2543; x_wconf 78' lang='lat' dir='ltr'><strong>Deus.</strong></span> 
     </span>
    </p>
   </div>
   <div class='ocr_carea' id='block_1_94' title="bbox 280 2560 1030 2594">
    <p class='ocr_par' dir='ltr' id='par_1_94' title="bbox 280 2560 1030 2594">
     <span class='ocr_line' id='line_1_94' title="bbox 280 2560 1030 2594; baseline -0.004 -6"><span class='ocrx_word' id='word_1_597' title='bbox 280 2562 363 2588; x_wconf 71' lang='lat' dir='ltr'><strong>Vens.</strong></span> <span class='ocrx_word' id='word_1_598' title='bbox 381 2560 424 2593; x_wconf 73' lang='lat'><strong>10,</strong></span> <span class='ocrx_word' id='word_1_599' title='bbox 441 2561 485 2587; x_wconf 82' lang='grc'><strong>11.</strong></span> <span class='ocrx_word' id='word_1_600' title='bbox 502 2560 610 2586; x_wconf 76' lang='lat' dir='ltr'><strong>Pontius</strong></span> <span class='ocrx_word' id='word_1_601' title='bbox 634 2567 759 2594; x_wconf 82' lang='lat' dir='ltr'><strong>magnum</strong></span> <span class='ocrx_word' id='word_1_602' title='bbox 778 2562 802 2585; x_wconf 85' lang='lat' dir='ltr'><strong>et</strong></span> <span class='ocrx_word' id='word_1_603' title='bbox 817 2566 939 2592; x_wconf 85' lang='lat' dir='ltr'><strong>parvum.</strong></span> <span class='ocrx_word' id='word_1_604' title='bbox 956 2567 1030 2585; x_wconf 82' lang='lat' dir='ltr'><strong>men-</strong></span> 
     </span>
    </p>
   </div>
   <div class='ocr_carea' id='block_1_95' title="bbox 245 2603 1032 2639">
    <p class='ocr_par' dir='ltr' id='par_1_95' title="bbox 245 2603 1032 2639">
     <span class='ocr_line' id='line_1_95' title="bbox 245 2603 1032 2639; baseline -0.005 -6"><span class='ocrx_word' id='word_1_605' title='bbox 245 2615 315 2634; x_wconf 74' lang='lat' dir='ltr'><strong>sura:</strong></span> <span class='ocrx_word' id='word_1_606' title='bbox 335 2605 463 2639; x_wconf 79' lang='lat' dir='ltr'><strong>duplices,</strong></span> <span class='ocrx_word' id='word_1_607' title='bbox 476 2604 669 2632; x_wconf 83' lang='lat' dir='ltr'><strong>abominabilia</strong></span> <span class='ocrx_word' id='word_1_608' title='bbox 693 2608 755 2631; x_wconf 82' lang='lat' dir='ltr'><strong>sunt</strong></span> <span class='ocrx_word' id='word_1_609' title='bbox 779 2603 850 2638; x_wconf 86' lang='lat' dir='ltr'><strong>apud</strong></span> <span class='ocrx_word' id='word_1_610' title='bbox 866 2603 1007 2630; x_wconf 77' lang='lat' dir='ltr'><strong>Demittunt</strong></span> <span class='ocrx_word' id='word_1_611' title='bbox 1024 2611 1032 2630; x_wconf 80' lang='lat'><strong>.&#39;</strong></span> 
     </span>
    </p>
   </div>
   <div class='ocr_carea' id='block_1_96' title="bbox 245 2649 1032 2688">
    <p class='ocr_par' dir='ltr' id='par_1_96' title="bbox 245 2649 1032 2688">
     <span class='ocr_line' id='line_1_96' title="bbox 245 2649 1032 2688; baseline -0.005 -8"><span class='ocrx_word' id='word_1_612' title='bbox 245 2654 289 2688; x_wconf 85' lang='lat' dir='ltr'><strong>qui</strong></span> <span class='ocrx_word' id='word_1_613' title='bbox 307 2652 372 2687; x_wconf 75' lang='lat' dir='ltr'><strong>facit</strong></span> <span class='ocrx_word' id='word_1_614' title='bbox 387 2660 429 2684; x_wconf 85' lang='lat' dir='ltr'><strong>ea,</strong></span> <span class='ocrx_word' id='word_1_615' title='bbox 455 2651 481 2678; x_wconf 86' lang='lat' dir='ltr'><strong>in</strong></span> <span class='ocrx_word' id='word_1_616' title='bbox 507 2651 621 2686; x_wconf 78' lang='lat' dir='ltr'><strong>propriis</strong></span> <span class='ocrx_word' id='word_1_617' title='bbox 647 2651 744 2677; x_wconf 77' lang='lat' dir='ltr'><strong>studiis</strong></span> <span class='ocrx_word' id='word_1_618' title='bbox 760 2650 952 2684; x_wconf 78' lang='lat' dir='ltr'><strong>implicabitur.</strong></span> <span class='ocrx_word' id='word_1_619' title='bbox 973 2649 1032 2676; x_wconf 88' lang='lat' dir='ltr'><strong>Non</strong></span> 
     </span>
    </p>
   </div>
   <div class='ocr_carea' id='block_1_97' title="bbox 246 2695 1033 2733">
    <p class='ocr_par' dir='ltr' id='par_1_97' title="bbox 246 2695 1033 2733">
     <span class='ocr_line' id='line_1_97' title="bbox 246 2695 1033 2733; baseline -0.003 -9"><span class='ocrx_word' id='word_1_620' title='bbox 246 2698 386 2733; x_wconf 76' lang='lat' dir='ltr'><strong>:uqualiler</strong></span> <span class='ocrx_word' id='word_1_621' title='bbox 398 2701 508 2732; x_wconf 86' lang='lat' dir='ltr'><strong>peccata</strong></span> <span class='ocrx_word' id='word_1_622' title='bbox 521 2703 571 2724; x_wconf 90' lang='lat' dir='ltr'><strong>sua</strong></span> <span class='ocrx_word' id='word_1_623' title='bbox 580 2696 731 2724; x_wconf 83' lang='lat' dir='ltr'><strong>etfratrum</strong></span> <span class='ocrx_word' id='word_1_624' title='bbox 744 2700 856 2731; x_wconf 86' lang='lat' dir='ltr'><strong>peccata</strong></span> <span class='ocrx_word' id='word_1_625' title='bbox 869 2695 1033 2731; x_wconf 74' lang='lat' dir='ltr'><strong>ponderare,</strong></span> 
     </span>
    </p>
   </div>
   <div class='ocr_carea' id='block_1_98' title="bbox 247 2741 1034 2778">
    <p class='ocr_par' dir='ltr' id='par_1_98' title="bbox 247 2741 1034 2778">
     <span class='ocr_line' id='line_1_98' title="bbox 247 2741 1034 2778; baseline -0.003 -7"><span class='ocrx_word' id='word_1_626' title='bbox 247 2743 294 2771; x_wconf 82' lang='lat' dir='ltr'><strong>sed</strong></span> <span class='ocrx_word' id='word_1_627' title='bbox 309 2750 405 2770; x_wconf 82' lang='lat' dir='ltr'><strong>eorum</strong></span> <span class='ocrx_word' id='word_1_628' title='bbox 418 2742 528 2777; x_wconf 86' lang='lat' dir='ltr'><strong>quidem</strong></span> <span class='ocrx_word' id='word_1_629' title='bbox 552 2741 653 2769; x_wconf 90' lang='lat' dir='ltr'><strong>ducere</strong></span> <span class='ocrx_word' id='word_1_630' title='bbox 671 2742 765 2778; x_wconf 75' lang='lat' dir='ltr'><strong>gravia</strong></span> <span class='ocrx_word' id='word_1_631' title='bbox 783 2750 816 2769; x_wconf 89' lang='lat' dir='ltr'><strong>ac</strong></span> <span class='ocrx_word' id='word_1_632' title='bbox 837 2742 1034 2774; x_wconf 81' lang='lat' dir='ltr'><strong>intolerabilia.</strong></span> 
     </span>
    </p>
   </div>
   <div class='ocr_carea' id='block_1_99' title="bbox 247 2787 1032 2823">
    <p class='ocr_par' dir='ltr' id='par_1_99' title="bbox 247 2787 1032 2823">
     <span class='ocr_line' id='line_1_99' title="bbox 247 2787 1032 2823; baseline -0.004 -5"><span class='ocrx_word' id='word_1_633' title='bbox 247 2797 297 2818; x_wconf 77' lang='lat' dir='ltr'><strong>sua</strong></span> <span class='ocrx_word' id='word_1_634' title='bbox 317 2793 407 2816; x_wconf 88' lang='lat' dir='ltr'><strong>autem</strong></span> <span class='ocrx_word' id='word_1_635' title='bbox 425 2789 493 2815; x_wconf 73' lang='lat' dir='ltr'><strong>levia</strong></span> <span class='ocrx_word' id='word_1_636' title='bbox 514 2815 521 2822; x_wconf 72' lang='grc'><strong>,</strong></span> <span class='ocrx_word' id='word_1_637' title='bbox 538 2793 565 2815; x_wconf 87' lang='lat' dir='ltr'><strong>et</strong></span> <span class='ocrx_word' id='word_1_638' title='bbox 577 2787 605 2814; x_wconf 96' lang='lat' dir='ltr'><strong>in</strong></span> <span class='ocrx_word' id='word_1_639' title='bbox 626 2788 680 2815; x_wconf 89' lang='lat' dir='ltr'><strong>alia</strong></span> <span class='ocrx_word' id='word_1_640' title='bbox 697 2788 807 2823; x_wconf 83' lang='lat' dir='ltr'><strong>quidem</strong></span> <span class='ocrx_word' id='word_1_641' title='bbox 824 2796 886 2816; x_wconf 81' lang='lat' dir='ltr'><strong>sese</strong></span> <span class='ocrx_word' id='word_1_642' title='bbox 904 2796 1032 2816; x_wconf 86' lang='lat' dir='ltr'><strong>mensura</strong></span> 
     </span>
    </p>
   </div>
   <div class='ocr_carea' id='block_1_100' title="bbox 247 2834 1033 2870">
    <p class='ocr_par' dir='ltr' id='par_1_100' title="bbox 247 2834 1033 2870">
     <span class='ocr_line' id='line_1_100' title="bbox 247 2834 1033 2870; baseline 0 -8"><span class='ocrx_word' id='word_1_643' title='bbox 247 2836 348 2866; x_wconf 83' lang='lat' dir='ltr'><strong>metiri,</strong></span> <span class='ocrx_word' id='word_1_644' title='bbox 358 2835 410 2862; x_wconf 82' lang='lat' dir='ltr'><strong>alia</strong></span> <span class='ocrx_word' id='word_1_645' title='bbox 426 2838 516 2861; x_wconf 88' lang='lat' dir='ltr'><strong>autem</strong></span> <span class='ocrx_word' id='word_1_646' title='bbox 527 2834 678 2870; x_wconf 78' lang='lat' dir='ltr'><strong>proximos,</strong></span> <span class='ocrx_word' id='word_1_647' title='bbox 693 2842 792 2869; x_wconf 78' lang='lat' dir='ltr'><strong>magna</strong></span> <span class='ocrx_word' id='word_1_648' title='bbox 807 2835 842 2862; x_wconf 84' lang='lat' dir='ltr'><strong>ab</strong></span> <span class='ocrx_word' id='word_1_649' title='bbox 860 2835 894 2862; x_wconf 87' lang='lat' dir='ltr'><strong>iis</strong></span> <span class='ocrx_word' id='word_1_650' title='bbox 907 2835 1033 2870; x_wconf 74' lang='lat' dir='ltr'><strong>exigere,</strong></span> 
     </span>
    </p>
   </div>
   <div class='ocr_carea' id='block_1_101' title="bbox 250 2880 1034 2916">
    <p class='ocr_par' dir='ltr' id='par_1_101' title="bbox 250 2880 1034 2916">
     <span class='ocr_line' id='line_1_101' title="bbox 250 2880 1034 2916; baseline 0.001 -9"><span class='ocrx_word' id='word_1_651' title='bbox 250 2890 264 2907; x_wconf 68' lang='grc' dir='ltr'><strong>ιι</strong></span> <span class='ocrx_word' id='word_1_652' title='bbox 279 2889 308 2909; x_wconf 87' lang='lat' dir='ltr'><strong>se</strong></span> <span class='ocrx_word' id='word_1_653' title='bbox 322 2887 415 2916; x_wconf 80' lang='lat' dir='ltr'><strong>parva,</strong></span> <span class='ocrx_word' id='word_1_654' title='bbox 431 2880 529 2909; x_wconf 79' lang='lat' dir='ltr'><strong>exinde</strong></span> <span class='ocrx_word' id='word_1_655' title='bbox 544 2880 653 2908; x_wconf 86' lang='lat' dir='ltr'><strong>unicam</strong></span> <span class='ocrx_word' id='word_1_656' title='bbox 670 2880 792 2909; x_wconf 85' lang='lat' dir='ltr'><strong>dividere</strong></span> <span class='ocrx_word' id='word_1_657' title='bbox 806 2886 933 2909; x_wconf 86' lang='lat' dir='ltr'><strong>naturam</strong></span> <span class='ocrx_word' id='word_1_658' title='bbox 951 2885 977 2908; x_wconf 88' lang='lat' dir='ltr'><strong>et</strong></span> <span class='ocrx_word' id='word_1_659' title='bbox 994 2882 1034 2908; x_wconf 76' lang='lat' dir='ltr'><strong>sic</strong></span> 
     </span>
    </p>
   </div>
   <div class='ocr_carea' id='block_1_102' title="bbox 1087 2280 1878 2317">
    <p class='ocr_par' dir='ltr' id='par_1_102' title="bbox 1087 2280 1878 2317">
     <span class='ocr_line' id='line_1_102' title="bbox 1087 2280 1878 2317; baseline 0.005 -11"><span class='ocrx_word' id='word_1_660' title='bbox 1087 2280 1106 2313; x_wconf 81' lang='grc' dir='ltr'><strong><em>ἣ</em></strong></span> <span class='ocrx_word' id='word_1_661' title='bbox 1120 2280 1166 2313; x_wconf 87' lang='grc' dir='ltr'><strong>τίς</strong></span> <span class='ocrx_word' id='word_1_662' title='bbox 1172 2280 1412 2314; x_wconf 78' lang='grc' dir='ltr'>παρῤησιάσεται</span> <span class='ocrx_word' id='word_1_663' title='bbox 1422 2280 1551 2315; x_wconf 82' lang='grc' dir='ltr'>καθαρὸς</span> <span class='ocrx_word' id='word_1_664' title='bbox 1561 2281 1639 2308; x_wconf 75' lang='grc' dir='ltr'>εἶναι</span> <span class='ocrx_word' id='word_1_665' title='bbox 1648 2281 1707 2309; x_wconf 75' lang='grc' dir='ltr'>ἀπὸ</span> <span class='ocrx_word' id='word_1_666' title='bbox 1718 2283 1878 2317; x_wconf 75' lang='grc' dir='ltr'>ἁμαρτίας;</span> 
     </span>
    </p>
   </div>
   <div class='ocr_carea' id='block_1_103' title="bbox 1087 2326 1877 2363">
    <p class='ocr_par' dir='ltr' id='par_1_103' title="bbox 1087 2326 1877 2363">
     <span class='ocr_line' id='line_1_103' title="bbox 1087 2326 1877 2363; baseline 0.004 -11"><span class='ocrx_word' id='word_1_667' title='bbox 1087 2326 1136 2358; x_wconf 87' lang='grc' dir='ltr'>Τίς</span> <span class='ocrx_word' id='word_1_668' title='bbox 1154 2326 1335 2361; x_wconf 80' lang='grc' dir='ltr'>μεγαλαυχῶν</span> <span class='ocrx_word' id='word_1_669' title='bbox 1351 2326 1415 2361; x_wconf 87' lang='grc' dir='ltr'>εῐπῃ</span> <span class='ocrx_word' id='word_1_670' title='bbox 1433 2326 1558 2361; x_wconf 81' lang='grc' dir='ltr'>καθαρὰν</span> <span class='ocrx_word' id='word_1_671' title='bbox 1572 2327 1645 2362; x_wconf 78' lang='grc' dir='ltr'>ἔχειν</span> <span class='ocrx_word' id='word_1_672' title='bbox 1662 2327 1711 2363; x_wconf 80' lang='grc' dir='ltr'>τὴν</span> <span class='ocrx_word' id='word_1_673' title='bbox 1729 2328 1819 2363; x_wconf 77' lang='grc' dir='ltr'>ψυχὴν</span> <span class='ocrx_word' id='word_1_674' title='bbox 1829 2329 1877 2355; x_wconf 82' lang='grc' dir='ltr'><strong>σύ-</strong></span> 
     </span>
    </p>
   </div>
   <div class='ocr_carea' id='block_1_104' title="bbox 1087 2373 1877 2411">
    <p class='ocr_par' dir='ltr' id='par_1_104' title="bbox 1087 2373 1877 2411">
     <span class='ocr_line' id='line_1_104' title="bbox 1087 2373 1877 2411; baseline 0.003 -11"><span class='ocrx_word' id='word_1_675' title='bbox 1087 2373 1134 2400; x_wconf 87' lang='grc' dir='ltr'>τοῦ</span> <span class='ocrx_word' id='word_1_676' title='bbox 1150 2373 1205 2400; x_wconf 85' lang='grc' dir='ltr'>ἀπὸ</span> <span class='ocrx_word' id='word_1_677' title='bbox 1217 2373 1318 2405; x_wconf 82' lang='grc' dir='ltr'>παντὸς</span> <span class='ocrx_word' id='word_1_678' title='bbox 1330 2373 1472 2409; x_wconf 79' lang='grc' dir='ltr'>ἐμπαθοῦς</span> <span class='ocrx_word' id='word_1_679' title='bbox 1484 2374 1633 2410; x_wconf 84' lang='grc' dir='ltr'>λογισμοῡ;</span> <span class='ocrx_word' id='word_1_680' title='bbox 1646 2375 1662 2411; x_wconf 82' lang='grc' dir='ltr'><strong>ἧ</strong></span> <span class='ocrx_word' id='word_1_681' title='bbox 1674 2375 1716 2407; x_wconf 83' lang='grc' dir='ltr'><strong>τίς</strong></span> <span class='ocrx_word' id='word_1_682' title='bbox 1731 2376 1877 2410; x_wconf 79' lang='grc' dir='ltr'>φθέγξεται</span> 
     </span>
    </p>
   </div>
   <div class='ocr_carea' id='block_1_105' title="bbox 1088 2419 1878 2458">
    <p class='ocr_par' dir='ltr' id='par_1_105' title="bbox 1088 2419 1878 2458">
     <span class='ocr_line' id='line_1_105' title="bbox 1088 2419 1878 2458; baseline 0.003 -12"><span class='ocrx_word' id='word_1_683' title='bbox 1088 2419 1279 2451; x_wconf 84' lang='grc' dir='ltr'>ἀνυποστόλως</span> <span class='ocrx_word' id='word_1_684' title='bbox 1293 2419 1439 2455; x_wconf 80' lang='grc' dir='ltr'>ἄμεμπτον</span> <span class='ocrx_word' id='word_1_685' title='bbox 1451 2421 1492 2452; x_wconf 74' lang='grc' dir='ltr'>εἰς</span> <span class='ocrx_word' id='word_1_686' title='bbox 1503 2421 1534 2447; x_wconf 82' lang='grc' dir='ltr'>τὸ</span> <span class='ocrx_word' id='word_1_687' title='bbox 1545 2421 1676 2453; x_wconf 79' lang='grc' dir='ltr'>παντελὲς</span> <span class='ocrx_word' id='word_1_688' title='bbox 1686 2421 1821 2457; x_wconf 80' lang='grc' dir='ltr'>ὑπάρχειν</span> <span class='ocrx_word' id='word_1_689' title='bbox 1829 2422 1878 2458; x_wconf 77' lang='grc' dir='ltr'>τὴν</span> 
     </span>
    </p>
   </div>
   <div class='ocr_carea' id='block_1_106' title="bbox 1089 2465 1878 2503">
    <p class='ocr_par' dir='ltr' id='par_1_106' title="bbox 1089 2465 1878 2503">
     <span class='ocr_line' id='line_1_106' title="bbox 1089 2465 1878 2503; baseline 0.005 -12"><span class='ocrx_word' id='word_1_690' title='bbox 1089 2465 1226 2492; x_wconf 84' lang='grc' dir='ltr'>πολιτείαν</span> <span class='ocrx_word' id='word_1_691' title='bbox 1238 2465 1320 2492; x_wconf 78' lang='grc' dir='ltr'>αὑτοῦ</span> <span class='ocrx_word' id='word_1_692' title='bbox 1334 2465 1441 2498; x_wconf 56' lang='lat' dir='ltr'><strong>nubet;</strong></span> <span class='ocrx_word' id='word_1_693' title='bbox 1453 2466 1508 2502; x_wconf 76' lang='grc' dir='ltr'>γὰρ</span> <span class='ocrx_word' id='word_1_694' title='bbox 1519 2466 1724 2502; x_wconf 80' lang='grc' dir='ltr'>ἀναμάρτητος,</span> <span class='ocrx_word' id='word_1_695' title='bbox 1742 2468 1767 2495; x_wconf 82' lang='grc' dir='ltr'><strong>εί</strong></span> <span class='ocrx_word' id='word_1_696' title='bbox 1782 2468 1822 2503; x_wconf 85' lang='grc' dir='ltr'>μὴ</span> <span class='ocrx_word' id='word_1_697' title='bbox 1836 2466 1878 2500; x_wconf 73' lang='grc' dir='ltr'>εἷς</span> 
     </span>
    </p>
   </div>
   <div class='ocr_carea' id='block_1_107' title="bbox 1087 2510 1193 2542">
    <p class='ocr_par' dir='ltr' id='par_1_107' title="bbox 1087 2510 1193 2542">
     <span class='ocr_line' id='line_1_107' title="bbox 1087 2510 1193 2542; baseline 0.009 -6"><span class='ocrx_word' id='word_1_698' title='bbox 1087 2511 1101 2536; x_wconf 86' lang='grc' dir='ltr'><strong>ὸ</strong></span> <span class='ocrx_word' id='word_1_699' title='bbox 1116 2510 1193 2542; x_wconf 83' lang='grc' dir='ltr'>Θεός.</span> 
     </span>
    </p>
   </div>
   <div class='ocr_carea' id='block_1_108' title="bbox 1123 2556 1875 2594">
    <p class='ocr_par' dir='ltr' id='par_1_108' title="bbox 1123 2556 1875 2594">
     <span class='ocr_line' id='line_1_108' title="bbox 1123 2556 1875 2594; baseline 0.005 -11"><span class='ocrx_word' id='word_1_700' title='bbox 1123 2556 1169 2583; x_wconf 87' lang='grc' dir='ltr'>ια’.</span> <span class='ocrx_word' id='word_1_701' title='bbox 1185 2556 1334 2591; x_wconf 80' lang='grc' dir='ltr'>Στάθμιον</span> <span class='ocrx_word' id='word_1_702' title='bbox 1347 2556 1427 2592; x_wconf 82' lang='grc' dir='ltr'>μέγα</span> <span class='ocrx_word' id='word_1_703' title='bbox 1443 2557 1492 2584; x_wconf 74' lang='grc' dir='ltr'>καὶ</span> <span class='ocrx_word' id='word_1_704' title='bbox 1508 2558 1633 2592; x_wconf 75' lang='grc' dir='ltr'>μικρὸν,</span> <span class='ocrx_word' id='word_1_705' title='bbox 1655 2559 1748 2594; x_wconf 74' lang='grc' dir='ltr'>μέτρα</span> <span class='ocrx_word' id='word_1_706' title='bbox 1771 2559 1875 2592; x_wconf 77' lang='grc' dir='ltr'>δισσὰ,</span> 
     </span>
    </p>
   </div>
   <div class='ocr_carea' id='block_1_109' title="bbox 1088 2603 1877 2640">
    <p class='ocr_par' dir='ltr' id='par_1_109' title="bbox 1088 2603 1877 2640">
     <span class='ocr_line' id='line_1_109' title="bbox 1088 2603 1877 2640; baseline 0.004 -10"><span class='ocrx_word' id='word_1_707' title='bbox 1088 2603 1240 2637; x_wconf 76' lang='grc' dir='ltr'>ἀκάθαρτα</span> <span class='ocrx_word' id='word_1_708' title='bbox 1251 2603 1382 2631; x_wconf 76' lang='grc' dir='ltr'>ἐνώπιον</span> <span class='ocrx_word' id='word_1_709' title='bbox 1395 2603 1506 2639; x_wconf 78' lang='grc' dir='ltr'>Κυρίου</span> <span class='ocrx_word' id='word_1_710' title='bbox 1523 2604 1734 2640; x_wconf 72' lang='grc' dir='ltr'>καὶάμφότερα</span> <span class='ocrx_word' id='word_1_711' title='bbox 1745 2614 1753 2621; x_wconf 79' lang='grc' dir='ltr'><strong>ο</strong></span> <span class='ocrx_word' id='word_1_712' title='bbox 1783 2607 1832 2633; x_wconf 75' lang='grc' dir='ltr'>καὶ</span> <span class='ocrx_word' id='word_1_713' title='bbox 1861 2608 1877 2633; x_wconf 85' lang='grc' dir='ltr'><em>ὀ</em></span> 
     </span>
    </p>
   </div>
   <div class='ocr_carea' id='block_1_110' title="bbox 1088 2649 1878 2686">
    <p class='ocr_par' dir='ltr' id='par_1_110' title="bbox 1088 2649 1878 2686">
     <span class='ocr_line' id='line_1_110' title="bbox 1088 2649 1878 2686; baseline 0.005 -10"><span class='ocrx_word' id='word_1_714' title='bbox 1088 2649 1183 2677; x_wconf 83' lang='grc' dir='ltr'>ποιῶν</span> <span class='ocrx_word' id='word_1_715' title='bbox 1201 2649 1289 2682; x_wconf 81' lang='grc' dir='ltr'>αὐτὰ,</span> <span class='ocrx_word' id='word_1_716' title='bbox 1302 2649 1337 2677; x_wconf 78' lang='grc' dir='ltr'><strong>ἐν</strong></span> <span class='ocrx_word' id='word_1_717' title='bbox 1351 2649 1414 2682; x_wconf 80' lang='grc' dir='ltr'>τοῖς</span> <span class='ocrx_word' id='word_1_718' title='bbox 1433 2650 1668 2686; x_wconf 76' lang='grc' dir='ltr'>ἐπιτηδεύμασιν</span> <span class='ocrx_word' id='word_1_719' title='bbox 1695 2652 1789 2680; x_wconf 76' lang='grc' dir='ltr'>αὐτοῦ</span> <span class='ocrx_word' id='word_1_720' title='bbox 1802 2661 1878 2686; x_wconf 79' lang='grc' dir='ltr'><strong>συμ-</strong></span> 
     </span>
    </p>
   </div>
   <div class='ocr_carea' id='block_1_111' title="bbox 1089 2696 1880 2734">
    <p class='ocr_par' dir='ltr' id='par_1_111' title="bbox 1089 2696 1880 2734">
     <span class='ocr_line' id='line_1_111' title="bbox 1089 2696 1880 2734; baseline 0.001 -10"><span class='ocrx_word' id='word_1_721' title='bbox 1089 2696 1316 2731; x_wconf 78' lang='grc' dir='ltr'>ποὸισθήσεται.</span> <span class='ocrx_word' id='word_1_722' title='bbox 1341 2698 1377 2725; x_wconf 85' lang='grc' dir='ltr'>Τὸ</span> <span class='ocrx_word' id='word_1_723' title='bbox 1395 2698 1433 2734; x_wconf 85' lang='grc' dir='ltr'>μὴ</span> <span class='ocrx_word' id='word_1_724' title='bbox 1447 2698 1546 2734; x_wconf 83' lang='grc' dir='ltr'>ἐπίσης</span> <span class='ocrx_word' id='word_1_725' title='bbox 1567 2699 1630 2726; x_wconf 79' lang='grc' dir='ltr'>τινὰ</span> <span class='ocrx_word' id='word_1_726' title='bbox 1643 2698 1820 2726; x_wconf 83' lang='grc' dir='ltr'>ταλαντεύειν</span> <span class='ocrx_word' id='word_1_727' title='bbox 1844 2699 1880 2725; x_wconf 81' lang='grc' dir='ltr'><strong>τὰ</strong></span> 
     </span>
    </p>
   </div>
   <div class='ocr_carea' id='block_1_112' title="bbox 1089 2743 1879 2780">
    <p class='ocr_par' dir='ltr' id='par_1_112' title="bbox 1089 2743 1879 2780">
     <span class='ocr_line' id='line_1_112' title="bbox 1089 2743 1879 2780; baseline 0.001 -10"><span class='ocrx_word' id='word_1_728' title='bbox 1089 2743 1187 2770; x_wconf 79' lang='grc' dir='ltr'>ἑαυτοῦ</span> <span class='ocrx_word' id='word_1_729' title='bbox 1215 2744 1264 2771; x_wconf 75' lang='grc' dir='ltr'>καὶ</span> <span class='ocrx_word' id='word_1_730' title='bbox 1276 2743 1312 2770; x_wconf 85' lang='grc' dir='ltr'>τὰ</span> <span class='ocrx_word' id='word_1_731' title='bbox 1325 2743 1379 2771; x_wconf 85' lang='grc' dir='ltr'>τῶν</span> <span class='ocrx_word' id='word_1_732' title='bbox 1402 2745 1535 2780; x_wconf 83' lang='grc' dir='ltr'>ἀδελφῶν,</span> <span class='ocrx_word' id='word_1_733' title='bbox 1552 2744 1622 2772; x_wconf 82' lang='grc' dir='ltr'>ἀλλὰ</span> <span class='ocrx_word' id='word_1_734' title='bbox 1638 2745 1672 2772; x_wconf 76' lang='grc' dir='ltr'>τὰ</span> <span class='ocrx_word' id='word_1_735' title='bbox 1696 2744 1801 2772; x_wconf 80' lang='grc' dir='ltr'>τούτων</span> <span class='ocrx_word' id='word_1_736' title='bbox 1829 2745 1879 2779; x_wconf 79' lang='grc' dir='ltr'>μὲν</span> 
     </span>
    </p>
   </div>
   <div class='ocr_carea' id='block_1_113' title="bbox 1090 2789 1879 2826">
    <p class='ocr_par' dir='ltr' id='par_1_113' title="bbox 1090 2789 1879 2826">
     <span class='ocr_line' id='line_1_113' title="bbox 1090 2789 1879 2826; baseline 0.003 -11"><span class='ocrx_word' id='word_1_737' title='bbox 1090 2789 1249 2824; x_wconf 82' lang='grc' dir='ltr'>πταίσματα</span> <span class='ocrx_word' id='word_1_738' title='bbox 1260 2790 1388 2825; x_wconf 76' lang='grc' dir='ltr'>ἡγεῖσθαι</span> <span class='ocrx_word' id='word_1_739' title='bbox 1398 2790 1486 2826; x_wconf 85' lang='grc' dir='ltr'>βαρέα</span> <span class='ocrx_word' id='word_1_740' title='bbox 1497 2799 1527 2817; x_wconf 91' lang='grc' dir='ltr'><strong>τε</strong></span> <span class='ocrx_word' id='word_1_741' title='bbox 1538 2791 1585 2817; x_wconf 79' lang='grc' dir='ltr'><strong>καὶ</strong></span> <span class='ocrx_word' id='word_1_742' title='bbox 1596 2791 1798 2821; x_wconf 77' lang='grc' dir='ltr'>δυσδάστακτα,</span> <span class='ocrx_word' id='word_1_743' title='bbox 1815 2792 1879 2818; x_wconf 74' lang='grc' dir='ltr'>ἐλα-</span> 
     </span>
    </p>
   </div>
   <div class='ocr_carea' id='block_1_114' title="bbox 1089 2836 1879 2872">
    <p class='ocr_par' dir='ltr' id='par_1_114' title="bbox 1089 2836 1879 2872">
     <span class='ocr_line' id='line_1_114' title="bbox 1089 2836 1879 2872; baseline 0.001 -10"><span class='ocrx_word' id='word_1_744' title='bbox 1089 2836 1146 2871; x_wconf 67' lang='grc' dir='ltr'><strong>φρὰ</strong></span> <span class='ocrx_word' id='word_1_745' title='bbox 1165 2836 1193 2862; x_wconf 80' lang='grc' dir='ltr'>δὲ</span> <span class='ocrx_word' id='word_1_746' title='bbox 1208 2836 1242 2863; x_wconf 80' lang='grc' dir='ltr'>τὰ</span> <span class='ocrx_word' id='word_1_747' title='bbox 1257 2837 1370 2864; x_wconf 75' lang='grc' dir='ltr'>ἑαυτοῦ·</span> <span class='ocrx_word' id='word_1_748' title='bbox 1386 2837 1432 2864; x_wconf 72' lang='grc' dir='ltr'><strong>καὶ</strong></span> <span class='ocrx_word' id='word_1_749' title='bbox 1443 2837 1472 2864; x_wconf 78' lang='grc' dir='ltr'>τὸ</span> <span class='ocrx_word' id='word_1_750' title='bbox 1489 2839 1600 2872; x_wconf 82' lang='grc' dir='ltr'>μετρεῖν</span> <span class='ocrx_word' id='word_1_751' title='bbox 1617 2837 1690 2872; x_wconf 80' lang='grc' dir='ltr'>ἄλλῳ</span> <span class='ocrx_word' id='word_1_752' title='bbox 1718 2837 1767 2872; x_wconf 74' lang='grc' dir='ltr'>μὲν</span> <span class='ocrx_word' id='word_1_753' title='bbox 1786 2838 1879 2872; x_wconf 83' lang='grc' dir='ltr'>μέτρῳ</span> 
     </span>
    </p>
   </div>
   <div class='ocr_carea' id='block_1_115' title="bbox 1090 2881 1877 2918">
    <p class='ocr_par' dir='ltr' id='par_1_115' title="bbox 1090 2881 1877 2918">
     <span class='ocr_line' id='line_1_115' title="bbox 1090 2881 1877 2918; baseline 0.001 -11"><span class='ocrx_word' id='word_1_754' title='bbox 1090 2881 1197 2917; x_wconf 75' lang='grc' dir='ltr'>ἑαυτὸν,</span> <span class='ocrx_word' id='word_1_755' title='bbox 1213 2882 1299 2917; x_wconf 78' lang='grc' dir='ltr'>ἑτέρῳ</span> <span class='ocrx_word' id='word_1_756' title='bbox 1314 2882 1343 2910; x_wconf 85' lang='grc' dir='ltr'>δὲ</span> <span class='ocrx_word' id='word_1_757' title='bbox 1357 2884 1420 2915; x_wconf 78' lang='grc' dir='ltr'>τοὺς</span> <span class='ocrx_word' id='word_1_758' title='bbox 1435 2884 1574 2918; x_wconf 72' lang='grc' dir='ltr'>ὁμοφυεῖς,</span> <span class='ocrx_word' id='word_1_759' title='bbox 1593 2883 1701 2918; x_wconf 79' lang='grc' dir='ltr'>μεγάλα</span> <span class='ocrx_word' id='word_1_760' title='bbox 1726 2883 1776 2918; x_wconf 80' lang='grc' dir='ltr'><strong>μὲν</strong></span> <span class='ocrx_word' id='word_1_761' title='bbox 1794 2883 1877 2909; x_wconf 70' lang='grc' dir='ltr'>ἁπαι-</span> 
     </span>
    </p>
   </div>
  </div>
