2072 3161
214 203 282 233 1’25

744 208 1013 239 COMMENTARII
1034 208 1075 240 IN
1096 210 1320 240 PROVERBIA.

1776 207 1842 240 H26

212 257 309 286 τοῦντα
325 260 449 295 τούτους,
463 264 551 298 μικρὰ
561 263 588 290 δὲ
601 264 692 297 αὑτὸν,
709 264 858 292 κάντεῦθεν
875 265 922 301 τὴν
937 266 1001 301 μίαν

1066 266 1141 300 pslus
1159 271 1297 293 auctorem
1315 270 1342 294 et
1356 265 1540 302 legislalorcm
1552 266 1715 302 impingere,
1734 271 1842 292 utrum-

214 305 294 338 φύσιν
306 306 440 342 μερίζειν,
456 309 503 335 καὶ
516 308 587 336 οὕτω
605 310 673 345 πρὸς
690 310 736 337 τὸν
750 310 852 346 ταύτης
864 312 1001 347 Δημιουρ-

213 350 261 383 γδν
273 352 320 378 καὶ
333 352 482 389 νομοθέτην
501 356 692 391 προσκρούειν,
706 355 840 391 βδελυκτά
854 359 907 384 εἰσι
926 358 1002 393 παρὰ

213 395 252 431 τῷ
265 395 319 423 τῶν
337 397 404 424 ὅλων
420 398 544 436 Δεσπότῃ
555 401 601 426 καὶ
616 401 776 436 ἀμφότερα·
805 403 853 430 καὶ
878 402 892 429 ό
917 402 1002 429 ταῦτα

214 443 457 478 διαπραττόμενος,
473 445 502 472 ἐν
519 447 578 478 ταῖς
593 446 731 479 τοιαύταις
749 447 832 474 αὐτοῦ
861 448 993 480 ἐπινοίαις

1055 320 1108 347 que
1126 312 1310 341 abominabile
1326 317 1367 341 est
1384 312 1456 348 apud
1476 313 1599 340 omnium
1620 312 1777 339 Dominum.
1791 312 1843 345 Qui

1055 358 1121 385 facit
1143 366 1177 386 ex
1197 358 1315 394 propriis
1336 359 1579 387 adinventionibus
1598 358 1795 395 implicabitur.
1813 358 1843 385 In

1057 404 1240 439 quibusenim
1252 405 1322 433 alios
1339 404 1456 440 iudicat,
1471 405 1594 440 seipsum
1619 405 1796 433 condemnat.
1815 403 1844 432 In

1057 457 1110 484 qua
1127 458 1257 478 mensura
1287 451 1409 482 metitur.
1424 450 1585 478 remetietur
1598 450 1635 477 ei.

214 489 374 523 προσκόῲει·
386 491 416 517 ἐν
431 488 472 523 οἷς
487 491 541 527 γὰρ
555 492 664 528 ἐτέρους
679 494 780 529 κρίνει,
800 494 895 520 ἑαυτὸν
915 495 1092 530 κατακρίνειν
1108 496 1156 523 καὶ
1169 493 1191 530 ᾧ
1207 497 1299 532 μέτρῳ
1315 496 1419 532 μετρεῖ,
1438 495 1648 532 μετρηθήσεται.

253 534 421 568 Νεανίσκος
428 537 502 570 μετὰ
513 538 611 569 ὁσίου,
623 538 671 565 καὶ
681 538 807 572 εὐθεῖαὴ
820 538 890 572 ὁδὸς
898 539 1002 567 αὐτοῦ.

215 578 246 605 Εἰ
261 580 275 605 ό
285 579 344 612 νέος
353 580 405 607 ὑπὸ
418 581 575 609 διδάσκαλον
585 583 702 619 ὑπάρχει
716 584 909 620 πνευματικδν,
920 584 1007 620 ὀρθῶς

215 625 264 660 τὴν
276 626 335 652 κατ’
350 627 450 664 ἀρετὴν
460 629 528 664 πρὸς
545 629 611 656 Θεὸν
634 630 769 665 φέρουσαν
784 631 877 666 τρίὸον
893 631 1005 666 βαδίζει,

216 671 262 696 ὑπ’
280 671 362 698 αὐτοῦ
372 673 485 705 δεόντως
499 675 674 710 παιδαγωγοῦ
680 685 769 711 μενος.

253 715 297 751 ιβ’.
315 715 376 751 Οὖς
385 719 500 751 ἀκούει,
510 720 559 746 καὶ
571 721 724 756 ὀφθαλμὸς
735 723 800 758 ὁρᾷ,
813 725 922 759 Κυρίου
934 725 1006 759 ἔργα

218 762 267 788 καὶ
284 763 446 798 ἀμφότερα.
459 765 539 801 Παρὰ
564 766 611 793 τοῦ
628 768 767 794 Δεσπότου
789 769 843 796 τῶν
857 770 926 797 ὅλων
938 770 1005 796 Θεοῦ

218 807 307 839 πάσας
323 808 372 839 τὰς
388 809 528 845 αἰσθήσεις
539 810 668 846 εἴληφας,
703 813 846 848 ἄνθρωπει
874 806 930 841 οἷον
957 816 1006 848 τὴν

217 853 383 889 ἀκουστικήν
399 863 429 881 τε
448 856 493 882 καὶ
501 856 618 892 όπτικὴν
633 858 681 884 καὶ
699 859 816 895 καθεξῆς
829 861 878 892 τὰς
893 861 1004 893 λοιπάς’

1094 541 1128 569 Et
1144 542 1297 569 adolescens
1314 550 1373 569 cum
1397 547 1500 572 sancto.
1519 546 1544 568 et
1571 545 1645 568 recta
1668 541 1711 567 via
1730 540 1799 575 ejus.
1815 539 1844 567 Si

1057 587 1221 616 adolescens
1235 588 1287 616 sub
1301 587 1433 622 magistro
1445 587 1568 622 sapiente
1585 585 1752 614 suﬁicienter
1767 585 1801 612 ab
1811 593 1845 613 eo

1058 633 1140 661 fuerit
1155 634 1304 661 instructus
1319 633 1352 660 ad
1370 639 1443 661 recte
1458 632 1629 668 sequendum
1645 631 1718 659 viam
1735 631 1852 668 virtutis_

1057 686 1117 713 qua:
1131 679 1208 706 ducit
1224 678 1257 706 ad
1277 679 1372 705 Deum.

1095 724 1176 751 Vens.
1193 724 1236 752 12.
1253 724 1350 751 Aurem
1366 723 1514 751 audientem
1527 728 1553 751 et
1574 724 1680 751 oculum
1704 723 1854 756 videnlem,‘

1059 769 1190 797 Dominus
1209 769 1272 804 [erit
1287 774 1436 804 utrumque.
1464 768 1566 797 Omnes
1583 777 1598 797 a
1622 769 1678 797 Deo
1705 769 1847 796 universo-

1060 822 1120 842 rum
1136 814 1255 842 Domino
1279 822 1379 842 sensus
1396 814 1539 849 accepisti,
1551 814 1643 846 homo,
1656 814 1755 849 quales
1770 813 1847 841 audi.

1060 864 1128 894 tum,
1142 863 1232 888 visum
1245 865 1273 888 et
1297 866 1420 888 caeteros.
1449 860 1565 895 Oportet
1589 859 1673 895 igitur
1696 864 1722 888 te
1740 859 1784 888 bis
1797 859 1847 893 uti,

218 898 278 925 δέον
308 899 355 926 οὖν
375 909 405 927 σε
434 901 552 937 χρῆσθαι
579 903 706 938 ταύταις,
722 905 760 937 ὡς
786 907 803 941 ὴ
820 905 880 933 θεία
910 906 1006 942 ἐντολὴ

1061 906 1131 934 sicut
1147 906 1270 942 praecipit
1288 906 1335 934 Dei
1348 906 1520 934 mandatum.

218 944 339 972 ἀπαιτεῖ.

254 993 298 1023 ιγ’.
316 992 345 1016 Μ
349 990 364 1024 ὴ
380 990 481 1025 ἀγάπα
494 994 687 1027 καταλαλῶν,
695 995 793 1031 ἵναμὴ
807 997 947 1031 ὲξαρθῇς.
962 997 1008 1032 Μὴ

219 1036 343 1068 ἀσπάζου
359 1037 389 1063 τὸ
402 1037 492 1073 λέγειν
511 1041 582 1067 κατά
595 1049 678 1073 τινος,
695 1042 743 1069 καὶ
761 1042 861 1070 διδόναι
888 1044 921 1078 τῇ
938 1043 1007 1078 ἀκοῇ

218 1081 265 1108 τοῦ
275 1082 421 1117 φιλοψόγου
437 1084 486 1119 τὴν
500 1084 629 1119 γλῶσσάν
646 1081 704 1113 σου·
722 1087 766 1114 ἵνα
779 1088 816 1123 μὴ
830 1088 869 1120 ὡς
883 1088 1009 1124 βλάπτων

222 1128 271 1154 σὺν
282 1128 357 1164 αύτῷ
370 1129 417 1156 καὶ
432 1130 554 1166 ἑτέρους,
577 1132 752 1167 ἀνάρπαστος
782 1134 860 1170 γένῃ,
887 1134 1008 1165 ὑποστὰς

219 1172 352 1208 αίφνίδιον
366 1174 487 1210 ὄλεθρον.

253 1217 411 1250 Διάνοιεον
424 1219 458 1246 δὲ
473 1220 545 1254 τοὺς
560 1221 733 1257 ὀφθαλμούς
744 1232 814 1254 σου,
836 1224 1008 1259 καὶὲμπλή-

218 1263 307 1296 σθητι
321 1263 428 1298 ἀρτῶν.
438 1266 620 1294 Ἀναπέτασον
632 1268 660 1295 δὲ
671 1269 740 1304 πρὸς
762 1269 828 1295 Θεὸν
840 1269 889 1301 τὰς
903 1269 1009 1305 θεωρη-

220 1308 299 1340 τικὰς
315 1309 365 1344 τῆς
393 1310 484 1346 ψυχῆς
500 1320 547 1338 σου
563 1313 702 1348 δυνάμεις,
715 1315 762 1341 καὶ
770 1315 823 1342 τῶν
837 1315 939 1351 ταύτην
949 1324 1011 1351 τρε-

221 1354 325 1389 φόντων
349 1355 447 1390 λογίων
473 1357 554 1384 αὑτοῦ
574 1360 731 1393 γνωστικῶς
755 1360 942 1397 ὲμφορήθητι·
964 1361 1010 1389 τοῦ

219 1400 310 1435 λέγειν
330 1403 434 1435 κακῶς,
450 1403 480 1430 τὺ
499 1404 644 1439 μανθάνειν
659 1405 762 1438 καλῶς,
778 1407 1004 1443 προαιρούμενος.

256 1447 502 1482 Κακολογοῦντος
514 1449 627 1483 πατέρα
638 1450 654 1484 ἣ
665 1450 790 1485 μητέρα,
806 1453 1010 1486 σϐεσθήονεται

219 1492 373 1526 λαμπτήρ.
395 1492 431 1519 Τὸ
444 1493 494 1528 τῆς
506 1494 673 1529 θεογνωσίας
685 1498 777 1532 νοερὸν
804 1498 862 1532 φῶς
891 1499 1011 1526 ἀποσϐε-

222 1536 353 1571 σθήσεται
364 1537 412 1564 τοῦ
438 1538 672 1575 βλασφημοῦντος,
688 1542 743 1568 εἴτε
767 1544 807 1575 εἰς
823 1544 868 1570 τὸν
883 1544 951 1571 Θεὸν
966 1545 1013 1572 καὶ

221 1582 330 1618 Πατέρα
339 1592 346 1598 ·
359 1584 388 1612 ὲν
399 1584 438 1619 τῷ
451 1585 597 1621 τολμηρῶς
613 1587 714 1621 λέγειν,
734 1589 771 1624 μὴ
785 1589 853 1622 ὅλως
867 1588 937 1618 εῖναι
946 1591 1012 1618 Θεὸν

221 1629 268 1654 τοῦ
285 1630 385 1661 παντὸς
399 1630 503 1658 αῐτιονι
523 1632 578 1659 εἴτε
595 1633 636 1665 είς
649 1633 698 1667 τὴν
717 1635 900 1663 ἐνυπόστατον
930 1637 1012 1663 αὑτοῦ

222 1675 330 1709 σοφίαν,
355 1676 388 1703 δι’
422 1674 458 1712 ἦς
481 1677 588 1714 ὑπέστη
614 1688 644 1706 τε
672 1681 719 1707 καὶ
743 1681 792 1716 τῆς
818 1682 1013 1718 προσηκούσης

222 1719 345 1752 ἀξιοῦται
381 1723 510 1758 προνοίας
536 1723 567 1750 τὸ
598 1725 670 1757 πᾶν,
700 1726 727 1752 ὲν
755 1726 795 1761 τῷ
825 1726 1014 1762 ἀναισχύντως

222 1768 347 1802 φάσκειν,
374 1770 411 1806 μὴ
435 1770 551 1804 δεόντως
576 1772 658 1799 τοῦτο
674 1773 720 1800 ὑπ’
742 1774 826 1801 αὑτοῦ
849 1775 917 1802 Θεοῦ
942 1775 1013 1808 διεξ-

224 1815 351 1849 ἀγεσθαι.

253 1863 288 1889 Al
300 1862 334 1888 δὲ
344 1863 428 1897 κόραι
440 1863 499 1890 τῶν
510 1864 671 1899 ὀφθαλμῶν
691 1867 785 1893 αὑτοῦ
803 1867 929 1901 ὄψονται
941 1870 1013 1896 σκό-

222 1917 282 1941 τος.
302 1908 369 1934 Αίδ¹
384 1909 494 1935 onum}.
504 1910 554 1945 τῆς
572 1910 664 1945 ψυχῆς
695 1912 777 1939 αὐτοῦ
804 1913 944 1948 δυνάμεις,
967 1915 1013 1941 τὸν

223 1954 319 1986 σκότος
340 1954 405 1981 Evn
435 1956 483 1982 καὶ
496 1948 554 1990 ξρῶς
570 1954 640 1983 εἶναι
659 1957 873 1993 ὑποκρινόμενον
885 1960 1011 1994 δαίμονα,

221 2001 294 2028 κατὰ
310 2001 413 2036 πλάνην
428 2001 465 2034 ὡς
480 2002 538 2037 φῶς
550 2002 743 2036 ὑποδέξονται·
763 2004 910 2032 κάντεῦθεν
924 2006 1012 2040 ἐμπε-

224 2048 308 2073 σεῖται
324 2048 338 2073 ὁ
352 2047 473 2080 τοιοῦτος
484 2049 524 2080 είς
541 2049 656 2083 ἀγνοίας
676 2051 827 2086 κρημνοὺς,
842 2052 890 2080 καὶ
913 2053 1013 2084 κακίας

224 2092 359 2129 βάραθρα.

257 2142 311 2165 ια’.
324 2138 413 2172 Μερὶς
426 2140 704 2176 ὲπισπουδαζομένη
714 2142 749 2168 ἐν
759 2142 897 2177 πρώτοις,
907 2144 942 2170 ἐν
951 2144 1012 2177 τοῖς

222 2185 404 2218 τελευταίοις
430 2186 486 2212 οὐκ
505 2187 751 2221 εὐλογηθήσεται.
789 2188 821 2215 Ἦ
845 2190 910 2225 παρ’
932 2190 1012 2225 ήμῶν

1095 991 1175 1019 Vens.
1197 993 1239 1020 15.
1259 991 1324 1020 Noli
1339 993 1448 1028 diligere
1460 992 1661 1026 detractionem,
1676 1000 1708 1019 ne
1729 991 1848 1020 tollaris.

1059 1035 1120 1063 Noli
1135 1043 1228 1063 amare
1242 1044 1410 1072 quemquam
1423 1037 1639 1070 detraheremec
1650 1036 1716 1065 dare
1728 1037 1849 1072 linguam

1060 1086 1134 1108 tuam
1153 1081 1259 1109 auditui
1276 1082 1451 1115 detractoris,
1465 1090 1500 1111 ne
1513 1090 1574 1110 cum
1589 1082 1638 1111 illo
1652 1083 1722 1111 alios
1746 1082 1850 1111 laedens

1060 1125 1218 1160 abripiaris,
1232 1126 1408 1161 repentinam
1425 1126 1574 1162 perniciem
1592 1126 1745 1155 subeundo.

1096 1215 1175 1251 Operi
1191 1217 1280 1244 oculos
1304 1222 1371 1250 tuos,
1384 1221 1409 1244 et
1423 1217 1531 1252 implere
1555 1217 1678 1252 panibus.
1695 1217 1805 1253 Explica
1823 1217 1850 1245 in

1062 1262 1147 1290 Deum
1164 1263 1304 1298 potentias
1327 1264 1427 1291 animae
1451 1267 1506 1292 tua:
1534 1263 1729 1298 speculativas,
1743 1267 1771 1292 et
1801 1271 1852 1299 per

1061 1308 1206 1335 scientiam
1218 1308 1332 1344 implere
1344 1308 1406 1344 ejus
1414 1309 1533 1344 eloquiis
1547 1315 1610 1343 qua:
1624 1315 1685 1336 eam
1695 1308 1852 1340 enutriunt.

1062 1354 1132 1382 bene
1143 1354 1251 1382 discere
1267 1362 1350 1390 quam
1371 1354 1443 1383 male
1464 1355 1557 1382 dicere
1573 1355 1664 1390 potius
1682 1355 1798 1382 habens.

1097 1441 1181 1471 Vnus.
1199 1443 1244 1470 20.
1269 1444 1320 1476 Qui
1340 1444 1474 1471 maledicit
1493 1444 1565 1478 patri
1590 1452 1638 1471 suo
1651 1448 1676 1471 et
1695 1445 1788 1478 matri,
1804 1451 1852 1472 ιε-

1064 1488 1215 1524 stinguetur
1232 1489 1340 1517 lucerna
1369 1489 1439 1524 ejus.
1457 1489 1561 1518 Lumen
1587 1490 1777 1518 intellectuale
1803 1490 1852 1518 Dei

1064 1535 1231 1570 cognitionis
1246 1536 1440 1572 exstinguetur
1452 1537 1478 1564 in
1496 1543 1529 1564 eo
1544 1536 1592 1572 qui
1607 1536 1785 1571 blasphemat
1793 1537 1850 1564 sive

1066 1579 1093 1607 in
1103 1581 1187 1608 Deum
1197 1586 1225 1608 et
1234 1585 1339 1616 patrem
1352 1581 1470 1610 dicendo
1485 1582 1617 1610 audacter
1627 1589 1682 1609 non
1694 1589 1757 1610 esse
1767 1582 1852 1610 Deum

1067 1625 1189 1655 universi
1202 1626 1382 1662 principium,
1394 1627 1453 1655 sive
1467 1627 1495 1654 in
1508 1627 1719 1655 subslantialem
1733 1627 1794 1662 ejus
1805 1634 1852 1655 sa-

1066 1671 1197 1707 pientiam
1211 1680 1273 1708 qua:
1286 1671 1412 1700 condidit
1425 1673 1560 1701 universa
1573 1677 1601 1700 et
1612 1673 1776 1709 congruenti
1789 1680 1854 1708 pro-

1064 1716 1185 1745 videntia
1194 1725 1287 1752 regere
1298 1718 1436 1754 dignatur.
1449 1717 1509 1745 sine
1523 1717 1628 1753 pudore
1645 1718 1763 1746 dicendo
1774 1726 1855 1745 mun-

1065 1763 1130 1790 dum
1149 1763 1311 1792 universum
1328 1771 1384 1792 non
1410 1764 1582 1792 sullicienter
1606 1763 1643 1793 ab
1668 1764 1728 1799 ipso
1741 1763 1854 1792 ordina-

1065 1813 1134 1836 tum.
1469 1810 1477 1816 ’

1100 1854 1216 1888 Pupilla:
1232 1860 1320 1882 autem
1338 1855 1475 1882 oculorum
1500 1856 1558 1889 ejus
1575 1856 1698 1884 videbunt
1721 1857 1852 1884 tenebras.

1065 1900 1171 1928 Anima:
1188 1904 1279 1928 autem
1290 1901 1351 1935 ejus
1366 1901 1482 1928 visionis
1500 1902 1629 1935 potentia:
1644 1902 1784 1930 diabolum
1807 1903 1854 1937 qui

1065 1946 1186 1973 tenebrat
1210 1950 1253 1974 est
1279 1949 1307 1973 et
1326 1946 1416 1973 lumen
1445 1954 1475 1973 se
1501 1953 1564 1974 esse
1593 1947 1723 1981 simulat,
1742 1955 1790 1983 per
1811 1956 1855 1976 er-

1064 1999 1153 2019 rorem
1168 1996 1199 2019 ut
1213 1991 1305 2019 lumen
1319 1992 1464 2027 accipient.
1476 1992 1507 2019 Et
1519 1993 1619 2020 exinde
1631 1993 1763 2022 cadetille
1777 1995 1806 2022 in
1815 1994 1856 2031 ig-

1065 2038 1200 2066 norantiaa
1215 2038 1411 2073 praecipitium,
1427 2044 1455 2066 et
1473 2039 1499 2066 in
1515 2039 1575 2067 vitii
1592 2039 1734 2076 abyssum.

1098 2132 1182 2160 Vens.
1196 2133 1242 2160 2i.
1259 2132 1328 2160 Pars
1346 2133 1474 2167 festinata
1490 2133 1517 2160 in
1533 2133 1640 2168 primis,
1655 2133 1683 2161 in
1702 2135 1856 2162 novissimis

1063 2188 1116 2207 non
1141 2180 1317 2208 benedicetur.
1340 2179 1472 2216 Voluptas
1491 2189 1573 2216 quam
1593 2181 1620 2209 in
1646 2181 1792 2218 jnveutute
1817 2183 1854 2210 ob

222 2229 360 2266 ἐπιμελῶς
376 2230 529 2268 ζητουμένη
546 2231 589 2259 διὰ
602 2233 753 2269 νηπιότητα
770 2234 888 2270 φρενῶν,
904 2235 936 2261 ὲκ
952 2236 1008 2262 νεό-

1065 2227 1196 2255 mentium
1212 2226 1356 2254 infantiam
1372 2234 1435 2254 cum
1448 2228 1547 2256 ardore
1561 2229 1722 2264 quaerimus,
1733 2237 1794 2258 eam
1807 2238 1855 2265 per

220 2285 302 2312 τητος
313 2276 403 2312 ἡδονὴ,
418 2277 585 2314 μεριζομένη
600 2279 655 2305 ἀπὸ
668 2279 718 2315 τῆς
732 2279 829 2314 ὀδύνης
841 2281 903 2308 κατ’
914 2281 1012 2317 αἴσθηη

222 2331 275 2354 σιν,
285 2322 333 2348 καὶ
342 2323 548 2358 προαιρουμένη
558 2322 605 2349 τοῦ
618 2323 752 2350 ἐπιπόνου
763 2324 812 2359 τῆς
827 2324 930 2360 ἀρετῆς
941 2325 1012 2353 κατὰ

220 2367 333 2403 γνώμην
348 2367 439 2403 ἡμῶν,
455 2367 525 2403 πρὸς
543 2368 575 2395 τὸ
589 2369 666 2401 τέλος
694 2369 802 2405 ὁρώσης
829 2370 945 2406 ταυτησὶ
961 2370 1013 2406 τῆς

221 2413 358 2448 ἡμετέρας
376 2413 462 2449 ζωῆς,
484 2414 534 2440 ούκ
549 2414 760 2450 ἐπαινεθήσεται
776 2415 830 2441 ὑπὸ
855 2415 902 2441 τοῦ
919 2415 1009 2450 λόγου,

220 2460 412 2495 ἀνδρωθέντος,
427 2460 474 2486 καὶ
489 2459 519 2486 τὸ
534 2459 618 2492 ὅντως
635 2460 717 2488 καλὸν
742 2461 796 2488 ἀπὸ
824 2461 873 2488 τοῦ
900 2462 1010 2498 νομιζο-

222 2506 303 2540 μένου
316 2506 467 2541 διακρίνειν
482 2506 661 2542 δεδυνημένου
671 2517 678 2522 -
695 2507 956 2543 κατηγορηθήσεται
981 2508 1010 2534 δὲ

222 2551 332 2586 μᾶλλον,
352 2551 446 2586 ἐπειδὴ
467 2551 599 2586 κέκτηται
614 2551 701 2584 τέλος,
721 2552 771 2587 τὴν
797 2552 1011 2588 περιποιητικὴν

219 2598 269 2631 τῆς
280 2596 376 2631 ὀδύνης
387 2596 492 2632 φθορὰν
502 2605 509 2612 ⁸
520 2597 567 2625 καὶ
577 2597 726 2634 ἄγκιστρόν
745 2599 802 2624 ἐστι
815 2597 862 2625 τοῦ
875 2598 1009 2631 διαϐόλου,

219 2641 287 2677 πρὸς
309 2641 446 2668 ἀπώλειαν
454 2641 542 2670 ἕλκον.

255 2689 306 2726 κβ¹.
328 2690 376 2724 Μὴ
389 2690 492 2725 ειπῃς·
510 2691 630 2726 Τίσομαι
648 2691 702 2718 τὸν
717 2691 843 2726 ἐχθρόν’
853 2691 923 2718 ἀλλ’
936 2690 1007 2718 ὑπό-

217 2744 321 2770 μεινον
335 2736 389 2763 τὸν
398 2737 520 2770 Κύριον,
538 2737 589 2764 ἵνα
605 2744 655 2764 σοι
669 2736 825 2772 βοηθήσῃ.
846 2736 892 2772 Μὴ
912 2736 1010 2771 βουλη-

220 2782 270 2817 θῇς
285 2782 496 2818 τιμωρήσασθαι
512 2782 557 2810 τὸν
571 2783 732 2818 λυπήσαντά
750 2791 780 2810 σε
798 2783 869 2810 κατά
884 2791 910 2809 τι
922 2790 928 2796 ·
942 2782 1010 2809 ἀλλὰ

220 2828 265 2854 τὴν
289 2827 323 2854 δι’
345 2828 428 2855 αὑτοῦ
456 2837 487 2855 σε
515 2828 700 2856 παιδεύσαντα
716 2828 785 2864 πρὸς
806 2828 951 2863 διόρθωσιν
961 2827 1008 2854 τοῦ

221 2872 322 2905 παντὸς
349 2874 500 2910 Δεσπότην,
528 2875 674 2910 ὑπόμεινον
704 2875 874 2910 εὐχαρίστως
890 2882 896 2890 ·
911 2875 954 2901 ἵνα
967 2883 1008 2901 σοι

220 2919 325 2955 ἀρωγὸς
342 2920 452 2955 γένηται
469 2921 539 2949 κατὰ
549 2922 604 2949 τῶν
616 2920 799 2957 ἐνοχλούντων
817 2930 856 2948 σοι
873 2920 906 2948 δι’
923 2921 1005 2948 ἀκου-

1064 2282 1164 2303 sensus
1173 2282 1188 2302 a
1198 2274 1293 2302 dolore
1300 2279 1462 2310 separantes
1477 2275 1622 2312 laborique
1639 2277 1750 2304 virtutis
1762 2283 1854 2305 mente

1064 2324 1268 2355 praeponentes,
1287 2324 1417 2356 vergente
1440 2321 1475 2349 ad
1491 2321 1571 2350 linem
1599 2322 1653 2350 hac
1673 2322 1730 2350 vita
1745 2328 1851 2354 nostra.

1064 2375 1118 2394 non
1136 2367 1294 2395 laudabitur
1305 2375 1320 2395 a
1338 2368 1446 2396 ratione
1457 2369 1513 2404 jam
1528 2369 1600 2396 virili
1617 2368 1725 2402 ellecta,
1742 2377 1852 2397 verum-

1063 2420 1116 2448 que
1131 2413 1233 2440 bonum
1249 2413 1330 2442 abeo
1355 2414 1428 2450 quod
1451 2419 1580 2442 censetur
1603 2415 1778 2450 distinguere
1801 2423 1852 2443 va-

1063 2459 1145 2487 lente.
1165 2458 1379 2494 Vituperabitur.
1395 2460 1487 2495 potius
1510 2460 1620 2495 quando
1636 2461 1700 2488 linis
1713 2460 1853 2494 adveniet,

1063 2505 1206 2540 corruptio
1222 2513 1284 2540 qua:
1305 2505 1429 2534 dolorem
1445 2507 1516 2541 parit
1532 2510 1561 2533 et
1581 2506 1680 2535 bamus
1692 2511 1736 2536 est
1749 2507 1851 2536 diaboli

1065 2551 1100 2579 ad
1117 2552 1300 2587 perditionem
1314 2552 1467 2580 attrahens.

1097 2685 1183 2713 Vens.
1194 2684 1239 2711 22.
1253 2683 1295 2710 Ne
1309 2683 1430 2710 dixeris:
1444 2682 1565 2709 Ulciscor
1575 2682 1723 2714 mimicum,
1740 2682 1785 2710 sed
1794 2691 1852 2711 sus-

1062 2734 1115 2761 tine
1148 2732 1289 2759 Dominum
1306 2735 1336 2757 ut
1351 2729 1398 2757 tibi
1415 2729 1519 2756 auxilio
1535 2729 1580 2758 sit.
1597 2728 1636 2756 Ne
1649 2729 1792 2758 mediteris
1807 2729 1850 2756 ul-

1062 2779 1130 2808 cisci
1145 2786 1208 2805 eum
1224 2777 1272 2813 qui
1285 2781 1312 2805 te
1326 2776 1422 2804 dolore
1447 2776 1489 2803 vel
1499 2775 1600 2811 injuria
1609 2775 1712 2803 all‘ecit.
1725 2774 1778 2803 Sed
1791 2782 1850 2802 om—

1062 2827 1137 2854 nium
1154 2824 1299 2853 Dominum
1313 2824 1360 2859 qui
1385 2827 1411 2851 te
1424 2830 1472 2858 per
1488 2830 1551 2851 eum
1567 2822 1601 2850 ad
1627 2821 1847 2850 emendationem

1061 2873 1187 2908 castigat,
1197 2874 1324 2907 exspecta
1335 2877 1397 2898 cum
1406 2869 1557 2905 gratiarum
1564 2868 1681 2900 actione,
1693 2873 1722 2894 ut
1731 2867 1789 2901 ipse
1799 2866 1846 2894 tibi

1060 2918 1132 2946 ultor
1140 2917 1254 2946 exsistat
1265 2917 1290 2944 in
1303 2923 1401 2952 pravos
1412 2915 1524 2952 spiritus
1533 2915 1578 2950 qui
1590 2921 1638 2949 per
1646 2912 1854 2941 involunturiaa
