  <div class='ocr_page' id='page_1' title='image "/cluster/home/n/w/nwhite01/storage/ocr_20150623/87, pt.1/njp.32101013202641/721.png"; bbox 0 0 2072 3161; ppageno 0'>
   <div class='ocr_carea' id='block_1_1' title="bbox 275 145 342 178">
    <p class='ocr_par' dir='ltr' id='par_1_1' title="bbox 275 145 342 178">
     <span class='ocr_line' id='line_1_1' title="bbox 275 145 342 178; baseline 0.015 -1"><span class='ocrx_word' id='word_1_1' title='bbox 275 145 342 178; x_wconf 63' lang='lat'><strong>1427</strong></span> 
     </span>
    </p>
   </div>
   <div class='ocr_carea' id='block_1_2' title="bbox 917 162 1233 199">
    <p class='ocr_par' dir='ltr' id='par_1_2' title="bbox 917 162 1233 199">
     <span class='ocr_line' id='line_1_2' title="bbox 917 162 1233 199; baseline 0.019 -8"><span class='ocrx_word' id='word_1_2' title='bbox 917 162 1094 194; x_wconf 81' lang='lat' dir='ltr'><strong>PROCOPII</strong></span> <span class='ocrx_word' id='word_1_3' title='bbox 1113 165 1233 199; x_wconf 62' lang='lat' dir='ltr'><strong>GAZin</strong></span> 
     </span>
    </p>
   </div>
   <div class='ocr_carea' id='block_1_3' title="bbox 1829 177 1898 210">
    <p class='ocr_par' dir='ltr' id='par_1_3' title="bbox 1829 177 1898 210">
     <span class='ocr_line' id='line_1_3' title="bbox 1829 177 1898 210; baseline 0.014 -1"><span class='ocrx_word' id='word_1_4' title='bbox 1829 177 1898 210; x_wconf 65' lang='lat'><strong>1428</strong></span> 
     </span>
    </p>
   </div>
   <div class='ocr_carea' id='block_1_4' title="bbox 272 203 1038 268">
    <p class='ocr_par' dir='ltr' id='par_1_4' title="bbox 272 203 1038 268">
     <span class='ocr_line' id='line_1_4' title="bbox 272 203 1038 248; baseline 0.026 -20"><span class='ocrx_word' id='word_1_5' title='bbox 272 203 417 238; x_wconf 80' lang='lat' dir='ltr'><strong>passiones</strong></span> <span class='ocrx_word' id='word_1_6' title='bbox 435 204 482 233; x_wconf 90' lang='lat' dir='ltr'><strong>tibi</strong></span> <span class='ocrx_word' id='word_1_7' title='bbox 502 212 564 235; x_wconf 85' lang='lat' dir='ltr'><strong>sunt</strong></span> <span class='ocrx_word' id='word_1_8' title='bbox 577 210 695 239; x_wconf 72' lang='lat' dir='ltr'><strong>molesti.</strong></span> <span class='ocrx_word' id='word_1_9' title='bbox 710 212 959 246; x_wconf 84' lang='lat' dir='ltr'><strong>lnroiuntariarum</strong></span> <span class='ocrx_word' id='word_1_10' title='bbox 977 221 1038 248; x_wconf 89' lang='lat' dir='ltr'><strong>enin</strong></span> 
     </span>
     <span class='ocr_line' id='line_1_5' title="bbox 272 249 851 268; baseline 0 0"><span class='ocrx_word' id='word_1_11' title='bbox 272 249 431 268; x_wconf 60' lang='lat' dir='ltr'><strong>nmA-innnm</strong></span> <span class='ocrx_word' id='word_1_12' title='bbox 447 252 592 268; x_wconf 68' lang='grc' dir='ltr'><strong>ιΛΙιη-ηνιιτ..</strong></span> <span class='ocrx_word' id='word_1_13' title='bbox 610 263 622 268; x_wconf 62' lang='grc' dir='ltr'><strong>,ι</strong></span> <span class='ocrx_word' id='word_1_14' title='bbox 639 258 747 268; x_wconf 28' lang='grc' dir='ltr'><strong>..-ιημικ</strong></span> <span class='ocrx_word' id='word_1_15' title='bbox 772 260 788 266; x_wconf 70' lang='grc' dir='ltr'><strong>ο-</strong></span> <span class='ocrx_word' id='word_1_16' title='bbox 823 262 851 268; x_wconf 73' lang='grc' dir='ltr'><strong>ν.</strong></span> 
     </span>
    </p>
   </div>
   <div class='ocr_carea' id='block_1_5' title="bbox 1089 203 1900 268">
    <p class='ocr_par' dir='ltr' id='par_1_5' title="bbox 1089 221 1900 268">
     <span class='ocr_line' id='line_1_6' title="bbox 1089 221 1900 268; baseline 0.02 -21"><span class='ocrx_word' id='word_1_17' title='bbox 1089 247 1090 250; x_wconf 39' lang='grc' dir='ltr'><strong>η</strong></span> <span class='ocrx_word' id='word_1_18' title='bbox 1105 221 1169 249; x_wconf 89' lang='grc' dir='ltr'>σίων</span> <span class='ocrx_word' id='word_1_19' title='bbox 1176 223 1279 257; x_wconf 86' lang='grc' dir='ltr'>παθῶν,</span> <span class='ocrx_word' id='word_1_20' title='bbox 1288 225 1339 260; x_wconf 83' lang='grc' dir='ltr'>τῆς</span> <span class='ocrx_word' id='word_1_21' title='bbox 1349 227 1481 262; x_wconf 80' lang='grc' dir='ltr'><strong>πονηρίας</strong></span> <span class='ocrx_word' id='word_1_22' title='bbox 1489 229 1660 264; x_wconf 81' lang='grc' dir='ltr'>πνευμάτων·</span> <span class='ocrx_word' id='word_1_23' title='bbox 1671 231 1746 268; x_wconf 84' lang='grc' dir='ltr'>ἡγὰρ</span> <span class='ocrx_word' id='word_1_24' title='bbox 1754 234 1808 261; x_wconf 82' lang='grc' dir='ltr'><strong>τῶν</strong></span> <span class='ocrx_word' id='word_1_25' title='bbox 1820 236 1900 262; x_wconf 82' lang='grc' dir='ltr'>ἀκου-</span> 
     </span>
    </p>
   </div>
   <div class='ocr_carea' id='block_1_6' title="bbox 272 249 932 290">
    <p class='ocr_par' dir='ltr' id='par_1_6' title="bbox 272 249 932 290">
     <span class='ocr_line' id='line_1_7' title="bbox 272 249 932 290; baseline 0.024 -15"><span class='ocrx_word' id='word_1_26' title='bbox 272 249 432 283; x_wconf 68' lang='lat' dir='ltr'><strong>passionum</strong></span> <span class='ocrx_word' id='word_1_27' title='bbox 447 252 593 282; x_wconf 91' lang='lat' dir='ltr'><strong>tolerantia</strong></span> <span class='ocrx_word' id='word_1_28' title='bbox 609 263 623 282; x_wconf 79' lang='grc' dir='ltr'><strong>ιι</strong></span> <span class='ocrx_word' id='word_1_29' title='bbox 639 258 805 288; x_wconf 87' lang='lat' dir='ltr'><strong>voluntariis</strong></span> <span class='ocrx_word' id='word_1_30' title='bbox 823 262 932 290; x_wconf 82' lang='lat' dir='ltr'><strong>liberat.</strong></span> 
     </span>
    </p>
   </div>
   <div class='ocr_carea' id='block_1_7' title="bbox 308 295 1054 344">
    <p class='ocr_par' dir='ltr' id='par_1_7' title="bbox 308 295 1054 344">
     <span class='ocr_line' id='line_1_8' title="bbox 308 295 1054 344; baseline 0.023 -23"><span class='ocrx_word' id='word_1_31' title='bbox 308 295 391 324; x_wconf 74' lang='lat' dir='ltr'><strong>Vens.</strong></span> <span class='ocrx_word' id='word_1_32' title='bbox 409 297 454 325; x_wconf 71' lang='lat'><strong>25.</strong></span> <span class='ocrx_word' id='word_1_33' title='bbox 470 298 640 328; x_wconf 82' lang='lat' dir='ltr'><strong>Abominatio</strong></span> <span class='ocrx_word' id='word_1_34' title='bbox 653 308 691 330; x_wconf 81' lang='lat' dir='ltr'><strong>est</strong></span> <span class='ocrx_word' id='word_1_35' title='bbox 708 306 779 338; x_wconf 80' lang='lat' dir='ltr'><strong>apud</strong></span> <span class='ocrx_word' id='word_1_36' title='bbox 794 306 936 335; x_wconf 86' lang='lat' dir='ltr'><strong>Dominam</strong></span> <span class='ocrx_word' id='word_1_37' title='bbox 954 310 1054 344; x_wconf 80' lang='lat' dir='ltr'><strong>pondus</strong></span> 
     </span>
    </p>
   </div>
   <div class='ocr_carea' id='block_1_8' title="bbox 270 340 1054 383">
    <p class='ocr_par' dir='ltr' id='par_1_8' title="bbox 270 340 1054 383">
     <span class='ocr_line' id='line_1_9' title="bbox 270 340 1054 383; baseline 0.023 -18"><span class='ocrx_word' id='word_1_38' title='bbox 270 344 294 366; x_wconf 84' lang='lat' dir='ltr'><strong>et</strong></span> <span class='ocrx_word' id='word_1_39' title='bbox 315 340 428 374; x_wconf 75' lang='lat' dir='ltr'><strong>pondus,</strong></span> <span class='ocrx_word' id='word_1_40' title='bbox 446 346 547 371; x_wconf 73' lang='lat' dir='ltr'><strong>statera</strong></span> <span class='ocrx_word' id='word_1_41' title='bbox 562 345 656 374; x_wconf 81' lang='lat' dir='ltr'><strong>dolosa</strong></span> <span class='ocrx_word' id='word_1_42' title='bbox 683 357 735 376; x_wconf 81' lang='lat' dir='ltr'><strong>non</strong></span> <span class='ocrx_word' id='word_1_43' title='bbox 753 355 792 377; x_wconf 75' lang='lat' dir='ltr'><strong>est</strong></span> <span class='ocrx_word' id='word_1_44' title='bbox 813 353 881 380; x_wconf 87' lang='lat' dir='ltr'><strong>bona</strong></span> <span class='ocrx_word' id='word_1_45' title='bbox 896 362 985 381; x_wconf 83' lang='lat' dir='ltr'><strong>coram</strong></span> <span class='ocrx_word' id='word_1_46' title='bbox 1012 365 1054 383; x_wconf 88' lang='lat' dir='ltr'><strong>eo.</strong></span> 
     </span>
    </p>
   </div>
   <div class='ocr_carea' id='block_1_9' title="bbox 270 384 1052 435">
    <p class='ocr_par' dir='ltr' id='par_1_9' title="bbox 270 384 1052 435">
     <span class='ocr_line' id='line_1_10' title="bbox 270 384 1052 435; baseline 0.022 -24"><span class='ocrx_word' id='word_1_47' title='bbox 270 384 386 414; x_wconf 88' lang='lat' dir='ltr'><strong>0dibilis</strong></span> <span class='ocrx_word' id='word_1_48' title='bbox 402 387 458 415; x_wconf 87' lang='lat' dir='ltr'><strong>Deo</strong></span> <span class='ocrx_word' id='word_1_49' title='bbox 472 390 570 418; x_wconf 73' lang='lat' dir='ltr'><strong>anima:</strong></span> <span class='ocrx_word' id='word_1_50' title='bbox 595 392 743 428; x_wconf 86' lang='lat' dir='ltr'><strong>dispositio</strong></span> <span class='ocrx_word' id='word_1_51' title='bbox 761 395 869 426; x_wconf 90' lang='lat' dir='ltr'><strong>diversa</strong></span> <span class='ocrx_word' id='word_1_52' title='bbox 887 399 948 433; x_wconf 82' lang='lat' dir='ltr'><strong>ejus</strong></span> <span class='ocrx_word' id='word_1_53' title='bbox 966 401 1012 435; x_wconf 85' lang='lat' dir='ltr'><strong>qui</strong></span> <span class='ocrx_word' id='word_1_54' title='bbox 1026 401 1052 428; x_wconf 91' lang='lat' dir='ltr'><strong>in</strong></span> 
     </span>
    </p>
   </div>
   <div class='ocr_carea' id='block_1_10' title="bbox 268 432 1054 477">
    <p class='ocr_par' dir='ltr' id='par_1_10' title="bbox 268 432 1054 477">
     <span class='ocr_line' id='line_1_11' title="bbox 268 432 1054 477; baseline 0.024 -21"><span class='ocrx_word' id='word_1_55' title='bbox 268 432 389 466; x_wconf 79' lang='lat' dir='ltr'><strong>appetitu</strong></span> <span class='ocrx_word' id='word_1_56' title='bbox 402 436 613 470; x_wconf 80' lang='lat' dir='ltr'><strong>concupiscibili</strong></span> <span class='ocrx_word' id='word_1_57' title='bbox 627 443 654 466; x_wconf 88' lang='lat' dir='ltr'><strong>et</strong></span> <span class='ocrx_word' id='word_1_58' title='bbox 684 440 711 468; x_wconf 93' lang='lat' dir='ltr'><strong>in</strong></span> <span class='ocrx_word' id='word_1_59' title='bbox 728 443 850 477; x_wconf 87' lang='lat' dir='ltr'><strong>appetitu</strong></span> <span class='ocrx_word' id='word_1_60' title='bbox 869 432 999 473; x_wconf 82' lang='lat' dir='ltr'><strong>irascibili</strong></span> <span class='ocrx_word' id='word_1_61' title='bbox 1018 448 1054 475; x_wconf 88' lang='lat' dir='ltr'><strong>ob</strong></span> 
     </span>
    </p>
   </div>
   <div class='ocr_carea' id='block_1_11' title="bbox 268 480 1052 523">
    <p class='ocr_par' dir='ltr' id='par_1_11' title="bbox 268 480 1052 523">
     <span class='ocr_line' id='line_1_12' title="bbox 268 480 1052 523; baseline 0.023 -20"><span class='ocrx_word' id='word_1_62' title='bbox 268 484 389 506; x_wconf 89' lang='lat' dir='ltr'><strong>amorem</strong></span> <span class='ocrx_word' id='word_1_63' title='bbox 406 480 516 514; x_wconf 88' lang='lat' dir='ltr'><strong>quidem</strong></span> <span class='ocrx_word' id='word_1_64' title='bbox 534 484 639 518; x_wconf 90' lang='lat' dir='ltr'><strong>proprii</strong></span> <span class='ocrx_word' id='word_1_65' title='bbox 650 488 786 521; x_wconf 89' lang='lat' dir='ltr'><strong>corporis,</strong></span> <span class='ocrx_word' id='word_1_66' title='bbox 801 488 924 523; x_wconf 82' lang='lat' dir='ltr'><strong>jucunda</strong></span> <span class='ocrx_word' id='word_1_67' title='bbox 938 492 990 519; x_wconf 88' lang='lat' dir='ltr'><strong>sibi</strong></span> <span class='ocrx_word' id='word_1_68' title='bbox 1006 501 1052 520; x_wconf 85' lang='lat' dir='ltr'><strong>ar-</strong></span> 
     </span>
    </p>
   </div>
   <div class='ocr_carea' id='block_1_12' title="bbox 266 527 1052 568">
    <p class='ocr_par' dir='ltr' id='par_1_12' title="bbox 266 527 1052 568">
     <span class='ocr_line' id='line_1_13' title="bbox 266 527 1052 568; baseline 0.023 -20"><span class='ocrx_word' id='word_1_69' title='bbox 266 527 355 558; x_wconf 77' lang='lat' dir='ltr'><strong>rogat,</strong></span> <span class='ocrx_word' id='word_1_70' title='bbox 375 527 549 560; x_wconf 83' lang='lat' dir='ltr'><strong>tyrannidem</strong></span> <span class='ocrx_word' id='word_1_71' title='bbox 573 535 663 557; x_wconf 78' lang='lat' dir='ltr'><strong>autem</strong></span> <span class='ocrx_word' id='word_1_72' title='bbox 687 532 714 559; x_wconf 91' lang='lat' dir='ltr'><strong>in</strong></span> <span class='ocrx_word' id='word_1_73' title='bbox 742 532 853 566; x_wconf 80' lang='lat' dir='ltr'><strong>fratres,</strong></span> <span class='ocrx_word' id='word_1_74' title='bbox 867 537 981 564; x_wconf 81' lang='lat' dir='ltr'><strong>molesta</strong></span> <span class='ocrx_word' id='word_1_75' title='bbox 998 539 1052 568; x_wconf 87' lang='lat' dir='ltr'><strong>illis</strong></span> 
     </span>
    </p>
   </div>
   <div class='ocr_carea' id='block_1_13' title="bbox 267 569 1052 614">
    <p class='ocr_par' dir='ltr' id='par_1_13' title="bbox 267 569 1052 614">
     <span class='ocr_line' id='line_1_14' title="bbox 267 569 1052 614; baseline 0.023 -20"><span class='ocrx_word' id='word_1_76' title='bbox 267 569 417 597; x_wconf 83' lang='lat' dir='ltr'><strong>meditatur</strong></span> <span class='ocrx_word' id='word_1_77' title='bbox 433 580 439 597; x_wconf 89' lang='lat'>:</span> <span class='ocrx_word' id='word_1_78' title='bbox 455 572 492 598; x_wconf 88' lang='lat' dir='ltr'><strong>ita</strong></span> <span class='ocrx_word' id='word_1_79' title='bbox 507 573 579 601; x_wconf 88' lang='lat' dir='ltr'><strong>enim</strong></span> <span class='ocrx_word' id='word_1_80' title='bbox 597 577 668 603; x_wconf 90' lang='lat' dir='ltr'><strong>male</strong></span> <span class='ocrx_word' id='word_1_81' title='bbox 685 579 821 611; x_wconf 81' lang='lat' dir='ltr'><strong>ponderat</strong></span> <span class='ocrx_word' id='word_1_82' title='bbox 840 589 900 614; x_wconf 71' lang='lat' dir='ltr'><strong>quae</strong></span> <span class='ocrx_word' id='word_1_83' title='bbox 924 591 972 610; x_wconf 88' lang='lat' dir='ltr'><strong>stta</strong></span> <span class='ocrx_word' id='word_1_84' title='bbox 987 590 1052 612; x_wconf 89' lang='lat' dir='ltr'><strong>sunt</strong></span> 
     </span>
    </p>
   </div>
   <div class='ocr_carea' id='block_1_14' title="bbox 265 617 1050 665">
    <p class='ocr_par' dir='ltr' id='par_1_14' title="bbox 265 617 1050 665">
     <span class='ocr_line' id='line_1_15' title="bbox 265 617 1050 665; baseline 0.022 -25"><span class='ocrx_word' id='word_1_85' title='bbox 265 617 293 640; x_wconf 86' lang='lat' dir='ltr'><strong>et</strong></span> <span class='ocrx_word' id='word_1_86' title='bbox 310 622 371 649; x_wconf 67' lang='lat' dir='ltr'><strong>qure</strong></span> <span class='ocrx_word' id='word_1_87' title='bbox 385 620 450 644; x_wconf 86' lang='lat' dir='ltr'><strong>sunt</strong></span> <span class='ocrx_word' id='word_1_88' title='bbox 464 619 591 653; x_wconf 75' lang='lat' dir='ltr'><strong>proximi.</strong></span> <span class='ocrx_word' id='word_1_89' title='bbox 602 621 719 651; x_wconf 87' lang='lat' dir='ltr'><strong>0dibilis</strong></span> <span class='ocrx_word' id='word_1_90' title='bbox 733 625 836 659; x_wconf 80' lang='lat' dir='ltr'><strong>pariter</strong></span> <span class='ocrx_word' id='word_1_91' title='bbox 852 629 984 663; x_wconf 82' lang='lat' dir='ltr'><strong>cogitatio</strong></span> <span class='ocrx_word' id='word_1_92' title='bbox 1001 639 1050 665; x_wconf 87' lang='lat' dir='ltr'><strong>ap-</strong></span> 
     </span>
    </p>
   </div>
   <div class='ocr_carea' id='block_1_15' title="bbox 266 659 1049 704">
    <p class='ocr_par' dir='ltr' id='par_1_15' title="bbox 266 659 1049 704">
     <span class='ocr_line' id='line_1_16' title="bbox 266 659 1049 704; baseline 0.023 -21"><span class='ocrx_word' id='word_1_93' title='bbox 266 659 381 692; x_wconf 89' lang='lat' dir='ltr'><strong>petitum</strong></span> <span class='ocrx_word' id='word_1_94' title='bbox 409 663 655 698; x_wconf 87' lang='lat' dir='ltr'><strong>concupiscibiletu</strong></span> <span class='ocrx_word' id='word_1_95' title='bbox 671 671 699 694; x_wconf 88' lang='lat' dir='ltr'><strong>et</strong></span> <span class='ocrx_word' id='word_1_96' title='bbox 716 669 865 704; x_wconf 86' lang='lat' dir='ltr'><strong>appetitum</strong></span> <span class='ocrx_word' id='word_1_97' title='bbox 882 659 1049 701; x_wconf 64' lang='lat' dir='ltr'><strong>ii-ascibiletn</strong></span> 
     </span>
    </p>
   </div>
   <div class='ocr_carea' id='block_1_16' title="bbox 265 705 1049 751">
    <p class='ocr_par' dir='ltr' id='par_1_16' title="bbox 265 705 1049 751">
     <span class='ocr_line' id='line_1_17' title="bbox 265 705 1049 751; baseline 0.022 -21"><span class='ocrx_word' id='word_1_98' title='bbox 265 705 423 738; x_wconf 85' lang='lat' dir='ltr'><strong>ponderans</strong></span> <span class='ocrx_word' id='word_1_99' title='bbox 443 707 503 743; x_wconf 82' lang='lat' dir='ltr'><strong>ejus</strong></span> <span class='ocrx_word' id='word_1_100' title='bbox 519 711 565 744; x_wconf 86' lang='lat' dir='ltr'><strong>qui</strong></span> <span class='ocrx_word' id='word_1_101' title='bbox 581 718 612 738; x_wconf 84' lang='lat' dir='ltr'><strong>se</strong></span> <span class='ocrx_word' id='word_1_102' title='bbox 628 713 738 747; x_wconf 82' lang='lat' dir='ltr'><strong>quidem</strong></span> <span class='ocrx_word' id='word_1_103' title='bbox 749 723 762 741; x_wconf 90' lang='lat' dir='ltr'><strong>a</strong></span> <span class='ocrx_word' id='word_1_104' title='bbox 781 716 966 751; x_wconf 74' lang='lat' dir='ltr'><strong>voluptatibus</strong></span> <span class='ocrx_word' id='word_1_105' title='bbox 982 727 1049 747; x_wconf 88' lang='lat' dir='ltr'><strong>cou-</strong></span> 
     </span>
    </p>
   </div>
   <div class='ocr_carea' id='block_1_17' title="bbox 263 750 1049 792">
    <p class='ocr_par' dir='ltr' id='par_1_17' title="bbox 263 750 1049 792">
     <span class='ocr_line' id='line_1_18' title="bbox 263 750 1049 792; baseline 0.019 -15"><span class='ocrx_word' id='word_1_106' title='bbox 263 750 331 778; x_wconf 84' lang='lat' dir='ltr'><strong>tinet</strong></span> <span class='ocrx_word' id='word_1_107' title='bbox 341 755 368 778; x_wconf 88' lang='lat' dir='ltr'><strong>et</strong></span> <span class='ocrx_word' id='word_1_108' title='bbox 378 753 494 782; x_wconf 70' lang='lat' dir='ltr'><strong>molesta</strong></span> <span class='ocrx_word' id='word_1_109' title='bbox 506 756 636 790; x_wconf 79' lang='lat' dir='ltr'><strong>sustinet,</strong></span> <span class='ocrx_word' id='word_1_110' title='bbox 648 765 702 785; x_wconf 90' lang='lat' dir='ltr'><strong>non</strong></span> <span class='ocrx_word' id='word_1_111' title='bbox 717 764 745 786; x_wconf 90' lang='lat' dir='ltr'><strong>ut</strong></span> <span class='ocrx_word' id='word_1_112' title='bbox 758 759 814 787; x_wconf 91' lang='lat' dir='ltr'><strong>Deo</strong></span> <span class='ocrx_word' id='word_1_113' title='bbox 827 750 874 789; x_wconf 82' lang='lat' dir='ltr'><strong>sed</strong></span> <span class='ocrx_word' id='word_1_114' title='bbox 889 763 1049 792; x_wconf 85' lang='lat' dir='ltr'><strong>hominibus</strong></span> 
     </span>
    </p>
   </div>
   <div class='ocr_carea' id='block_1_18' title="bbox 263 795 1049 846">
    <p class='ocr_par' dir='ltr' id='par_1_18' title="bbox 263 795 1049 846">
     <span class='ocr_line' id='line_1_19' title="bbox 263 795 1049 846; baseline 0.02 -24"><span class='ocrx_word' id='word_1_115' title='bbox 263 795 379 830; x_wconf 81' lang='lat' dir='ltr'><strong>placeat,</strong></span> <span class='ocrx_word' id='word_1_116' title='bbox 397 801 424 825; x_wconf 81' lang='lat' dir='ltr'><strong>et</strong></span> <span class='ocrx_word' id='word_1_117' title='bbox 440 799 476 826; x_wconf 93' lang='lat' dir='ltr'><strong>ob</strong></span> <span class='ocrx_word' id='word_1_118' title='bbox 498 807 596 828; x_wconf 86' lang='lat' dir='ltr'><strong>vanam</strong></span> <span class='ocrx_word' id='word_1_119' title='bbox 616 803 743 838; x_wconf 86' lang='lat' dir='ltr'><strong>gloriam.</strong></span> <span class='ocrx_word' id='word_1_120' title='bbox 763 805 826 834; x_wconf 90' lang='lat' dir='ltr'><strong>Inde</strong></span> <span class='ocrx_word' id='word_1_121' title='bbox 849 808 980 837; x_wconf 87' lang='lat' dir='ltr'><strong>virtutum</strong></span> <span class='ocrx_word' id='word_1_122' title='bbox 998 818 1049 846; x_wconf 91' lang='lat' dir='ltr'><strong>pu-</strong></span> 
     </span>
    </p>
   </div>
   <div class='ocr_carea' id='block_1_19' title="bbox 262 842 1047 884">
    <p class='ocr_par' dir='ltr' id='par_1_19' title="bbox 262 842 1047 884">
     <span class='ocr_line' id='line_1_20' title="bbox 262 842 1047 884; baseline 0.02 -16"><span class='ocrx_word' id='word_1_123' title='bbox 262 842 370 870; x_wconf 91' lang='lat' dir='ltr'><strong>ritatem</strong></span> <span class='ocrx_word' id='word_1_124' title='bbox 388 847 543 881; x_wconf 83' lang='lat' dir='ltr'><strong>corrumpit</strong></span> <span class='ocrx_word' id='word_1_125' title='bbox 557 851 584 875; x_wconf 94' lang='lat' dir='ltr'><strong>et</strong></span> <span class='ocrx_word' id='word_1_126' title='bbox 597 850 722 883; x_wconf 87' lang='lat' dir='ltr'><strong>quamvis</strong></span> <span class='ocrx_word' id='word_1_127' title='bbox 737 851 828 880; x_wconf 87' lang='lat' dir='ltr'><strong>bonus</strong></span> <span class='ocrx_word' id='word_1_128' title='bbox 838 853 997 883; x_wconf 87' lang='lat' dir='ltr'><strong>hominibus</strong></span> <span class='ocrx_word' id='word_1_129' title='bbox 1007 857 1047 884; x_wconf 93' lang='lat' dir='ltr'><strong>vi-</strong></span> 
     </span>
    </p>
   </div>
   <div class='ocr_carea' id='block_1_20' title="bbox 261 888 1087 934">
    <p class='ocr_par' dir='ltr' id='par_1_20' title="bbox 261 888 1087 934">
     <span class='ocr_line' id='line_1_21' title="bbox 261 888 1087 934; baseline 0.022 -20"><span class='ocrx_word' id='word_1_130' title='bbox 261 888 360 916; x_wconf 87' lang='lat' dir='ltr'><strong>deatur</strong></span> <span class='ocrx_word' id='word_1_131' title='bbox 373 898 425 918; x_wconf 90' lang='lat' dir='ltr'><strong>non</strong></span> <span class='ocrx_word' id='word_1_132' title='bbox 444 892 507 921; x_wconf 88' lang='lat' dir='ltr'><strong>talis</strong></span> <span class='ocrx_word' id='word_1_133' title='bbox 522 898 566 922; x_wconf 86' lang='lat' dir='ltr'><strong>est</strong></span> <span class='ocrx_word' id='word_1_134' title='bbox 580 903 673 924; x_wconf 85' lang='lat' dir='ltr'><strong>coram</strong></span> <span class='ocrx_word' id='word_1_135' title='bbox 689 896 744 925; x_wconf 76' lang='grc' dir='ltr'><strong>Ι)ρο</strong></span> <span class='ocrx_word' id='word_1_136' title='bbox 758 899 803 934; x_wconf 91' lang='lat' dir='ltr'><strong>qui</strong></span> <span class='ocrx_word' id='word_1_137' title='bbox 822 901 915 928; x_wconf 84' lang='lat' dir='ltr'><strong>omnia</strong></span> <span class='ocrx_word' id='word_1_138' title='bbox 932 908 962 929; x_wconf 90' lang='lat' dir='ltr'><strong>ut</strong></span> <span class='ocrx_word' id='word_1_139' title='bbox 981 908 1046 931; x_wconf 86' lang='lat' dir='ltr'><strong>sunt</strong></span> <span class='ocrx_word' id='word_1_140' title='bbox 1061 889 1087 919; x_wconf 81' lang='grc' dir='ltr'><strong>Β</strong></span> 
     </span>
    </p>
   </div>
   <div class='ocr_carea' id='block_1_21' title="bbox 260 935 414 968">
    <p class='ocr_par' dir='ltr' id='par_1_21' title="bbox 260 935 414 968">
     <span class='ocr_line' id='line_1_22' title="bbox 260 935 414 968; baseline 0.019 -8"><span class='ocrx_word' id='word_1_141' title='bbox 260 935 414 968; x_wconf 71' lang='lat' dir='ltr'><strong>cognosrit.</strong></span> 
     </span>
    </p>
   </div>
   <div class='ocr_carea' id='block_1_22' title="bbox 297 980 1045 1027">
    <p class='ocr_par' dir='ltr' id='par_1_22' title="bbox 297 980 1045 1027">
     <span class='ocr_line' id='line_1_23' title="bbox 297 980 1045 1027; baseline 0.02 -20"><span class='ocrx_word' id='word_1_142' title='bbox 297 980 378 1009; x_wconf 70' lang='lat' dir='ltr'><strong>Vens.</strong></span> <span class='ocrx_word' id='word_1_143' title='bbox 408 982 453 1010; x_wconf 76' lang='grc'><strong>24.</strong></span> <span class='ocrx_word' id='word_1_144' title='bbox 482 986 504 1012; x_wconf 81' lang='grc' dir='ltr'><em>Α</em></span> <span class='ocrx_word' id='word_1_145' title='bbox 532 985 647 1014; x_wconf 87' lang='lat' dir='ltr'><strong>Domino</strong></span> <span class='ocrx_word' id='word_1_146' title='bbox 674 989 827 1025; x_wconf 83' lang='lat' dir='ltr'><strong>diriguntur</strong></span> <span class='ocrx_word' id='word_1_147' title='bbox 851 1001 954 1027; x_wconf 72' lang='lat' dir='ltr'><strong>gressus</strong></span> <span class='ocrx_word' id='word_1_148' title='bbox 985 995 1045 1022; x_wconf 84' lang='lat' dir='ltr'><strong>viri.</strong></span> 
     </span>
    </p>
   </div>
   <div class='ocr_carea' id='block_1_23' title="bbox 260 1026 1047 1072">
    <p class='ocr_par' dir='ltr' id='par_1_23' title="bbox 260 1026 1047 1072">
     <span class='ocr_line' id='line_1_24' title="bbox 260 1026 1047 1072; baseline 0.022 -20"><span class='ocrx_word' id='word_1_149' title='bbox 260 1026 384 1055; x_wconf 73' lang='lat' dir='ltr'><strong>Mortalis</strong></span> <span class='ocrx_word' id='word_1_150' title='bbox 412 1036 499 1058; x_wconf 82' lang='lat' dir='ltr'><strong>autem</strong></span> <span class='ocrx_word' id='word_1_151' title='bbox 529 1035 658 1067; x_wconf 82' lang='lat' dir='ltr'><strong>quomoda</strong></span> <span class='ocrx_word' id='word_1_152' title='bbox 692 1026 857 1072; x_wconf 66' lang='lat' dir='ltr'><strong>cogitaverit</strong></span> <span class='ocrx_word' id='word_1_153' title='bbox 875 1040 931 1067; x_wconf 80' lang='lat' dir='ltr'><strong>uias</strong></span> <span class='ocrx_word' id='word_1_154' title='bbox 961 1041 1047 1068; x_wconf 72' lang='lat' dir='ltr'><strong>suos?</strong></span> 
     </span>
    </p>
   </div>
   <div class='ocr_carea' id='block_1_24' title="bbox 259 1073 1045 1118">
    <p class='ocr_par' dir='ltr' id='par_1_24' title="bbox 259 1073 1045 1118">
     <span class='ocr_line' id='line_1_25' title="bbox 259 1073 1045 1118; baseline 0.022 -19"><span class='ocrx_word' id='word_1_155' title='bbox 259 1074 279 1099; x_wconf 84' lang='grc' dir='ltr'><strong>Λ</strong></span> <span class='ocrx_word' id='word_1_156' title='bbox 306 1073 360 1101; x_wconf 86' lang='lat' dir='ltr'><strong>Deo</strong></span> <span class='ocrx_word' id='word_1_157' title='bbox 384 1076 576 1106; x_wconf 88' lang='lat' dir='ltr'><strong>universorutn</strong></span> <span class='ocrx_word' id='word_1_158' title='bbox 603 1079 720 1109; x_wconf 86' lang='lat' dir='ltr'><strong>Domino</strong></span> <span class='ocrx_word' id='word_1_159' title='bbox 744 1084 902 1118; x_wconf 77' lang='lat' dir='ltr'><strong>diriguntur</strong></span> <span class='ocrx_word' id='word_1_160' title='bbox 928 1087 1045 1116; x_wconf 88' lang='lat' dir='ltr'><strong>hominis</strong></span> 
     </span>
    </p>
   </div>
   <div class='ocr_carea' id='block_1_25' title="bbox 258 1119 1045 1169">
    <p class='ocr_par' dir='ltr' id='par_1_25' title="bbox 258 1119 1045 1169">
     <span class='ocr_line' id='line_1_26' title="bbox 258 1119 1045 1169; baseline 0.02 -24"><span class='ocrx_word' id='word_1_161' title='bbox 258 1119 309 1147; x_wconf 70' lang='lat' dir='ltr'><strong>vite</strong></span> <span class='ocrx_word' id='word_1_162' title='bbox 334 1120 362 1148; x_wconf 87' lang='lat' dir='ltr'><strong>itt</strong></span> <span class='ocrx_word' id='word_1_163' title='bbox 386 1121 526 1156; x_wconf 86' lang='lat' dir='ltr'><strong>virtutem,</strong></span> <span class='ocrx_word' id='word_1_164' title='bbox 543 1125 580 1152; x_wconf 91' lang='lat' dir='ltr'><strong>ita</strong></span> <span class='ocrx_word' id='word_1_165' title='bbox 604 1132 634 1153; x_wconf 87' lang='grc' dir='ltr'><strong>ιιι</strong></span> <span class='ocrx_word' id='word_1_166' title='bbox 657 1136 745 1164; x_wconf 87' lang='lat' dir='ltr'><strong>neque</strong></span> <span class='ocrx_word' id='word_1_167' title='bbox 772 1131 799 1157; x_wconf 90' lang='lat' dir='ltr'><strong>in</strong></span> <span class='ocrx_word' id='word_1_168' title='bbox 829 1133 973 1167; x_wconf 86' lang='lat' dir='ltr'><strong>passiones</strong></span> <span class='ocrx_word' id='word_1_169' title='bbox 997 1142 1045 1169; x_wconf 89' lang='lat' dir='ltr'><strong>per</strong></span> 
     </span>
    </p>
   </div>
   <div class='ocr_carea' id='block_1_26' title="bbox 212 1165 1044 1215">
    <p class='ocr_par' dir='ltr' id='par_1_26' title="bbox 212 1165 1044 1215">
     <span class='ocr_line' id='line_1_27' title="bbox 212 1165 1044 1215; baseline 0.022 -25"><span class='ocrx_word' id='word_1_170' title='bbox 212 1180 214 1182; x_wconf 62' lang='grc' dir='ltr'><strong>τ</strong></span> <span class='ocrx_word' id='word_1_171' title='bbox 257 1165 394 1194; x_wconf 79' lang='lat' dir='ltr'><strong>defectum</strong></span> <span class='ocrx_word' id='word_1_172' title='bbox 412 1167 525 1197; x_wconf 84' lang='lat' dir='ltr'><strong>virtutis</strong></span> <span class='ocrx_word' id='word_1_173' title='bbox 542 1170 671 1206; x_wconf 85' lang='lat' dir='ltr'><strong>declinet,</strong></span> <span class='ocrx_word' id='word_1_174' title='bbox 688 1183 776 1210; x_wconf 86' lang='lat' dir='ltr'><strong>neque</strong></span> <span class='ocrx_word' id='word_1_175' title='bbox 792 1177 819 1204; x_wconf 94' lang='lat' dir='ltr'><strong>in</strong></span> <span class='ocrx_word' id='word_1_176' title='bbox 829 1165 980 1212; x_wconf 76' lang='lat' dir='ltr'><strong>passiones</strong></span> <span class='ocrx_word' id='word_1_177' title='bbox 996 1187 1044 1215; x_wconf 89' lang='lat' dir='ltr'><strong>per</strong></span> 
     </span>
    </p>
   </div>
   <div class='ocr_carea' id='block_1_27' title="bbox 256 1213 1044 1260">
    <p class='ocr_par' dir='ltr' id='par_1_27' title="bbox 256 1213 1044 1260">
     <span class='ocr_line' id='line_1_28' title="bbox 256 1213 1044 1260; baseline 0.02 -24"><span class='ocrx_word' id='word_1_178' title='bbox 256 1217 412 1240; x_wconf 85' lang='lat' dir='ltr'><strong>excessum.</strong></span> <span class='ocrx_word' id='word_1_179' title='bbox 437 1213 516 1242; x_wconf 88' lang='lat' dir='ltr'><strong>Enim</strong></span> <span class='ocrx_word' id='word_1_180' title='bbox 543 1224 608 1243; x_wconf 83' lang='lat' dir='ltr'><strong>vero</strong></span> <span class='ocrx_word' id='word_1_181' title='bbox 630 1219 728 1247; x_wconf 84' lang='lat' dir='ltr'><strong>timore</strong></span> <span class='ocrx_word' id='word_1_182' title='bbox 751 1221 796 1248; x_wconf 76' lang='lat' dir='ltr'><strong>Dei</strong></span> <span class='ocrx_word' id='word_1_183' title='bbox 827 1224 970 1257; x_wconf 86' lang='lat' dir='ltr'><strong>passiones</strong></span> <span class='ocrx_word' id='word_1_184' title='bbox 996 1233 1044 1260; x_wconf 88' lang='lat' dir='ltr'><strong>per</strong></span> 
     </span>
    </p>
   </div>
   <div class='ocr_carea' id='block_1_28' title="bbox 256 1255 1041 1306">
    <p class='ocr_par' dir='ltr' id='par_1_28' title="bbox 256 1255 1041 1306">
     <span class='ocr_line' id='line_1_29' title="bbox 256 1255 1041 1306; baseline 0.023 -24"><span class='ocrx_word' id='word_1_185' title='bbox 256 1255 393 1285; x_wconf 79' lang='lat' dir='ltr'><strong>defectum</strong></span> <span class='ocrx_word' id='word_1_186' title='bbox 421 1260 531 1288; x_wconf 86' lang='lat' dir='ltr'><strong>virtutis</strong></span> <span class='ocrx_word' id='word_1_187' title='bbox 561 1262 676 1298; x_wconf 68' lang='lat' dir='ltr'><strong>eﬂugit;</strong></span> <span class='ocrx_word' id='word_1_188' title='bbox 702 1255 839 1295; x_wconf 76' lang='lat' dir='ltr'><strong>desiderio</strong></span> <span class='ocrx_word' id='word_1_189' title='bbox 861 1274 952 1298; x_wconf 82' lang='lat' dir='ltr'><strong>autem</strong></span> <span class='ocrx_word' id='word_1_190' title='bbox 977 1255 1041 1306; x_wconf 67' lang='lat' dir='ltr'><strong>pas—</strong></span> 
     </span>
    </p>
   </div>
   <div class='ocr_carea' id='block_1_29' title="bbox 255 1300 1040 1345">
    <p class='ocr_par' dir='ltr' id='par_1_29' title="bbox 255 1300 1040 1345">
     <span class='ocr_line' id='line_1_30' title="bbox 255 1300 1040 1345; baseline 0.023 -18"><span class='ocrx_word' id='word_1_191' title='bbox 255 1300 349 1329; x_wconf 86' lang='lat' dir='ltr'><strong>siones</strong></span> <span class='ocrx_word' id='word_1_192' title='bbox 366 1310 414 1337; x_wconf 88' lang='lat' dir='ltr'><strong>per</strong></span> <span class='ocrx_word' id='word_1_193' title='bbox 432 1312 586 1335; x_wconf 87' lang='lat' dir='ltr'><strong>excessum.</strong></span> <span class='ocrx_word' id='word_1_194' title='bbox 611 1308 662 1336; x_wconf 85' lang='lat' dir='ltr'><strong>Per</strong></span> <span class='ocrx_word' id='word_1_195' title='bbox 683 1310 735 1339; x_wconf 94' lang='lat' dir='ltr'><strong>hoc</strong></span> <span class='ocrx_word' id='word_1_196' title='bbox 752 1313 919 1343; x_wconf 84' lang='lat' dir='ltr'><strong>desiderium</strong></span> <span class='ocrx_word' id='word_1_197' title='bbox 939 1317 1040 1345; x_wconf 88' lang='lat' dir='ltr'><strong>bonum</strong></span> 
     </span>
    </p>
   </div>
   <div class='ocr_carea' id='block_1_30' title="bbox 254 1349 1041 1391">
    <p class='ocr_par' dir='ltr' id='par_1_30' title="bbox 254 1349 1041 1391">
     <span class='ocr_line' id='line_1_31' title="bbox 254 1349 1041 1391; baseline 0.025 -20"><span class='ocrx_word' id='word_1_198' title='bbox 254 1351 396 1380; x_wconf 84' lang='lat' dir='ltr'><strong>operatur.</strong></span> <span class='ocrx_word' id='word_1_199' title='bbox 425 1349 652 1386; x_wconf 85' lang='lat' dir='ltr'><strong>Quandoquidem</strong></span> <span class='ocrx_word' id='word_1_200' title='bbox 685 1357 738 1384; x_wconf 90' lang='lat' dir='ltr'><strong>nisi</strong></span> <span class='ocrx_word' id='word_1_201' title='bbox 771 1359 873 1388; x_wconf 85' lang='lat' dir='ltr'><strong>divinis</strong></span> <span class='ocrx_word' id='word_1_202' title='bbox 904 1363 1041 1391; x_wconf 81' lang='lat' dir='ltr'><strong>mandatis</strong></span> 
     </span>
    </p>
   </div>
   <div class='ocr_carea' id='block_1_31' title="bbox 255 1393 1042 1444">
    <p class='ocr_par' dir='ltr' id='par_1_31' title="bbox 255 1393 1042 1444">
     <span class='ocr_line' id='line_1_32' title="bbox 255 1393 1042 1444; baseline 0.025 -27"><span class='ocrx_word' id='word_1_203' title='bbox 255 1393 326 1419; x_wconf 87' lang='lat' dir='ltr'><strong>bona</strong></span> <span class='ocrx_word' id='word_1_204' title='bbox 342 1397 369 1420; x_wconf 91' lang='lat' dir='ltr'><strong>et</strong></span> <span class='ocrx_word' id='word_1_205' title='bbox 388 1395 460 1422; x_wconf 84' lang='lat' dir='ltr'><strong>mala</strong></span> <span class='ocrx_word' id='word_1_206' title='bbox 478 1400 648 1433; x_wconf 73' lang='lat' dir='ltr'><strong>cognoverit,</strong></span> <span class='ocrx_word' id='word_1_207' title='bbox 666 1403 719 1429; x_wconf 91' lang='lat' dir='ltr'><strong>nisi</strong></span> <span class='ocrx_word' id='word_1_208' title='bbox 736 1411 750 1430; x_wconf 85' lang='lat' dir='ltr'><strong>a</strong></span> <span class='ocrx_word' id='word_1_209' title='bbox 774 1405 844 1432; x_wconf 89' lang='lat' dir='ltr'><strong>malo</strong></span> <span class='ocrx_word' id='word_1_210' title='bbox 861 1407 972 1441; x_wconf 88' lang='lat' dir='ltr'><strong>quidem</strong></span> <span class='ocrx_word' id='word_1_211' title='bbox 994 1417 1042 1444; x_wconf 83' lang='lat' dir='ltr'><strong>per</strong></span> 
     </span>
    </p>
   </div>
   <div class='ocr_carea' id='block_1_32' title="bbox 254 1439 1040 1483">
    <p class='ocr_par' dir='ltr' id='par_1_32' title="bbox 254 1439 1040 1483">
     <span class='ocr_line' id='line_1_33' title="bbox 254 1439 1040 1483; baseline 0.023 -19"><span class='ocrx_word' id='word_1_212' title='bbox 254 1439 382 1467; x_wconf 87' lang='lat' dir='ltr'><strong>timorem</strong></span> <span class='ocrx_word' id='word_1_213' title='bbox 410 1443 656 1473; x_wconf 85' lang='lat' dir='ltr'><strong>comminationum</strong></span> <span class='ocrx_word' id='word_1_214' title='bbox 685 1453 835 1483; x_wconf 71' lang='lat' dir='ltr'><strong>avertatur,</strong></span> <span class='ocrx_word' id='word_1_215' title='bbox 864 1456 892 1479; x_wconf 88' lang='lat' dir='ltr'><strong>et</strong></span> <span class='ocrx_word' id='word_1_216' title='bbox 918 1454 951 1480; x_wconf 90' lang='lat' dir='ltr'><strong>ad</strong></span> <span class='ocrx_word' id='word_1_217' title='bbox 976 1454 1040 1482; x_wconf 87' lang='lat' dir='ltr'><strong>boni</strong></span> 
     </span>
    </p>
   </div>
   <div class='ocr_carea' id='block_1_33' title="bbox 252 1487 1039 1533">
    <p class='ocr_par' dir='ltr' id='par_1_33' title="bbox 252 1487 1039 1533">
     <span class='ocr_line' id='line_1_34' title="bbox 252 1487 1039 1533; baseline 0.022 -22"><span class='ocrx_word' id='word_1_218' title='bbox 252 1487 441 1519; x_wconf 75' lang='lat' dir='ltr'><strong>operationem</strong></span> <span class='ocrx_word' id='word_1_219' title='bbox 467 1490 591 1525; x_wconf 76' lang='lat' dir='ltr'><strong>erigatur</strong></span> <span class='ocrx_word' id='word_1_220' title='bbox 615 1501 662 1527; x_wconf 89' lang='lat' dir='ltr'><strong>per</strong></span> <span class='ocrx_word' id='word_1_221' title='bbox 687 1494 854 1524; x_wconf 83' lang='lat' dir='ltr'><strong>desideriqu</strong></span> <span class='ocrx_word' id='word_1_222' title='bbox 875 1500 1039 1533; x_wconf 89' lang='lat' dir='ltr'><strong>promissio-</strong></span> 
     </span>
    </p>
   </div>
   <div class='ocr_carea' id='block_1_34' title="bbox 1107 267 1897 315">
    <p class='ocr_par' dir='ltr' id='par_1_34' title="bbox 1107 267 1897 315">
     <span class='ocr_line' id='line_1_35' title="bbox 1107 267 1897 315; baseline 0.019 -22"><span class='ocrx_word' id='word_1_223' title='bbox 1107 267 1172 294; x_wconf 81' lang='grc' dir='ltr'>σίων</span> <span class='ocrx_word' id='word_1_224' title='bbox 1181 269 1275 296; x_wconf 87' lang='grc' dir='ltr'>παθῶν</span> <span class='ocrx_word' id='word_1_225' title='bbox 1286 271 1418 308; x_wconf 79' lang='grc' dir='ltr'>ὑπομονὴ.</span> <span class='ocrx_word' id='word_1_226' title='bbox 1429 274 1483 300; x_wconf 85' lang='grc' dir='ltr'><strong>τῶν</strong></span> <span class='ocrx_word' id='word_1_227' title='bbox 1491 275 1622 302; x_wconf 81' lang='grc' dir='ltr'><strong>ἑκουσίων</strong></span> <span class='ocrx_word' id='word_1_228' title='bbox 1630 267 1772 315; x_wconf 79' lang='grc' dir='ltr'>ἀπαλλαγὴ</span> <span class='ocrx_word' id='word_1_229' title='bbox 1780 281 1897 314; x_wconf 84' lang='grc' dir='ltr'>γίνεται.</span> 
     </span>
    </p>
   </div>
   <div class='ocr_carea' id='block_1_35' title="bbox 1142 313 1898 359">
    <p class='ocr_par' dir='ltr' id='par_1_35' title="bbox 1142 313 1898 359">
     <span class='ocr_line' id='line_1_36' title="bbox 1142 313 1898 359; baseline 0.019 -19"><span class='ocrx_word' id='word_1_230' title='bbox 1142 313 1195 348; x_wconf 89' lang='grc' dir='ltr'>κγ’.</span> <span class='ocrx_word' id='word_1_231' title='bbox 1210 315 1368 351; x_wconf 59' lang='grc' dir='ltr'>Βδέλυγμα</span> <span class='ocrx_word' id='word_1_232' title='bbox 1397 320 1506 353; x_wconf 76' lang='grc' dir='ltr'>Κυρίῳ,</span> <span class='ocrx_word' id='word_1_233' title='bbox 1526 320 1638 348; x_wconf 83' lang='grc' dir='ltr'>δισσὸν</span> <span class='ocrx_word' id='word_1_234' title='bbox 1662 313 1825 359; x_wconf 66' lang='grc' dir='ltr'>στάθμιον’</span> <span class='ocrx_word' id='word_1_235' title='bbox 1846 328 1898 354; x_wconf 81' lang='grc' dir='ltr'>καὶ</span> 
     </span>
    </p>
   </div>
   <div class='ocr_carea' id='block_1_36' title="bbox 1108 359 1897 409">
    <p class='ocr_par' dir='ltr' id='par_1_36' title="bbox 1108 359 1897 409">
     <span class='ocr_line' id='line_1_37' title="bbox 1108 359 1897 409; baseline 0.019 -23"><span class='ocrx_word' id='word_1_236' title='bbox 1108 359 1197 396; x_wconf 75' lang='grc' dir='ltr'><strong>ζυγὸς</strong></span> <span class='ocrx_word' id='word_1_237' title='bbox 1213 361 1315 396; x_wconf 79' lang='grc' dir='ltr'><strong>δόλιος</strong></span> <span class='ocrx_word' id='word_1_238' title='bbox 1340 365 1376 391; x_wconf 86' lang='grc' dir='ltr'>οὐ</span> <span class='ocrx_word' id='word_1_239' title='bbox 1402 366 1498 392; x_wconf 75' lang='grc' dir='ltr'>καλὸν</span> <span class='ocrx_word' id='word_1_240' title='bbox 1517 367 1647 396; x_wconf 76' lang='grc' dir='ltr'>ἐνώπιον</span> <span class='ocrx_word' id='word_1_241' title='bbox 1660 371 1765 398; x_wconf 80' lang='grc' dir='ltr'>αὐτοῦ.</span> <span class='ocrx_word' id='word_1_242' title='bbox 1783 373 1897 409; x_wconf 82' lang='grc' dir='ltr'>Μισητὴ</span> 
     </span>
    </p>
   </div>
   <div class='ocr_carea' id='block_1_37' title="bbox 1105 405 1898 454">
    <p class='ocr_par' dir='ltr' id='par_1_37' title="bbox 1105 405 1898 454">
     <span class='ocr_line' id='line_1_38' title="bbox 1105 405 1898 454; baseline 0.016 -22"><span class='ocrx_word' id='word_1_243' title='bbox 1105 405 1143 440; x_wconf 89' lang='grc' dir='ltr'>τῷ</span> <span class='ocrx_word' id='word_1_244' title='bbox 1160 406 1228 442; x_wconf 85' lang='grc' dir='ltr'><strong>Θεῷ,</strong></span> <span class='ocrx_word' id='word_1_245' title='bbox 1243 408 1259 442; x_wconf 90' lang='grc' dir='ltr'><strong>ἡ</strong></span> <span class='ocrx_word' id='word_1_246' title='bbox 1273 410 1333 435; x_wconf 84' lang='grc' dir='ltr'>κατ’</span> <span class='ocrx_word' id='word_1_247' title='bbox 1351 410 1500 446; x_wconf 71' lang='grc' dir='ltr'>ἐπιθυμίαν</span> <span class='ocrx_word' id='word_1_248' title='bbox 1522 413 1570 439; x_wconf 79' lang='grc' dir='ltr'>καὶ</span> <span class='ocrx_word' id='word_1_249' title='bbox 1590 413 1676 448; x_wconf 80' lang='grc' dir='ltr'>θυμὸν</span> <span class='ocrx_word' id='word_1_250' title='bbox 1700 416 1827 452; x_wconf 80' lang='grc' dir='ltr'>διάφορος</span> 
     </span>
    </p>
   </div>
   <div class='ocr_carea' id='block_1_38' title="bbox 1104 451 1896 500">
    <p class='ocr_par' dir='ltr' id='par_1_38' title="bbox 1104 451 1896 500">
     <span class='ocr_line' id='line_1_39' title="bbox 1104 451 1896 500; baseline 0.019 -23"><span class='ocrx_word' id='word_1_251' title='bbox 1104 451 1193 487; x_wconf 71' lang='grc' dir='ltr'>ψυχῆς</span> <span class='ocrx_word' id='word_1_252' title='bbox 1206 453 1325 486; x_wconf 79' lang='grc' dir='ltr'>διάθεσις</span> <span class='ocrx_word' id='word_1_253' title='bbox 1341 455 1388 482; x_wconf 88' lang='grc' dir='ltr'><strong>τοῦ</strong></span> <span class='ocrx_word' id='word_1_254' title='bbox 1407 456 1451 484; x_wconf 79' lang='grc' dir='ltr'><strong>διὰ</strong></span> <span class='ocrx_word' id='word_1_255' title='bbox 1469 457 1519 493; x_wconf 79' lang='grc' dir='ltr'><strong>μὲν</strong></span> <span class='ocrx_word' id='word_1_256' title='bbox 1534 459 1582 493; x_wconf 86' lang='grc' dir='ltr'>τὴν</span> <span class='ocrx_word' id='word_1_257' title='bbox 1599 460 1667 494; x_wconf 77' lang='grc' dir='ltr'>πρὸς</span> <span class='ocrx_word' id='word_1_258' title='bbox 1684 463 1716 488; x_wconf 80' lang='grc' dir='ltr'>τὸ</span> <span class='ocrx_word' id='word_1_259' title='bbox 1734 451 1798 490; x_wconf 74' lang='grc' dir='ltr'>ἴδιον</span> 
     </span>
    </p>
   </div>
   <div class='ocr_carea' id='block_1_39' title="bbox 1104 498 1896 546">
    <p class='ocr_par' dir='ltr' id='par_1_39' title="bbox 1104 498 1896 546">
     <span class='ocr_line' id='line_1_40' title="bbox 1104 498 1896 546; baseline 0.019 -23"><span class='ocrx_word' id='word_1_260' title='bbox 1104 498 1207 531; x_wconf 82' lang='grc' dir='ltr'>φιλίαν,</span> <span class='ocrx_word' id='word_1_261' title='bbox 1223 500 1312 535; x_wconf 77' lang='grc' dir='ltr'>ἑαυτῷ</span> <span class='ocrx_word' id='word_1_262' title='bbox 1328 501 1362 528; x_wconf 79' lang='grc' dir='ltr'>τὰ</span> <span class='ocrx_word' id='word_1_263' title='bbox 1380 502 1445 537; x_wconf 81' lang='grc' dir='ltr'>ἡδέα</span> <span class='ocrx_word' id='word_1_264' title='bbox 1470 507 1704 540; x_wconf 82' lang='grc' dir='ltr'>περιποιουμένου</span> <span class='ocrx_word' id='word_1_265' title='bbox 1718 517 1724 524; x_wconf 93' lang='grc'><strong>·</strong></span> <span class='ocrx_word' id='word_1_266' title='bbox 1742 509 1786 536; x_wconf 76' lang='grc' dir='ltr'><strong>διὰ</strong></span> <span class='ocrx_word' id='word_1_267' title='bbox 1799 511 1826 537; x_wconf 77' lang='grc' dir='ltr'>δὲ</span> <span class='ocrx_word' id='word_1_268' title='bbox 1842 498 1896 546; x_wconf 74' lang='grc' dir='ltr'>τὴν</span> 
     </span>
    </p>
   </div>
   <div class='ocr_carea' id='block_1_40' title="bbox 1103 544 1895 589">
    <p class='ocr_par' dir='ltr' id='par_1_40' title="bbox 1103 544 1895 589">
     <span class='ocr_line' id='line_1_41' title="bbox 1103 544 1895 589; baseline 0.019 -20"><span class='ocrx_word' id='word_1_269' title='bbox 1103 544 1173 570; x_wconf 83' lang='grc' dir='ltr'>κατὰ</span> <span class='ocrx_word' id='word_1_270' title='bbox 1200 545 1254 572; x_wconf 89' lang='grc' dir='ltr'><strong>τῶν</strong></span> <span class='ocrx_word' id='word_1_271' title='bbox 1276 546 1405 581; x_wconf 75' lang='grc' dir='ltr'>ὁμοφυῶν</span> <span class='ocrx_word' id='word_1_272' title='bbox 1424 549 1583 583; x_wconf 77' lang='grc' dir='ltr'>τυραννίδα,</span> <span class='ocrx_word' id='word_1_273' title='bbox 1610 551 1645 578; x_wconf 86' lang='grc' dir='ltr'><strong>τὰ</strong></span> <span class='ocrx_word' id='word_1_274' title='bbox 1670 553 1770 589; x_wconf 78' lang='grc' dir='ltr'>ἀνιαρὰ</span> <span class='ocrx_word' id='word_1_275' title='bbox 1784 556 1895 589; x_wconf 76' lang='grc' dir='ltr'>τούτοις</span> 
     </span>
    </p>
   </div>
   <div class='ocr_carea' id='block_1_41' title="bbox 1103 588 1895 634">
    <p class='ocr_par' dir='ltr' id='par_1_41' title="bbox 1103 588 1895 634">
     <span class='ocr_line' id='line_1_42' title="bbox 1103 588 1895 634; baseline 0.019 -20"><span class='ocrx_word' id='word_1_276' title='bbox 1103 588 1296 625; x_wconf 82' lang='grc' dir='ltr'>ὲπινοουμένου</span> <span class='ocrx_word' id='word_1_277' title='bbox 1306 600 1313 607; x_wconf 91' lang='grc'><strong>·</strong></span> <span class='ocrx_word' id='word_1_278' title='bbox 1327 593 1373 619; x_wconf 77' lang='grc' dir='ltr'>καὶ</span> <span class='ocrx_word' id='word_1_279' title='bbox 1388 592 1459 620; x_wconf 81' lang='grc' dir='ltr'>οὕτω</span> <span class='ocrx_word' id='word_1_280' title='bbox 1474 595 1567 627; x_wconf 80' lang='grc' dir='ltr'>κακῶς</span> <span class='ocrx_word' id='word_1_281' title='bbox 1587 597 1621 624; x_wconf 75' lang='grc' dir='ltr'><strong>τὰ</strong></span> <span class='ocrx_word' id='word_1_282' title='bbox 1642 598 1689 624; x_wconf 83' lang='grc' dir='ltr'><strong>τοῦ</strong></span> <span class='ocrx_word' id='word_1_283' title='bbox 1701 599 1815 634; x_wconf 82' lang='grc' dir='ltr'>πλησίον</span> <span class='ocrx_word' id='word_1_284' title='bbox 1843 604 1895 629; x_wconf 71' lang='grc' dir='ltr'>καὶ</span> 
     </span>
    </p>
   </div>
   <div class='ocr_carea' id='block_1_42' title="bbox 1101 634 1894 680">
    <p class='ocr_par' dir='ltr' id='par_1_42' title="bbox 1101 634 1894 680">
     <span class='ocr_line' id='line_1_43' title="bbox 1101 634 1894 680; baseline 0.02 -20"><span class='ocrx_word' id='word_1_285' title='bbox 1101 634 1135 661; x_wconf 87' lang='grc' dir='ltr'>τὰ</span> <span class='ocrx_word' id='word_1_286' title='bbox 1151 635 1248 662; x_wconf 80' lang='grc' dir='ltr'>ἑαυτοῦ</span> <span class='ocrx_word' id='word_1_287' title='bbox 1265 637 1476 671; x_wconf 85' lang='grc' dir='ltr'>ταλαντεύοντος</span> <span class='ocrx_word' id='word_1_288' title='bbox 1488 649 1495 655; x_wconf 92' lang='lat'><strong>&#39;</strong></span> <span class='ocrx_word' id='word_1_289' title='bbox 1510 642 1557 668; x_wconf 82' lang='grc' dir='ltr'>καὶ</span> <span class='ocrx_word' id='word_1_290' title='bbox 1580 644 1594 669; x_wconf 82' lang='grc' dir='ltr'>ό</span> <span class='ocrx_word' id='word_1_291' title='bbox 1617 643 1666 679; x_wconf 81' lang='grc' dir='ltr'>τὴν</span> <span class='ocrx_word' id='word_1_292' title='bbox 1681 645 1829 680; x_wconf 74' lang='grc' dir='ltr'>ἐπιθυμίαν</span> <span class='ocrx_word' id='word_1_293' title='bbox 1842 651 1894 676; x_wconf 74' lang='grc' dir='ltr'>καὶ</span> 
     </span>
    </p>
   </div>
   <div class='ocr_carea' id='block_1_43' title="bbox 1103 679 1892 728">
    <p class='ocr_par' dir='ltr' id='par_1_43' title="bbox 1103 679 1892 728">
     <span class='ocr_line' id='line_1_44' title="bbox 1103 679 1892 728; baseline 0.02 -23"><span class='ocrx_word' id='word_1_294' title='bbox 1103 679 1147 706; x_wconf 72' lang='grc' dir='ltr'><strong>τὸν</strong></span> <span class='ocrx_word' id='word_1_295' title='bbox 1161 680 1246 716; x_wconf 73' lang='grc' dir='ltr'>θυμὸν</span> <span class='ocrx_word' id='word_1_296' title='bbox 1267 683 1396 718; x_wconf 75' lang='grc' dir='ltr'><strong>σταθμῶν</strong></span> <span class='ocrx_word' id='word_1_297' title='bbox 1419 685 1552 722; x_wconf 81' lang='grc' dir='ltr'>λογισμὸς</span> <span class='ocrx_word' id='word_1_298' title='bbox 1575 689 1623 715; x_wconf 83' lang='grc' dir='ltr'><strong>τοῦ</strong></span> <span class='ocrx_word' id='word_1_299' title='bbox 1650 679 1892 728; x_wconf 79' lang='grc' dir='ltr'>ἐγκρατευομένου</span> 
     </span>
    </p>
   </div>
   <div class='ocr_carea' id='block_1_44' title="bbox 1102 726 1893 774">
    <p class='ocr_par' dir='ltr' id='par_1_44' title="bbox 1102 726 1893 774">
     <span class='ocr_line' id='line_1_45' title="bbox 1102 726 1893 774; baseline 0.021 -23"><span class='ocrx_word' id='word_1_300' title='bbox 1102 726 1152 759; x_wconf 79' lang='grc' dir='ltr'>μὲν</span> <span class='ocrx_word' id='word_1_301' title='bbox 1163 727 1217 753; x_wconf 84' lang='grc' dir='ltr'><strong>τῶν</strong></span> <span class='ocrx_word' id='word_1_302' title='bbox 1229 728 1324 763; x_wconf 80' lang='grc' dir='ltr'><strong>ἡδέων,</strong></span> <span class='ocrx_word' id='word_1_303' title='bbox 1339 730 1521 766; x_wconf 79' lang='grc' dir='ltr'>ὑπομένοντος</span> <span class='ocrx_word' id='word_1_304' title='bbox 1536 734 1565 760; x_wconf 83' lang='grc' dir='ltr'>δὲ</span> <span class='ocrx_word' id='word_1_305' title='bbox 1587 735 1621 762; x_wconf 77' lang='grc' dir='ltr'><strong>τὰ</strong></span> <span class='ocrx_word' id='word_1_306' title='bbox 1639 736 1772 773; x_wconf 73' lang='grc' dir='ltr'>ὀδυνηρά,</span> <span class='ocrx_word' id='word_1_307' title='bbox 1845 741 1893 768; x_wconf 62' lang='grc' dir='ltr'>διὰ,</span> 
     </span>
    </p>
   </div>
   <div class='ocr_carea' id='block_1_45' title="bbox 1101 771 1889 818">
    <p class='ocr_par' dir='ltr' id='par_1_45' title="bbox 1101 771 1889 818">
     <span class='ocr_line' id='line_1_46' title="bbox 1101 771 1889 818; baseline 0.019 -22"><span class='ocrx_word' id='word_1_308' title='bbox 1101 771 1167 797; x_wconf 86' lang='grc' dir='ltr'>Θεοῦ</span> <span class='ocrx_word' id='word_1_309' title='bbox 1192 772 1381 808; x_wconf 72' lang='grc' dir='ltr'><strong>εὐαρέστησιν,</strong></span> <span class='ocrx_word' id='word_1_310' title='bbox 1406 776 1475 804; x_wconf 83' lang='grc' dir='ltr'>ἀλλὰ</span> <span class='ocrx_word' id='word_1_311' title='bbox 1499 778 1533 804; x_wconf 84' lang='grc' dir='ltr'>δι’</span> <span class='ocrx_word' id='word_1_312' title='bbox 1558 771 1889 818; x_wconf 23' lang='grc' dir='ltr'>ἀνθρώπων-γάρέσκειαν,</span> 
     </span>
    </p>
   </div>
   <div class='ocr_carea' id='block_1_46' title="bbox 1099 817 1890 862">
    <p class='ocr_par' dir='ltr' id='par_1_46' title="bbox 1099 817 1890 862">
     <span class='ocr_line' id='line_1_47' title="bbox 1099 817 1890 862; baseline 0.016 -19"><span class='ocrx_word' id='word_1_313' title='bbox 1099 817 1146 843; x_wconf 80' lang='grc' dir='ltr'>καὶ</span> <span class='ocrx_word' id='word_1_314' title='bbox 1158 818 1261 845; x_wconf 80' lang='grc' dir='ltr'>οἰκείαν</span> <span class='ocrx_word' id='word_1_315' title='bbox 1278 820 1433 853; x_wconf 76' lang='grc' dir='ltr'>κενοδοξίαν</span> <span class='ocrx_word' id='word_1_316' title='bbox 1444 830 1451 837; x_wconf 92' lang='grc'><strong>·</strong></span> <span class='ocrx_word' id='word_1_317' title='bbox 1472 824 1621 851; x_wconf 80' lang='grc' dir='ltr'>κάντεῦθεν</span> <span class='ocrx_word' id='word_1_318' title='bbox 1641 826 1671 853; x_wconf 82' lang='grc' dir='ltr'>τὸ</span> <span class='ocrx_word' id='word_1_319' title='bbox 1689 827 1810 862; x_wconf 66' lang='grc' dir='ltr'>καθαρὸν</span> <span class='ocrx_word' id='word_1_320' title='bbox 1834 830 1890 856; x_wconf 88' lang='grc' dir='ltr'><strong>τῶν</strong></span> 
     </span>
    </p>
   </div>
   <div class='ocr_carea' id='block_1_47' title="bbox 1100 862 1890 909">
    <p class='ocr_par' dir='ltr' id='par_1_47' title="bbox 1100 862 1890 909">
     <span class='ocr_line' id='line_1_48' title="bbox 1100 862 1890 909; baseline 0.018 -21"><span class='ocrx_word' id='word_1_321' title='bbox 1100 862 1204 897; x_wconf 79' lang='grc' dir='ltr'>ἀρετῶν</span> <span class='ocrx_word' id='word_1_322' title='bbox 1215 864 1432 900; x_wconf 76' lang='grc' dir='ltr'>κιϐδηλεύοντος,</span> <span class='ocrx_word' id='word_1_323' title='bbox 1459 869 1509 896; x_wconf 84' lang='grc' dir='ltr'>κᾶν</span> <span class='ocrx_word' id='word_1_324' title='bbox 1527 869 1628 903; x_wconf 79' lang='grc' dir='ltr'>ἀγαθὸς</span> <span class='ocrx_word' id='word_1_325' title='bbox 1648 873 1714 908; x_wconf 82' lang='grc' dir='ltr'>παρ’</span> <span class='ocrx_word' id='word_1_326' title='bbox 1732 874 1890 909; x_wconf 80' lang='grc' dir='ltr'>ἀνθρώποις</span> 
     </span>
    </p>
   </div>
   <div class='ocr_carea' id='block_1_48' title="bbox 1100 907 1890 953">
    <p class='ocr_par' dir='ltr' id='par_1_48' title="bbox 1100 907 1890 953">
     <span class='ocr_line' id='line_1_49' title="bbox 1100 907 1890 953; baseline 0.019 -20"><span class='ocrx_word' id='word_1_327' title='bbox 1100 907 1176 944; x_wconf 75' lang='grc' dir='ltr'>δοκῇ,</span> <span class='ocrx_word' id='word_1_328' title='bbox 1192 910 1250 936; x_wconf 82' lang='grc' dir='ltr'>ἀλλ’</span> <span class='ocrx_word' id='word_1_329' title='bbox 1270 911 1314 937; x_wconf 80' lang='grc' dir='ltr'><strong>ἐπ’</strong></span> <span class='ocrx_word' id='word_1_330' title='bbox 1332 911 1392 946; x_wconf 77' lang='grc' dir='ltr'>ὄψει</span> <span class='ocrx_word' id='word_1_331' title='bbox 1406 912 1454 940; x_wconf 82' lang='grc' dir='ltr'><strong>τοῦ</strong></span> <span class='ocrx_word' id='word_1_332' title='bbox 1469 914 1507 946; x_wconf 83' lang='grc' dir='ltr'><strong>ὼς</strong></span> <span class='ocrx_word' id='word_1_333' title='bbox 1522 915 1614 950; x_wconf 77' lang='grc' dir='ltr'>ἔχουσι</span> <span class='ocrx_word' id='word_1_334' title='bbox 1631 917 1665 945; x_wconf 77' lang='grc' dir='ltr'><strong>τὰ</strong></span> <span class='ocrx_word' id='word_1_335' title='bbox 1685 919 1774 946; x_wconf 80' lang='grc' dir='ltr'>πάντα</span> <span class='ocrx_word' id='word_1_336' title='bbox 1786 907 1890 953; x_wconf 76' lang='grc' dir='ltr'>εἰδότος</span> 
     </span>
    </p>
   </div>
   <div class='ocr_carea' id='block_1_49' title="bbox 1098 954 1461 991">
    <p class='ocr_par' dir='ltr' id='par_1_49' title="bbox 1098 954 1461 991">
     <span class='ocr_line' id='line_1_50' title="bbox 1098 954 1461 991; baseline 0.019 -12"><span class='ocrx_word' id='word_1_337' title='bbox 1098 954 1176 987; x_wconf 89' lang='grc' dir='ltr'>Θεοῦ,</span> <span class='ocrx_word' id='word_1_338' title='bbox 1192 955 1222 982; x_wconf 75' lang='grc' dir='ltr'>οὐ</span> <span class='ocrx_word' id='word_1_339' title='bbox 1239 957 1360 989; x_wconf 77' lang='grc' dir='ltr'>τοιοῦτᾶς</span> <span class='ocrx_word' id='word_1_340' title='bbox 1376 959 1461 991; x_wconf 76' lang='grc' dir='ltr'>ἐστιν,</span> 
     </span>
    </p>
   </div>
   <div class='ocr_carea' id='block_1_50' title="bbox 1133 1002 1889 1044">
    <p class='ocr_par' dir='ltr' id='par_1_50' title="bbox 1133 1002 1889 1044">
     <span class='ocr_line' id='line_1_51' title="bbox 1133 1002 1889 1044; baseline 0.016 -17"><span class='ocrx_word' id='word_1_341' title='bbox 1133 1002 1182 1029; x_wconf 82' lang='grc' dir='ltr'>κδ’.</span> <span class='ocrx_word' id='word_1_342' title='bbox 1203 1003 1286 1037; x_wconf 86' lang='grc' dir='ltr'>Παρὰ</span> <span class='ocrx_word' id='word_1_343' title='bbox 1302 1005 1413 1038; x_wconf 79' lang='grc' dir='ltr'>Κυρίου</span> <span class='ocrx_word' id='word_1_344' title='bbox 1432 1006 1588 1034; x_wconf 79' lang='grc' dir='ltr'><strong>εὐθύνεται</strong></span> <span class='ocrx_word' id='word_1_345' title='bbox 1601 1009 1637 1036; x_wconf 80' lang='grc' dir='ltr'>τὰ</span> <span class='ocrx_word' id='word_1_346' title='bbox 1653 1009 1818 1044; x_wconf 76' lang='grc' dir='ltr'>διαϐήματα</span> <span class='ocrx_word' id='word_1_347' title='bbox 1832 1012 1889 1039; x_wconf 78' lang='grc' dir='ltr'><strong>ἀν-</strong></span> 
     </span>
    </p>
   </div>
   <div class='ocr_carea' id='block_1_51' title="bbox 1096 1047 1885 1092">
    <p class='ocr_par' dir='ltr' id='par_1_51' title="bbox 1096 1047 1885 1092">
     <span class='ocr_line' id='line_1_52' title="bbox 1096 1047 1885 1092; baseline 0.015 -19"><span class='ocrx_word' id='word_1_348' title='bbox 1096 1047 1144 1081; x_wconf 78' lang='grc' dir='ltr'><strong>δρί</strong></span> <span class='ocrx_word' id='word_1_349' title='bbox 1153 1057 1160 1063; x_wconf 89' lang='grc'><strong>·</strong></span> <span class='ocrx_word' id='word_1_350' title='bbox 1181 1049 1289 1082; x_wconf 79' lang='grc' dir='ltr'>θνητὸς</span> <span class='ocrx_word' id='word_1_351' title='bbox 1305 1049 1340 1076; x_wconf 83' lang='grc' dir='ltr'>δὲ</span> <span class='ocrx_word' id='word_1_352' title='bbox 1356 1050 1464 1084; x_wconf 72' lang='grc' dir='ltr'>πῶςιᾶν</span> <span class='ocrx_word' id='word_1_353' title='bbox 1473 1053 1584 1086; x_wconf 71' lang='grc' dir='ltr'>νοῆσαι</span> <span class='ocrx_word' id='word_1_354' title='bbox 1601 1054 1654 1087; x_wconf 80' lang='grc' dir='ltr'><strong>τὰς</strong></span> <span class='ocrx_word' id='word_1_355' title='bbox 1670 1055 1760 1088; x_wconf 77' lang='grc' dir='ltr'>ὁδοὺς</span> <span class='ocrx_word' id='word_1_356' title='bbox 1774 1058 1885 1092; x_wconf 71' lang='grc' dir='ltr'>αὐτοῦς</span> 
     </span>
    </p>
   </div>
   <div class='ocr_carea' id='block_1_52' title="bbox 1097 1092 1885 1136">
    <p class='ocr_par' dir='ltr' id='par_1_52' title="bbox 1097 1092 1885 1136">
     <span class='ocr_line' id='line_1_53' title="bbox 1097 1092 1885 1136; baseline 0.015 -18"><span class='ocrx_word' id='word_1_357' title='bbox 1097 1092 1176 1128; x_wconf 82' lang='grc' dir='ltr'>Παρὰ</span> <span class='ocrx_word' id='word_1_358' title='bbox 1191 1093 1238 1120; x_wconf 89' lang='grc' dir='ltr'><strong>τοῦ</strong></span> <span class='ocrx_word' id='word_1_359' title='bbox 1255 1094 1392 1122; x_wconf 83' lang='grc' dir='ltr'>Δεσπότου</span> <span class='ocrx_word' id='word_1_360' title='bbox 1416 1096 1472 1123; x_wconf 83' lang='grc' dir='ltr'><strong>τῶν</strong></span> <span class='ocrx_word' id='word_1_361' title='bbox 1493 1097 1562 1124; x_wconf 83' lang='grc' dir='ltr'>ὅλων</span> <span class='ocrx_word' id='word_1_362' title='bbox 1589 1099 1655 1126; x_wconf 88' lang='grc' dir='ltr'>Θεοῦ</span> <span class='ocrx_word' id='word_1_363' title='bbox 1672 1100 1841 1136; x_wconf 78' lang='grc' dir='ltr'>διορθοῦνται</span> <span class='ocrx_word' id='word_1_364' title='bbox 1855 1104 1885 1130; x_wconf 74' lang='grc' dir='ltr'>αΣ</span> 
     </span>
    </p>
   </div>
   <div class='ocr_carea' id='block_1_53' title="bbox 1098 1139 1884 1183">
    <p class='ocr_par' dir='ltr' id='par_1_53' title="bbox 1098 1139 1884 1183">
     <span class='ocr_line' id='line_1_54' title="bbox 1098 1139 1884 1183; baseline 0.015 -19"><span class='ocrx_word' id='word_1_365' title='bbox 1098 1139 1158 1164; x_wconf 83' lang='grc' dir='ltr'>κατ’</span> <span class='ocrx_word' id='word_1_366' title='bbox 1174 1139 1276 1173; x_wconf 83' lang='grc' dir='ltr'>ἀρετὴν</span> <span class='ocrx_word' id='word_1_367' title='bbox 1299 1142 1408 1176; x_wconf 86' lang='grc' dir='ltr'>πορεῖαι</span> <span class='ocrx_word' id='word_1_368' title='bbox 1433 1142 1472 1177; x_wconf 84' lang='grc' dir='ltr'>τῷ</span> <span class='ocrx_word' id='word_1_369' title='bbox 1490 1143 1640 1180; x_wconf 78' lang='grc' dir='ltr'>ἀνθρώπῳ,</span> <span class='ocrx_word' id='word_1_370' title='bbox 1656 1145 1694 1178; x_wconf 81' lang='grc' dir='ltr'><strong>ὡς</strong></span> <span class='ocrx_word' id='word_1_371' title='bbox 1705 1148 1774 1183; x_wconf 84' lang='grc' dir='ltr'>μήτε</span> <span class='ocrx_word' id='word_1_372' title='bbox 1795 1149 1836 1180; x_wconf 77' lang='grc' dir='ltr'>εἰς</span> <span class='ocrx_word' id='word_1_373' title='bbox 1848 1150 1884 1178; x_wconf 75' lang='grc' dir='ltr'><strong>τὰ</strong></span> 
     </span>
    </p>
   </div>
   <div class='ocr_carea' id='block_1_54' title="bbox 1095 1183 1884 1229">
    <p class='ocr_par' dir='ltr' id='par_1_54' title="bbox 1095 1183 1884 1229">
     <span class='ocr_line' id='line_1_55' title="bbox 1095 1183 1884 1229; baseline 0.015 -21"><span class='ocrx_word' id='word_1_374' title='bbox 1095 1183 1154 1209; x_wconf 79' lang='grc' dir='ltr'>κατ’</span> <span class='ocrx_word' id='word_1_375' title='bbox 1171 1183 1290 1219; x_wconf 77' lang='grc' dir='ltr'>ἔλλειψιν</span> <span class='ocrx_word' id='word_1_376' title='bbox 1301 1186 1404 1221; x_wconf 83' lang='grc' dir='ltr'><strong>ταύτης</strong></span> <span class='ocrx_word' id='word_1_377' title='bbox 1418 1187 1502 1223; x_wconf 80' lang='grc' dir='ltr'>πάθη,</span> <span class='ocrx_word' id='word_1_378' title='bbox 1518 1189 1589 1224; x_wconf 82' lang='grc' dir='ltr'>μήτε</span> <span class='ocrx_word' id='word_1_379' title='bbox 1612 1191 1652 1221; x_wconf 76' lang='grc' dir='ltr'>εἰς</span> <span class='ocrx_word' id='word_1_380' title='bbox 1666 1190 1700 1217; x_wconf 80' lang='grc' dir='ltr'><strong>τὰ</strong></span> <span class='ocrx_word' id='word_1_381' title='bbox 1720 1192 1780 1218; x_wconf 81' lang='grc' dir='ltr'>καθ’</span> <span class='ocrx_word' id='word_1_382' title='bbox 1795 1193 1884 1229; x_wconf 79' lang='grc' dir='ltr'>ὑπερ-</span> 
     </span>
    </p>
   </div>
   <div class='ocr_carea' id='block_1_55' title="bbox 1094 1228 1882 1273">
    <p class='ocr_par' dir='ltr' id='par_1_55' title="bbox 1094 1228 1882 1273">
     <span class='ocr_line' id='line_1_56' title="bbox 1094 1228 1882 1273; baseline 0.013 -18"><span class='ocrx_word' id='word_1_383' title='bbox 1094 1228 1175 1264; x_wconf 78' lang='grc' dir='ltr'>ϐολὴν</span> <span class='ocrx_word' id='word_1_384' title='bbox 1201 1231 1434 1266; x_wconf 81' lang='grc' dir='ltr'>περιτρέπεσθαι·</span> <span class='ocrx_word' id='word_1_385' title='bbox 1465 1233 1512 1260; x_wconf 75' lang='grc' dir='ltr'>καὶ</span> <span class='ocrx_word' id='word_1_386' title='bbox 1536 1234 1590 1269; x_wconf 83' lang='grc' dir='ltr'><strong>γὰρ</strong></span> <span class='ocrx_word' id='word_1_387' title='bbox 1604 1235 1643 1270; x_wconf 83' lang='grc' dir='ltr'>τῷ</span> <span class='ocrx_word' id='word_1_388' title='bbox 1670 1236 1719 1271; x_wconf 79' lang='grc' dir='ltr'>μὲν</span> <span class='ocrx_word' id='word_1_389' title='bbox 1743 1237 1817 1273; x_wconf 75' lang='grc' dir='ltr'>φόϐῳ</span> <span class='ocrx_word' id='word_1_390' title='bbox 1834 1228 1882 1265; x_wconf 77' lang='grc' dir='ltr'><strong>τοῦ</strong></span> 
     </span>
    </p>
   </div>
   <div class='ocr_carea' id='block_1_56' title="bbox 1093 1275 1880 1319">
    <p class='ocr_par' dir='ltr' id='par_1_56' title="bbox 1093 1275 1880 1319">
     <span class='ocr_line' id='line_1_57' title="bbox 1093 1275 1880 1319; baseline 0.013 -18"><span class='ocrx_word' id='word_1_391' title='bbox 1093 1275 1172 1307; x_wconf 82' lang='grc' dir='ltr'>Θεοῦ,</span> <span class='ocrx_word' id='word_1_392' title='bbox 1188 1275 1221 1302; x_wconf 86' lang='grc' dir='ltr'><strong>τὰ</strong></span> <span class='ocrx_word' id='word_1_393' title='bbox 1236 1277 1299 1303; x_wconf 81' lang='grc' dir='ltr'>κατ’</span> <span class='ocrx_word' id='word_1_394' title='bbox 1314 1276 1433 1312; x_wconf 75' lang='grc' dir='ltr'>ἔλλειψιν</span> <span class='ocrx_word' id='word_1_395' title='bbox 1449 1279 1499 1313; x_wconf 81' lang='grc' dir='ltr'>τῆς</span> <span class='ocrx_word' id='word_1_396' title='bbox 1517 1279 1619 1315; x_wconf 83' lang='grc' dir='ltr'>ἀρετῆς</span> <span class='ocrx_word' id='word_1_397' title='bbox 1637 1282 1767 1315; x_wconf 73' lang='grc' dir='ltr'>ἐκφεύγει</span> <span class='ocrx_word' id='word_1_398' title='bbox 1785 1284 1861 1319; x_wconf 80' lang='grc' dir='ltr'>πάθη</span> <span class='ocrx_word' id='word_1_399' title='bbox 1873 1293 1880 1299; x_wconf 94' lang='grc'><strong>·</strong></span> 
     </span>
    </p>
   </div>
   <div class='ocr_carea' id='block_1_57' title="bbox 1092 1320 1881 1361">
    <p class='ocr_par' dir='ltr' id='par_1_57' title="bbox 1092 1320 1881 1361">
     <span class='ocr_line' id='line_1_58' title="bbox 1092 1320 1881 1361; baseline 0.011 -14"><span class='ocrx_word' id='word_1_400' title='bbox 1092 1320 1130 1356; x_wconf 86' lang='grc' dir='ltr'>τῷ</span> <span class='ocrx_word' id='word_1_401' title='bbox 1142 1321 1170 1347; x_wconf 81' lang='grc' dir='ltr'>δὲ</span> <span class='ocrx_word' id='word_1_402' title='bbox 1183 1321 1258 1357; x_wconf 80' lang='grc' dir='ltr'>πόθῳ</span> <span class='ocrx_word' id='word_1_403' title='bbox 1282 1323 1317 1348; x_wconf 80' lang='grc' dir='ltr'><strong>τὰ</strong></span> <span class='ocrx_word' id='word_1_404' title='bbox 1335 1323 1398 1349; x_wconf 77' lang='grc' dir='ltr'>καθ’</span> <span class='ocrx_word' id='word_1_405' title='bbox 1423 1324 1577 1361; x_wconf 80' lang='grc' dir='ltr'>ὑπερϐολήν</span> <span class='ocrx_word' id='word_1_406' title='bbox 1587 1334 1594 1341; x_wconf 80' lang='grc'><em>’</em></span> <span class='ocrx_word' id='word_1_407' title='bbox 1607 1326 1642 1352; x_wconf 87' lang='grc' dir='ltr'>δι’</span> <span class='ocrx_word' id='word_1_408' title='bbox 1655 1327 1738 1354; x_wconf 72' lang='grc' dir='ltr'>αὐτὸν</span> <span class='ocrx_word' id='word_1_409' title='bbox 1751 1329 1780 1354; x_wconf 87' lang='grc' dir='ltr'><strong>τὺ</strong></span> <span class='ocrx_word' id='word_1_410' title='bbox 1797 1329 1881 1356; x_wconf 68' lang='grc' dir='ltr'>καλὸν</span> 
     </span>
    </p>
   </div>
   <div class='ocr_carea' id='block_1_58' title="bbox 1092 1367 1879 1408">
    <p class='ocr_par' dir='ltr' id='par_1_58' title="bbox 1092 1367 1879 1408">
     <span class='ocr_line' id='line_1_59' title="bbox 1092 1367 1879 1408; baseline 0.011 -16"><span class='ocrx_word' id='word_1_411' title='bbox 1092 1367 1276 1402; x_wconf 76' lang='grc' dir='ltr'>ἐργαζόμενος</span> <span class='ocrx_word' id='word_1_412' title='bbox 1287 1376 1294 1384; x_wconf 87' lang='grc'><strong>·</strong></span> <span class='ocrx_word' id='word_1_413' title='bbox 1307 1369 1458 1406; x_wconf 82' lang='grc' dir='ltr'>ἐπειδήπερ</span> <span class='ocrx_word' id='word_1_414' title='bbox 1470 1371 1493 1396; x_wconf 86' lang='grc' dir='ltr'><strong>εί</strong></span> <span class='ocrx_word' id='word_1_415' title='bbox 1507 1371 1544 1406; x_wconf 87' lang='grc' dir='ltr'>μὴ</span> <span class='ocrx_word' id='word_1_416' title='bbox 1560 1373 1621 1403; x_wconf 83' lang='grc' dir='ltr'>ταῖς</span> <span class='ocrx_word' id='word_1_417' title='bbox 1648 1371 1732 1405; x_wconf 87' lang='grc' dir='ltr'>θείαις</span> <span class='ocrx_word' id='word_1_418' title='bbox 1746 1374 1879 1408; x_wconf 77' lang='grc' dir='ltr'>ἐντολαῖς,</span> 
     </span>
    </p>
   </div>
   <div class='ocr_carea' id='block_1_59' title="bbox 1090 1412 1880 1454">
    <p class='ocr_par' dir='ltr' id='par_1_59' title="bbox 1090 1412 1880 1454">
     <span class='ocr_line' id='line_1_60' title="bbox 1090 1412 1880 1454; baseline 0.011 -16"><span class='ocrx_word' id='word_1_419' title='bbox 1090 1412 1125 1438; x_wconf 85' lang='grc' dir='ltr'><strong>τὰ</strong></span> <span class='ocrx_word' id='word_1_420' title='bbox 1140 1412 1210 1439; x_wconf 85' lang='grc' dir='ltr'>καλὰ</span> <span class='ocrx_word' id='word_1_421' title='bbox 1222 1413 1334 1448; x_wconf 83' lang='grc' dir='ltr'>διαγνῷ,</span> <span class='ocrx_word' id='word_1_422' title='bbox 1352 1415 1399 1441; x_wconf 86' lang='grc' dir='ltr'><strong>καὶ</strong></span> <span class='ocrx_word' id='word_1_423' title='bbox 1416 1415 1451 1441; x_wconf 78' lang='grc' dir='ltr'>τὰ</span> <span class='ocrx_word' id='word_1_424' title='bbox 1466 1417 1588 1450; x_wconf 83' lang='grc' dir='ltr'>ἐναντία,</span> <span class='ocrx_word' id='word_1_425' title='bbox 1603 1418 1650 1444; x_wconf 79' lang='grc' dir='ltr'>καὶ</span> <span class='ocrx_word' id='word_1_426' title='bbox 1663 1418 1718 1445; x_wconf 85' lang='grc' dir='ltr'><strong>τῶν</strong></span> <span class='ocrx_word' id='word_1_427' title='bbox 1729 1419 1778 1454; x_wconf 79' lang='grc' dir='ltr'>μὲν</span> <span class='ocrx_word' id='word_1_428' title='bbox 1787 1421 1880 1447; x_wconf 80' lang='grc' dir='ltr'>κακῶν</span> 
     </span>
    </p>
   </div>
   <div class='ocr_carea' id='block_1_60' title="bbox 1091 1457 1881 1500">
    <p class='ocr_par' dir='ltr' id='par_1_60' title="bbox 1091 1457 1881 1500">
     <span class='ocr_line' id='line_1_61' title="bbox 1091 1457 1881 1500; baseline 0.011 -17"><span class='ocrx_word' id='word_1_429' title='bbox 1091 1457 1243 1494; x_wconf 76' lang='grc' dir='ltr'><strong>ἀπόσχηται</strong></span> <span class='ocrx_word' id='word_1_430' title='bbox 1255 1459 1294 1493; x_wconf 83' lang='grc' dir='ltr'>τῷ</span> <span class='ocrx_word' id='word_1_431' title='bbox 1306 1459 1380 1495; x_wconf 71' lang='grc' dir='ltr'>φόϐῳ</span> <span class='ocrx_word' id='word_1_432' title='bbox 1406 1461 1460 1487; x_wconf 87' lang='grc' dir='ltr'><strong>τῶν</strong></span> <span class='ocrx_word' id='word_1_433' title='bbox 1475 1462 1604 1493; x_wconf 78' lang='grc' dir='ltr'>ἀπειλῶν,</span> <span class='ocrx_word' id='word_1_434' title='bbox 1630 1463 1697 1499; x_wconf 81' lang='grc' dir='ltr'>πρὸς</span> <span class='ocrx_word' id='word_1_435' title='bbox 1712 1465 1734 1491; x_wconf 82' lang='grc' dir='ltr'>δ’</span> <span class='ocrx_word' id='word_1_436' title='bbox 1749 1465 1881 1500; x_wconf 78' lang='grc' dir='ltr'>ἐργασίαν</span> 
     </span>
    </p>
   </div>
   <div class='ocr_carea' id='block_1_61' title="bbox 1090 1503 1877 1545">
    <p class='ocr_par' dir='ltr' id='par_1_61' title="bbox 1090 1503 1877 1545">
     <span class='ocr_line' id='line_1_62' title="bbox 1090 1503 1877 1545; baseline 0.011 -16"><span class='ocrx_word' id='word_1_437' title='bbox 1090 1503 1144 1529; x_wconf 86' lang='grc' dir='ltr'><strong>τῶν</strong></span> <span class='ocrx_word' id='word_1_438' title='bbox 1159 1503 1269 1538; x_wconf 78' lang='grc' dir='ltr'>ἀγαθῶν</span> <span class='ocrx_word' id='word_1_439' title='bbox 1290 1505 1419 1541; x_wconf 83' lang='grc' dir='ltr'>διαναστῇ</span> <span class='ocrx_word' id='word_1_440' title='bbox 1448 1507 1486 1542; x_wconf 86' lang='grc' dir='ltr'>τῷ</span> <span class='ocrx_word' id='word_1_441' title='bbox 1511 1508 1586 1543; x_wconf 83' lang='grc' dir='ltr'>πόθῳ</span> <span class='ocrx_word' id='word_1_442' title='bbox 1620 1509 1674 1536; x_wconf 77' lang='grc' dir='ltr'>’τῶν</span> <span class='ocrx_word' id='word_1_443' title='bbox 1694 1511 1877 1545; x_wconf 78' lang='grc' dir='ltr'>ἐπαγγελιῶν,</span> 
     </span>
    </p>
   </div>
   <div class='ocr_carea' id='block_1_62' title="bbox 252 1535 1038 1594">
    <p class='ocr_par' dir='ltr' id='par_1_62' title="bbox 252 1535 1037 1594">
     <span class='ocr_line' id='line_1_63' title="bbox 252 1535 1037 1580; baseline 0.013 -16"><span class='ocrx_word' id='word_1_444' title='bbox 252 1539 335 1564; x_wconf 73' lang='lat' dir='ltr'><strong>&quot;um.</strong></span> <span class='ocrx_word' id='word_1_445' title='bbox 361 1535 500 1568; x_wconf 79' lang='lat' dir='ltr'><strong>quomodo</strong></span> <span class='ocrx_word' id='word_1_446' title='bbox 527 1537 611 1565; x_wconf 90' lang='lat' dir='ltr'><strong>homo</strong></span> <span class='ocrx_word' id='word_1_447' title='bbox 640 1548 688 1574; x_wconf 88' lang='lat' dir='ltr'><strong>per</strong></span> <span class='ocrx_word' id='word_1_448' title='bbox 715 1543 881 1577; x_wconf 85' lang='lat' dir='ltr'><strong>voluptatem</strong></span> <span class='ocrx_word' id='word_1_449' title='bbox 909 1553 1037 1580; x_wconf 84' lang='lat' dir='ltr'><strong>nascens,</strong></span> 
     </span>
     <span class='ocr_line' id='line_1_64' title="bbox 252 1577 1002 1594; baseline 0 0"><span class='ocrx_word' id='word_1_450' title='bbox 252 1577 370 1594; x_wconf 60' lang='lat' dir='ltr'><strong>muri“...</strong></span> <span class='ocrx_word' id='word_1_451' title='bbox 389 1587 437 1594; x_wconf 69' lang='grc' dir='ltr'><strong>ω...</strong></span> <span class='ocrx_word' id='word_1_452' title='bbox 456 1581 578 1594; x_wconf 39' lang='lat' dir='ltr'><strong>Anth..-“</strong></span> <span class='ocrx_word' id='word_1_453' title='bbox 612 1584 655 1594; x_wconf 46' lang='grc' dir='ltr'><strong>ιηη</strong></span> <span class='ocrx_word' id='word_1_454' title='bbox 680 1586 684 1591; x_wconf 89' lang='grc'><strong>-</strong></span> <span class='ocrx_word' id='word_1_455' title='bbox 729 1587 734 1592; x_wconf 71' lang='grc' dir='ltr'><strong><em>ο</em></strong></span> <span class='ocrx_word' id='word_1_456' title='bbox 830 1592 834 1594; x_wconf 35' lang='grc' dir='ltr'><em>Α</em></span> <span class='ocrx_word' id='word_1_457' title='bbox 997 1592 1002 1594; x_wconf 67' lang='lat'><strong>.</strong></span> 
     </span>
    </p>
   </div>
   <div class='ocr_carea' id='block_1_63' title="bbox 1089 1535 1877 1594">
    <p class='ocr_par' dir='ltr' id='par_1_63' title="bbox 1092 1535 1877 1594">
     <span class='ocr_line' id='line_1_65' title="bbox 1092 1535 1877 1594; baseline 0.011 -18"><span class='ocrx_word' id='word_1_458' title='bbox 1092 1551 1149 1581; x_wconf 78' lang='grc' dir='ltr'><strong>πῶς</strong></span> <span class='ocrx_word' id='word_1_459' title='bbox 1170 1535 1202 1576; x_wconf 75' lang='grc' dir='ltr'>είν</span> <span class='ocrx_word' id='word_1_460' title='bbox 1218 1535 1443 1588; x_wconf 40' lang='grc' dir='ltr'>ὑποκείμενος-τῇ</span> <span class='ocrx_word' id='word_1_461' title='bbox 1456 1535 1518 1580; x_wconf 73' lang='grc' dir='ltr'><strong>κάθ*</strong></span> <span class='ocrx_word' id='word_1_462' title='bbox 1535 1535 1631 1590; x_wconf 70' lang='grc' dir='ltr'>ἡδονὴν</span> <span class='ocrx_word' id='word_1_463' title='bbox 1648 1535 1830 1590; x_wconf 38' lang='grc' dir='ltr'>γενέσειῗκαὶ</span> <span class='ocrx_word' id='word_1_464' title='bbox 1844 1561 1877 1594; x_wconf 83' lang='grc' dir='ltr'>τῇ</span> 
     </span>
    </p>
   </div>
   <div class='ocr_carea' id='block_1_64' title="bbox 251 1577 1036 1624">
    <p class='ocr_par' dir='ltr' id='par_1_64' title="bbox 251 1577 1036 1624">
     <span class='ocr_line' id='line_1_66' title="bbox 251 1577 1036 1624; baseline 0.022 -22"><span class='ocrx_word' id='word_1_465' title='bbox 251 1577 372 1606; x_wconf 90' lang='lat' dir='ltr'><strong>moriens</strong></span> <span class='ocrx_word' id='word_1_466' title='bbox 389 1587 437 1614; x_wconf 84' lang='lat' dir='ltr'><strong>per</strong></span> <span class='ocrx_word' id='word_1_467' title='bbox 455 1581 592 1615; x_wconf 87' lang='lat' dir='ltr'><strong>dolorem,</strong></span> <span class='ocrx_word' id='word_1_468' title='bbox 611 1584 686 1612; x_wconf 86' lang='lat' dir='ltr'><strong>brevi</strong></span> <span class='ocrx_word' id='word_1_469' title='bbox 710 1587 805 1614; x_wconf 66' lang='lat' dir='ltr'><strong>vivens</strong></span> <span class='ocrx_word' id='word_1_470' title='bbox 828 1592 960 1624; x_wconf 85' lang='lat' dir='ltr'><strong>tempore,</strong></span> <span class='ocrx_word' id='word_1_471' title='bbox 979 1592 1036 1620; x_wconf 85' lang='lat' dir='ltr'><strong>vias</strong></span> 
     </span>
    </p>
   </div>
   <div class='ocr_carea' id='block_1_65' title="bbox 250 1624 1035 1668">
    <p class='ocr_par' dir='ltr' id='par_1_65' title="bbox 250 1624 1035 1668">
     <span class='ocr_line' id='line_1_67' title="bbox 250 1624 1035 1668; baseline 0.022 -20"><span class='ocrx_word' id='word_1_472' title='bbox 250 1631 312 1656; x_wconf 77' lang='lat' dir='ltr'><strong>qua:</strong></span> <span class='ocrx_word' id='word_1_473' title='bbox 335 1624 437 1652; x_wconf 78' lang='lat' dir='ltr'><strong>ducunt</strong></span> <span class='ocrx_word' id='word_1_474' title='bbox 462 1635 524 1654; x_wconf 92' lang='lat' dir='ltr'><strong>eum</strong></span> <span class='ocrx_word' id='word_1_475' title='bbox 546 1629 572 1655; x_wconf 92' lang='lat' dir='ltr'><strong>in</strong></span> <span class='ocrx_word' id='word_1_476' title='bbox 598 1631 714 1658; x_wconf 71' lang='lat' dir='ltr'><strong>salutent</strong></span> <span class='ocrx_word' id='word_1_477' title='bbox 738 1634 825 1668; x_wconf 89' lang='lat' dir='ltr'><strong>capiet</strong></span> <span class='ocrx_word' id='word_1_478' title='bbox 843 1635 1005 1665; x_wconf 85' lang='lat' dir='ltr'><strong>abstinetth</strong></span> <span class='ocrx_word' id='word_1_479' title='bbox 1021 1646 1035 1665; x_wconf 86' lang='lat' dir='ltr'><strong>a</strong></span> 
     </span>
    </p>
   </div>
   <div class='ocr_carea' id='block_1_66' title="bbox 247 1669 756 1709">
    <p class='ocr_par' dir='ltr' id='par_1_66' title="bbox 247 1669 756 1709">
     <span class='ocr_line' id='line_1_68' title="bbox 247 1669 756 1709; baseline 0.022 -14"><span class='ocrx_word' id='word_1_480' title='bbox 247 1669 376 1703; x_wconf 71' lang='lat' dir='ltr'><strong>iucundis</strong></span> <span class='ocrx_word' id='word_1_481' title='bbox 390 1672 560 1709; x_wconf 85' lang='lat' dir='ltr'><strong>molestaque</strong></span> <span class='ocrx_word' id='word_1_482' title='bbox 575 1677 756 1706; x_wconf 78' lang='lat' dir='ltr'><strong>sustinendo?</strong></span> 
     </span>
    </p>
   </div>
   <div class='ocr_carea' id='block_1_67' title="bbox 286 1758 1035 1806">
    <p class='ocr_par' dir='ltr' id='par_1_67' title="bbox 286 1758 1035 1806">
     <span class='ocr_line' id='line_1_69' title="bbox 286 1758 1035 1806; baseline 0.023 -21"><span class='ocrx_word' id='word_1_483' title='bbox 286 1758 365 1787; x_wconf 70' lang='lat' dir='ltr'><strong>Vens.</strong></span> <span class='ocrx_word' id='word_1_484' title='bbox 378 1762 423 1788; x_wconf 67' lang='lat'><strong>95.</strong></span> <span class='ocrx_word' id='word_1_485' title='bbox 436 1762 556 1798; x_wconf 65' lang='lat' dir='ltr'><strong>Laqueus</strong></span> <span class='ocrx_word' id='word_1_486' title='bbox 568 1767 624 1793; x_wconf 85' lang='lat' dir='ltr'><strong>viro</strong></span> <span class='ocrx_word' id='word_1_487' title='bbox 638 1767 689 1794; x_wconf 82' lang='lat' dir='ltr'><strong>cito</strong></span> <span class='ocrx_word' id='word_1_488' title='bbox 700 1769 763 1803; x_wconf 85' lang='lat' dir='ltr'><strong>quid</strong></span> <span class='ocrx_word' id='word_1_489' title='bbox 773 1772 926 1806; x_wconf 67' lang='lat' dir='ltr'><strong>expropriis</strong></span> <span class='ocrx_word' id='word_1_490' title='bbox 936 1775 1035 1802; x_wconf 80' lang='lat' dir='ltr'><strong>murti-</strong></span> 
     </span>
    </p>
   </div>
   <div class='ocr_carea' id='block_1_68' title="bbox 248 1806 1032 1854">
    <p class='ocr_par' dir='ltr' id='par_1_68' title="bbox 248 1806 1032 1854">
     <span class='ocr_line' id='line_1_70' title="bbox 248 1806 1032 1854; baseline 0.023 -24"><span class='ocrx_word' id='word_1_491' title='bbox 248 1806 340 1839; x_wconf 77' lang='lat' dir='ltr'><strong>ficare.</strong></span> <span class='ocrx_word' id='word_1_492' title='bbox 367 1807 464 1835; x_wconf 71' lang='lat' dir='ltr'><strong>Postea</strong></span> <span class='ocrx_word' id='word_1_493' title='bbox 487 1811 556 1837; x_wconf 80' lang='lat' dir='ltr'><strong>enim</strong></span> <span class='ocrx_word' id='word_1_494' title='bbox 585 1821 663 1846; x_wconf 80' lang='lat' dir='ltr'><strong>quant</strong></span> <span class='ocrx_word' id='word_1_495' title='bbox 687 1817 782 1843; x_wconf 86' lang='lat' dir='ltr'><strong>voverit</strong></span> <span class='ocrx_word' id='word_1_496' title='bbox 805 1819 873 1845; x_wconf 82' lang='lat' dir='ltr'><strong>venit</strong></span> <span class='ocrx_word' id='word_1_497' title='bbox 898 1821 1032 1854; x_wconf 59' lang='lat' dir='ltr'><strong>paenitere.</strong></span> 
     </span>
    </p>
   </div>
   <div class='ocr_carea' id='block_1_69' title="bbox 287 1851 1034 1902">
    <p class='ocr_par' dir='ltr' id='par_1_69' title="bbox 287 1851 1034 1902">
     <span class='ocr_line' id='line_1_71' title="bbox 287 1851 1034 1902; baseline 0.02 -22"><span class='ocrx_word' id='word_1_498' title='bbox 287 1851 400 1887; x_wconf 83' lang='lat' dir='ltr'><strong>Capitur</strong></span> <span class='ocrx_word' id='word_1_499' title='bbox 421 1857 542 1891; x_wconf 84' lang='lat' dir='ltr'><strong>propriis</strong></span> <span class='ocrx_word' id='word_1_500' title='bbox 568 1859 659 1887; x_wconf 84' lang='lat' dir='ltr'><strong>verbis</strong></span> <span class='ocrx_word' id='word_1_501' title='bbox 682 1866 711 1888; x_wconf 95' lang='lat' dir='ltr'><strong>ut</strong></span> <span class='ocrx_word' id='word_1_502' title='bbox 732 1862 759 1889; x_wconf 94' lang='lat' dir='ltr'><strong>in</strong></span> <span class='ocrx_word' id='word_1_503' title='bbox 785 1851 960 1900; x_wconf 40' lang='lat' dir='ltr'><strong>laqueo,qui</strong></span> <span class='ocrx_word' id='word_1_504' title='bbox 985 1875 1034 1902; x_wconf 85' lang='lat' dir='ltr'><strong>per</strong></span> 
     </span>
    </p>
   </div>
   <div class='ocr_carea' id='block_1_70' title="bbox 247 1898 1032 1948">
    <p class='ocr_par' dir='ltr' id='par_1_70' title="bbox 247 1898 1032 1948">
     <span class='ocr_line' id='line_1_72' title="bbox 247 1898 1032 1948; baseline 0.022 -24"><span class='ocrx_word' id='word_1_505' title='bbox 247 1898 434 1933; x_wconf 80' lang='lat' dir='ltr'><strong>abreptionetu</strong></span> <span class='ocrx_word' id='word_1_506' title='bbox 453 1902 593 1937; x_wconf 88' lang='lat' dir='ltr'><strong>pollicitus</strong></span> <span class='ocrx_word' id='word_1_507' title='bbox 610 1911 652 1934; x_wconf 91' lang='lat' dir='ltr'><strong>est</strong></span> <span class='ocrx_word' id='word_1_508' title='bbox 674 1909 830 1937; x_wconf 80' lang='lat' dir='ltr'><strong>saeriﬁcare</strong></span> <span class='ocrx_word' id='word_1_509' title='bbox 848 1911 904 1938; x_wconf 90' lang='lat' dir='ltr'><strong>Deo</strong></span> <span class='ocrx_word' id='word_1_510' title='bbox 923 1898 1032 1948; x_wconf 70' lang='lat' dir='ltr'><strong>aliquid</strong></span> 
     </span>
    </p>
   </div>
   <div class='ocr_carea' id='block_1_71' title="bbox 244 1947 1032 1992">
    <p class='ocr_par' dir='ltr' id='par_1_71' title="bbox 244 1947 1032 1992">
     <span class='ocr_line' id='line_1_73' title="bbox 244 1947 1032 1992; baseline 0.02 -21"><span class='ocrx_word' id='word_1_511' title='bbox 244 1952 279 1972; x_wconf 74' lang='lat' dir='ltr'><strong>ex</strong></span> <span class='ocrx_word' id='word_1_512' title='bbox 295 1947 427 1980; x_wconf 85' lang='lat' dir='ltr'><strong>propriis.</strong></span> <span class='ocrx_word' id='word_1_513' title='bbox 449 1947 596 1984; x_wconf 83' lang='lat' dir='ltr'><strong>Postquam</strong></span> <span class='ocrx_word' id='word_1_514' title='bbox 618 1953 691 1979; x_wconf 88' lang='lat' dir='ltr'><strong>ettim</strong></span> <span class='ocrx_word' id='word_1_515' title='bbox 713 1955 828 1987; x_wconf 82' lang='lat' dir='ltr'><strong>voverit.</strong></span> <span class='ocrx_word' id='word_1_516' title='bbox 847 1964 918 1992; x_wconf 80' lang='lat' dir='ltr'><strong>saepe</strong></span> <span class='ocrx_word' id='word_1_517' title='bbox 939 1960 1032 1987; x_wconf 86' lang='lat' dir='ltr'><strong>evenit</strong></span> 
     </span>
    </p>
   </div>
   <div class='ocr_carea' id='block_1_72' title="bbox 245 1993 1031 2035">
    <p class='ocr_par' dir='ltr' id='par_1_72' title="bbox 245 1993 1031 2035">
     <span class='ocr_line' id='line_1_74' title="bbox 245 1993 1031 2035; baseline 0.022 -18"><span class='ocrx_word' id='word_1_518' title='bbox 245 1996 274 2018; x_wconf 85' lang='lat' dir='ltr'><strong>ut</strong></span> <span class='ocrx_word' id='word_1_519' title='bbox 298 1993 415 2029; x_wconf 76' lang='lat' dir='ltr'><strong>negligat</strong></span> <span class='ocrx_word' id='word_1_520' title='bbox 437 1995 560 2030; x_wconf 86' lang='lat' dir='ltr'><strong>implere,</strong></span> <span class='ocrx_word' id='word_1_521' title='bbox 574 2003 601 2025; x_wconf 79' lang='lat' dir='ltr'><strong>et</strong></span> <span class='ocrx_word' id='word_1_522' title='bbox 623 2006 677 2026; x_wconf 89' lang='lat' dir='ltr'><strong>non</strong></span> <span class='ocrx_word' id='word_1_523' title='bbox 694 2002 782 2035; x_wconf 78' lang='lat' dir='ltr'><strong>pOssit</strong></span> <span class='ocrx_word' id='word_1_524' title='bbox 797 2003 867 2031; x_wconf 90' lang='lat' dir='ltr'><strong>solvi</strong></span> <span class='ocrx_word' id='word_1_525' title='bbox 886 2011 901 2031; x_wconf 88' lang='lat' dir='ltr'><strong>a</strong></span> <span class='ocrx_word' id='word_1_526' title='bbox 921 2005 1031 2034; x_wconf 91' lang='lat' dir='ltr'><strong>vinculo</strong></span> 
     </span>
    </p>
   </div>
   <div class='ocr_carea' id='block_1_73' title="bbox 242 2036 309 2063">
    <p class='ocr_par' dir='ltr' id='par_1_73' title="bbox 242 2036 309 2063">
     <span class='ocr_line' id='line_1_75' title="bbox 242 2036 309 2063; baseline 0.015 -1"><span class='ocrx_word' id='word_1_527' title='bbox 242 2036 309 2063; x_wconf 87' lang='lat' dir='ltr'><strong>voti.</strong></span> 
     </span>
    </p>
   </div>
   <div class='ocr_carea' id='block_1_74' title="bbox 277 2082 1028 2129">
    <p class='ocr_par' dir='ltr' id='par_1_74' title="bbox 277 2082 1028 2129">
     <span class='ocr_line' id='line_1_76' title="bbox 277 2082 1028 2129; baseline 0.021 -21"><span class='ocrx_word' id='word_1_528' title='bbox 277 2082 362 2110; x_wconf 66' lang='lat' dir='ltr'><strong>Vatis.</strong></span> <span class='ocrx_word' id='word_1_529' title='bbox 377 2083 422 2111; x_wconf 70' lang='lat'><strong>26.</strong></span> <span class='ocrx_word' id='word_1_530' title='bbox 457 2085 606 2115; x_wconf 84' lang='lat' dir='ltr'><strong>Ventilator</strong></span> <span class='ocrx_word' id='word_1_531' title='bbox 628 2089 769 2124; x_wconf 80' lang='lat' dir='ltr'><strong>impiorum</strong></span> <span class='ocrx_word' id='word_1_532' title='bbox 798 2101 845 2127; x_wconf 71' lang='lat' dir='ltr'><strong>rex</strong></span> <span class='ocrx_word' id='word_1_533' title='bbox 869 2095 984 2129; x_wconf 75' lang='lat' dir='ltr'><strong>sapiens,</strong></span> <span class='ocrx_word' id='word_1_534' title='bbox 1003 2102 1028 2124; x_wconf 84' lang='lat' dir='ltr'><strong>et</strong></span> 
     </span>
    </p>
   </div>
   <div class='ocr_carea' id='block_1_75' title="bbox 241 2127 1026 2178">
    <p class='ocr_par' dir='ltr' id='par_1_75' title="bbox 241 2127 1026 2178">
     <span class='ocr_line' id='line_1_77' title="bbox 241 2127 1026 2178; baseline 0.022 -26"><span class='ocrx_word' id='word_1_535' title='bbox 241 2127 366 2155; x_wconf 77' lang='lat' dir='ltr'><strong>immittet</strong></span> <span class='ocrx_word' id='word_1_536' title='bbox 388 2130 444 2155; x_wconf 76' lang='lat' dir='ltr'><strong>illis</strong></span> <span class='ocrx_word' id='word_1_537' title='bbox 467 2137 563 2158; x_wconf 80' lang='lat' dir='ltr'><strong>rotant.</strong></span> <span class='ocrx_word' id='word_1_538' title='bbox 587 2133 636 2166; x_wconf 83' lang='lat' dir='ltr'><strong>Qui</strong></span> <span class='ocrx_word' id='word_1_539' title='bbox 660 2136 803 2170; x_wconf 85' lang='lat' dir='ltr'><strong>passiones</strong></span> <span class='ocrx_word' id='word_1_540' title='bbox 823 2146 889 2166; x_wconf 88' lang='lat' dir='ltr'><strong>suas</strong></span> <span class='ocrx_word' id='word_1_541' title='bbox 909 2141 1026 2178; x_wconf 82' lang='lat' dir='ltr'><strong>subegit,</strong></span> 
     </span>
    </p>
   </div>
   <div class='ocr_carea' id='block_1_76' title="bbox 241 2174 1028 2214">
    <p class='ocr_par' dir='ltr' id='par_1_76' title="bbox 241 2174 1028 2214">
     <span class='ocr_line' id='line_1_78' title="bbox 241 2174 1028 2214; baseline 0.022 -17"><span class='ocrx_word' id='word_1_542' title='bbox 241 2177 351 2206; x_wconf 88' lang='lat' dir='ltr'><strong>separat</strong></span> <span class='ocrx_word' id='word_1_543' title='bbox 373 2174 555 2209; x_wconf 78' lang='lat' dir='ltr'><strong>cogitationes</strong></span> <span class='ocrx_word' id='word_1_544' title='bbox 578 2186 639 2212; x_wconf 59' lang='lat' dir='ltr'><strong>qum</strong></span> <span class='ocrx_word' id='word_1_545' title='bbox 663 2179 749 2207; x_wconf 88' lang='lat' dir='ltr'><strong>Detttn</strong></span> <span class='ocrx_word' id='word_1_546' title='bbox 773 2182 910 2211; x_wconf 86' lang='lat' dir='ltr'><strong>honorant</strong></span> <span class='ocrx_word' id='word_1_547' title='bbox 934 2186 967 2212; x_wconf 85' lang='lat' dir='ltr'><strong>ab</strong></span> <span class='ocrx_word' id='word_1_548' title='bbox 992 2186 1028 2214; x_wconf 92' lang='lat' dir='ltr'><strong>iis</strong></span> 
     </span>
    </p>
   </div>
   <div class='ocr_carea' id='block_1_77' title="bbox 240 2220 1028 2260">
    <p class='ocr_par' dir='ltr' id='par_1_77' title="bbox 240 2220 1028 2260">
     <span class='ocr_line' id='line_1_79' title="bbox 240 2220 1028 2260; baseline 0.02 -17"><span class='ocrx_word' id='word_1_549' title='bbox 240 2225 302 2251; x_wconf 67' lang='lat' dir='ltr'><strong>quae</strong></span> <span class='ocrx_word' id='word_1_550' title='bbox 327 2226 382 2246; x_wconf 84' lang='lat' dir='ltr'><strong>non</strong></span> <span class='ocrx_word' id='word_1_551' title='bbox 411 2220 563 2255; x_wconf 85' lang='lat' dir='ltr'><strong>honorant,</strong></span> <span class='ocrx_word' id='word_1_552' title='bbox 586 2228 616 2251; x_wconf 90' lang='lat' dir='ltr'><strong>ut</strong></span> <span class='ocrx_word' id='word_1_553' title='bbox 641 2226 747 2260; x_wconf 80' lang='lat' dir='ltr'><strong>paleato</strong></span> <span class='ocrx_word' id='word_1_554' title='bbox 775 2235 789 2254; x_wconf 88' lang='lat' dir='ltr'><strong>a</strong></span> <span class='ocrx_word' id='word_1_555' title='bbox 811 2228 958 2258; x_wconf 79' lang='lat' dir='ltr'><strong>frumento.</strong></span> <span class='ocrx_word' id='word_1_556' title='bbox 979 2231 1028 2258; x_wconf 85' lang='lat' dir='ltr'><strong>Sa-</strong></span> 
     </span>
    </p>
   </div>
   <div class='ocr_carea' id='block_1_78' title="bbox 239 2263 1027 2305">
    <p class='ocr_par' dir='ltr' id='par_1_78' title="bbox 239 2263 1027 2305">
     <span class='ocr_line' id='line_1_80' title="bbox 239 2263 1027 2305; baseline 0.019 -15"><span class='ocrx_word' id='word_1_557' title='bbox 239 2263 348 2298; x_wconf 74' lang='lat' dir='ltr'><strong>pientia:</strong></span> <span class='ocrx_word' id='word_1_558' title='bbox 363 2266 453 2295; x_wconf 87' lang='lat' dir='ltr'><strong>verbis</strong></span> <span class='ocrx_word' id='word_1_559' title='bbox 471 2269 544 2303; x_wconf 89' lang='lat' dir='ltr'><strong>quod</strong></span> <span class='ocrx_word' id='word_1_560' title='bbox 561 2275 689 2299; x_wconf 75' lang='lat' dir='ltr'><strong>censetur</strong></span> <span class='ocrx_word' id='word_1_561' title='bbox 714 2272 815 2300; x_wconf 92' lang='lat' dir='ltr'><strong>bonum</strong></span> <span class='ocrx_word' id='word_1_562' title='bbox 839 2282 854 2302; x_wconf 90' lang='lat' dir='ltr'><strong>a</strong></span> <span class='ocrx_word' id='word_1_563' title='bbox 873 2276 945 2303; x_wconf 83' lang='lat' dir='ltr'><strong>bono</strong></span> <span class='ocrx_word' id='word_1_564' title='bbox 962 2285 1027 2305; x_wconf 90' lang='lat' dir='ltr'><strong>vero</strong></span> 
     </span>
    </p>
   </div>
   <div class='ocr_carea' id='block_1_79' title="bbox 239 2311 1024 2354">
    <p class='ocr_par' dir='ltr' id='par_1_79' title="bbox 239 2311 1024 2354">
     <span class='ocr_line' id='line_1_81' title="bbox 239 2311 1024 2354; baseline 0.018 -17"><span class='ocrx_word' id='word_1_565' title='bbox 239 2311 388 2345; x_wconf 81' lang='lat' dir='ltr'><strong>discernit;</strong></span> <span class='ocrx_word' id='word_1_566' title='bbox 417 2314 464 2348; x_wconf 83' lang='lat' dir='ltr'><strong>qui</strong></span> <span class='ocrx_word' id='word_1_567' title='bbox 489 2315 573 2343; x_wconf 89' lang='lat' dir='ltr'><strong>etiam</strong></span> <span class='ocrx_word' id='word_1_568' title='bbox 600 2317 679 2353; x_wconf 78' lang='lat' dir='ltr'><strong>longe</strong></span> <span class='ocrx_word' id='word_1_569' title='bbox 699 2319 734 2346; x_wconf 89' lang='lat' dir='ltr'><strong>ab</strong></span> <span class='ocrx_word' id='word_1_570' title='bbox 760 2319 819 2354; x_wconf 88' lang='lat' dir='ltr'><strong>ipso</strong></span> <span class='ocrx_word' id='word_1_571' title='bbox 841 2321 915 2349; x_wconf 89' lang='lat' dir='ltr'><strong>sicut</strong></span> <span class='ocrx_word' id='word_1_572' title='bbox 939 2327 1024 2350; x_wconf 89' lang='lat' dir='ltr'><strong>rotam</strong></span> 
     </span>
    </p>
   </div>
   <div class='ocr_carea' id='block_1_80' title="bbox 238 2356 767 2398">
    <p class='ocr_par' dir='ltr' id='par_1_80' title="bbox 238 2356 767 2398">
     <span class='ocr_line' id='line_1_82' title="bbox 238 2356 767 2398; baseline 0.019 -16"><span class='ocrx_word' id='word_1_573' title='bbox 238 2356 363 2385; x_wconf 80' lang='lat' dir='ltr'><strong>devolvet</strong></span> <span class='ocrx_word' id='word_1_574' title='bbox 377 2359 446 2387; x_wconf 89' lang='lat' dir='ltr'><strong>tales</strong></span> <span class='ocrx_word' id='word_1_575' title='bbox 462 2368 560 2395; x_wconf 81' lang='lat' dir='ltr'><strong>pravas</strong></span> <span class='ocrx_word' id='word_1_576' title='bbox 576 2363 767 2398; x_wconf 77' lang='lat' dir='ltr'><strong>cogitationes.</strong></span> 
     </span>
    </p>
   </div>
   <div class='ocr_carea' id='block_1_81' title="bbox 274 2403 1026 2450">
    <p class='ocr_par' dir='ltr' id='par_1_81' title="bbox 274 2403 1026 2450">
     <span class='ocr_line' id='line_1_83' title="bbox 274 2403 1026 2450; baseline 0.016 -20"><span class='ocrx_word' id='word_1_577' title='bbox 274 2403 356 2432; x_wconf 73' lang='lat' dir='ltr'><strong>Vens.</strong></span> <span class='ocrx_word' id='word_1_578' title='bbox 379 2405 424 2433; x_wconf 76' lang='grc'><strong>27.</strong></span> <span class='ocrx_word' id='word_1_579' title='bbox 448 2406 507 2434; x_wconf 79' lang='lat' dir='ltr'><strong>Lua:</strong></span> <span class='ocrx_word' id='word_1_580' title='bbox 528 2408 634 2436; x_wconf 82' lang='lat' dir='ltr'><strong>Domini</strong></span> <span class='ocrx_word' id='word_1_581' title='bbox 655 2411 816 2444; x_wconf 78' lang='lat' dir='ltr'><strong>spiraculum</strong></span> <span class='ocrx_word' id='word_1_582' title='bbox 837 2414 961 2446; x_wconf 78' lang='lat' dir='ltr'><strong>hominis,</strong></span> <span class='ocrx_word' id='word_1_583' title='bbox 981 2416 1026 2450; x_wconf 84' lang='lat' dir='ltr'><strong>qui</strong></span> 
     </span>
    </p>
   </div>
   <div class='ocr_carea' id='block_1_82' title="bbox 237 2455 1024 2497">
    <p class='ocr_par' dir='ltr' id='par_1_82' title="bbox 237 2455 1024 2497">
     <span class='ocr_line' id='line_1_84' title="bbox 237 2455 1024 2497; baseline 0.019 -23"><span class='ocrx_word' id='word_1_584' title='bbox 237 2455 373 2478; x_wconf 72' lang='lat' dir='ltr'><strong>scrutatur</strong></span> <span class='ocrx_word' id='word_1_585' title='bbox 388 2458 488 2480; x_wconf 75' lang='lat' dir='ltr'><strong>secreta</strong></span> <span class='ocrx_word' id='word_1_586' title='bbox 503 2455 611 2483; x_wconf 77' lang='lat' dir='ltr'><strong>ventris.</strong></span> <span class='ocrx_word' id='word_1_587' title='bbox 639 2455 742 2484; x_wconf 83' lang='lat' dir='ltr'><strong>Lumen</strong></span> <span class='ocrx_word' id='word_1_588' title='bbox 759 2458 916 2488; x_wconf 83' lang='lat' dir='ltr'><strong>indciiciens</strong></span> <span class='ocrx_word' id='word_1_589' title='bbox 931 2463 1024 2497; x_wconf 82' lang='lat' dir='ltr'><strong>cogni-</strong></span> 
     </span>
    </p>
   </div>
   <div class='ocr_carea' id='block_1_83' title="bbox 236 2495 1021 2534">
    <p class='ocr_par' dir='ltr' id='par_1_83' title="bbox 236 2495 1021 2534">
     <span class='ocr_line' id='line_1_85' title="bbox 236 2495 1021 2534; baseline 0.018 -14"><span class='ocrx_word' id='word_1_590' title='bbox 236 2495 322 2522; x_wconf 85' lang='lat' dir='ltr'><strong>tionis</strong></span> <span class='ocrx_word' id='word_1_591' title='bbox 347 2496 543 2531; x_wconf 68' lang='lat' dir='ltr'><strong>Solisjustitim</strong></span> <span class='ocrx_word' id='word_1_592' title='bbox 565 2501 622 2528; x_wconf 85' lang='lat' dir='ltr'><strong>vita</strong></span> <span class='ocrx_word' id='word_1_593' title='bbox 649 2506 690 2529; x_wconf 89' lang='lat' dir='ltr'><strong>est</strong></span> <span class='ocrx_word' id='word_1_594' title='bbox 713 2505 904 2532; x_wconf 79' lang='lat' dir='ltr'><strong>conservatrix</strong></span> <span class='ocrx_word' id='word_1_595' title='bbox 927 2515 1021 2534; x_wconf 88' lang='lat' dir='ltr'><strong>eorunt</strong></span> 
     </span>
    </p>
   </div>
   <div class='ocr_carea' id='block_1_84' title="bbox 234 2540 1023 2588">
    <p class='ocr_par' dir='ltr' id='par_1_84' title="bbox 234 2540 1023 2588">
     <span class='ocr_line' id='line_1_86' title="bbox 234 2540 1023 2588; baseline 0.019 -22"><span class='ocrx_word' id='word_1_596' title='bbox 234 2540 282 2575; x_wconf 87' lang='lat' dir='ltr'><strong>qui</strong></span> <span class='ocrx_word' id='word_1_597' title='bbox 299 2541 325 2568; x_wconf 90' lang='lat' dir='ltr'><strong>itt</strong></span> <span class='ocrx_word' id='word_1_598' title='bbox 343 2542 418 2570; x_wconf 90' lang='lat' dir='ltr'><strong>illum</strong></span> <span class='ocrx_word' id='word_1_599' title='bbox 439 2547 589 2580; x_wconf 87' lang='lat' dir='ltr'><strong>respiciunt</strong></span> <span class='ocrx_word' id='word_1_600' title='bbox 610 2553 639 2576; x_wconf 91' lang='lat' dir='ltr'><strong>ut</strong></span> <span class='ocrx_word' id='word_1_601' title='bbox 664 2549 690 2576; x_wconf 89' lang='lat' dir='ltr'><strong>in</strong></span> <span class='ocrx_word' id='word_1_602' title='bbox 708 2551 886 2586; x_wconf 70' lang='lat' dir='ltr'><strong>archetypum</strong></span> <span class='ocrx_word' id='word_1_603' title='bbox 908 2554 954 2587; x_wconf 86' lang='lat' dir='ltr'><strong>qui</strong></span> <span class='ocrx_word' id='word_1_604' title='bbox 975 2562 1023 2588; x_wconf 78' lang='lat' dir='ltr'><strong>per</strong></span> 
     </span>
    </p>
   </div>
   <div class='ocr_carea' id='block_1_85' title="bbox 235 2584 1021 2629">
    <p class='ocr_par' dir='ltr' id='par_1_85' title="bbox 235 2584 1021 2629">
     <span class='ocr_line' id='line_1_87' title="bbox 235 2584 1021 2629; baseline 0.022 -20"><span class='ocrx_word' id='word_1_605' title='bbox 235 2584 458 2619; x_wconf 80' lang='lat' dir='ltr'><strong>adimpletionem</strong></span> <span class='ocrx_word' id='word_1_606' title='bbox 486 2595 644 2620; x_wconf 80' lang='lat' dir='ltr'><strong>sanctarum</strong></span> <span class='ocrx_word' id='word_1_607' title='bbox 673 2595 733 2629; x_wconf 81' lang='lat' dir='ltr'><strong>ejus</strong></span> <span class='ocrx_word' id='word_1_608' title='bbox 757 2596 929 2624; x_wconf 88' lang='lat' dir='ltr'><strong>voluntatutn</strong></span> <span class='ocrx_word' id='word_1_609' title='bbox 957 2599 1021 2627; x_wconf 87' lang='lat' dir='ltr'><strong>illttd</strong></span> 
     </span>
    </p>
   </div>
   <div class='ocr_carea' id='block_1_86' title="bbox 234 2631 1021 2682">
    <p class='ocr_par' dir='ltr' id='par_1_86' title="bbox 234 2631 1021 2682">
     <span class='ocr_line' id='line_1_88' title="bbox 234 2631 1021 2682; baseline 0.02 -26"><span class='ocrx_word' id='word_1_610' title='bbox 234 2637 282 2665; x_wconf 72' lang='lat' dir='ltr'><strong>per</strong></span> <span class='ocrx_word' id='word_1_611' title='bbox 300 2631 506 2662; x_wconf 89' lang='lat' dir='ltr'><strong>similitudinem</strong></span> <span class='ocrx_word' id='word_1_612' title='bbox 533 2643 643 2665; x_wconf 84' lang='lat' dir='ltr'><strong>servant</strong></span> <span class='ocrx_word' id='word_1_613' title='bbox 666 2640 810 2676; x_wconf 76' lang='lat' dir='ltr'><strong>integrum.</strong></span> <span class='ocrx_word' id='word_1_614' title='bbox 834 2641 900 2668; x_wconf 85' lang='lat' dir='ltr'><strong>Nam</strong></span> <span class='ocrx_word' id='word_1_615' title='bbox 922 2645 1021 2682; x_wconf 76' lang='lat' dir='ltr'><strong>metuis</strong></span> 
     </span>
    </p>
   </div>
   <div class='ocr_carea' id='block_1_87' title="bbox 233 2672 1019 2727">
    <p class='ocr_par' dir='ltr' id='par_1_87' title="bbox 233 2672 1019 2727">
     <span class='ocr_line' id='line_1_89' title="bbox 233 2672 1019 2727; baseline 0.02 -25"><span class='ocrx_word' id='word_1_616' title='bbox 233 2672 288 2703; x_wconf 78' lang='lat' dir='ltr'><strong>vita</strong></span> <span class='ocrx_word' id='word_1_617' title='bbox 306 2678 395 2706; x_wconf 90' lang='lat' dir='ltr'><strong>lumen</strong></span> <span class='ocrx_word' id='word_1_618' title='bbox 412 2682 577 2716; x_wconf 87' lang='lat' dir='ltr'><strong>cognitionis</strong></span> <span class='ocrx_word' id='word_1_619' title='bbox 597 2684 643 2712; x_wconf 84' lang='lat' dir='ltr'><strong>Dei</strong></span> <span class='ocrx_word' id='word_1_620' title='bbox 658 2687 704 2721; x_wconf 89' lang='lat' dir='ltr'><strong>qui</strong></span> <span class='ocrx_word' id='word_1_621' title='bbox 723 2672 867 2716; x_wconf 61' lang='lat' dir='ltr'><strong>scrutatur</strong></span> <span class='ocrx_word' id='word_1_622' title='bbox 884 2679 1019 2727; x_wconf 78' lang='lat' dir='ltr'><strong>profunda</strong></span> 
     </span>
    </p>
   </div>
   <div class='ocr_carea' id='block_1_88' title="bbox 233 2723 1020 2767">
    <p class='ocr_par' dir='ltr' id='par_1_88' title="bbox 233 2723 1020 2767">
     <span class='ocr_line' id='line_1_90' title="bbox 233 2723 1020 2767; baseline 0.02 -19"><span class='ocrx_word' id='word_1_623' title='bbox 233 2723 408 2758; x_wconf 86' lang='lat' dir='ltr'><strong>cogitationis</strong></span> <span class='ocrx_word' id='word_1_624' title='bbox 430 2734 491 2761; x_wconf 71' lang='lat' dir='ltr'><strong>qua:</strong></span> <span class='ocrx_word' id='word_1_625' title='bbox 514 2729 547 2755; x_wconf 90' lang='lat' dir='ltr'><strong>ad</strong></span> <span class='ocrx_word' id='word_1_626' title='bbox 574 2729 660 2758; x_wconf 84' lang='lat' dir='ltr'><strong>instar</strong></span> <span class='ocrx_word' id='word_1_627' title='bbox 684 2734 800 2767; x_wconf 87' lang='lat' dir='ltr'><strong>ventris,</strong></span> <span class='ocrx_word' id='word_1_628' title='bbox 821 2735 899 2763; x_wconf 87' lang='lat' dir='ltr'><strong>cibos</strong></span> <span class='ocrx_word' id='word_1_629' title='bbox 922 2726 1020 2764; x_wconf 65' lang='lat' dir='ltr'><strong>anima:</strong></span> 
     </span>
    </p>
   </div>
   <div class='ocr_carea' id='block_1_89' title="bbox 233 2770 1020 2821">
    <p class='ocr_par' dir='ltr' id='par_1_89' title="bbox 233 2770 1020 2821">
     <span class='ocr_line' id='line_1_91' title="bbox 233 2770 1020 2821; baseline 0.02 -26"><span class='ocrx_word' id='word_1_630' title='bbox 233 2770 357 2804; x_wconf 75' lang='lat' dir='ltr'><strong>recipere</strong></span> <span class='ocrx_word' id='word_1_631' title='bbox 382 2776 472 2807; x_wconf 88' lang='lat' dir='ltr'><strong>potest</strong></span> <span class='ocrx_word' id='word_1_632' title='bbox 499 2774 556 2802; x_wconf 85' lang='lat' dir='ltr'><strong>sive</strong></span> <span class='ocrx_word' id='word_1_633' title='bbox 588 2777 732 2817; x_wconf 84' lang='lat' dir='ltr'><strong>nutribiles</strong></span> <span class='ocrx_word' id='word_1_634' title='bbox 760 2781 815 2808; x_wconf 91' lang='lat' dir='ltr'><strong>sint</strong></span> <span class='ocrx_word' id='word_1_635' title='bbox 843 2781 900 2810; x_wconf 86' lang='lat' dir='ltr'><strong>sive</strong></span> <span class='ocrx_word' id='word_1_636' title='bbox 927 2783 1020 2821; x_wconf 83' lang='lat' dir='ltr'><strong>perni-</strong></span> 
     </span>
    </p>
   </div>
   <div class='ocr_carea' id='block_1_90' title="bbox 230 2814 692 2849">
    <p class='ocr_par' dir='ltr' id='par_1_90' title="bbox 230 2815 311 2849">
     <span class='ocr_line' id='line_1_92' title="bbox 230 2815 311 2849; baseline 0.025 -9"><span class='ocrx_word' id='word_1_637' title='bbox 230 2815 311 2849; x_wconf 73' lang='lat' dir='ltr'><strong>ciosi.</strong></span> 
     </span>
    </p>
   </div>
   <div class='ocr_carea' id='block_1_91' title="bbox 267 2861 1018 2910">
    <p class='ocr_par' dir='ltr' id='par_1_91' title="bbox 267 2861 1018 2910">
     <span class='ocr_line' id='line_1_93' title="bbox 267 2861 1018 2910; baseline 0.02 -23"><span class='ocrx_word' id='word_1_638' title='bbox 267 2861 349 2889; x_wconf 74' lang='lat' dir='ltr'><strong>Vatis.</strong></span> <span class='ocrx_word' id='word_1_639' title='bbox 369 2864 414 2891; x_wconf 67' lang='lat'><strong>‘28.</strong></span> <span class='ocrx_word' id='word_1_640' title='bbox 435 2864 624 2894; x_wconf 74' lang='lat' dir='ltr'><strong>Misericordia</strong></span> <span class='ocrx_word' id='word_1_641' title='bbox 643 2874 665 2896; x_wconf 83' lang='lat' dir='ltr'><strong>et</strong></span> <span class='ocrx_word' id='word_1_642' title='bbox 687 2871 784 2898; x_wconf 72' lang='lat' dir='ltr'><strong>veritas</strong></span> <span class='ocrx_word' id='word_1_643' title='bbox 805 2874 887 2900; x_wconf 73' lang='lat' dir='ltr'><strong>tutela</strong></span> <span class='ocrx_word' id='word_1_644' title='bbox 905 2875 958 2910; x_wconf 69' lang='lat' dir='ltr'><strong>rrgi</strong></span> <span class='ocrx_word' id='word_1_645' title='bbox 971 2883 979 2901; x_wconf 86' lang='lat'><em>:</em></span> <span class='ocrx_word' id='word_1_646' title='bbox 993 2879 1018 2902; x_wconf 77' lang='lat' dir='ltr'><strong>et</strong></span> 
     </span>
    </p>
   </div>
   <div class='ocr_carea' id='block_1_92' title="bbox 1089 1596 1876 1638">
    <p class='ocr_par' dir='ltr' id='par_1_92' title="bbox 1089 1596 1876 1638">
     <span class='ocr_line' id='line_1_94' title="bbox 1089 1596 1876 1638; baseline 0.01 -15"><span class='ocrx_word' id='word_1_647' title='bbox 1089 1597 1150 1624; x_wconf 74' lang='grc' dir='ltr'>κατ’</span> <span class='ocrx_word' id='word_1_648' title='bbox 1159 1596 1255 1633; x_wconf 82' lang='grc' dir='ltr'>ὀδύνην</span> <span class='ocrx_word' id='word_1_649' title='bbox 1266 1598 1362 1633; x_wconf 83' lang='grc' dir='ltr'>φθορᾷ,</span> <span class='ocrx_word' id='word_1_650' title='bbox 1372 1599 1520 1626; x_wconf 84' lang='grc' dir='ltr'>κάντεῦθεν</span> <span class='ocrx_word' id='word_1_651' title='bbox 1533 1601 1701 1637; x_wconf 77' lang='grc' dir='ltr'>πρόσκαιρον</span> <span class='ocrx_word' id='word_1_652' title='bbox 1713 1603 1782 1638; x_wconf 80' lang='grc' dir='ltr'>ἒχων</span> <span class='ocrx_word' id='word_1_653' title='bbox 1793 1603 1876 1638; x_wconf 78' lang='grc' dir='ltr'>ζωὴν,</span> 
     </span>
    </p>
   </div>
   <div class='ocr_carea' id='block_1_93' title="bbox 1088 1643 1877 1684">
    <p class='ocr_par' dir='ltr' id='par_1_93' title="bbox 1088 1643 1877 1684">
     <span class='ocr_line' id='line_1_95' title="bbox 1088 1643 1877 1684; baseline 0.013 -16"><span class='ocrx_word' id='word_1_654' title='bbox 1088 1643 1229 1678; x_wconf 69' lang='grc' dir='ltr'>καταλάϐῃ</span> <span class='ocrx_word' id='word_1_655' title='bbox 1243 1643 1291 1675; x_wconf 81' lang='grc' dir='ltr'>τὰς</span> <span class='ocrx_word' id='word_1_656' title='bbox 1318 1644 1353 1670; x_wconf 87' lang='grc' dir='ltr'>δι’</span> <span class='ocrx_word' id='word_1_657' title='bbox 1379 1644 1543 1680; x_wconf 77' lang='grc' dir='ltr'>ἐγκρατείας</span> <span class='ocrx_word' id='word_1_658' title='bbox 1560 1648 1609 1682; x_wconf 82' lang='grc' dir='ltr'>μὲν</span> <span class='ocrx_word' id='word_1_659' title='bbox 1625 1649 1678 1675; x_wconf 78' lang='grc' dir='ltr'><strong>τῶν</strong></span> <span class='ocrx_word' id='word_1_660' title='bbox 1691 1649 1788 1684; x_wconf 80' lang='grc' dir='ltr'>ἡδέων,</span> <span class='ocrx_word' id='word_1_661' title='bbox 1810 1651 1877 1677; x_wconf 84' lang='grc' dir='ltr'>ὐπο-</span> 
     </span>
    </p>
   </div>
   <div class='ocr_carea' id='block_1_94' title="bbox 1089 1689 1877 1732">
    <p class='ocr_par' dir='ltr' id='par_1_94' title="bbox 1089 1689 1877 1732">
     <span class='ocr_line' id='line_1_96' title="bbox 1089 1689 1877 1732; baseline 0.014 -19"><span class='ocrx_word' id='word_1_662' title='bbox 1089 1689 1172 1724; x_wconf 83' lang='grc' dir='ltr'>μονῆς</span> <span class='ocrx_word' id='word_1_663' title='bbox 1187 1689 1215 1715; x_wconf 85' lang='grc' dir='ltr'>δὲ</span> <span class='ocrx_word' id='word_1_664' title='bbox 1231 1689 1286 1716; x_wconf 85' lang='grc' dir='ltr'><strong>τῶν</strong></span> <span class='ocrx_word' id='word_1_665' title='bbox 1314 1690 1453 1726; x_wconf 81' lang='grc' dir='ltr'>ὀδυνηρῶν</span> <span class='ocrx_word' id='word_1_666' title='bbox 1470 1693 1608 1729; x_wconf 76' lang='grc' dir='ltr'>φερούσας</span> <span class='ocrx_word' id='word_1_667' title='bbox 1624 1694 1705 1721; x_wconf 76' lang='grc' dir='ltr'>αὐτὸν</span> <span class='ocrx_word' id='word_1_668' title='bbox 1721 1697 1761 1728; x_wconf 84' lang='grc' dir='ltr'>είς</span> <span class='ocrx_word' id='word_1_669' title='bbox 1785 1705 1877 1732; x_wconf 85' lang='grc' dir='ltr'>σωτη-</span> 
     </span>
    </p>
   </div>
   <div class='ocr_carea' id='block_1_95' title="bbox 1086 1733 1260 1769">
    <p class='ocr_par' dir='ltr' id='par_1_95' title="bbox 1086 1733 1260 1769">
     <span class='ocr_line' id='line_1_97' title="bbox 1086 1733 1260 1769; baseline 0.017 -10"><span class='ocrx_word' id='word_1_670' title='bbox 1086 1733 1149 1769; x_wconf 82' lang='grc' dir='ltr'>ρίαν</span> <span class='ocrx_word' id='word_1_671' title='bbox 1164 1734 1260 1769; x_wconf 76' lang='grc' dir='ltr'>όδούς;</span> 
     </span>
    </p>
   </div>
   <div class='ocr_carea' id='block_1_96' title="bbox 1121 1777 1874 1821">
    <p class='ocr_par' dir='ltr' id='par_1_96' title="bbox 1121 1777 1874 1821">
     <span class='ocr_line' id='line_1_98' title="bbox 1121 1777 1874 1821; baseline 0.011 -15"><span class='ocrx_word' id='word_1_672' title='bbox 1121 1777 1169 1806; x_wconf 81' lang='grc' dir='ltr'>κε’.</span> <span class='ocrx_word' id='word_1_673' title='bbox 1186 1781 1280 1815; x_wconf 69' lang='grc' dir='ltr'>Παγὶς</span> <span class='ocrx_word' id='word_1_674' title='bbox 1294 1781 1391 1817; x_wconf 78' lang='grc' dir='ltr'>ἀνδρὶ,</span> <span class='ocrx_word' id='word_1_675' title='bbox 1407 1783 1483 1818; x_wconf 83' lang='grc' dir='ltr'>ταχύ</span> <span class='ocrx_word' id='word_1_676' title='bbox 1503 1793 1530 1810; x_wconf 82' lang='grc' dir='ltr'><strong>τι</strong></span> <span class='ocrx_word' id='word_1_677' title='bbox 1555 1784 1614 1811; x_wconf 82' lang='grc' dir='ltr'>τῶν</span> <span class='ocrx_word' id='word_1_678' title='bbox 1627 1785 1710 1812; x_wconf 74' lang='grc' dir='ltr'>ἰδίων</span> <span class='ocrx_word' id='word_1_679' title='bbox 1733 1786 1854 1821; x_wconf 79' lang='grc' dir='ltr'>ἁγιάσαι</span> <span class='ocrx_word' id='word_1_680' title='bbox 1866 1797 1874 1804; x_wconf 91' lang='grc'><strong>·</strong></span> 
     </span>
    </p>
   </div>
   <div class='ocr_carea' id='block_1_97' title="bbox 1082 1825 1876 1865">
    <p class='ocr_par' dir='ltr' id='par_1_97' title="bbox 1082 1825 1876 1865">
     <span class='ocr_line' id='line_1_99' title="bbox 1082 1825 1876 1865; baseline 0.011 -14"><span class='ocrx_word' id='word_1_681' title='bbox 1082 1825 1158 1859; x_wconf 82' lang='grc' dir='ltr'>μετὰ</span> <span class='ocrx_word' id='word_1_682' title='bbox 1175 1825 1229 1861; x_wconf 77' lang='grc' dir='ltr'>γὰρ</span> <span class='ocrx_word' id='word_1_683' title='bbox 1245 1827 1278 1854; x_wconf 83' lang='grc' dir='ltr'>τὸ</span> <span class='ocrx_word' id='word_1_684' title='bbox 1301 1828 1458 1861; x_wconf 75' lang='grc' dir='ltr'>εὔξασθαι,</span> <span class='ocrx_word' id='word_1_685' title='bbox 1479 1830 1638 1864; x_wconf 79' lang='grc' dir='ltr'>μετανοεῖν</span> <span class='ocrx_word' id='word_1_686' title='bbox 1656 1832 1779 1865; x_wconf 79' lang='grc' dir='ltr'>γίνεται.</span> <span class='ocrx_word' id='word_1_687' title='bbox 1805 1833 1876 1859; x_wconf 79' lang='grc' dir='ltr'>Ἀλί-</span> 
     </span>
    </p>
   </div>
   <div class='ocr_carea' id='block_1_98' title="bbox 1085 1872 1875 1914">
    <p class='ocr_par' dir='ltr' id='par_1_98' title="bbox 1085 1872 1875 1914">
     <span class='ocr_line' id='line_1_100' title="bbox 1085 1872 1875 1914; baseline 0.01 -17"><span class='ocrx_word' id='word_1_688' title='bbox 1085 1879 1176 1898; x_wconf 86' lang='grc' dir='ltr'>σκεται</span> <span class='ocrx_word' id='word_1_689' title='bbox 1185 1872 1222 1907; x_wconf 82' lang='grc' dir='ltr'>τῷ</span> <span class='ocrx_word' id='word_1_690' title='bbox 1232 1872 1288 1908; x_wconf 78' lang='grc' dir='ltr'>ἰδίῳ</span> <span class='ocrx_word' id='word_1_691' title='bbox 1296 1872 1377 1908; x_wconf 80' lang='grc' dir='ltr'>λόγῳ,</span> <span class='ocrx_word' id='word_1_692' title='bbox 1386 1874 1423 1906; x_wconf 84' lang='grc' dir='ltr'>ὡς</span> <span class='ocrx_word' id='word_1_693' title='bbox 1435 1876 1464 1901; x_wconf 81' lang='grc' dir='ltr'>ὲν</span> <span class='ocrx_word' id='word_1_694' title='bbox 1478 1875 1581 1910; x_wconf 82' lang='grc' dir='ltr'>παγίδι,</span> <span class='ocrx_word' id='word_1_695' title='bbox 1591 1876 1604 1901; x_wconf 81' lang='grc' dir='ltr'><strong>ὁ</strong></span> <span class='ocrx_word' id='word_1_696' title='bbox 1616 1876 1685 1902; x_wconf 83' lang='grc' dir='ltr'>κατὰ</span> <span class='ocrx_word' id='word_1_697' title='bbox 1698 1879 1875 1914; x_wconf 81' lang='grc' dir='ltr'>συναρπαγὴν</span> 
     </span>
    </p>
   </div>
   <div class='ocr_carea' id='block_1_99' title="bbox 1084 1917 1871 1958">
    <p class='ocr_par' dir='ltr' id='par_1_99' title="bbox 1084 1917 1871 1958">
     <span class='ocr_line' id='line_1_101' title="bbox 1084 1917 1871 1958; baseline 0.011 -15"><span class='ocrx_word' id='word_1_698' title='bbox 1084 1917 1298 1954; x_wconf 83' lang='grc' dir='ltr'>ὑπισχνούμενος</span> <span class='ocrx_word' id='word_1_699' title='bbox 1324 1921 1494 1956; x_wconf 76' lang='grc' dir='ltr'>καθιερῶσαί</span> <span class='ocrx_word' id='word_1_700' title='bbox 1519 1930 1546 1947; x_wconf 87' lang='grc' dir='ltr'><strong>τι</strong></span> <span class='ocrx_word' id='word_1_701' title='bbox 1571 1922 1630 1958; x_wconf 88' lang='grc' dir='ltr'><strong>Θεῴ</strong></span> <span class='ocrx_word' id='word_1_702' title='bbox 1658 1923 1713 1950; x_wconf 82' lang='grc' dir='ltr'><strong>τῶν</strong></span> <span class='ocrx_word' id='word_1_703' title='bbox 1745 1926 1871 1952; x_wconf 77' lang='grc' dir='ltr'>οἰκείων·</span> 
     </span>
    </p>
   </div>
   <div class='ocr_carea' id='block_1_100' title="bbox 1084 1964 1873 2006">
    <p class='ocr_par' dir='ltr' id='par_1_100' title="bbox 1084 1964 1873 2006">
     <span class='ocr_line' id='line_1_102' title="bbox 1084 1964 1873 2006; baseline 0.011 -18"><span class='ocrx_word' id='word_1_704' title='bbox 1084 1964 1152 1998; x_wconf 84' lang='grc' dir='ltr'>μετὰ</span> <span class='ocrx_word' id='word_1_705' title='bbox 1165 1965 1218 1999; x_wconf 80' lang='grc' dir='ltr'>γὰρ</span> <span class='ocrx_word' id='word_1_706' title='bbox 1234 1965 1264 1990; x_wconf 88' lang='grc' dir='ltr'>τὸ</span> <span class='ocrx_word' id='word_1_707' title='bbox 1282 1965 1460 2000; x_wconf 80' lang='grc' dir='ltr'>ὑποσχέσθαι,</span> <span class='ocrx_word' id='word_1_708' title='bbox 1476 1967 1621 2002; x_wconf 75' lang='grc' dir='ltr'>συμϐαίνει</span> <span class='ocrx_word' id='word_1_709' title='bbox 1638 1969 1770 2001; x_wconf 77' lang='grc' dir='ltr'>πολλάκις</span> <span class='ocrx_word' id='word_1_710' title='bbox 1797 1971 1873 2006; x_wconf 76' lang='grc' dir='ltr'><strong>αὐτῷ</strong></span> 
     </span>
    </p>
   </div>
   <div class='ocr_carea' id='block_1_101' title="bbox 1083 2009 1873 2050">
    <p class='ocr_par' dir='ltr' id='par_1_101' title="bbox 1083 2009 1873 2050">
     <span class='ocr_line' id='line_1_103' title="bbox 1083 2009 1873 2050; baseline 0.013 -16"><span class='ocrx_word' id='word_1_711' title='bbox 1083 2009 1315 2046; x_wconf 81' lang='grc' dir='ltr'>μεταμεληθῆναι,</span> <span class='ocrx_word' id='word_1_712' title='bbox 1331 2012 1378 2038; x_wconf 74' lang='grc' dir='ltr'><strong>καὶ</strong></span> <span class='ocrx_word' id='word_1_713' title='bbox 1393 2012 1492 2047; x_wconf 85' lang='grc' dir='ltr'>δεσμοῦ</span> <span class='ocrx_word' id='word_1_714' title='bbox 1515 2014 1565 2048; x_wconf 79' lang='grc' dir='ltr'>τῆς</span> <span class='ocrx_word' id='word_1_715' title='bbox 1577 2014 1751 2050; x_wconf 82' lang='grc' dir='ltr'>ὑποσχέσεως</span> <span class='ocrx_word' id='word_1_716' title='bbox 1769 2017 1873 2044; x_wconf 79' lang='grc' dir='ltr'>ἀπολυ-</span> 
     </span>
    </p>
   </div>
   <div class='ocr_carea' id='block_1_102' title="bbox 1081 2053 1369 2091">
    <p class='ocr_par' dir='ltr' id='par_1_102' title="bbox 1081 2053 1369 2091">
     <span class='ocr_line' id='line_1_104' title="bbox 1081 2053 1369 2091; baseline 0.014 -11"><span class='ocrx_word' id='word_1_717' title='bbox 1081 2053 1160 2089; x_wconf 81' lang='grc' dir='ltr'>θῆναι</span> <span class='ocrx_word' id='word_1_718' title='bbox 1174 2056 1211 2091; x_wconf 82' lang='grc' dir='ltr'>μὴ</span> <span class='ocrx_word' id='word_1_719' title='bbox 1228 2056 1369 2084; x_wconf 86' lang='grc' dir='ltr'>δύνασθαι.</span> 
     </span>
    </p>
   </div>
   <div class='ocr_carea' id='block_1_103' title="bbox 1116 2103 1869 2142">
    <p class='ocr_par' dir='ltr' id='par_1_103' title="bbox 1116 2103 1869 2142">
     <span class='ocr_line' id='line_1_105' title="bbox 1116 2103 1869 2142; baseline 0.009 -14"><span class='ocrx_word' id='word_1_720' title='bbox 1116 2104 1172 2134; x_wconf 83' lang='grc' dir='ltr'><strong>κς’.</strong></span> <span class='ocrx_word' id='word_1_721' title='bbox 1186 2103 1342 2138; x_wconf 82' lang='grc' dir='ltr'>Λικμήτωρ</span> <span class='ocrx_word' id='word_1_722' title='bbox 1371 2104 1499 2138; x_wconf 78' lang='grc' dir='ltr'>ἀσεϐῶν,</span> <span class='ocrx_word' id='word_1_723' title='bbox 1519 2106 1672 2140; x_wconf 71' lang='grc' dir='ltr'>,βασιλεὺς</span> <span class='ocrx_word' id='word_1_724' title='bbox 1691 2108 1797 2142; x_wconf 62' lang='grc' dir='ltr'>σοφὸς,</span> <span class='ocrx_word' id='word_1_725' title='bbox 1819 2109 1869 2135; x_wconf 75' lang='grc' dir='ltr'>καὶ</span> 
     </span>
    </p>
   </div>
   <div class='ocr_carea' id='block_1_104' title="bbox 1079 2146 1870 2189">
    <p class='ocr_par' dir='ltr' id='par_1_104' title="bbox 1079 2146 1870 2189">
     <span class='ocr_line' id='line_1_106' title="bbox 1079 2146 1870 2189; baseline 0.01 -16"><span class='ocrx_word' id='word_1_726' title='bbox 1079 2146 1215 2175; x_wconf 71' lang='grc' dir='ltr'>ὲπιϐαλεῖ</span> <span class='ocrx_word' id='word_1_727' title='bbox 1227 2150 1327 2182; x_wconf 84' lang='grc' dir='ltr'>αὐτοῖς</span> <span class='ocrx_word' id='word_1_728' title='bbox 1342 2152 1460 2185; x_wconf 80' lang='grc' dir='ltr'>τροχόν.</span> <span class='ocrx_word' id='word_1_729' title='bbox 1475 2152 1639 2187; x_wconf 82' lang='grc' dir='ltr'>Ἀφοριστὴς</span> <span class='ocrx_word' id='word_1_730' title='bbox 1655 2154 1730 2180; x_wconf 77' lang='grc' dir='ltr'>ἐστιν</span> <span class='ocrx_word' id='word_1_731' title='bbox 1749 2155 1788 2183; x_wconf 80' lang='grc' dir='ltr'>ὡς</span> <span class='ocrx_word' id='word_1_732' title='bbox 1801 2155 1870 2189; x_wconf 80' lang='grc' dir='ltr'><strong>ἁχὺ-</strong></span> 
     </span>
    </p>
   </div>
   <div class='ocr_carea' id='block_1_105' title="bbox 1080 2194 1867 2236">
    <p class='ocr_par' dir='ltr' id='par_1_105' title="bbox 1080 2194 1867 2236">
     <span class='ocr_line' id='line_1_107' title="bbox 1080 2194 1867 2236; baseline 0.011 -18"><span class='ocrx_word' id='word_1_733' title='bbox 1080 2201 1134 2227; x_wconf 88' lang='grc' dir='ltr'><strong>ρων</strong></span> <span class='ocrx_word' id='word_1_734' title='bbox 1150 2194 1203 2220; x_wconf 84' lang='grc' dir='ltr'><strong>ἀπὸ</strong></span> <span class='ocrx_word' id='word_1_735' title='bbox 1219 2194 1293 2221; x_wconf 80' lang='grc' dir='ltr'>σίτου</span> <span class='ocrx_word' id='word_1_736' title='bbox 1323 2195 1378 2222; x_wconf 84' lang='grc' dir='ltr'>’τῶν</span> <span class='ocrx_word' id='word_1_737' title='bbox 1404 2196 1442 2232; x_wconf 85' lang='grc' dir='ltr'>μὴ</span> <span class='ocrx_word' id='word_1_738' title='bbox 1467 2197 1533 2224; x_wconf 80' lang='grc' dir='ltr'>Θεὸν</span> <span class='ocrx_word' id='word_1_739' title='bbox 1554 2199 1697 2233; x_wconf 79' lang='grc' dir='ltr'>τιμώντων</span> <span class='ocrx_word' id='word_1_740' title='bbox 1716 2200 1867 2236; x_wconf 81' lang='grc' dir='ltr'>λογισμῶν,</span> 
     </span>
    </p>
   </div>
   <div class='ocr_carea' id='block_1_106' title="bbox 1044 2230 1866 2282">
    <p class='ocr_par' dir='ltr' id='par_1_106' title="bbox 1044 2230 1866 2282">
     <span class='ocr_line' id='line_1_108' title="bbox 1044 2230 1866 2282; baseline 0.013 -19"><span class='ocrx_word' id='word_1_741' title='bbox 1044 2230 1065 2257; x_wconf 84' lang='grc' dir='ltr'>Ῑ)</span> <span class='ocrx_word' id='word_1_742' title='bbox 1080 2237 1134 2264; x_wconf 78' lang='grc' dir='ltr'>ἀπὸ</span> <span class='ocrx_word' id='word_1_743' title='bbox 1145 2238 1200 2265; x_wconf 82' lang='grc' dir='ltr'><strong>τῶν</strong></span> <span class='ocrx_word' id='word_1_744' title='bbox 1214 2240 1358 2275; x_wconf 84' lang='grc' dir='ltr'>τιμώντων</span> <span class='ocrx_word' id='word_1_745' title='bbox 1371 2241 1462 2274; x_wconf 80' lang='grc' dir='ltr'>αὑτὸν,</span> <span class='ocrx_word' id='word_1_746' title='bbox 1476 2242 1490 2268; x_wconf 79' lang='grc' dir='ltr'><strong>δ</strong></span> <span class='ocrx_word' id='word_1_747' title='bbox 1505 2243 1560 2269; x_wconf 86' lang='grc' dir='ltr'><strong>τῶν</strong></span> <span class='ocrx_word' id='word_1_748' title='bbox 1575 2244 1668 2270; x_wconf 84' lang='grc' dir='ltr'>παθῶν</span> <span class='ocrx_word' id='word_1_749' title='bbox 1678 2246 1866 2282; x_wconf 73' lang='grc' dir='ltr'>αὐτοκράτωρ·</span> 
     </span>
    </p>
   </div>
   <div class='ocr_carea' id='block_1_107' title="bbox 1081 2283 1867 2326">
    <p class='ocr_par' dir='ltr' id='par_1_107' title="bbox 1081 2283 1867 2326">
     <span class='ocr_line' id='line_1_109' title="bbox 1081 2283 1867 2326; baseline 0.014 -17"><span class='ocrx_word' id='word_1_750' title='bbox 1081 2283 1178 2318; x_wconf 81' lang='grc' dir='ltr'>σοφίας</span> <span class='ocrx_word' id='word_1_751' title='bbox 1193 2284 1283 2319; x_wconf 77' lang='grc' dir='ltr'>λόγοις</span> <span class='ocrx_word' id='word_1_752' title='bbox 1300 2285 1347 2312; x_wconf 88' lang='grc' dir='ltr'><strong>τοῦ</strong></span> <span class='ocrx_word' id='word_1_753' title='bbox 1370 2286 1456 2318; x_wconf 72' lang='grc' dir='ltr'>ὅντως</span> <span class='ocrx_word' id='word_1_754' title='bbox 1481 2287 1596 2322; x_wconf 77' lang='grc' dir='ltr'>ἀγαθοῦ,</span> <span class='ocrx_word' id='word_1_755' title='bbox 1621 2290 1668 2316; x_wconf 78' lang='grc' dir='ltr'>τὸν</span> <span class='ocrx_word' id='word_1_756' title='bbox 1687 2291 1867 2326; x_wconf 77' lang='grc' dir='ltr'>νομιζόμενον</span> 
     </span>
    </p>
   </div>
   <div class='ocr_carea' id='block_1_108' title="bbox 1079 2329 1867 2370">
    <p class='ocr_par' dir='ltr' id='par_1_108' title="bbox 1079 2329 1867 2370">
     <span class='ocr_line' id='line_1_110' title="bbox 1079 2329 1867 2370; baseline 0.011 -15"><span class='ocrx_word' id='word_1_757' title='bbox 1079 2329 1266 2366; x_wconf 84' lang='grc' dir='ltr'>ἀποδιαιρῶν·</span> <span class='ocrx_word' id='word_1_758' title='bbox 1296 2331 1325 2363; x_wconf 83' lang='grc' dir='ltr'><strong>ὃς</strong></span> <span class='ocrx_word' id='word_1_759' title='bbox 1354 2333 1401 2359; x_wconf 78' lang='grc' dir='ltr'>καὶ</span> <span class='ocrx_word' id='word_1_760' title='bbox 1428 2333 1507 2368; x_wconf 84' lang='grc' dir='ltr'>δίκην</span> <span class='ocrx_word' id='word_1_761' title='bbox 1532 2335 1629 2369; x_wconf 83' lang='grc' dir='ltr'>τροχοῦ</span> <span class='ocrx_word' id='word_1_762' title='bbox 1647 2336 1712 2368; x_wconf 76' lang='grc' dir='ltr'>τοὺς</span> <span class='ocrx_word' id='word_1_763' title='bbox 1729 2338 1867 2370; x_wconf 79' lang='grc' dir='ltr'>τοιούτους</span> 
     </span>
    </p>
   </div>
   <div class='ocr_carea' id='block_1_109' title="bbox 1079 2376 1811 2416">
    <p class='ocr_par' dir='ltr' id='par_1_109' title="bbox 1079 2376 1811 2416">
     <span class='ocr_line' id='line_1_111' title="bbox 1079 2376 1811 2416; baseline 0.011 -15"><span class='ocrx_word' id='word_1_764' title='bbox 1079 2377 1214 2411; x_wconf 82' lang='grc' dir='ltr'>πονηροὺς</span> <span class='ocrx_word' id='word_1_765' title='bbox 1229 2376 1376 2412; x_wconf 82' lang='grc' dir='ltr'>λογισμοὺς</span> <span class='ocrx_word' id='word_1_766' title='bbox 1396 2378 1534 2406; x_wconf 83' lang='grc' dir='ltr'>ὲκκυλίσει</span> <span class='ocrx_word' id='word_1_767' title='bbox 1552 2381 1659 2416; x_wconf 73' lang='grc' dir='ltr'>μακρὰν</span> <span class='ocrx_word' id='word_1_768' title='bbox 1672 2381 1701 2415; x_wconf 73' lang='grc' dir='ltr'><strong>ἐξ</strong></span> <span class='ocrx_word' id='word_1_769' title='bbox 1716 2382 1811 2409; x_wconf 80' lang='grc' dir='ltr'>αὐτοῦ.</span> 
     </span>
    </p>
   </div>
   <div class='ocr_carea' id='block_1_110' title="bbox 1113 2421 1866 2463">
    <p class='ocr_par' dir='ltr' id='par_1_110' title="bbox 1113 2421 1866 2463">
     <span class='ocr_line' id='line_1_112' title="bbox 1113 2421 1866 2463; baseline 0.011 -16"><span class='ocrx_word' id='word_1_770' title='bbox 1113 2421 1165 2453; x_wconf 82' lang='grc' dir='ltr'><strong>κζ’.</strong></span> <span class='ocrx_word' id='word_1_771' title='bbox 1180 2422 1244 2455; x_wconf 84' lang='grc' dir='ltr'><strong>Φῶς</strong></span> <span class='ocrx_word' id='word_1_772' title='bbox 1260 2423 1380 2456; x_wconf 78' lang='grc' dir='ltr'>Κυρίου,</span> <span class='ocrx_word' id='word_1_773' title='bbox 1401 2425 1479 2458; x_wconf 82' lang='grc' dir='ltr'>πνοὴ</span> <span class='ocrx_word' id='word_1_774' title='bbox 1505 2425 1660 2459; x_wconf 82' lang='grc' dir='ltr'>ἀνθρώπου</span> <span class='ocrx_word' id='word_1_775' title='bbox 1673 2435 1680 2442; x_wconf 89' lang='grc'>·</span> <span class='ocrx_word' id='word_1_776' title='bbox 1704 2427 1739 2460; x_wconf 80' lang='grc' dir='ltr'><strong>ὃς</strong></span> <span class='ocrx_word' id='word_1_777' title='bbox 1758 2428 1866 2463; x_wconf 76' lang='grc' dir='ltr'>ἐρευνᾷ</span> 
     </span>
    </p>
   </div>
   <div class='ocr_carea' id='block_1_111' title="bbox 1077 2466 1866 2506">
    <p class='ocr_par' dir='ltr' id='par_1_111' title="bbox 1077 2466 1866 2506">
     <span class='ocr_line' id='line_1_113' title="bbox 1077 2466 1866 2506; baseline 0.009 -14"><span class='ocrx_word' id='word_1_778' title='bbox 1077 2466 1181 2500; x_wconf 80' lang='grc' dir='ltr'>ταμεῖα</span> <span class='ocrx_word' id='word_1_779' title='bbox 1198 2468 1326 2501; x_wconf 79' lang='grc' dir='ltr'>κοιλίας.</span> <span class='ocrx_word' id='word_1_780' title='bbox 1353 2468 1389 2494; x_wconf 85' lang='grc' dir='ltr'><strong>Τὸ</strong></span> <span class='ocrx_word' id='word_1_781' title='bbox 1415 2469 1565 2505; x_wconf 79' lang='grc' dir='ltr'>ἀνέσπερον</span> <span class='ocrx_word' id='word_1_782' title='bbox 1591 2471 1649 2505; x_wconf 83' lang='grc' dir='ltr'><strong>φῶς</strong></span> <span class='ocrx_word' id='word_1_783' title='bbox 1665 2473 1714 2506; x_wconf 77' lang='grc' dir='ltr'><strong>τῆς</strong></span> <span class='ocrx_word' id='word_1_784' title='bbox 1737 2473 1866 2505; x_wconf 79' lang='grc' dir='ltr'>γνώσεως</span> 
     </span>
    </p>
   </div>
   <div class='ocr_carea' id='block_1_112' title="bbox 1076 2511 1864 2554">
    <p class='ocr_par' dir='ltr' id='par_1_112' title="bbox 1076 2511 1864 2554">
     <span class='ocr_line' id='line_1_114' title="bbox 1076 2511 1864 2554; baseline 0.009 -16"><span class='ocrx_word' id='word_1_785' title='bbox 1076 2511 1123 2538; x_wconf 79' lang='grc' dir='ltr'><strong>τοῦ</strong></span> <span class='ocrx_word' id='word_1_786' title='bbox 1135 2513 1185 2547; x_wconf 80' lang='grc' dir='ltr'>τῆς</span> <span class='ocrx_word' id='word_1_787' title='bbox 1200 2513 1375 2548; x_wconf 82' lang='grc' dir='ltr'>δικαιοσύνης</span> <span class='ocrx_word' id='word_1_788' title='bbox 1394 2514 1495 2548; x_wconf 83' lang='grc' dir='ltr'>Ἠλίου,</span> <span class='ocrx_word' id='word_1_789' title='bbox 1515 2518 1659 2553; x_wconf 86' lang='grc' dir='ltr'>συνεκτικὴ</span> <span class='ocrx_word' id='word_1_790' title='bbox 1673 2518 1730 2544; x_wconf 77' lang='grc' dir='ltr'>ἐστι</span> <span class='ocrx_word' id='word_1_791' title='bbox 1741 2519 1798 2554; x_wconf 78' lang='grc' dir='ltr'>ζωὴ</span> <span class='ocrx_word' id='word_1_792' title='bbox 1810 2521 1864 2545; x_wconf 80' lang='grc' dir='ltr'><strong>τῶν</strong></span> 
     </span>
    </p>
   </div>
   <div class='ocr_carea' id='block_1_113' title="bbox 1078 2557 1863 2597">
    <p class='ocr_par' dir='ltr' id='par_1_113' title="bbox 1078 2557 1863 2597">
     <span class='ocr_line' id='line_1_115' title="bbox 1078 2557 1863 2597; baseline 0.01 -14"><span class='ocrx_word' id='word_1_793' title='bbox 1078 2557 1232 2593; x_wconf 83' lang='grc' dir='ltr'>βλεπόντων</span> <span class='ocrx_word' id='word_1_794' title='bbox 1245 2559 1313 2593; x_wconf 79' lang='grc' dir='ltr'>πρὸς</span> <span class='ocrx_word' id='word_1_795' title='bbox 1331 2559 1414 2587; x_wconf 78' lang='grc' dir='ltr'>αὑτὸν</span> <span class='ocrx_word' id='word_1_796' title='bbox 1425 2560 1462 2592; x_wconf 83' lang='grc' dir='ltr'><strong>ὡς</strong></span> <span class='ocrx_word' id='word_1_797' title='bbox 1480 2562 1633 2597; x_wconf 82' lang='grc' dir='ltr'>ἀρχέτυπον</span> <span class='ocrx_word' id='word_1_798' title='bbox 1646 2571 1653 2577; x_wconf 92' lang='grc'><strong>·</strong></span> <span class='ocrx_word' id='word_1_799' title='bbox 1668 2564 1714 2590; x_wconf 66' lang='grc' dir='ltr'>καὶ</span> <span class='ocrx_word' id='word_1_800' title='bbox 1726 2566 1785 2596; x_wconf 81' lang='grc' dir='ltr'>ταῖς</span> <span class='ocrx_word' id='word_1_801' title='bbox 1802 2566 1863 2591; x_wconf 75' lang='grc' dir='ltr'>καθ’</span> 
     </span>
    </p>
   </div>
   <div class='ocr_carea' id='block_1_114' title="bbox 1076 2603 1864 2645">
    <p class='ocr_par' dir='ltr' id='par_1_114' title="bbox 1076 2603 1864 2645">
     <span class='ocr_line' id='line_1_116' title="bbox 1076 2603 1864 2645; baseline 0.01 -16"><span class='ocrx_word' id='word_1_802' title='bbox 1076 2603 1206 2638; x_wconf 78' lang='grc' dir='ltr'>ὁμοίωσιν</span> <span class='ocrx_word' id='word_1_803' title='bbox 1229 2605 1372 2640; x_wconf 71' lang='grc' dir='ltr'>ἐργασίαις</span> <span class='ocrx_word' id='word_1_804' title='bbox 1395 2606 1448 2633; x_wconf 83' lang='grc' dir='ltr'><strong>τῶν</strong></span> <span class='ocrx_word' id='word_1_805' title='bbox 1462 2608 1629 2642; x_wconf 81' lang='grc' dir='ltr'>παναγάθων</span> <span class='ocrx_word' id='word_1_806' title='bbox 1644 2609 1727 2635; x_wconf 84' lang='grc' dir='ltr'>αὑτοῦ</span> <span class='ocrx_word' id='word_1_807' title='bbox 1744 2610 1864 2645; x_wconf 75' lang='grc' dir='ltr'>θελημά-</span> 
     </span>
    </p>
   </div>
   <div class='ocr_carea' id='block_1_115' title="bbox 1074 2648 1862 2691">
    <p class='ocr_par' dir='ltr' id='par_1_115' title="bbox 1074 2648 1862 2691">
     <span class='ocr_line' id='line_1_117' title="bbox 1074 2648 1862 2691; baseline 0.01 -17"><span class='ocrx_word' id='word_1_808' title='bbox 1074 2656 1139 2679; x_wconf 79' lang='grc' dir='ltr'>των.</span> <span class='ocrx_word' id='word_1_809' title='bbox 1168 2648 1198 2675; x_wconf 84' lang='grc' dir='ltr'>τὸ</span> <span class='ocrx_word' id='word_1_810' title='bbox 1225 2650 1389 2677; x_wconf 81' lang='grc' dir='ltr'>κατέῐκόνα</span> <span class='ocrx_word' id='word_1_811' title='bbox 1415 2651 1608 2686; x_wconf 84' lang='grc' dir='ltr'>φυλασσόντων</span> <span class='ocrx_word' id='word_1_812' title='bbox 1630 2654 1764 2688; x_wconf 82' lang='grc' dir='ltr'>ἀμείωτον</span> <span class='ocrx_word' id='word_1_813' title='bbox 1779 2662 1786 2669; x_wconf 91' lang='grc'><strong>·</strong></span> <span class='ocrx_word' id='word_1_814' title='bbox 1806 2655 1862 2691; x_wconf 82' lang='grc' dir='ltr'><strong>ζωὴ</strong></span> 
     </span>
    </p>
   </div>
   <div class='ocr_carea' id='block_1_116' title="bbox 1074 2693 1861 2734">
    <p class='ocr_par' dir='ltr' id='par_1_116' title="bbox 1074 2693 1861 2734">
     <span class='ocr_line' id='line_1_118' title="bbox 1074 2693 1861 2734; baseline 0.011 -15"><span class='ocrx_word' id='word_1_815' title='bbox 1074 2693 1128 2729; x_wconf 81' lang='grc' dir='ltr'><strong>γὰρ</strong></span> <span class='ocrx_word' id='word_1_816' title='bbox 1141 2694 1188 2721; x_wconf 86' lang='grc' dir='ltr'><strong>τοῦ</strong></span> <span class='ocrx_word' id='word_1_817' title='bbox 1196 2695 1254 2728; x_wconf 86' lang='grc' dir='ltr'>νοῦ,</span> <span class='ocrx_word' id='word_1_818' title='bbox 1265 2697 1279 2722; x_wconf 87' lang='grc' dir='ltr'>ὁ</span> <span class='ocrx_word' id='word_1_819' title='bbox 1290 2697 1429 2731; x_wconf 74' lang='grc' dir='ltr'>φωτισμός</span> <span class='ocrx_word' id='word_1_820' title='bbox 1445 2698 1502 2724; x_wconf 80' lang='grc' dir='ltr'>ἐστι</span> <span class='ocrx_word' id='word_1_821' title='bbox 1517 2699 1566 2733; x_wconf 86' lang='grc' dir='ltr'><strong>τῆς</strong></span> <span class='ocrx_word' id='word_1_822' title='bbox 1579 2699 1708 2732; x_wconf 82' lang='grc' dir='ltr'>γνώσεως</span> <span class='ocrx_word' id='word_1_823' title='bbox 1722 2701 1769 2728; x_wconf 86' lang='grc' dir='ltr'><strong>τοῦ</strong></span> <span class='ocrx_word' id='word_1_824' title='bbox 1781 2702 1861 2734; x_wconf 83' lang='grc' dir='ltr'>θεοῦ,</span> 
     </span>
    </p>
   </div>
   <div class='ocr_carea' id='block_1_117' title="bbox 1073 2740 1862 2780">
    <p class='ocr_par' dir='ltr' id='par_1_117' title="bbox 1073 2740 1862 2780">
     <span class='ocr_line' id='line_1_119' title="bbox 1073 2740 1862 2780; baseline 0.011 -14"><span class='ocrx_word' id='word_1_825' title='bbox 1073 2740 1102 2772; x_wconf 78' lang='grc' dir='ltr'><strong>ὃς</strong></span> <span class='ocrx_word' id='word_1_826' title='bbox 1118 2741 1241 2773; x_wconf 77' lang='grc' dir='ltr'>ἐξετάζει</span> <span class='ocrx_word' id='word_1_827' title='bbox 1253 2742 1287 2768; x_wconf 78' lang='grc' dir='ltr'><strong>τὰ</strong></span> <span class='ocrx_word' id='word_1_828' title='bbox 1301 2742 1370 2778; x_wconf 85' lang='grc' dir='ltr'>βάθη</span> <span class='ocrx_word' id='word_1_829' title='bbox 1391 2743 1440 2778; x_wconf 81' lang='grc' dir='ltr'>τῆς</span> <span class='ocrx_word' id='word_1_830' title='bbox 1457 2743 1586 2776; x_wconf 74' lang='grc' dir='ltr'>διανοίας,</span> <span class='ocrx_word' id='word_1_831' title='bbox 1605 2745 1655 2780; x_wconf 83' lang='grc' dir='ltr'>τῆς</span> <span class='ocrx_word' id='word_1_832' title='bbox 1666 2745 1743 2780; x_wconf 87' lang='grc' dir='ltr'>δίκην</span> <span class='ocrx_word' id='word_1_833' title='bbox 1757 2747 1862 2780; x_wconf 79' lang='grc' dir='ltr'>κοιλίας</span> 
     </span>
    </p>
   </div>
   <div class='ocr_carea' id='block_1_118' title="bbox 1073 2788 1863 2828">
    <p class='ocr_par' dir='ltr' id='par_1_118' title="bbox 1073 2788 1863 2828">
     <span class='ocr_line' id='line_1_120' title="bbox 1073 2788 1863 2828; baseline 0.009 -16"><span class='ocrx_word' id='word_1_834' title='bbox 1073 2788 1229 2822; x_wconf 84' lang='grc' dir='ltr'>χωρητικῆς</span> <span class='ocrx_word' id='word_1_835' title='bbox 1239 2788 1293 2814; x_wconf 87' lang='grc' dir='ltr'><strong>τῶν</strong></span> <span class='ocrx_word' id='word_1_836' title='bbox 1307 2788 1378 2815; x_wconf 82' lang='grc' dir='ltr'>κατὰ</span> <span class='ocrx_word' id='word_1_837' title='bbox 1390 2789 1478 2825; x_wconf 74' lang='grc' dir='ltr'>ψυχὴν</span> <span class='ocrx_word' id='word_1_838' title='bbox 1491 2789 1634 2826; x_wconf 59' lang='grc' dir='ltr'>βρώσεων</span> <span class='ocrx_word' id='word_1_839' title='bbox 1649 2791 1703 2818; x_wconf 80' lang='grc' dir='ltr'>εἴτε</span> <span class='ocrx_word' id='word_1_840' title='bbox 1714 2792 1863 2828; x_wconf 68' lang='grc' dir='ltr'>θρεπτικσὶ</span> 
     </span>
    </p>
   </div>
   <div class='ocr_carea' id='block_1_119' title="bbox 1072 2831 1518 2870">
    <p class='ocr_par' dir='ltr' id='par_1_119' title="bbox 1072 2831 1518 2870">
     <span class='ocr_line' id='line_1_121' title="bbox 1072 2831 1518 2870; baseline 0.009 -11"><span class='ocrx_word' id='word_1_841' title='bbox 1072 2833 1174 2868; x_wconf 85' lang='grc' dir='ltr'>ταύτης</span> <span class='ocrx_word' id='word_1_842' title='bbox 1189 2831 1254 2865; x_wconf 75' lang='grc' dir='ltr'>εἷεν,</span> <span class='ocrx_word' id='word_1_843' title='bbox 1269 2833 1324 2860; x_wconf 76' lang='grc' dir='ltr'>εἴτε</span> <span class='ocrx_word' id='word_1_844' title='bbox 1340 2834 1518 2870; x_wconf 77' lang='grc' dir='ltr'>λυμαντικαί.</span> 
     </span>
    </p>
   </div>
   <div class='ocr_carea' id='block_1_120' title="bbox 1108 2876 1860 2920">
    <p class='ocr_par' dir='ltr' id='par_1_120' title="bbox 1108 2876 1860 2920">
     <span class='ocr_line' id='line_1_122' title="bbox 1108 2876 1860 2920; baseline 0.012 -16"><span class='ocrx_word' id='word_1_845' title='bbox 1108 2876 1159 2914; x_wconf 80' lang='grc' dir='ltr'>κη’.</span> <span class='ocrx_word' id='word_1_846' title='bbox 1181 2878 1388 2917; x_wconf 79' lang='grc' dir='ltr'>Ἐλεημοσύνη</span> <span class='ocrx_word' id='word_1_847' title='bbox 1403 2880 1451 2907; x_wconf 81' lang='grc' dir='ltr'>καὶ</span> <span class='ocrx_word' id='word_1_848' title='bbox 1476 2881 1610 2918; x_wconf 68' lang='grc' dir='ltr'>ἀλήθεια,</span> <span class='ocrx_word' id='word_1_849' title='bbox 1636 2885 1860 2920; x_wconf 68' lang='grc' dir='ltr'><strong>φυλακίιβασι-</strong></span> 
     </span>
    </p>
   </div>
  </div>
