2072 3161
204 185 272 216 “29

737 186 1007 217 COMMENTARII
1026 185 1068 216 IN
1088 186 1302 217 PROVERBIA
1310 208 1316 214 .

1765 181 1835 215 “"0

201 243 265 271 λεῖ·
294 243 344 270 καί
372 243 657 277 περικυκλώσουσιν
681 243 716 270 ὲν
738 244 915 278 δικαιοσύνῃ
938 243 992 270 τὸν

1051 243 1191 271 :ircuibunt
1215 244 1243 271 in
1262 244 1372 278 justitia
1390 243 1487 271 solium
1511 243 1579 278 ejus.
1602 243 1789 271 Misericordia
1805 244 1832 270 itt

203 289 312 323 θρόνον
326 289 432 316 αὐτοῦ.
456 290 488 315 Ἡ
510 289 579 324 πρὸς
592 289 656 320 τοὺς
677 291 806 324 ὁμοφυεῖς
823 289 990 325 συμπάθεια,

203 336 251 362 καὶ
265 336 281 370 ή
300 335 369 370 πρὸς
388 335 454 362 Θεὸν
464 336 567 372 ἀληθὴς
584 336 685 369 πίστις,
702 337 866 371 φυλακτικαί
880 337 931 363 εισι
944 336 992 362 τοῦ

203 382 258 408 τῶν
271 382 366 409 παθῶν
380 382 546 417 κρατοῦντος
560 382 704 418 ἀνθρώπου
716 391 723 398 °
739 383 786 409 καὶ
797 382 993 418 περιλήψονται

203 428 235 454 τὸ
247 428 362 463 ἀρχικὸν
371 428 453 455 αὐτοῦ
467 429 515 455 καὶ
528 428 712 462 αὐτεξούσιον,
725 430 834 460 πάντως
844 429 875 455 τὸ
885 427 991 463 νοερόν⁵

205 474 235 500 ὲν
250 471 272 508 ᾧ
291 474 462 509 προκάθηται
485 474 539 500 τῶν
563 475 609 501 ἐπὶ
635 475 685 509 γῆς
701 475 730 501 ἐν
751 475 818 510 ὀρθῇ
833 474 924 510 κρίσει
939 475 993 501 τῶν

205 519 277 546 κατά
290 519 406 554 θεωρίαν
421 520 468 546 καὶ
483 519 582 554 πρᾶξιν
593 520 738 555 νοημάτων
755 528 786 546 τε
797 521 844 546 καὶ
861 521 994 556 πραγμά-

204 574 274 592 των·
295 565 332 600 μὴ
363 565 542 601 συγχωρούσῃ
568 566 638 592 κατὰ
662 566 711 600 μὲν
726 565 854 600 Θεωρίαν,
873 567 912 598 εἰς
928 566 994 593 Θεὸν

205 610 255 644 τὴν
269 610 359 636 κτίσιν
375 611 607 646 παραγνωρίζειν,
619 611 689 637 κατὰ
700 610 728 637 δὲ
742 611 842 646 πρᾶξιν
853 611 995 646 λατρεύειν

206 654 291 689 ταύτῃ
305 654 381 690 παρὰ
397 654 442 681 τὸν
457 654 605 682 κτίσαντα.

241 700 292 727 κο’.
321 700 441 734 Κόσμος
469 700 613 733 νεανίαις,
642 701 754 736 σοφία·
787 701 862 734 δόξα
885 701 919 728 δὲ
947 704 996 730 καὶ

206 753 238 780 π]
248 746 425 780 εσϐυτέρων,
438 746 717 782 πολιάμΕὐπρέπεια
738 747 794 779 τοῖς
823 747 995 784 νεάζουσιτῇ

207 791 356 827 κλινοποιῷ
367 791 414 818 τοῦ
430 791 589 823 Πνεύματος
599 792 728 828 χάριτι,ἡ
743 792 790 818 τοῦ
799 792 843 819 νοῦ
859 792 916 819 ἐστι
929 793 996 828 πρὸς

206 837 273 864 Θεὸν
287 838 409 873 ἄτμητος
422 837 520 869 ἓνωσις
532 847 538 854 ·
552 831 629 870 κλέος
649 838 679 865 δὲ
697 839 752 866 τῶν
779 838 997 874 πολιτευομένων

207 883 278 911 κατὰ
293 884 323 910 τὸ
336 883 536 918 παλαιούμενον
546 884 627 920 ῥητὸν
640 884 689 920 τῆς
704 884 826 920 Γραφῆς,
840 885 856 920 ἡ
876 884 995 920 ἀποϐολή

207 929 328 956 ὲστιτῶν
355 930 521 965 σωματικῶν
549 930 644 958 παθῶν
674 931 873 967 μελανότητος·
896 931 926 958 τὸ
942 932 997 967 γὰρ

207 975 406 1010 παλαιούμενον
422 976 553 1011 γράμμα,
582 977 645 1008 τοὺς
661 977 721 1003 κατ’
733 977 798 1004 αὐτὸ
819 977 994 1013 πολιτευομέ-

207 1029 270 1052 νους
293 1022 348 1049 τῶν
373 1022 432 1048 κατ’
448 1022 592 1058 ἐνέργειαν
605 1022 700 1050 παθῶν
720 1023 904 1050 ἀπαλλάττει·
924 1024 954 1050 τὸ
968 1024 997 1050 δὲ

207 1067 364 1094 καινοποιὸν
380 1067 504 1103 Πνεῦμα,
516 1068 560 1095 τὸν
570 1068 632 1095 νοῦν
650 1069 740 1102 λόγοις
755 1069 850 1104 σοφίας
865 1069 918 1096 ἀπὸ
931 1069 997 1096 πάν-

207 1122 262 1141 των
275 1114 329 1140 τῶν
344 1115 504 1149 ποιημάτιον
528 1115 596 1150 πρὸς
617 1115 662 1141 τὸν
685 1115 803 1151 Ποιητὴν
820 1115 995 1151 ἐπιστρέφον,

208 1159 375 1186 ἀπαλλάττει
389 1160 435 1186 καὶ
449 1159 504 1186 τῶν
520 1159 591 1187 κατὰ
602 1159 734 1187 διάνοιαν.

244 1203 276 1230 λ’.
296 1203 430 1230 ’Υπώπια
446 1203 493 1231 καὶ
509 1204 717 1239 συντρίμματα
733 1205 870 1239 συναντᾷ
883 1205 996 1240 κακοῖς·

209 1249 321 1281 πληγαί
345 1248 380 1275 δὲ
409 1250 453 1282 είς
475 1249 578 1284 ταμεῐα
595 1250 722 1282 κοιλίας.
743 1250 878 1286 Ὑπ’6ψιν
894 1251 999 1287 ἀνθρώ-

210 1303 280 1327 πων,
296 1295 429 1330 τιμωρίαι
452 1295 618 1330 σωματικαὶ,
633 1296 680 1322 καὶ
704 1296 818 1331 ἀφανεῖς
834 1296 923 1332 ψυχῆς
937 1306 998 1323 συν-

209 1341 312 1376 τριὸαὶ,
343 1341 376 1368 δι’
401 1342 537 1368 ἀκουσίων
558 1342 646 1369 πόνων
669 1342 817 1377 ἐπιφορᾶς,
834 1343 997 1379 ἐπέρχονται

209 1388 266 1419 τοῖς
292 1387 514 1422 πολιτευομένοις
531 1387 641 1419 κακῶς
667 1388 773 1424 ἔλεγχοι
788 1388 816 1415 δὲ
837 1389 997 1421 συνειδότος,

211 1434 251 1466 είς
270 1434 304 1460 τὰ
317 1433 387 1469 βάοη
398 1435 448 1469 τῆς
462 1434 583 1465 διανοίας
597 1435 697 1461 αὐτῶν.

501 1481 623 1506 ΚΕΦΑΛ.
641 1480 707 1508 KA’.

247 1524 283 1553 α’.
294 1525 409 1560 Ὥσπερ
438 1525 513 1561 ὁρμὴ
541 1526 650 1559 ὕδατος
666 1526 773 1560 καρδία
797 1526 950 1560 ,βασιλέως
964 1527 999 1553 ἐν

1044 290 1187 325 proximos
1213 293 1240 318 et
1261 297 1330 318 vera
1353 289 1419 318 rules
1442 291 1469 317 in
1495 290 1591 322 Deum,
1616 289 1745 317 custodes
1768 293 1834 318 sunt

1045 335 1165 363 hominis
1196 335 1242 369 qui
1267 335 1442 370 passionibus
1472 335 1588 370 imperat
1606 344 1612 362 :
1630 340 1656 362 et
1676 335 1833 363 circuibunt

1045 381 1117 415 qttod
1136 381 1162 408 in
1181 381 1241 416 ipso
1266 381 1393 414 imperat,
1416 381 1585 409 voluntatem
1610 381 1715 409 scilicet
1737 388 1769 408 ac
1790 381 1833 408 in-

1046 424 1195 456 tellectum,
1215 432 1269 460 quo
1291 431 1374 459 super
1390 425 1482 451 otnnia
1501 429 1608 452 terrena
1624 424 1700 452 sedet
1714 425 1741 452 in
1757 429 1831 452 recta

1045 469 1212 497 discretione
1231 469 1429 504 cogitationum
1457 469 1484 496 in
1510 469 1625 501 theoria,
1641 473 1669 496 et
1692 469 1831 496 actionntn

1045 514 1072 542 in
1089 515 1178 550 praxi.
1201 515 1335 543 Discretio
1356 514 1416 542 haec
1441 522 1496 542 non
1518 514 1652 550 permittit
1675 514 1702 541 in
1727 514 1833 541 thcoria

1045 561 1157 595 quidem
1178 564 1332 588 creaturam
1354 567 1411 596 prae
1433 560 1489 588 Deo
1509 567 1685 595 cognoscere,
1703 560 1729 587 in
1755 559 1839 596 prosi

1046 611 1137 634 autem
1153 611 1308 635 creaturam
1325 615 1380 642 prae
1395 607 1525 635 Creatore
1539 606 1664 634 adorare.

1081 692 1164 720 Vens.
1179 692 1225 720 29.
1243 692 1361 720 Ornatus
1380 692 1592 720 adolescentibus
1611 693 1765 727 sapientia;
1778 693 1833 727 gla-

1047 739 1089 766 ria
1105 743 1192 766 autem
1208 738 1342 766 seniorum
1367 738 1486 765 canities.
1512 737 1633 766 Ornatus
1653 739 1835 773 iuvenescen-

1047 784 1122 812 tibns
1142 784 1228 819 gratia
1251 783 1393 812 novatrice
1416 783 1538 819 Spiritus
1560 780 1658 816 sancti,
1677 785 1833 812 arctissima

1048 835 1091 858 est
1113 831 1179 858 unio
1202 830 1236 858 ad
1263 830 1359 857 Deum.
1383 829 1475 857 Gloria
1499 834 1588 858 autem
1610 831 1834 858 conversantium

1049 877 1200 904 secundum
1219 876 1389 911 antiquatum
1409 875 1557 911 Scriptura;
1574 876 1698 907 verbum,
1716 876 1835 910 abjectio

1047 927 1089 950 est
1116 922 1268 957 nigredinis
1296 923 1421 957 corporis
1452 921 1625 957 passionum.
1654 922 1833 957 Antiquatunt

1048 968 1120 996 enim
1143 968 1276 1002 scriptum
1293 975 1340 995 eos
1353 968 1400 1003 qui
1421 967 1570 995 secundum
1586 967 1653 995 illud
1667 975 1835 995 conversan-

1049 1020 1094 1043 tur
1116 1022 1132 1042 a
1154 1015 1332 1051 passionihns
1358 1015 1423 1043 totis
1450 1015 1554 1042 viribus
1574 1018 1691 1042 amovet.
1717 1013 1835 1050 Spiritus

1048 1065 1139 1089 atttem
1158 1062 1296 1089 innovatis
1319 1062 1460 1097 sapientia:
1481 1061 1573 1090 verbis
1593 1061 1787 1097 cogitationem
1809 1065 1836 1087 et

1048 1111 1139 1134 actum
1160 1114 1173 1133 a
1194 1107 1330 1135 creaturis
1355 1107 1453 1135 avertit
1477 1111 1505 1135 et
1529 1106 1564 1134 ad
1589 1105 1746 1134 Creatorem
1770 1113 1838 1133 con.
1869 1099 1875 1106 ’

1048 1151 1142 1180 vertit.

1085 1197 1168 1226 Vens.
1184 1196 1228 1225 30.
1246 1197 1353 1225 Livores
1374 1202 1399 1225 et
1421 1197 1593 1225 contritiones
1613 1200 1756 1225 occurrunt
1778 1204 1836 1222 nta-

1049 1244 1082 1271 lis
1095 1251 1104 1271 :
1118 1244 1205 1280 plaga;
1228 1249 1316 1271 autent
1335 1245 1364 1270 in
1382 1248 1484 1271 secreta
1506 1243 1612 1271 ventris.
1631 1242 1755 1270 Visibilia
1774 1249 1836 1269 cor-

1049 1290 1125 1325 poris
1144 1290 1279 1325 supplicia
1301 1293 1329 1316 et
1351 1289 1502 1317 invisibiles
1525 1290 1622 1317 animae
1644 1288 1836 1319 contritiones,

1050 1343 1097 1370 per
1112 1336 1329 1363 voluntariorum
1343 1335 1468 1363 laborum
1486 1335 1628 1370 impetum,
1638 1333 1837 1370 superveniunt

1050 1381 1121 1408 male
1145 1380 1384 1408 conversantibus.
1413 1379 1523 1408 Stimuli
1547 1384 1645 1409 autem
1662 1379 1838 1408 conscientiae

1050 1426 1078 1453 in
1092 1425 1228 1461 profunda
1244 1425 1420 1461 cogitationis
1437 1432 1544 1453 eorum.

1361 1470 1439 1498 CAP.
1460 1469 1530 1498 XXI.

1086 1514 1168 1543 Vens.
1194 1515 1220 1542 1.
1249 1515 1324 1543 Sicut
1348 1515 1459 1546 impetus
1479 1522 1565 1550 aqum,
1582 1515 1621 1541 ita
1651 1523 1696 1541 cor
1718 1514 1786 1549 regis
1812 1514 1840 1540 in

212 1571 287 1607 χειρὶ
297 1571 374 1610 θεοῦ
384 1559 396 1587 ί
406 1569 443 1600 οὗ
453 1559 512 1598 ἐὰν
527 1571 600 1606 θέλῃ
618 1559 725 1600 νεῦσαι
750 1572 870 1599 ἔκλινεν
892 1572 999 1606 αὑτήν.

1052 1569 1134 1588 ntanu
1149 1560 1217 1593 Dei;
1243 1568 1396 1596 quocunque
1417 1560 1528 1588 ualuerit
1549 1560 1667 1592 immere,
1683 1559 1747 1586 illuc
1764 1559 1841 1586 incli-

214 1618 321 1653 Ὠσπερ
334 1617 384 1654 τὴν
404 1618 452 1644 τοῦ
468 1617 564 1649 ὓδατος
594 1619 680 1654 φορὰν
690 1619 704 1645 ὁ
717 1618 847 1654 ὀχετηγὸς
863 1618 924 1653 ἄγει
935 1619 1000 1646 ἔνθα

213 1664 262 1690 καὶ
276 1663 410 1698 βούλεται,
431 1663 504 1690 οὕτω
520 1663 568 1690 καὶ
585 1665 600 1698 ἠ
619 1664 857 1700 παντοκρατορικὴ
870 1664 916 1691 τοῦ
932 1664 1000 1691 Θεοῦ

215 1709 340 1745 δύναμις,
358 1709 408 1745 τὴν
418 1710 506 1745 ψυχὴν
521 1709 568 1736 τοῦ
584 1709 770 1745 βασιλεύοντος
783 1710 834 1737 εἴτ’
848 1710 1001 1746 ἀνθρώπων

215 1754 271 1782 εἴτε
283 1755 388 1787 παθῶν,
403 1756 480 1791 φέρει
495 1756 533 1788 ὡς
560 1756 635 1791 αὺτῷ
646 1756 704 1791 Θεῷ
721 1756 850 1791 βουλητόν
862 1765 869 1772 υ
887 1758 937 1791 τὴν
952 1757 1001 1792 μὲν

214 1801 262 1828 τοῦ
275 1801 438 1837 κρατοῦντος
444 1802 491 1829 ἀνθ
497 1802 605 1838 ρώπων,
617 1803 656 1833 είς
664 1802 744 1829 τινῶν
756 1802 806 1838 μὲν
820 1803 1000 1837 συμπάθειαν,

216 1848 317 1883 ἑτέρων
324 1848 353 1874 δὲ
367 1849 501 1884 τιμωρίαν
511 1847 622 1876 κινοῦσα
632 1855 638 1863 ’
657 1849 725 1882 πρὸς
737 1848 766 1874 τὸ
781 1849 920 1884 συμφέρον
935 1848 1002 1875 πάν-

215 1902 269 1925 τως
295 1893 413 1930 ἑκάστῳ,
441 1893 493 1920 κᾶν
520 1894 557 1929 μὴ
587 1894 656 1930 πρὸς
667 1893 747 1920 τοῦτο
763 1894 828 1925 ἴσως
847 1893 1002 1928 ὁβαιτιλεὺς

215 1939 302 1965 ταῦτα
312 1940 387 1973 ποιῇ,
404 1939 462 1965 ἀλλ’
490 1939 543 1966 ὑπὸ
557 1939 664 1970 εὐνοίας
689 1939 706 1974 ἢ
728 1939 824 1973 μίσους
838 1938 983 1974 ἑλκόμενος
993 1947 1002 1954 ο

215 1985 266 2021 τὴν
287 1985 315 2012 δὲ
341 1983 389 2011 τοῦ
419 1984 514 2012 παθῶν
539 1985 729 2021 κυριεύοντος,
757 1984 912 2020 ποδηγοῦσα
935 1984 1004 2018 πρὸς

216 2032 279 2064 τοὺς
306 2030 514 2062 λυσιτελοῦντας
539 2029 614 2066 αὐτῷ
638 2029 745 2065 λόγους,
776 2029 793 2064 ἢ
819 2029 937 2065 τρόπους
949 2028 1003 2055 τῶν

216 2077 331 2114 ἀρετῶν.

253 2124 285 2160 β’.
298 2124 362 2157 Πᾶς
376 2123 455 2158 ἀνὴρ
471 2123 607 2158 φαίνεται
619 2121 715 2155 ἑαυτῷ
748 2121 876 2154 δίκαιος·
899 2128 1005 2148 κατευ-

218 2170 300 2197 θύνει
317 2170 351 2196 δὲ
364 2169 490 2203 καρδίας
504 2170 520 2196 d
535 2168 652 2202 Κύριος.
668 2168 717 2198 Ὃς
733 2167 766 2193 ἂν
781 2166 836 2193 τῶν
851 2165 1005 2201 ἀνθρώπων

217 2214 268 2251 τὴν
281 2215 352 2242 κατὰ
386 2216 485 2251 νόμους
515 2213 603 2245 θείους
629 2213 725 2248 ἕληται
739 2212 887 2243 πολιτείαν,
908 2211 1004 2245 ὁρᾶται

221 2261 270 2297 μὲν
285 2261 439 2297 ἀνθρώποις
461 2261 526 2297 παρ’
547 2260 636 2295 ἐαυτῷ
650 2259 795 2295 ἄμεμπτος
806 2266 814 2274 ·
824 2260 838 2286 ὁ
852 2258 881 2285 δὲ
897 2258 1006 2285 πάντων

180 2327 189 2334 .
218 2308 358 2343 Δεσπότης
368 2307 444 2340 Θεὸς,
455 2306 584 2342 προνοίας
592 2306 682 2340 λόγοις
692 2306 740 2332 καὶ
749 2306 877 2341 κρίσεως,
886 2305 1009 2339 ἀπαρεγ-

219 2354 319 2386 κλίτως
333 2353 401 2389 πρὸς
411 2353 441 2380 τὸ
456 2352 558 2387 ἀγαθὸν
581 2351 684 2379 ὁδεύειν
697 2350 904 2386 παρασκευάζει
916 2350 1007 2378 πᾶσαν

217 2399 307 2435 ψυχὴν
316 2399 365 2435 τὴν
376 2399 482 2430 τούτοις
493 2397 639 2424 ἐθέλουσαν
650 2397 777 2424 ἕπεσθαι.

254 2446 290 2480 γ’.
306 2446 407 2472 Ποιεῖν
417 2444 528 2476 δίκαια,
542 2443 592 2470 καὶ
606 2443 777 2477 ἀληθεύειν,
793 2441 906 2476 ἀρεστὰ
929 2441 1009 2475 παρὰ

221 2490 282 2524 Θεῷ
297 2490 426 2525 μᾶλλον,
446 2491 465 2524 ἢ
483 2489 597 2517 θυσιῶν
611 2487 693 2524 alga.
707 2489 743 2515 Τὸ
755 2487 885 2524 πράττειν
895 2488 945 2519 τὰς
961 2487 1009 2514 τοῦ

219 2536 287 2564 Θεοῦ
307 2536 429 2570 ἐντολὰς,
455 2536 503 2563 καὶ
516 2536 546 2562 τὸ
572 2535 723 2571 προσάγειν
745 2533 833 2569 τούτῳ
863 2533 1009 2568 ὁμολογίαν

219 2583 319 2619 ἀληθῆ,
335 2582 470 2618 εὑάρεστά
485 2582 553 2608 εἰσιν
566 2581 640 2617 αὐτῷ
655 2581 726 2617 ὑπὲρ
740 2579 770 2607 τὸ
786 2579 907 2614 νομικῶς
924 2587 1009 2614 προσ-

219 2630 354 2666 αγόμενον
366 2630 432 2665 παρ’
450 2627 585 2656 Ἰουδαίων
595 2625 666 2663 αἷμα
679 2626 732 2654 τῶν
744 2625 854 2654 θυσιῶν·
892 2626 1009 2661 (ςἘλεον

219 2677 284 2712 γὰρ,
300 2676 378 2712 φησὶ,
393 2675 472 2708 Θέλω,
486 2675 534 2702 καὶ
542 2675 573 2702 οὐ
589 2674 696 2701 θυσίαν.
711 2683 722 2699 ι

1054 1614 1117 1633 nare
1138 1606 1216 1633 illud.
1237 1605 1475 1638 Quemadmodum
1496 1612 1574 1640 aqua:
1595 1605 1693 1632 ductor
1710 1605 1841 1640 impetum

1055 1660 1132 1688 aqua:
1155 1651 1199 1679 ubi
1219 1651 1277 1678 vult
1299 1651 1404 1687 dirigit,
1426 1651 1462 1678 ita
1483 1656 1510 1679 et
1532 1651 1706 1687 omnipotens
1720 1649 1768 1678 Dei
1789 1651 1841 1682 vis.

1055 1699 1174 1726 anintam
1191 1697 1311 1734 regentis
1329 1698 1390 1726 sive
1405 1697 1545 1730 homines,
1561 1697 1619 1725 sive
1635 1696 1791 1732 passiones,
1809 1695 1842 1723 ad

1055 1745 1104 1773 Dei
1126 1744 1326 1779 betteplacitum
1353 1743 1500 1780 gubernat,
1518 1743 1640 1771 animam
1664 1742 1776 1778 quidem
1801 1750 1844 1769 re-

1056 1791 1146 1827 gentis
1172 1791 1308 1823 homines,
1331 1790 1365 1817 ad
1387 1789 1594 1818 miserationem
1619 1789 1786 1824 aliquorum,
1810 1788 1844 1816 ad

1055 1844 1166 1873 poenam
1189 1837 1305 1864 aliorum
1328 1835 1476 1868 movendo,
1492 1835 1527 1863 ad
1550 1835 1689 1872 propriam
1712 1834 1845 1862 uniuscu-

1054 1883 1155 1918 jusque
1171 1883 1327 1915 utilitatem,
1347 1882 1472 1918 quamvis
1490 1882 1559 1909 l'orte
1573 1881 1644 1909 hanc
1660 1888 1706 1909 rex
1727 1888 1784 1908 non
1801 1880 1845 1908 in-

1057 1928 1159 1960 tendat,
1174 1928 1222 1955 sed
1239 1932 1301 1963 agat
1311 1927 1513 1960 benevolentia,
1527 1926 1568 1954 vel
1584 1926 1647 1954 odio
1660 1930 1770 1959 motus;
1786 1925 1843 1952 ani-

1057 1980 1129 2000 mam
1147 1976 1238 2000 autem
1253 1971 1430 2007 passionibus
1449 1971 1620 1999 dominantis
1640 1970 1796 1998 inducendo
1817 1971 1846 1998 in

1058 2025 1199 2046 sermones
1214 2022 1262 2045 aut
1278 2018 1410 2045 virtutum
1427 2017 1551 2045 instituta
1569 2017 1620 2052 ipsi
1632 2016 1791 2055 profutura.

1097 2107 1177 2135 Vens.
1196 2107 1224 2134 2.
1245 2106 1338 2135 Omnis
1363 2106 1403 2134 vir
1425 2106 1529 2134 videtur
1552 2107 1604 2134 sibi
1624 2107 1733 2142 justus;
1755 2107 1847 2143 dirigit

1059 2158 1147 2181 autent
1165 2152 1247 2180 corda
1264 2152 1405 2180 Dominus.
1420 2151 1515 2180 Omnis
1531 2152 1612 2180 ltomo
1626 2153 1671 2187 qtti
1682 2153 1760 2187 juxta
1773 2153 1847 2188 leges

1060 2199 1167 2226 divinas
1198 2198 1435 2225 conversationem
1466 2203 1509 2226 est
1543 2198 1707 2233 amplexus,
1737 2197 1848 2225 videtur

1024 2245 1045 2273 D
1060 2244 1170 2280 quidem
1191 2243 1350 2271 hominibus
1372 2250 1388 2270 a
1411 2243 1502 2278 seipso
1518 2243 1685 2278 inculpatus.
1705 2242 1778 2270 Deus
1797 2250 1847 2270 au-

1058 2294 1113 2318 tem
1140 2290 1331 2318 universorum
1353 2289 1496 2322 Dominus,
1520 2289 1665 2324 prudentia
1688 2292 1716 2317 et
1740 2289 1847 2317 discch

1058 2339 1132 2366 tione
1154 2345 1262 2365 omnem
1285 2337 1404 2364 animam
1423 2336 1457 2364 iis
1474 2336 1589 2370 obsequi
1612 2336 1749 2364 volentem
1768 2340 1848 2371 parat

1059 2385 1092 2413 ad
1109 2391 1183 2412 recte
1199 2384 1397 2411 ambulandum
1414 2383 1442 2411 in
1459 2383 1502 2410 via
1518 2382 1640 2410 virtutis.

1095 2431 1178 2459 Vens.
1199 2431 1226 2458 3.
1256 2429 1357 2457 Facere
1375 2430 1452 2465 justa
1475 2433 1500 2456 et
1525 2437 1643 2456 ueracem
1664 2437 1730 2463 esse,
1747 2428 1850 2463 placita

1060 2483 1120 2507 sunt
1139 2478 1208 2513 apud
1226 2478 1312 2506 Deum
1332 2478 1415 2513 magis
1439 2485 1519 2512 quam
1539 2477 1706 2504 victimarum
1729 2477 1847 2512 sanguis.

1061 2525 1187 2552 Mandata
1203 2523 1249 2552 Dei
1271 2524 1394 2559 implere,
1414 2523 1509 2558 illique
1529 2530 1621 2550 veram
1639 2522 1762 2557 proferre
1783 2530 1849 2550 con—

1061 2571 1228 2603 fessionem,
1255 2570 1344 2605 magis
1373 2569 1444 2605 apud
1468 2576 1530 2597 eum
1558 2568 1657 2604 placita
1679 2572 1745 2596 sunt
1766 2575 1848 2602 quam

1061 2619 1234 2646 victimarum
1262 2617 1390 2652 legalium
1417 2616 1529 2652 sanguis
1554 2623 1569 2643 a
1598 2615 1699 2644 Iudaeis
1726 2616 1846 2644 oblatus.

1060 2665 1132 2692 Dicit
1150 2664 1223 2692 enim
1241 2673 1248 2692 :
1267 2673 1276 2690 ι
1291 2663 1509 2692 Misericordiatn
1530 2662 1603 2696 volo,
1619 2667 1646 2690 et
1665 2669 1721 2690 non
1740 2661 1847 2690 sacriﬁ-

1010 2724 1014 2729 ’
1061 2711 1134 2738 cium
1149 2711 1170 2737 ¹.
1191 2719 1200 2736 ι

255 2762 287 2790 δ’.
300 2763 506 2798 Μεγαλόφρων
526 2761 573 2796 ἐφ’
601 2761 692 2795 ὕϐρει,
720 2759 950 2795 θρασυκάρδιος.
981 2760 1009 2786 '0

223 2808 294 2844 μέγα
309 2809 478 2845 κεκτημένος
489 2808 628 2844 φρόνημα,
643 2808 673 2835 ὲν
686 2807 726 2844 τῷ
738 2807 877 2844 ὑπερορᾷν
893 2806 944 2843 μὲν
955 2805 1010 2834 τῶν

258 2899 268 2914 ‘
283 2898 364 2928 Qscc.
380 2906 416 2930 vn,
430 2897 462 2931 6;
478 2897 575 2925 Matth.
592 2905 640 2930 χιι,
654 2896 679 2923 7.

1097 2757 1184 2785 Vsus.
1207 2757 1234 2784 4.
1260 2755 1358 2791 Magna
1380 2755 1484 2791 sapiens
1509 2756 1536 2783 in
1557 2753 1736 2786 contumelia,
1760 2753 1851 2780 audax

1061 2804 1148 2832 corde.
1169 2803 1221 2838 Qui
1237 2809 1366 2839 magnum
1380 2802 1464 2831 habet
1475 2801 1598 2830 animant
1611 2800 1682 2831 idum
1700 2798 1764 2826 vilia
1786 2796 1851 2837 qui-
