2072 3161
252 174 318 206 1431

899 174 1076 206 PROCOPII
1095 173 1216 205 GAZAZI

1815 166 1886 198 1432

250 230 312 257 dem
326 237 357 256 ac
371 229 491 256 humana
506 229 670 263 contemnit,
683 237 780 265 magna
799 234 889 258 autem
906 233 933 257 el.
950 229 1038 257 divina

1092 228 1210 255 εὐτελῶν
1225 228 1271 254 καὶ
1291 226 1470 262 ἀνθρωπίνων
1493 224 1676 260 πραγμάτων,
1700 222 1793 258 ζητεῖν
1808 222 1837 247 δε
1850 221 1886 248 1'1

250 274 360 309 quaerit.
376 274 465 301 audax
480 275 572 302 evadit
587 274 620 302 ad
636 274 735 302 anian
749 275 878 305 salutem,
891 275 967 302 carni
984 281 1038 301 non

250 326 377 354 parcens.

287 364 409 391 Lucerna
441 363 584 398 impiorum
611 369 758 398 peccatum.
788 364 913 391 Lucerna
941 370 1038 390 eorum

251 410 297 445 qui
316 414 438 437 ventrem
454 410 559 437 ducunt
577 409 674 442 Deum,
690 417 722 437 ac
742 409 857 444 proinde
878 410 963 437 Deum
985 417 1037 436 non

251 456 364 488 colunt,
385 456 477 483 cultus
495 455 598 484 ventris
622 459 676 483 est.
697 454 870 490 Voluptatem
893 455 966 482 enim
988 461 1039 490 pro

252 502 354 529 lumine
369 503 493 537 capiunt.

288 546 370 575 Vens.
387 547 413 575 6.
432 548 485 580 Qui
499 551 640 583 congregat
652 547 788 574 thesauros
801 546 891 581 lingua
908 545 1038 578 mendaci,

252 600 321 619 uana
340 597 466 626 sectatur,
483 597 508 619 et
523 593 683 627 impingelur
696 591 730 618 ad
744 593 849 626 laqueos
870 591 973 618 mortis.
986 591 1039 623 Qui

253 638 397 665 mendacio
422 637 533 665 divitias
566 638 745 668 tltesaurizat,
775 638 895 671 peritura
918 637 994 670 cupit
1012 640 1039 663 et

253 683 282 710 in
306 683 419 718 laqueos
446 684 609 719 perditionis
629 684 713 716 cadit,
731 683 862 710 aberraus
883 690 898 709 ιι
924 683 1039 709 salutari

252 728 388 756 charitate
402 749 409 761 ,
432 734 602 756 terrenorum
631 736 724 756 amore
747 729 873 760 illectus.
899 728 1040 756 homines-

252 781 306 808 que
321 773 449 809 decipere
469 775 594 807 studens,
610 779 638 802 ut
657 782 752 803 eorum
771 775 840 802 bona
859 773 911 802 sibi
930 774 1039 802 thesau—

252 820 336 853 rizet,
351 827 366 846 a
381 820 515 848 charitate
531 819 579 848 Dei
595 820 743 849 divellitur.

1095 273 1201 309 μεγάλα
1218 273 1266 300 καὶ
1291 273 1361 303 θεῖα,
1386 271 1488 307 θρασὺς
1517 271 1636 304 ὑπάρχει
1649 268 1720 294 κατά
1733 267 1822 302 ψυχὴν
1839 267 1886 293 διὰ

1092 319 1142 354 τὴν
1158 319 1242 354 αὐτῆς
1261 317 1408 353 σωτηρίαν,
1428 316 1528 351 σαρκὸς
1549 316 1587 350 μὴ
1609 314 1774 350 φειδόμενος.

1127 364 1272 400 Λαμπτὴρ
1300 364 1333 390 δὲ
1357 362 1476 390 ἀσεϐῶν
1490 361 1626 396 ἁμαρτία.
1650 361 1755 395 Λύχνος
1779 359 1808 386 δὲ
1828 359 1886 386 τῶν

1092 410 1240 446 ἡγημένων
1272 409 1338 435 Θεὸν
1366 408 1415 443 τὴν
1447 407 1558 439 κοιλίαν,
1586 406 1736 433 κάντεῦθεν
1757 405 1825 432 Θεὸν
1843 405 1884 441 μὴ

1092 456 1245 490 τιμώντων.
1263 456 1279 490 ὴ
1295 455 1344 490 τῆς
1362 452 1480 488 γαστρὸς
1497 453 1630 488 θεραπεία
1646 452 1721 479 ὲστί·
1740 451 1887 486 φωτισμὸν

1092 504 1147 538 γὰρ
1158 504 1208 538 τὴν
1222 501 1327 537 τρυφὴν
1341 500 1411 528 εἶναι
1427 499 1677 535 ὑπολαμϐάνουσιν.

1129 552 1166 581 ς’.
1187 548 1219 575 '0
1230 546 1359 582 ἐνεργῶν
1375 546 1604 580 θησαυρίσματα
1622 544 1748 579 γλώσσῃ
1762 543 1883 577 ψευδεῖ,

1090 593 1200 628 μάταια
1213 592 1323 624 διώκει,
1340 591 1390 618 καί
1403 591 1521 625 ἔρχεται
1535 591 1584 617 ἐπὶ
1599 589 1728 624 παγίδας
1737 588 1882 616 θανάτου.

1098 639 1129 665 '0
1155 639 1183 664 ὲν
1210 636 1455 672 ψευδορῤημοσύνῃ
1479 635 1710 671 ἀποθησαυρίζων
1733 635 1883 669 χρήματα,

1093 683 1172 710 ποθεῖ
1186 684 1219 710 τὰ
1234 683 1412 718 φθειρόμενα,
1425 682 1472 709 καὶ¹
1488 683 1528 713 είς
1548 681 1662 716 βρόχους
1677 681 1814 712 ἀπωλείας
1830 681 1884 715 ὲμ-

1094 729 1199 760 πίπτει,
1227 730 1276 763 τῆς
1307 727 1498 763 σωτηριώδους
1528 727 1638 761 ἀγάπης
1665 726 1882 761 διαμαρτάνων·

1093 775 1272 809 ἁλισκόμενος
1286 774 1340 810 γὰρ
1355 774 1408 800 ὑπὸ
1422 773 1573 807 φιλοῡλίας,
1587 772 1635 799 καὶ
1649 773 1758 807 ἀπατᾷν
1771 770 1884 806 ἀνθρώ-

1093 830 1160 852 πους
1189 820 1347 856 ἐπιχειρῶν,
1368 819 1411 846 ἵνα
1427 819 1460 846 τὰ
1485 818 1575 846 αὐτῶν
1593 817 1813 854 ἀποϐησαυρίσῃ,
1831 817 1882 852 τῆς

1094 866 1161 902 πρὸς
1176 865 1241 892 Θεὸν
1253 865 1364 900 ἀγάπης
1378 863 1537 899 ἀφίσταται.

286 918 371 947 Vens.
400 919 426 947 7.
453 919 572 947 Perditio
604 920 694 954 impiis
724 921 839 955 hospitio
866 921 1036 955 suscipietur.

1126 923 1158 954 ζ’.
1181 923 1322 955 ’0.1εθρος
1331 920 1474 948 ἀσεϐέσιν
1488 919 1741 952 ὲπιξενωθήσεται
1753 926 1761 934 ο
1778 919 1814 946 οὐ
1824 918 1884 952 γὰρ

252 964 315 992 Non
333 965 403 993 enim
425 965 516 992 volunt
535 973 613 1001 agere
629 966 716 1000 juua.
744 965 779 993 lis
801 967 847 1001 qtti
874 965 958 993 Deum
988 973 1037 1001 per

251 1011 323 1039 bona
355 1018 437 1045 opera
465 1010 558 1038 colere
585 1016 725 1043 recusant,
745 1019 837 1043 mors,
867 1011 996 1046 quamvis
1022 1018 1036 1037 ιι

251 1062 350 1085 natura
367 1057 506 1092 spirituali
523 1056 630 1090 aliena,
652 1061 743 1084 tamen
770 1064 819 1092 per
841 1060 982 1092 peccatum
1010 1056 1036 1083 iu

250 1103 374 1137 animam
392 1103 527 1135 derivata,
543 1102 652 1130 delectu
668 1103 830 1137 accipietur.
848 1101 950 1130 Nolunt
963 1102 1036 1128 ettim

251 1150 296 1178 isti
310 1150 465 1184 justissima
481 1149 528 1178 Dei
549 1157 661 1177 servare
682 1149 811 1177 mandata
832 1156 894 1183 quae
916 1149 1036 1175 animam

249 1196 400 1223 viviﬂcant.

285 1250 368 1279 Vsus.
388 1251 415 1278 8.
429 1252 470 1278 Ad
484 1259 619 1286 perversos
630 1259 765 1285 perversos
779 1251 835 1278 vias
853 1251 934 1278 mittit
949 1250 1036 1278 Deut:

249 1298 349 1325 munda
371 1300 441 1325 enim
459 1302 485 1325 et
498 1303 571 1325 recta
601 1305 680 1332 opera
704 1297 772 1332 ejus.
798 1297 867 1324 Cum
900 1297 1038 1332 perversis

249 1347 342 1371 mente
367 1343 477 1371 videtur
505 1343 621 1378 perverti
648 1343 695 1378 qui
723 1350 784 1369 cum
805 1347 904 1370 sancto
924 1346 1038 1369 sanctus

248 1392 292 1416 est
304 1388 377 1416 Deus
392 1395 399 1415 :
418 1389 520 1416 munda
529 1388 604 1415 cnim
616 1392 643 1415 et
658 1392 733 1415 recta
745 1395 828 1423 opera
842 1388 901 1422 ejus
915 1397 921 1415 :
935 1392 1037 1415 cuncta

249 1434 323 1462 enim
358 1435 429 1462 bona
457 1441 548 1470 quaaa
576 1434 633 1462 Deo
661 1438 810 1467 venerunt.
825 1438 853 1462 et
868 1439 896 1462 ut
924 1440 1036 1462 causata

249 1481 378 1515 spiritum
407 1487 532 1509 nostrutn
554 1481 588 1509 ad
610 1482 797 1517 cognitionem
828 1481 874 1509 Dei
896 1487 926 1509 ut
948 1490 1039 1510 causae

249 1525 384 1561 dirigunt.
410 1525 561 1561 Postquam
589 1531 682 1554 autem
713 1526 797 1553 homo
821 1531 912 1554 mente
936 1535 998 1555 sese
1022 1535 1037 1554 a

1085 969 1234 1001 ,βούλεται
1250 966 1402 1002 πράσσειν
1421 965 1456 992 τὰ
1479 965 1588 993 δίκαια.
1607 966 1671 996 Τοῖς
1683 964 1719 1000 μὴ
1732 963 1833 998 τιμῶσι
1846 964 1882 991 δι’

1089 1014 1274 1049 ἀγαθοεργίας
1289 1013 1367 1045 Θεὸν,
1388 1013 1402 1039 ὁ
1419 1011 1495 1044 ξένος
1520 1011 1569 1046 τῆς
1587 1011 1703 1045 λογικῆς
1718 1010 1825 1044 φύσεως
1842 1009 1883 1041 ὡς

1089 1061 1244 1096 παράλογος
1273 1059 1390 1095 ψυχικὸς
1423 1058 1484 1085 καθ’
1511 1057 1651 1093 ἁμαρτίαν
1674 1057 1800 1088 θάνατος,
1814 1057 1883 1083 ὑπο-

1088 1107 1249 1142 δεχθήσεται
1275 1105 1346 1132 κατὰ
1372 1104 1533 1140 προαίρεσιν
1545 1112 1551 1118 “
1571 1103 1619 1130 καὶ
1637 1102 1692 1138 γὰρ
1707 1103 1738 1129 οὺ
1756 1103 1882 1129 θέλουσιν

1088 1149 1161 1179 οὗτοι
1180 1152 1312 1187 πράττειν
1333 1150 1382 1182 τὰς
1401 1149 1552 1184 ζωογόνους
1565 1149 1617 1184 τῆς
1633 1148 1723 1184 ψυχῆς
1741 1148 1882 1175 δικαιοτά-

1088 1205 1138 1228 τας
1154 1196 1201 1223 τοῦ
1212 1195 1280 1222 Θεοῦ
1297 1194 1420 1226 ἐντολάς.

1123 1255 1158 1288 η’.
1178 1251 1256 1286 Πρὸς
1273 1250 1344 1284 τοὺς
1368 1249 1526 1282 σκολιοὺς,
1546 1248 1675 1281 σκολιὰς
1694 1248 1785 1281 ὁδοὺς
1803 1248 1881 1275 dao-

1089 1299 1211 1326 στέλλει
1222 1300 1238 1325 ὀ
1248 1298 1321 1331 Θεός
1331 1305 1338 1313 ·
1351 1296 1428 1332 ἁγνὰ
1445 1295 1479 1322 δὲ
1490 1295 1539 1322 καί
1556 1295 1628 1330 ὀρθὰ
1638 1295 1673 1322 τὰ
1686 1294 1757 1329 ἔργα
1775 1293 1881 1322 αὐτοῦ.

1089 1346 1111 1372 Τ
1112 1346 1151 1376 οἷς
1163 1345 1235 1372 κατὰ
1257 1343 1371 1379 γνώμην
1395 1342 1548 1378 στρεϐλοϊς,
1570 1341 1644 1368 δοκεῖ
1658 1340 1853 1375 διατρέφεσθαι
1867 1341 1883 1366 ὁ

1091 1391 1162 1427 μετὰ
1176 1390 1249 1418 ὁσίου
1266 1391 1339 1421 ὅσιος
1355 1389 1487 1424 ὑπάρχων
1511 1387 1578 1419 Θεός
1590 1395 1599 1402 ·
1616 1386 1726 1422 καθαρά
1744 1386 1792 1413 καὶ
1812 1385 1882 1420 εὐθῆ

1089 1437 1123 1464 τὰ
1139 1438 1281 1472 ποιήματα
1295 1435 1378 1463 αὑτοῦ
1391 1444 1398 1451 ·
1419 1435 1509 1462 πάντα
1525 1434 1580 1469 γὰρ
1594 1433 1666 1460 καλὰ
1685 1433 1721 1460 τὰ
1740 1433 1793 1459 ὑπὸ
1813 1432 1881 1458 Θεοῦ

1089 1485 1220 1518 γεγονότα
1231 1492 1236 1498 ·
1249 1483 1296 1509 καὶ
1309 1482 1346 1514 ὡς
1356 1481 1476 1512 αἱτιατά,
1490 1481 1558 1516 πρὸς
1571 1480 1719 1514 ἐπίγνωσιν
1731 1478 1826 1504 τούτου
1843 1477 1882 1508 ὡς

1090 1530 1190 1560 αἰτίου,
1207 1529 1252 1555 τὸν
1266 1528 1400 1563 ἡμέτερον
1414 1526 1477 1553 νοῦν
1493 1525 1682 1553 ἀπευθύνοντα
1693 1534 1700 1540 ·
1717 1525 1780 1552 ἐπεὶ
1792 1525 1820 1550 δὲ
1831 1524 1881 1551 τοῦ

249 1572 345 1599 divino
371 1572 504 1600 mandato
528 1573 682 1605 averterit,
708 1572 823 1600 eﬁ‘ectus
850 1577 893 1600 est
910 1574 1038 1601 consulto

1091 1575 1162 1602 θείου
1181 1575 1334 1610 θελήματος
1351 1572 1489 1608 ἐξετράπη
1512 1572 1583 1599 κατὰ
1594 1571 1708 1606 γνώμην
1725 1571 1880 1605 ἄνθρωπος,

249 1618 340 1645 malus
357 1621 385 1646 et
406 1617 464 1653 ipse
476 1622 504 1645 et
519 1618 565 1645 illa
580 1618 663 1645 etiam
680 1626 741 1653 quae
763 1619 799 1646 ab
820 1627 854 1646 eo
874 1619 946 1646 facta
975 1623 1040 1647 sunt

249 1671 299 1700 per
319 1664 508 1692 irrationalem
523 1671 602 1692 usum
622 1664 694 1691 mala
708 1664 809 1692 elTet-il.

286 1763 370 1791 Vens.
387 1764 414 1791 9.
432 1764 529 1791 Melius
541 1769 580 1791 est
595 1764 716 1792 habitare
731 1773 810 1800 super
840 1766 967 1802 angulum
990 1767 1038 1794 sub

249 1809 306 1842 dio,
317 1818 397 1844 quam
412 1810 439 1836 in
450 1810 523 1837 calce
539 1810 654 1837 inductis
674 1819 733 1837 cum
748 1811 889 1846 iniquitate
904 1817 930 1839 et
947 1813 973 1839 iu
987 1812 1038 1840 do-

250 1864 293 1882 mo
308 1856 449 1882 communi.
465 1855 563 1884 Melius
577 1860 620 1883 est.
633 1856 730 1884 sedere
743 1857 771 1884 in
787 1858 889 1891 angulo
911 1858 965 1885 sub
979 1859 1038 1892 dio,

249 1908 331 1936 quam
355 1900 481 1928 babitare
497 1901 524 1928 in
546 1901 685 1929 moenibus
710 1903 787 1930 calce
815 1903 937 1930 inductis
950 1908 977 1931 et
990 1904 1038 1931 de-

249 1945 362 1979 coratis,
371 1946 436 1974 etin
445 1947 529 1974 domo
539 1951 664 1975 recenter
672 1953 776 1983 parata,
785 1956 845 1976 cum
859 1949 1038 1976 abttndanlia.

247 1988 315 2016 Nam
327 1990 418 2017 anima
429 1990 539 2025 quidem
553 1991 614 2025 ejus
626 1991 672 2026 qui
682 1995 794 2019 terrena
807 1993 1039 2027 praetergrediens

249 2037 408 2064 necessaria
430 2040 538 2064 tantum
558 2044 591 2064 ac
608 2037 726 2065 obscura
746 2039 873 2073 requirit,
891 2046 907 2066 e
926 2046 1040 2066 carcere

249 2083 381 2110 eximitur
398 2083 574 2111 terrestrium
587 2088 615 2110 et
633 2083 665 2111 ad
683 2085 754 2111 bona
771 2084 878 2112 infinita
893 2084 1038 2120 progredi-

249 2135 304 2157 tur.
327 2128 425 2156 Anima
450 2133 541 2156 autem
564 2129 625 2164 ejus
649 2130 696 2165 qui
726 2138 936 2166 supervacanea
959 2135 987 2159 et
1003 2131 1037 2159 ad

249 2180 359 2211 tempus
385 2176 459 2203 clara
488 2183 520 2202 ac
536 2175 654 2212 gloriosa
671 2176 763 2211 elegit,
791 2177 963 2212 terrenisque
986 2177 1038 2204 im-

248 2223 380 2259 plicatur,
395 2222 423 2249 in
439 2221 548 2249 inferno
564 2223 732 2251 includitur:
750 2224 863 2252 aeternis
891 2224 964 2251 enim
979 2223 1035 2259 jam

248 2273 397 2305 torquetur
410 2268 564 2304 suppliciis.

287 2326 368 2354 Vens.
389 2327 430 2354 l0.
446 2326 544 2353 Anima
560 2326 635 2360 impii
655 2335 671 2353 a
695 2326 800 2354 nemine
824 2325 1038 2353 misericordiam

249 2378 431 2406 consequetur.
459 2372 558 2399 Anima
595 2373 657 2406 ejus
688 2372 734 2405 qui
761 2372 844 2399 Deum
875 2379 924 2406 per
967 2372 1037 2399 bona

249 2424 330 2451 opera
345 2418 438 2444 colere
455 2421 577 2449 recusat.
604 2425 667 2443 cum
684 2417 841 2451 justissimo
865 2417 912 2444 Dei
933 2417 1039 2451 judicio

249 2463 277 2490 in
295 2463 459 2498 supplicium
482 2464 604 2491 mittetur
619 2471 625 2495 ;
639 2464 776 2491 neminem
788 2463 848 2498 ejus
866 2463 1019 2492 miscrebit.

285 2564 368 2592 Vens.
387 2565 430 2592 11.
459 2564 575 2592 Multato
603 2566 806 2599 intemperante.
835 2565 983 2600 sapientior
1008 2565 1039 2600 ﬁt

249 2612 381 2645 simplex;
395 2611 543 2647 intelligens
559 2620 647 2640 autem
674 2614 791 2647 sapiens,
816 2612 941 2646 suscipiet
953 2613 1039 2639 scien—

250 2657 325 2682 tiam.
340 2656 409 2683 Dum
432 2656 478 2683 ille
498 2657 545 2692 qui
573 2657 735 2692 insipienter
750 2657 827 2692 .vivit
853 2657 978 2692 proprias
998 2657 1040 2683 di-

250 2702 332 2729 vitias
365 2707 595 2738 quantrecumque
626 2703 682 2731 sint
715 2703 858 2739 profusius
887 2703 1039 2734 consumit.

250 2747 411 2783 prudentior
422 2748 450 2775 [it
460 2749 506 2783 qui
520 2749 547 2776 in
560 2749 637 2783 prani
649 2756 681 2776 ex
691 2750 767 2776 omni
779 2749 882 2779 malitia
894 2748 1038 2781 liberatur;

250 2801 303 2820 non
321 2793 366 2820 Iali
380 2793 483 2820 invidet
497 2794 544 2821 sed
557 2794 649 2828 potius
673 2794 794 2829 seipsum
812 2794 934 2822 custodit
953 2802 987 2822 ne
1012 2794 1038 2821 in

249 2839 349 2866 similia
368 2839 439 2866 mala
449 2838 561 2866 incidat.
572 2839 807 2874 Contemplativus
817 2840 898 2867 homo
914 2841 1040 2866 humanas

250 2888 356 2912 natura:
374 2884 591 2912 imbecillitatem
620 2889 760 2920 reputans,
790 2886 817 2912 in
838 2885 1039 2921 intemperante

1090 1622 1187 1657 γέγονέ
1202 1630 1232 1648 τε
1247 1621 1293 1647 καὶ
1307 1620 1388 1651 αὐτὸς
1403 1619 1562 1655 προαιρέσει
1573 1617 1668 1649 κακὸς,
1686 1617 1732 1644 καὶ
1745 1616 1882 1650 πεποίηκε

1091 1667 1138 1693 καὶ
1156 1666 1190 1692 τὰ
1204 1666 1237 1692 δι’
1254 1665 1334 1693 αὐτὸν
1365 1665 1506 1700 γεγονότα,
1532 1663 1602 1691 κατὰ
1632 1663 1682 1698 τὴν
1710 1662 1881 1697 παραλόγως

1091 1713 1189 1748 χρῆσιν
1202 1712 1285 1739 κακά.

1128 1769 1160 1797 θ’.
1172 1769 1318 1803 Κρεῑσσον
1328 1768 1421 1795 οἰκεῖν·
1442 1767 1492 1794 ἐπὶ
1508 1767 1616 1802 γωνίας
1638 1766 1797 1798 ὑπαίθρου,
1811 1764 1831 1798 ἣ
1847 1764 1881 1791 ἐν

1091 1815 1314 1849 κεκονιαμένοις
1338 1814 1414 1849 μετὰ
1429 1814 1556 1846 ἀδικίας,
1573 1812 1621 1839 καὶ
1639 1812 1673 1838 ἐν
1685 1811 1758 1844 οίιιῳ
1776 1809 1878 1842 καινῷ.

1091 1857 1207 1884 Κάλλιόν
1221 1859 1294 1884 ἐστιν
1306 1858 1334 1883 ὲν
1349 1858 1465 1883 ἀσκεπεῖ
1481 1857 1567 1892 γωνίᾳ
1578 1857 1636 1892 μιᾷ,
1658 1855 1791 1891 καθῆσθαί
1807 1863 1881 1886 τινα,

1091 1904 1107 1939 ἦ
1124 1905 1153 1930 ὲν
1167 1903 1266 1938 τοίχοις
1279 1903 1548 1938 περικεχρισμὲνοιε,
1562 1903 1607 1928 καὶ
1619 1901 1881 1934 νεοκαταοκευάστῳ

1091 1949 1298 1983 οἰκοδομήματι.
1323 1948 1392 1982 μετά
1414 1947 1585 1979 πλεονεξίαις⁵
1612 1946 1659 1972 τοῦ
1686 1945 1736 1981 μὲν
1757 1945 1810 1980 γὰρ
1833 1945 1882 1970 τὸν

1091 1996 1237 2031 ἀπέριττον
1255 1996 1301 2022 καὶ
1316 1995 1408 2030 ἀφανῆ
1434 1995 1572 2030 ἑλομένου,
1590 1994 1645 2020 τῶν
1659 1992 1784 2020 ἐντεῦθεν
1795 1993 1880 2020 ἀπαί-

1092 2050 1184 2078 ροντος
1196 2041 1323 2076 ἐξάγεται
1347 2042 1379 2068 ἐκ
1399 2041 1522 2076 φυλακῆς
1537 2042 1553 2076 ὴ
1573 2040 1658 2075 ψυχὴ,
1675 2039 1722 2066 καὶ
1738 2039 1881 2074 ἥδηχωρεῖ

1091 2089 1159 2125 πρὸς
1172 2088 1206 2115 τὰ
1217 2088 1360 2124 ἀπέραντα
1371 2087 1461 2122 ἀγαθά
1475 2096 1482 2103 ·
1497 2087 1544 2113 τοῦ
1559 2087 1588 2113 δὲ
1603 2086 1633 2113 τὸ
1649 2087 1697 2121 τῆς
1717 2086 1812 2120 χρείας
1831 2094 1881 2112 πε-

1092 2132 1182 2169 ριττὸν
1197 2133 1244 2163 καὶ
1257 2133 1288 2160 τὸ
1303 2132 1477 2168 προσκαίρως
1495 2131 1620 2166 λαμπρὸν
1638 2131 1685 2158 καὶ
1695 2130 1818 2163 ἐπίδοξον
1835 2131 1881 2156 ai-

1092 2179 1279 2214 ρετισαμένου,
1295 2178 1348 2207 τῶν
1364 2178 1457 2205 ἐνθάδε
1466 2177 1676 2212 μεθισταμένου,
1695 2177 1724 2203 ὲν
1735 2176 1785 2212 ᾄδῃ
1798 2184 1882 2202 κατα-

1091 2224 1237 2261 κλείεταιή
1254 2224 1327 2260 ψυχή
1338 2233 1345 2241 ·
1361 2225 1409 2251 καὶ
1428 2223 1480 2259 ήδη
1499 2224 1608 2250 ἀνιᾶται
1624 2223 1685 2254 ταῖς
1699 2223 1820 2252 αἰωνίοις
1835 2230 1881 2248 κο-

1092 2271 1212 2299 λάσεσιν.

1126 2331 1151 2355 ι’.
1172 2327 1258 2362 Ψυχὴ
1272 2326 1412 2359 ἀσεϐοῦς.
1422 2327 1476 2353 οὐκ
1486 2325 1684 2358 ἐλεγχθήσεται
1696 2324 1747 2352 ὑπ’
1756 2324 1882 2358 οὐδενὸς

1090 2373 1148 2400 τῶν
1163 2373 1335 2407 ἀνθρώπων.
1355 2372 1410 2408 Τὴν
1426 2371 1516 2406 ψυχὴν
1533 2370 1579 2397 τοῦ
1602 2371 1639 2405 μὴ
1654 2370 1687 2396 δι’
1698 2370 1882 2404 ἀγαθοεργίας

1089 2418 1224 2454 τιμῶντος
1239 2418 1315 2451 Θεὸν,
1344 2419 1378 2454 τῇ
1404 2418 1570 2452 δικςιιιοτόιτῃγ
1586 2415 1669 2442 αὐτοῦ
1686 2416 1777 2451 κρίσει
1791 2424 1882 2449 παρα-

1091 2465 1271 2500 πεμπομένην
1289 2466 1328 2496 εἰς
1346 2465 1465 2496 κόλασιν,
1488 2463 1575 2494 οὐδεὶς
1594 2461 1649 2489 τῶν
1672 2461 1825 2497 ἀνθρώπων
1835 2461 1881 2494 ἐξ-

1091 2511 1191 2537 ελεῐται
1210 2510 1305 2544 αὐτῆς.

1127 2566 1172 2594 ια’.
1195 2567 1402 2602 Ζημιουμένου
1426 2566 1613 2597 ἀκολάστου,
1641 2564 1881 2598 πανουργότερος

1091 2613 1205 2647 γίνεται
1238 2614 1255 2639 ὀ
1284 2612 1413 2646 ἄκακος·
1441 2612 1557 2639 συνιὼν
1580 2611 1614 2639 δὲ
1632 2611 1740 2645 σοφὸς,
1764 2610 1881 2642 δέξεται

1092 2658 1215 2692 γνῶσιν.
1231 2658 1285 2685 Τοῦ
1303 2658 1340 2693 μὴ
1355 2659 1502 2693 σωφρόνως
1516 2657 1646 2692 βιοῦντος,
1659 2657 1706 2683 τὸν
1719 2657 1787 2682 ίδιον
1801 2655 1882 2682 πλοῦ-

1091 2712 1137 2730 τον
1152 2705 1242 2735 ὁποῖός
1268 2705 1343 2731 ἐστιν
1372 2704 1484 2735 ἀσώτως
1504 2703 1751 2734 καταναλίσκοντας
1761 2723 1768 2734 ,
1784 2704 1798 2729 ὁ
1809 2702 1881 2728 κατὰ

1093 2747 1193 2782 πρᾶξιν
1208 2748 1298 2783 πάσης
1316 2749 1413 2779 κακίας
1431 2748 1611 2782 ἀπαλλαγεὶς,
1627 2747 1881 2782 προσεκτικώτερος

1092 2794 1194 2827 γίνεται
1209 2803 1216 2809 ·
1230 2795 1267 2830 μὴ
1292 2795 1460 2830 παραζηλῶν
1484 2795 1528 2821 τὸν
1548 2793 1679 2825 τοιοῦτον,
1690 2793 1758 2820 ἀλλὰ
1779 2792 1881 2828 μᾶλλον

1092 2841 1362 2876 κατασφαλιζόμενος
1393 2841 1508 2873 ἑαυτὸν,
1532 2840 1601 2866 ὣστε
1628 2839 1667 2874 μὴ
1689 2840 1745 2869 τοῖς
1776 2838 1880 2872 ὁμοίοις

1093 2886 1251 2920 περιπεσεῖν
1264 2893 1269 2899 ·
1297 2885 1311 2911 ὸ
1326 2884 1353 2911 δὲ
1373 2883 1551 2921 θεωρητικὸς,
1567 2883 1709 2912 κατανοῶν
1720 2882 1750 2910 τὸ
1765 2884 1814 2919 τῆς
1831 2883 1879 2909 ἀν-
