2072 3161
173 170 241 203 M33

669 174 939 204 COMMENTARII
966 175 1007 204 IN
1029 175 1179 207 PROVER
1186 177 1245 206 BIA
1252 199 1258 206 .

1738 166 1812 208 nat

171 228 311 263 θρωπὶνης
336 229 444 263 φύσεως
477 230 590 261 ἀσθενὲς
624 232 653 257 ἐν
682 231 721 266 τῷ
743 231 967 259 ἀκολασταίνοντι

1020 232 1106 260 fratre
1130 233 1252 268 seipsum
1269 239 1429 269 cognoscet;
1448 233 1496 262 sed
1521 233 1635 262 fratrem
1661 241 1716 262 non
1730 234 1807 270 judi-

171 274 278 309 ἀδελφῷ
291 275 473 308 ἐπιγνώσεται
482 275 517 302 τὰ
524 276 622 303 ἑαυτοῦ
631 284 637 291 ·
650 277 698 303 καὶ
712 277 741 304 οὐ
753 277 961 312 καταγνώσεται

171 319 218 346 τοῦ
231 319 356 354 ἀδελφοῦ.

208 364 252 399 ιβ’.
271 364 372 391 Συνιεῒ
383 364 499 398 δίκαιος
515 365 640 399 καρδίας
658 365 792 393 ἀσεϐῶν·
811 367 860 393 καί
883 376 962 401 φαυ-

170 410 242 440 λίζει
255 410 374 443 ἀσεϐεῖς
386 411 421 437 ὲν
438 411 551 444 κακοῖς.
569 413 707 439 Κστανοεῖ
718 413 731 439 ὁ
743 413 898 448 ἀμέμπτως
913 423 962 441 πο-

171 457 354 491 λιτευόμενος,
368 457 432 488 τοὺς
448 457 485 492 μὴ
493 457 527 484 δι’
540 457 722 493 ἀγαθοεργίας
732 459 870 494 τιμῶντας
885 459 962 492 Θεὸν,

171 502 245 534 ὅπως
257 502 328 529 κατὰ
338 503 429 538 ψυχὴν
446 503 540 534 κακῶς
558 503 650 539 ἔχουσι
661 512 668 519 ·
686 505 734 531 καὶ
749 504 882 539 διελέγχει
898 503 962 531 τού·

171 557 236 581 τους
258 550 287 574 ὲν
300 550 357 580 τοῖς
382 549 549 584 παραλόγοις
573 549 666 585 ἔργοις
685 550 791 576 αὐτῶν·
812 550 850 581 ὡς
868 550 900 576 ἂν
918 550 964 576 τὸν

171 595 271 620 οἰκεῖον
283 594 485 629 διορθώσωνται
506 595 573 630 βίον,
586 596 634 622 καὶ
649 596 700 630 τῆς
712 596 823 622 αἰωνίου
843 596 964 632 ῥυσοῶσι

173 649 321 672 κολασεως.

210 686 254 720 ιγ’.
276 687 328 719 Ὃς
351 686 485 721 φράσσει
510 686 548 713 τὰ
573 684 635 713 ὦτα
651 687 705 714 τοῦ
724 687 768 722 μὴ
797 688 965 715 ἐπακοῦσαι

173 732 333 765 ἀσθενοῦς,
346 732 396 759 καὶ
407 732 499 765 αὐτὸς
514 732 733 765 ἐπικαλέσεται,
748 733 797 760 καὶ
809 734 864 761 οὐκ
880 734 966 761 ἔσται

174 779 190 804 ό
204 778 379 804 εἰσακούων.
399 779 446 809 Ὃς
460 777 509 812 τῷ,
525 778 581 804 εἴτε
603 779 674 805 κατὰ
695 779 785 813 σῶμα,
814 779 871 805 εἴτε
895 779 967 806 κατὰ

172 824 260 858 ψυχὴν
282 824 375 855 κακῶς
392 823 491 859 ἔχοντι,
505 824 552 850 καὶ
571 824 696 860 βοηθείας
716 824 767 859 τῆς
782 824 891 851 οἱασοῦν
906 825 965 851 δεο-

175 870 258 904 μένῳ,
270 869 308 903 μὴ
320 869 537 904 ἑπικάμπτεται,
552 869 586 896 τὰ
596 869 677 904 ὃμοια
688 870 736 896 καὶ
746 869 827 901 αὐτὸς
841 870 966 896 πείσεται

173 902 307 950 δεόμενος
318 917 348 942 ἐν
362 902 507 949 ἀνάγκαις,
528 916 576 942 καὶ
648 907 784 951 εὐρίσιξων
802 916 848 942 τὸν
866 916 966 952 βοηοή-
982 902 1002 929 Β

175 969 269 988 σοντα·
287 961 337 988 οὐκ
356 962 473 988 ὲλεεῖται
487 962 553 996 γὰρ,
569 961 663 996 ἐπειδὴ
677 961 714 996 μὴ
731 961 859 996 ἠλέησεν.

211 1004 251 1032 ιδ’.
267 1005 353 1038 Adet;
372 1004 505 1038 λάθριος,
521 1004 682 1039 ἀνατρέπει
696 1005 796 1040 ὀργάς.
814 1004 967 1036 Μετάδοσις

174 1051 325 1086 χρημάτων
342 1050 488 1086 ἀνθρώπου
510 1051 584 1082 τινος
603 1050 733 1086 λεληθυῖα
765 1050 834 1086 πρὸς
869 1051 966 1086 δεομέ-

174 1105 246 1129 νους,
257 1097 434 1124 καταλλάττει
455 1097 536 1124 αὐτὸν
552 1097 621 1132 Θεῷ,
643 1097 713 1132 ὑπὲρ
729 1093 767 1124 ὧν
784 1097 879 1124 τοῦτον
896 1105 967 1132 παρ-

174 1143 287 1178 ώργισε,
302 1143 351 1174 τὰς
366 1142 448 1169 αὐτοῦ
461 1143 588 1179 παραϐὰς
600 1143 720 1174 ἐντολάς.

210 1188 315 1223 Δώρων
327 1188 361 1215 δὲ
376 1190 392 1216 ὀ
405 1188 590 1223 φειδόμενος,
604 1189 699 1223 θυμὸν
709 1189 814 1223 ἐγείρει
826 1189 965 1223 ἰσχυρόν.

180 1234 210 1260 ’0
223 1233 251 1261 δὲ
262 1233 306 1261 διὰ
316 1234 462 1269 φειδωλίαν
474 1234 511 1269 μὴ
529 1234 684 1270 μεταδιδοὺς
698 1236 755 1266 τοῖς
769 1233 900 1270 χρῄζουσι
913 1233 966 1261 τῶν

175 1280 282 1313 ἑαυτοῦ,
294 1281 419 1316 μεγάλως
427 1280 590 1315 παροργίζει
598 1280 666 1307 θεόν
674 1287 681 1295 ο
693 1280 734 1307 ὅτι
743 1279 853 1316 χρῄζων
861 1279 965 1311 ἐλέους,

177 1327 215 1363 μὴ
228 1326 298 1353 ὲλεεῐ
309 1327 373 1358 τοὺς
392 1326 483 1359 ἐλέους
496 1326 601 1359 ἀξίους.

211 1416 252 1440 ιε’.
270 1413 452 1448 Εὑφροσύνη
468 1412 602 1445 δικαίων,
616 1412 713 1439 ποιεῖν
726 1412 827 1448 κρῖμα.
840 1412 967 1446 Πνευμα-

175 1459 237 1493 τική
254 1459 327 1485 ἐστιν
343 1457 503 1492 ἀγαλλίασις
516 1457 569 1484 τῶν
582 1457 652 1484 κατὰ
668 1458 768 1492 νόμους
783 1457 871 1489 θείους
887 1456 967 1483 πολι-

175 1504 342 1539 τευομένων,
365 1503 496 1539 πράττειν
511 1503 541 1530 τὸ
563 1503 634 1530 κατὰ
648 1503 728 1537 λόγον
744 1503 837 1538 κριθὲν
853 1503 963 1537 ἀγαθόν.

212 1550 317 1582 Ὂσιος
343 1549 387 1583 δὲ,
410 1549 579 1584 ἀκάθαρτος·
599 1550 677 1583 παρὰ
692 1549 880 1584 κακούργοις.
903 1548 932 1575 Ὀ
944 1549 965 1574 δ’

176 1595 248 1622 οὕτω
272 1595 492 1630 πολιτευόμενος,
515 1595 545 1621 οὐ
573 1595 716 1629 νομίζεται
740 1595 816 1630 παρὰ
838 1596 895 1627 τοῖς
916 1595 967 1629 τῆς

177 1642 276 1674 κακίας
290 1643 432 1677 ἐργάταις,
442 1642 530 1674 καλῶς
546 1642 577 1669 τὸ
592 1643 675 1668 καλὸν
687 1642 886 1677 ἐργαζόμενος·
901 1641 968 1669 ἀλλὰ

175 1687 210 1714 δι’
230 1687 492 1723 ἀνθρωπαρέσκειαν
512 1689 591 1715 τοῦτο
615 1688 662 1715 καὶ
683 1689 838 1721 κενοδοξίαν
853 1689 968 1722 ὑποκρι-

176 1734 297 1769 νόμενοςγ

213 1778 260 1812 ις’·
289 1779 380 1813 Ἀνὴρ
401 1779 597 1814 πλανώμενος
615 1779 650 1812 ἐξ
671 1779 743 1806 ὀδοῦ
760 1779 968 1812 δικαιοσύνης,

176 1825 208 1852 ἐν
225 1825 388 1860 συναγωγῇ
405 1825 553 1860 γιγάντων
568 1826 787 1852 ἀναπαύσεται.
807 1825 969 1860 Ἀνθρωπος

177 1872 378 1906 ἐκτρεπόμενος
393 1871 443 1905 τῆς
457 1871 518 1897 κατ’
533 1870 634 1906 ἀρετὴν
648 1871 753 1906 τρίϐου,
770 1870 839 1905 μετὰ
853 1870 908 1896 τῶν
926 1879 970 1904 φι-

177 1917 345 1952 λοσωμάτων
371 1916 633 1952 συναυλιοθήσεται’
659 1917 688 1943 ὲν
714 1914 755 1948 οἷς
779 1916 810 1942 τὸ
832 1916 878 1942 τοῦ
901 1914 969 1941 Θεοῦ

177 1963 286 1998 πνεῦμα
301 1963 329 1990 οὺ
344 1964 504 1998 καταμενεῖ,
520 1963 563 1989 διὰ
574 1963 604 1989 τὸ
619 1961 689 1989 εἶναι
704 1956 803 1994 αὐτοὺς
819 1962 932 1997 σάρκας.

215 2010 256 2041 ιζ’.
277 2008 367 2043 Ἀνὴρ
389 2008 497 2043 ἐνδεὴς
526 2008 626 2043 ἁγαπᾴ
644 2008 850 2043 εὐφροσύνην,
873 2006 971 2042 φιλῶν

177 2054 262 2083 οἶνον
289 2055 340 2083 καὶ
366 2055 470 2082 ἔλαιον
490 2056 535 2088 είς
557 2055 702 2082 πλοῦτον.
728 2056 756 2081 '0
780 2054 970 2088 πνευματικῆς

179 2102 288 2138 χρῄζων
300 2102 415 2137 τροφῆς,
429 2102 478 2136 τὴν
502 2101 574 2128 κατὰ
589 2101 678 2136 ψυχὴν
699 2100 778 2127 ποθεῖ
793 2100 967 2135 ἀγαλλίασιν·

177 2147 368 2182 ἀσπαζόμενος
381 2146 511 2181 δαψιλῶς,
527 2146 574 2173 τόν
595 2155 625 2172 τε
638 2146 716 2180 δίκην
733 2146 806 2173 οἴνου
823 2146 970 2173 στυπτικὸν

177 2194 246 2228 πρὸς
260 2192 348 2228 φυγὴν
363 2193 412 2226 τῆς
427 2192 526 2224 κακίας
548 2192 619 2219 θεῖον
643 2192 735 2226 φόϐον,
756 2193 804 2219 καὶ
825 2193 870 2219 τὸν
892 2192 970 2227 δίκην

178 2239 271 2265 ἐλαίου
290 2238 475 2273 ὑπαλείφοντα
486 2238 554 2273 πρὸς
564 2238 695 2274 ἐργασίαν
705 2237 758 2264 τῶν
771 2237 885 2274 [καλῶν]
899 2237 970 2264 θεῖον

178 2284 270 2310 πόθον.

214 2329 259 2364 ιη’.
286 2330 493 2364 Περικάθαρμα
518 2329 552 2356 δὲ
570 2329 698 2361 δικαίου,
723 2330 845 2364 ἄνομος.
868 2328 971 2362 Ἐξῑλα-

180 2384 235 2410 σμοι
251 2376 289 2407 δὲ,
307 2376 345 2407 ὡς
361 2376 392 2402 τὸ
415 2374 611 2410 περικάϐαρμα
626 2376 639 2401 ὁ
659 2375 774 2406 Ἀκύλας
798 2375 969 2410 ἡρμήνευκε,

179 2421 226 2448 τοῦ
243 2421 453 2456 πολιτευομένου
475 2420 547 2447 κατὰ
563 2421 651 2452 θείους
669 2421 769 2453 νόμους
788 2421 873 2454 ἐστιν,
889 2421 903 2446 ο
918 2428 971 2446 πα-

182 2466 336 2502 ραϐάτης...
354 2466 428 2493 ἐστὶν
451 2466 557 2493 αὐτῶν·
585 2466 763 2501 ἐξιλεωμένου
782 2465 848 2491 Θεὸν
869 2465 969 2500 τούτῳ,

181 2512 209 2537 ἐν
224 2511 263 2546 τῷ
285 2510 454 2546 διορθοῦσθαι
469 2510 553 2538 αὐτοῦ
570 2512 615 2537 τον
633 2511 700 2544 βίον,
720 2511 754 2536 δι’
772 2507 802 2536 οὗ
817 2510 884 2535 Θεὸν
903 2518 972 2545 παρ-

180 2557 311 2592 ώργισεν·
329 2557 343 2582 ὁ
363 2556 417 2591 γὰρ
440 2555 513 2582 κατὰ
523 2555 589 2582 Θεὸν
603 2555 724 2587 {tim-ctu
739 2554 777 2590 μὴ
785 2554 856 2580 οὕτω
870 2553 970 2585 ζῶντα,

179 2605 239 2634 ταῖς
254 2602 351 2630 ἑαυτοῦ
364 2603 544 2638 παραινέσεσι
554 2602 699 2637 προσάγων
711 2600 781 2635 Θεῷ,
791 2599 971 2627 καταλλάττει

179 2650 272 2676 τοῦτον
288 2648 374 2684 αὐτῷ.

217 2695 259 2722 ιο⁶.
275 2695 426 2730 Κρεῖσσον
444 2693 537 2722 οἶκεῖιν
554 2693 589 2721 ἑν
610 2692 648 2727 τῇ
668 2693 776 2727 ἐρήμῳ,
793 2692 811 2726 ἡ
824 2692 900 2727 μετὰ
917 2701 970 2726 γυ-

180 2743 282 2776 ναικὸς
294 2742 429 2776 μαχίμου
442 2741 490 2768 καὶ
502 2741 634 2775 ὀργίλου.
650 2740 755 2774 ’Ὠσπερ
768 2739 799 2764 τὸ
812 2739 901 2772 ἄζυγα
911 2747 971 2764 τινα

181 2787 252 2815 εἶναι
270 2790 317 2815 καὶ
336 2787 530 2824 μεμονωμένον
554 2787 649 2817 οἰκεῖν,
675 2786 783 2812 κάλλιόν
807 2786 881 2811 ἐστιν
901 2785 971 2819 ὑπὲρ

182 2835 211 2860 τὸ
222 2836 355 2862 συνοικεῖν
371 2834 480 2869 γυναικὶ
489 2834 614 2869 ἐριστικῇ
629 2833 690 2868 εἰκῆ
706 2832 882 2868 ὀργιζομένῃ,
900 2831 971 2857 οὕτω

183 2881 290 2908 κάλλιόν
315 2883 373 2909 ἐστι
399 2874 446 2909 κάκ
469 2881 507 2918 τῷ
524 2881 561 2917 νῷ
587 2879 664 2915 ἁπλῷ
681 2880 709 2907 ὲν
727 2879 786 2914 Θεῷ
803 2879 903 2913 μένειν,
920 2877 971 2910 ἔξω

1013 279 1099 307 cabit.

1050 369 1133 398 VEas.
1151 370 1195 397 i2.
1228 369 1360 405 Intelligit
1390 369 1480 405 justus
1505 370 1587 396 corda
1610 369 1753 404 impiorum
1780 375 1806 398 et

1014 416 1150 451 vilipendit
1170 416 1266 450 impios
1279 416 1306 442 in
1332 415 1413 442 malo.
1430 416 1593 443 Considerat
1608 416 1655 451 qui
1667 417 1807 451 ineulpate

1014 466 1205 494 conversatur,
1218 470 1266 490 eos
1286 462 1332 496 qui
1352 469 1399 496 per
1415 462 1487 489 bona
1515 470 1597 497 opera
1615 463 1705 490 colere
1721 462 1806 490 Deum

1015 508 1291 543 recusautquomodo
1301 508 1390 542 quoad
1407 508 1526 534 animam
1544 508 1615 535 male
1630 517 1659 536 se
1674 509 1806 540 habeant,

1015 554 1132 589 illosque
1143 553 1282 588 redarguit
1293 554 1318 580 iu
1331 554 1540 580 irrationalibus
1553 554 1682 588 operibus
1697 562 1804 586 eorum,

1015 605 1045 627 ut
1063 600 1200 634 propriam
1219 598 1366 626 emendent
1385 599 1468 626 vitam
1484 619 1492 632 ,
1522 603 1715 634 aeternumque
1737 599 1805 627 eﬂ'n-

1015 646 1091 681 giant
1111 645 1287 680 supplicium.

1052 690 1135 718 Vens.
1156 691 1196 717 i5.
1212 691 1265 723 Qui
1286 690 1391 718 obturat
1407 698 1497 717 aurem
1509 698 1585 717 suam
1602 690 1636 716 ad
1662 690 1808 718 clamorem

1015 737 1149 771 pauperis,
1165 741 1189 763 et
1204 737 1258 770 ipse
1268 735 1406 769 clamabit,
1425 740 1449 762 et
1471 744 1521 762 non
1551 735 1720 764 exaudietur.
1754 737 1807 770 Qui

1018 782 1088 809 male
1105 789 1166 809 sese
1179 781 1305 809 habentis
1320 782 1380 808 sive
1400 781 1490 816 quoad
1523 788 1624 814 corpus
1639 781 1697 808 sive
1716 782 1808 816 quoad

1018 829 1148 859 animam,
1165 831 1193 854 et
1207 835 1383 862 quocumque
1397 827 1548 860 indigentis
1564 827 1670 854 auxilio
1685 835 1742 855 non
1754 828 1807 854 mi-

1018 877 1135 906 seretur,
1154 873 1220 899 talia
1234 878 1261 900 et
1271 873 1331 908 ipse
1349 873 1478 908 patietur.
1497 872 1566 899 Cum
1584 872 1729 907 indigebit,
1749 881 1804 900 non

1017 920 1173 947 invenietur
1198 919 1244 954 qui
1265 927 1329 946 eum
1354 918 1478 953 adjuvet.
1501 917 1561 945 Non
1587 919 1807 947 misericordiam

1017 969 1212 1000 consequetur,
1228 965 1294 1000 quia
1319 965 1479 992 misericors
1494 972 1549 991 non
1567 964 1631 992 fuit.

1052 1012 1136 1039 Vens.
1155 1011 1198 1038 14.
1213 1011 1311 1038 Munus
1324 1012 1455 1038 occultant
1472 1011 1565 1038 avertit
1577 1012 1644 1038 iras.
1659 1011 1711 1044 Qui
1733 1011 1807 1038 indi-

1017 1059 1147 1094 gentibus
1164 1058 1302 1085 occultam
1323 1057 1527 1092 eleemosynam
1545 1056 1621 1089 facit,
1644 1056 1698 1084 Deo
1710 1064 1808 1084 recou-

1017 1105 1128 1133 ciliatur
1140 1104 1221 1136 cujus
1235 1104 1304 1130 iram
1315 1103 1477 1138 provncavit
1493 1110 1542 1138 per
1556 1102 1806 1138 transgressionem

1018 1151 1223 1178 mandatorum.

1052 1194 1207 1222 Muneribus
1222 1198 1309 1220 autem
1321 1193 1366 1228 qui
1374 1193 1472 1226 parcit,
1485 1193 1601 1227 furorem
1614 1193 1727 1220 suscitat
1738 1193 1808 1220 vali-

1017 1241 1090 1268 dum.
1107 1240 1159 1274 Qui
1172 1244 1262 1267 autem
1278 1240 1314 1266 ob
1337 1238 1536 1274 parcimuniam
1555 1246 1609 1266 non
1621 1239 1665 1265 dat
1673 1246 1723 1266 sua
1738 1239 1808 1266 imii-

1017 1287 1155 1323 gentibus,
1167 1293 1332 1320 magnopere
1355 1284 1440 1311 Deum
1450 1284 1483 1312 ad
1495 1285 1563 1312 iram
1577 1290 1708 1320 provocat
1722 1294 1729 1312 :
1743 1286 1809 1321 quia
1823 1276 1830 1282 ’

1019 1331 1208 1359 misericordia
1225 1339 1310 1366 egens
1325 1338 1381 1357 non
1400 1330 1549 1358 miseretur
1564 1338 1661 1358 eorum
1685 1331 1732 1366 qui
1754 1330 1808 1358 mi<

1017 1377 1168 1404 sericordia
1184 1381 1249 1404 sunt
1265 1377 1352 1413 digni.

1052 1423 1137 1451 Vsus.
1161 1424 1201 1451 l5.
1218 1423 1324 1452 Lmtitia
1337 1425 1474 1460 justorum
1487 1424 1575 1459 facere
1588 1423 1731 1457 iudicium.
1746 1422 1809 1458 Spi-

1018 1470 1129 1497 ritualis
1147 1475 1189 1498 est
1204 1471 1296 1498 laetitia
1310 1471 1462 1498 secundum
1482 1471 1528 1499 Dei
1546 1472 1619 1505 leges
1634 1477 1808 1498 conversan-

1018 1516 1104 1548 tibus,
1120 1515 1210 1544 lacere
1225 1518 1298 1551 quod
1317 1518 1388 1544 ratio
1405 1518 1506 1544 bonum
1521 1516 1667 1552 judicavit.

1056 1560 1171 1588 Sanctus
1196 1566 1284 1587 autem
1308 1562 1462 1588 immundus
1488 1567 1526 1588 est
1549 1561 1619 1595 apud
1647 1560 1740 1587 malos.
1757 1559 1810 1593 Qui

1020 1610 1110 1634 autem
1131 1610 1228 1634 sant-te
1242 1613 1433 1639 conversatur,
1447 1607 1481 1634 ab
1499 1607 1672 1642 iniquitatem
1690 1614 1808 1642 operan-

1021 1653 1094 1680 tibus
1110 1661 1163 1680 non
1181 1654 1298 1680 habetur
1320 1653 1388 1680 bene
1403 1654 1504 1681 bonum
1517 1661 1610 1688 agere,
1628 1653 1676 1680 scd
1708 1654 1810 1688 tingere

1021 1704 1051 1726 ttt
1065 1699 1211 1735 populares
1227 1707 1309 1727 auras
1324 1704 1414 1734 captet
1435 1703 1462 1728 et
1481 1699 1516 1727 ob
1533 1707 1628 1726 vanam
1644 1699 1773 1734 gloriam.

1057 1786 1141 1814 Vens.
1157 1787 1202 1814 16.
1223 1786 1270 1813 Vir
1286 1794 1380 1813 errans
1397 1795 1412 1813 a
1425 1786 1466 1814 via
1477 1785 1604 1819 iustitia.
1619 1785 1647 1812 in
1676 1793 1811 1820 synagoga

1021 1834 1159 1868 gigantum
1175 1834 1327 1867 requiescet.
1338 1832 1426 1859 Homo
1440 1840 1454 1858 a
1466 1831 1509 1858 via
1524 1831 1633 1858 virtutis
1649 1831 1809 1862 deﬂectens,

1022 1887 1083 1906 cum
1102 1880 1226 1914 corporis
1243 1879 1400 1905 amantibus
1412 1878 1643 1910 commorabitur,
1668 1878 1695 1904 in
1710 1878 1812 1912 quibus

1022 1932 1075 1952 non
1089 1929 1230 1959 permanet
1246 1923 1365 1958 Spiritus
1381 1924 1439 1956 Dei,
1456 1924 1521 1959 quia
1534 1931 1600 1950 caro
1621 1929 1695 1950 sunt.

1059 2010 1142 2038 Vsus.
1152 2010 1196 2037 i7.
1214 2009 1260 2036 Vir
1270 2017 1365 2044 egenus
1372 2014 1443 2036 amat
1453 2009 1588 2041 latitiam,
1601 2008 1711 2044 diligens
1723 2009 1812 2036 nimam

1021 2061 1046 2084 et
1061 2056 1147 2083 oleant
1162 2055 1197 2082 ad
1224 2056 1341 2082 divitias.
1364 2055 1415 2087 Qui
1433 2055 1571 2089 spirituali
1601 2054 1664 2081 cibo
1698 2054 1809 2088 indiget,

1024 2101 1198 2136 concupiscit
1218 2101 1317 2128 anima:
1330 2100 1464 2128 ltetitiam.
1481 2099 1515 2126 Ut
1535 2100 1630 2126 vinum
1656 2100 1730 2134 large
1753 2106 1811 2125 aut-

1024 2148 1160 2184 plectitur
1176 2148 1301 2174 timorem
1329 2145 1375 2174 Dei
1407 2147 1453 2181 qui
1477 2153 1492 2172 a
1509 2150 1623 2181 peccato
1653 2144 1764 2176 avertit,
1784 2148 1813 2171 ct

1022 2195 1144 2222 divinum
1161 2193 1329 2221 desiderium
1348 2192 1422 2228 quod
1439 2192 1472 2220 ad
1489 2192 1576 2220 instar
1592 2191 1646 2218 olei
1663 2190 1691 2218 iu
1702 2189 1814 2218 virtutis

988 2250 1009 2278 ι)
1024 2241 1209 2276 operationem
1226 2239 1352 2268 sublinit.

1059 2329 1142 2357 Vens.
1161 2328 1205 2356 i8.
1226 2328 1457 2362 Circumpurgatio
1469 2331 1544 2363 Juxta
1562 2327 1680 2362 iniquus.
1709 2326 1812 2362 Legqu

1023 2376 1068 2403 Dei
1085 2381 1273 2409 tranng-cssor
1289 2375 1432 2410 placamen
1444 2378 1487 2402 est
1501 2374 1618 2408 (Aquila
1638 2375 1691 2400 circ
1700 2381 1811 2407 umpur-

1021 2423 1094 2456 galia
1128 2416 1326 2456 interpretatus
1350 2420 1413 2454 est)
1437 2420 1498 2454 ejus
1513 2419 1560 2454 qui
1585 2419 1738 2446 scentulum
1766 2426 1814 2446 cas

1022 2472 1211 2496 conversatur.
1224 2467 1310 2493 Deum
1328 2466 1430 2501 placat,
1449 2465 1533 2492 vitam
1549 2465 1575 2491 iu
1588 2464 1622 2491 iis
1641 2464 1813 2491 emendando

1022 2516 1122 2550 quibus
1131 2522 1193 2542 eum
1208 2513 1241 2541 ad
1254 2514 1320 2540 iram
1333 2513 1504 2548 provocavit.
1517 2511 1583 2538 Nam
1599 2512 1646 2546 qui
1660 2511 1812 2539 secundum

1024 2561 1107 2589 Deum
1125 2561 1190 2588 vivit
1206 2569 1267 2587 eum
1283 2561 1330 2595 qui
1346 2567 1399 2586 non
1418 2559 1455 2586 ita
1480 2563 1658 2586 conversatur
1693 2558 1813 2592 propriis

1022 2607 1263 2634 adhortationibus
1283 2606 1314 2633 ad
1332 2605 1417 2632 Deum
1433 2605 1512 2632 ducit
1539 2605 1621 2639 eique
1640 2604 1813 2632 recouciliat.

1059 2696 1140 2723 Vens.
1161 2695 1201 2722 l9.
1218 2694 1315 2722 Melius
1331 2699 1370 2721 est
1384 2693 1504 2720 habitare
1516 2693 1542 2719 in
1553 2693 1655 2719 deserta
1667 2700 1744 2726 quam
1754 2699 1814 2718 cum

1022 2740 1132 2767 muliere
1149 2740 1240 2766 rixata
1252 2743 1277 2766 et
1294 2737 1436 2765 iracunda.
1453 2735 1689 2770 Quemadmodqu
1712 2735 1812 2762 melius

1022 2791 1064 2814 est
1083 2786 1206 2813 caelibem
1223 2792 1255 2811 ac
1269 2783 1355 2811 solum
1372 2790 1494 2814 muliere,
1510 2789 1593 2817 quam
1609 2781 1736 2808 habitare
1747 2787 1810 2807 cum

1023 2832 1139 2859 muliere
1156 2831 1246 2858 rixosa
1263 2835 1289 2857 et
1309 2830 1367 2857 sine
1388 2837 1470 2856 causa
1497 2828 1643 2860 irascente;
1667 2827 1703 2853 ita
1726 2826 1812 2853 satius

1024 2882 1066 2905 est
1094 2876 1122 2904 in
1144 2879 1235 2904 tuente
1249 2875 1368 2912 simplici
1384 2874 1620 2908 terrestribusque
1636 2872 1724 2900 soluta
1748 2877 1813 2897 cum
