2072 3161
302 184 371 217 1435

950 184 1127 217 PROCOPII
1151 186 1273 218 GAZEI

1856 186 1925 219 H36

302 240 359 269 Deo
374 249 495 276 manere,
513 249 594 276 quam
607 249 670 270 cum
687 242 780 270 rixosa
795 242 954 270 GHBCOI'UIII
980 242 1086 277 sapien-

1141 242 1195 268 τῶν
1211 243 1297 270 ὄντων
1313 242 1458 278 γινομένῳ,
1484 242 1501 276 ἦ
1523 242 1657 268 συνοικεῖν
1676 242 1710 277 τῇ
1727 241 1871 275 φιλονείκῳ
1889 243 1936 268 δαὶ

300 287 337 314 tia
352 295 413 322 qua:
428 288 628 322 intempestivis
654 288 791 316 institutis
813 288 947 316 velociter
965 288 999 316 ad
1018 288 1086 315 iram

301 337 401 361 movet.

342 378 419 407 Vens;
440 379 484 406 20.
509 380 659 407 Thesaurue
674 379 856 407 desiderabilis
875 381 1016 415 requiescet
1044 389 1089 408 su-

299 433 345 459 per
358 433 386 452 os
398 426 536 460 sapientis.
557 425 757 454 Desiderabiles
776 426 969 462 mysteriorum
986 426 1032 453 Dei
1048 426 1089 452 di-

300 471 373 498 vitia:
388 479 449 505 ιμιιθ
459 471 667 499 ahsconduntur
683 472 710 498 in
729 471 795 503 Deo.
810 472 927 500 libenter
941 477 1089 499 occurrent

301 517 328 543 in
343 517 488 544 doctriuali
512 525 639 544 sermone
657 516 718 552 ejus
738 517 786 552 qui
812 518 903 545 divina
935 519 1086 553 cognoscit.

300 559 489 595 indigentibus
509 562 543 589 ab
560 562 606 589 illo
629 562 754 590 revelata:
774 562 856 590 etiam
880 563 976 597 inopes
1000 562 1089 590 ditare

300 607 401 636 valent.

334 653 518 687 Imprudentes
539 659 628 681 autem
650 654 702 681 viri
723 653 887 681 deuorabtmt
912 654 998 682 illum.
1035 653 1087 687 Qui

298 701 389 725 autem
412 697 576 732 insipienter
590 702 794 726 conversantur
820 698 950 733 prazt'atas
976 697 1088 725 divitias

298 752 361 772 cum
376 744 532 779 acceperint
543 753 558 772 a
573 748 750 779 praeceptore,
761 743 905 771 destruent
916 752 951 771 ne
964 743 1086 779 aliquan-

299 791 385 817 tulum
400 791 509 824 quidem
524 798 571 817 eas
588 790 717 818 colendas
733 793 876 817 curantes.

333 836 416 864 Vens.
436 836 482 862 21.
506 836 556 863 Via
579 836 693 871 justitia:
717 841 741 864 et
764 835 955 864 misericordia:
977 835 1087 862 inveniet

1142 287 1210 323 πρὸς
1224 288 1310 323 ὀργὴν
1327 287 1410 320 ὀξέως
1427 286 1539 321 κινούσῃ
1559 287 1620 318 ταῖς
1633 286 1760 321 ἀκαίροις
1775 287 1937 314 ὲνττάσεσιν

1147 333 1294 369 Ἑλληνικῇ
1311 334 1403 370 σοφίᾳ.

1175 382 1211 406 κ’.
1225 379 1384 414 Θησαυρὸς
1394 378 1577 413 ἐπιθυμητὰς
1587 379 1794 406 ἀναπαύσεται
1803 378 1851 404 ἐπὶ
1865 378 1937 404 οτι-ό⁴

1136 432 1231 459 ματος
1248 424 1357 458 σοφοῦ.
1378 423 1408 451 '0
1422 424 1451 449 ἐν
1465 423 1524 459 Θεῴ
1535 423 1794 458 ἀποκεκρυμμένος,
1809 423 1856 449 καὶ
1869 423 1939 457 ἐρά-

1140 479 1220 506 σμιος
1238 470 1354 500 πλοῦτος
1371 469 1426 497 τῶν
1445 469 1604 504 μυστηρίων
1622 468 1718 501 αὑτοῦ,
1741 469 1940 503 ἐμφιλοχωρὴ-

1141 524 1182 542 σει
1195 516 1233 550 τῷ
1247 515 1430 550 διδασκαλικῷ
1444 515 1517 550 λόγῳ
1529 514 1577 541 τοῦ
1595 514 1630 541 τὰ
1645 514 1705 540 θεῖα
1721 514 1820 548 σοφοῦ·
1835 514 1868 540 δι’
1886 514 1940 539 αὐ-

1139 562 1186 589 τοῦ
1209 563 1265 593 τοῖς
1288 560 1442 597 χρῄζουσιν
1465 560 1737 595 ἀνακαλυπτόμενος,
1764 559 1810 586 καὶ
1835 560 1941 591 ἐνδεεῖς

1139 608 1231 640 ὂντας,
1248 607 1400 640 πλουτίζων
1416 607 1526 638 αὐτούς.

1177 655 1324 689 Ἀφρονες
1337 653 1371 680 δὲ
1387 653 1506 688 ἄνδρες,
1532 652 1729 680 καταπίσγται
1746 651 1847 679 αὐτόν.
1865 651 1898 677 Οἱ
1915 651 1932 676 δ

1139 700 1292 734 ἀλογίστως
1308 699 1431 734 βιοῦντες
1446 698 1596 734 ἄνθρωποι,
1607 698 1654 724 τὸν
1663 697 1808 733 εἰρημένον
1820 696 1941 724 πλοῦτον

1140 746 1215 781 παρά
1237 745 1283 772 τοῦ
1299 745 1459 772 διδασκάλου
1481 744 1636 779 δεξάμενοι,
1659 743 1823 777 ἀφανίσουσι
1840 742 1943 768 τοῦτον

1141 792 1203 828 μηδ’
1216 791 1342 818 ὁπωσοῦν
1358 791 1441 817 αὑτὸν
1453 790 1634 826 βουληθέντες
1651 788 1863 825 ἐπεργάσασθαι.

1175 840 1227 863 κα¹.
1250 836 1339 869 ’θεὸς
1351 836 1550 870 δικαιοσύνης
1566 835 1617 862 καὶ
1627 835 1838 869 ἑλεημοσύνης
1848 835 1943 869 εὑρή-

297 881 378 908 vitam
396 885 421 908 et
438 881 563 916 gloriam.
587 880 701 909 Rectum
721 881 854 916 judicium
873 885 900 908 et
918 881 945 907 in
964 880 1086 907 homines

1140 891 1188 909 σει
1198 881 1276 916 ζωὴν
1289 882 1338 909 καὶ
1359 881 1464 914 δόξαν.
1486 881 1522 908 Τὸ
1540 883 1574 908 τὰ
1596 881 1747 917 πράγματα
1764 881 1867 916 κρίνειν
1886 881 1940 915 ὀρ-

298 927 486 955 misericordia
505 928 566 956 illos
581 928 626 963 qui
646 928 811 963 cogitatione
824 931 851 954 et
867 932 929 954 actu
946 927 1083 962 propriam

1140 928 1207 959 θῶς,
1230 927 1277 954 καὶ
1290 927 1320 954 τὸ
1338 927 1407 962 πρὸς
1424 926 1586 962 ἀνθρώπους
1600 916 1752 962 συμπαθῶς
1769 927 1937 959 διακεῖσθαι,

297 974 380 1001 vitam
400 973 441 1001 his
460 974 628 1002 confortuem
645 975 778 1006 elliciunt,
794 974 897 1001 ducent
912 978 939 1001 et
954 973 986 1000 ad
1004 974 1087 999 vitam

297 1023 404 1045 mentes
421 1018 447 1045 in
465 1018 578 1054 Spiritui,
595 1019 628 1045 ad
642 1019 733 1046 lumen
750 1018 858 1046 scilicet
872 1018 1005 1050 scientiae,
1018 1022 1045 1045 et
1060 1018 1087 1044 in

296 1062 379 1090 vitam
397 1071 446 1099 per
459 1064 531 1092 bona
548 1072 630 1099 opera
644 1065 746 1092 claram
767 1064 981 1100 gloriosamque.

332 1151 416 1179 Vens.
431 1152 476 1180 22.
493 1151 619 1181 Civitates
636 1153 754 1181 munitas
770 1154 905 1189 ingressus
920 1157 959 1181 est
970 1153 1086 1188 sapiens.

296 1197 410 1226 Animas
433 1199 554 1226 munitas
582 1199 688 1234 ﬁdeque
709 1199 736 1226 in
762 1199 845 1226 Deum
864 1199 1025 1231 custoditus,
1040 1199 1087 1226 Dei

295 1241 421 1273 verbum,
439 1242 641 1277 sapientissima
660 1243 721 1277 ejus
739 1243 913 1278 providentia
927 1251 959 1270 ac
973 1243 1087 1278 judicio.

293 1292 338 1314 est
358 1287 528 1321 ingressum.
545 1288 607 1316 illas
631 1288 696 1316 huic
717 1289 801 1316 verbo
823 1288 976 1324 subjiciens
1000 1296 1035 1316 ne
1061 1288 1088 1315 in

296 1332 445 1360 stultitiam
460 1332 650 1361 deﬂectaulur.

332 1377 366 1404 Et
381 1377 463 1405 diruit
484 1379 657 1406 munitionem
677 1376 704 1406 i'n
720 1388 772 1414 qua
787 1380 881 1414 conﬁsi
903 1384 980 1407 erant
1004 1381 1088 1414 impii.

296 1422 330 1450 Et
350 1423 463 1450 sustulit
485 1423 520 1450 ah
537 1424 576 1451 eis
602 1425 741 1452 carnalem
766 1426 960 1460 cogitationem
985 1426 1011 1452 iu
1035 1433 1088 1460 qua

296 1469 409 1496 malitia
435 1470 550 1504 spiritus
576 1469 661 1498 Deum
683 1479 737 1498 non
763 1476 940 1504 reverentes,
964 1471 1038 1498 velut
1062 1472 1089 1498 in

296 1515 440 1550 pravitatis
464 1515 583 1550 quodam
608 1516 779 1544 munimento
809 1524 918 1544 omnem
954 1517 1090 1544 habebant

295 1561 456 1593 audaciam.
474 1562 509 1589 ob
530 1563 623 1590 carnis
644 1562 822 1590 indolentiam
846 1563 965 1590 animam
986 1562 1089 1591 doloris

295 1605 483 1641 impatientem
501 1608 674 1636 sedueentes.

335 1651 416 1680 Vens.
429 1653 474 1681 25.
492 1653 545 1686 Qui
562 1655 678 1682 custodit
695 1663 724 1682 os
737 1663 814 1682 suum
831 1659 855 1682 et
870 1655 1004 1690 linguam,
1027 1664 1088 1682 cus-

297 1697 363 1724 todit
384 1706 401 1725 a
426 1699 599 1727 tribulatione
622 1701 740 1727 animum
762 1709 848 1731 suam,
871 1701 923 1734 Qui
954 1701 979 1728 in
997 1702 1086 1729 verbis

296 1744 442 1772 continens
454 1749 507 1778 est,
523 1750 602 1773 caute
614 1754 699 1781 pauca
711 1746 951 1780 dicens,-custodit
966 1747 1086 1774 animam

296 1797 374 1818 suam
393 1791 542 1818 immunem
563 1793 690 1819 matroris
704 1800 736 1820 ex
756 1798 857 1820 temere
873 1793 1008 1820 dictorum
1028 1800 1086 1828 pue-

297 1835 414 1864 nitentia

334 1935 416 1964 VERS.
429 1936 474 1965 24.
491 1937 588 1964 Audax
601 1941 626 1965 et
649 1946 777 1973 arrogans
808 1942 833 1966 et
859 1943 1022 1973 ostentator,
1040 1947 1086 1974 pe-

297 1982 389 2010 stilens
405 1987 522 2012 vocatur.
541 1983 592 2016 Qui
607 1983 684 2011 fratri
705 1991 759 2011 non
788 1985 888 2019 parcit,
919 1985 966 2013 sed
1007 1985 1084 2012 illum

298 2029 377 2064 puuit
393 2029 452 2057 sine
467 2029 666 2062 misericordia,
686 2034 715 2058 et
726 2034 882 2065 contempta
897 2031 964 2066 legis
984 2031 1086 2059 divina:

298 2075 478 2110 prohibitione
492 2076 567 2102 illum
581 2076 723 2104 detrahere
750 2076 843 2110 audet,
858 2083 954 2105 contra
971 2077 1084 2106 fratrem

297 2120 443 2156 insurgens
466 2128 584 2155 eumque
598 2122 675 2156 parvi
703 2121 818 2154 faciens,
838 2123 986 2157 perditoris
1001 2123 1084 2150 sorti-

296 2170 343 2194 tur
357 2174 456 2194 nomen
469 2171 562 2202 utpote
570 2167 616 2202 qui
630 2167 725 2200 verbo,
734 2175 826 2203 opere,
838 2168 1084 2204 auimiqueadeetu

297 2213 450 2248 proximum
463 2213 560 2240 ltedere
568 2217 694 2240 conatur.

332 2311 384 2344 Qui
400 2316 487 2339 autem
505 2312 668 2346 injuriarum
683 2321 782 2341 memor
808 2319 858 2348 est,
885 2314 1003 2350 iniquus.
1031 2316 1084 2348 Qui

254 2355 257 2358 ’
298 2363 389 2386 autem
405 2366 509 2385 memor
522 2362 565 2386 est
574 2360 701 2387 maeroris
727 2368 781 2394 quo
797 2361 832 2387 ab
855 2361 947 2396 aliquo
967 2367 1007 2389 est
1019 2362 1085 2389 atie-

297 2409 369 2436 clus,
404 2412 494 2439 neque
514 2404 543 2432 in
572 2404 649 2432 illum
675 2413 772 2440 puram
803 2412 894 2434 servat
922 2407 1084 2439 amicitiam.

296 2450 424 2485 quamvis
436 2450 542 2477 nullum
557 2450 582 2478 ei
600 2450 696 2478 aderat
718 2451 861 2483 damnum,
881 2453 1086 2488 transgreditur

297 2495 345 2522 Dei
363 2496 522 2523 mandatum
537 2503 592 2531 quo
611 2497 768 2532 proximum
786 2506 866 2526 suum
883 2499 1085 2534 sicutseipsum

296 2540 410 2575 diligere
416 2540 540 2574 iubetur.

334 2595 416 2623 Vens.
433 2596 480 2624 25.
493 2597 632 2626 Desideria
647 2598 770 2626 occidunt
782 2599 896 2635 pigrum.
907 2599 1086 2629 lrrationales

296 2635 472 2669 sensualium‘
498 2643 668 2679 voluptatum
692 2646 831 2680 appetitus
859 2646 1028 2681 negligentis
1058 2647 1085 2674 in

296 2687 478 2723 adimplendis
492 2687 539 2716 Dei
550 2689 686 2718 mandatis
693 2690 823 2719 occidunt
835 2691 966 2718 animum.

334 2785 397 2814 Non
411 2787 481 2814 enim
490 2787 590 2823 eligunt
600 2796 694 2816 manus
722 2788 779 2824 ejus
806 2789 950 2824 quidquam
970 2790 1086 2824 operari.

297 2831 403 2860 Animae
412 2831 494 2867 hujus
504 2833 634 2868 practica:
644 2834 783 2869 potentia,
795 2835 963 2862 vanitatibus
975 2834 1085 2868 deditae,

291 2885 354 2922 ‘llon
372 2879 475 2917 eligunt
489 2879 556 2916 quid
580 2880 644 2908 boni
672 2881 797 2917 operari:
827 2885 969 2916 propterea
993 2881 1084 2910 anima

1139 973 1197 1006 ἄξει
1210 973 1282 1000 κατὰ
1293 973 1410 1008 θεωρίαν
1420 973 1467 1000 καὶ
1487 973 1588 1008 πρᾶξιν
1601 972 1651 999 τὸν
1671 972 1742 999 οὕτω
1762 973 1812 1006 τὴν
1832 973 1940 998 οἰκείαν

1138 1019 1211 1054 ζωὴν
1227 1018 1397 1053 διεξάγοντα,
1423 1017 1464 1050 εἷς
1480 1026 1511 1044 τε
1526 1017 1574 1054 τὴν
1589 1019 1617 1045 ἐν
1633 1017 1776 1055 Πνξύματι
1791 1016 1866 1051 ζωὴν
1884 1017 1936 1043 τοῦ

1139 1064 1196 1096 νοῦ,
1211 1064 1257 1091 τὸν
1273 1065 1324 1098 τῆς
1341 1064 1470 1098 γνώσεως
1487 1064 1638 1098 φωτισμὸν,
1656 1064 1701 1090 καὶ
1717 1064 1758 1095 εἰς
1775 1063 1804 1089 τὺ
1817 1062 1864 1090 τοῦ
1875 1062 1937 1097 βίου

1138 1111 1172 1138 δι’
1188 1111 1368 1146 ἀγαθοεργίας
1386 1110 1512 1145 λαμπρὸν
1528 1110 1574 1136 καὶ
1586 1109 1718 1142 ἐπίδοξον.

1174 1155 1226 1191 κβ’.
1244 1156 1352 1188 Πόλεις
1370 1155 1483 1189 ὀχυρὰς
1497 1154 1588 1187 ἐπέϐη
1606 1155 1713 1188 σοφός.
1742 1154 1803 1180 Ἐπὶ
1817 1154 1868 1185 τὰς
1888 1163 1936 1180 τεο

1140 1201 1346 1237 θεμελιωμένας
1376 1200 1424 1227 καὶ
1450 1199 1714 1235 κατησφαλισμένας
1736 1200 1769 1234 τῇ
1800 1199 1840 1230 εἰς
1866 1198 1935 1224 Θεὸν

1139 1247 1230 1274 πίστει
1245 1247 1345 1281 ψυχὰς,
1360 1247 1374 1272 ὁ
1387 1245 1435 1272 τοῦ
1449 1244 1518 1271 Θεοῦ
1533 1245 1623 1278 λόγος,
1641 1245 1674 1278 τῇ
1691 1242 1833 1279 σοφωτάτῃ
1848 1243 1934 1269 αὐτοῦ

1139 1292 1254 1329 προνοίᾳ
1266 1292 1314 1319 καὶ
1329 1292 1430 1328 κρίσει,
1445 1291 1559 1326 ἀνῆλθε·
1575 1290 1767 1323 καθυποτιϊξας
1779 1289 1854 1324 αὐτῷ
1865 1288 1933 1316 ταύ-

1138 1347 1200 1370 τας,
1219 1337 1288 1364 ὥστε
1306 1337 1342 1372 μὴ
1358 1337 1397 1368 εἰς
1409 1336 1521 1370 ἀλογίαν
1535 1336 1695 1371 τρέπεσθαι.

1176 1383 1229 1410 Καὶ
1243 1381 1362 1408 καθεῖλε
1376 1381 1409 1408 τὸ
1421 1381 1570 1415 ὀχύρωμα.
1584 1380 1630 1414 ἐφ’
1642 1377 1666 1414 ᾧ
1678 1381 1893 1408 ἐπεποίθεισαν
1904 1383 1933 1408 οι

1139 1426 1269 1458 ἀσεϐεῖς.
1286 1427 1339 1453 Καὶ
1352 1425 1489 1460 περιεῖλεν
1500 1424 1528 1456 ἐξ
1543 1424 1632 1450 αὐτῶν
1647 1424 1676 1450 τὺ
1688 1425 1736 1458 τῆς
1752 1425 1853 1458 σαρκὸς
1864 1426 1932 1459 φρό-

1139 1480 1214 1508 νημα
1225 1472 1267 1505 ἐφ’
1283 1467 1305 1504 ᾧ
1320 1471 1355 1497 τὰ
1370 1471 1408 1505 μὴ
1421 1470 1545 1504 τιμῶντα
1559 1469 1626 1495 Θεὸν
1639 1469 1689 1504 τῆς
1703 1469 1836 1503 πονηρίας
1852 1470 1931 1495 πνεύ-

1142 1526 1224 1553 ματα.
1243 1517 1281 1548 ὦς
1294 1525 1347 1542 τινι
1365 1516 1465 1547 κακίας
1486 1514 1661 1550 ὀχυρώματι,
1685 1515 1715 1540 τὸ
1734 1514 1807 1541 ἅπαν
1829 1514 1934 1548 θαρῤος

1140 1564 1289 1598 ἐκέκτηντο
1303 1563 1346 1589 διὰ
1361 1562 1409 1597 τὴν
1424 1561 1559 1589 ἀπάθειαν
1574 1560 1624 1596 τῆς
1644 1560 1756 1596 σαρκὸς,
1773 1560 1823 1595 τὴν
1841 1559 1932 1594 ψυχὴν

1141 1611 1268 1638 πείθοντα
1282 1609 1420 1645 δυσπαθῆ.

1174 1659 1228 1690 κγ’.
1245 1656 1294 1687 ⁸ος
1321 1653 1476 1689 φυλάσσει
1502 1653 1536 1680 τὸ
1560 1653 1659 1686 στόμα
1685 1650 1780 1679 αὐτοῦ
1803 1650 1850 1677 καὶ
1875 1650 1933 1685 τὴν

1138 1701 1294 1736 γλῶσσαν,
1309 1699 1442 1734 διατηρεῖ
1449 1700 1483 1726 ἐκ
1495 1699 1627 1733 θλίψεως
1636 1698 1693 1732 τὴν
1708 1696 1814 1732 ψυχὴν
1825 1697 1931 1724 αὑτοῦ.

1144 1747 1173 1774 '0
1197 1747 1226 1773 ὲν
1244 1747 1334 1780 λόγοις
1357 1746 1612 1781 ἐγκρατευόμενος,
1645 1743 1715 1779 μετὰ
1740 1742 1934 1778 περισκέψεως

1139 1793 1242 1828 βραχέα
1257 1791 1455 1827 φθεγγόμενος.
1473 1789 1605 1824 φυλάσσει
1625 1789 1674 1824 τὴν
1695 1788 1763 1814 ἰδίαν
1777 1788 1866 1823 ψυχὴν
1882 1787 1933 1822 τῆς

1138 1839 1171 1866 ἐκ
1196 1837 1378 1874 μεταμελείας
1400 1836 1455 1863 τῶν
1479 1837 1518 1868 ὡς
1543 1835 1622 1870 ἔτυχε
1652 1833 1819 1869 λεγομένων.
1842 1833 1932 1867 λύπης

1139 1884 1289 1918 ἀνέπαφον.

1172 1939 1221 1967 κδ’.
1242 1939 1360 1975 Θρασὺς
1380 1939 1429 1966 και
1452 1937 1587 1971 αὐθάδης
1603 1936 1653 1964 καὶ
1677 1935 1803 1968 ἀλαζών,
1826 1935 1932 1969 λοιμὸς

1137 1984 1280 2011 καλεῖται.
1301 1984 1330 2011 '0
1347 1983 1393 2011 τοῦ
1412 1983 1529 2017 ἀδελφοῦ
1546 1982 1583 2018 μὴ
1613 1981 1769 2017 φειδόμενος
1782 2001 1789 2012 ,
1810 1980 1867 2007 ἀλλ’
1883 1981 1932 2006 ἀν-

1136 2031 1224 2066 ηλεῶς
1239 2030 1320 2057 αὐτὸν
1330 2029 1469 2065 τιμωρῶν,
1481 2028 1528 2055 καὶ
1539 2027 1628 2062 λέγειν
1638 2028 1698 2053 κατ’
1709 2026 1791 2053 αὐτοῦ
1801 2026 1933 2052 αὺθαδια-

1136 2076 1260 2112 ξάμενος,
1272 2076 1322 2103 κᾶν
1336 2075 1389 2102 ὑπὸ
1397 2075 1480 2110 νόμου
1495 2075 1568 2101 θείου
1586 2073 1655 2109 πρὸς
1672 2073 1750 2100 τοῦτο
1766 2072 1931 2103 κεκώλυται,

1136 2123 1183 2149 καὶ
1195 2122 1242 2149 τοῦ
1257 2120 1394 2156 ὁμοφυοῦς
1411 2120 1658 2155 κατεπαιρόμενος,
1672 2119 1720 2146 καὶ
1734 2118 1932 2150 κατευτελίξων

1136 2167 1228 2200 αὐτὸν,
1244 2167 1363 2203 φθορεὺς
1380 2166 1558 2202 ὀνομάζεται,
1582 2166 1620 2197 ὡς
1635 2165 1709 2201 ἔργῳ
1732 2165 1780 2192 καὶ
1794 2165 1866 2199 λόγῳ
1885 2165 1933 2190 καὶ

1135 2214 1224 2250 ψυχῆς
1237 2214 1367 2246 διαθέσει,
1385 2213 1432 2240 τὸν
1445 2213 1560 2248 πλησίον
1580 2212 1663 2239 αὑτοῦ
1679 2211 1811 2247 βλάπτειν
1829 2212 1934 2246 ἐπιχει-

1099 2256 1127 2288 D
1141 2261 1205 2296 ρῶν.

1173 2318 1225 2350 ’ος
1241 2316 1275 2343 δὲ
1291 2315 1485 2351 μνησικακεῖ.
1506 2315 1691 2349 παράνομος.
1715 2315 1763 2345 Ὃς
1783 2313 1811 2340 δὲ
1825 2321 1933 2348 μνημο-

1136 2362 1208 2390 νεύει
1226 2362 1273 2389 τοῦ
1290 2361 1366 2396 παρά
1382 2370 1455 2392 τινος
1470 2361 1626 2395 συμὸάντος
1645 2360 1719 2395 αὐτῷ
1737 2359 1870 2394 λυπηροῦ,
1885 2360 1933 2384 καὶ

1138 2408 1176 2445 μὴ
1197 2409 1276 2444 τηρεῖ
1290 2408 1400 2442 ἀγάπην
1417 2407 1486 2443 πρὸς
1508 2406 1591 2433 αὑτὸν
1611 2405 1748 2441 καθαρὰν,
1767 2404 1932 2440 παραδαίνει

1137 2455 1184 2481 τὸν
1206 2453 1431 2488 διακελευόμενον
1453 2453 1547 2487 νόμον,
1565 2452 1681 2487 ἀγαπᾷν
1698 2451 1743 2478 τδν
1759 2450 1873 2486 πλησίον
1895 2450 1933 2481 ὠς

1137 2501 1246 2530 ἐαυτὺν,
1260 2500 1284 2526 sl
1295 2499 1342 2526 καὶ
1355 2499 1393 2535 μὴ
1404 2498 1507 2534 βλάὗην
1522 2498 1609 2534 τούτῳ
1624 2497 1724 2531 ἐπάγει
1736 2497 1809 2524 τινα.

1172 2603 1221 2627 κε’.
1245 2600 1412 2635 Ἐπιθυμίαι
1427 2599 1558 2634 ὀκνηρὸν
1572 2598 1817 2626 ἀποκτείνουσιν.
1833 2598 1864 2624 Ai
1879 2606 1933 2622 πα-

1139 2647 1247 2682 ράλογοι
1260 2646 1315 2674 τῶν
1337 2647 1397 2673 κατ’
1412 2646 1538 2682 αἴσθησιν
1553 2645 1641 2682 ἡδέων
1656 2645 1773 2680 ὀρέξεις,
1792 2643 1837 2670 τὸν
1852 2643 1934 2679 ῥᾴου-

1139 2701 1189 2728 μον
1216 2693 1284 2728 πρὸς
1305 2692 1354 2728 τὴν
1366 2692 1421 2718 τῶν
1439 2692 1522 2719 θείων
1544 2691 1661 2719 ἐντολῶν
1677 2690 1820 2726 ἐργασίαν,
1837 2690 1934 2724 νεκρὶν

1137 2738 1301 2764 ἀποτελοῦσι
1320 2737 1388 2764 κατὰ
1407 2737 1508 2773 ψυχήν.

1175 2793 1216 2820 Οὐ
1234 2793 1285 2827 γὰρ
1301 2792 1514 2827 προαιροῦνται
1527 2793 1556 2819 al
1569 2791 1666 2827 χεῖρες
1677 2790 1771 2818 αὐτοῦ
1785 2789 1882 2817 ποιεῖν
1898 2798 1934 2815 τι.

1139 2839 1172 2865 Δί
1189 2838 1242 2874 γὰρ
1260 2839 1309 2873 τῆς
1327 2838 1424 2864 τούτου
1446 2837 1536 2874 ψυχῆς
1556 2837 1707 2872 πρακτικαὶ
1728 2835 1871 2870 δυνάμεις.
1891 2834 1934 2862 διὰ

1139 2883 1169 2910 τὸ
1191 2884 1247 2914 τοῖς
1270 2882 1394 2919 ματαίοις
1422 2881 1647 2919 ἀπασχολείσθαι,
1663 2881 1715 2909 οὐκ
1729 2879 1893 2919 ἐργάζονταί
1908 2886 1934 2909 τι
