2072 3161
159 161 226 195 1437

688 165 956 195 COMMENTARII
972 164 1013 196 IN
1028 139 1258 197 PROVEDBIA.

1729 167 1798 200 1438

157 220 229 247 κατὰ
258 220 423 256 προαίρεσιν
447 221 566 254 ἀγαθόν·
592 222 655 249 ὅθεν
678 222 774 257 νεκρὸς
798 223 813 249 ὀ
836 221 955 253 τοιοῦτος

1008 222 1068 257 ejus
1085 227 1193 250 mortua
1211 223 1367 251 ostenditur
1381 227 1474 259 utpote
1488 231 1549 260 qua;
1562 224 1595 252 ad
1607 223 1719 252 virtutis
1731 232 1798 260 ope-

157 266 229 292 κατὰ
242 266 332 301 ψυχὴν
347 265 552 300 ἀποδείκνυται,
562 266 599 300 ὡς
615 267 649 294 ἂν
663 267 731 303 πρὸς
744 267 794 303 τὴν
807 266 854 294 τοῦ
870 266 953 294 καλοῦ

158 311 291 347 ἐργασίαν
306 311 447 346 ἀκίνητος.

194 361 250 389 κς’.
274 358 396 392 Ἀσεόὴς
412 358 553 393 ἐπιθυμεῖ
566 358 644 392 ὕλην
660 358 717 392 τὴν
729 359 843 393 ἡμέραν
853 358 955 385 ἐπιθυ-

156 404 229 438 μίας
243 404 349 437 καλιάς.
374 405 402 431 '0
415 405 454 440 μὴ
467 404 500 431 δι’
516 405 699 440 ἀγαθοεργίας
715 404 804 439 τιμῶν
818 403 863 430 τὸν
877 403 954 435 Θεὸν,

159 449 237 484 παρὰ
250 450 341 476 πᾶσαν
351 450 433 477 αὐτοῦ
449 451 499 487 τὴν
513 450 596 486 ζωὴν,
611 451 761 485 ἀλογίστως
775 447 812 477 ὧν
828 449 857 476 οὺ
876 449 955 485 θέμις

160 495 299 529 ὀρέγεται.

202 540 233 567 ’0
257 541 291 568 δὲ
312 541 428 576 δίκαιος
448 542 531 569 ἐλεεῖ
542 542 591 569 καὶ
608 542 749 577 οῑκτείρει
765 541 903 578 ἀφειδῶς,
926 540 955 567 '0

160 587 189 613 δὲ
205 587 275 614 κατὰ
289 588 388 623 νόμους
408 588 498 618 θείους
510 589 728 624 πολιτευόμενος,
745 589 908 624 μεταδίδωσί
922 597 954 615 τε

161 633 215 660 τῶν
234 634 341 660 οἰκείων
364 635 421 665 τοῖς
438 634 583 670 χρῄζουσι,
608 635 656 662 καὶ
681 635 836 670 σπλάγχνον
851 635 956 669 οἱκτιρυ

164 677 223 713 μῶν
242 678 385 712 ὑπανοίγει
398 678 504 710 τούτοις
523 679 722 711 ἀνυποστόλως.

197 720 258 753 κζ’..
268 723 376 750 Θυσίαι
394 723 521 755 ἀσεϐῶν,
532 724 692 760 ,βδέλυγμα
708 725 804 759 Κυρίῳ
814 733 821 741 ⁸
838 725 887 752 καὶ
900 726 955 760 γὰρ

162 767 341 802 παρανόμως
359 769 589 803 προσφέρουσιν
605 769 710 803 αὐτάς.
728 769 767 796 Τὰ
781 770 811 802 ἐξ
825 771 955 806 ἁρπαγῆς

162 813 358 848 προσαγόμεναι
374 814 412 849 τῷ
427 815 535 841 πάντων
551 816 684 852 Δεσπότῃ,
698 816 775 852 παρὰ
791 816 846 843 τῶν
862 817 898 852 μὴ
914 825 955 843 τι-

164 858 278 893 μώντων
290 859 371 886 αὑτὸν
385 859 429 886 διὰ
445 861 494 895 τῆς
508 860 563 887 τῶν
579 861 665 895 ἁγίων
683 861 765 888 αὐτοῦ
780 862 894 888 ἐντολῶν
910 863 954 898 ἐρ-

1009 269 1146 296 rationem
1161 268 1311 296 immobilis

1044 356 1129 385 Vens.
1145 357 1191 385 26.
1205 356 1308 391 Impius
1323 357 1484 391 concupiscit
1515 362 1571 385 tota
1601 358 1645 386 die
1671 358 1798 391 concupi-

1006 405 1121 431 scentia;
1134 404 1231 431 malas.
1245 403 1297 437 Qui
1311 411 1358 437 per
1373 403 1446 431 bona
1459 411 1542 438 opera
1554 405 1639 432 Deum
1658 412 1711 432 uon
1721 404 1796 436 colit,

1006 459 1055 486 per
1069 455 1154 478 totam
1168 450 1253 477 vitam
1269 457 1347 478 suam
1364 450 1467 486 injusta
1499 451 1584 478 stulte
1611 451 1796 486 concupiscit.

1042 537 1138 565 Justus
1151 543 1239 565 autem
1252 539 1391 565 miseretur
1404 542 1429 565 et
1461 538 1604 565 miseratur
1632 547 1684 565 non
1707 547 1796 574 parce.

1005 583 1162 616 Quiautem
1175 584 1331 611 secundum
1351 584 1425 618 leges
1441 583 1489 611 Dei
1518 588 1710 617 conversatur,
1731 592 1796 619 pro.

1006 630 1066 666 pria
1101 638 1163 657 cum
1193 630 1380 666 indigentibus
1407 630 1516 662 dividit,
1536 635 1564 658 et
1597 630 1796 657 misericordia:

1005 677 1112 706 viscera
1124 677 1194 712 ipsis
1208 684 1263 704 non
1280 685 1362 710 parce
1378 677 1477 712 aperit.

1042 723 1126 750 Vens.
1142 723 1188 749 27.
1203 722 1307 750 Hostia:
1327 723 1481 757 impiorum,
1494 723 1658 750 abominatio
1671 723 1795 756 Domino,

1005 769 1094 804 inique
1103 769 1172 795 cuitu
1188 769 1301 803 offerunt
1316 776 1371 795 eas.
1386 767 1450 801 Quae
1471 775 1504 795 ex
1530 769 1625 802 rapina
1653 769 1796 795 universo-

1005 823 1066 841 rum
1083 814 1199 842 Domino
1215 814 1382 846 olieruutur,
1394 815 1428 841 ab
1443 814 1476 841 iis
1492 814 1539 849 qui
1556 822 1605 849 per
1621 814 1796 849 adimpletio-

1007 868 1069 887 nem
1084 864 1243 888 sanctorum
1255 859 1316 895 ejus
1342 859 1535 887 mandatorum
1560 868 1621 888 eum
1637 868 1691 887 non
1711 868 1797 887 vene-

162 905 260 939 γασίας
272 926 279 938 ,
310 907 413 941 μισητά
436 907 489 932 εἱσι
510 907 575 942 παρ’
594 907 668 942 σὺτῴ
680 916 686 922 ·
705 907 798 943 ἐπειδὴ
816 908 955 944 παραϐαί-

1008 911 1112 940 rentur,
1122 906 1217 934 odiosa
1229 908 1323 935 suutei
1334 916 1341 939 ς
1354 907 1483 942 quoniam
1493 906 1640 934 olTerentes
1653 914 1685 934 ea
1698 910 1792 933 trans—

161 958 253 982 νοντες
264 947 347 983 οὗτοι,
357 951 406 986 τὴν
414 951 643 987 διακελευομένην
652 952 772 986 ἐντολὴν,
781 952 834 978 ἀπὸ
845 953 954 979 οἰκείων

160 995 272 1023 δικαίων
289 996 377 1023 πόνων
397 997 481 1033 τιμᾷν
495 998 542 1024 τὸν
565 998 676 1034 Κύριον,
692 997 780 1024 ταῦτα
796 999 955 1034 προσάγου-

161 1050 214 1068 σιν.
906 1067 910 1071 .

196 1086 250 1123 κη’.
269 1087 391 1122 Μάρτυς
405 1088 523 1123 ψευδὴς
539 1089 705 1117 ἀπολεῖται.
729 1090 758 1117 '0
773 1089 803 1117 τὸ
821 1089 954 1125 προσκαί-

161 1141 216 1169 put;
232 1133 280 1169 ἡδὺ
300 1134 407 1168 ψευδῶς
426 1135 546 1161 ἐπαινῶν
561 1136 678 1171 δαίμων,
697 1136 744 1164 καὶ
767 1136 876 1171 ἀπατᾷν
892 1137 953 1162 ἐπι-

160 1179 269 1214 χειρῶν,
287 1181 319 1215 τῇ
344 1181 435 1215 σχέσει
457 1181 512 1208 τῶν
534 1181 726 1217 φθειρομένων
739 1184 785 1210 τὸν
798 1183 952 1217 ἄνθρωπον,

159 1224 230 1251 ὥστε
249 1226 412 1261 παραϐάτην
428 1227 508 1254 αὑτὸν
524 1228 723 1264 ἀποδειχθῆναι
744 1228 798 1255 τῶν
814 1228 862 1254 τοῦ
885 1228 952 1254 Θεοῦ

160 1270 285 1304 ἐντολῶν,
298 1271 337 1307 τῷ
350 1274 546 1309 ἡτοιμασμένῳ
564 1275 638 1309 αὐτῷ
650 1283 679 1301 τε
694 1275 741 1301 καὶ
755 1276 811 1307 τοῖς
827 1275 954 1309 ἀγγέλοις

160 1318 243 1346 αὐτοῦ
258 1319 325 1354 πυρὶ
340 1319 443 1354 αἰωνίῳ
458 1320 744 1356 παραπεμφθήσεται.

201 1364 292 1399 Ἀνὴρ
308 1364 342 1391 δὲ
354 1365 490 1400 ὑπήκοος
508 1367 746 1401 φυλασσόμενος
764 1366 906 1399 λαλήσει.
925 1367 954 1394 '0

161 1409 189 1436 δὲ
203 1410 264 1445 Θεῷ
282 1411 439 1444 ὑπακούων,
455 1413 563 1444 καὶτὰς
575 1411 658 1446 ἁγίας
674 1411 757 1438 αὐτοῦ
772 1413 865 1447 τηρῶν
879 1413 954 1438 ἐντο-

160 1456 220 1489 λὰς,
241 1457 377 1492 διατηρῶν
392 1458 489 1484 ἑαυτὸν
507 1458 558 1492 τῆς
575 1459 728 1491 Σατανικῆς
747 1458 857 1492 ἀπάτης
875 1457 954 1484 ἀπεί-

163 1511 254 1537 ριτον,
274 1502 365 1538 ἔργοις
382 1503 430 1529 καὶ
445 1503 536 1537 λόγοις
550 1505 581 1530 τὸ
600 1504 685 1535 ὅντως
701 1504 866 1540 ὁμολογήσει
883 1506 954 1538 ἀγα-

162 1547 220 1580 θὸν,
247 1548 317 1584 πρὸς
341 1549 389 1584 τὴν
414 1549 468 1576 τῶν
484 1550 611 1586 ὁρώντων
641 1550 689 1577 καὶ
712 1551 866 1577 ἀκουόντων
883 1551 954 1585 ὠφέ-

161 1594 190 1621 λε
195 1602 246 1621 ιαν.

197 1639 249 1668 κθ’.
278 1640 400 1674 Ἀσεϐὶις
422 1640 512 1674 ἀνὴρ,
539 1640 669 1674 ἀναιδῶς
684 1641 847 1676 ὑφίσταται
862 1650 955 1676 προσ-

162 1685 240 1718 ώπῳ.
262 1685 292 1713 ’0
316 1687 353 1721 μὴ
381 1687 469 1721 τιμῶν
499 1687 550 1721 τὴν
578 1687 710 1722 ἀλήθειαν
735 1688 889 1724 ἄνθρωπος,
909 1687 956 1714 τὸν

163 1731 264 1766 ταύτης
279 1732 324 1758 ἐπὶ
346 1735 407 1764 ταῖς
430 1733 601 1768 παραλόγοις
628 1734 713 1761 αὑτοῦ
731 1735 863 1771 πράξεσιν
880 1735 957 1770 ἔλεγ-

163 1786 220 1813 χον,
236 1779 408 1814 ἀναισχύντῳ
424 1779 559 1815 ὑποφέρει
574 1780 645 1814 ὕψει.

203 1825 230 1851 '0
245 1824 278 1851 δὲ
299 1826 400 1858 εὐθὺς,
424 1827 516 1859 αὐτὸς
541 1827 646 1853 συνιεῖ
666 1827 718 1860 τὰς
741 1827 831 1861 ὁδοὺς
849 1826 954 1856 αὺὶοῦ.

168 1870 197 1898 '0
211 1871 234 1898 δ’
248 1871 363 1906 ἀληθὴς,
379 1872 455 1906 ἄγων
474 1872 518 1899 διὰ
529 1873 614 1908 τιμῆς
631 1873 680 1907 τὴν
697 1873 837 1908 ἀλήθειαν,
849 1875 956 1902 οἴκοθεν

162 1917 350 1950 ἐπιγινώσκει,
361 1917 388 1943 εἴ
400 1917 451 1944 πού
468 1926 495 1944 τι
509 1918 676 1953 προσπταίει
691 1918 764 1953 Θεῷ·
784 1919 831 1946 καὶ
851 1919 957 1954 μεμφό-

164 1971 244 1997 μενος
262 1963 347 1998 αὐτῷ,
363 1964 536 1999 ἐπιμελεῖται
556 1964 607 1999 τῆς
631 1964 687 1991 τῶν
703 1965 847 2000 σφαλερῶν
868 1965 956 2000 ἔργων

162 2010 245 2037 αὑτοῦ
259 2009 441 2045 διορθώσεως.

197 2055 228 2083 λ’.
241 2057 302 2083 οὐκ
322 2056 388 2083 ἐστι
415 2056 526 2091 σοφία,
549 2057 605 2084 οὐκ
631 2057 718 2083 ἐστιν
741 2056 873 2090 ἀνδρεία,
899 2057 957 2083 οὐκ

162 2101 229 2128 ἔστι
251 2101 352 2135 βουλὴ
379 2102 538 2129 κατέναντι
561 2102 681 2135 Κυρίου.
698 2103 753 2137 Οὐχ
771 2102 890 2138 ὑπάρχει
907 2103 955 2128 ἀν-

163 2144 287 2180 θρωπίνη
307 2145 398 2180 σοφία,
413 2146 464 2172 εἴτ’
478 2146 601 2182 ἀνδρεία,
620 2146 677 2173 εἴτε
693 2147 867 2182 περίσκεψις,
882 2148 956 2174 ἀντι-

162 2191 257 2217 πεσεῖν
276 2190 335 2226 Θεῷ
351 2191 488 2227 δυναμένη
499 2199 505 2204 ·
523 2191 636 2226 σφάλλει
653 2192 708 2227 γὰρ
720 2189 798 2222 οὗτος
813 2192 876 2223 τοὺς
893 2200 956 2218 συν-

163 2237 257 2268 ετοὺς,
277 2237 323 2262 καὶ
351 2237 512 2271 περιτρέπει
537 2237 600 2268 τοὺς
623 2237 761 2272 ίσχυροὺς,
788 2237 834 2263 καὶ
858 2236 993 2284 βουλὰςΒ

162 2280 247 2307 ἐθνῶν
264 2280 438 2312 διασκεδάζει
450 2289 457 2297 ⁸
474 2282 490 2317 ἡ
506 2281 535 2307 δὲ
550 2280 632 2316 βουλὴ
650 2281 734 2308 αὑτοῦ
753 2282 829 2317 μένει
850 2283 889 2314 εἰς
909 2281 955 2309 τὸν

162 2326 260 2353 αίῶνα.

196 2372 247 2398 λα’.
266 2371 378 2404 Ἵππος
397 2370 577 2406 ἐτοιμάζεται
600 2372 645 2405 εἰς
668 2371 783 2407 ἡμέραν
807 2373 954 2407 πολέμου.

162 2417 360 2451 Εὐτρεπίζεται
377 2417 449 2443 κατὰ
465 2416 566 2452 πρᾶξιν
581 2418 600 2452 ἡ
616 2417 714 2452 ἄλογος
731 2416 801 2453 σὰρξ
817 2418 893 2453 παρὰ
906 2418 953 2445 τοῦ

161 2462 246 2497 ταύτῃ
263 2462 459 2497 ὲποχουμένου,
487 2462 553 2488 ὥσθ’
575 2462 691 2490 ἔπεσθαι
715 2463 803 2497 τούτῳ
825 2463 953 2498 ἑτοίμως,

161 2507 262 2534 ὁπόταν
274 2505 353 2540 οὗτος
366 2508 438 2542 φωτὶ
450 2508 580 2542 γνώσεως
594 2508 722 2544 αἴσθηται
738 2509 788 2545 τῆς
799 2509 846 2536 τοῦ
859 2509 954 2545 νοητοῦ

163 2553 261 2589 ἐχθροῦ
278 2554 350 2581 κατὰ
362 2555 412 2589 τῆς
426 2554 517 2590 ψυχῆς
532 2555 715 2586 ἐπελεύσεως.

197 2599 279 2634 Παρὰ
291 2599 326 2626 δὲ
341 2600 451 2634 Kvpt'ou
472 2600 491 2634 ἡ
511 2600 650 2634 βοήθεια.
669 2601 724 2636 Τὴν
740 2601 769 2627 δὲ
794 2602 855 2628 κατ’
870 2601 953 2628 αὑτοῦ

161 2645 239 2680 νίκην
250 2646 263 2672 ὁ
277 2645 418 2680 Δεσπότης
438 2645 550 2672 πάντων
564 2646 631 2678 Θεὸς
648 2646 757 2673 δίδωσιν
768 2655 774 2662 ·
793 2648 817 2673 εί
839 2647 876 2682 μὴ
898 2648 953 2682 γὰρ

161 2688 238 2723 οὗτος
253 2691 357 2726 ταύτην
378 2692 518 2728 παράσχῃ,
542 2693 582 2724 είς
610 2693 701 2728 μάτην
723 2693 870 2720 ἐκοπίασεν
887 2694 901 2720 ό
914 2693 954 2729 τῷ

162 2737 299 2772 εἰρημένῳ
316 2737 408 2772 ἐχθρῷ
423 2738 661 2772 ἀντιταττόμενος.

463 2785 589 2812 ΚΕΦΔΛ.
605 2785 670 2813 ΚΒ¹.

197 2829 234 2856 α’.
248 2830 445 2866 Αιρετώτερον
456 2833 549 2866 ὄνομα
559 2832 665 2864 ναλὸν,
674 2832 692 2867 ἣ
701 2832 835 2865 πλοῦτος
845 2834 951 2866 πολύς.

166 2875 365 2912 Προτιμωτέρα
380 2879 396 2913 ἠ
413 2879 455 2905 ἐπ’
477 2878 597 2917 ὲναρὲτῳ
617 2878 740 2915 πολιτείᾳ
757 2879 848 2915 ἀγαθὴ
861 2880 950 2919 (φήμη,

1005 953 1169 988 grediuntur
1190 953 1241 988 ipsi
1260 953 1420 980 mandatum
1442 952 1514 988 quod
1529 953 1607 987 jubet
1639 960 1655 979 a
1672 953 1793 988 propriis

1003 999 1085 1035 justis
1100 999 1241 1028 laboribus
1259 1000 1395 1027 honorare
1407 1000 1565 1026 Dominum.

1040 1088 1125 1117 Vens.
1139 1089 1186 1117 28.
1199 1088 1285 1116 Testis
1315 1089 1430 1117 mendax
1456 1089 1560 1123 peribit.
1587 1088 1718 1116 Diabolus
1748 1088 1794 1123 qui

1004 1136 1173 1164 mendaciter
1182 1135 1352 1170 voluptatem
1370 1135 1483 1163 brevem
1516 1135 1634 1168 extollit,
1653 1139 1680 1163 et
1694 1134 1796 1163 aﬂectu

1005 1182 1191 1217 periturorum
1225 1181 1364 1209 hominem
1395 1181 1523 1216 decipere
1551 1185 1679 1213 conatur,
1706 1185 1735 1207 ut
1766 1181 1794 1208 in

1005 1229 1252 1264 transgressionem
1274 1227 1320 1255 Dei
1339 1227 1531 1254 mandatorum
1555 1227 1715 1259 inducatur,
1730 1227 1795 1254 mit-

1006 1279 1078 1302 tetur
1104 1275 1130 1301 in
1147 1275 1237 1310 ignem
1252 1278 1384 1302 :eteruum
1406 1274 1459 1308 ipsi
1484 1280 1516 1300 ac
1537 1273 1641 1309 angelis
1651 1273 1711 1308 ejus
1727 1281 1796 1308 pta:-

1005 1325 1144 1357 paratum.

1050 1364 1094 1392 Vir
1106 1370 1193 1393 autent
1207 1365 1329 1393 obediens
1345 1364 1494 1392 custoditus
1519 1365 1649 1400 loquetur.
1662 1365 1714 1398 Qui
1742 1365 1797 1393 Deo

1004 1413 1096 1440 obeilit
1113 1417 1265 1446 sanctaque
1279 1416 1370 1440 sort-at
1386 1411 1446 1446 ejus
1465 1412 1606 1444 mandata,
1622 1419 1636 1439 ιι
1667 1412 1793 1439 SataniCa

1005 1458 1167 1493 deceptione
1180 1458 1329 1485 immunem
1345 1465 1406 1484 sese
1422 1457 1596 1489 custodiens,
1616 1457 1749 1490 operibus
1764 1465 1796 1483 ac

1005 1504 1096 1531 verbis
1111 1511 1206 1531 verum
1222 1503 1324 1531 bonum
1337 1503 1516 1530 conﬁtebitur
1543 1503 1576 1530 ad
1593 1503 1739 1530 utilitatem
1750 1510 1797 1530 eo-

1006 1558 1066 1577 rum
1082 1550 1129 1584 qui
1147 1549 1241 1576 vident
1260 1557 1293 1576 ac
1314 1549 1529 1576 audiuutillum.

1042 1637 1127 1665 Vens.
1145 1637 1191 1664 29.
1213 1635 1261 1663 Vir
1274 1637 1370 1671 impius
1387 1638 1535 1672 procaciter
1545 1636 1673 1673 ob/irmat
1695 1638 1796 1665 uultum

1006 1693 1094 1712 suum.
1109 1684 1155 1712 Vir
1171 1685 1216 1719 qui
1231 1685 1373 1712 veritatem
1396 1685 1472 1719 parvi
1487 1684 1553 1712 facit
1579 1685 1612 1712 de
1629 1684 1797 1712 irrationali-

1007 1731 1059 1758 bus
1074 1730 1239 1766 redargutus
1251 1729 1419 1762 actionibus,
1438 1730 1592 1765 impudenti
1610 1730 1680 1758 facie
1711 1730 1796 1758 susti-

1007 1781 1064 1805 net.

1044 1822 1137 1850 Rectus
1152 1827 1239 1850 autem
1256 1823 1311 1857 ipse
1325 1822 1458 1858 intelliget
1477 1823 1531 1850 vias
1546 1831 1619 1850 suos.
1653 1822 1741 1851 Homo
1751 1832 1798 1851 vc-

1006 1877 1054 1896 rax
1067 1869 1112 1904 qui
1130 1870 1273 1896 veritatem
1288 1869 1378 1904 magni
1397 1870 1474 1901 facit,
1511 1870 1632 1905 seipsum
1648 1870 1796 1903 examinat,

1007 1915 1030 1942 si
1040 1915 1111 1942 forte
1125 1915 1153 1941 in
1168 1915 1261 1948 aliquo
1275 1913 1360 1941 Deum
1374 1914 1539 1946 olfeuderit;
1573 1920 1599 1942 et
1623 1916 1798 1950 vituperatus

1007 1961 1042 1988 ab
1062 1961 1132 1996 ipso,
1148 1960 1182 1988 de
1195 1960 1387 1989 emendatione
1403 1961 1584 1996 culpabilium
1613 1969 1727 1996 operum
1742 1970 1794 1988 eu-

1006 2010 1058 2034 rat.

1043 2051 1127 2079 Vens.
1144 2050 1188 2078 30.
1208 2050 1269 2078 Non
1288 2056 1326 2079 est
1340 2051 1484 2086 sapientia,
1513 2059 1565 2078 non
1591 2056 1629 2078 est
1652 2051 1792 2086 fortitudo,

1006 2103 1112 2126 nonest
1130 2099 1273 2125 consilium
1292 2103 1385 2125 contra
1421 2097 1574 2124 Dominum.
1593 2097 1718 2125 llotuiuis
1749 2106 1796 2125 sa-

1006 2144 1119 2179 pientia,
1136 2144 1194 2172 sive
1208 2144 1353 2177 fortitudo,
1367 2144 1424 2171 sive
1439 2144 1584 2171 consilium
1602 2143 1732 2171 resistere
1743 2143 1799 2170 Deo

1007 2197 1060 2217 non
1072 2190 1154 2217 valet.
1171 2189 1273 2217 Evertit
1290 2190 1362 2217 enim
1380 2190 1438 2225 ipse
1461 2189 1658 2224 intelligentes,
1671 2193 1696 2217 et
1712 2189 1798 2216 fortes

1007 2237 1144 2264 convertit
1161 2241 1187 2263 et
1201 2237 1324 2271 gentium
1336 2236 1452 2263 consilia
1481 2235 1620 2271 dissipat:
1649 2235 1796 2263 consilium

1007 2289 1099 2311 autem
1113 2283 1174 2318 ejus
1189 2286 1281 2309 manet
1293 2283 1319 2309 in
1333 2287 1477 2309 teter-num.

1041 2371 1127 2399 Vens.
1144 2371 1187 2398 5i.
1205 2371 1294 2406 Equus
1321 2376 1436 2406 paratur
1459 2372 1488 2399 in
1508 2372 1578 2399 diem
1597 2373 1668 2400 belli.
1681 2373 1799 2400 Paratur

1007 2417 1176 2445 irrationalis
1189 2425 1254 2444 caro
1270 2418 1304 2444 ab
1317 2425 1350 2445 eo
1361 2418 1409 2452 qui
1425 2415 1500 2445 illam
1525 2419 1658 2451 continet,
1672 2419 1705 2446 ad
1720 2419 1797 2446 illum

1006 2469 1134 2499 prompte
1157 2463 1338 2498 sequendum,
1363 2464 1584 2499 quandocunque
1602 2464 1660 2500 ipse
1695 2465 1798 2493 lttmine

1006 2511 1128 2539 scientiae
1153 2510 1305 2545 spiritualis
1321 2511 1419 2538 anima:
1447 2518 1504 2538 suae
1530 2510 1618 2538 bostis
1634 2511 1735 2539 sentiet
1748 2511 1797 2538 ad-

1006 2562 1115 2585 ventum
1121 2577 1127 2584 .

1042 2604 1062 2629 Α
1080 2602 1193 2630 Domina
1205 2607 1293 2630 autent
1311 2602 1454 2629 auxilium.
1469 2602 1621 2630 Victoriam
1641 2607 1733 2631 autem
1763 2603 1798 2632 de

1006 2648 1051 2675 illo
1083 2649 1130 2675 dat
1157 2648 1238 2681 Deus,
1263 2648 1455 2676 universorum
1480 2649 1624 2677 Dominus.
1641 2649 1700 2677 Nisi
1720 2649 1795 2678 enim

1005 2695 1063 2730 ipse
1077 2695 1194 2726 dederit,
1213 2695 1239 2722 in
1256 2702 1358 2722 vanum
1377 2694 1513 2722 laboravit
1537 2695 1584 2730 qui
1615 2695 1728 2731 praefato
1744 2696 1797 2723 ini-

1004 2741 1076 2768 mico
1101 2741 1211 2768 restitit.

1317 2787 1394 2815 CAP.
1410 2787 1495 2815 XXII.

1041 2832 1122 2860 Vens.
1142 2833 1165 2860 l.
1180 2832 1277 2860 Melius
1299 2839 1338 2860 est
1356 2842 1449 2861 nomen
1477 2835 1572 2860 bonum
1592 2842 1671 2869 quant
1694 2833 1796 2860 dit-ilio:

1015 2879 1114 2907 ηιιιιιιιτ.
1128 2879 1235 2908 Divitiis
1253 2880 1388 2916 perituris
1409 2880 1557 2916 pretiOsior
1584 2885 1626 2907 est
1639 2880 1710 2907 bona
1723 2879 1794 2907 tanta
