2072 3161
159 156 224 188 Mil

689 153 953 184 COMMENTARU
972 153 1012 181 IN
1032 153 1264 184 PROVERBIA.

1717 151 1786 183 liii!

157 210 260 246 ἀρετὰς
276 209 445 244 φιλοπονίαν,
467 208 538 235 κατά
560 208 590 234 τὸ
606 208 710 244 παρόν·
732 208 776 234 ἵνα
800 209 850 242 τῆς
864 215 943 233 πνευι

1001 207 1077 237 bunt.
1094 208 1119 234 in
1137 209 1186 234 hac
1202 208 1268 238 vita,
1287 212 1314 234 nt
1327 207 1354 235 in
1369 207 1459 235 futura
1473 215 1534 234 cum
1564 206 1631 242 ipsis
1647 207 1784 242 spirituali

157 256 275 291 ματικῆς
296 255 467 290 εὐφροσύνης
484 255 555 281 κατὰ
577 255 608 281 τὸ
624 254 722 290 μέλλον
748 253 860 286 ταύταις
882 261 943 280 συν-

155 302 260 329 απολαύ
265 310 358 329 σωσιν.

190 347 226 383 η’.
248 347 280 373 '0
298 347 430 380 σπείρων
453 346 566 379 φαῦλα,
582 346 692 381 θερίσει
713 345 801 373 κακά.
825 345 854 372 '0
878 345 944 381 περὶ

154 393 184 420 τὸ
199 393 301 427 γεῶδες
317 394 426 428 σκῆνος,
442 393 521 428 δίκην
539 393 640 427 σπόρου
659 393 780 427 φαύλους
795 391 944 427 λογισμοὺς

155 439 344 473 καταϐάλλων,
373 436 502 475 δρέψεται
537 439 610 465 κατὰ
641 438 741 474 πρᾶξιν
770 439 819 474 τὴν
851 439 944 474 ἀμαρ-

154 485 226 512 τίαν.

189 529 317 565 Πληγ-ὴν
332 529 366 557 δὲ
381 531 476 564 ἔργων
489 530 582 557 αὐτοῦ
593 530 786 557 συν-τελέσει.
800 529 943 564 Τιμωρίαν

153 575 182 601 δὲ
207 575 252 602 διὰ
279 575 329 607 τὰς
360 576 482 611 πονηρὰς
517 575 633 611 πράξεις
661 575 745 602 αὐτοῦ
775 576 942 611 συγκομισε-

153 629 211 647 ται.

191 666 301 701 Ἄνδρα
313 668 420 700 ιλαρὸν
433 667 481 693 καὶ
505 666 598 700 δότην
620 667 722 702 ἀγαπᾷ
737 669 753 695 ὀ
765 668 846 701 Θεός.
862 669 943 702 Ἀγα-

154 711 194 746 πᾷ
208 712 223 737 ὁ
250 711 317 743 Θεὸς
339 711 484 746 ἄνθρωπον
501 711 586 744 ὑγιῶς
604 711 766 746 φρονοῦντα,
783 712 831 738 καὶ
857 720 942 747 προσ-

153 757 273 792 φέροντα
289 756 377 792 τούτῳ
389 758 460 783 κατὰ
479 757 581 792 πρᾶξιν
594 757 643 789 τὰς
658 757 770 792 ἀρετάς.

187 802 378 836 Ματαιότητα
394 802 428 828 δὲ
443 802 538 836 ἔργων
554 802 648 830 αὐτοῦ
666 803 854 831 συν-τελέσει.
868 803 904 830 Τὸ
914 804 942 830 δὲ

153 849 219 883 περὶ
244 848 278 874 τὰ
298 848 456 882 πρόσκαιρα
474 847 617 882 φιλόπονον
634 848 730 881 αὐτοῦ,
746 849 838 875 τέλεον
857 858 941 875 κατα-

152 893 271 921 παύσει·
289 893 343 920 ἀπὸ
360 893 416 919 τῶν
432 893 575 929 παρόντων
593 893 662 930 πρὸς
679 894 712 920 τὰ
731 893 865 928 μέλλοντα
882 894 941 922 ὅλον

154 939 342 974 μεταΰιῦάσας
357 939 402 965 τὸν
415 939 498 965 πόθον
512 939 607 966 αὐτοῦ.

190 985 222 1011 0'.
243 977 279 1012 7'0
306 984 402 1012 ἐλεῶν
423 985 554 1020 πτωχὸν,
579 985 669 1016 αὐτὸς
697 985 940 1020 διατραφλήσετιυ.

159 1031 188 1056 '0
208 1030 280 1058 Θείου
295 1031 383 1065 Λόγου
398 1031 602 1063 διδασκαλικῶς
619 1031 658 1066 τῷ
672 1031 767 1058 τούτου
785 1032 943 1066 μεταδιδοὺς

152 1076 246 1109 ἐνδεεῖ,
264 1076 346 1108 αὐτὸς
364 1077 537 1111 τραφήσεται
554 1077 654 1112 μᾶλλον
675 1078 747 1104 κατὰ
777 1077 885 1112 ψυχήν·
902 1077 943 1104 ὅτι

156 1131 164 1147 ι
178 1123 235 1148 Οὐκ
262 1123 305 1149 ἐπ’
320 1122 395 1157 ἄρτῳ
423 1122 496 1157 μόνῳ
519 1123 633 1158 ζήσεται
656 1123 810 1158 ἄνθρωπος,
838 1123 896 1150 ἀλλ’
914 1124 953 1149 ὲν-

153 1168 236 1194 παντὶ
254 1169 358 1204 ῥήματι
374 1167 586 1203 ἐκπορευομένῳ
598 1168 631 1194 ὲκ
641 1168 776 1203 στόματος
788 1169 882 1195 αὐτοῦ.
895 1179 904 1194 ι

190 1213 250 1240 Τῶν
262 1213 318 1248 γὰρ
331 1213 440 1240 ἑαυτοῦ
451 1213 548 1247 ἄρτων
568 1212 680 1240 δέδωκε
695 1213 734 1246 τῷ
757 1214 873 1249 πτωχῷ.
888 1214 941 1240 Ίόϋ

152 1259 206 1295 γὰρ
231 1260 379 1295 τρέφοντος
405 1260 454 1296 τὴν
481 1260 564 1286 αὐτοῦ
578 1259 667 1296 ψυχὴν
691 1261 764 1287 θείου
794 1261 886 1296 λόγου,
903 1261 942 1296 τῷ

153 1306 282 1341 χρῄζοντι
322 1306 418 1333 τούτου
461 1306 617 1342 μετέδωκε·
649 1307 697 1333 καὶ
737 1307 941 1343 μεταλαμϐάνει

153 1352 250 1378 τοᾶτου
280 1352 454 1388 τρανότερον,
475 1351 514 1384 ὡς
539 1351 573 1378 ἂν
599 1351 707 1379 δύναιτο
725 1352 832 1383 πολλοῖς
855 1353 941 1387 ἐπαρ-

153 1406 222 1423 κειν.

189 1443 287 1477 Νίκην
310 1443 360 1470 καὶ
385 1443 477 1478 τιμὴν·
501 1442 694 1477 περιποιεῖται
722 1445 738 1470 ὁ
758 1442 837 1477 δῶρα
856 1444 939 1477 δούς.

152 1488 209 1523 Τὴν
220 1487 292 1515 κατὰ
307 1488 361 1515 τῶν
374 1489 468 1515 παθῶν
486 1489 575 1523 νίκην,
596 1489 645 1515 καὶ
661 1488 711 1523 τὴν
733 1489 808 1524 παρά
825 1489 885 1524 Θεῷ
898 1489 941 1516 δό-

154 1534 201 1566 ξαν
216 1533 304 1569 ἑαυτῷ
320 1534 431 1566 πάντως
444 1536 628 1569 περιποιεῖται
643 1536 658 1561 ὁ
671 1534 730 1570 Θεῴ
744 1534 781 1567 ὦς
792 1543 853 1562 τινα
865 1535 939 1570 δῶρα
953 1545 974 1574 C

153 1581 202 1612 τὰς
219 1581 331 1616 ἀρετάς.

190 1626 249 1659 Τὴν
265 1627 368 1660 μέντοι
396 1627 501 1661 ψυχὴν
535 1627 700 1662 ἀφαιρεῖται
717 1627 776 1653 τῶν
795 1628 939 1662 κεκτημέ-

152 1679 224 1699 νων.
239 1671 397 1698 Κάντεῦθεν
411 1672 461 1706 τὴν
481 1672 578 1698 ἑαυτοῦ
602 1672 760 1707 ἀφαρπάζει
779 1672 868 1708 ψυχὴν
887 1673 941 1698 ἀπὸ

153 1715 207 1741 τῶν
220 1716 338 1750 ἐχόντων
357 1716 460 1752 ταύτην
489 1717 539 1752 τῆς
557 1717 691 1752 πονηρίας
721 1718 885 1753 πνευμάτων
906 1719 940 1754 τῇ

154 1763 277 1798 ἁμαρτίᾳ
295 1763 477 1798 αἰχμάλωτον.

191 1812 217 1836 ι’.
244 1809 376 1835 Ἔκϐαλε
394 1808 430 1835 ἐκ
456 1808 619 1842 συνεδρίου
643 1810 761 1844 λοιμόν.
792 1809 941 1837 Ἀπέλασον

153 1855 198 1882 τὸν
212 1854 389 1890 μεταδιδόντα
398 1853 448 1888 τῆς
463 1853 560 1880 ἑαυτοῦ
578 1854 677 1886 κακίας
690 1855 737 1881 καὶ
756 1857 812 1887 τοῖς
826 1855 940 1888 λοιποῖς,

153 1900 208 1927 ἀπὸ
222 1899 276 1927 τῶν
293 1899 519 1934 συνεδριαζόντων
538 1899 578 1930 είς
595 1898 797 1934 βουλευτήριον.

192 1945 243 1972 Καὶ
270 1943 524 1976 συνεξελεύσεται
553 1944 634 1977 αὐτῷ
654 1945 770 1978 νεῖκος-ο
787 1945 860 1972 ὅταν
885 1945 940 1980 γὰρ

154 1991 264 2024 καθίσῃ
285 1990 318 2016 ἐν
334 1989 491 2023 συνεδρίῳ,
509 1989 626 2022 πάντας
639 1989 777 2024 ἀτιμάζει.
796 1991 852 2017 Καὶ
879 1999 940 2017 συν-

154 2037 357 2072 απελαῦήσεται
374 2036 462 2072 τούτῳ
489 2035 655 2070 φιλονεικία·
675 2035 776 2062 ὁπόταν
795 2035 847 2070 γὰρ
863 2032 941 2067 οὗτος

155 2082 318 2118 συνεδριάσῃ
334 2083 398 2113 τισὶ,
417 2082 522 2113 πάντας
537 2081 675 2116 χλευάζει,
689 2082 738 2108 καὶ
751 2082 883 2116 διεγείρει
900 2081 940 2112 εἰς

156 2129 255 2164 μάχας.

190 2174 235 2201 ια’.
260 2172 374 2208 Ἀγαπᾷ
385 2174 492 2207 Κύριέ-ς
507 2173 595 2205 ὁσίας
610 2173 743 2208 καρδίας.
758 2173 787 2199 '0
801 2173 939 2206 Δεσπότης

156 2220 264 2246 πάντων
292 2207 376 2252 Θεὸς,
401 2219 497 2254 ἀγαπᾷ
520 2219 569 2253 μὲν
597 2207 702 2253 ψυχὰς,
729 2218 830 2251 σαρκὸς
852 2218 938 2251 ὑπερ·
954 2207 976 2235 Ῐ)

155 2264 273 2299 ορὼσας,
287 2264 333 2291 καὶ
348 2263 420 2290 κατὰ
433 2264 479 2289 τὸν
498 2263 683 2298 πνευματικὸν
699 2263 780 2298 νόμον
800 2262 940 2289 πολιτευο-

158 2310 251 2344 μένας.

189 2354 290 2381 Δεκτοὶ
306 2353 340 2380 δὲ
354 2353 434 2385 αὐτῷ
446 2353 560 2386 πάντες
575 2353 698 2388 ἄμωμοι.
714 2353 898 2388 Προσδέχεται
912 2354 940 2380 δὲ

155 2399 317 2434 συμπαθῶς,
344 2399 519 2434 ήπλωμέναις
529 2398 673 2432 ἀγκάλαις,
696 2400 759 2430 τοὺς
787 2399 831 2425 διὰ
858 2408 940 2434 μετα-

154 2445 240 2476 νοίας,
256 2444 347 2479 πάσης
367 2445 573 2479 ἁμαρτημάτων
604 2444 713 2480 κηλῖδος
731 2445 845 2476 ἑαυτοὺς
858 2446 940 2472 ἐκκα-

155 2489 304 2524 Οάραντας.

190 2536 312 2563 Χείλεσι
333 2536 482 2570 ποιμαίνει
505 2537 665 2569 βασιλεύς.
685 2536 714 2562 Ὀ
740 2537 849 2563 πάντων
865 2536 941 2571 βασι-

154 2583 241 2610 λεύων
252 2583 329 2615 Θεὸς,
343 2582 427 2614 ἀξιῶν
441 2582 484 2609 διὰ
500 2583 553 2609 τῶν
565 2583 651 2617 ἁγίων
662 2582 745 2608 αὑτοῦ
762 2583 876 2608 ἐντολῶν
891 2583 941 2617 τῆς

155 2628 348 2664 προσηκούσης
365 2628 503 2663 προνοίας,
524 2629 587 2660 τοὺς
602 2628 763 2663 δεχομένους
784 2628 895 2659 ἑκόντας
910 2627 940 2654 τὸ

155 2676 200 2702 ὑπ’
225 2674 308 2701 αὐτοῦ
326 2674 533 2709 βασιλεύεσοαι,
561 2675 663 2708 ἀπάγει
698 2675 747 2708 μὲν
771 2674 869 2705 αὐτοὺς
889 2673 938 2708 τῆς

155 2720 318 2755 φθοροποιοῦ
346 2719 456 2752 κακίας,
472 2720 533 2753 ἄγει
555 2719 583 2746 δὲ
607 2720 669 2746 κατ’
694 2720 794 2755 ἀρετὴν
815 2720 882 2755 προς
909 2719 939 2745 τὸ

155 2766 267 2800 ἀγαθόν.

190 2857 200 2872 ⁸
216 2855 313 2882 Matth.
327 2864 363 2887 tv,
384 2856 411 2883 4.

997 252 1089 280 la-litia
1107 253 1295 287 perfruantur.

1029 340 1114 368 Nsns.
1132 340 1158 368 8.
1182 341 1234 374 Qui
1259 341 1372 368 seminat
1391 341 1572 375 iniquitatem,
1594 345 1670 366 metet
1700 339 1783 367 nulla.

1029 387 1080 420 Qui
1096 387 1169 414 circa
1181 391 1311 414 terrestre
1337 388 1557 419 tabernaculum,
1589 387 1649 413 loco
1670 387 1784 414 seminis

994 440 1094 468 pravas
1124 433 1352 461 ratiocinationes
1375 433 1502 469 spargit,
1531 433 1639 469 colliget
1664 433 1691 460 in
1720 437 1784 459 actu

996 484 1149 514 peccatum.

1031 524 1143 560 Plagam
1162 530 1251 552 autent
1267 533 1373 559 operum
1387 533 1496 552 suorum
1511 524 1783 552 camummabitJ‘tB-

995 578 1056 597 nam
1077 574 1166 597 autent
1181 570 1314 597 malarum
1327 571 1465 598 actionum
1482 570 1570 598 dabit.

1027 657 1149 684 Hilarem
1165 657 1284 684 datorem
1297 658 1385 692 diligit
1399 658 1478 686 Deus.
1503 658 1598 686 Virum
1614 663 1688 686 recte
1720 666 1783 686 sen-

994 704 1105 731 tientem
1121 712 1153 731 ac
1165 705 1283 732 virtutes
1301 705 1352 740 ipsi
1366 705 1526 733 aderentem
1544 706 1636 741 diligit
1649 706 1722 733 Deus

1034 790 1184 818 Vanitatem
1196 799 1255 818 vero
1268 800 1376 826 operum
1389 792 1447 826 ejus
1475 793 1680 821 consummabit.
1699 793 1781 821 Solli-

994 837 1145 864 citudinem
1157 838 1218 872 ejus
1230 839 1304 865 circa
1329 839 1500 873 temporalia,
1529 839 1743 872 consummabit,
1765 848 1781 867 a

994 884 1176 918 prmsentibus
1189 884 1221 910 ad
1237 884 1329 911 I'utura
1339 884 1509 912 transferens
1522 892 1603 913 omne
1611 885 1779 912 desiderium

994 937 1084 956 SUlllll.

1030 973 1112 1002 VERS.
1129 974 1157 1002 9.
1173 975 1225 1007 Qui
1239 976 1378 1002 miseretur
1387 976 1522 1010 pauperis,
1546 977 1602 1011 ipse
1619 977 1779 1004 enutrietur.

1028 1020 1081 1053 Qui
1118 1021 1226 1055 inopem
1257 1022 1341 1048 di\ini
1365 1022 1441 1049 verbi
1471 1023 1631 1057 participem
1657 1023 1781 1050 docnmlo

993 1066 1083 1100 elIicrt,
1095 1067 1185 1094 anima
1197 1066 1257 1102 ejus
1275 1068 1391 1102 amplius
1423 1069 1593 1102 enutrietur;
1609 1069 1673 1104 quia
1692 1078 1701 1094 ι
1721 1068 1780 1095 Non

994 1111 1020 1138 in
1040 1113 1100 1139 solo
1117 1119 1186 1146 pane
1196 1113 1263 1139 vivit
1278 1114 1371 1146 homo,
1384 1113 1431 1141 sed
1448 1121 1481 1141 ex
1503 1114 1578 1141 onmi
1594 1114 1677 1142 verbo
1706 1115 1779 1149 quod

993 1158 1117 1193 procedit
1131 1167 1163 1185 ex
1181 1166 1229 1186 ore
1244 1158 1290 1186 Dei
1310 1159 1330 1186 '.
1349 1169 1358 1184 ι

1028 1204 1068 1231 De
1083 1205 1198 1240 panibus
1211 1207 1281 1232 enim
1291 1207 1347 1234 suis
1362 1207 1434 1234 dedit
1455 1208 1575 1241 pauperi.
1603 1206 1669 1234 Nam
1693 1207 1778 1234 divini

993 1251 1068 1278 verbi
1094 1252 1167 1286 quod
1183 1252 1320 1286 propriam
1334 1253 1436 1279 enutrit
1468 1253 1587 1279 animam
1618 1253 1779 1287 participem

992 1297 1082 1325 cll‘ecit
1099 1297 1264 1333 indigentem
1277 1307 1284 1330 ;
1296 1301 1321 1324 ct
1335 1306 1367 1325 eo
1375 1299 1477 1334 largius
1492 1298 1542 1326 hoc
1555 1298 1671 1326 Verbum
1682 1297 1781 1326 dividit

992 1351 1047 1378 quo
1058 1344 1185 1378 pluribus
1201 1344 1348 1372 subvenire
1364 1345 1462 1372 valeat.

1033 1431 1209 1459 Viam-iamet
1221 1432 1345 1459 honorem
1370 1433 1484 1468 acquirit
1511 1434 1556 1468 qui
1582 1433 1629 1461 dat
1656 1441 1776 1460 munera.

992 1476 1143 1505 Victoriam
1156 1477 1189 1504 dc
1200 1477 1376 1511 passionibus
1405 1482 1433 1504 et
1461 1478 1574 1511 gloriam
1606 1486 1620 1505 a
1642 1478 1697 1506 Deo
1726 1479 1778 1506 sibi

991 1521 1103 1548 omnino
1113 1520 1230 1555 acquirit
1244 1521 1289 1555 qui
1301 1519 1355 1547 Deo
1370 1528 1418 1555 pro
1438 1521 1519 1548 donis
1547 1521 1663 1548 virtutes
1688 1521 1776 1548 θεῖοι-ι.

1027 1609 1154 1636 Animam
1176 1613 1264 1635 autent
1280 1607 1367 1642 aufert
1392 1607 1594 1642 possidentium.
1623 1607 1659 1634 Et
1680 1608 1779 1635 exinde

992 1658 1110 1685 animam
1141 1664 1220 1684 suam
1240 1655 1330 1683 aufert
1346 1663 1360 1682 a
1378 1655 1471 1690 pravis
1496 1654 1641 1690 spiritibus
1656 1655 1702 1691 qui
1717 1662 1775 1682 eam
1803 1686 1805 1689 ι

991 1707 1105 1740 peccato
1122 1702 1305 1737 mancipatam
1319 1702 1448 1729 retinent.

1027 1805 1107 1833 Vsus.
1125 1803 1166 1830 lO.
1185 1802 1259 1837 Ejice
1271 1810 1285 1829 e
1297 1808 1418 1828 consessu
1449 1799 1624 1834 pestilentem.
1639 1799 1661 1826 A
1679 1799 1779 1827 seden-

991 1852 1066 1880 tibus
1081 1849 1195 1877 incuria
1210 1848 1280 1883 ejice
1291 1855 1354 1876 eum
1370 1847 1417 1882 qui
1434 1853 1484 1874 sua
1514 1845 1620 1872 malitia
1633 1845 1702 1874 alios
1717 1847 1778 1873 inli-

990 1898 1039 1926 cit.

1026 1941 1062 1969 Et
1072 1941 1156 1969 exibit
1171 1940 1317 1968 simulcum
1331 1939 1584 1974 eojurgium;nam
1602 1947 1661 1966 cum
1682 1940 1778 1966 sederit

989 1989 1018 2016 in
1035 1987 1156 2017 concilia;
1169 1993 1258 2013 omnes
1272 1985 1425 2012 inhonorat.
1443 1984 1474 2011 Et
1495 1992 1557 2011 cum
1577 1992 1611 2012 eo
1636 1985 1777 2018 expellen-

991 2040 1035 2061 tur
1047 2031 1238 2061 contentiones
1253 2038 1261 2055 :
1276 2037 1339 2056 nam
1355 2028 1467 2063 quando
1479 2029 1525 2056 ille
1538 2035 1600 2055 cum
1610 2028 1775 2062 quibusdam

990 2078 1101 2112 sederit,
1119 2084 1215 2105 omnes
1234 2076 1331 2104 irridet
1343 2079 1370 2102 et
1386 2074 1419 2102 ad
1443 2081 1550 2109 pugnas
1562 2074 1695 2101 concitat.

1025 2177 1109 2205 Vnus.
1128 2176 1171 2202 Η.
1187 2174 1282 2210 Diligit
1303 2173 1435 2200 Dominus
1462 2177 1557 2200 sancta
1585 2173 1676 2200 corda.
1705 2173 1778 2202 Dcus

991 2225 1180 2252 universorum
1207 2219 1434 2254 Dominusdiligit
1460 2219 1636 2255 animasqme
1665 2229 1776 2249 carnem

990 2272 1199 2297 contemnentes
1210 2266 1361 2294 secundum
1372 2264 1458 2300 legem
1479 2265 1649 2300 spiritualem
1659 2275 1777 2294 convrr-

990 2322 1097 2343 santur.

1026 2359 1133 2394 Accepti
1149 2362 1235 2385 autent
1244 2361 1305 2384 sunt
1321 2357 1443 2384 eiomues
1471 2357 1647 2384 immaculati.
1670 2357 1777 2393 Rccipit

993 2412 1083 2434 alitem
1099 2413 1162 2432 Clllll
1175 2411 1270 2430 amore
1279 2403 1456 2438 brachiisque
1468 2404 1591 2431 extensis
1604 2411 1652 2431 eos
1670 2406 1715 2439 qui
1729 2413 1744 2439 p
1755 2414 1777 2431 ⁸ι·

989 2449 1180 2486 paenitentiam
1193 2454 1302 2475 omnem
1316 2452 1493 2481 peccatorum
1513 2455 1619 2475 naevum
1634 2449 1777 2477 absterse-

989 2501 1063 2524 ιυιη.

1024 2541 1116 2568 Labiis
1132 2540 1216 2567 pascit
1234 2547 1292 2566 rex.
1313 2539 1385 2567 Deus
1413 2543 1512 2566 cuncta
1529 2539 1696 2575 gubernans.
1728 2550 1778 2569 eos

991 2589 1038 2624 qui
1054 2588 1170 2615 libenter
1185 2587 1243 2620 ejus
1269 2586 1427 2621 suscipiunt
1443 2586 1599 2621 imperium,
1615 2595 1663 2622 per
1679 2592 1776 2615 sancta

993 2634 1123 2662 mandata
1138 2632 1311 2660 convenienti
1325 2632 1494 2666 providentia
1521 2640 1698 2667 prosequens,
1714 2633 1777 2660 illus

993 2679 1103 2714 quidem
1119 2677 1154 2705 ab
1165 2676 1312 2712 iniquitate
1324 2684 1384 2710 quae
1395 2676 1494 2710 perdit,
1506 2676 1617 2708 avertit,
1628 2677 1660 2703 ad
1674 2677 1776 2703 [mnum

993 2731 1082 2753 autem
1097 2723 1209 2752 virtutis
1220 2722 1340 2750 fructum
1358 2722 1440 2749 ducit.
