2072 3161
275 181 304 212 ll
314 181 342 211 i‘}

920 173 1100 204 PROCOPII
1120 173 1242 203 GAZ/‘EI

1841 174 1911 207 1444

309 235 393 264 Vsus.
406 235 449 262 12.
471 233 547 261 Oculi
567 232 673 260 Domini
700 231 855 259 custodiunt
875 238 992 258 sensum.
1007 229 1063 256 lia-

1151 229 1195 264 ιβ’.
1223 229 1382 264 Ὀφθαλμοὶ
1405 230 1515 265 Κυρίου
1535 230 1731 265 διατηροῦσιν
1750 233 1910 267 αισθιισιν.

273 282 363 309 tiones
378 285 467 308 autem
487 287 591 311 rerum,
603 278 706 312 quibus
728 277 808 312 quasi
821 275 987 311 quibusdam
1003 282 1069 302 ocu-

273 328 308 354 lis
328 328 385 362 ipse
398 326 590 353 universorqu
609 323 741 350 Dominus
768 326 868 349 cuncta
889 321 996 352 videns,
1027 327 1069 347 co-

274 380 411 405 gnoscens
423 379 455 399 ea
471 374 618 404 antequam
636 369 702 396 [iant
713 376 745 396 ex
768 367 903 402 sapientia
922 373 970 401 per
986 373 1068 400 quam

273 425 302 446 et
333 418 359 445 in
379 424 434 452 qua
447 416 539 444 omnia
558 414 633 446 fecit,
654 413 727 440 sicut
743 412 815 439 radii
840 411 952 446 quidam
995 409 1068 437 Solis

271 462 391 498 justitia:
408 481 415 493 ,
445 459 624 495 speCulaIivis
637 458 736 485 animae
755 457 886 492 potentiis
914 455 1070 483 concedunt

275 504 477 532 utexsisteutia
496 504 569 530 sicut
587 509 650 528 vere
668 509 698 528 se
717 501 817 527 habent
835 500 1065 535 inspiciant,ipsa

275 551 365 574 autem
384 546 544 574 exsistentia
575 548 605 571 ut
635 543 769 571 continuo
796 543 835 570 sic
864 543 1069 577 conspiciantur

276 593 400 626 faciunt,
415 592 596 626 veritatisque
609 590 754 617 scientiam
770 597 823 616 nou
857 589 883 616 in
909 588 1068 624 apparentia

275 638 427 666 visibilium
441 636 595 664 secundum
614 643 725 663 sensum
742 638 857 670 ponunt.

312 683 437 710 Rationes
461 686 549 709 autem
576 680 713 714 t-ilipendit
734 680 851 714 iniquus.
877 677 1070 706 Calumniatur

276 732 366 755 autem
384 726 634 758 Providentizeﬁvias
652 725 697 752 Dei
710 725 902 751 mandatorum
914 728 1068 758 transgres-

275 782 333 807 sor,
349 774 408 809 qui,
420 773 485 800 dum
505 772 616 807 quidem
627 779 641 797 a
659 771 849 806 voluptatibus
872 778 933 798 sese
949 778 1004 797 non
1021 770 1068 797 ab~

275 822 368 851 stinet,
385 820 478 855 gravia
501 823 529 846 et
554 817 741 852 importabilia
769 817 837 844 dicit
861 817 908 844 illa
938 815 1067 843 salutaria

1120 275 1151 302 Οἱ
1163 275 1191 302 δὲ
1207 275 1282 309 λόγοι
1293 276 1347 303 τῶν
1364 275 1460 307 ὄντων,
1473 273 1513 308 οἷς
1529 276 1567 309 ὥς
1579 285 1651 304 τισιν
1665 277 1814 314 ὀφθαλμοῖς
1829 279 1912 312 αὐτὸς

1120 321 1134 348 ὁ
1151 320 1196 346 τοῦ
1223 321 1322 352 παντδς
1347 321 1485 356 Δεσπότης
1512 322 1546 349 τὰ
1571 323 1660 349 πάντα
1685 324 1748 359 ὁρᾷ,
1768 323 1912 358 γινώσκων

1119 365 1206 393 ταῦτα
1223 367 1286 402 πρὶν
1299 368 1434 401 γενέσεως
1457 367 1563 400 αὐτῶν,
1579 369 1611 395 ὲκ
1638 369 1686 404 τῆς
1713 370 1809 404 σοφίας
1825 370 1912 396 αὐτοῦ

1119 411 1152 438 δι’
1173 409 1206 447 ἦς
1224 413 1272 439 καὶ
1288 413 1317 439 ἐν
1360 413 1394 439 τὰ
1407 414 1494 440 πάντα
1511 414 1651 448 ἐποίησεν,
1664 413 1708 442 οἷά
1717 424 1790 447 τινες
1801 417 1913 447 ἀκτῖνες

1120 456 1202 482 αὐτοῦ
1212 456 1258 483 τοῦ
1268 458 1317 491 τῆς
1331 457 1504 492 δικαιοσύνης
1520 457 1624 490 Ἠλίου,
1632 460 1692 490 ταῖς
1703 459 1753 493 μὲν
1764 458 1913 494 θεωρικαῖς

1119 501 1170 536 τῆς
1188 502 1278 536 ψυχῆς
1291 499 1424 537 δυνάμεσι
1445 503 1475 529 τὺ
1486 503 1520 530 τὰ
1534 503 1598 530 ὄντα
1613 505 1680 539 ὀρᾷν
1697 504 1735 536 ὡς
1757 504 1848 540 ἔχουσι
1860 503 1915 538 φύ-

1121 555 1188 578 σεως
1201 554 1207 560 ”
1223 547 1315 579 αὐτοῖς
1329 547 1357 574 δὲ
1374 549 1431 579 τοῖς
1455 546 1515 575 οὖσι
1531 548 1560 575 τὸ
1576 549 1661 580 οὕτως
1683 549 1797 584 ὁρᾶσθαι
1811 550 1914 584 διαφυ-

1119 592 1254 623 λάττουσι,
1268 593 1315 619 καὶ
1331 593 1368 628 μὴ
1389 593 1450 620 κατ’
1466 593 1593 628 αἴσθησιν
1613 596 1644 629 τῇ
1658 595 1712 621 τῶν
1726 595 1832 630 ὁρατῶν
1850 596 1915 621 ἐπι-

1119 637 1219 673 φανείᾳ
1232 639 1432 674 ἐναπομένουσι
1445 639 1496 674 τὴν
1510 641 1611 674 γνῶσιν
1624 640 1674 675 τῆς
1689 640 1826 675 ἀληθείας.

1155 683 1292 714 Φαυλίζει
1320 684 1355 710 δὲ
1370 685 1483 719 λόγους
1506 685 1691 720 παράνομος.
1717 686 1858 714 Διασάλλει
1883 687 1915 714 δέ

1119 731 1182 762 τοὺς
1203 731 1251 765 τῆς
1268 731 1399 766 Προνοίας
1420 731 1516 764 λόγους
1535 733 1549 758 ὁ
1571 732 1619 764 τὰς
1641 732 1688 758 τοῦ
1712 733 1779 759 Θεοῦ
1801 733 1915 765 ἐντολὰς

1119 776 1308 811 παραῆαίνων,
1328 777 1429 803 ὁπόταν
1449 777 1498 812 μὲν
1515 777 1568 803 τῶν
1584 778 1669 812 ἡδέων
1688 779 1724 814 μὴ
1741 779 1915 815 ἐγκρατεύη-

1119 831 1174 853 ται,
1192 822 1304 857 βαρείας
1319 823 1366 849 καὶ
1380 822 1618 858 δυσκατορθὼτους
1634 824 1779 851 ἀποκαλῶν
1794 825 1842 856 τὰς
1855 833 1913 851 σω-

276 867 429 899 mandata;
457 864 568 900 quando
601 868 692 890 autem
718 862 833 890 molesta
859 862 995 889 sustinere
1014 869 1067 888 non

1121 867 1261 902 τηριώδεις
1275 867 1322 894 τοῦ
1335 868 1402 894 θεοῦ
1423 868 1534 900 ἐντολάς
1546 876 1552 882 ·
1576 869 1625 895 καὶ
1647 869 1696 904 οὐχ
1717 869 1825 902 ἑαυτὸν,
1842 870 1915 897 ἀλλὰ

276 918 375 949 potest,
390 912 529 946 seinjuste
546 909 601 946 pati
616 908 693 941 dicit,
703 916 759 936 non
772 909 908 944 seipsum,
919 907 965 935 sed
982 906 1066 935 Deum

1121 913 1185 940 Θεὸν
1204 913 1378 949 αἰτιώμενος,

276 966 422 986 accusans.

312 1005 393 1031 Vens.
412 1004 455 1031 l5.
468 1004 675 1030 Extusationem
691 1001 812 1036 aﬂ'ert,et
830 999 895 1026 dicit
910 999 1003 1034 piger:
1016 998 1068 1026 Leo

276 1051 305 1076 in
321 1051 381 1077 uiis.
398 1049 451 1083 Qui
467 1049 609 1084 negligens
624 1052 666 1076 est
694 1047 727 1073 ad
754 1046 941 1080 operationem
976 1049 1004 1071 et
1035 1045 1068 1071 ad

277 1093 499 1124 meditationem,
515 1092 712 1120 excusationes
727 1096 859 1117 causatur
876 1090 973 1116 (licens
990 1097 996 1115 :
1016 1089 1069 1116 lm-

276 1138 351 1172 pedit
374 1138 500 1164 ardorem
527 1144 618 1164 meum
640 1135 673 1162 ad
697 1135 826 1162 mandata
857 1133 904 1160 Dei
932 1134 1069 1168 implenda

278 1183 375 1215 Satan,
394 1183 427 1210 iis
441 1183 623 1216 adversando,
636 1186 664 1210 et
677 1181 749 1209 sicut
761 1181 803 1208 leo
812 1187 938 1215 quatrens
950 1179 1068 1207 animam

277 1236 365 1256 tneam
379 1236 484 1263 rapere.

314 1275 348 1302 Et
360 1274 387 1301 in
399 1274 493 1308 pluteis
507 1274 610 1301 sicarii.
632 1273 666 1300 Et
691 1273 718 1300 in
730 1273 877 1300 latitudine
894 1271 1070 1306 corruptrice

279 1321 415 1348 naturalis
433 1321 582 1348 visibilium
600 1319 855 1354 contemplationis,
869 1318 944 1353 pravi
955 1318 1070 1353 spiritus

279 1368 478 1394 latrocinantes
489 1373 520 1393 ea
537 1370 654 1393 mentem
668 1373 756 1392 meam
772 1365 938 1391 interimere
965 1371 1070 1389 cottan-

279 1416 336 1444 tur,
352 1419 399 1447 per
421 1419 552 1438 sensuum
568 1417 691 1438 errorem
704 1409 738 1436 ad
754 1408 917 1444 ignorantiae
943 1407 1071 1435 tenebras

279 1458 353 1486 Illam
369 1459 523 1485 trahentes.

314 1545 400 1573 Vsus.
435 1545 479 1572 Η.
497 1543 584 1571 Fovea
597 1542 742 1578 profunda,
771 1550 800 1569 os
816 1542 911 1577 iniqui.
945 1540 1069 1568 Consilia

279 1591 424 1624 daemonis,
442 1590 488 1625 qui
502 1589 554 1617 line
569 1597 624 1624 quo
637 1592 746 1615 creatus
763 1592 805 1615 est
824 1587 926 1614 excidit
943 1593 970 1614 et
983 1594 997 1613 a
1015 1586 1070 1613 Deo

279 1637 391 1670 defecit,
423 1636 508 1664 foveae
533 1634 759 1671 profundissimm
783 1634 884 1661 similia
912 1637 988 1661 sunt.
1018 1632 1070 1666 Qui

279 1683 355 1710 cadit
364 1683 392 1710 in
401 1689 444 1714 ea,
460 1682 488 1708 in
498 1683 569 1709 viam
585 1680 696 1708 virtutis
706 1687 762 1706 non
774 1683 876 1706 curret.

317 1813 463 1842 Cuiiratus
492 1816 531 1839 est
555 1811 693 1842 Dominus,
713 1809 811 1837 incidet
826 1810 854 1837 in
879 1817 948 1838 eam.
971 1809 1072 1838 Incidit

280 1864 374 1887 autem
388 1859 414 1886 in
430 1866 462 1886 ea
478 1857 524 1884 ille
542 1864 624 1892 quem
639 1856 712 1884 Deus
734 1857 863 1891 repellit,
880 1859 974 1891 utpote
996 1863 1071 1883 man-

282 1906 355 1934 datis
368 1906 428 1940 ejus
459 1903 599 1931 contraria
633 1907 852 1938 praeponentem.
887 1903 960 1930 Sinit
994 1903 1070 1930 illum

283 1952 357 1978 Deus
372 1954 470 1984 suopte
487 1948 602 1975 motuin
617 1947 723 1975 foveam
742 1948 849 1983 peccati
873 1947 973 1975 cadere
981 1948 1072 1982 etipsa

282 1996 391 2023 discere
405 1993 575 2029 experientia
589 1997 722 2028 quantum
746 1993 783 2020 sit
813 1992 915 2020 malum
947 1992 1072 2020 diffidere

284 2041 341 2069 mo
365 2048 456 2068 rerum
477 2040 600 2066 omnium
626 2039 810 2074 gubernatore
826 2042 853 2065 et
875 2037 986 2066 inimico
1005 2038 1072 2066 obe-

282 2089 360 2121 dire,
373 2092 402 2115 ut
417 2087 515 2114 exinde
530 2086 617 2114 discat
634 2085 719 2113 Deum
747 2086 877 2113 invocare
895 2090 924 2112 ut
951 2086 1070 2112 auxilia-

282 2135 380 2161 tricem
399 2133 424 2160 ei
445 2139 556 2159 manum
575 2131 696 2167 porrigat
725 2139 844 2167 eumque
862 2131 984 2159 retrahat
1004 2139 1020 2160 e
1035 2131 1073 2159 fo-

285 2187 334 2206 vea
349 2177 523 2215 perditionis.

318 2275 387 2303 Sunt
412 2275 460 2302 via:
488 2274 566 2301 mala:
581 2282 671 2301 coram
683 2274 750 2307 viro,
764 2279 790 2302 et
803 2283 855 2302 non
882 2279 956 2301 amat
980 2276 1075 2302 reverti

283 2323 318 2349 ab
345 2322 395 2347 eis.
420 2320 542 2347 Avertere
558 2325 646 2346 autent
660 2328 687 2347 se
698 2325 800 2354 oportet
817 2329 832 2347 a
846 2321 888 2348 via
902 2329 1024 2355 perversa
1050 2326 1074 2348 et

284 2368 368 2394 mla.
386 2367 517 2394 llomincs
531 2367 645 2402 quidam
657 2367 749 2394 sciunt
768 2374 799 2394 se
812 2367 998 2403 cogitationes
1024 2367 1074 2394 ha«

286 2415 351 2442 bere
359 2413 394 2440 ad
404 2413 504 2440 tualum
520 2413 697 2444 inducentes,
718 2418 747 2440 et
763 2421 817 2440 non
834 2417 937 2445 amant.
951 2413 1018 2440 beul
1030 2413 1075 2440 isti

285 2465 404 2488 utentem
426 2467 503 2488 suam
521 2467 536 2487 a
550 2460 622 2487 malo
642 2460 676 2487 ad
689 2459 790 2486 bontun
820 2463 993 2487 convertere.
1023 2459 1076 2486 Ne-

285 2513 365 2532 cesse
376 2511 466 2532 autem
480 2509 523 2533 est
538 2505 675 2532 divertere
692 2512 707 2531 a
725 2505 839 2532 virtutis
860 2505 981 2539 deiectu,
1006 2508 1032 2532 et
1060 2512 1075 2532 a

287 2551 421 2578 vianitnis
432 2550 542 2585 quidem
561 2557 577 2576 a
595 2549 697 2577 virtute
712 2549 858 2582 declinata,
877 2550 903 2577 in
924 2550 1076 2585 praecipitia

285 2601 378 2624 autent
394 2597 515 2625 ducente
530 2603 563 2624 ac
581 2596 609 2624 in
624 2596 755 2624 baratbra
773 2596 896 2624 malitiae.

323 2740 408 2768 Vsus.
430 2741 474 2769 l5.
497 2741 620 2769 Stultitia
635 2742 762 2777 colligata
781 2747 820 2769 est
835 2741 862 2768 in
885 2740 963 2768 corde
992 2741 1076 2775 pueri.

289 2787 447 2823 [nsipientia
464 2788 566 2821 pendet
580 2795 595 2815 a
609 2788 692 2816 cordc
708 2778 769 2823 ejus
790 2788 837 2823 qui
864 2792 943 2815 aatate
963 2787 1079 2822 juvene-

288 2834 352 2863 scit.

327 2880 407 2916 Virga
420 2884 506 2907 autem
521 2884 545 2907 et
561 2879 704 2914 disciplina
730 2879 805 2915 longe
821 2878 853 2907 ab
880 2887 920 2907 eo.
935 2879 1075 2915 Redargu-

1155 1001 1200 1036 ιγ’.
1218 1000 1434 1036 Προφασίζεται
1450 1000 1498 1027 καὶ
1512 999 1594 1034 λέγει
1612 1000 1738 1035 ὀκνηρός
1753 1009 1761 1016 ο
1775 1001 1858 1028 Λέων
1876 1002 1914 1028 ἐν

1118 1049 1183 1079 ταῖς
1198 1047 1289 1080 ὁδοῖς.
1313 1046 1342 1073 '0
1368 1047 1435 1081 πρὸς
1461 1046 1561 1081 πρᾶξιν
1585 1047 1632 1072 καὶ
1656 1046 1772 1082 θεωρίαν
1789 1047 1914 1083 ῥᾴθυμος

1118 1093 1301 1129 προϐάλλεται
1321 1092 1449 1128 ἀφορμὰς
1461 1112 1468 1124 ,
1497 1091 1597 1118 οὓτωσὶ
1609 1091 1708 1125 λέγων·
1728 1093 1834 1119 Κωλύει
1859 1102 1913 1127 μου

1117 1141 1148 1167 τδ
1163 1140 1305 1175 πρόθυμον
1319 1140 1370 1174 τῆς
1395 1140 1424 1166 ὲν
1445 1139 1505 1170 ταῖς
1523 1138 1644 1169 ἐντολαῖς
1668 1138 1736 1173 πρὸς
1757 1139 1823 1165 Θεὸν
1841 1140 1914 1166 κατὰ

1118 1185 1219 1221 πρᾶξιν
1234 1185 1360 1220 πορείας,
1374 1184 1553 1220 παρεδρεύων
1568 1184 1690 1215 ταύταις,
1711 1185 1725 1210 ὁ
1739 1185 1818 1220 δίκην
1839 1185 1914 1213 λέονα

1118 1237 1164 1259 τος
1180 1228 1270 1262 ζητῶν
1285 1228 1408 1263 ἁρπάσαι
1426 1237 1477 1262 μου
1490 1227 1539 1263 τὴν
1555 1227 1644 1263 ψυχὴν
1660 1228 1758 1255 Σατᾶν.

1160 1275 1211 1301 Ἐν
1243 1273 1277 1300 δὲ
1291 1274 1357 1306 ταῖς
1385 1274 1543 1307 πλατείαις
1565 1275 1720 1308 peremat.
1752 1275 1808 1302 Καὶ
1823 1276 1852 1302 ἐν
1874 1275 1914 1312 τῷ

1119 1320 1190 1346 κατὰ
1201 1320 1250 1354 τὴν
1265 1319 1417 1355 διαφθορὰν
1431 1319 1527 1347 πλάτει
1541 1319 1592 1354 τῆς
1605 1321 1725 1355 φυσικῆς
1736 1321 1790 1348 τῶν
1805 1323 1913 1358 ὁρατῶν

1119 1366 1248 1401 θεωρίας,
1278 1366 1446 1402 λῃστεύοντα
1464 1367 1497 1393 τὰ
1521 1367 1567 1393 ὕπ’
1585 1367 1675 1394 αὐτῶν
1698 1368 1748 1402 τῆς
1779 1370 1914 1405 πονηρίας

1120 1412 1276 1447 πνεύματα,
1297 1412 1418 1446 ἀναιρεῖν
1436 1420 1487 1445 μου
1509 1411 1680 1447 ἐπιχειροῦσι
1703 1413 1749 1439 τδν
1772 1413 1845 1444 νοῦν.
1868 1414 1914 1440 διὰ

1120 1458 1168 1493 τῆς
1180 1459 1241 1484 κατ’
1256 1457 1384 1492 αἴσθησιν
1399 1457 1514 1492 πλάνης,
1525 1458 1593 1493 πρὸς
1607 1458 1688 1493 ζόφον
1699 1458 1809 1493 ἀγνοίας
1818 1460 1914 1487 τοῦτον

1121 1511 1270 1529 σπευοοντα
1283 1511 1440 1537 κατασπᾳν.

1158 1549 1198 1575 ιδ’.
1217 1549 1330 1582 Βόθρος
1346 1549 1457 1582 βαθὺς,
1473 1549 1571 1584 στόμα
1588 1550 1774 1584 παρανόμου.
1790 1550 1844 1577 Τοῦ
1862 1561 1914 1578 παρ

1123 1594 1255 1630 ραϐάντος
1278 1594 1405 1629 δαίμονος
1429 1595 1475 1621 τὸν
1500 1595 1580 1629 λόγον
1598 1595 1659 1622 καθ’
1687 1595 1717 1622 ὃν
1734 1596 1840 1630 γέγονε,
1865 1598 1913 1624 καὶ

1121 1640 1188 1666 Θεοῦ
1215 1640 1404 1672 ἀποστάντος,
1430 1641 1458 1666 αἱ
1481 1640 1618 1675 ὑποθῆκαι
1645 1640 1740 1677 λάκκῳ
1770 1641 1913 1679 βαθυτάτῳ

1121 1687 1259 1714 ἐοίκασιν
1275 1687 1316 1714 ὅτι
1335 1687 1349 1713 ὁ
1363 1686 1476 1718 ταύταις
1489 1687 1550 1713 κατ’
1566 1687 1709 1722 ἐνέργειαν
1728 1689 1913 1724 περιπίπτων.

1121 1731 1168 1758 τοῦ
1192 1733 1253 1758 κατ’
1272 1732 1414 1768 ἐνέργειαν
1439 1732 1633 1768 περιπίπτων,
1658 1733 1705 1759 τοῦ
1727 1734 1788 1760 κατ’
1811 1735 1914 1771 ἀρετὴν

1122 1778 1240 1805 παύεται
1257 1778 1375 1813 δρόμου.

1162 1823 1194 1850 '0
1221 1823 1255 1850 δὲ
1275 1825 1419 1859 μισηθείς
1441 1825 1502 1852 ὑπὸ
1526 1826 1647 1860 Kvplov,
1669 1825 1844 1861 ἐμπεσεῖται
1870 1829 1914 1861 είς

1121 1870 1224 1897 αὐτόν.
1242 1870 1408 1905 Περιπίπτει
1418 1869 1445 1910 ’δ’
1458 1871 1566 1902 αὐταῖς,
1577 1871 1607 1897 ὂν
1616 1871 1683 1903 Θεὸς
1693 1872 1896 1908 ἀποστρέφεται
1905 1882 1913 1890 ·

1122 1915 1160 1948 ὡς
1171 1915 1205 1942 τὰ
1221 1916 1332 1942 ἐναντία
1354 1917 1417 1947 ταῖς
1432 1916 1554 1948 ἐντολαῖς
1570 1916 1652 1942 αὐτοῦ
1677 1918 1913 1953 προαιρούμενον·

1122 1961 1375 1997 ἐγκαταλιμπάνων
1387 1962 1432 1989 τὸν
1443 1962 1564 1989 τοιοῦτον
1582 1963 1622 1994 είς
1636 1963 1681 1990 τὸν
1698 1964 1758 1990 κατ’
1773 1965 1917 2000 ἐνέργειαν

1122 2007 1171 2042 τῆς
1183 2007 1322 2043 ἁμαρτίας
1339 2008 1472 2041 ἐμπεσεῖν
1493 2007 1618 2042 βόθυνον·
1635 2008 1684 2035 καὶ
1703 2009 1800 2043 μαθεῖν
1813 2011 1846 2036 ὲκ
1863 2010 1916 2043 τῆς

1123 2054 1221 2089 πείρας
1235 2053 1320 2088 αὐτῆς
1340 2051 1396 2080 οἷόν
1409 2054 1467 2080 ἐστι
1485 2053 1570 2080 κακὸν
1587 2053 1617 2080 τὸ
1633 2054 1760 2081 ἀπιστεῖν
1774 2055 1848 2089 αὐτῷ
1865 2064 1918 2089 κη-

1123 2099 1214 2134 δεμόνι
1233 2099 1343 2126 πάντων
1359 2099 1519 2134 ὑπάρχοντι,
1539 2100 1585 2126 καὶ
1600 2099 1743 2127 πείθεσθαι
1757 2100 1797 2135 τῷ
1812 2100 1915 2136 ἐχθρῷ,

1123 2144 1271 2171 κάντεῦθεν
1287 2144 1503 2172 ἐπικαλέσασθαι
1525 2145 1630 2176 τοῦτον,
1650 2144 1721 2172 ὥστε
1742 2147 1823 2182 χεῖρα
1853 2146 1918 2182 βοη-

1124 2191 1198 2223 θείας
1216 2191 1309 2227 ὀρέξαι
1333 2191 1418 2227 αὐτῷ,
1435 2191 1485 2218 καὶ
1501 2191 1550 2218 τοῦ
1571 2192 1620 2227 τῆς
1638 2192 1779 2225 ἀπωλείας
1800 2193 1916 2229 βοθύνου

1089 2239 1112 2267 ι)
1126 2236 1282 2271 ἐξαγαγεῖν.

1162 2283 1250 2310 Εἰσὶν
1277 2282 1342 2310 ὁδοὶ
1369 2282 1459 2310 κακαί
1486 2282 1615 2310 ἐνώπιον
1640 2283 1767 2318 ἀνδρὸς,
1785 2285 1834 2312 καί
1859 2286 1917 2312 οὐκ

1125 2329 1227 2364 ἀγαπᾷ
1237 2329 1290 2357 τοῦ
1302 2329 1491 2364 ἀποστρέψαι
1511 2329 1561 2356 ἀπ’
1577 2329 1694 2356 αὐτῶν
1711 2330 1918 2366 ἀποστρέφειν

1126 2376 1160 2403 δὲ
1172 2377 1221 2403 δεῖ
1235 2376 1294 2404 ἀπὸ
1315 2375 1388 2403 ὀδοῦ
1405 2375 1534 2408 σκολιᾶς
1552 2375 1602 2402 καὶ
1623 2375 1731 2410 κακῆς.
1748 2377 1917 2413 ’Υπάρχουσι

1126 2422 1299 2457 διαλογισμοὶ
1316 2421 1464 2457 ἀνθρώπου
1481 2421 1563 2453 τινος,
1581 2422 1621 2453 εις
1637 2421 1751 2456 πράξεις
1766 2423 1868 2455 κακίας
1888 2425 1918 2450 ἐν

1127 2467 1226 2501 γνώσει
1238 2465 1321 2493 αὑτοῦ
1333 2467 1474 2502 φέροντες.
1484 2468 1531 2492 καὶ
1546 2467 1596 2493 οὐκ
1607 2467 1668 2502 ἐρᾷ,
1685 2467 1751 2501 φεῦί
1766 2468 1781 2494 ό
1794 2467 1918 2500 τοιοῦτος

1127 2513 1173 2540 τοῦ
1192 2512 1358 2548 ἐπιστρέψαι
1379 2512 1428 2546 τὴν
1456 2512 1576 2539 διάνοιαν
1595 2513 1678 2539 αὐτοῦ
1692 2513 1746 2540 ἀπὸ
1765 2513 1812 2540 τοῦ
1829 2514 1917 2541 κακοῦ

1127 2559 1197 2595 πρὸς
1213 2559 1243 2585 τὸ
1257 2558 1376 2592 ἀγαθόν·
1392 2558 1452 2585 δέον
1469 2558 1497 2585 δέ
1523 2559 1599 2585 ἐστιν
1618 2558 1793 2594 ἐπιστρέφειν
1814 2559 1846 2585 ἐκ
1867 2559 1918 2593 τῆς

1128 2604 1190 2632 κατ’
1204 2603 1322 2638 ἔλλειψιν
1337 2603 1388 2638 τῆς
1413 2603 1514 2638 ἀρετῆς
1534 2604 1582 2630 καὶ
1605 2604 1760 2640 ὑπερϐολὴν
1777 2613 1918 2640 παρεγκε-

1128 2650 1260 2685 κλιμένης
1275 2649 1324 2683 μὲν
1338 2649 1394 2675 ἀπὸ
1405 2648 1453 2674 τοῦ
1469 2648 1576 2683 ἀγαθοῦ
1593 2649 1716 2684 πορείας,
1725 2650 1764 2681 εἰς
1777 2649 1919 2684 κρημνοὺς

1128 2697 1156 2723 δέ
1173 2695 1274 2726 κακίας
1290 2694 1429 2730 φερούσης
1448 2695 1496 2721 καὶ
1515 2694 1651 2730 βάραθρα.

1165 2745 1205 2767 ιε’.
1227 2741 1328 2767 "Arata
1350 2739 1478 2773 ἐξῆπται
1502 2739 1628 2774 καρδίαν
1654 2740 1735 2768 νέου.
1763 2739 1921 2775 Ἀφροσύνη

1129 2787 1277 2822 ἐξήρτηται
1294 2786 1344 2821 τῆς
1364 2785 1454 2821 ψυχῆς
1478 2785 1525 2812 τοῦ
1541 2785 1581 2813 ἐτι
1603 2786 1665 2814 καθ’
1681 2785 1788 2822 ἠλικίαν
1806 2786 1921 2816 νεάζον-

1129 2843 1185 2866 τος.

1172 2879 1294 2913 Ῥἀϐὃος
1310 2879 1344 2906 δὲ
1364 2879 1413 2908 καὶ
1434 2878 1555 2906 παιδεία
1571 2878 1690 2914 μακρὰν
1705 2879 1756 2907 ἀπ’
1767 2878 1873 2908 αὐτοῦ.
1887 2879 1920 2905 οι
