2072 3161
157 161 225 193 1445

663 159 931 191 COMMENTARII
950 161 992 191 IN
1008 161 1237 194 PROVERBIA.

1722 169 1790 203 1446

154 214 183 241 δὲ
202 215 366 251 πλήττοντες
382 213 478 241 τοῦτον
502 213 581 249 δίκην
602 213 701 250 ρἇὃδου
722 213 878 248 ὲλεγκτικοὶ
903 214 933 241 λό

999 215 1070 242 toria
1083 218 1166 243 verba
1178 225 1238 252 qum
1249 217 1322 245 sicut
1338 218 1413 254 virga
1426 220 1585 255 percutiunt
1603 221 1690 255 illu.n,
1710 228 1738 250 et
1756 223 1790 250 :iil

154 269 209 295 γοι,
225 262 271 287 καὶ
284 261 308 287 οί
324 260 393 295 πρὸς
406 261 435 287 τὸ
449 260 507 287 δέον
521 260 675 294 ἐνάγοντες,
693 259 789 295 πόρρω
801 261 847 286 ἀπ’
864 260 947 287 αὐτοῦ

154 306 367 339 ἀπελαύνονται,
399 306 438 342 μὴ
464 305 689 342 παραδεχομένου
708 306 873 342 τοπαράπαν
901 308 949 334 αὺ-

154 354 230 386 τοὺς,
246 353 292 380 διὰ
307 354 338 381 τὸ
352 354 400 390 τὴν
420 353 540 381 διάνοιαν
559 353 642 380 αὑτοῦ
654 352 794 388 ἐπιμελῶς
806 354 947 388 ἐγκεῖσθαι

154 401 211 431 τοῖς
226 401 367 436 πονηροῖς.

191 449 239 478 ις’.
270 445 301 472 '0
322 446 525 480 συκοφαντῶν
544 445 670 480 πένητα,
694 446 796 474 πολλὰ
815 446 896 473 ποιεῖ
910 446 947 474 τὰ

153 488 265 515 ἑαυτοῦ
279 488 368 517 κακά.
389 489 419 516 ’0
434 489 540 522 ψευδῶς
553 489 641 524 λέγων
653 491 726 519 κατά
741 500 812 524 τινος
827 491 946 527 πενομέ-

154 543 210 567 νου,
225 534 276 570 τὴν
293 535 343 570 μὲν
357 535 455 562 ἑαυτοῦ
470 536 570 563 κακίαν
585 536 662 570 αὔξει
676 538 723 564 ἐπὶ
739 537 817 565 πολύ.

187 580 295 606 Δίδωσι
310 580 345 607 δὲ
364 582 504 615 πλουσίῳ
517 581 564 608 ἐπ’
581 582 742 611 ἐλάσσονι,
754 584 813 611 Ἐπ’
834 585 945 613 ἔλαττον

154 625 183 652 δὲ
198 625 247 661 τὴν
261 625 307 653 τοῦ
327 626 469 659 πλουσίου,
486 628 556 663 πρὸς
569 628 599 655 ὃν
614 631 730 656 κατεῖπε
747 630 796 657 τοῦ
808 631 943 667 πένητοςο

152 672 194 698 ὅτι
211 672 293 704 αὐτὸς
305 673 353 699 καὶ
368 673 419 708 τῆς
433 673 530 700 τούτου
544 674 650 710 βλάϐης
667 676 753 708 alato;
774 677 889 711 γίνεται.

190 717 233 749 ιζ’.
254 719 361 753 Λόγοις
378 719 483 754 σοφῶν
497 720 652 755 παράϐαλε
668 722 728 749 σὸν
742 721 807 756 οὖς.
823 724 890 756 Ταῖς
906 724 945 751 δι-

151 763 311 796 δασκαλίαις
325 765 379 792 τῶν
400 766 473 792 θείου
490 766 570 801 λόγου
603 768 816 804 μετειληφότων,
841 771 888 796 καὶ
909 771 943 797 τὰ

153 808 214 836 θεῖα
225 809 513 844 φρονούντων,ὑπόθες
526 811 575 847 τὴν
594 813 643 848 σὴν
661 813 759 848 ἀκοὴν,
778 814 943 850 ὲτεροδόξοις

151 854 220 886 ὅλως
240 855 279 890 μὴ
294 855 451 884 ὑπακούων.

999 269 1031 288 ea
1053 270 1115 296 quae
1140 263 1233 291 facere
1258 268 1368 299 oportet
1382 265 1529 300 inducunt,
1548 267 1628 303 longe
1643 268 1679 295 ab
1696 277 1728 296 co
1741 277 1790 297 ex-

999 307 1149 342 pelluntur.
1168 308 1231 336 lliec
1242 311 1357 338 omnino
1369 312 1470 347 rejicit,
1498 314 1564 349 quia
1583 314 1673 343 omnis
1684 316 1788 350 cogita-

999 354 1037 379 t'io
1054 353 1115 387 ejus
1127 353 1160 381 ad
1176 354 1279 382 malum
1299 355 1416 384 intenta.

1034 440 1117 470 VERS.
1131 442 1175 469 16.
1189 442 1241 477 Qui
1253 444 1437 473 calumniatur
1450 454 1589 482 pauperem
1615 449 1700 475 multa
1720 449 1787 484 facit

996 495 1046 514 sua
1062 488 1145 516 mala.
1163 488 1216 522 Qui
1243 491 1415 520 mendaciter
1447 493 1481 520 de
1513 501 1634 529 paupere
1651 497 1784 530 loquitur,

997 534 1112 561 multum
1125 543 1203 563 suam
1216 542 1297 572 auget
1313 538 1456 566 malitiam.

1030 579 1112 607 Dabit
1136 581 1191 616 ipse
1218 582 1323 616 ditiori,
1348 589 1373 611 et
1389 585 1485 620 egebit.
1514 586 1554 614 Ad
1572 587 1663 615 minus
1691 593 1782 617 autein

996 632 1077 661 auget
1090 627 1159 654 mala
1180 628 1277 656 divitis
1293 631 1364 665 apud
1395 639 1476 665 quem
1509 633 1692 661 calumniatur
1716 643 1785 670 pau—

995 679 1105 706 pcrem;
1121 674 1185 708 quia
1200 676 1257 708 ipsc
1271 675 1330 709 ejus
1347 676 1440 703 ilainni
1459 678 1488 704 lit
1503 685 1598 706 causa.

1034 718 1170 747 VER5.17.
1189 720 1361 749 Sermonibus
1381 723 1540 756 sapientium
1565 725 1665 752 inclina
1692 735 1783 754 aurem

995 768 1078 791 tuum.
1095 764 1234 793 Doctrinis
1245 774 1339 794 eorum
1355 769 1401 803 qui
1419 768 1504 796 divini
1536 769 1617 798 Verbi
1636 773 1783 807 participes

995 810 1074 842 liunt,
1098 816 1126 838 et
1150 811 1242 839 divina
1269 814 1402 847 sentiunt,
1419 815 1535 844 admove
1566 824 1659 843 aurem
1694 822 1780 851 tuam,

994 856 1101 883 caeteris
1117 861 1207 884 autem
1225 866 1259 886 ne
1273 866 1380 893 pareas.

186 901 240 927 Kal
260 900 352 928 ἄκουε
369 901 449 936 ἐμῶν
462 902 571 937 λόγων.
589 904 745 932 Romae“
767 905 852 941 αὐτῆς
873 906 937 942 ἐμοῦ

1033 901 1065 928 Ει
1078 902 1140 929 audi
1150 911 1220 931 meos
1232 913 1375 933 sermones.
1392 907 1426 934 Et
1436 907 1535 936 exinde
1547 909 1691 944 sapientiae
1707 917 1782 938 meos

150 947 200 981 τῆς
219 946 316 981 σοφίας
328 947 457 980 ἐνωτίζου
473 949 538 980 τοὺς
551 949 661 984 λόγους·
676 950 720 978 διὰ
736 951 827 987 μέσων
841 952 895 979 τῶν
907 953 942 979 τὰ

151 992 204 1027 ἐμὰ
219 993 406 1027 μεμυημένων
423 995 572 1030 μυστήρια.

188 1038 247 1072 Τὴν
264 1038 299 1065 δὲ
313 1038 373 1073 σ-ὴν
389 1040 517 1074 καρδίαν
532 1041 713 1076 ἐπίστησον,
725 1043 776 1070 ἵνα
795 1043 873 1079 γνῷς
895 1044 941 1071 ὅτι

150 1084 239 1110 καλοί
254 1085 325 1111 είσι.
341 1085 419 1112 Κατὰ
439 1085 468 1112 δὲ
487 1085 536 1122 τὴν
551 1086 672 1114 διάνοιάν
688 1096 735 1115 σου
755 1089 886 1125 πρόσχες,
902 1089 940 1122 ὡς

148 1129 182 1157 ἂν
196 1130 355 1167 καταλάϐῃς
370 1131 412 1158 ὅτι
424 1131 494 1158 εἰσὶν
512 1132 621 1167 ἀγαθοί.

186 1179 233 1212 ιη’.
255 1176 308 1203 Καὶ
332 1177 387 1204 ἐὰν
403 1177 537 1212 ἐμϐάλῃς
554 1179 652 1214 αὐτὴν
673 1180 718 1213 είς
737 1180 795 1215 τὴν
814 1181 940 1215 καρδίαν

148 1229 218 1254 σου,
235 1222 424 1256 εὐφρανοῦσι
440 1231 477 1250 σε
497 1223 559 1259 ἅμα
574 1225 623 1252 ἐπὶ
641 1226 709 1259 σοῖς
723 1227 870 1261 χείλεσιν.
885 1228 939 1254 Καὶ

148 1268 197 1294 ἐὰν
213 1268 364 1304 είσαγάγῃς
376 1268 489 1300 τούτους
504 1270 545 1301 εἰς
560 1270 610 1306 τὴν
624 1271 715 1307 ψυχήν
730 1281 794 1304 σου,
809 1274 940 1309 γενήσον-

147 1314 193 1340 ταί
206 1322 254 1341 σου
265 1315 353 1349 χαρᾶς
371 1317 561 1352 πνευματικῆς
582 1318 707 1353 πρόξενοι
719 1326 727 1334 ”
752 1319 811 1354 ἃμα
827 1321 860 1355 τῇ
877 1321 938 1347 δια-

147 1360 208 1396 νοίᾳ
222 1369 268 1387 σου
284 1361 370 1387 ὲνίοτε
385 1363 598 1397 περιφερόμενοι
609 1364 723 1396 καὶτοῖς
738 1365 856 1399 χείλεσιν
866 1373 873 1380 ·
883 1366 938 1392 εἴτε

147 1406 214 1434 Θεὸν
228 1407 272 1434 διὰ
286 1407 388 1434 τούτων
401 1408 614 1443 ὑμνολογοῦντός
629 1417 687 1444 σου,
711 1410 760 1437 εἴτ’
776 1410 938 1446 ἀνθρώπους

146 1452 322 1485 διδάσκοντος
336 1454 370 1480 τὰ
385 1454 557 1482 συνοίσοντα.
722 1460 725 1464 ”

184 1499 228 1526 ιθ’.
253 1500 320 1526 Ἵνα
343 1507 402 1527 σου
426 1499 547 1534 γένηται
574 1500 625 1527 ἐπὶ
651 1501 764 1535 Κύριον
786 1502 805 1536 ἡ
838 1502 935 1536 ἐλπίς.

147 1544 243 1576 Ὅπως
257 1544 367 1582 ὑπάρξῃ
385 1553 432 1571 σου
444 1546 518 1572 πᾶσα
528 1546 545 1581 ὴ
560 1545 638 1577 ἐλπὶς
652 1546 699 1573 ἐπὶ
712 1548 758 1573 τὸν
769 1547 816 1574 τοῦ
836 1549 937 1580 παντὸς

146 1591 286 1626 Δεσπότην
305 1590 382 1625 Θεὸν,
401 1591 471 1626 μόνα
488 1592 652 1627 φρονοῦντος
665 1592 714 1620 καὶ
734 1592 879 1626 λαλοῦντος
903 1595 936 1622 τὰ

147 1636 218 1663 θεῖα.

181 1682 238 1709 Καὶ
262 1681 396 1717 γνωρίσῃ
415 1690 465 1709 σοι
481 1681 535 1716 τὰς
554 1683 644 1716 ὀδοὺς
663 1684 767 1712 αὐτοῦ.
795 1685 850 1712 Καὶ
864 1693 936 1719 γνω-

147 1729 212 1760 στάς
226 1736 267 1755 σοι
281 1725 358 1760 οὗτος
371 1728 472 1765 ποιήσῃ
488 1729 538 1760 τὰς
552 1730 592 1761 είς
616 1729 698 1756 αὐτὸν
713 1730 849 1766 φερούσας
865 1732 937 1759 κατὰ

146 1774 249 1808 γνῶσιν
269 1774 316 1800 καὶ
329 1773 429 1809 ἀρετὴν
448 1773 577 1809 πορείαςο
598 1774 688 1811 πέρας
702 1775 861 1812 ὑπάρχοντα
881 1776 936 1803 τῶν

148 1820 198 1855 μὲν
215 1820 355 1854 γνωστῶν,
382 1819 421 1851 ὡς
440 1819 587 1856 ἀλήθειαν·
604 1821 660 1848 τῶν
676 1821 705 1848 δὲ
728 1822 877 1858 πρακτῶν,
898 1822 936 1855 ὡς

145 1865 259 1900 ἀγαθόν.

180 1913 214 1938 κ’.
233 1911 287 1939 Καὶ
301 1911 342 1938 σὺ
353 1911 388 1938 δὲ
400 1911 571 1948 ἀπόγραψαι
582 1911 676 1946 αὑτὰς
684 1912 781 1947 ἐαυτῷ
791 1915 934 1949 τρισσῶς.

145 1957 200 1983 Καὶ
221 1957 302 1989 αὐτὸς
323 1957 352 1984 δὲ
372 1957 531 1985 ὲντύπωσον
546 1958 609 1990 τοὺς
627 1959 766 1992 τοιούτους
782 1960 880 1996 λόγους
906 1964 936 1989 ὲν

145 2003 255 2039 σεαυτῷ
268 2003 426 2038 τριαδικῶς,
441 2004 513 2031 κατὰ
527 2004 557 2030 τὸ
569 2005 619 2040 τῆς
630 2005 721 2041 ψυχῆς
736 2015 783 2034 σου
801 2007 916 2044 μέγεθος
927 2018 933 2025 ”

145 2048 355 2085 ὑφαπλούμενον
366 2050 406 2081 εἵς
417 2058 447 2077 τε
460 2050 509 2086 τὴν
524 2051 585 2078 κατ’
600 2051 729 2088 αἴσθησιν
743 2055 790 2081 καὶ
805 2054 854 2090 τὴν
864 2056 936 2082 κατὰ

143 2095 266 2122 διάνοιαν
294 2096 342 2123 καὶ
357 2097 407 2131 τὴν
418 2097 490 2124 κατὰ
504 2097 566 2124 νοῦν
585 2097 703 2134 θεωρίαν
713 2108 719 2115 ·
731 2100 769 2133 ὡς
783 2102 832 2137 τῆς
847 2101 936 2138 ψυχῆς

146 2142 307 2178 ἱστορούσης
323 2143 372 2178 μὲν
384 2143 447 2170 κατ’
461 2144 589 2180 αἴσθησιν
602 2145 634 2172 τὸ
647 2145 702 2174 τῶν
721 2148 875 2184 εἰρημένων
889 2149 934 2176 λό-

145 2197 201 2223 γων
216 2189 298 2224 ῥητὸν
312 2189 343 2215 τὸ
368 2189 519 2225 δυνάμενον
535 2191 640 2224 πάντας
659 2193 822 2229 οἰκοδομεῖν,
841 2194 886 2221 διὰ
904 2195 934 2221 τὺ

145 2235 195 2269 τῆς
204 2235 309 2266 ἐννοίας
320 2234 403 2262 αὑτοῦ
416 2236 628 2271 προχειρότατον
637 2245 643 2253 ·
665 2238 802 2275 ἐχομένης
817 2239 845 2266 δὲ
862 2240 934 2267 κατὰ

143 2281 264 2308 διάνοιαν
276 2282 326 2317 τῆς
342 2281 397 2308 τῶν
418 2282 548 2310 τοιούτων
567 2283 654 2318 λόγων
669 2285 848 2320 ἀναγωγικῆς
864 2287 933 2314 θεω-

145 2327 220 2363 ρίας·
249 2328 300 2363 τῆς
315 2327 429 2360 πολλοὺς
446 2329 505 2355 ἀλλ’
521 2329 551 2355 οὺ
566 2331 672 2362 πάντας
687 2331 731 2358 διὰ
749 2333 780 2358 τὸ
800 2332 935 2359 ἐπαναϐε-

144 2373 228 2409 ϐηκὸς
245 2372 367 2408 βελτιοῦν
388 2373 554 2410 δυναμένης,
578 2375 626 2401 καὶ
638 2375 829 2412 ἀναφερούσης
850 2378 933 2405 αὑτοῦ

143 2419 207 2450 τοὺς
222 2419 272 2454 τῆς
288 2419 385 2453 σοφίας
403 2419 500 2454 λόγους
513 2421 553 2452 είς
567 2420 707 2456 θεολογίαν
719 2423 788 2450 κατὰ
800 2423 872 2457 νοῦν,
885 2424 934 2460 τὴν

143 2463 244 2498 ὀλίγοις
262 2465 333 2490 τισὶν
354 2462 438 2492 οὖσαν
454 2466 600 2502 χωρητὴν,
619 2467 667 2494 καὶ
693 2468 800 2503 μεγάλα
822 2469 935 2502 τούτους

144 2509 260 2543 ὠφελεῖν
274 2509 445 2545 δυναμένην
468 2512 515 2538 καὶ
539 2513 600 2548 οὐχ).
614 2514 670 2545 τοῖς
694 2513 816 2541 πλείοσιν
839 2515 856 2550 ἢ
878 2517 934 2547 τοῖς

145 2556 224 2588 πᾶσι,
237 2554 281 2582 διὰ
295 2554 327 2581 τὸ
343 2555 586 2593 ὑπεραναβεὸηκὸς
606 2559 692 2595 αὐτῆς
711 2560 759 2587 καὶ
775 2561 934 2596 κρυφιώτα-

144 2610 201 2629 τον.

182 2646 233 2680 Εἰς
243 2647 368 2681 ,ϐουλὴν
381 2647 430 2674 καὶ
447 2646 561 2682 γνῶσιν
575 2648 624 2676 ἐπὶ
636 2649 669 2677 τὸ
682 2650 797 2683 πλάτος
809 2651 934 2686 καρδίας

144 2701 214 2720 σου.
230 2693 309 2720 οὕτω
319 2693 349 2720 δὲ
363 2693 476 2725 τούτους
492 2695 525 2729 τῇ
541 2694 614 2730 ψυχῇ
627 2703 674 2721 σου
691 2696 853 2732 ὲγχάραξον,
867 2698 935 2733 πρὸς

144 2737 281 2773 διάκρισῐν
293 2747 324 2765 τε
338 2738 393 2765 τῶν
410 2738 550 2774 πρακτῶν,
566 2740 613 2765 καί
631 2740 785 2776 κατάληψιν
797 2743 851 2768 τῶν
866 2743 933 2770 θεω-

145 2784 237 2819 ρητῶν
247 2793 255 2801 ·
272 2785 360 2821 τούτῳ
377 2785 431 2821 γὰρ
440 2785 478 2820 τῷ
496 2786 601 2820 τρόπῳ,
617 2785 647 2812 τὸ
666 2785 751 2819 ὅντως
762 2787 865 2821 ἀγαθὸν
880 2789 935 2815 ἀπὸ

144 2829 192 2857 τοῦ
207 2831 384 2866 νομιζομένου
408 2831 570 2868 διακρινεῑς·
590 2832 636 2860 καὶ
653 2831 745 2868 γνώσῃ
767 2833 801 2860 τὰ
817 2834 880 2861 ὄντα
896 2835 934 2867 ὡς

145 2875 236 2912 ἔχουσι
247 2876 365 2912 φύσεως.

993 947 1108 975 auribus
1118 949 1228 983 percipe
1245 957 1411 978 sermones:
1433 951 1460 979 in
1494 954 1586 981 medio
1616 961 1712 982 eorum
1735 955 1781 991 qui

992 993 1061 1020 meis
1075 993 1175 1021 initiati
1191 1000 1255 1022 sunt
1268 997 1419 1031 mysteriis.

1026 1038 1060 1065 EI
1072 1047 1118 1066 cor
1131 1045 1205 1067 tuum
1220 1041 1311 1075 ﬁrma,
1328 1048 1357 1070 ut
1375 1052 1518 1080 cognoscas
1545 1048 1607 1080 quia
1630 1045 1692 1073 boni
1707 1052 1779 1074 sunt.

992 1083 1039 1112 llis
1052 1091 1144 1114 autem
1161 1089 1268 1122 applica
1283 1094 1401 1118 mentem
1420 1095 1449 1119 ut
1460 1093 1600 1128 intelligas
1616 1093 1681 1128 quia
1715 1094 1780 1121 botti

991 1137 1066 1158 sunt.

1027 1177 1111 1206 VERS.
1126 1180 1170 1207 18.
1188 1180 1254 1208 Etsi
1268 1182 1410 1210 immiseris
1422 1192 1465 1211 eos
1481 1185 1509 1211 in
1524 1193 1569 1212 cor
1584 1179 1669 1218 tiiitm,
1693 1185 1780 1221 aedi/i-

990 1225 1087 1252 cabuttt
1102 1231 1125 1253 le
1141 1227 1222 1253 sintut
1241 1228 1269 1254 iit
1285 1229 1336 1255 litis
1349 1230 1438 1256 labiis.
1455 1230 1487 1256 Et.
1515 1232 1538 1257 si
1552 1239 1598 1258 eos
1613 1232 1640 1258 iii
1660 1233 1780 1259 aniiiiaiii

990 1275 1064 1298 tuam
1093 1273 1246 1305 induxeris.
1277 1275 1324 1302 tibi
1351 1276 1451 1303 laetitiae
1466 1277 1619 1311 spiritiialis
1652 1283 1779 1305 auctores

989 1323 1084 1351 erunt;
1105 1327 1120 1346 e
1136 1325 1224 1347 mente
1235 1322 1317 1348 simul
1333 1322 1480 1357 aliquando
1514 1323 1594 1351 labiis
1609 1325 1690 1351 etiam
1717 1333 1780 1359 pro-

990 1366 1126 1398 l'ei'utitiir,
1145 1367 1202 1393 sive
1223 1367 1306 1394 Duitnt
1322 1376 1369 1402 per
1382 1376 1430 1396 eos
1455 1369 1560 1402 laudes,
1574 1369 1631 1397 sive
1654 1372 1779 1398 homines

989 1413 1056 1448 ipsis
1068 1415 1211 1448 profutura
1225 1415 1335 1443 doceas.

1027 1501 1108 1529 Vatis.
1135 1502 1176 1530 19.
1209 1502 1242 1530 Ut
1260 1509 1306 1531 tua
1324 1505 1374 1539 ﬁat
1389 1513 1468 1539 super
1492 1505 1636 1533 Demittunt
1646 1515 1715 1541 spes.
1743 1506 1780 1534 Ut

989 1550 1080 1576 omnis
1091 1550 1126 1576 sit
1138 1555 1184 1576 tua
1201 1558 1263 1584 Spes
1282 1552 1308 1577 iii
1323 1551 1405 1578 Dettni
1418 1551 1609 1579 universorum
1620 1554 1778 1586 Dominum,

988 1593 1052 1619 diiiii
1067 1593 1158 1621 divina
1176 1599 1281 1621 tantum
1295 1596 1400 1630 cogitas
1416 1601 1443 1623 et
1468 1597 1602 1631 loqueris.

1025 1684 1058 1711 Et
1071 1689 1150 1712 notas
1168 1685 1216 1712 tibi
1233 1685 1316 1713 faciat
1331 1686 1387 1714 vias
1405 1691 1476 1714 tuas.
1496 1686 1529 1714 Et
1540 1692 1619 1715 notas
1635 1688 1683 1715 tibi
1697 1688 1775 1717 faciet

988 1731 1110 1759 scientiae
1136 1740 1169 1759 ac
1195 1734 1305 1761 virtutis
1333 1735 1392 1760 vias
1422 1741 1483 1769 quin
1507 1733 1541 1761 ad
1573 1742 1636 1762 eum
1661 1736 1771 1763 ducunt.

988 1779 1088 1813 quippe
1100 1779 1145 1813 qiii
1156 1779 1263 1807 exsistit
1273 1787 1373 1816 scapus
1388 1781 1415 1808 in
1432 1782 1637 1816 cognoscendis,
1646 1783 1711 1817 quia
1729 1791 1766 1810 vu-

987 1833 1045 1857 rus,
1057 1826 1171 1861 agendis
1183 1832 1287 1861 autem,
1298 1828 1361 1863 quia
1375 1828 1473 1855 bonus.

1023 1913 1108 1942 Vitas.
1140 1915 1186 1942 20.
1215 1915 1249 1943 Et
1271 1921 1298 1944 tu
1310 1917 1429 1946 describe
1450 1928 1494 1947 eos
1510 1921 1720 1957 tibitri'pliciter.
1735 1924 1776 1952 Tu

987 1963 1078 1988 autem
1092 1961 1258 1997 tibimetipsi
1274 1963 1403 1998 imprime
1419 1965 1470 1993 hos
1499 1975 1643 1996 sermones
1673 1970 1774 2005 triplici

988 2007 1079 2040 modo,
1096 2008 1247 2035 secundum
1266 2009 1364 2037 animae
1377 2015 1430 2038 tuae
1450 2014 1650 2048 extensionem,
1677 2023 1776 2043 secuit-

987 2052 1053 2079 dum
1069 2053 1186 2086 scilicet,
1199 2054 1296 2081 anima:
1319 2056 1536 2090 speculationem
1552 2060 1706 2087 sensibilein
1717 2062 1776 2096 spi-

987 2099 1094 2126 ritalem
1117 2103 1145 2126 et
1165 2100 1389 2128 intellectualem.
1414 2103 1514 2130 Anima
1542 2113 1591 2139 per
1611 2107 1770 2135 sensibilein

986 2144 1199 2179 speculationem
1209 2146 1324 2181 inquirit
1333 2147 1470 2175 dictorum
1479 2150 1625 2178 verborum
1637 2153 1777 2187 signiﬁca-

987 2187 1101 2220 tionem,
1124 2195 1196 2222 quaa,
1225 2192 1320 2223 utpote
1338 2190 1479 2218 intellectu
1498 2191 1641 2227 facillima,
1659 2201 1776 2223 cunctos

987 2232 1125 2260 mililicare
1140 2237 1240 2269 potest.
1252 2234 1303 2262 Per
1331 2238 1592 2271 contemplationem
1608 2246 1699 2268 autem
1719 2242 1775 2277 spi-

987 2279 1112 2305 ritualein
1139 2280 1283 2307 verborum
1309 2283 1402 2309 sensui
1424 2284 1542 2318 mystico
1566 2285 1695 2319 adhaeret,
1726 2289 1774 2323 qui

986 2324 1117 2358 quoniam
1128 2325 1209 2352 altior
1222 2330 1274 2358 est,
1294 2327 1395 2355 multos
1411 2329 1459 2356 sed
1476 2337 1529 2357 non
1539 2338 1636 2359 omnes
1645 2332 1775 2361 meliores

986 2371 1100 2398 reddere
1117 2376 1222 2406 potest;
1238 2372 1395 2402 intellectus
1419 2375 1529 2403 tandem
1558 2378 1699 2412 sapieiitiie
1714 2387 1773 2408 ser-

985 2424 1082 2444 mones
1098 2417 1130 2444 ad
1148 2417 1312 2453 theologiam
1322 2419 1406 2447 refert
1421 2430 1482 2457 qua:
1495 2424 1589 2458 paucis
1603 2425 1768 2459 quibusdam

987 2470 1110 2496 accessa,
1129 2473 1255 2500 magnam
1269 2467 1309 2494 eis
1328 2469 1467 2497 utiliatem
1485 2470 1584 2499 alTerre
1593 2473 1775 2509 valet,ni-qiie

986 2515 1050 2534 vero
1066 2509 1193 2542 pluribus
1210 2515 1258 2538 aut
1272 2513 1392 2547 cunctis,
1404 2514 1469 2549 quia
1483 2516 1619 2544 altissitna
1639 2523 1666 2546 et
1680 2520 1775 2547 occul-

986 2554 1093 2582 tissima
1107 2561 1158 2583 est.

1023 2654 1056 2682 lu
1074 2657 1187 2683 consilio
1202 2662 1227 2684 et
1241 2658 1352 2686 scientia
1379 2668 1458 2693 super
1488 2661 1657 2690 latitudinem
1687 2667 1774 2694 cordis

987 2699 1037 2725 tui.
1050 2698 1095 2726 Sic
1107 2705 1197 2728 autem
1210 2702 1260 2728 hos
1274 2711 1419 2733 sermones
1427 2706 1525 2733 animae
1538 2711 1591 2735 tua:
1603 2708 1728 2743 insculpe
1741 2711 1776 2738 ad

987 2745 1182 2774 discretionem
1206 2750 1377 2784 agendorum
1407 2758 1436 2779 et
1450 2753 1484 2780 ad
1507 2756 1712 2789 perceptionem
1729 2765 1777 2784 co-

985 2793 1219 2827 gnoscendorum.
1246 2796 1354 2823 Etenim
1370 2797 1422 2825 hoc
1439 2799 1522 2826 modo
1552 2809 1646 2828 verum
1672 2803 1774 2830 bonum

986 2839 1020 2865 ab
1035 2846 1068 2866 eo
1087 2839 1161 2874 quod
1177 2845 1290 2874 putatur
1304 2842 1405 2870 bonum
1420 2844 1574 2880 discernes,
1592 2855 1688 2883 resque
1700 2849 1773 2876 cxsi~

987 2888 1091 2912 stenles
1103 2889 1132 2912 ut
1150 2893 1214 2914 vere
1225 2892 1288 2915 Slllli
1307 2896 1470 2924 cognosces.
