2072 3161
279 163 346 197 liii

319 220 400 248 tiens.
422 217 468 244 ‘Zl.
498 216 583 243 Doceo
609 215 690 250 igitur
712 219 735 240 te
762 221 821 240 vero
848 212 963 240 sermoni
993 216 1017 238 et
1035 218 1076 237 ve-

279 277 317 296 rre
341 266 459 295 scientiae
489 263 613 293 obedire,
652 266 680 288 ut
706 268 816 295 reportas
843 267 977 287 sermones
1006 258 1074 285 veri-

281 316 344 342 tatis
359 314 399 340 his
412 312 458 347 qui
472 314 623 346 proponunt
634 309 691 335 tibi.
705 307 794 334 Docco
821 307 906 341 igitur
917 310 943 332 te
951 305 1074 332 divinum

281 358 406 386 veritatis
422 362 589 386 sermonem,
607 353 747 388 huiusque
763 353 790 378 iu
807 351 913 386 Spiritu
932 350 1075 377 scientiam

282 403 397 430 auribus
419 401 502 429 simul
524 404 552 427 et
573 403 665 426 tuente
681 398 823 433 percipere
848 403 880 423 ac
892 396 1019 427 discere;
1045 397 1076 421 ut

282 455 354 476 verte
386 447 442 474 sint
457 451 512 474 tute
539 445 572 472 ad
604 444 807 477 interrogantes
822 446 848 468 te
872 441 1075 475 responsiones.

282 494 341 522 Nisi
362 493 435 521 enim
447 499 538 519 veram
556 489 687 518 habueris
705 489 871 518 doctrinam,
887 494 969 514 verax
989 486 1074 520 magi-

282 545 341 569 ster
357 539 415 567 ﬁeri
436 546 489 565 non
505 537 619 572 poteris.

315 586 399 614 Vsus.
421 584 468 617 22,
494 584 538 610 25.
570 582 632 610 Non
658 581 744 616 facias
774 580 928 607 violentiam
956 577 1077 613 pauperi,

281 634 344 669 quia
353 639 451 667 pauper
464 634 513 663 est,
526 637 608 664 neque
619 627 760 655 inhonores
772 626 933 653 imbecillum
943 625 970 652 in
982 626 1076 659 portis.

282 679 412 705 Dominus
424 676 492 703 enim
503 673 636 710 iudicabit
650 671 863 708 ejusJudicium,
878 675 903 698 et
917 678 990 697 eruet
1006 673 1078 696 luam

283 724 401 750 animant
418 727 512 749 tutam.
533 719 572 747 Ne
593 721 690 753 exigas
707 719 742 744 alt
758 725 791 744 eo
812 717 859 752 qui
877 716 980 743 divitiis
997 716 1080 750 spiri-

283 770 366 797 tualis
376 768 498 797 scientiae
507 770 582 794 caret
590 769 616 793 et
625 769 730 791 tantum
741 768 817 790 vacat
829 763 916 790 ﬂexus
930 762 1078 789 verborum

284 822 481 849 sermonesque
494 815 521 840 in
540 819 632 839 aerem
650 811 789 838 incassum
807 809 921 836 l'undcre
933 828 941 841 ,
958 812 989 835 ut
1006 808 1081 835 solu-

285 863 374 889 tiones
404 861 453 887 tibi
479 860 524 887 det
563 864 739 885 arcanorum.
769 855 850 883 Caret
879 854 952 882 enim
980 853 1079 880 horum

284 906 410 934 scientia.
427 905 460 932 Et
481 913 515 932 ne
527 902 707 931 calumnieris
723 901 892 928 imbecillum
910 899 944 926 ad
957 899 1081 926 actiones

284 960 345 987 quae
356 952 389 979 ad
404 951 548 979 scientiam
561 949 713 981 deducunt,
728 946 866 975 censendo
881 954 955 973 cum.
973 944 1081 972 Judicio

283 998 357 1024 enim
372 997 481 1024 Domini
502 995 576 1023 stetit
606 994 648 1021 vel
671 992 770 1025 cadit;
794 991 911 1018 Domino
945 991 1080 1018 rationem

285 1043 391 1070 reddet.
410 1041 451 1069 Tu
479 1046 571 1069 autem
599 1039 718 1067 animam
744 1043 819 1065 tuam
842 1036 963 1064 salvebis
978 1044 993 1063 a
1008 1035 1081 1071 peri-

286 1091 351 1117 culo
369 1089 482 1116 fratrem
497 1086 639 1115 censendi.

321 1166 514 1199 νηλειεῖς.
528 1165 657 1192 Noliesse
664 1164 766 1190 amicus
779 1163 835 1189 viro
852 1161 992 1192 iracundo,
1003 1167 1083 1195 neque

286 1223 346 1242 cum
358 1214 444 1241 antica
460 1212 591 1240 iracundo
605 1210 758 1241 coltabitcs;
781 1217 812 1235 ne
830 1208 899 1242 forte
921 1202 1009 1233 discas
1024 1207 1082 1233 vias

286 1261 345 1296 ejus
363 1264 387 1287 et
403 1259 520 1292 accipias
533 1257 639 1292 laqueos
656 1257 752 1282 anima
765 1259 826 1282 tum.
843 1253 902 1280 Noli
923 1261 986 1281 esse
1000 1254 1082 1280 soda-

288 1307 322 1333 lis
339 1304 442 1332 homini
463 1303 508 1338 qui
525 1306 600 1330 amat
622 1309 652 1329 se
670 1299 826 1328 molestanti
849 1299 937 1326 vicem
954 1298 1082 1330 reddere;

288 1360 375 1387 neque
389 1351 475 1378 amice
485 1348 658 1376 converseris
670 1355 732 1375 cum
751 1347 885 1374 ulciseute
895 1353 958 1372 eum
983 1345 1029 1380 qui
1045 1344 1083 1371 illi

287 1397 398 1433 aliquod
414 1397 544 1423 dantuutn
562 1394 672 1426 intulit;
689 1401 725 1420 ne
752 1393 822 1420 forte
844 1391 921 1426 quasi
939 1390 1082 1425 cujusdam

288 1451 368 1472 noxae
393 1442 548 1470 studiorum
564 1441 625 1475 ejus
645 1439 785 1475 particeps
804 1437 947 1470 cruciaris,
975 1441 1003 1464 et
1021 1436 1084 1463 vin-

288 1491 360 1519 culis
388 1492 564 1525 peccatorum
581 1487 700 1514 animam
720 1489 795 1512 tuam
811 1484 916 1519 alliges.

326 1591 463 1619 Vzas.26.
480 1589 521 1617 Ne
535 1589 641 1616 dederis
659 1587 825 1622 temetipsum
835 1586 862 1612 in
874 1584 1083 1620 ﬁdeijussionem

289 1639 415 1667 reveritus
432 1637 537 1671 facient.
557 1635 596 1663 Ne
614 1635 733 1670 teipsum
749 1633 858 1661 dimitte
872 1640 934 1660 cum
949 1639 1034 1659 carne
1051 1633 1084 1658 ad

289 1685 458 1719 voluptatem
479 1682 506 1708 in
524 1681 667 1717 presenti,
689 1686 778 1714 neque
803 1678 831 1705 in
847 1678 920 1705 diem
946 1681 1084 1712 posteram

289 1731 435 1766 promittas
461 1728 537 1756 illam
566 1728 633 1755 dare
659 1727 783 1754 debitum
810 1725 920 1752 virtutis
949 1733 956 1751 :
983 1724 1086 1759 pudore

291 1775 392 1803 deinde
407 1773 521 1801 allectus
540 1780 588 1808 per
604 1771 743 1798 rationem
758 1769 857 1805 agendi
872 1776 933 1803 quae
948 1769 1085 1796 occultam

292 1823 390 1849 animae
411 1825 466 1848 tuae
481 1818 696 1854 dispositionem
713 1817 793 1852 quasi
810 1816 837 1843 in
854 1815 945 1843 fronte
965 1814 1083 1842 notabit.

327 1913 413 1940 Vens.
430 1910 478 1938 27.
494 1909 523 1937 Si
544 1909 614 1936 enim
627 1916 679 1935 non
694 1907 818 1934 habueris
839 1905 909 1933 unde
921 1906 1020 1937 solvas,
1037 1906 1086 1932 tol-

293 1961 345 1987 lent
360 1962 475 1985 stratum
490 1956 558 1990 quod
570 1955 618 1982 sub
636 1955 687 1981 tuis
703 1953 795 1981 costis.
808 1951 836 1980 Si
849 1953 921 1980 enitn
935 1952 1000 1979 dum
1017 1959 1087 1986 pres.

292 2011 396 2033 sentient
421 2003 494 2030 diem
520 2001 570 2029 das
595 2001 717 2032 diabolo,
740 1999 947 2033 crastinamque
971 1997 1088 2024 Domino

291 2051 441 2087 promittis,
467 2047 657 2084 deprehendat
681 2052 708 2074 te
736 2050 877 2078 senectus,
905 2052 960 2072 non
988 2044 1089 2079 poterit.

293 2106 358 2125 caro
387 2102 444 2129 tua,
471 2103 533 2123 cum
551 2099 624 2122 totas
640 2094 712 2121 vires
729 2093 757 2120 in
780 2096 894 2128 peccato
912 2090 1088 2125 impenderit,

294 2144 417 2171 debitum
431 2141 542 2169 virtutis
555 2141 680 2172 solvere;
698 2139 809 2174 exigent
824 2138 958 2166 elementa
973 2143 1089 2171 qumque

292 2197 395 2224 corpus
407 2192 484 2215 tuum
497 2186 569 2221 quod
579 2194 611 2213 ex
625 2185 680 2212 illis
693 2189 804 2212 constat
815 2191 847 2211 ac
859 2183 886 2210 in
899 2183 944 2209 illa
959 2190 1007 2217 per
1019 2189 1090 2209 mor-

294 2239 348 2262 tem
366 2235 464 2261 iterum
478 2232 627 2259 resolvitur
643 2239 650 2258 :
669 2238 718 2266 per
735 2230 808 2265 quod
822 2229 855 2255 ad
876 2229 1032 2263 voluptates
1044 2227 1088 2254 in-

293 2281 433 2308 clinantur
447 2279 545 2305 anima:
567 2277 641 2304 vires
658 2283 718 2311 quae
738 2275 811 2303 sicut
826 2281 889 2302 ossa
905 2274 1088 2301 corroborant

293 2327 358 2354 dum
392 2334 445 2353 non
478 2325 622 2352 elevantur
652 2323 686 2350 ad
716 2322 851 2349 virtutum
886 2321 1085 2356 operationem.

293 2372 400 2400 Exinde
419 2372 590 2405 relinquetur
609 2369 700 2396 anima
726 2373 772 2395 tua
794 2368 869 2396 omni
893 2367 967 2395 bono
991 2367 1087 2394 orbata

292 2427 356 2446 cum
375 2424 400 2446 et
416 2418 584 2452 voluptatem
601 2421 806 2450 tetuporancatn
823 2421 905 2449 quam
918 2413 1037 2441 habebat
1060 2414 1086 2440 in

292 2472 377 2491 carne
390 2463 525 2490 amiserit.

330 2550 465 2578 Vens.28.
477 2548 542 2577 Noli
556 2548 699 2582 transferre
710 2547 835 2574 terminos
844 2552 957 2573 (eterna;
965 2555 1029 2581 quos
1040 2554 1087 2580 pa-

292 2605 369 2624 snerc
385 2602 472 2630 patres
489 2596 537 2622 lui.
552 2595 610 2622 Noli
629 2593 779 2621 transferre
796 2598 871 2620 recta
886 2593 1008 2620 veritatis
1019 2593 1086 2628 dog-

295 2649 367 2671 mata
386 2644 447 2678 ιιιιώ
464 2642 513 2669 tibi
528 2642 701 2669 tradiderunt
717 2641 841 2669 veritatis
858 2645 1053 2676 prmceptores.

330 2730 416 2757 Vens.
428 2729 474 2757 ‘29.
498 2729 563 2756 Vere
581 2730 765 2763 perspicacem
781 2734 805 2756 et
825 2729 938 2756 velocem
953 2729 981 2756 in
1001 2730 1085 2764 operi-

295 2777 343 2804 bus
369 2777 444 2807 suis,
468 2783 527 2802 cum
551 2775 656 2809 regibus
683 2781 784 2810 oportet
807 2781 877 2802 stare
899 2779 925 2802 et
949 2783 1000 2802 non
1026 2783 1084 2802 cum

294 2820 490 2858 pigris.ViruttI
502 2820 743 2855 contemplatirum
761 2825 789 2848 et
807 2821 839 2847 ad
859 2821 994 2848 actionem
1006 2828 1085 2855 para-

294 2869 432 2896 tissimum
458 2866 563 2894 divinis
579 2870 687 2902 oportet
713 2874 808 2901 parere
825 2868 1084 2896 ratiocinatimtihus

954 156 1130 188 PROCOI’II
1148 155 1270 186 GAZAEI

1850 152 1918 184 uss

1092 213 1114 240 Α
1165 211 1218 235 κω.
1241 206 1376 233 Διδάσκω
1388 202 1444 232 οὖν
1459 213 1495 232 σε
1505 205 1604 239 ἀληθῆ
1621 206 1724 239 λόγον,
1743 206 1791 231 καὶ
1806 205 1919 239 γνῶσιν

1125 253 1245 288 ἀγαθὴν
1268 252 1452 284 ὑπακούειν,
1483 251 1537 277 τοῦ
1568 251 1783 284 ἀποκρίνεσθαι
1808 252 1920 286 λόγους

1125 299 1270 334 ἀληθείας
1295 298 1357 332 τοῖς
1376 296 1637 332 προόαλλομένοις
1658 305 1718 323 σοι.
1743 297 1867 324 Παιδεύω
1889 306 1921 324 σε

1125 345 1218 372 τοίνυν
1233 345 1280 371 τὴν
1294 345 1367 371 θεῖον
1381 346 1432 379 τῆς
1447 343 1576 378 ἀληθείας
1592 343 1682 376 λόγον,
1698 344 1745 370 καὶ
1761 343 1811 378 τὴν
1824 343 1921 369 τούτου

1127 389 1303 425 ὲνΠνεύματι
1318 389 1434 424 γνῶσιν,
1452 389 1520 415 ὠσὶν
1536 389 1595 423 ἅμα
1609 389 1656 414 καὶ
1670 388 1710 415 νοῖ
1725 388 1923 424 προσδέχεσθαι

1127 436 1174 463 καὶ
1193 436 1358 471 μανθάνειν
1374 436 1411 466 ὼς
1435 435 1467 461 ἂν
1483 432 1535 461 ὦσι
1552 433 1621 469 πρὸς
1640 435 1702 466 τοὺς
1717 434 1878 469 ἐρωτῶντας
1895 435 1924 461 αἱ

1129 482 1291 518 ἀποκρίσεις
1310 490 1358 508 σου
1384 481 1495 516 ἀληθεῖς
1505 490 1512 496 ·
1527 482 1551 507 εἰ
1569 481 1607 516 μὴ
1628 481 1684 516 γὰρ
1698 481 1782 516 τύχῃς
1794 481 1926 508 διδασκα-

1128 529 1188 559 λίας
1205 527 1333 562 ἀληθοῦς,
1351 527 1382 553 οὐ
1397 527 1503 563 γενήσῃ
1517 526 1676 557 διδάσκαλος
1691 526 1803 562 ἀληθής.

1164 575 1216 611 κβν,
1227 575 1280 610 κγ.
1293 575 1341 609 Μὴ
1352 575 1513 604 ἀποϐιάζου
1525 574 1640 608 πένητα
1650 582 1656 589 ·
1674 575 1792 609 πτωχὸς
1803 574 1859 609 γάρ
1872 575 1926 602 ἑσ-

1129 630 1185 649 τιν·
1195 621 1292 656 καὶμὴ
1302 621 1453 656 ἀτιμάσῃς
1459 620 1574 654 ἀσθενῆ
1583 621 1618 647 ἐν
1626 621 1737 653 πύλαις
1747 629 1753 635 ·
1763 622 1780 647 ὁ
1795 621 1850 655 γὰρ
1861 621 1925 647 Κύ-

1126 676 1193 702 ριος
1206 667 1304 702 κρινεῖ
1316 667 1409 693 αὑτοῦ
1421 666 1480 699 τὴν
1491 667 1602 700 κρίσιν,
1614 666 1664 693 καὶ
1672 667 1756 700 ῥύσῃ
1769 666 1832 700 σὴν
1844 666 1926 693 ἄσυ-

1129 714 1187 739 λον
1198 712 1314 746 ψυχήν.
1329 712 1375 748 Μὴ
1391 712 1503 738 ἀπαίτει
1517 711 1563 738 τὸν
1578 712 1625 738 τοῦ
1642 712 1759 738 πλούτου
1774 712 1826 746 τῆς
1840 720 1928 738 πνευ-

1133 758 1253 794 ματικῆς
1268 757 1395 792 γνώσεως
1407 758 1601 793 ἐστερημένον,
1610 758 1657 784 καὶ
1673 759 1752 794 μόνον
1764 758 1828 794 περὶ
1845 767 1930 794 στροο

1131 804 1184 838 φὰς
1209 803 1309 836 λέξεων
1331 804 1378 830 καὶ
1405 804 1503 838 λόγους
1527 805 1566 836 εἰς
1593 804 1663 839 ἀέρα
1692 805 1753 839 εικῆ
1779 804 1928 840 χεομένους

1131 850 1308 886 ἐσχολακότα,
1328 850 1484 877 ἀποδιδόναι
1501 859 1543 876 σοι
1562 849 1653 882 λύσεις
1668 851 1722 877 τῶν
1737 851 1907 886 ἀπορρήτων
1921 859 1927 865 ·

1097 885 1118 913 Β
1132 896 1223 932 ἐνδεὴς
1239 897 1294 931 γάρ
1314 897 1372 922 ἐστι
1390 896 1440 930 τῆς
1461 895 1564 922 τούτων
1583 896 1725 930 γνώσεως·
1740 885 1842 931 καὶμὴ
1864 897 1929 923 δια-

1132 942 1219 978 ϐἀλῃς
1234 942 1280 968 τὸν
1294 942 1361 978 περὶ
1380 942 1428 973 τὰς
1442 942 1512 977 πρὸς
1530 941 1647 976 θεωρίαν
1671 942 1840 976 είσαγωγοῦς
1854 942 1931 977 πρά-

1133 988 1186 1021 ξεις
1202 987 1314 1022 ἀσθενῆ,
1332 988 1506 1022 κατακρίνων
1521 988 1603 1014 αὐτόν
1613 997 1620 1004 ·
1636 987 1676 1023 τῷ
1690 987 1745 1023 γὰρ
1759 988 1817 1023 ἰδίῳ
1829 988 1929 1024 Κυρίῳ

1133 1035 1228 1069 στήκει
1248 1033 1264 1068 ἦ
1281 1033 1393 1060 πίπτει·
1415 1034 1543 1065 κάκεῖνος
1559 1033 1682 1065 ἐξετάσει
1699 1034 1735 1060 τὰ
1755 1034 1815 1061 κατ’
1826 1034 1926 1061 αὐτόν·

1133 1080 1181 1106 καὶ
1200 1079 1231 1105 σὺ
1249 1078 1344 1114 ἐξέλῃς
1362 1088 1409 1105 σου
1425 1079 1475 1114 τὴν
1497 1079 1587 1114 ψυχὴν
1601 1079 1718 1114 ἀζήμιον
1734 1079 1790 1107 ἀπὸ
1801 1079 1848 1106 τοῦ
1866 1089 1928 1106 κιν-

1133 1126 1212 1152 δύνου
1227 1125 1278 1160 τῆς
1292 1124 1340 1151 τοῦ
1356 1124 1472 1159 ἀδελφοῦ
1484 1125 1684 1161 κατακρίσεως.

1169 1171 1220 1204 κδ’,
1239 1174 1286 1198 κε’.
1308 1171 1356 1204 Μὴ
1379 1171 1442 1197 ἴσθι
1458 1171 1575 1204 ἑταῖρος
1585 1171 1672 1205 ἀνδρὶ
1688 1171 1830 1206 θυμώδει·
1845 1173 1928 1207 φίλῳ

1134 1218 1169 1245 δὲ
1190 1219 1302 1253 ὀργίλῳ
1318 1218 1362 1253 μὴ
1386 1218 1587 1248 συναυλίζου·
1610 1218 1727 1253 μήποτε
1745 1218 1844 1253 μάθῃς
1864 1219 1928 1246 τῶν

1134 1263 1223 1298 σφῶν
1233 1263 1338 1296 αὐτοῦ,
1356 1263 1492 1297 κιιὶλάϐῃ
1504 1263 1638 1298 βρόχους
1652 1263 1689 1297 τῇ
1707 1263 1750 1297 σῇ
1766 1263 1863 1298 ψυχῇ.
1881 1265 1928 1299 Μὴ

1135 1308 1181 1335 ἔσο
1197 1309 1330 1344 συνεργὸς
1351 1308 1488 1344 ἀνθρώπῳ
1508 1309 1668 1345 ὀρεγομένῳ
1681 1309 1861 1344 ἀντιλυπῆσαι
1881 1311 1928 1336 τδν

1134 1354 1229 1381 τοῦτον
1251 1354 1432 1390 λυπήσαντα“
1452 1355 1520 1390 μήτε
1544 1355 1765 1391 συναναστρέφου
1784 1355 1930 1390 προσφιλεί

1136 1401 1177 1427 σοί
1194 1409 1248 1427 τινι
1264 1400 1431 1435 ἀμυνομένῳ
1446 1400 1492 1426 τὴν
1505 1400 1577 1427 κατά
1593 1409 1620 1427 τι
1638 1399 1735 1427 τοῦτον
1749 1401 1927 1436 λυπήσαντα·

1137 1447 1174 1481 μή
1186 1455 1244 1477 πως
1256 1445 1293 1476 ὥς
1304 1454 1378 1477 τινος
1386 1444 1476 1480 λύμης
1489 1445 1629 1481 μετάσχῃς
1639 1445 1692 1472 τῶν
1703 1446 1927 1481 ἐπιτηδευμάτων

1135 1491 1229 1523 αὐτοῦ,
1246 1491 1294 1518 καὶ
1311 1491 1421 1526 δεσμοῖς
1435 1491 1642 1526 ἁμαρτημάτων
1664 1492 1865 1527 καταδεσμήσει
1881 1501 1926 1519 σου

1135 1537 1184 1573 τὴν
1200 1537 1298 1572 ψυχήν.

1170 1588 1225 1616 κς’.
1246 1586 1274 1611 Μ
1279 1584 1294 1618 ὴ
1309 1583 1394 1611 δίδου
1412 1583 1544 1611 σεαυτὸν
1563 1586 1608 1617 εις
1623 1573 1736 1620 ἐγγύηέ·
1747 1586 1929 1620 αἰσχυνόμε-

1135 1638 1188 1662 νος
1213 1630 1387 1663 πρόσωπον.
1413 1629 1459 1664 Μὴ
1489 1630 1690 1663 συγκατάθαινε
1710 1632 1743 1666 τῇ
1764 1632 1846 1667 σαρκὶ
1862 1632 1928 1666 πρὸς

1135 1676 1306 1710 ἡδυπαθείας
1321 1677 1368 1702 καὶ
1376 1675 1406 1701 τὸ
1421 1676 1520 1711 παρὸν,
1537 1676 1584 1703 καὶ
1608 1677 1648 1708 εἰς
1664 1676 1823 1713 τὴν-αὔριον
1839 1678 1928 1713 ἐγγυῶ

1136 1721 1283 1748 ἀποδοῦναι
1309 1721 1412 1756 ταύτην
1439 1722 1469 1748 τὸ
1488 1722 1569 1758 χρέος
1591 1723 1640 1757 τῆς
1662 1724 1780 1759 ἀρετῆς’
1799 1724 1928 1759 αἰσχύνῃς

1137 1767 1264 1794 ἐντεῦθεν
1294 1767 1486 1804 πληρούμενος
1516 1768 1587 1795 κατὰ
1603 1768 1649 1795 τδν
1677 1769 1756 1805 δίκην
1782 1770 1928 1805 προσώπου

1138 1813 1378 1849 χαρακτηρῑζοντα
1395 1814 1452 1849 βίον
1480 1813 1530 1850 τὴν
1545 1815 1744 1850 κεκρυμμένην
1765 1815 1816 1851 τῆς
1840 1816 1928 1851 ψυχῆς

1140 1869 1186 1887 σου
1202 1860 1335 1888 διάθεσιν.

1174 1907 1226 1939 κζ’.
1252 1907 1324 1934 Ἐὰν
1336 1906 1392 1942 γὰρ
1402 1907 1444 1942 μὴ
1456 1908 1512 1942 ἐχῃ
1521 1909 1615 1935 πόθεν
1625 1909 1768 1944 ἀποτίσῃ.
1779 1909 1929 1945 λήψονται

1138 1953 1172 1980 τὸ
1185 1952 1306 1988 στρῶμιι
1318 1954 1351 1980 τὸ
1372 1953 1432 1980 ὑπὸ
1448 1952 1500 1987 τῆς
1526 1954 1657 1988 πλευρᾶς
1675 1963 1744 1982 σου.
1768 1955 1798 1982 Et
1814 1955 1869 1991 γὰρ
1891 1956 1930 1983 δι-

1138 1999 1230 2031 δόντος
1243 2008 1290 2026 σου
1309 1999 1360 2034 τὴν
1378 1999 1498 2035 σήμερον
1511 2000 1549 2035 τῷ
1569 2000 1695 2035 διαϐόλῳ,
1713 2001 1760 2027 καὶ
1772 2001 1822 2036 τὴν
1836 2001 1930 2037 αὔριον

1139 2045 1178 2079 τῷ
1193 2045 1300 2079 Κυρίῳ,
1316 2045 1466 2071 καταλάϐοι
1484 2045 1514 2071 τὸ
1529 2045 1630 2080 γῆρας,
1644 2046 1691 2071 καὶ
1708 2046 1746 2081 μὴ
1757 2046 1867 2073 δύναταί
1883 2055 1930 2073 σου

1140 2092 1156 2126 ἡ
1170 2090 1238 2126 σὰρξ
1252 2091 1324 2118 κατὰ
1340 2091 1441 2126 πρᾶξιν
1454 2091 1483 2117 τὸ
1495 2092 1575 2126 χρέος
1593 2091 1643 2126 τῆς
1656 2092 1757 2126 ἀρετῆς
1772 2093 1930 2125 ἀποδοῦναι,

1140 2137 1233 2164 πᾶσαν
1254 2137 1304 2172 τὴν
1324 2136 1401 2172 ἰσχὺν
1418 2137 1504 2172 αὐτῆς
1518 2138 1551 2172 τῇ
1578 2137 1700 2172 ἁμαρτίᾳ
1717 2138 1932 2173 προκαταναλὼ-

1142 2191 1224 2214 σασα,
1241 2183 1402 2210 ἀπολάϐωσι
1416 2184 1450 2210 τὰ
1466 2183 1581 2210 καθόλου
1600 2184 1722 2218 στοιχεῖα
1734 2184 1764 2211 τὸ
1778 2185 1881 2211 συστὰν
1902 2185 1934 2217 ἐξ

1105 2227 1128 2256 D
1141 2229 1231 2256 αὐτῶν
1254 2238 1301 2256 σου
1318 2231 1442 2266 σαρκίον,
1462 2230 1502 2266 τῷ
1521 2231 1630 2265 θανάτῳ
1645 2228 1723 2262 αὖθις
1745 2231 1878 2257 ἀναλυθὲν
1891 2232 1934 2263 εἰς

1140 2274 1226 2300 αὑτά·
1246 2275 1282 2306 ὲντ
1295 2271 1317 2308 ᾧ
1332 2274 1524 2301 ἀνακέκλινται
1541 2275 1610 2310 πρὸς
1629 2274 1796 2310 ἡδυπάθειαν
1808 2276 1836 2301 αι
1851 2275 1934 2310 δίκην

1139 2320 1226 2346 ὀστῶν
1244 2321 1392 2347 τονωτικαὶ
1405 2320 1455 2354 τῆς
1470 2320 1559 2355 ψυχῆς
1581 2320 1722 2354 δυνάμεις,
1739 2320 1783 2346 ὅτε
1801 2320 1838 2355 μὴ
1862 2321 1935 2355 πρὸς

1139 2366 1271 2402 ἐργασίαν
1286 2367 1341 2392 τῶν
1357 2366 1464 2401 ἀρετῶν
1485 2366 1687 2392 διανίστανται·
1711 2367 1859 2393 κάντεῦθεν
1871 2367 1936 2403 ἔρη-

1141 2413 1223 2447 μοςὴ
1247 2412 1319 2448 ψυχή
1342 2421 1390 2439 σου
1422 2412 1664 2447 καταληφθήσεται
1691 2413 1791 2444 παντὸς
1814 2413 1935 2447 ἀγαθοῦ.

1139 2458 1310 2493 ζημιωθείσα
1321 2459 1368 2485 καὶ
1379 2458 1463 2494 αὐτὴν
1476 2459 1509 2494 ἢν
1525 2456 1582 2493 εἶχε
1596 2458 1765 2494 πρόσκαιρον
1778 2459 1937 2486 ἀνάπαυσιν

1138 2504 1168 2530 ἐν
1185 2504 1278 2538 σαρκί.

1174 2549 1226 2583 κη’.
1243 2549 1290 2583 Μὴ
1304 2548 1425 2583 μέταιρε
1439 2549 1505 2583 ὅρια
1516 2549 1631 2584 αιώνιιι,
1648 2550 1669 2577 ei.
1681 2551 1785 2578 ἔθεντο
1798 2551 1826 2577 οἱ
1843 2550 1937 2577 πιττέ-

1133 2603 1187 2627 ρες
1199 2603 1268 2621 σου.
1285 2595 1330 2629 Μὴ
1348 2594 1487 2629 μετατίθει
1498 2595 1532 2621 τὰ
1546 2595 1615 2631 ὀρθὰ
1628 2597 1677 2631 τῆς
1687 2596 1816 2631 ἀληθείας
1830 2596 1937 2631 δόγμα-

1137 2649 1181 2672 τα,
1193 2641 1210 2666 Et
1223 2649 1264 2667 σοι
1273 2640 1496 2676 παραδεδώκασιν
1508 2641 1532 2667 οἰ
1552 2641 1603 2676 τῆς
1615 2641 1745 2677 ἀληθείας
1759 2641 1917 2668 διδάσκαλοι
1928 2650 1935 2657 ·

1136 2685 1347 2720 αἰχμαλωτὶζων
1360 2684 1447 2711 ταῦτα
1474 2686 1543 2721 πρὸς
1564 2687 1735 2721 παραλόγους
1749 2686 1828 2720 δόξας
1846 2689 1936 2718 τινας.

1172 2731 1224 2757 κθ’.
1249 2730 1516 2764 ’(ιρατικὸινᾶνὸρα,
1529 2732 1578 2758 καὶ
1592 2731 1668 2763 ὀξὺν
1693 2732 1728 2759 ὲν
1746 2731 1809 2765 τοῖς
1835 2732 1939 2766 ἔργοις

1136 2777 1413 2808 ιιὺτοῦ.,8ιισιλεῦσι
1428 2777 1474 2803 δεῖ
1500 2779 1698 2812 παρεστάναι,
1715 2778 1763 2806 καὶ
1787 2778 1831 2813 μὴ
1860 2787 1939 2813 παρ.

1136 2823 1260 2850 sarcir-ut
1288 2823 1417 2857 ἀνδράσι
1442 2824 1776 2861 νωθροῖς.·ϐεωρητικδν
1801 2826 1850 2853 καὶ
1867 2827 1937 2861 πρὸς

1137 2868 1249 2903 πράξεις
1265 2870 1438 2904 ἐτοιμῆτατον
1458 2869 1623 2905 ἄνθρωπον,
1648 2871 1788 2906 λογισμοῖς
1804 2873 1846 2898 δεῖ
1875 2881 1936 2899 πει-
