2072 3161
204 179 273 212 1449

741 183 1009 215 COMMENTARII
1031 184 1072 215 IN
1086 185 1314 218 PROVERBIA.

1783 191 1851 222 1450

202 241 314 276 θαρχεῑν
329 241 423 275 Θείοις,
439 243 487 270 καὶ
506 243 626 280 ἐννόμως
648 245 827 272 ὲπιστατοῦσι
849 246 907 277 τοῖς
928 245 984 281 πρά

1034 265 1039 274 ι
1052 253 1113 280 qua:
1126 245 1188 280 jure
1196 245 1326 274 omnibus
1346 250 1412 273 sunt
1425 245 1594 281 superiores,
1606 251 1632 273 et
1644 253 1697 274 n0n
1720 247 1848 276 humanis

202 295 302 321 γμασι,
320 288 368 314 καὶ
385 289 422 323 μὴ
437 289 621 322 ἀνθρωπίνοις
634 291 681 318 καὶ
703 290 772 325 πρὸς
790 291 922 327 ἐργασίαν
950 291 997 318 τοῦ

202 332 284 359 καλοῦ
299 331 344 359 διὰ
375 333 407 360 τὸ
432 334 480 369 τῆς
502 335 604 370 ἀρετῆς
633 335 764 364 ἐπίπονον
777 337 972 364 ἀποκναίουσιν
989 344 997 352 ·

200 377 275 410 ὅπως
289 381 349 412 ταῖς
360 379 546 416 θεωρητικαῖς
561 382 610 409 καὶ
621 384 683 414 ταῖς
697 385 867 418 πρακτικαῖς
879 385 930 419 τῆς
946 385 998 418 ψυ-

200 427 252 461 χῆς
268 426 400 462 δυνάμεσι
419 427 470 462 τὴν
492 428 593 462 γνῶσιν
609 429 657 455 καὶ
678 430 726 464 τὴν
741 430 841 465 ἀρετὴν
865 430 997 466 ἐνεργῶν,

202 473 242 502 εἰς
253 471 329 504 Θεὸν,
346 472 384 504 ὡς
403 473 534 508 ἀλήθειαν
550 475 597 501 καὶ
619 475 722 509 ἀγαθὸν
743 476 869 511 φέρηται,
890 478 937 504 καὶ
959 477 997 513 μὴ

201 517 377 554 μακρύνηται
396 519 505 552 τούτου,
520 521 554 555 τῇ
573 520 665 555 σχέσει
680 521 734 548 τῶν
757 521 858 548 ὑλικῶν
886 523 996 550 ἀπατώ-

201 571 292 598 μενος,
308 564 355 589 καὶ
369 564 434 591 περὶ
449 565 537 591 ταῦτα
553 565 624 606 μόνα
637 567 864 602 καταγινόμενος.

491 611 617 638 ΚΕΦΛΛ.
638 612 700 639 KP.

233 655 269 686 α’,
299 656 333 691 β’.
368 657 436 683 Ἐὰν
455 657 584 691 καθίσῃς
610 658 746 686 δειπνεῖν
769 659 819 686 ἐπὶ
844 660 994 695 τραπέζης

198 701 363 735 δυνάστου,
376 702 492 736 νοητῶς
502 704 566 730 νόει
583 704 620 730 τὰ
632 705 850 741 παρατιθέμενά
867 715 927 739 σοι,
945 708 995 734 καὶ

198 749 343 776 ἐπίϐαλλε
360 749 418 783 τήν
434 749 520 784 χεῖρά
540 758 609 780 σου.
632 751 696 777 Ἐὰν
713 753 753 784 είς
776 753 909 780 ἀπάθειαν
924 754 995 788 φθά-

200 802 260 830 σης,
276 794 453 829 παυσάμενος
466 795 516 830 τῆς
534 796 603 832 πρὸς
632 797 734 824 κακίαν
750 799 894 833 κινήσεως,
921 799 994 827 ὥστε

198 840 245 866 τοῦ
263 840 379 876 οὐρανοῦ
392 841 564 874 καταϐάντος
582 843 665 878 ἄρτον
688 843 820 871 δύνασθαι
853 846 994 880 μεταλαμ-

197 886 301 917 ϐάνειν,
316 887 362 913 ἐπὶ
379 888 435 919 τοῖς
448 887 487 919 ὡς
505 889 534 914 ὲν
549 888 680 924 τέσσαρσι
699 890 764 916 ποσὶ
780 891 835 922 τοῖς
848 891 992 927 στοιχείοις

197 932 346 967 ἱσταμένης
356 933 472 965 κτίσεως
485 933 532 960 τοῦ
550 935 757 970 παντοδυνὰμου
775 936 855 968 Θεοῦ,
872 937 909 972 μὴ
922 937 989 964 κατ’

196 977 324 1012 αἴσθησιν
335 978 437 1013 ταύτης
451 979 571 1006 ἀπόλαυε
589 987 596 994 '
614 980 684 1007 ἀλλά
697 981 732 1008 τὰ
747 982 817 1009 κατὰ
842 983 873 1009 τὸ
899 983 992 1018 φαινό-

198 1024 278 1058 μενόν
299 1033 339 1051 σοι
356 1026 525 1061 προκείμενα
538 1027 595 1062 εἴδη
608 1027 722 1063 ταύτης,
740 1029 842 1065 νοερῶς
854 1031 990 1065 καταλάμ-

193 1069 272 1101 ϐανε,
289 1070 353 1101 τοὺς
368 1070 469 1097 τούτων
486 1072 581 1106 λόγους
602 1073 751 1108 συλλέγων,
778 1075 826 1103 καὶ
856 1078 916 1103 κατ’
939 1077 990 1104 αὺ-

195 1116 257 1147 τοὺς
272 1116 406 1150 ἐπιχείρει
420 1117 550 1151 πράττειν
565 1118 596 1144 τδ
611 1119 723 1153 ἀγαθόν.

228 1161 323 1194 Εἰδὼς
340 1162 384 1188 ὅτι
403 1163 525 1190 τοιαῦτά
544 1172 581 1190 σε
596 1164 644 1191 δεῖ
652 1166 892 1200 παρασκευάσαι.
910 1167 992 1194 Γινώ-

194 1215 267 1234 σκων
280 1209 320 1234 ὅτι
334 1209 478 1243 μιμεῖσθαι
492 1210 558 1236 Θεὸν
574 1212 630 1242 τοῖς
651 1211 745 1246 ἔργοις
771 1213 900 1247 ὀφείλεις,
926 1223 988 1250 κιρ-

193 1253 246 1279 νῶν
259 1254 330 1280 κατά
345 1255 459 1290 γνώμην
478 1256 528 1287 τὰς
549 1256 738 1292 ἀναλογούσας
760 1260 817 1291 τοῖς
844 1260 988 1295 στοιχείοις

191 1299 329 1335 τέσσαρας
346 1301 460 1335 γενικὰς
480 1303 585 1337 ἀρετάς
602 1311 610 1319 ·
636 1305 683 1331 καὶ
709 1305 754 1332 τὸν
779 1306 851 1332 κατά
867 1306 988 1333 διάνοιαν

190 1346 427 1380 θεοπρεπέστατον
439 1349 485 1374 καὶ
500 1349 581 1380 αὐτὸς
597 1349 728 1376 συνιστῶν
739 1350 853 1386 κόσμον.
863 1353 919 1384 τοῖς
935 1361 986 1379 κα-

191 1390 226 1417 τὰ
240 1391 321 1425 μέρος
334 1391 389 1418 τῶν
404 1393 508 1425 ἀρετῶν
520 1393 619 1420 εἴδεσιν
637 1402 643 1409 ·
670 1395 699 1421 ἐν
729 1395 769 1431 τῷ
792 1396 923 1431 μετάγειν
943 1406 987 1424 σο-

191 1435 250 1470 φῶς
265 1436 298 1462 δι’
309 1437 445 1472 ἐμφεροῦς
459 1438 629 1474 ὁμοιότητος,
645 1440 693 1476 τὴν
711 1440 782 1468 κατὰ
795 1442 842 1468 τὸν
857 1442 986 1478 αἰσθητὸν

189 1481 277 1507 αἰῶνα
293 1483 429 1519 μυστικὴν
441 1483 568 1518 θεωρίαν,
582 1486 629 1512 ἐπὶ
643 1486 689 1512 τὸν
714 1487 785 1514 κατὰ
813 1487 934 1515 διάνοιαν
956 1489 985 1516 ἐν

190 1524 326 1560 πνεύματι
348 1526 392 1553 διὰ
408 1527 462 1554 τῶν
480 1529 586 1563 ἀρετῶν
605 1531 852 1567 συμπληρούμενον
871 1534 983 1569 κόσμον.

225 1574 260 1605 γ’.
286 1572 321 1599 Εί
346 1572 380 1599 δὲ
404 1574 632 1610 ἀπληστότερος
656 1577 694 1609 εἷ,
709 1577 752 1612 μὴ
775 1578 910 1614 ἐπιθύμει
924 1580 984 1607 τῶν

189 1616 362 1651 ἐδεσμάτων
376 1619 481 1647 αὑτοῦ.
501 1620 532 1646 Εἰ
545 1621 567 1647 δ’
582 1622 632 1648 οὐκ
644 1623 716 1658 ἀρκῇ
731 1624 764 1658 τῇ
781 1624 870 1660 τοιᾷδε
881 1625 983 1659 γνώσει

189 1662 245 1689 τῶν
259 1663 375 1699 ἀρετῶν,
393 1665 451 1692 ἀλλ’
469 1667 517 1692 ἐπὶ
532 1667 613 1694 πλέον
632 1669 704 1695 κατά
717 1669 834 1705 θεωρίαν
863 1671 981 1707 ὲκτείνῃ,

189 1709 230 1744 μὴ
242 1709 292 1744 ἔρα
311 1711 533 1746 καταλαμϐάνειν
546 1714 581 1740 τὰ
604 1715 669 1748 παρ’
699 1715 782 1742 αὐτοῦ
805 1716 887 1750 μόνου
914 1717 982 1744 Θεοῦ

189 1756 381 1792 γινωσκόμενα
393 1759 531 1794 μυσεήρια
546 1758 651 1792 οἷοντὸ.
665 1761 739 1793 ὅπως
754 1763 787 1788 ἐκ
801 1763 848 1789 τοῦ
865 1763 982 1800 ἀγεννή-

187 1809 236 1828 seu
249 1802 355 1838 Πατρός
370 1804 384 1829 ό
407 1805 555 1840 μονογενὴς
578 1807 662 1833 αὐτοῦ
691 1808 739 1834 καὶ
769 1809 902 1842 ωναῖδιος
917 1810 982 1843 Υἱὸς

187 1849 326 1881 γεννᾶται,
343 1851 389 1876 καὶ
403 1850 434 1876 τὸ
447 1852 583 1878 συνστδιον
597 1853 680 1880 αὐτοῦ
698 1855 880 1890 ἐκπορεύεται
895 1857 981 1884 ι]νεῦ-

188 1901 228 1928 μα
241 1903 247 1910 ·
263 1895 310 1920 καὶ
323 1895 395 1926 ὅπως
410 1896 486 1931 παρὰ
500 1896 568 1924 Θεοῦ
585 1898 602 1933 ἡ
614 1899 704 1931 κτίσις
729 1901 761 1926 ὲκ
781 1900 828 1928 τοῦ
845 1902 881 1938 μὴ
905 1903 980 1934 όντος

187 1941 329 1976 παρήχθη-

224 1985 320 2012 Ταῦτα
335 1985 390 2021 γὰρ
406 1986 507 2021 ἔχεται
526 1987 603 2022 ζωῆς
626 1989 772 2023 ψευδοῦς.
801 1991 830 2017 '0
859 1991 914 2026 γὰρ
945 1993 978 2019 τά

185 2029 308 2062 τοιαῦτα,
324 2031 388 2058 ὄντα
410 2033 600 2068 ἀκατάληπτα,
632 2036 853 2071 καταλαμὸἀνειν
876 2038 979 2074 ἐπιχει-

186 2076 252 2111 ρῶν,
262 2076 376 2111 ψευδοῦς
389 2078 531 2113 ἀντέχεται
540 2080 677 2114 γνώσεως.

216 2123 250 2150 δ’.
266 2124 314 2158 Μὴ
338 2127 546 2160 παρεκτείνου,
569 2127 664 2162 πένης
690 2128 743 2160 ὢν,
765 2132 912 2164 πλουσίῳ.
931 2133 977 2169 Μὴ

184 2169 230 2198 οὖν
238 2172 389 2205 ὀπλασθεὶς
400 2174 432 2200 ὲκ
440 2174 511 2209 χοὸς,
523 2176 570 2201 καὶ
579 2175 629 2210 τῆς
640 2176 715 2208 Θείας
731 2177 842 2212 χάριτος
857 2179 976 2215 ἐπιδεὴς,

183 2217 236 2243 κᾶν
264 2220 381 2254 μετέχῃς
407 2219 486 2253 Θεοῦ,
513 2221 659 2257 παρεξὶσου
689 2224 776 2258 τούτῳ
802 2225 914 2258 ἑαυτὸν,
937 2227 976 2263 τῷ

1053 295 1082 318 ct
1102 291 1135 318 ad
1151 293 1340 327 operationem
1360 291 1425 319 boni
1440 296 1551 328 propter
1559 292 1669 321 virtutis
1677 293 1798 321 laborem
1808 294 1848 329 pi-

1051 338 1123 373 gris:
1137 342 1165 364 ut
1180 338 1358 373 speculativis
1374 339 1512 368 etactivis
1520 339 1619 367 animae
1630 339 1736 367 viribus
1757 340 1849 368 scicn-

1051 385 1117 412 tiam
1137 391 1170 412 ac
1185 385 1314 412 virtutem
1323 392 1451 420 operans,
1468 385 1495 412 in
1515 384 1600 412 Deum
1614 389 1644 412 ut
1661 385 1804 414 veritatem
1820 393 1848 416 et

1051 430 1153 458 bonum
1168 430 1282 463 feratur,
1291 438 1380 466 neque
1389 430 1423 458 ab
1435 438 1467 458 eo
1477 431 1557 466 longe
1566 436 1738 464 amoveatur,
1747 432 1846 461 aﬂ‘ectu

1049 481 1223 505 terrenorum
1237 477 1378 513 deceptus,
1393 478 1482 514 iisque
1494 478 1562 506 solis
1577 484 1741 514 occupatus.

1345 610 1424 638 CAP.
1453 610 1548 639 XXIII.

1085 654 1168 683 Vens.
1187 655 1212 688 I,
1228 655 1256 683 2.
1277 655 1308 683 Si
1326 657 1428 684 sederis
1441 665 1544 684 cenare
1559 658 1594 684 ad
1617 666 1735 686 mensam
1753 664 1844 690 poten-

1050 702 1102 734 tis,
1132 703 1265 736 sapienter
1296 703 1415 738 intellige
1445 712 1503 739 qua:
1531 711 1702 739 apponuntur
1731 706 1792 739 tibi,
1816 712 1843 734 ιι

1049 748 1124 774 mitte
1138 756 1246 775 "ianum
1261 753 1347 777 tuam.
1366 749 1395 777 Si
1413 750 1447 777 ad
1463 751 1623 786 passionum
1643 752 1842 780 immunitatem

1050 794 1219 829 perveneris,
1240 796 1435 831 sedaverisque
1454 797 1488 824 ad
1501 798 1602 824 malum
1616 798 1842 833 propensionem.

1048 841 1086 868 ita
1103 845 1133 868 ut
1155 841 1236 877 panis
1251 842 1299 877 qui
1311 842 1346 870 de
1357 843 1428 870 etrlo
1439 843 1581 871 descendit
1597 845 1687 879 possis
1704 845 1762 872 ﬁeri
1778 853 1842 881 par-

1053 887 1151 922 ticeps.
1168 887 1275 915 scilicet
1296 887 1343 916 Dei
1360 889 1557 924 omnipotentis
1571 895 1708 918 creaturae
1720 891 1842 919 elemen-

1007 928 1029 956 B
1046 931 1081 959 tis
1100 932 1181 966 quasi
1199 937 1318 967 quatuor
1334 934 1447 968 pedibus
1462 935 1574 968 stantis,
1597 935 1649 963 hac
1673 943 1709 964 ne
1725 944 1841 965 sensua-

1043 977 1105 1005 liter
1133 979 1255 1012 fruaris,
1284 980 1331 1008 sed
1362 986 1527 1016 apparentes
1555 981 1616 1017 ejus
1649 983 1758 1012 oblatas
1789 985 1839 1012 tibi

1043 1023 1145 1051 formas
1165 1025 1351 1061 intelligenter
1372 1027 1481 1062 accipe,
1500 1027 1597 1055 harum
1618 1030 1741 1058 rationes
1762 1030 1840 1058 colli-

1042 1078 1109 1106 gens
1123 1075 1151 1098 et
1163 1072 1315 1099 secundum
1332 1080 1379 1101 eas
1394 1074 1502 1102 enitens
1513 1073 1615 1102 bonum
1629 1076 1748 1111 operari.

1077 1160 1169 1189 Sciens
1186 1162 1255 1197 quod
1278 1168 1378 1197 oportet
1399 1168 1423 1191 te
1443 1165 1510 1192 (alia
1535 1173 1699 1200 praeparare.
1728 1167 1837 1204 Cogno-

1040 1215 1122 1235 scens
1139 1208 1204 1243 quia
1223 1209 1308 1236 Deum
1327 1209 1354 1237 iu
1372 1211 1503 1246 operibus
1519 1211 1618 1240 imitari
1636 1212 1719 1241 debes
1733 1221 1781 1249 per
1789 1222 1837 1242 co-

1039 1254 1200 1289 gitatiouem
1232 1255 1351 1284 miscens
1379 1263 1500 1292 quatuor
1526 1259 1642 1288 virtutes
1670 1261 1836 1297 principales

1039 1301 1183 1329 elementis
1209 1303 1435 1332 accommodatas
1466 1309 1493 1333 ct
1519 1311 1651 1334 mundum
1681 1309 1835 1337 secundum

1038 1355 1166 1381 sensum,
1195 1349 1250 1376 Dco
1274 1349 1470 1385 dignissimum
1495 1354 1689 1388 constituens,
1717 1357 1834 1392 singulis

1039 1394 1168 1421 virtutum
1185 1395 1343 1430 speciebus,
1365 1396 1404 1423 ita
1429 1401 1459 1424 ut
1472 1400 1679 1434 comparatione
1698 1402 1832 1434 instituta.

1038 1440 1180 1474 mysticam
1194 1441 1287 1468 saeculi
1301 1442 1442 1470 sensibilis
1456 1445 1705 1474 considerationem
1722 1449 1831 1484 sapien-

1037 1491 1077 1512 ter
1089 1485 1243 1513 transferas
1258 1487 1292 1514 ad
1306 1487 1517 1516 intellectualem
1535 1492 1667 1519 mundqu
1684 1493 1731 1528 qui
1747 1493 1831 1529 spiri-

1037 1529 1148 1556 tualiter
1164 1537 1212 1565 per
1229 1532 1346 1559 virtutes
1362 1539 1581 1562 consummatur.

1071 1574 1154 1603 Vens.
1172 1577 1199 1604 3.
1218 1575 1248 1604 Si
1260 1577 1442 1605 insatiabilior
1456 1587 1496 1612 es,
1517 1588 1548 1607 ne
1565 1580 1697 1610 desideres
1711 1583 1746 1610 de
1765 1584 1831 1611 cibis

1034 1622 1102 1657 ejus.
1132 1622 1160 1650 Si
1187 1630 1240 1650 non
1266 1624 1314 1651 tibi
1340 1624 1456 1652 sulIiciat
1486 1627 1601 1654 scientia
1625 1628 1671 1655 illa
1685 1629 1830 1663 virtutum,

1034 1669 1206 1704 ampliusque
1222 1670 1388 1698 extendatur
1402 1673 1555 1706 speculatio
1573 1678 1629 1706 tua,
1642 1683 1676 1702 ne
1686 1675 1831 1705 desideres

1033 1721 1131 1749 capere
1143 1717 1274 1751 mysteria
1298 1723 1314 1743 a
1340 1715 1395 1744 Deo
1422 1718 1482 1745 solo
1499 1719 1623 1753 cognita,
1640 1721 1733 1754 qualia
1764 1726 1830 1749 sunt

1030 1760 1176 1794 generatio
1198 1761 1331 1796 uuigeniti
1354 1766 1382 1790 et
1394 1764 1525 1791 coaaterni
1546 1765 1607 1792 Filii
1624 1775 1639 1793 a
1654 1765 1736 1795 Patre
1752 1768 1829 1803 inge-

1033 1805 1100 1838 nito,
1114 1807 1256 1840 processio
1271 1809 1400 1836 coaeterni
1413 1808 1545 1845 Spiritus,
1555 1817 1582 1838 et
1593 1813 1699 1841 creatio
1712 1821 1728 1842 e
1740 1814 1829 1843 nihilo

1032 1857 1047 1877 a
1065 1851 1121 1879 Dco
1138 1852 1222 1880 facta.

1063 1996 1125 2023 llaec
1134 1999 1205 2024 enim
1221 1998 1338 2026 obtinent
1350 2000 1432 2028 vitam
1448 2001 1557 2036 falsam.
1571 2002 1648 2031 Talia
1662 2006 1749 2038 enim,
1761 2014 1824 2034 cum

1028 2043 1090 2076 capi
1108 2051 1162 2070 non
1177 2050 1306 2078 possunt,
1324 2049 1371 2080 qul
1388 2054 1487 2082 capere
1503 2055 1632 2082 conatur,
1642 2050 1717 2078 falsa:
1733 2052 1825 2080 scien-

1029 2089 1073 2115 tia
1086 2089 1216 2117 adhaeret.

1065 2134 1148 2162 Visus.
1165 2135 1191 2163 ι.
1202 2135 1318 2170 Pauper,
1328 2145 1359 2164 ne
1373 2138 1461 2174 erigas
1474 2140 1565 2167 oculos
1579 2145 1637 2169 tuo:
1651 2142 1686 2168 ad
1700 2142 1821 2171 divitem.

1027 2178 1350 2218 Notiigitur,epulvere
1373 2185 1538 2220 plasmatus.
1560 2187 1710 2224 divinaque
1734 2191 1822 2225 gratia

1026 2226 1164 2262 indigens.
1180 2230 1306 2263 quamvis
1324 2230 1371 2258 Dei
1397 2232 1538 2268 particeps
1559 2233 1697 2268 eiiiciaris,
1724 2241 1822 2264 temet-

183 2263 303 2299 ἁκτίστῳ
312 2265 358 2291 καὶ
371 2265 558 2301 ὐπερπλήρει,
578 2268 800 2304 καταλαμϐάνειν
812 2272 894 2298 αὑτὸν
911 2274 973 2300 ἐπι-

1039 2281 1119 2308 psum
1139 2275 1186 2302 illo
1201 2276 1325 2304 incrcato
1341 2285 1374 2305 ac
1391 2277 1530 2307 immenso
1554 2281 1739 2316 aaquiparare,
1757 2290 1821 2310 eum

182 2309 295 2344 χειρῶν,
307 2310 345 2341 ὡς
360 2308 431 2337 οἶδεν
444 2312 526 2344 αὐτὸς
535 2313 643 2341 ἑαυτόν.

220 2354 259 2389 Τῇ
278 2356 313 2382 δὲ
327 2355 369 2390 σῇ
383 2356 487 2391 ἐννοίᾳ
502 2358 654 2392 ἀπέσχου.
680 2360 848 2396 ’Δπόστησον
870 2363 899 2390 δὲ
922 2363 974 2398 τὴν

180 2399 298 2426 διάνοιάν
327 2409 374 2427 σου
404 2402 459 2429 ἀπὸ
484 2403 533 2437 τῆς
549 2405 610 2430 κατ’
631 2404 726 2432 οὐσίαν
740 2406 787 2433 τοῦ
805 2407 871 2434 Θεοῦ
886 2408 973 2443 Λόγου

181 2447 371 2482 καταλήψεως.

214 2496 245 2520 ε’.
270 2495 342 2520 Ἐὰν
355 2494 527 2530 ἐπιστήσῃς
538 2498 570 2523 τὸ
587 2497 647 2524 σὸν
662 2499 741 2533 ὄμμα
767 2500 844 2534 πρὸς
864 2501 970 2534 αὐτὸν,

177 2538 311 2573 οὐδαμοῦ
326 2541 472 2574 φανεῖται,
495 2543 557 2569 Ἐὰν
580 2544 634 2579 γὰρ
658 2545 689 2571 τὸ
702 2546 794 2581 νοερὸν
811 2547 860 2582 τῆς
882 2547 972 2583 ψυχῆς

179 2592 226 2610 σου
241 2584 318 2620 ὄμμα
333 2586 442 2622 ὲρείσῃς
455 2588 523 2623 πρὸς
539 2589 621 2616 αὑτὸν
639 2591 753 2624 ἀτενῶς,
765 2592 811 2619 τὸν
828 2593 881 2619 ὑπὸ
901 2594 970 2620 πάν-

177 2637 231 2657 των
247 2631 285 2663 ὡς
301 2633 387 2660 αἴτιον
409 2636 624 2671 κηρυττόμενον,
641 2638 670 2664 ὲν
685 2638 774 2666 οὐδενὶ
798 2641 858 2667 κατ’
875 2641 969 2668 οὐσίαν

177 2676 313 2711 εὑρήσεις,
324 2679 362 2710 ὼς
379 2679 552 2716 ὑπερούσιον.

211 2725 454 2753 Κατεσκεύασται
482 2728 538 2762 γὰρ
566 2728 647 2762 αὐτῷ
679 2730 823 2766 πτέρυγες
867 2731 968 2767 ὥσπερ

175 2768 274 2796 ἀετοῦ.
298 2769 328 2796 '0
345 2771 399 2806 γὰρ
415 2773 474 2798 κατ’
490 2773 584 2800 οὐσίαν
600 2774 688 2809 μένων
703 2776 731 2802 ὲν
747 2776 786 2811 τῷ
798 2778 894 2810 “arpi,
919 2780 967 2805 καὶ

175 2813 346 2848 ἀδιαστάτως
361 2818 401 2849 είς
416 2818 461 2845 τὸν
475 2819 577 2855 κόσμον
597 2821 777 2857 ἐξερχόμενος
807 2823 868 2850 κατ’
891 2825 967 2860 ἐνέρ-

176 2865 264 2892 γειαν,
275 2860 312 2891 ὡς
329 2861 363 2887 ἂν
378 2863 541 2898 κηρύττοιτο
557 2866 609 2892 ὑπὸ
622 2867 676 2893 τῶν
688 2868 817 2896 αίτιατῶν
833 2871 866 2904 τῇ
879 2878 964 2897 κατα-

176 2905 278 2940 φατικῇ
305 2905 438 2943 θεολογίᾳ,
467 2908 505 2941 ὡς
533 2910 620 2943 αἴτιος
645 2913 792 2949 μονογενὴς
822 2913 870 2941 τοῦ
895 2914 962 2943 Θεοῦ

335 2953 470 2987 ΡΑτιιοι..
493 2957 552 2988 Gn.
570 2959 755 2992 LXXXVII.

1024 2319 1135 2347 enitens
1147 2323 1382 2356 comprehendere
1397 2324 1473 2351 sicut
1488 2325 1544 2360 ipse
1559 2326 1682 2361 seipsum
1698 2328 1784 2354 novit.

1071 2364 1129 2393 Tua
1145 2371 1234 2394 autem
1250 2368 1461 2397 consideratione
1474 2371 1588 2398 abstine.
1601 2373 1701 2400 Averte
1713 2375 1819 2409 cogita-

1024 2410 1128 2438 tionem
1157 2416 1234 2441 tuam
1263 2421 1278 2440 a
1309 2415 1357 2442 Dei
1375 2415 1465 2443 Verbo
1489 2417 1642 2445 secundum
1668 2420 1817 2447 essentiam

1024 2460 1295 2494 comprehendendo.

1053 2504 1165 2533 Vens.5.
1174 2505 1205 2533 Si
1214 2507 1356 2535 intenderis
1364 2509 1469 2536 oculum
1479 2515 1552 2537 tuum
1561 2511 1595 2538 ad
1603 2512 1678 2539 illum
1687 2521 1818 2548 nusquam

1023 2553 1171 2586 apparebit.
1192 2553 1221 2580 Si
1241 2555 1313 2581 enim
1334 2556 1445 2583 oculum
1471 2558 1571 2585 anima:
1599 2558 1815 2587 intellectualem

1021 2603 1125 2627 attente
1139 2599 1231 2628 ﬂxeris
1248 2601 1448 2637 ineutn,qucm
1466 2608 1495 2630 ut
1510 2611 1624 2632 causam
1636 2606 1727 2633 omnia
1744 2614 1817 2641 prte-

1020 2643 1132 2677 dicant,
1149 2653 1286 2681 nusquam
1301 2649 1489 2677 cssentialilcr
1504 2650 1632 2679 invenies
1643 2673 1650 2683 ,
1666 2653 1713 2687 qui
1732 2661 1815 2688 supra

1019 2697 1128 2718 omnem
1146 2693 1294 2721 essentiam
1317 2695 1424 2729 positus
1440 2701 1493 2724 est.

1055 2735 1164 2763 Parata:
1175 2738 1243 2765 enim
1256 2744 1317 2766 sunt
1328 2740 1353 2766 ei
1366 2741 1418 2768 alte
1436 2747 1565 2778 tanquam
1583 2745 1691 2779 aquilw.
1711 2745 1814 2781 Unige—

1017 2781 1105 2809 nitum
1123 2785 1195 2811 enim
1217 2784 1264 2812 Dei
1288 2785 1420 2822 Verbum,
1447 2798 1561 2818 manens
1579 2792 1767 2819 essentialiter
1784 2793 1812 2820 in

1016 2827 1097 2855 Patre
1112 2836 1145 2856 ac
1162 2830 1222 2858 sine
1238 2834 1411 2868 separatione
1426 2836 1453 2863 in
1467 2837 1600 2864 mundum
1618 2845 1666 2872 per
1681 2838 1810 2866 virtutem

1017 2875 1139 2907 veniens,
1154 2880 1184 2902 ut
1198 2877 1270 2905 sicut
1283 2886 1366 2907 causa
1379 2888 1393 2907 a
1406 2882 1529 2910 causalis
1543 2883 1570 2910 in
1586 2882 1722 2918 theologia
1737 2883 1811 2911 aﬂir-

1015 2920 1117 2947 mativa
1146 2923 1323 2959 praedicetur,
1351 2925 1472 2962 Spiritus
1500 2928 1539 2956 illi
1563 2930 1809 2958 consubstantialis

1563 2975 1605 3007 46
