2072 3161
259 193 324 226 1451

917 194 1096 226 ΡΒΟΟΟΡῙῙ
1108 195 1229 226 GAZ/Et

1832 190 1899 223 1452

257 248 415 278 virtutibus,
441 246 521 282 quasi
545 245 731 281 quibusquam
758 245 927 273 altivolantis
952 246 1050 281 aquilae

1111 248 1198 281 λόγος.
1209 255 1268 278 ταις
1284 273 1294 280 _
1301 245 1328 277 ,ὖ
1337 246 1472 281 ὁμοφυοῦς
1483 244 1557 281 αὒτῷ
1569 245 1727 281 Πνεύματος
1737 237 1898 286 ἐνεργείαις,

255 295 365 331 pennis,
381 301 465 329 supra
481 293 584 321 mentis
599 293 837 328 perspicacitatem
850 292 1001 320 extollitur.

293 383 325 410 Et
349 382 453 410 rerertit
467 382 495 409 in
509 381 617 409 domum
638 381 762 415 prwsidis
787 381 841 408 sui.
867 379 991 408 Revertit
1004 388 1052 416 per

257 430 472 458 abstractioncm
491 428 661 455 natutalium
679 435 712 455 ac
732 427 925 462 temporalium
949 427 1052 462 quibus

259 475 385 510 uegative
400 474 471 502 Deus
489 474 656 509 praedicatur
670 473 703 500 ad
721 473 838 508 gloriam
854 473 950 508 gratia:
963 478 990 499 et
1004 479 1053 499 ve-

258 522 348 549 ritatis
357 521 542 557 plenam,qua
554 524 650 555 utpote
670 518 836 554 Unigenitus
854 518 925 553 apud
943 517 1052 546 Patrem

259 570 371 596 fruilur.

296 613 379 641 Vsus.
394 612 420 639 6.
443 611 484 639 Nc
503 612 626 639 comedas
643 619 704 638 cum
724 610 828 637 homine
843 609 943 637 invido.
965 609 1004 637 Ne
1017 609 1055 636 si-

259 660 316 686 mul
333 660 409 686 vivas
426 666 488 685 cum
515 657 624 685 diabolo
649 657 749 684 animae
770 661 823 683 tua:
843 657 961 683 salutem
984 655 1055 682 inii-

260 706 352 732 dcntc.
385 704 484 730 Anima
518 703 683 731 distrahitur
715 701 825 736 quidem
854 708 870 727 a
896 699 942 727 Dei
968 698 1056 726 Verbo

259 751 320 785 ejus
345 758 459 785 sponso,
488 756 536 784 per
557 749 682 775 actiones
708 751 802 774 autem
824 747 1001 774 irrationales
1022 753 1056 773 ac

261 798 354 825 virtuti
371 796 530 823 contrarias
556 794 636 830 quasi
654 794 714 820 viro
730 793 840 820 cuidam
865 792 974 819 Salamc
1004 792 1055 826 ipsi

261 842 479 877 eunglutinatur,
495 843 522 867 et
537 840 579 866 sic
607 846 670 866 cum
689 839 751 873 ipso
783 845 954 865 convescens
969 845 984 864 a
1001 837 1056 864 Deo

262 888 377 915 cxcidis.

1101 293 1139 324 ὥς
1153 301 1209 319 τισι
1224 294 1336 328 πτεροῖς
1352 291 1501 328 ὑψιπετοῦς
1515 292 1598 318 αὑτοῦ
1613 292 1662 328 (Ι),
1688 292 1841 328 ὑψούμενος
1872 294 1900 319 ὲν

1101 339 1140 375 τῷ
1150 339 1299 375 διορατικῷ
1315 338 1363 365 τοῦ
1374 337 1521 374 ἀνθρώπου
1534 339 1575 364 νοΐ

1135 385 1193 412 Καὶ
1207 384 1390 418 ὑποστρέφει
1405 385 1449 416 εἰς
1465 384 1519 410 τὸν
1534 382 1619 411 οἶκον
1638 384 1692 411 τοῦ
1719 384 1903 418 προεστηκόο

1102 439 1154 463 τος
1170 430 1275 457 αὑτοῦ,
1300 430 1480 465 Ἀποστρέφει
1497 429 1566 456 κατὰ
1588 430 1639 464 ’τὴν
1665 429 1720 456 τῶν
1740 430 1793 456 ὑπὸ
1818 430 1904 464 φύσιν

1104 478 1150 504 καὶ
1168 476 1265 512 χρόνον
1289 476 1446 511 ἀφαίρεσιν,
1473 476 1654 510 ἀποφατικῶς
1678 475 1902 511 θεωογοὺμενος,

1104 523 1172 558 πρὸς
1186 522 1236 556 τὴν
1252 522 1342 557 πλήρη
1355 522 1467 557 χάριτος
1483 522 1530 548 καὶ
1541 522 1671 557 ἀληθείας
1681 522 1719 554 ὡς
1729 522 1904 556 Μονογενοῦς

1106 568 1181 603 παρὰ
1199 568 1255 594 [lar
1261 567 1305 602 ρδς
1325 567 1414 600 δόξαν.

1141 616 1178 645 ς’.
1194 612 1241 646 Μὴ
1255 612 1433 639 συνδείπνει
1453 611 1540 646 ἀνδρὶ
1565 611 1724 644 βασκάνῳ.
1760 611 1807 648 Μὴ
1840 621 1906 640 συν-

1105 657 1199 685 διαιτῶ
1213 657 1252 693 τῷ
1266 657 1407 692 φθονοῦντί
1424 665 1465 683 σοι
1479 658 1528 692 τῆς
1540 657 1679 692 σωτηρίας
1699 657 1806 691 δαίμονι
1817 665 1824 672 ⁸
1842 657 1906 684 διαί

1107 703 1255 738 σπωμένης
1283 703 1334 737 μέν
1361 710 1407 728 σου
1424 702 1473 736 τῆς
1492 701 1582 736 ψυχῆς
1604 701 1652 728 τοῦ
1675 702 1793 737 νυμφίου
1815 702 1907 736 αὐτῆς

1106 749 1175 776 Θεοῦ
1190 749 1287 783 Λόγου,
1296 747 1469 783 κολλωμένης
1481 747 1509 774 δὲ
1521 747 1565 774 διὰ
1583 747 1636 774 τῶν
1647 749 1706 774 κατ’
1719 747 1837 782 ἔλλειψιν
1851 747 1906 782 τῆς

1106 796 1206 831 ἀρετῆς
1224 794 1387 830 παραλόγων
1402 793 1529 829 πράξεων
1540 814 1547 826 ,
1559 794 1596 826 ὥς
1613 803 1669 820 τινι
1682 794 1762 829 ἀνδρὶ
1773 794 1847 828 αὐτῷ
1862 794 1906 828 τῷ

1108 843 1216 878 Σατανᾷ
1230 850 1237 858 ·
1254 840 1401 868 κάντεῦθεν
1418 840 1606 872 συνεσθίοντός
1621 849 1667 867 σου
1681 840 1769 875 τούτῳ
1782 840 1831 876 τὴν
1845 840 1906 867 ἀπὸ

1108 888 1176 915 Θεοῦ
1193 888 1340 914 ἔκπτωσιν.

297 933 332 960 Ει
344 942 375 961 ηε
388 932 521 960 desideres
538 930 612 959 cibos
623 931 693 966 ejus.
710 930 750 959 Ne
762 931 948 965 concupiscas
965 931 1054 958 varios

1142 935 1225 970 Μηδὲ
1251 936 1387 970 ἐπιθύμει
1421 933 1481 961 τῶν
1510 932 1675 968 ,βρωμάτων
1696 933 1802 960 αὑτοῦ.
1831 933 1906 968 Μήτ’

264 983 324 1016 (-jus
345 981 492 1016 pravitatis
508 979 599 1007 cibos.

299 1072 382 1099 Vsus.
405 1072 432 1098 7.
456 1068 689 1104 Quemadmodum
717 1068 788 1095 enim
810 1066 903 1102 siquis
927 1066 1057 1101 degtutiat

261 1121 353 1153 pilum,
370 1119 409 1146 sic
428 1117 543 1145 comedit
567 1122 592 1144 et
610 1116 687 1143 bibit.
703 1114 941 1148 Quemadmodum
956 1113 1057 1141 etenim

262 1168 308 1203 qui
324 1167 407 1201 pilum
419 1165 564 1200 deglutivit
588 1164 727 1194 auxiatur,
745 1163 782 1190 ita
800 1166 826 1189 et
843 1161 889 1189 ille
913 1160 960 1196 qui
977 1160 1057 1187 mali-

263 1215 327 1241 tiam
343 1212 454 1248 quidem
483 1210 674 1242 manducavit,
692 1209 795 1244 potavit
821 1212 912 1235 autem
930 1208 1058 1243 ignorau-

263 1260 340 1292 tiam,
356 1260 557 1290 commovetur,
567 1255 748 1291 perturbatur
760 1253 970 1288 naturalemque
983 1252 1060 1280 amit-

264 1307 296 1332 tit
311 1303 506 1331 valetudinem.

300 1348 390 1384 Ncque
402 1348 436 1375 ad
457 1353 480 1375 te
491 1346 649 1375 introducas
664 1354 723 1374 eum
737 1350 761 1373 et
777 1344 900 1372 comedas
915 1343 1059 1371 buccellam

265 1399 337 1420 tuam
365 1401 424 1419 cum
441 1400 482 1420 eo.
504 1392 600 1427 Neque
619 1391 647 1419 in
663 1391 698 1419 iis
715 1390 818 1425 quibus
836 1391 969 1417 virtutem
993 1397 1060 1423 ope-

266 1440 348 1471 raris,
359 1438 408 1466 des
421 1439 460 1465 illi
471 1437 633 1465 facultatem
645 1437 722 1464 illam
738 1436 791 1464 sibi
805 1441 896 1463 tecum
912 1436 1059 1471 arrogaudi

265 1486 292 1513 iu
308 1480 462 1513 directione
476 1490 627 1512 conatuum
642 1483 716 1518 ejus.

303 1531 384 1559 Vnus.
403 1531 429 1558 8.
446 1530 554 1558 Evomet
570 1530 658 1563 illam,
671 1534 696 1556 et
716 1528 907 1556 contaminabit
927 1535 1059 1556 sermones

1106 981 1202 1017 ὀρέγου
1232 981 1287 1008 τῶν
1311 980 1442 1008 ποικίλων
1466 980 1549 1007 αὐτοῦ
1576 980 1625 1015 τῆς
1653 978 1753 1011 κακίας
1788 977 1906 1014 βρωμά-

1106 1037 1169 1056 των.

1142 1073 1177 1107 ζ’.
1195 1075 1245 1101 ’ον
1260 1074 1372 1108 τρόπον
1388 1073 1444 1108 τὰρ
1462 1073 1489 1099 εἴ
1511 1080 1557 1105 τις
1579 1071 1713 1105 καταπίῃ
1732 1071 1830 1106 τρίχα,
1851 1071 1907 1097 οῦ-

1107 1130 1164 1155 τως
1182 1121 1277 1149 ἐσθίει
1290 1120 1340 1147 καὶ
1357 1121 1447 1147 πίνει.
1462 1118 1530 1146 Καθ’
1544 1119 1574 1145 ὃν
1586 1118 1642 1153 γὰρ
1664 1117 1766 1153 τρόπον
1788 1118 1802 1144 ὁ
1818 1126 1906 1144 κατα-

1108 1166 1245 1198 πεπωκὼς
1261 1166 1354 1202 τρίχα,
1372 1165 1484 1200 ἰλιγγιᾷ,
1500 1164 1571 1191 οὕτω
1581 1165 1628 1199 καὶ
1642 1165 1724 1195 αὐτὸς
1734 1163 1906 1200 τρεφόμενος

1110 1214 1160 1249 μὲν
1171 1213 1221 1249 τὴν
1237 1212 1349 1244 κακίαν,
1365 1212 1415 1248 τὴν
1425 1212 1448 1239 δ’
1466 1211 1578 1246 ἄγνοιαν
1603 1211 1701 1242 πίνων,
1727 1210 1905 1246 ταράττεται,

1110 1259 1158 1286 καὶ
1170 1259 1355 1286 ἀκαταστατεῖ
1374 1257 1422 1293 τὴν
1436 1257 1554 1293 φυσικὴν
1564 1256 1690 1284 ἀπόλλων
1700 1255 1818 1288 εὐεξίαν.

1145 1348 1228 1382 Μηδὲ
1257 1348 1333 1383 πρὸς
1360 1348 1399 1375 σὲ
1422 1347 1588 1383 εἱσατάγῃς
1602 1346 1707 1379 αὐτὸν,
1730 1347 1778 1374 καὶ
1805 1346 1905 1381 φάγῃς

1108 1395 1162 1422 τὸν
1176 1395 1281 1429 ψωμόν
1291 1403 1350 1421 σου
1360 1394 1423 1429 μετ’
1437 1394 1539 1422 αὐτοῦ.
1555 1394 1627 1430 Μήτ’
1656 1395 1684 1420 ὲν
1708 1391 1748 1425 οἷς
1777 1393 1905 1427 πράττεις

1109 1442 1159 1476 τὴν
1170 1441 1281 1476 ἀρετὴν,
1294 1440 1347 1475 δῷς
1369 1440 1444 1475 αὐτῷ
1460 1441 1587 1476 πάροδον,
1617 1440 1664 1467 τοῦ
1690 1439 1841 1466 συνεσθίειν
1864 1448 1904 1465 σοι

1111 1487 1196 1522 αὐτὴν
1206 1487 1234 1514 ἐν
1248 1487 1287 1522 τῷ
1301 1486 1483 1522 ὑπαγορεύειν
1504 1486 1553 1518 τὰς
1571 1486 1710 1517 ἐπιτάσεις
1737 1485 1833 1520 αὐτῆς.

1145 1538 1181 1570 η’.
1197 1534 1348 1569 Ἐξεμέσει
1358 1535 1413 1568 γὰρ
1428 1533 1533 1567 αὐτὸν,
1554 1533 1604 1560 καὶ
1627 1532 1804 1567 λυμανεῖται
1831 1532 1903 1565 τοὺς

266 1583 324 1605 tuos
339 1577 430 1604 bonos.
450 1575 513 1603 Mox
526 1575 629 1603 etenim
646 1574 775 1602 virtutem
791 1578 963 1605 contemnet,
977 1580 991 1599 a
1006 1573 1059 1599 tiue

1112 1581 1223 1614 λόγους
1236 1587 1295 1606 σου
1310 1579 1382 1611 τοὺς
1401 1579 1525 1611 καλούς.
1545 1577 1735 1604 Ἀποὸαλεῖται
1762 1577 1816 1612 γὰρ
1840 1577 1905 1603 ταύ-

267 1623 420 1652 sccunduin
439 1622 526 1649 Deum
547 1625 655 1649 avertet
670 1625 708 1654 te,
727 1623 831 1648 rectam
846 1623 922 1647 tuam
936 1626 1060 1646 corrum—

265 1676 312 1706 pet
331 1670 522 1701 intentionem,
540 1668 590 1696 tibi
608 1667 731 1695 suadens
750 1667 880 1703 virtutem
898 1665 1002 1700 ﬁngere
1026 1664 1062 1692 ob

268 1726 367 1744 vanam
386 1716 504 1752 gloriam
520 1714 554 1742 ad
572 1721 670 1741 auram
699 1713 865 1749 popularem
882 1712 1060 1748 captandam.

304 1806 389 1833 Vens.
412 1806 438 1834 9.
465 1804 500 1833 In
525 1812 603 1832 aures
632 1803 810 1838 imprudentis
836 1802 892 1829 noli
917 1801 1062 1837 quidquam

268 1854 371 1885 dicere;
400 1861 431 1879 ne
457 1852 525 1887 forte
548 1851 661 1878 irrideat
683 1851 815 1884 sapientes
840 1857 974 1877 sermones
991 1853 1061 1875 tuos.

268 1900 380 1927 Nullum
407 1899 593 1934 pretiosorqu
615 1896 663 1925 Dei
692 1903 854 1925 sermonum
882 1902 1006 1930 propone
1034 1895 1061 1921 in

270 1947 395 1974 auditum
413 1945 613 1977 irrationaliter
629 1943 759 1976 viventis,
775 1946 802 1969 et
819 1942 894 1970 sicut
914 1948 1015 1976 porcus
1033 1940 1060 1966 iu

269 2000 348 2021 emno
374 1993 545 2027 voluptatum
572 1998 602 2018 se
629 1989 792 2022 volutantis.
807 1996 842 2016 ne
855 1988 927 2015 forte
946 1986 1063 2015 irrideat

270 2047 413 2068 sermones
427 2043 490 2065 tuos
508 2039 535 2064 in
553 2037 672 2064 veritate
683 2036 865 2063 constitutos.

305 2085 389 2112 Vnus.
405 2085 448 2111 10.
470 2082 512 2110 Ne
525 2082 675 2117 transferas
694 2081 819 2108 terminos
837 2084 966 2112 azternos;
988 2083 1013 2106 et
1035 2080 1062 2104 in

270 2132 460 2167 possessionem
472 2130 653 2162 orpltanorum
667 2136 697 2155 ne
708 2127 881 2163 ingrediaris.
895 2126 933 2153 Ne
948 2126 1062 2153 submo—

271 2187 336 2206 vcas
354 2182 457 2205 acterna
474 2175 522 2203 Dei
545 2175 662 2210 judicia,
683 2174 824 2209 abripiens
842 2172 980 2207 judicium
1002 2171 1063 2206 ejus

272 2225 344 2260 quod
361 2229 424 2251 ante
439 2229 547 2258 tempus
572 2221 624 2248 fuit
647 2221 809 2253 decretum;
825 2223 851 2246 et
876 2219 904 2246 in
929 2218 1061 2245 malitiam

1113 1635 1162 1662 την
1179 1626 1209 1653 οὺ
1223 1625 1292 1661 μετὰ
1305 1625 1386 1658 πολὺ,
1403 1623 1556 1658 ἀπαγαγών
1570 1632 1599 1650 σε
1611 1622 1658 1650 τοῦ
1676 1623 1749 1650 κατὰ
1762 1623 1829 1649 Θεὸν
1845 1632 1905 1650 σκο-

1113 1672 1166 1699 ποῦ
1184 1680 1191 1687 ο
1211 1671 1258 1698 καὶ
1270 1670 1366 1706 φθερεῖ
1382 1670 1445 1702 τοὺς
1460 1670 1503 1696 ἐπ’
1517 1669 1587 1705 αὐτῇ
1606 1669 1725 1704 ἀγαθοὺς
1747 1669 1903 1704 λογισμοὺς,

1113 1717 1214 1744 πείθων
1230 1725 1259 1743 σε
1274 1715 1471 1751 ὑποκρίνεσθαι
1497 1714 1602 1749 ταύτην
1614 1714 1658 1741 διὰ
1674 1713 1828 1745 κενοδοξίαν
1858 1713 1905 1739 καὶ

1113 1763 1388 1800 ἁνθρωπαρέσκειαν.

1149 1811 1242 1844 θ’.Εὶς
1255 1808 1316 1837 ὦτα
1331 1809 1463 1844 ἄφρονος
1482 1808 1580 1843 μηδὲν
1601 1807 1682 1843 λέγε,
1713 1806 1830 1843 μήποτε
1848 1815 1906 1841 μυ-

1113 1857 1241 1891 κτηρίσῃ
1266 1855 1338 1889 τοὺς
1360 1855 1511 1887 συνετοὺς
1525 1854 1637 1889 λόγους
1653 1861 1722 1881 σου.
1734 1853 1847 1889 Μηδένα
1856 1853 1906 1879 τῶν

1113 1902 1194 1930 θείων
1211 1902 1258 1929 καὶ
1275 1901 1466 1938 μαργαρωδῶν
1478 1901 1576 1935 λόγων,
1592 1900 1633 1932 εις
1652 1900 1786 1934 ἀκρόασιν
1814 1899 1907 1933 προτί-

1113 1949 1154 1976 θει
1183 1948 1230 1976 τοῦ
1258 1948 1408 1983 ἀλογίστως
1433 1946 1566 1982 βιοῦντος,
1584 1946 1632 1973 καὶ
1659 1946 1737 1981 δίκην
1765 1945 1857 1981 χοίρου
1869 1945 1906 1980 τῷ

1114 1994 1236 2030 βορϐόρῳ
1251 1993 1305 2020 τῶν
1318 1992 1418 2028 ἡδονῶν
1432 1991 1590 2026 ἐγκαλινδου
1596 1991 1677 2026 μένου
1689 1998 1695 2005 ·
1731 1992 1837 2026 μήποτε
1859 1990 1907 2016 ἑπ-

1112 2041 1248 2076 εγγελάσῃ
1264 2041 1319 2070 τοῖς
1331 2040 1364 2074 τῇ
1378 2038 1492 2073 ἀληθεία
1507 2037 1643 2073 στοιχοῦσι
1656 2036 1746 2071 λόγοις
1759 2045 1817 2064 σου.

1150 2089 1175 2112 ι’.
1186 2085 1235 2119 Μὴ
1243 2084 1375 2121 μεταθῇς
1387 2084 1453 2118 ὅρια
1465 2083 1570 2111 αἰώνια
1583 2091 1590 2098 '
1604 2083 1648 2115 εἰς
1662 2082 1697 2109 δὲ
1708 2081 1805 2116 κτῆμα
1816 2082 1909 2116 ὀρφα-

1113 2133 1175 2160 νῶν
1200 2131 1244 2167 μὴ
1271 2131 1423 2164 εἰσέλθῃς.
1454 2129 1501 2166 Μὴ
1528 2129 1670 2165 μετακίνει
1694 2128 1728 2156 τὰ
1746 2128 1797 2163 πρὸ
1810 2128 1908 2159 αἰῶνος

1114 2179 1213 2211 παντὸς
1227 2178 1273 2205 τοῦ
1288 2177 1355 2204 Θεοῦ
1380 2176 1519 2213 κρίματα,
1540 2175 1713 2211 ἀφαρπάζων
1740 2175 1789 2210 τὴν
1817 2176 1909 2210 κρίσιν

1114 2226 1196 2254 αὑτοῦ
1212 2225 1265 2260 πρὸ
1278 2225 1375 2260 καιροῦ
1391 2232 1399 2239 ⁸
1416 2223 1463 2250 καὶ
1475 2223 1516 2254 είς
1527 2222 1577 2258 τὴν
1592 2222 1664 2249 κατὰ
1676 2221 1837 2256 προαίρεσιν
1846 2221 1909 2246 ἐπι-

272 2271 402 2299 consulto
415 2270 579 2304 acquisitam
597 2268 632 2295 iis
652 2267 699 2302 qui
715 2273 750 2293 ex
764 2266 913 2300 adoptione
925 2263 972 2290 Dci
986 2263 1059 2291 exci-

1117 2272 1263 2307 κτηθεῖσαν
1278 2270 1377 2298 κακίαν
1389 2271 1445 2301 τοῖς
1462 2268 1611 2296 ἐκπεσοῦσι
1623 2267 1674 2302 τῆς
1696 2267 1744 2294 τοῦ
1763 2266 1831 2293 Θεοῦ
1854 2267 1910 2292 υἱο-

272 2318 351 2350 dunt,
373 2324 423 2352 per
443 2314 637 2342 mandatorum
660 2313 719 2348 ejus
747 2311 1010 2347 transgressionem,
1030 2318 1065 2337 ne

273 2364 447 2400 temetipsum
462 2362 599 2394 inducas,
618 2360 750 2396 judicans
770 2367 819 2386 eos
844 2359 878 2386 de
904 2358 938 2385 iis
964 2357 1066 2393 quibus

272 2419 327 2446 qua
339 2410 466 2438 homines
482 2409 624 2436 labuntur.

313 2457 395 2485 Vens.
414 2457 458 2483 Η.
479 2456 531 2489 Qui
544 2455 615 2482 enim
629 2453 738 2481 redemit
748 2460 792 2479 eos
816 2451 945 2478 Dominus
960 2451 1064 2479 ualidus

274 2510 324 2537 est,
346 2510 371 2531 et
382 2503 516 2539 judicabit
525 2502 660 2538 judicium
678 2509 770 2528 eorum
794 2505 888 2528 tecum.
906 2499 977 2527 Deus
991 2500 1064 2527 enim

275 2552 451 2586 omnipotens
473 2551 538 2579 illos
554 2549 689 2585 quidema
702 2547 808 2574 malitia
821 2546 968 2578 liberabit;
984 2554 1066 2581 super

276 2602 304 2625 te
318 2601 410 2624 autem
428 2595 548 2624 adducet
561 2595 699 2630 judicium
719 2602 767 2622 eos
782 2601 908 2628 manens,
923 2597 950 2622 et
961 2593 1067 2629 judicio

278 2651 332 2679 quo
345 2642 455 2678 judicas
469 2642 540 2670 alios
553 2641 736 2677 judicaberis.

314 2731 396 2758 Vnus.
413 2731 456 2759 12.
477 2731 519 2758 Da
533 2731 559 2758 in
571 2730 741 2765 disciplinam
756 2739 802 2758 cor
821 2735 906 2759 tuum.
925 2731 998 2759 Oﬂ‘er
1013 2731 1069 2758 Deo

280 2779 448 2806 intellectum
465 2782 554 2812 tuum,
579 2783 610 2805 ut
633 2778 735 2806 divinis
746 2778 962 2814 cogitationibus
986 2779 1068 2806 indu-

279 2829 358 2852 catur
372 2823 406 2851 ad
420 2824 544 2852 meliora.

1115 2318 1217 2350 θεσίας,
1234 2317 1277 2344 διὰ
1292 2317 1342 2351 τῆς
1357 2315 1411 2342 τῶν
1424 2315 1539 2342 ἐντολῶν
1557 2313 1640 2341 αὑτοῦ
1653 2313 1850 2348 παραϐάσεως,
1870 2312 1909 2347 μὴ

1114 2363 1213 2390 σαυτὸν
1237 2361 1399 2397 εἰσαγάγῃς,
1429 2358 1602 2394 κατακρίνων
1628 2357 1728 2389 αὐτοὺς
1750 2357 1793 2391 ἐφ’
1808 2353 1850 2388 οἷς
1869 2356 1910 2387 ὡς

1114 2409 1252 2443 ἄνθρωποι
1268 2407 1479 2434 ὀλισθαίνουσιν.

1152 2458 1196 2482 ια’.
1218 2455 1248 2481 '0
1264 2453 1318 2489 γὰρ
1333 2452 1537 2486 λυτρούμενος
1554 2450 1666 2483 αὐτοὺς
1697 2449 1814 2484 Κύριος,
1838 2456 1910 2482 κρα-

1119 2500 1199 2532 ταιός
1211 2500 1277 2526 ἐστι
1287 2507 1293 2513 ·
1304 2498 1352 2525 καὶ
1361 2497 1458 2532 κρινεῖ
1466 2495 1524 2531 τὴν
1532 2497 1635 2530 κρίσιν
1646 2494 1745 2522 αὐτῶν
1753 2494 1828 2529 μετὰ
1840 2494 1909 2520 σοῦ.

1124 2546 1153 2573 'U
1164 2546 1217 2581 γὰρ
1234 2546 1300 2577 Θεὸς
1312 2543 1356 2572 οἷα
1374 2545 1463 2572 πάντα
1479 2543 1640 2578 δυνάμενος,
1659 2541 1771 2572 τούτους
1790 2540 1840 2576 μὲν
1861 2541 1911 2574 τῆς

1119 2593 1218 2624 κακίας
1233 2591 1383 2625 ἀπαλλάξει
1394 2599 1400 2607 ·
1418 2591 1465 2617 ἐπὶ
1482 2589 1512 2616 σὲ
1529 2589 1551 2616 δ’
1563 2589 1707 2622 ὲπενὲγκει
1735 2587 1786 2622 τὴν
1811 2586 1913 2620 ἀναμέ-

1121 2647 1217 2666 νουσαν
1233 2638 1343 2670 τούτους
1354 2637 1527 2672 κατάκρισιν,
1542 2636 1570 2662 ὲν
1581 2631 1603 2669 ᾧ
1617 2634 1733 2670 κρίματι
1744 2633 1837 2668 ἓτερον
1851 2632 1912 2668 κρί-

1122 2695 1177 2717 νεις
1190 2685 1429 2720 κατακρινόμενον.

1162 2732 1204 2768 ιβ’.
1221 2733 1275 2764 Δὸς
1290 2732 1333 2764 εις
1344 2729 1481 2757 claros/ar
1495 2728 1552 2762 τὴν
1569 2727 1697 2761 καρδίαν
1718 2733 1785 2752 σου.
1818 2724 1912 2759 [lapa-

1124 2787 1188 2814 σχου
1220 2777 1279 2812 Θεῴ
1295 2777 1325 2803 τὸ
1339 2774 1508 2810 διανοητικόν
1526 2782 1586 2806 σου,
1612 2773 1656 2799 ἵνα
1678 2773 1738 2803 ταῖς
1757 2771 1843 2801 θείαις
1874 2771 1915 2795 ἐν-

1123 2825 1209 2855 νοίαις
1226 2823 1358 2858 ὲνὰγηται
1370 2821 1437 2858 πρὸς
1448 2821 1482 2849 τὰ
1493 2820 1646 2856 κρείττονα.

1070 2882 1186 2912 NOTAE.

314 2918 353 2955 (i)
366 2918 437 2955 Lege
449 2917 540 2946 ἀετοῦ.
557 2918 634 2946 Eutr.
