2072 3161
273 161 342 194 1453

796 154 1064 187 COMMENTARII
1082 154 1121 184 IN
1148 153 1372 184 PROVERBIA.

1835 148 1901 179 1454

305 217 344 244 Τὰ
369 216 403 244 δὲ
416 214 476 243 ὦτά
494 223 553 243 σου
569 214 732 249 ἐτοίμασον
754 213 858 248 λόγοις
880 213 1060 246 αἰσθήσεως.

1137 210 1222 237 Aures
1232 215 1319 236 autem
1327 214 1386 236 tuas
1396 207 1490 235 adhibe
1498 206 1661 235 sermonibus
1671 205 1902 234 sensus.Faculta—

266 264 323 295 Τὰς
348 264 371 290 δ’
396 261 549 293 ἐπιπειθεῖς
574 261 647 296 λόγῳ
659 260 706 287 τοῦ
721 259 873 295 παθητικοῦ
889 259 989 295 μέρους
1007 259 1057 293 τῆς

266 310 356 346 ψυχῆς
372 318 418 336 σου
438 309 581 344 δυνάμεις,
597 308 647 344 τὴν
661 307 808 342 ἐπιθυμίαν
829 307 876 333 καὶ
900 307 945 333 τὸν
961 306 1056 341 θυμὸν,

268 355 430 390 εὐτρέπισον
456 353 597 387 λογισμοῖς
628 353 684 384 τοῖς
707 351 876 386 διακρίνουσι
913 351 943 378 τὸ
973 351 1057 381 ὄντως

268 401 370 435 ἀγαθὸν
387 399 440 426 ἀπὺ
452 399 499 425 τοῦ
512 397 693 433 νομιζομένου
705 406 711 412 -
722 397 793 424 ὥστε
807 397 856 431 τὴν
874 397 933 429 μὲν,
948 396 995 422 τοῦ
1015 396 1058 422 ὅν-

267 455 322 477 τως
341 445 486 480 ὀρὲγεσθαι
503 443 605 478 ἀγαθοῦ
622 451 628 457 ·
643 442 689 470 τὸν
704 442 743 475 δὲ,
757 443 786 469 τὸ
800 442 978 478 νομιζόμενον
989 442 1058 469 ἀπο-

269 492 443 528 στρέφεσθαι.

306 573 350 608 ιγ’.
363 571 412 606 Μὴ
430 571 554 606 ἀπόσχῃ
569 570 679 604 νήπιον
691 570 843 597 παιδεύειν
860 577 867 586 ·
881 570 926 596 ὅτι
936 569 990 596 ἐὰν
1002 576 1059 595 πα-

269 619 364 653 τάξῃς
375 617 470 645 αὑτὸν
480 617 592 652 ῥάϐδῳ,
606 618 642 644 οὐ
663 615 705 651 μὴ
728 615 875 650 ἀποθάνῃ.
897 615 943 651 Μὴ
967 615 1059 650 παύσῃ

269 665 300 692 τδ
314 663 456 700 νηπιωδῶς
471 663 598 698 φρονοῦν,
610 663 656 690 καὶ
668 662 818 696 ἀλογίστως
831 661 980 696 φερόμενον
996 669 1061 696 σαρ-

270 711 330 738 κίον
346 719 404 741 σου,
417 709 485 746 πρὸς
495 709 626 745 ἐργασίαν
639 708 781 744 ῥυθμίζειν
791 708 837 735 τοῦ
852 706 955 741 ἀγαθοῦ
967 715 974 722 ·
985 707 1061 733 ἐπει-

270 757 358 792 δήπερ
371 757 395 783 sl
409 756 448 787 ὡς
466 755 495 782 ἐν
505 764 558 782 τινι
571 755 674 790 ῥάϐδῳ,
694 754 766 790 λόγῳ
792 752 972 784 ταπεινώσεις
994 751 1061 779 αὐτὸ

271 800 440 833 ὕπωπιάζων
455 802 502 829 καὶ
514 800 707 835 δουλαγωγῶν,
722 799 752 826 οὐ
774 799 812 835 μὴ
831 798 980 835 διαφθαρῇ,
1009 797 1062 825 κᾶν

272 847 409 883 ὑποτρέχῃ
427 856 456 873 σε
473 846 555 881 φόϐος
568 845 698 875 τοιοῦτος.

1109 259 1149 283 tes
1160 259 1252 291 autem
1273 262 1334 289 qua:
1342 254 1441 281 animae
1449 253 1518 288 parti
1530 252 1665 280 sentitiva:
1673 251 1814 284 obediunl,
1821 259 1902 286 appr-

1108 301 1189 329 titum
1202 299 1560 334 scilicetconcupiscibilem
1571 302 1598 325 et
1608 298 1759 333 appetitum
1773 297 1901 324 irascibi-

1110 347 1175 380 lem,
1190 354 1312 382 [πωροι-ιι
1333 344 1592 372 ratiocinationibus
1606 351 1667 379 quas
1684 351 1780 371 verum
1800 344 1903 371 bonum

1109 393 1271 421 discernunt
1286 392 1319 420 ab
1335 399 1368 419 eo
1377 391 1450 427 quod
1470 394 1601 418 censetur
1616 391 1736 423 bonum;
1754 390 1903 425 appetitum

1109 438 1219 474 quidem
1231 437 1476 473 concupiscibilem
1496 434 1531 463 ut
1543 444 1637 464 verum
1654 435 1755 464 bonum
1769 437 1904 470 concupi-

1109 488 1178 518 scat,
1207 484 1377 512 irascibilem
1415 486 1508 510 autem
1531 486 1561 510 ut
1581 481 1616 509 ab
1627 488 1660 509 eo
1683 481 1754 516 quod
1775 486 1906 509 censetur

1109 530 1212 558 bonum
1232 533 1382 558 avertatur.
1519 558 1522 561 ,

1148 576 1231 604 Vens.
1247 576 1292 604 15.
1313 575 1380 604 Noli
1395 575 1551 603 subtrahere
1580 583 1597 602 a
1612 583 1692 610 puero
1713 573 1880 609 disciplinam
1896 581 1905 601 :

1110 623 1133 649 εἰ
1157 623 1228 649 enim
1250 621 1410 656 percusseris
1432 628 1491 647 eum
1525 620 1610 654 virga,
1636 627 1687 646 non
1710 617 1908 645 morietur.‘Ne

1111 667 1268 696 cessaveris
1283 673 1395 693 carnem
1409 665 1527 701 puerilia
1541 665 1708 693 sentientem
1732 669 1759 692 et
1780 665 1814 691 ad
1838 665 1908 691 irra-

1111 713 1228 741 tionalia
1244 712 1408 747 proclivem,
1423 711 1542 746 dirigere
1561 710 1595 737 ad
1614 709 1802 746 operationem
1824 709 1906 741 boni;

1112 759 1248 795 siquidem
1276 758 1351 786 illam
1379 757 1490 785 ratione
1520 756 1600 791 quasi
1628 756 1707 792 virga
1737 755 1908 782 Immilinlam

1113 804 1267 841 subjeceris
1282 808 1310 831 et
1329 803 1357 831 in
1379 802 1541 831 servitutem
1557 800 1708 836 redegeris,
1733 808 1787 828 non
1806 800 1910 828 interli-

1115 851 1215 884 cietur,
1227 850 1279 878 etsi
1292 850 1375 877 timor
1390 849 1454 877 talis
1469 849 1497 876 iu
1511 851 1630 876 mentem
1641 847 1692 876 tibi
1705 847 1813 875 subeat.

306 893 347 920 ιδ’.
362 893 403 920 Σὺ
416 892 475 927 μὲν
492 891 549 927 γὰρ
563 890 709 924 aaniqu
728 889 823 917 αὐτὸν
836 888 947 923 ῥάϐδῳ,
960 888 1018 923 τὴν
1031 888 1065 915 δὲ

1155 894 1238 923 Vens.
1255 893 1299 921 M.
1312 894 1352 922 Τιι
1366 893 1471 930 quidem
1483 894 1612 928 percuties
1622 902 1683 921 eum
1698 894 1782 928 uirga,
1791 894 1910 920 animam

274 939 381 973 ψυχὴν
392 938 486 965 αὑτοῦ
509 938 543 965 ἐκ
564 936 695 964 θανάτου
707 935 803 970 ῥύσῃ.
828 936 864 962 Σὺ
886 935 936 970 μὲν
949 934 1014 970 γὰρ,
1030 934 1067 966 ὡς

273 986 392 1021 εἴρηται,
416 984 600 1016 ταπεινώσεις
618 983 698 1015 αὐτὸ,
713 983 750 1014 ὡς
766 982 799 1009 ἂν
816 982 853 1017 μὴ
871 981 1018 1018 παρασύρῃ
1039 990 1068 1008 σε

272 1033 311 1063 εἰς
321 1031 462 1066 κρημνοὺς
472 1030 570 1061 κακίας
577 1030 623 1056 καὶ
633 1028 768 1065 βάραθραο
777 1027 826 1063 τὴν
832 1027 860 1054 δὲ
881 1027 1068 1061 ζωογονοῦσαν

272 1077 350 1104 τοῦτο
364 1077 454 1112 ψυχήν
470 1085 527 1107 σου,
545 1075 626 1111 ἐξέλῃ
642 1075 688 1102 τοῦ
706 1074 767 1101 καθ’
782 1074 921 1110 ἁμαρτίαν
938 1073 1067 1101 θανάτου.

309 1123 350 1155 ιε’,
366 1126 414 1155 ις’.
429 1122 485 1155 Υἱὲ,
510 1121 568 1149 ἐὰν
587 1120 670 1156 σοφὴ
696 1120 819 1156 γένηταί
839 1127 898 1146 σου
913 1119 932 1153 ὴ
951 1119 1068 1154 καρδία,

272 1168 434 1203 εὐφρανεῖς
448 1168 498 1195 και
513 1167 571 1202 τὴν
590 1167 669 1202 ἐμὴν
686 1166 814 1200 καρδίαν
827 1174 834 1181 ·
854 1166 903 1193 καί
922 1166 1069 1199 ἐνδιατρί-

275 1215 324 1249 ψει
338 1213 441 1246 λόγοις
464 1212 501 1239 τὰ
518 1212 559 1239 σὰ
581 1212 668 1247 χείλη
684 1212 760 1246 πρὸς
784 1211 821 1238 τὰ
840 1211 897 1246 ἐμὰ
915 1211 1012 1245 χείλη,
1030 1210 1069 1237 ἂν

275 1258 347 1292 ὀρθὰ
367 1257 434 1285 ὦσι.
455 1257 568 1289 Τέκνον,
586 1256 601 1282 ὃ
626 1255 821 1290 πνευματικῶς
842 1256 904 1286 ταῖς
932 1255 1012 1289 ἐμαῖς
1030 1255 1068 1281 δι-

274 1302 436 1334 δασκαλίαις
457 1302 589 1337 natm“,
610 1301 658 1328 ἐὰν
679 1301 760 1335 λόγου
786 1301 861 1327 θείου
881 1300 1004 1337 μετάσχῃ
1021 1308 1068 1327 σου

275 1348 388 1385 ἡψυχὴ,
415 1348 577 1384 ἀγαλλίασιν
598 1348 646 1374 καὶ
671 1348 704 1383 τῇ
730 1348 784 1382 ἐμῇ
798 1347 871 1383 ψυχῇ
896 1347 1067 1382 ἐμποιήσεις,

275 1395 365 1423 οἰκεῖά
389 1404 440 1431 μου
468 1394 646 1430 λογιζομένου
667 1393 702 1420 τὰ.
725 1393 778 1420 σά.-
804 1393 852 1419 ml.
870 1392 904 1419 τὰ
922 1392 1001 1426 λόγια
1022 1400 1068 1418 σου

277 1442 345 1477 πρὸς
360 1441 394 1468 τὰ
410 1441 464 1476 ἐμὲ
478 1440 516 1473 ὼς
533 1440 602 1476 πρός
614 1448 676 1466 τινα
689 1439 790 1466 κανόνα
818 1438 999 1474 παραϐαλεῖς,
1021 1438 1069 1464 καὶ

279 1487 469 1519 συνεξετάσεις
486 1486 533 1513 ἐὰν
545 1486 710 1522 ὑπάρχωσιν
723 1484 823 1521 ἀληθῆ.

314 1533 358 1565 ιζ’,
372 1532 416 1568 ιη’.
427 1532 474 1567 Μὴ
491 1532 622 1567 ζῆιλούτω
638 1533 656 1566 ἠ
673 1531 779 1565 καρδία
790 1539 849 1558 σου
861 1530 1068 1565 ἁμαρτωλοὺς,

277 1580 358 1606 ἀλλὰ
387 1579 421 1605 ἐν
436 1579 516 1613 φόϐῳ
540 1578 653 1612 Κυρίου
676 1578 738 1604 ἴσθι
758 1577 835 1610 ὅλην
851 1576 909 1609 τὴν
938 1577 1069 1611 ἡμέραν·

277 1623 331 1650 ἐὰν
347 1625 400 1658 γὰρ
412 1623 551 1657 τηρήσῃς
567 1622 654 1654 αὐτὰ,
675 1621 762 1649 ἔσται
780 1629 830 1648 σοι
846 1620 958 1656 ἔκγονα
971 1629 978 1637 ·
999 1621 1019 1654 ἡ
1038 1620 1072 1647 δὲ

277 1670 366 1702 ἐλπίς
381 1677 439 1696 σου
464 1669 520 1696 οὐκ
541 1668 759 1702 ἀποστήσεται.
783 1668 830 1702 Μὴ
842 1667 906 1698 τοὺς
921 1667 975 1693 τῶν
991 1667 1072 1694 θείων

278 1715 394 1742 ἐντολῶν
422 1715 585 1751 παραϐάτας
614 1714 754 1750 μιμείσθω
782 1722 829 1740 σου
851 1714 867 1748 ὴ
895 1713 978 1748 ψυχὴ,
1003 1712 1072 1740 ἀλλὰ

280 1762 361 1796 φόὸον
376 1760 421 1796 ἔχε
443 1760 491 1787 τοῦ
514 1759 570 1787 τῶν
590 1759 658 1786 ὅλων
678 1758 816 1786 Δεσπότου
841 1758 921 1791 Θεοῦ,
940 1758 994 1789 ἕως
1005 1757 1039 1785 ἂν
1055 1758 1072 1793 ἡ

277 1807 325 1834 τοῦ
348 1806 464 1834 θανάτου
492 1806 541 1839 νὺξ
568 1805 723 1842 καταλάϐῃ.
753 1804 817 1832 Ἐἀν
845 1804 899 1839 γὰρ
927 1803 1072 1839 ἀμφότερα

279 1852 367 1880 ταῦτα
394 1852 538 1888 φυλάξῃς,
569 1851 641 1883 ἕξεις
675 1850 807 1886 μαθητῶν
822 1849 984 1885 -μαθητάς,
1008 1849 1072 1881 τοὺς

281 1895 432 1930 ἑπομένους
444 1897 477 1931 τῇ
494 1895 653 1930 διδασκαλίᾳ
671 1903 730 1927 σου,
746 1896 794 1921 καὶ
809 1895 855 1921 τὸν
868 1894 1015 1929 ἇμεμπτόν
1026 1903 1072 1921 σου

281 1940 337 1972 βίον
354 1940 513 1976 ζηλοῦντας,
529 1940 576 1967 καὶ
590 1940 719 1967 οὐδέποτε
744 1939 907 1972 ἀπελπίσεις
923 1939 972 1975 τὴν
986 1947 1074 1975 σωτη-

282 1987 343 2022 ρίαν
359 1995 417 2014 σου.

317 2033 358 2060 ιϐ’.
378 2033 493 2066 Ἄκουε,
513 2032 570 2065 υίὲ,
592 2031 641 2059 καὶ
660 2031 758 2066 σοφὸς
779 2031 882 2066 γίνου·
897 2031 947 2058 καί
968 2031 1073 2058 κατεύ-

279 2080 352 2106 θυνε
368 2078 490 2106 ἔννοιαν
511 2078 572 2112 σῆς
596 2077 732 2112 καρδίας.
756 2076 873 2109 Ἀπόθες
895 2086 941 2113 μοι
964 2078 998 2104 τὰ
1017 2074 1075 2105 ὦτά

282 2133 340 2157 σου,
354 2125 460 2156 τέκνον,
472 2124 518 2150 καὶ
529 2123 603 2150 θείου
620 2123 820 2158 μεταλαμϐανε
835 2123 926 2157 λόγου,
943 2124 991 2150 καὶ
1003 2123 1075 2151 κατά

281 2170 375 2196 τοῦτον
400 2169 548 2196 κατεύθυνε
569 2168 618 2204 τὴν
642 2168 755 2205 πρώτην
778 2169 850 2195 κατὰ
880 2168 942 2195 νοῦν
965 2169 1074 2203 κίνησιν

1084 1555 1105 1584 C

1119 945 1208 968 autem
1220 941 1278 976 ejus
1298 949 1314 967 ιι
1334 945 1418 968 morte
1440 939 1575 968 liberabis.
1597 939 1666 967 Nam
1682 935 1713 967 t'u
1732 939 1857 975 quidem,
1880 945 1911 967 ut

1119 987 1250 1019 diximus,
1265 986 1431 1018 humiliabis
1448 993 1508 1013 eam
1522 990 1553 1013 ut
1567 993 1622 1013 non
1635 989 1663 1013 te
1677 985 1795 1021 abripiat
1809 985 1836 1012 in
1851 986 1910 1012 vitii

1119 1031 1300 1067 praecipitium
1315 1035 1342 1058 et
1361 1032 1388 1058 in
1405 1031 1574 1066 perniciem;
1591 1030 1710 1057 animam
1726 1035 1818 1058 autem
1835 1035 1910 1058 tuam

1123 1084 1185 1113 qua:
1199 1077 1272 1104 illam
1289 1076 1410 1103 viviﬁcat
1425 1084 1439 1104 a
1456 1080 1543 1103 morte
1561 1076 1665 1111 peccati
1679 1075 1822 1104 liberabis.

1155 1122 1239 1150 Vens.
1256 1122 1359 1156 15,16.
1378 1120 1445 1156 Fili,
1468 1122 1491 1149 si
1505 1122 1611 1156 sapiens
1624 1121 1706 1156 fuerit
1718 1122 1822 1149 animus
1836 1126 1909 1153 tuus.

1118 1170 1244 1206 gaudebit
1259 1174 1344 1197 tecum
1364 1177 1411 1197 cor
1428 1177 1528 1202 meum,
1544 1174 1570 1196 et
1583 1169 1795 1196 immorabantur
1811 1177 1910 1196 sermo-

1119 1217 1194 1245 nibus
1209 1223 1255 1244 lua
1269 1216 1340 1244 labia
1351 1216 1385 1243 ad
1398 1224 1456 1243 mea
1463 1215 1546 1247 labia,
1559 1215 1582 1242 si
1597 1220 1670 1242 recta
1682 1215 1745 1242 sint.
1755 1214 1816 1244 Fili.
1829 1223 1910 1250 quam

1120 1262 1308 1297 spiritualiter
1328 1261 1399 1289 meis
1415 1260 1552 1288 doctrinis
1574 1260 1667 1295 genui,
1691 1261 1715 1287 si
1731 1260 1817 1288 divini
1834 1261 1910 1288 verbi

1119 1307 1212 1334 anima
1225 1312 1270 1334 tua
1282 1305 1420 1341 particeps
1437 1305 1509 1333 facta
1523 1304 1616 1339 fuerit,
1638 1305 1740 1341 gaudio
1755 1309 1782 1333 et
1791 1305 1911 1332 animam

1120 1360 1207 1380 meatu
1222 1351 1362 1385 aﬂeceris.
1379 1352 1443 1387 quia
1461 1356 1506 1379 tua
1530 1356 1626 1386 reputo
1649 1359 1729 1379 mea:
1753 1356 1781 1379 et
1803 1352 1913 1387 eloquia

1121 1403 1168 1426 tua
1185 1406 1250 1426 cum
1265 1398 1384 1433 eloquiis
1400 1397 1469 1426 meis
1487 1398 1565 1433 quasi
1581 1397 1615 1425 ad
1629 1397 1775 1432 quamdam
1792 1398 1912 1434 regulam

1120 1445 1257 1477 conferes,
1273 1449 1300 1472 et
1320 1449 1414 1472 utrum
1430 1452 1492 1472 vera
1509 1444 1566 1472 sint
1582 1444 1718 1480 inquires.

1157 1533 1240 1561 Vens.
1256 1533 1354 1566 17,18.
1368 1532 1575 1561 Nonwmuletur
1589 1541 1636 1561 cor
1650 1538 1724 1560 luunt
1737 1539 1888 1567 peccatores
1905 1541 1914 1559 :

1121 1578 1167 1606 sed
1183 1579 1210 1606 in
1229 1580 1324 1606 timore
1343 1578 1391 1606 Dei
1412 1584 1467 1607 esto
1482 1584 1538 1606 tota
1552 1579 1606 1606 die.
1625 1578 1696 1606 Nam
1721 1580 1745 1607 si
1762 1580 1915 1608 observave-

1122 1625 1160 1652 ris
1169 1633 1211 1658 ea,
1220 1630 1297 1652 erunt
1310 1625 1357 1652 tibi
1371 1631 1492 1661 nepotes;
1507 1633 1563 1665 spes
1576 1630 1665 1653 autent
1676 1631 1723 1653 tua
1735 1634 1787 1653 non
1801 1627 1914 1654 recedet.

1121 1670 1161 1699 Ne
1177 1671 1333 1699 divinorum
1346 1673 1537 1699 mandatorum
1553 1675 1775 1707 transgressores
1791 1673 1916 1700 imitetur

1123 1717 1216 1744 anima
1242 1720 1302 1749 tua,
1328 1716 1376 1744 sed
1401 1716 1448 1744 Dei
1477 1717 1671 1744 universorum
1695 1716 1817 1749 Domini,
1845 1717 1915 1745 habe

1123 1763 1263 1796 timorem,
1278 1763 1367 1791 donec
1384 1762 1485 1792 mortis
1499 1770 1554 1790 nox
1570 1763 1709 1791 adveniat.
1727 1763 1756 1791 Si
1770 1767 1917 1799 utrumque.

1123 1809 1330 1841 observaveris,
1345 1809 1459 1836 habebis
1481 1809 1636 1844 discipulos
1654 1809 1854 1844 discipulorum
1869 1811 1916 1846 qui

1123 1855 1277 1882 doctrinam
1303 1858 1379 1881 tuam
1407 1859 1558 1890 sequentur
1584 1862 1617 1882 ac
1646 1854 1916 1889 irrcprehensibilem

1125 1905 1198 1928 tuam
1219 1901 1389 1928 :emulabunt
1399 1901 1495 1934 vitam,
1510 1905 1537 1928 et
1553 1896 1695 1936 nunquam
1714 1901 1748 1929 de
1765 1901 1855 1929 salute
1870 1906 1916 1929 tua

1123 1946 1295 1982 desperabis.

1157 2039 1238 2067 Vens.
1258 2039 1302 2067 i9.
1319 2039 1400 2071 Audi,
1417 2039 1457 2074 [ili
1471 2040 1518 2071 mi,
1540 2044 1566 2067 et
1587 2045 1645 2067 esto
1660 2040 1781 2075 sapiens;
1794 2045 1818 2068 el
1833 2040 1917 2076 dirige

1125 2086 1303 2122 cogitationes
1314 2086 1402 2113 cordis
1413 2086 1462 2112 tui.
1475 2086 1598 2121 Appone,
1609 2085 1659 2118 iiii,
1668 2094 1751 2115 aures
1762 2091 1825 2114 tuas
1836 2088 1915 2120 mihi,

1124 2137 1152 2160 et
1177 2132 1262 2159 divini
1283 2136 1342 2160 esto
1367 2133 1507 2167 particeps
1535 2132 1625 2164 verbi,
1640 2137 1668 2160 et
1678 2133 1831 2160 secundum
1848 2134 1915 2160 lllmt

1125 2178 1239 2206 verbum
1253 2177 1343 2213 dirige
1357 2178 1573 2206 intellectualem
1585 2179 1683 2205 anima:
1695 2183 1747 2206 tum
1757 2183 1874 2212 motum,
1889 2185 1918 2206 ut

282 2216 333 2251 τῆς
347 2215 438 2250 ψυχῆς
455 2223 502 2241 σου
515 2222 522 2229 ·
548 2213 619 2241 ὥστε
642 2216 693 2250 τῆς
715 2214 853 2249 ἀληθείας
864 2214 903 2250 μὴ
919 2214 1068 2250 παρεκτρέ-

1124 2232 1140 2252 a
1155 2226 1270 2253 veritate
1290 2232 1344 2253 non
1360 2225 1505 2253 avertaris.

281 2261 390 2288 πεσθαι.
407 2267 415 2273 '

316 2311 351 2334 κ’.
375 2306 424 2340 Μὴ
446 2306 508 2334 ισθι
529 2306 699 2340 οΖνοπότης,
712 2306 790 2341 μηδὲ
804 2307 939 2334 ἐκτείνοι)
958 2308 1071 2341 συμϐο-

280 2354 360 2386 λαῖς,
375 2352 469 2387 κρεῶν
484 2361 518 2380 τε
542 2352 735 2388 ὰγοριισμοῖς.
753 2353 800 2387 Μὴ
817 2353 875 2388 χρῶ
887 2354 920 2388 τῇ
935 2353 984 2379 τοῦ
999 2354 1071 2380 οἴνου

281 2399 360 2424 πόσει
375 2397 501 2433 ἀμέτρως
511 2405 521 2421 .·
541 2398 610 2432 μήτε
635 2397 688 2433 μὴν
712 2398 759 2424 ἐπὶ
783 2398 852 2425 πολὺ
869 2399 930 2429 ταῖς
956 2398 1072 2432 ἀγοραῖς

281 2444 444 2479 ἐνδιάτριΰε,
469 2444 503 2471 τὰ
531 2445 599 2480 πρὸς
629 2444 779 2479 θεραπείαν
804 2444 854 2480 τῆς
879 2444 997 2480 γαστρός
1024 2453 1071 2471 σου

281 2490 350 2517 ὼνού
355 2498 444 2525 μενος.

316 2539 369 2562 κα’.
390 2535 453 2568 Πᾶς
479 2535 534 2570 γὰρ
546 2535 678 2570 μέθυσος
700 2535 750 2563 καί
767 2537 968 2571 πορνοκόπυς,
994 2543 1071 2562 πτω-

280 2582 384 2616 χεύσει
397 2590 403 2596 ·
418 2582 468 2608 καὶ
492 2582 652 2609 ἐνδύσεται
672 2582 870 2617 διερῤηγμένα
888 2583 938 2608 καὶ
950 2581 1071 2616 ῥακώδη

280 2627 340 2661 πᾶς
356 2627 507 2662 ὑπνώδης.
533 2627 591 2659 Πᾶς
612 2627 668 2663 γὰρ
695 2629 727 2662 τῇ
748 2628 833 2663 πολλῇ
854 2627 1004 2663 οἰνοποσίᾳ,
1024 2625 1071 2652 τοῦ

281 2673 340 2704 νυὸς
362 2672 550 2708 ἐξιστάμενος,
579 2673 626 2700 καὶ
650 2674 680 2699 ἐν
707 2673 746 2708 τῷ
769 2674 819 2709 τὴν
842 2673 964 2708 γαστέρα
990 2672 1071 2707 θερα-

281 2718 386 2751 πεύειν,
400 2719 456 2750 τοῖς
477 2718 672 2754 ὑπογαστρίοις
692 2718 942 2753 ἐκθερμαινόμενος
962 2717 1071 2748 πάθεσι,

282 2764 329 2790 καὶ
341 2763 506 2799 ἐκλυόμενος
523 2765 557 2799 τῇ
573 2764 718 2799 ἀκολασία,
734 2765 894 2791 ἐκπεσεῖται
914 2763 962 2789 τοῦ
978 2771 1007 2788 τε
1022 2771 1073 2789 σω-

284 2807 400 2842 ματικοῦ
416 2809 462 2835 καὶ
479 2809 667 2844 πνευματικοῦ
693 2809 810 2836 πλούτου
820 2816 827 2824 ·
842 2808 1073 2843 καταδάπανήσας

282 2853 332 2882 καὶ
347 2854 523 2891 ἀμφοτέρους
552 2856 581 2883 ἐν
610 2857 668 2888 τοῖς
691 2856 740 2891 τῆς
763 2854 894 2891 αἰσχύνης
917 2854 1010 2890 ἔργοις
1026 2854 1073 2882 καὶ

1159 2303 1240 2332 Vens.
1256 2303 1302 2331 20.
1326 2303 1390 2330 Noli
1403 2312 1460 2331 esse
1481 2304 1509 2330 in
1526 2304 1650 2331 conuiuiis
1675 2309 1827 2339 palatorum
1852 2305 1916 2335 vini,

1122 2357 1168 2376 nec
1183 2349 1209 2375 in
1226 2347 1461 2375 comessationibus
1475 2356 1578 2379 eorum,
1591 2348 1635 2382 qui
1653 2356 1745 2375 carnes
1761 2349 1796 2375 ad
1812 2356 1916 2375 resten-

1122 2394 1186 2420 dum
1199 2393 1348 2428 conferunt.
1370 2391 1409 2419 Ne
1436 2392 1617 2419 immoderate
1636 2392 1693 2419 vini
1719 2397 1784 2427 potu
1810 2395 1916 2425 utaris,

1123 2447 1212 2474 neque
1227 2440 1343 2466 multum
1361 2438 1387 2464 in
1400 2437 1459 2465 foro
1476 2438 1634 2465 immoreris
1646 2438 1680 2465 ad
1693 2438 1839 2466 emendum
1857 2447 1918 2474 quin

1124 2485 1213 2512 ventri
1231 2490 1278 2511 tuo
1296 2484 1462 2511 inserviunt.

1159 2532 1238 2559 Vens.
1256 2530 1302 2564 2i.
1320 2530 1412 2558 Omnis
1427 2530 1496 2557 enim
1518 2530 1605 2557 ebrius
1627 2534 1652 2556 et
1664 2534 1797 2556 scortator
1818 2529 1919 2556 alendi‘

1123 2578 1203 2609 coiit,
1225 2582 1249 2604 et
1268 2577 1392 2603 induatur
1413 2576 1541 2610 disruplis
1562 2581 1587 2603 et
1611 2575 1706 2603 laceris
1723 2576 1818 2610 pannis
1834 2577 1917 2602 omnis

1123 2623 1314 2651 somnolenlus.
1335 2622 1431 2650 Omnis
1447 2623 1519 2650 enim
1546 2622 1628 2649 homo
1647 2622 1739 2650 multa:
1762 2623 1815 2649 vini
1842 2627 1919 2657 [)Olu-

1124 2669 1191 2696 tioni
1205 2668 1314 2696 deditus
1326 2676 1358 2696 ac
1374 2668 1488 2695 servitio
1503 2668 1620 2701 ventris,
1636 2669 1774 2703 corporeis
1784 2676 1918 2696 accensus

1124 2715 1284 2742 libidinibus
1298 2718 1325 2742 et
1338 2714 1364 2740 in
1382 2714 1610 2741 incontinentiam
1625 2715 1788 2750 dissipatus,
1806 2715 1916 2742 divitiis

1125 2765 1182 2793 tum
1200 2760 1390 2795 corporalibus
1404 2764 1462 2787 tum
1478 2760 1668 2795 spiritualibus
1678 2761 1796 2788 excidet.
1808 2760 1920 2790 Utrum-

1124 2815 1178 2843 que
1193 2807 1266 2834 enirn
1294 2806 1427 2841 impendit
1451 2807 1480 2834 in
1497 2807 1629 2843 operibus
1654 2814 1686 2835 ac
1705 2807 1920 2842 cogitationibus

1126 2852 1318 2889 turpitudinis.
1334 2852 1368 2880 Et
1383 2853 1474 2881 omnis
1486 2853 1569 2881 homo
1582 2853 1721 2889 negligens
1736 2857 1764 2881 ct
1776 2853 1803 2880 in
1820 2861 1919 2888 corpo-
