2072 3161
179 185 246 218 1455

827 184 1002 214 PROCOPII
1018 184 1139 214 GAZ/Ei

1742 180 1811 213 1456

178 242 284 269 ralibus
295 245 323 269 et
335 240 362 269 in
374 240 566 276 spiritualibus
577 240 705 268 induetur
716 240 827 275 quidem
835 241 967 276 disruptis

1021 241 1163 276 λογισμοῖς
1177 249 1184 256 ·
1202 240 1250 267 καὶ
1264 249 1298 266 πε
1305 240 1456 276 ριϐαλεῖται
1474 239 1638 274 σωματικῶς
1654 239 1714 274 μὶν,
1729 240 1811 274 χιτῶ-

177 293 204 316 et
214 288 316 316 vilibus
325 288 434 323 pannis,
456 287 548 314 anima
568 291 659 313 autem
677 286 738 321 ejus
750 286 967 320 Iinvolveturw-

177 335 356 370 gitationihus
379 333 477 361 divisis
504 333 576 360 inter
599 332 732 367 plurimas
764 332 967 360 irrationabiles

178 381 335 415 cupidines,
346 384 373 407 et
389 378 519 410 humiles,
539 386 600 413 quae
614 378 648 405 ad
669 379 784 414 gloriam
796 378 841 406 Dei
858 379 967 406 univer-

178 435 273 454 sorum
294 426 426 454 creatoris
441 425 593 460 perducere
608 432 664 452 non
678 425 780 452 valent.

213 556 296 585 Vens.
312 557 357 584 22.
375 557 457 590 Audi,
475 557 524 592 ﬁli,
543 562 645 593 patrem
663 562 737 584 tuum
762 558 806 591 qui
826 558 914 593 genuit
934 562 968 586 te.

177 603 273 635 Obedi,
296 603 332 630 iiIi
364 603 529 637 spiritualis,
547 603 686 631 mandatis
703 603 765 638 ejus
778 603 825 638 qui
852 607 878 630 te
901 603 969 630 ado-

177 650 276 685 ptavit,
291 649 442 678 secundum
457 649 574 684 gratiam
591 657 640 684 per
656 650 734 677 [idem
751 649 797 676 Dei
815 649 841 676 in
859 657 932 676 eum.

212 696 247 723 Et
263 704 294 723 ne
317 700 470 722 contemnas
489 704 549 723 cum
565 697 681 723 senuerit
705 700 790 722 mater
811 700 868 722 tua.
892 695 969 723 Vete-

179 751 236 769 rem
253 743 408 770 doctrinam
423 750 485 777 qua:
499 748 525 770 te
537 743 671 770 enutrivit
687 750 721 770 ne
730 747 892 770 conten-nas
905 743 969 776 quia

175 788 286 820 inﬁrma
315 788 387 815 facta
415 792 481 827 sunt
509 789 635 824 symbola
649 789 726 823 ejus,
754 798 816 817 cum
843 789 969 818 Christus

177 837 272 868 typum
289 841 337 868 per
352 834 437 869 legem
453 840 617 869 expressum
633 842 695 861 vere
710 834 843 870 implevit.

212 921 296 950 Vsus.
305 923 351 950 24.
364 922 433 950 Bene
440 923 616 957 educatpater
625 924 724 957 justus.
736 923 886 951 Commode
894 923 968 951 enim

178 975 227 1002 per
243 969 327 996 talcm
346 969 503 996 doctrinam
521 969 620 996 educat
637 969 709 997 Deus
726 974 803 1004 pater
817 970 967 998 secundum

176 1014 290 1048 gratiam
302 1014 364 1049 ejus
377 1015 422 1048 qui
432 1015 520 1042 credit
534 1015 563 1042 in
581 1022 657 1050 eum,
675 1015 752 1042 illum
776 1023 791 1042 a
809 1016 881 1043 malo
906 1017 968 1052 qui-

175 1060 236 1087 dem
244 1067 382 1089 aversum.
399 1059 432 1086 ad
447 1067 557 1086 oman
575 1064 667 1087 autem
694 1059 819 1088 excitans
838 1061 966 1088 virtutem

173 1105 339 1140 justissimis
352 1104 414 1139 ejus
430 1105 578 1133 mandatis.

212 1150 248 1177 Et
268 1151 295 1177 in
312 1151 369 1185 ﬁlio
393 1151 511 1185 sapiente
532 1151 641 1178 lwtatur
657 1151 749 1178 anima
774 1151 841 1186 ejus.
858 1151 887 1178 In
912 1151 967 1178 ﬁlio

175 1201 266 1223 autem
282 1195 342 1230 ejus
356 1195 507 1224 secundum
521 1197 636 1231 gratiam
652 1197 794 1231 sapientiae
818 1197 909 1231 pleno,
925 1204 968 1223 re-

178 1241 321 1268 focillatur
347 1245 461 1268 sanctus
478 1241 594 1276 spiritus
607 1241 678 1276 ejus,
690 1241 755 1268 dum
772 1241 858 1277 legem
874 1242 967 1277 implet

177 1287 359 1322 spiritualem.
374 1294 428 1314 non
441 1292 514 1314 metu
529 1294 673 1322 pmnarum
692 1287 764 1314 sicut
790 1295 898 1320 servus,
919 1296 968 1316 ne-

176 1340 229 1367 que
247 1331 650 1359 dcsidcrioremunerationum
673 1331 746 1358 sicut
769 1333 966 1364 mercenarius,

176 1377 223 1405 sed
235 1382 261 1404 ut
272 1377 344 1404 {ilius
360 1376 517 1404 mandatum
533 1377 620 1412 patris
632 1384 797 1412 exsequens,
811 1377 967 1413 bonumque

176 1423 240 1457 quia
253 1423 397 1458 pulchrum
415 1421 532 1450 faciens.

1020 297 1068 319 νας
1092 287 1278 323 διερῤωγότας
1299 287 1346 314 καὶ
1368 286 1506 318 εὑτελεῖς⁶
1529 285 1653 321 ψυχικῶς
1671 286 1710 317 δὲ,
1733 286 1811 318 δόξας

1020 333 1086 369 περὶ
1099 333 1146 360 τοῦ
1158 333 1258 364 παντὸς
1269 333 1473 368 μεμερισμένας
1479 333 1539 363 ταῖς
1553 332 1616 367 περὶ
1629 331 1664 358 τὰ
1673 332 1734 358 καθ’
1746 332 1812 359 ἕκα-

1023 388 1085 406 στον
1107 379 1259 413 ἀλογίστοις
1281 378 1451 413 ἐπιθυμίαις,
1482 378 1529 405 καὶ
1553 378 1695 410 ταπεινὰς,
1716 379 1753 410 ὡς
1774 378 1812 414 μὴ

1021 423 1177 457 ἁναγούσας
1192 424 1231 455 εἰς
1244 423 1322 455 δόξαν
1334 423 1380 449 τοῦ
1392 423 1427 449 τὰ
1436 424 1524 450 πάντα
1542 423 1724 458 πεποιηκότος
1732 422 1811 454 Θεοῦ,

1019 469 1094 501 ἄπας
1123 469 1193 505 πρός
1219 478 1249 496 τε
1283 469 1318 496 τὰ
1346 469 1491 504 σωματικὰ
1517 470 1563 496 καὶ
1584 465 1620 496 τὰ
1639 469 1812 505 πνευματικὰ

1021 514 1144 551 ῥᾴθυμος

1056 561 1110 595 κβ’.
1128 561 1250 592 Ἄκουε,
1267 561 1324 593 vis,
1337 561 1449 596 πατρὸς
1471 559 1525 588 τοῦ
1543 559 1751 595 γεννήσαντάς
1763 567 1810 587 σε.

1022 607 1130 639 Πείθου,
1142 606 1236 634 τέκνον
1250 607 1438 642 πνευματικὸν
1449 627 1457 639 ,
1473 608 1534 638 ταῖς
1551 606 1673 638 ὲντολαῖς
1691 605 1738 632 τοῦ
1754 606 1810 632 υἱο-

1023 651 1209 687 θετησαμένου
1224 659 1254 678 σε
1269 651 1340 678 κατὰ
1347 651 1427 686 χάριν
1439 651 1472 686 τῇ
1483 652 1522 682 εἰς
1537 651 1618 677 αὑτὸν
1632 650 1723 677 πίστει
1732 649 1810 676 Θεοῦ.

1059 697 1112 724 Καὶ
1130 697 1174 732 μὴ
1196 697 1374 732 καταφρόνει
1396 696 1440 724 ὅτι
1462 696 1608 731 γεγήρακέ
1631 703 1690 722 σου
1701 695 1810 730 μήτηρ.

1022 744 1077 770 Καὶ
1104 744 1155 779 τὴν
1175 743 1352 779 θρεψαμένην
1373 751 1403 769 σε
1427 742 1546 769 παλαιὰν
1569 742 1745 769 διδασκαλίαν
1774 742 1812 777 μὴ

1021 789 1181 825 περιφρόνει
1196 790 1237 815 ὅτι
1251 789 1308 820 τοῖς
1325 789 1384 815 κατ’
1399 788 1486 823 αὐτὴν
1501 787 1646 822 συμϐόλοις
1657 787 1791 821 ἠσθένησε
1803 796 1810 802 ·

1021 835 1216 870 πληρώσαντος
1229 834 1316 862 ταῦτα
1329 833 1461 871 Χριστοῦ,
1475 834 1524 869 τῆς
1539 833 1669 869 ἀληθείας
1682 832 1728 859 τδν
1742 833 1812 859 κατὰ

1018 881 1101 915 νόμον
1114 880 1210 906 τύπον.

1055 926 1103 953 κδ’.
1115 924 1221 959 Καλῶς
1229 925 1362 960 ἐκτρέφει
1374 925 1473 959 πατὴρ
1484 924 1608 957 δίκαιος.
1622 924 1743 956 Δεόντως
1757 924 1812 959 γὰρ

1017 971 1062 998 διὰ
1070 971 1119 1006 τῆς
1131 970 1439 1006 τοιαύτηςδιδασκαλίας
1448 970 1545 1004 ἀνάγει
1554 970 1620 1001 Θεὸς
1630 970 1644 996 ό
1655 970 1725 996 κατὰ
1733 970 1813 1004 χάριν

1018 1017 1157 1052 γεννήτωρ
1173 1016 1221 1043 τοῦ
1237 1015 1412 1048 πιστεύοντος
1425 1016 1464 1048 εἰς
1478 1016 1528 1042 αὐτ
1534 1015 1572 1042 όν·
1589 1015 1753 1050 ἀποτρέπων
1763 1015 1813 1050 μὲν

1017 1063 1112 1090 τοῦτον
1128 1063 1220 1098 πάσης
1235 1062 1346 1096 κακίας,
1366 1062 1434 1098 πρὸς
1453 1062 1482 1089 δὲ
1505 1063 1595 1089 πᾶσαν
1622 1061 1724 1098 ἀρετὴν
1743 1070 1812 1098 προ-

1017 1108 1127 1145 τρέπων
1145 1110 1206 1142 ταϊς
1220 1109 1407 1140 δικαιοτάταις
1423 1107 1508 1135 αὑτοῦ
1524 1108 1656 1139 ἐντολαῖς.

1060 1154 1122 1181 Ἐπὶ
1141 1154 1175 1180 δὲ
1190 1154 1243 1187 υἱῷ
1258 1153 1344 1188 σοφῷ
1358 1154 1548 1188 εὐφραίνεται
1563 1153 1583 1187 ἠ
1599 1152 1685 1187 ψυχὴ
1707 1152 1812 1180 αὐτοῦ.

1024 1200 1085 1226 Ἐπὶ
1113 1199 1142 1227 δὲ
1162 1199 1202 1235 τῷ
1224 1199 1434 1236 πεπληρωμένῳ
1449 1198 1585 1229 συνέσεως
1606 1197 1658 1233 υἱῷ
1677 1198 1747 1224 κατὰ
1763 1197 1813 1232 χά-

1018 1255 1061 1283 ριν
1072 1246 1182 1279 τοὺτου,
1197 1246 1229 1273 τδ
1244 1246 1379 1280 πανάγιον
1393 1244 1476 1272 αὑτοῦ
1491 1243 1663 1272 ἀναπαύεται
1679 1243 1788 1278 πνεῦμα
1804 1252 1811 1258 ·

1016 1292 1188 1320 τελειωθέντι
1206 1293 1277 1320 κατὰ
1299 1292 1345 1319 τὸν
1360 1291 1546 1326 πνευματικὸν
1568 1291 1650 1327 νόμον
1662 1297 1671 1306 '
1697 1291 1745 1317 καὶ
1762 1299 1814 1325 μη-

1018 1338 1077 1365 κέτι
1091 1338 1167 1374 φόϐῳ
1182 1338 1236 1365 τῶν
1258 1338 1402 1365 κολάσεων
1426 1334 1471 1364 οἷα
1496 1337 1595 1372 δούλῳ,
1620 1337 1636 1372 ἢ
1657 1336 1733 1372 πόθῳ
1759 1335 1813 1362 τῶν

1019 1384 1193 1418 ἐπαγγελιῶν
1208 1381 1253 1411 οἶα
1268 1384 1379 1420 μισθίῳ,
1405 1382 1464 1410 ἀλλ’
1487 1383 1525 1415 ὡς
1551 1383 1602 1418 υίῷ
1621 1382 1770 1417 πληροῦντι
1782 1383 1814 1409 τὸ

1017 1430 1150 1464 πατρικὸν
1167 1429 1285 1465 θέλημα,
1310 1429 1340 1456 ὲν
1363 1428 1403 1464 τῷ
1428 1428 1594 1465 ἐργάζεσθαι
1617 1428 1649 1456 τὸ
1667 1427 1768 1462 ἀγαθὸν
1779 1427 1814 1455 δι’

1017 1475 1083 1502 αὐτὸ
1097 1475 1127 1502 τὸ
1142 1475 1234 1502 καλόν.

211 1511 296 1539 Vsus.
311 1511 356 1539 25.
371 1511 506 1539 Letentur
525 1516 602 1546 pater
615 1517 642 1539 et
669 1517 756 1539 mater
767 1520 845 1547 super
871 1516 916 1544 te;
941 1517 965 1540 et

213 1556 291 1568 "1--.
311 1565 366 1568 μ...-
380 1559 479 1568 .._..-_.'.
497 1563 519 1568 ι.
546 1557 555 1568 I
569 1562 600 1568 -ι
610 1561 666 1568 ,ιη-
682 1565 741 1568 .---
754 1562 869 1568 _._A-_._
889 1558 963 1568 ,,,_,2

1055 1525 1103 1548 κε’.
1114 1521 1325 1556 Εὑφραινέσθω
1339 1523 1355 1549 ό
1364 1521 1461 1555 πατὴρ
1467 1520 1516 1548 καὶ
1530 1521 1548 1554 ἠ
1562 1521 1661 1555 μήτηρ
1684 1519 1734 1547 ἐπὶ
1750 1520 1812 1550 σοι,

177 1556 291 1594 gaudeat
307 1565 366 1592 quae
380 1559 479 1592 peperit
495 1563 529 1584 te.
546 1557 666 1585 Laztetur
677 1565 743 1593 ergo
753 1565 836 1593 super
844 1562 871 1586 te
885 1558 964 1593 quasi

176 1612 260 1640 super
273 1604 359 1631 tilium
375 1604 526 1631 secundum
543 1603 660 1639 gratiam
676 1607 703 1632 et
713 1604 785 1632 Deus
804 1604 849 1640 qui
864 1604 965 1632 Ieado-

177 1651 275 1687 ptavit.
289 1655 317 1677 et
336 1652 395 1685 ipsa
414 1649 550 1685 legislatio
564 1654 644 1678 vetus
657 1658 720 1685 quae
731 1654 758 1678 te
773 1651 924 1678 secundum
936 1651 968 1677 ii-

177 1696 239 1724 dem
255 1697 283 1723 in
300 1704 362 1724 eum
374 1697 515 1731 concepit,
533 1697 610 1731 quasi
625 1697 652 1724 in
664 1697 790 1730 matrice,
805 1698 833 1724 in
849 1698 966 1733 typoqui

177 1743 319 1770 veritatem
329 1742 488 1774 obumbrat,
504 1748 531 1770 et
548 1743 577 1770 in
598 1750 653 1777 quo
666 1742 827 1777 puriﬁcatus
840 1751 870 1770 es
887 1751 902 1770 a
918 1751 968 1778 po-

178 1787 264 1814 tentia
281 1786 397 1821 peccati.
418 1786 532 1821 Insuper
552 1786 670 1821 gaudeat
684 1793 745 1821 qua
768 1794 818 1822 per
841 1794 966 1815 sanctum

179 1832 347 1866 baptismum
377 1836 404 1859 te
427 1832 523 1866 genuit
542 1831 684 1866 liliumque
698 1831 745 1860 Dei
761 1833 864 1869 recepit
882 1834 968 1868 gratia

178 1883 315 1903 renovaus
325 1875 445 1910 Spiritus
460 1876 562 1909 sancti,
572 1877 637 1904 dum
649 1877 723 1905 clare
739 1878 884 1913 perspicis,
894 1879 967 1907 nulla

179 1922 307 1957 passione
315 1922 425 1949 oculum
440 1921 538 1950 mentis
546 1921 720 1954 obfuscante.
730 1924 856 1952 veritatis
866 1925 967 1958 radios,

180 1967 282 2002 Deique
295 1967 463 1995 voluntatem
474 1975 556 2003 quam
573 1967 623 1995 tibi
640 1968 774 2004 praecipit,
791 1974 821 1997 ut
834 1969 907 1998 ﬁlius
919 1971 969 1998 im-

178 2012 238 2048 ples
254 2021 316 2040 eum
332 2012 443 2041 aii‘ectu.

213 2158 298 2186 Vitas.
313 2159 359 2186 26.
376 2158 479 2191 Prmbe,
493 2159 545 2194 fili,
557 2167 604 2186 cor
617 2164 691 2186 tuum
704 2160 768 2187 mihi
782 2165 828 2188 :et
847 2161 919 2188 oculi
930 2162 969 2189 tui

1018 1567 1067 1594 καὶ
1087 1566 1242 1602 χαιρέτωή
1267 1566 1400 1594 τεκοῦσά
1425 1575 1474 1595 σε.
1497 1566 1685 1600 ’Δγαλλιάσθω
1701 1563 1747 1592 οὖν
1766 1565 1815 1592 ἐπὶ

1019 1613 1062 1639 σοὶ
1077 1612 1114 1644 ὡς
1130 1612 1201 1640 κατὰ
1214 1612 1294 1648 χάριν
1305 1612 1369 1648 υἱῷ,
1385 1613 1430 1639 ὅτε
1445 1611 1675 1647 υἰοθετησάμενός
1689 1619 1718 1637 σε
1736 1611 1813 1645 Θεὸς,

1018 1660 1065 1686 καὶ
1082 1658 1152 1694 αὐτη
1168 1659 1184 1694 ἡ
1201 1659 1273 1686 κατὰ
1289 1659 1339 1694 τὴν
1363 1659 1404 1690 είς
1418 1658 1500 1685 αὑτὸν
1522 1657 1615 1684 πίστιν
1638 1657 1814 1692 βρεφουργὴ-

1019 1704 1092 1732 σασά
1107 1713 1137 1731 σε
1152 1705 1256 1732 παλαιὰ
1270 1705 1428 1740 νομοθεσία,
1447 1704 1485 1736 ὡς
1497 1704 1527 1730 ἑν
1553 1704 1646 1739 μήτρᾳ
1669 1702 1708 1738 τῷ
1723 1703 1813 1738 τύπῳ,

1018 1748 1049 1778 οὗ
1061 1750 1138 1782 ὲντδς
1157 1752 1174 1786 ἡ
1189 1751 1316 1786 ἀλήθεια,
1337 1751 1366 1777 ὲν
1387 1750 1426 1786 τῷ
1438 1749 1562 1786 καθαρόν
1578 1758 1608 1776 σε
1622 1748 1748 1784 γενέσθαι
1763 1749 1814 1784 τῆς

1019 1797 1079 1825 κατ’
1094 1797 1237 1832 ἐνέργειαν
1260 1796 1416 1832 ἁμαρτίας·
1437 1796 1477 1823 ἔτι
1501 1805 1534 1831 γε
1559 1796 1613 1831 μὴν
1626 1794 1815 1829 εὐφραινέσθω

1019 1844 1068 1870 καὶ
1085 1843 1157 1879 ἠδιὰ
1180 1843 1227 1870 τοῦ
1249 1843 1330 1877 ἁγίου
1355 1843 1544 1878 βαπτίσματος
1561 1841 1745 1877 άποκυήσασά
1771 1849 1814 1872 σε,

1019 1889 1066 1916 καὶ
1075 1889 1139 1916 Υίὺν
1150 1889 1218 1916 Θεοῦ
1232 1889 1398 1921 άναδείξασα
1413 1888 1568 1920 καινοποιὺς
1581 1889 1660 1924 χάρις
1672 1888 1717 1914 τοῦ
1731 1887 1816 1915 Πνεύ-

1021 1943 1126 1971 ματος,
1157 1935 1349 1967 διαϐλέποντός
1389 1944 1436 1962 σου
1465 1935 1592 1971 τρανῶς,
1621 1934 1815 1970 ἀνεπιθολώτῳ

1020 1981 1101 2008 παντὶ
1126 1980 1216 2014 πάθει¹
1240 1980 1279 2015 τῷ
1301 1980 1351 2015 τῆς
1369 1980 1488 2012 διανοίας
1514 1979 1659 2014 ὀφθαλμῷ,
1689 1981 1739 2010 τάς
1763 1979 1815 2014 τῆς

1019 2026 1150 2062 ἀληθείας
1169 2027 1266 2061 αὐγὰς,
1283 2026 1330 2052 καὶ
1345 2025 1514 2060 πληροῦντος
1534 2025 1572 2057 ὡς
1599 2024 1670 2057 οἱοῦ,
1686 2025 1717 2052 τὸ
1734 2024 1815 2060 θέλη-

1021 2082 1060 2108 μα
1078 2072 1124 2099 τοῦ
1152 2072 1219 2099 Θεοῦ
1243 2073 1313 2107 μετὰ
1338 2071 1498 2103 διαθέσεως,
1520 2071 1548 2103 ὃς
1572 2079 1613 2098 σοι
1632 2071 1696 2098 τάδε
1722 2071 1815 2098 διακε-

1019 2119 1138 2146 λεύεται.

1055 2167 1113 2197 κς¹.
1144 2164 1200 2197 Δός
1225 2171 1287 2198 μοι,
1307 2163 1364 2197 vui,
1389 2163 1452 2197 σὴν
1479 2162 1625 2197 καρδίην·
1653 2164 1681 2189 οι
1706 2162 1741 2189 δὲ
1764 2163 1815 2189 σοι

178 2206 236 2232 vias
251 2213 323 2232 meas
335 2205 500 2232 custodiant.
522 2205 617 2232 Praahe
638 2205 716 2236 mihi.
733 2205 783 2238 ﬁli,
796 2213 916 2234 antorem
935 2216 967 2235 ex

1021 2209 1254 2245 ὀφθαλμοιὲμὰς
1280 2208 1371 2241 ὀδοὺς
1395 2207 1584 2242 τηρήτωσαν.
1606 2207 1734 2243 Πάρασχέ
1757 2216 1814 2242 μοι,

180 2257 236 2280 tota
250 2252 340 2279 anima
353 2257 411 2284 tua,
431 2255 458 2278 et
471 2251 562 2278 omnis
572 2250 634 2279 linis
644 2255 708 2279 tuus
716 2252 762 2285 sit,
771 2253 898 2280 mandata
910 2261 969 2281 mea

180 2305 300 2326 servare.
320 2297 455 2325 Virtutem
482 2297 542 2324 cole
558 2303 640 2332 quam
659 2297 834 2332 praecipiunt,
857 2302 884 2325 et
902 2299 970 2325 nihil

179 2353 212 2373 ex
227 2344 358 2380 perituris
369 2343 504 2371 charitate
516 2343 544 2370 in
559 2343 715 2378 proximum
725 2343 873 2377 pretiosius
883 2344 970 2373 habe:

179 2390 243 2425 quia
262 2399 271 2415 ι
292 2389 343 2423 Qui
368 2389 457 2424 diligit
476 2395 531 2420 me,
549 2388 679 2416 mandata
699 2395 759 2416 mea
775 2390 896 2416 servabit
917 2390 937 2423 ⁸,
958 2399 967 2416 ι

180 2441 207 2463 et
229 2444 235 2462 :
254 2444 263 2462 ι
280 2434 338 2462 Hoc
361 2439 405 2463 est
423 2433 583 2462 mandatum
613 2442 703 2462 meum
720 2439 749 2462 ut
764 2435 885 2470 diligatis
902 2437 970 2464 iuvi-

180 2488 239 2508 cem
253 2481 273 2507 ⁷.
294 2490 303 2506 ι

216 2577 300 2604 Vens.
316 2576 360 2603 ‘27.
371 2575 478 2603 Dolium
493 2576 564 2603 enim
586 2574 751 2610 perforatum
763 2574 857 2602 domus
871 2574 970 2602 aliena.

180 2623 260 2650 Dolio
277 2623 351 2650 enim
368 2621 509 2657 perforato
524 2621 695 2649 assimilatur
716 2620 762 2648 ille
777 2621 824 2656 qui
842 2628 890 2655 per
906 2628 971 2655 pas-

181 2670 274 2697 siones
290 2673 395 2696 natura:
409 2667 539 2695 rationali
556 2667 660 2694 alienas
683 2666 711 2693 in
739 2674 768 2694 se
785 2666 971 2693 inhabitantes

181 2715 359 2750 intelligentia
371 2714 498 2747 orbatus,
508 2714 637 2741 mandata
650 2712 697 2740 Dei
714 2706 728 2739 a
749 2713 898 2748 semetipso
912 2721 971 2740 scr-

181 2771 247 2791 vare
259 2770 312 2789 non
334 2765 436 2797 potest.

217 2805 250 2833 Et
258 2810 350 2840 puteus
369 2808 497 2840 angustus
510 2804 627 2831 alienus.
646 2802 680 2830 Et
697 2808 778 2839 puteo
792 2803 930 2838 profundo
944 2808 972 2831 ct

183 2851 274 2881 alieno
299 2851 398 2879 similis
424 2855 467 2878 est
482 2850 529 2885 qui
550 2849 749 2884 temporalibus
767 2849 971 2877 circumscribit

217 2922 229 2940 ⁸
245 2921 326 2951 Joan.
340 2929 395 2954 xw,
406 2920 453 2948 23.
493 2920 503 2936 ⁷
515 2918 596 2947 Joan.
612 2927 657 2952 xv,
675 2919 720 2946 12.

1021 2258 1126 2290 τέκνον,
1142 2257 1191 2292 τὴν
1213 2257 1243 2290 ἐξ
1258 2257 1322 2292 ὅλης
1336 2256 1428 2291 ψυχῆς
1447 2265 1493 2282 σου
1510 2255 1650 2291 ἀγάπησιν
1661 2264 1668 2271 ·
1694 2255 1769 2286 ἄπας
1785 2255 1814 2281 δέ

1023 2312 1064 2331 σοι
1091 2303 1203 2335 σκοπὸς,
1225 2303 1292 2339 πρὸς
1314 2303 1345 2329 τὸ
1369 2302 1518 2338 φυλάττειν
1539 2303 1590 2333 τὰς
1612 2302 1682 2337 ἐμάς
1704 2301 1814 2332 ἐντολὰς

1021 2350 1092 2377 ἔστω
1103 2357 1110 2364 '
1126 2350 1253 2384 ἑπομένῳ
1264 2349 1379 2380 ταύταις
1393 2348 1453 2375 κατ’
1465 2348 1577 2383 ἀρετὴν,
1595 2348 1644 2374 καὶ
1664 2347 1748 2382 μηδὲν
1760 2347 1815 2374 τῶν

1022 2394 1149 2430 φθαρτῶν
1179 2394 1229 2429 τῆς
1256 2394 1303 2420 τοῦ
1332 2394 1448 2428 πλησίον
1473 2394 1587 2428 ἀγάπης
1618 2393 1815 2428 προτιμότερον

1022 2441 1175 2476 ποιουμένῳ
1188 2448 1195 2456 ”
1222 2440 1284 2466 ἐπεὶ
1301 2450 1310 2466 t
1332 2439 1361 2466 '0
1373 2439 1488 2473 ἀγαπῶν
1506 2447 1551 2474 με,
1568 2438 1619 2470 τὰς
1635 2439 1746 2469 ἐντολάς
1764 2447 1815 2473 μου

1021 2487 1164 2521 τηρήσει.»
1176 2500 1211 2506 —-—-
1223 2496 1232 2511 ι
1245 2485 1318 2520 Αὕτη
1328 2486 1356 2512 δέ
1368 2486 1442 2512 ἐστιν
1453 2485 1571 2521 ὴὲντολὴ
1586 2486 1603 2519 ὴ
1615 2484 1731 2520 ἐμὴ,ἴνα
1745 2485 1816 2518 άγα-

1022 2531 1091 2556 πᾶτε
1105 2529 1246 2565 ἀλλήλους.
1264 2540 1274 2556 ι

1057 2575 1108 2606 κζ’.
1132 2574 1222 2608 Πίθος
1246 2575 1301 2609 γὰρ
1330 2574 1509 2610 τετρημένος
1538 2574 1625 2602 ἐστὶν
1656 2575 1817 2609 ἀλλότριος

1021 2617 1113 2652 οἶκος.
1135 2619 1208 2655 Πξθῳ
1225 2628 1254 2646 τε
1281 2621 1335 2657 γὰρ
1351 2621 1554 2656 τετρυπημένῳ
1571 2620 1661 2647 ἔοικεν
1679 2621 1694 2647 ὸ
1709 2622 1766 2653 τοῖς
1779 2622 1818 2647 οἰ-

1021 2665 1140 2699 κήσασιν
1154 2666 1183 2691 ὲν
1199 2664 1275 2700 αὑτῷ
1287 2665 1375 2698 ξένοις
1388 2665 1439 2700 τῆς
1462 2664 1576 2700 λογικῆς
1592 2666 1700 2700 (φύσεως
1716 2666 1817 2692 πάθεσι

1021 2710 1067 2736 τὸν
1083 2710 1145 2737 νοῦν
1156 2710 1365 2746 διεφθαρμένος,
1378 2711 1415 2742 ὡς
1426 2710 1574 2745 φυλάσσειν
1591 2711 1657 2747 παρ’
1667 2711 1756 2747 ἑαυτῷ
1767 2711 1817 2744 τὰς

1021 2756 1132 2788 ἐντολὰς
1149 2757 1186 2793 μὴ
1209 2757 1370 2791 δυνάμενος.

1056 2803 1111 2831 Καὶ
1132 2803 1226 2838 φρέαρ
1245 2804 1356 2830 στενὸν
1373 2804 1546 2838 ἀλλότριον.
1564 2804 1620 2831 Καὶ
1642 2803 1739 2838 φρέατι
1757 2812 1819 2830 στε-

1022 2850 1060 2885 νῷ
1085 2851 1133 2878 καὶ.
1157 2850 1235 2886 ξένῳ,
1251 2850 1289 2883 ὡς
1307 2852 1363 2883 τοῖς
1382 2850 1563 2886 προσκαίροις
1587 2851 1818 2886 περιγεγραμμέ-
