2072 3161
258 173 326 205 1457

782 162 1048 208 COMMENTARII
1067 179 1109 209 IN
1129 180 1359 212 PROVERBIA.

1819 186 1888 218 1458

256 239 306 264 νην
329 229 399 265 ἔχων
424 238 474 266 την
504 231 606 266 σχέσιν,
634 232 681 258 καὶ
705 233 762 264 τοῖς
792 233 891 267 διψῶσι
914 234 963 269 τὴν
989 234 1044 261 ἀπ-

1100 235 1221 263 allectum
1231 238 1414 273 etperniciem
1425 246 1503 266 suam
1519 238 1631 268 haurire
1648 241 1749 276 praebet
1769 241 1888 270 inimicis

257 276 356 303 ώλιιιαν
369 276 452 303 αὑτοῦ
469 279 573 313 νοητοῖς
586 278 693 314 ἐχθροῖς
707 279 833 314 παρέχων
853 280 955 316 ταύτην
966 281 1048 316 ἄρνες

259 321 331 348 σθαι.

294 367 347 402 κη’.
370 365 465 401 οὗτος
478 369 532 404 γὰρ
555 370 712 404 συντόμως
728 370 881 399 ἀπολεῖται
892 380 899 387 '
913 372 962 399 καὶ
989 372 1048 405 πᾶς

259 413 433 448 παράνομος
447 414 683 449 ἀναλωθήσεται.
709 416 739 443 '0
757 417 877 449 τοιοῦτος
902 417 957 453 γὰρ
979 418 1048 452 μετά

259 458 307 492 τὴν
322 459 488 494 πρόσκαιρον
515 459 600 495 ζωὴν,
617 462 657 492 εἰς
676 462 787 497 διηνεκῆ
805 463 942 489 ἀπώλειαν
959 472 1048 499 παρα-

230 526 235 530 λ
258 503 471 538 πεμφθήσεταιι
497 505 643 532 κάντεῦθεν
667 508 720 538 πᾶς
742 508 757 534 ὁ
777 507 826 539 τὰς
850 507 924 540 θείας
939 509 1048 541 ἐντολὰς

260 550 447 585 παραϐαίνων,
459 551 504 578 τὸν
518 551 580 578 καθ’
596 553 734 588 ἁμαρτίαν
753 553 803 588 τῆς
822 553 912 590 ψυχῆς
925 555 1047 590 ὑποστή-

260 603 337 622 σεται
352 596 473 632 ὄλεθρον.

296 643 348 671 κθ’.
376 644 436 671 Τίνι
464 644 541 676 οὐαὶ,
562 645 621 672 τίνι
635 645 770 679 θόρυϐος,
787 647 845 674 τίνι
864 648 974 682 κρίσις,
990 649 1048 676 τινι

259 689 294 715 δὲ
312 689 413 723 ἀηδίαι
434 690 485 717 καὶ
501 691 620 725 λέσχαι,
639 692 697 718 τίνι
717 694 924 728 συντρίμματα
949 694 1047 722 διακε-

259 735 327 770 νῆς,
350 736 434 769 τίνος
458 736 593 764 πελιδνοὶ
617 739 644 764 οι
666 738 814 773 ὀφθαλμοί
821 748 831 771 ;
855 739 914 766 Τίνι
933 741 1049 772 κοπετὸς

258 782 371 815 γοερός;
391 781 444 808 τίνι
459 782 588 814 διένεξις;
606 784 658 810 τίνι
677 784 705 810 δὲ
718 784 889 820 ἀποστροφαὶ
904 785 957 813 τῶν
982 787 1048 821 ὁμο¹

259 825 335 858 φυῶν
352 827 399 853 καὶ
422 827 483 854 κατ’
500 827 590 855 αὐτῶν
611 828 740 865 φλυαρίαι
754 838 761 862 ;
777 831 830 857 τίνι
856 832 1048 866 συμπτώματα

260 872 306 898 ἐπὶ
321 873 440 908 μηδεμιᾷ
457 874 575 910 ὠφελείᾳ
586 876 735 911 γινόμενα;
751 877 823 909 τίνος
838 878 865 904 αἱ
881 878 992 905 ὁπτικαὶ
1002 879 1047 905 δυ-

259 916 355 950 νάμεις
369 917 508 952 ἀσθενεϊς;

295 961 326 990 λ’.
343 964 384 990 οὺ
395 962 455 990 τῶν
477 964 708 999 ἐγχρονιζόντων
735 967 771 993 ἐν
796 968 908 1001 atram;
932 970 968 996 οὐ
991 968 1050 996 τῶν

261 1009 443 1043 ιχνευόντων
461 1010 520 1038 ποῦ
537 1012 622 1038 πότοι
637 1010 788 1047 γίνονξαι;
801 1014 866 1048 Οὐχὶ
883 1013 937 1040 τῶν
952 1015 1049 1041 ἐναπο-

262 1055 396 1089 μενόντων
421 1057 484 1087 ταίς
505 1056 678 1090 ἐπιφανείαις
692 1058 747 1084 τῶν
775 1058 890 1093 ὁρατῶν,
919 1060 1004 1095 αἴπερ
1018 1060 1050 1086 ἐκ

259 1100 307 1127 τοῦ
321 1101 392 1128 κατά
410 1101 506 1136 φύσιν,
530 1102 599 1139 πρὸς
622 1103 653 1129 τὸ
674 1104 750 1138 παρὰ
773 1103 854 1138 φύσιν
877 1105 955 1140 δίκην
977 1106 1049 1133 οίνου

260 1145 307 1171 τὺν
322 1145 385 1172 νοῦν
409 1146 589 1181 μεθιστῶσιν;
614 1148 674 1183 οὐχὶ
694 1148 749 1175 τῶν
764 1149 971 1185 ἀναζητούντων
985 1150 1049 1178 ἔνθα

261 1187 333 1218 κατὰ
357 1192 437 1228 κόρον
460 1194 477 1228 ἡ
495 1193 542 1219 τοῦ
568 1193 679 1229 θολεροῦ
697 1195 819 1230 πόματος
835 1195 885 1230 τῆς
913 1197 1050 1232 ἁμαρτίας

259 1237 377 1264 τελεῖται
403 1238 573 1274 percumbit};
599 1241 647 1266 καὶ
675 1241 730 1276 γὰρ
756 1242 770 1268 ὁ
791 1243 853 1273 ταῖς
867 1242 1050 1278 θεωρητικαῖς

260 1283 310 1316 τῆς
322 1283 412 1319 ψυχῆς
435 1284 585 1319 δυνάμεσιν
605 1285 734 1322 ἀσθενὴς,
749 1286 785 1321 μὴ
811 1287 960 1322 δυνάμενος
979 1288 1051 1315 κατὰ

260 1327 322 1353 νοῦν
339 1328 407 1364 πρὸς
418 1329 482 1361 τοὺς
499 1329 554 1356 τῶν
570 1330 655 1357 όντων
673 1331 800 1365 διαϐῆναι
818 1331 925 1366 λόγους,
945 1333 988 1360 διά
1000 1333 1050 1369 τὴν

260 1373 322 1399 κατ’
337 1373 464 1410 αἴσθησιν
477 1375 541 1410 περὶ
556 1376 605 1408 τὰς
626 1377 789 1411 ἐπιφανείας
801 1379 890 1405 αὐτῶν
906 1380 997 1414 σχέσιν
1015 1382 1049 1416 τῇ

259 1419 363 1446 τούτων
385 1420 494 1448 ἀνιᾶται
511 1421 599 1458 φθορᾷ
612 1430 618 1437 ·
643 1423 691 1450 καὶ
717 1424 817 1459 στῆσαι
833 1425 937 1460 ταύτην
952 1427 1051 1462 ἀνηνύ-

259 1472 313 1496 τως
327 1464 486 1500 ἐπιχειρῶν,
500 1466 634 1501 ἐμπίπτει
648 1467 689 1499 είς
700 1468 844 1503 φροντίδας
856 1469 987 1505 ὀχλούσας
1001 1471 1050 1498 αὑ-

260 1509 306 1537 τὸν
318 1510 348 1537 οὺ
361 1511 467 1546 μικρῶς
478 1520 485 1528 ·
502 1511 548 1538 καὶ
558 1511 603 1538 διὰ
615 1512 774 1546 πλεονεξίαν
789 1515 843 1541 τῶν
855 1515 965 1548 ὑλικῶν,
982 1517 1050 1551 μετά

259 1555 313 1582 τῶν
322 1556 452 1591 ὁμοφυῶν
462 1557 638 1593 διαμάχεται·
650 1559 696 1586 καὶ
710 1561 912 1595 ἀποστρέφεται
924 1562 1048 1594 τούτους,

259 1601 307 1627 καὶ
327 1601 477 1635 διαϐάλλει,
503 1603 551 1630 καὶ
570 1604 778 1640 συμφθείρεται,
804 1607 983 1643 προσκρούων
998 1608 1048 1634 αὺ-

258 1649 316 1679 τοῖς
336 1648 485 1684 ἀνονήτως.

295 1694 345 1721 λα’.
361 1694 410 1729 Μὴ
434 1695 625 1729 μεθύσκεσθε
646 1697 681 1723 ἐν
704 1697 808 1730 οἴνοις,
826 1698 896 1725 ἀλλ’
921 1699 1049 1733 ὁμιλεῖτε

259 1739 429 1774 ἀνθρώποις
442 1740 579 1775 δικαίοις,
599 1742 648 1769 καὶ
671 1743 800 1777 ὁμιλεῖτε
814 1744 849 1770 ἐν
866 1744 1047 1778 περιπάτοις.

260 1786 306 1812 Διδ
330 1787 367 1822 μὴ
393 1787 536 1819 ἐξίστασθε
556 1789 601 1815 τὸν
626 1787 689 1815 νοῦν
713 1789 741 1815 ἐν
758 1791 818 1821 ταῖς
843 1791 903 1817 κατ’
923 1791 1050 1826 αἴσθησιν

260 1832 389 1868 θεωρίαις
404 1833 457 1859 τῶν
473 1834 589 1869 ὁρατῶν,
608 1834 713 1868 ἀλόγως
729 1835 821 1866 αὐτοῖς
837 1835 1029 1869 ἐπιϐάλλοντες
1040 1845 1047 1852 ·

259 1878 328 1904 ἀλλὰ
349 1879 541 1910 συναυλίζεσθε
560 1879 742 1913 διδασκάλοις,
759 1881 861 1917 ἑκάστῃ
888 1882 939 1917 τῆς
960 1883 1050 1918 ψυχῆς

258 1923 372 1958 δυνάμει
387 1925 418 1950 τὸ
432 1925 588 1960 πρόσφορον
611 1925 781 1959 ἀπονέμουσι
794 1934 801 1940 ·
826 1928 874 1953 καὶ
890 1928 1049 1960 συναυλίζε-

261 1968 307 1995 σθε
326 1967 431 2000 τούτοις
442 1969 472 1994 ὲν
479 1971 538 2001 ταῖς
555 1969 624 1996 κατὰ
636 1969 753 2003 θεωρίαν
765 1970 820 1998 τῶν
830 1970 968 2006 αἰσθητῶν
980 1972 1050 2008 πρὸς

259 2013 294 2040 τὰ
307 2013 391 2049 νοητὰ
404 2014 572 2042 διαϐάσεσιν.
827 2019 830 2022 ’

301 2059 371 2087 Ἐὰν
385 2060 440 2095 γὰρ
459 2062 503 2094 είς
523 2061 577 2094 τὰς
597 2061 708 2095 φιάλας
727 2062 776 2089 καὶ
799 2061 835 2089 τὰ
850 2063 977 2098 ποτήρια
991 2063 1052 2097 δῷς

259 2105 331 2139 τοὺς
357 2106 532 2141 ὀφθαλμούς
560 2115 637 2140 σου,
672 2108 803 2142 ὕστερον
834 2109 1051 2143 περιπατήσεις

260 2152 440 2186 γυμνότερος
457 2153 581 2187 ὑπέρου.
601 2153 632 2179 Ei
659 2153 714 2190 γὰρ
738 2155 779 2185 είς
801 2155 883 2190 μόνας
900 2155 949 2186 τὰς
973 2155 1057 2190 δίκην.

260 2196 365 2231 φιαλῶν
379 2197 426 2224 καὶ
442 2198 581 2233 ποτηρίων
593 2199 720 2231 δεκτικὰς
735 2200 783 2226 τοῦ
806 2202 856 2236 τῆς
883 2200 1050 2235 θεογνωσίας

260 2242 381 2277 νάματος
391 2243 551 2278 ἐπιφανείας
573 2244 627 2270 τῶν
654 2245 759 2280 ὁρατῶν
778 2247 983 2283 ἀποσχολήσεις,
1001 2248 1050 2274 ὃσ-

260 2297 302 2320 τις
318 2289 352 2316 ἂν
369 2289 416 2316 καὶ
432 2289 502 2323 εἴης,
520 2291 569 2319 τὰς
581 2290 751 2326 θεωρητικὰς
769 2292 818 2327 τῆς
831 2292 921 2328 ψυχῆς
938 2302 984 2320 σου
1001 2294 1048 2321 δυ-

261 2334 369 2369 νάμεις,
392 2334 461 2369 μετὰ
475 2334 562 2362 ταῦτα
582 2336 717 2372 κινηθήσῃ
743 2337 804 2363 κατ’
825 2337 974 2373 ἐπιθυμίαν
988 2338 1051 2365 ἀλό-

261 2387 355 2414 γιστον
381 2380 450 2415 πρὸς
471 2381 687 2415 συγκαταθέσεις
712 2383 819 2415 πάντως
839 2383 976 2416 ἀτόπους·
1003 2385 1052 2418 τῆς

264 2426 338 2457 θείας
360 2426 471 2461 χάριτος
491 2428 705 2463 γεγυμνωμένος
727 2429 810 2456 πλέον
829 2429 909 2461 ξύλου
928 2430 1002 2462 τινος
1019 2431 1052 2466 τῇ

264 2474 370 2508 συνεχεῖ
393 2473 486 2508 τρίψει
523 2474 570 2500 τοῦ
609 2475 809 2510 προστυχόντος
832 2495 840 2507 ,
871 2477 918 2503 τὸν
955 2478 1054 2504 οἰκεῖον

1101 283 1292 317 spirituaiibus
1311 285 1358 319 qui
1373 292 1434 312 cum
1453 285 1568 321 perdere
1582 287 1688 314 volunt.

1138 370 1222 399 Vens.
1236 372 1281 399 28.
1298 371 1350 399 Hic
1358 374 1426 400 enim
1442 374 1510 401 breui
1522 375 1628 408 peribit,
1638 380 1663 402 et
1680 378 1765 403 omnis
1781 376 1887 412 iniquus

1102 416 1264 445 absumatur.
1281 417 1334 446 Iste
1352 419 1423 446 enim
1446 424 1508 454 post
1522 421 1631 448 brevem
1649 422 1720 449 hanc
1746 423 1841 455 vitam,
1859 424 1887 450 in

1102 467 1262 497 perpetuam
1276 464 1399 491 mittetur
1412 466 1572 500 perniciem.
1585 466 1749 503 Quicunque
1760 469 1888 496 mandata

1102 507 1149 535 Dei
1167 509 1379 544 transgreditur,
1409 510 1508 538 auium
1533 519 1581 546 per
1606 516 1748 547 peccatum
1773 513 1888 541 exilium

1102 554 1217 583 subibit.

1137 642 1221 670 Vens.
1248 643 1293 671 29.
1310 643 1361 671 Cui
1385 644 1450 671 me?
1472 645 1515 671 cui
1533 646 1680 674 tumultus!
1701 647 1744 673 cui
1764 647 1889 681 judicia?

1102 690 1145 717 cui
1164 694 1252 716 autem
1270 690 1398 717 molestia:
1418 695 1443 717 et
1466 693 1559 719 tricw?
1579 693 1624 718 cui
1650 693 1822 720 contritione
1841 702 1889 720 su-

1101 736 1261 769 pervacuae?
1280 736 1322 762 cui
1333 735 1402 762 oculi
1419 735 1496 763 lividi
1507 737 1579 764 ἓνουί
1597 737 1726 772 planctus
1738 739 1889 774 lugubris?

1101 782 1148 809 cui
1171 781 1315 809 dissidium
1333 782 1344 808 Τ
1358 782 1401 809 cui
1416 782 1547 809 similium
1560 783 1624 810 odia
1640 791 1672 810 ac
1686 785 1863 819 garrulitates
1878 785 1890 811 ἵ

1105 827 1149 855 cui
1163 831 1281 855 eventus
1298 827 1357 855 sine
1386 828 1439 855 ulla
1458 828 1603 856 utilitate?
1632 830 1677 857 cui
1705 830 1776 858 vires
1797 830 1890 858 visiva:

1102 872 1206 900 debiles
1225 872 1236 899 ?

1136 959 1219 988 Vsus.
1238 959 1284 987 30.
1301 959 1395 987 Nonne
1409 960 1448 987 his
1471 960 1518 996 qui
1531 965 1733 988 commorantur
1748 962 1776 988 in
1791 962 1850 990 vino
1864 968 1890 990 et

1100 1006 1204 1034 student
1218 1006 1347 1033 calicibus
1363 1006 1504 1040 epotandis
1520 1007 1532 1034 ?
1548 1005 1645 1034 Nonne
1667 1006 1711 1034 bis
1727 1007 1773 1042 qui
1792 1007 1891 1036 immo-

1100 1055 1196 1078 rantur
1216 1051 1244 1078 in
1275 1050 1443 1084 apparentiis
1460 1049 1610 1078 visibilium
1628 1058 1689 1085 qua:
1706 1051 1778 1077 sicut
1796 1050 1890 1078 vinum

1100 1101 1217 1125 mentem
1232 1105 1264 1125 ex
1286 1101 1360 1124 statu
1380 1096 1499 1124 naturali
1520 1096 1553 1123 ad
1572 1101 1675 1124 statum
1692 1101 1789 1124 contra
1805 1102 1890 1125 natu-

1100 1150 1158 1170 ram
1177 1142 1373 1170 transferunt?
1388 1149 1442 1169 non
1469 1142 1512 1169 bis
1527 1141 1573 1176 qui
1599 1146 1725 1176 quierunt
1744 1142 1790 1169 ubi
1810 1142 1889 1177 plena

1100 1195 1229 1215 mensura
1239 1187 1268 1214 ﬁt
1283 1187 1400 1215 turbida:
1410 1188 1515 1222 peccati
1531 1187 1682 1223 potationis
1693 1187 1868 1222 participatio
1879 1187 1891 1214 ?

1100 1233 1207 1261 Etenim
1233 1233 1280 1268 qui
1296 1233 1476 1268 speculativis
1490 1234 1589 1260 animae
1606 1232 1740 1268 potentiis
1757 1232 1889 1262 inﬁrmus

1100 1283 1153 1312 est,
1165 1286 1220 1306 non
1231 1279 1326 1306 valens
1337 1286 1385 1314 per
1397 1283 1516 1307 mentem
1533 1278 1567 1306 ad
1585 1279 1709 1306 rationes
1720 1286 1811 1306 rerum
1832 1285 1898 1313 per»

1101 1326 1203 1358 venire,
1222 1326 1287 1360 quia
1308 1333 1356 1361 per
1368 1333 1479 1353 sensum
1503 1326 1694 1353 exsistentium
1721 1325 1890 1360 apparentiis

1101 1372 1273 1403 immoratur,
1287 1372 1322 1399 de
1336 1379 1432 1400 eorum
1450 1372 1628 1407 corruptione
1647 1370 1730 1398 dolet.
1748 1371 1816 1398 Cum
1839 1378 1889 1398 au-

1101 1421 1154 1444 tem
1177 1417 1223 1444 illa
1242 1417 1369 1446 stabilire
1383 1417 1486 1445 frustra
1514 1411 1611 1449 tenuit,
1631 1416 1726 1444 incidit
1741 1417 1768 1444 in
1784 1417 1886 1452 cogita-

1101 1463 1190 1491 tiones
1203 1471 1369 1499 magnopere
1383 1471 1446 1491 eum
1461 1464 1652 1492 molestantes.
1670 1463 1702 1490 Et
1715 1462 1750 1490 ob
1766 1469 1888 1490 amorem

1101 1514 1274 1537 terrenarum
1289 1502 1353 1536 cum
1369 1509 1505 1537 similibus
1523 1513 1636 1544 pugnat.
1658 1508 1712 1536 Eos
1734 1512 1888 1542 aversatur.

1101 1555 1274 1588 criminatur,
1292 1560 1320 1583 et
1329 1555 1401 1590 perit
1411 1554 1445 1583 de
1459 1554 1515 1583 illis
1529 1554 1632 1582 frustra
1650 1553 1803 1582 oll‘endcus.

1136 1697 1221 1725 Vens.
1238 1697 1284 1724 51.
1304 1696 1395 1724 Nolite
1416 1697 1543 1724 inebriari
1558 1697 1586 1724 in
1602 1698 1671 1730 uino,
1684 1697 1729 1725 sed
1747 1706 1888 1725 converra-

1100 1742 1165 1769 mini
1180 1750 1239 1769 cum
1256 1741 1406 1769 [nominibus
1418 1741 1512 1776 justis,
1528 1746 1553 1768 et
1570 1742 1762 1769 conuersamini
1779 1742 1806 1769 in
1822 1741 1889 1769 locis

1093 1788 1334 1828 _deambulatiom's.
1358 1787 1421 1816 ideo
1443 1787 1528 1815 nolite
1557 1795 1693 1823 apponere
1713 1784 1831 1815 mentem
1860 1788 1889 1815 in

1100 1834 1225 1862 sensibili
1236 1833 1385 1861 visibilium
1396 1833 1631 1865 consideratione,
1642 1833 1716 1860 illam
1731 1833 1765 1861 iis
1777 1833 1889 1860 irratio-

1100 1880 1199 1907 naliter
1212 1879 1379 1915 applicantes
1393 1888 1400 1911 ;
1412 1880 1459 1907 sed
1477 1880 1680 1907 conversamini
1703 1887 1766 1907 cum
1787 1886 1890 1914 praece-

1100 1925 1225 1960 ptoribus
1244 1924 1291 1959 qui
1306 1925 1407 1959 cuique
1428 1925 1527 1951 anima:
1554 1925 1684 1959 potentiae
1697 1924 1770 1960 quod
1787 1932 1888 1953 conve-

1100 1970 1141 1997 nit
1154 1970 1296 2004 assignant
1308 1978 1315 2002 ;
1328 1973 1356 1996 et
1365 1977 1426 1996 cum
1438 1969 1493 1996 illis
1512 1969 1715 1997 conversamini
1730 1969 1759 1996 in
1769 1969 1888 1998 transitu

1100 2023 1148 2051 per
1167 2016 1382 2050 speculationem
1397 2023 1412 2042 a
1434 2015 1612 2043 sensibilibns
1626 2016 1659 2042 ad
1678 2015 1887 2044 intellectualia.

1136 2061 1207 2088 Nam
1218 2062 1241 2088 si
1255 2062 1281 2088 in
1305 2061 1409 2096 phialas
1421 2066 1446 2088 et
1467 2061 1563 2094 pocula
1586 2061 1691 2089 dederis
1706 2062 1796 2090 oculos
1816 2067 1888 2096 tuor,

1100 2112 1190 2143 postea
1205 2107 1354 2134 ambulabis
1366 2107 1463 2134 nudior
1475 2107 1589 2142 pistillo.
1607 2108 1636 2135 Si
1652 2108 1724 2135 enim
1736 2109 1888 2144 speculati-

1101 2161 1149 2181 vas
1171 2153 1269 2179 animae
1284 2156 1337 2179 tuae
1353 2151 1489 2186 potentias
1508 2152 1535 2178 in
1552 2152 1625 2179 solas
1641 2152 1788 2179 visibilium
1802 2160 1889 2188 appa-

1101 2199 1205 2227 rentias
1222 2206 1283 2233 qum
1296 2203 1325 2225 ut
1342 2198 1439 2233 phialae
1461 2202 1488 2226 et
1510 2198 1609 2234 pocula
1629 2198 1751 2233 recipere
1769 2204 1889 2235 possunt

1101 2246 1200 2274 divinae
1218 2244 1340 2272 scientiae
1374 2243 1518 2277 ﬂuentum,
1542 2243 1663 2276 dederis,
1685 2244 1812 2282 quisquis
1837 2246 1887 2278 sis,

1101 2299 1196 2328 postea
1206 2290 1430 2326 concupiscentia
1443 2294 1489 2317 tua
1502 2290 1673 2318 irrationalis
1692 2291 1846 2319 movebitur
1854 2292 1887 2319 ad

1100 2338 1244 2365 volitiones
1257 2343 1369 2371 prorsus
1377 2335 1521 2364 absurdas.
1533 2335 1627 2363 Gratia
1644 2336 1737 2364 divina
1750 2336 1887 2371 privatus,

1101 2384 1202 2411 nudior
1215 2383 1272 2411 eris
1294 2383 1367 2418 ligno
1382 2382 1453 2418 quod
1469 2382 1541 2410 foliis
1557 2382 1703 2417 spoliatum
1730 2383 1889 2411 indesinen-

1103 2436 1143 2458 ter
1160 2430 1195 2458 ab
1212 2430 1340 2457 onmibus
1355 2430 1463 2457 teritur.
1478 2428 1524 2456 Sic
1540 2428 1738 2464 propemodum
1752 2437 1831 2457 mens
1841 2432 1890 2456 tua

1104 2480 1262 2504 conteretur
1280 2480 1453 2503 terrenarum
1466 2479 1606 2503 contactu.

262 2519 484 2555 ἀποϐαλλομένου
522 2521 614 2556 φλοιόν
634 2529 641 2536 ·
668 2522 706 2554 ὠς
736 2522 824 2558 τούτῳ
854 2524 1056 2559 παραπλησίως
1075 2523 1312 2559 κατατριϐομένου
1337 2521 1384 2549 τοῦ
1404 2521 1465 2554 νοός
1494 2530 1554 2554 σου,
1580 2522 1613 2556 τῇ
1638 2521 1808 2558 ἐνδιατρίψει
1835 2521 1891 2564 τῶν

261 2566 372 2594 ὐλικῶν.

296 2614 345 2649 λβ¹.
364 2613 402 2641 Τὸ
419 2614 454 2641 δὲ
475 2615 618 2649 ἔσχατον,
640 2615 741 2650 ὥσπερ
753 2617 813 2644 ὑπὸ
825 2618 919 2652 ὄφεως
933 2621 1052 2653 narun-

261 2658 320 2693 γὼς
332 2658 505 2691 ἐκτείνεται,
523 2659 571 2686 καὶ
588 2658 690 2693 ὥσπερ
701 2660 760 2687 ὑπὸ
777 2661 926 2695 κεράστου
940 2661 1050 2696 διαχεῖν

261 2713 308 2732 ται
328 2703 409 2736 αὺτῷ
434 2705 450 2730 ὀ
474 2705 528 2737 ιός.
557 2704 718 2732 Τελευταῖον
740 2706 779 2740 δὲ,
801 2706 926 2743 καθάπερ
945 2708 960 2734 ὁ
975 2708 1051 2743 δεδη-

261 2749 362 2782 γμένος
387 2748 439 2775 ὑπὸ
461 2749 549 2783 όφεως
574 2750 757 2786 κερασφόρου,
785 2752 825 2783 εἰς
841 2753 893 2788 γῆν
916 2752 1052 2780 ἀπλοῦται

262 2794 367 2828 νεκρὸς,
383 2794 431 2821 καὶ
452 2794 513 2821 ὅλον
540 2795 622 2821 αὐτὸν
640 2796 654 2822 ὁ
676 2795 716 2828 to;
732 2797 869 2833 διατρέχει
881 2806 888 2814 '
906 2798 978 2825 οὕτω
1003 2799 1050 2826 καὶ

263 2839 343 2871 αὐτὸς
358 2840 410 2867 ὑπὸ
425 2841 472 2867 τοῦ
490 2841 608 2877 πονηροῦ
628 2842 792 2878 δεδηγμένος
813 2844 993 2881 ἐξαπλωθήσῃ
1010 2846 1049 2877 εἰς

263 2885 311 2921 τὴν
324 2886 470 2922 πολυσχιδῆ
482 2887 528 2915 τοῦ
557 2888 649 2923 χοϊκοῦ
670 2890 843 2925 φρονήματος
860 2890 1050 2928 ἁμαρτητικὴν

1137 2614 1279 2643 Vsss.32.
1296 2613 1446 2640 Novissime
1469 2618 1556 2640 autem
1580 2618 1708 2649 tauquam
1733 2622 1750 2641 α
1773 2619 1891 2649 serpente

1101 2669 1240 2697 percussus
1252 2659 1414 2690 extenditur,
1427 2663 1453 2685 et
1467 2664 1594 2694 tanquam
1607 2667 1624 2686 a
1636 2664 1738 2686 ceraste
1766 2657 1890 2693 diffundi-

1101 2712 1145 2734 tur
1154 2707 1178 2734 ei
1191 2713 1330 2733 venenum.
1352 2703 1509 2731 Novissime
1528 2707 1634 2735 autem,
1654 2703 1886 2738 quemadmodum

1100 2753 1148 2789 qui
1164 2760 1178 2779 a
1192 2755 1298 2780 ceraste
1312 2757 1463 2786 percussus
1486 2749 1546 2781 fuit,
1561 2749 1591 2776 in
1605 2752 1707 2776 terram
1731 2750 1889 2777 extenditur

1101 2801 1238 2830 mortuus,
1255 2797 1359 2832 totique
1374 2796 1432 2830 ejus
1446 2795 1555 2830 corpori
1569 2795 1731 2823 dill‘unditur
1742 2798 1889 2828 venenum,

1103 2847 1140 2874 ita
1163 2845 1211 2881 qui
1226 2845 1261 2872 ab
1279 2844 1389 2872 homine
1411 2850 1543 2879 perverso
1561 2849 1671 2869 morsus
1694 2844 1748 2874 cst,
1767 2839 1889 2875 explica‘

1103 2891 1179 2921 bitur
1193 2891 1222 2920 in
1238 2889 1428 2925 multipliciter
1441 2888 1662 2924 peccaminosam
1673 2892 1794 2915 caenosa:
1815 2885 1888 2921 cogir
