2072 3161
199 136 264 178 ttat

718 145 985 176 COMMENTARII
1005 145 1046 175 ΙΝ
1062 144 1290 175 PROVERBIA.

1767 138 1838 171 “62

198 211 251 230 σιν
268 203 357 237 ἔχων,
381 201 522 237 γεωργίου
544 201 689 237 μεγάλου.
717 202 844 228 Καλλίων
867 202 925 228 ἐστὶ
944 201 1006 232 διὰ,

1058 202 1107 229 iam
1122 201 1218 228 habens
1246 208 1310 235 agro
1336 207 1442 234 magno.
1459 197 1556 226 Melior
1569 200 1611 225 est
1639 203 1672 224 ac
1686 196 1836 232 perfectior

198 248 356 284 τελειότητα
375 247 446 284 βίου,
462 248 476 274 ό
491 247 563 282 λόγῳ
578 248 675 281 σοφίας
687 247 774 275 πάντα
789 248 823 274 τὰ
838 246 904 273 ὄντα
917 247 988 273 κατὰ

199 295 263 322 νοῦν
275 295 380 327 διαϐὰς,
398 294 446 321 καλ¹
463 295 491 321 ὲν
508 293 568 329 Θεῷ
581 293 761 324 καταπαύσας
772 294 805 328 τῇ
821 292 905 324 ὅντως
920 292 988 327 ζωῇ,

201 341 272 376 ὑπὲρ
289 341 335 367 τὸν
361 339 401 366 ἔτι
419 339 491 366 κατὰ
511 339 565 366 τῶν
587 339 682 366 παθῶν
709 337 910 373 ἅγωνιξόμενον
921 359 928 370 ,
943 338 992 367 καὶ

202 386 334 421 γενναίως
353 386 443 417 αὐτοῖς
465 385 662 420 ἀνθιστάμενον
675 391 682 401 ⁸
707 384 755 411 καὶ
769 385 782 411 ὁ
802 383 933 418 γενναίως
958 383 992 410 τὰ

203 431 277 467 πάθη
295 430 503 463 καταπαλαίων,
523 431 592 466 μετὰ
607 430 688 465 λόγου
711 430 840 465 πράττων
859 429 908 465 τὴν
925 429 992 464 ἀρε-

203 477 263 514 τὴν,
284 478 330 504 καὶ
347 478 376 504 ἐν
400 478 458 510 τοῖς
481 478 643 512 ἀναγκαίοις
664 476 744 512 μόνον
767 476 994 511 συγκαταϐαίνων

204 523 249 550 διὰ
263 523 314 558 τὴν
332 523 476 550 ἀσθένειαν
499 524 532 558 τῇ
551 523 633 558 σαρκὶ
653 523 721 557 πρὸς
743 521 883 554 σύστασιν,
901 521 995 557 κρείσ-

206 576 261 595 σων
286 569 346 595 ἐστὶ
367 568 415 602 τοῦ
441 569 470 602 ἐξ
485 569 571 603 αὐτῆς
592 568 675 595 πολὺν
692 568 779 603 σωρὸν
803 568 909 604 ἀρετῶν
926 567 997 594 κατὰ

207 614 308 649 πρᾶξιν
332 614 505 649 συνάγοντος,
532 614 580 641 καὶ
601 614 819 646 καταϐάλλοντος
844 613 947 649 ταύτην
963 614 996 649 τῇ

207 659 322 694 ἀγώνων
345 659 496 695 ὑπερϐολῇ.
522 659 551 686 Ὁ
563 660 614 695 μὲν
627 659 683 695 γὰρ
712 660 742 686 οὐ
767 659 849 694 μόνον
868 658 899 685 τὸ
914 658 998 685 κακὸν

209 705 317 739 φεύγει,
334 705 403 732 ἀ).λά
417 706 464 732 καὶ
490 706 558 742 πρὸς
574 706 604 732 τὸ
627 706 729 740 ἀγαθὸν
746 707 840 741 χωρεῖ,
854 705 924 740 ἔχων
950 705 999 739 τὴν

210 751 300 787 σάρκα
327 752 458 786 συνεργὸν
481 752 550 787 πρὸς
569 751 604 778 τὰ
625 751 770 786 κρείττονα
784 759 792 766 ⁸
816 752 830 778 ό
852 750 881 777 δὲ
905 749 1001 784 φεύγει

211 796 262 830 μὲν
277 796 310 823 τὰ
323 798 382 823 κατ’
406 796 524 832 ἔλλειψιν
546 798 596 831 τῆς
619 796 721 832 ἀρετῆς
738 796 823 831 πάθη,
839 795 889 822 οὐκ
901 795 958 830 ἔχει
973 794 1002 821 δὲ

209 841 263 868 τίνι
280 841 404 878 συνεργῷ
421 842 490 876 πρὸς
503 842 537 869 τὰ
551 841 684 869 κάλλιστα
697 841 845 877 χρήσηται.

1043 249 1090 284 qui
1108 255 1157 284 per
1172 246 1335 283 sapientiam
1355 245 1446 272 omnia
1460 243 1624 272 exsislentia
1641 247 1733 271 mente
1763 251 1835 278 prae-

1044 293 1225 329 tergrediens,
1245 293 1274 320 in
1294 291 1351 319 Deo
1370 291 1517 325 requievit,
1545 298 1605 325 qua:
1629 294 1671 317 est
1688 297 1751 317 vera
1772 290 1839 320 vita,

1044 341 1091 368 illo
1107 341 1153 376 qui
1169 335 1261 367 adhuc
1273 338 1404 365 adversus
1420 337 1563 371 passiones
1596 337 1727 367 luctatur,
1743 335 1839 370 eisque

1045 393 1177 423 generose
1188 384 1310 413 resistit:
1322 389 1348 411 et
1365 384 1411 410 ille
1424 384 1470 418 qui
1487 390 1620 418 generose
1633 382 1766 410 adversus
1778 389 1841 416 pas-

1045 434 1138 461 siones
1146 432 1277 462 luctatur,
1287 428 1458 456 rationaliter
1465 429 1592 455 virtutem
1603 435 1698 463 agens,
1713 431 1740 454 et
1751 427 1778 454 in
1794 434 1842 454 ne-

1047 478 1180 505 cessariis
1198 480 1304 503 tantum
1321 482 1383 502 sese
1397 474 1491 502 carnis
1508 473 1664 501 inﬁrmitati
1684 480 1840 500 accommo-

1048 524 1118 552 dans
1136 523 1169 550 ad
1183 521 1413 549 sustentationem
1439 519 1538 547 melior
1553 523 1596 547 est
1623 527 1655 546 co
1673 519 1719 554 qui
1737 526 1770 545 ex
1795 518 1842 545 illa

1048 576 1177 604 magnum
1190 567 1322 594 virtutum
1337 566 1477 601 operando
1490 565 1614 600 congerit
1625 572 1753 592 acervum
1767 572 1843 591 earu-

1048 621 1102 649 que
1121 612 1214 647 dejicit
1226 610 1408 638 certaminum
1424 608 1625 637 excessu.Nam
1639 608 1715 644 prior
1730 609 1842 643 quidem

1049 668 1104 688 non
1121 658 1201 686 modo
1215 657 1317 685 malum
1333 658 1412 692 tugit,
1425 654 1473 684 sed
1497 655 1530 683 ad
1547 656 1650 683 bonum
1666 655 1748 681 etiam
1778 662 1844 689 pro-

1050 706 1184 740 greditur,
1199 712 1310 732 carnem
1323 704 1430 731 habens
1444 702 1476 729 ad
1487 701 1600 729 meliora
1614 701 1842 735 cooperatricctn.

1051 750 1190 778 Posterior
1204 756 1277 785 vero.
1293 747 1364 782 fugit
1377 746 1487 782 quidem
1504 745 1649 781 passiones
1669 743 1843 774 omissionis,

1053 796 1156 824 nullius
1172 799 1262 822 autem
1279 793 1382 821 auxilio
1399 792 1433 820 ad
1451 791 1555 827 optima
1569 791 1666 818 utitur.

247 890 285 919 ς’.
390 875 600 920 κυϐερνήσεως
627 875 895 921 γίνεταιγπδλεμος,
924 883 1000 918 βοή-

1089 881 1173 910 Υῑιιε.
1193 880 1221 908 6.
1246 880 1318 914 Quia
1352 887 1412 906 cum
1439 877 1610 912 dispositione
1637 876 1722 903 initur
1739 875 1845 908 bellum,

212 931 276 956 θεια
289 929 323 956 δὲ
340 930 416 964 μετὰ
442 929 568 964 καρδίας
591 929 807 964 βουλευτικῆς.
837 929 970 964 Καθάπερ
987 930 1001 955 ὁ

213 976 282 1012 πρὸς
297 976 359 1008 τοὺς
372 977 488 1012 ὀρατοὺς
500 977 664 1008 ἀντιπάλους
677 976 806 1011 πόλεμος,
823 977 1002 1011 ἐπιστημονι-

207 1022 266 1062 ,κῆς
280 1022 375 1057 χρῄζει
400 1023 579 1058 στρατηγίας,
602 1023 708 1058 μεγάλα
718 1023 747 1049 δὲ
761 1021 947 1057 συμϐάλλεται
963 1021 1002 1056 τῷ

215 1070 319 1105 ῑσχυρῷ
334 1070 531 1106 στρατεύματι,
541 1070 626 1097 καὶτὸ
635 1070 680 1097 τον
691 1070 813 1105 ἡγεμόνα
829 1068 900 1096 κατὰ
911 1068 1002 1104 ψυχὴν

213 1116 249 1142 τὰ
261 1116 355 1143 δέοντα
369 1116 613 1151 περισκέπτεσθαι·
625 1115 696 1143 οὕτω
705 1117 777 1151 καὶὴ
793 1115 863 1142 κατὰ
874 1115 927 1142 τῶν
940 1123 1004 1150 νοη-

214 1161 269 1188 τῶν
284 1161 390 1197 ἐχθρῶν
415 1162 640 1197 ἀντιπαράταξις,
655 1161 724 1197 προς
732 1161 761 1188 τὸ
775 1162 888 1197 ήττῆσαι
899 1159 1002 1187 τούτων

215 1207 262 1234 καὶ
278 1208 452 1242 καταϐαλεῖν,
480 1208 615 1244 ἔμφρονος
626 1209 711 1235 δεῖται
727 1208 898 1239 ἐπιστασίας,
913 1206 1004 1238 καλῶς

215 1253 393 1289 διεξαγοὺσης
409 1254 458 1286 τὰς
479 1253 527 1281 τοῦ
552 1253 705 1289 παθητικοῠ
724 1255 822 1289 μέρους
840 1253 889 1288 τῆς
914 1252 1004 1287 ψυχῆς

215 1300 355 1335 δυνάμεις,
369 1301 417 1336 τὴν
429 1300 577 1336 ἐπιθυμίαν
592 1302 639 1328 καὶ
652 1301 698 1328 τον
715 1301 800 1336 θυμόν
811 1309 818 1315 ·
833 1300 901 1335 πρὸς
913 1299 942 1326 δὲ
953 1299 1002 1326 καὶ

1052 933 1078 957 et
1087 928 1135 956 erit
1152 927 1226 955 salus
1243 927 1288 953 ubi
1303 925 1388 952 multa
1401 924 1511 951 consilia
1523 927 1595 950 sunt.
1610 921 1844 955 Quemadmodum

1036 973 1039 976 ⁴
1052 975 1185 1003 adversus
1195 973 1288 1000 hostes
1297 971 1420 999 visibiles
1434 970 1534 997 bellum
1544 968 1688 996 scientiam
1701 967 1848 994 militarem

1055 1020 1151 1055 exigit,
1175 1019 1348 1052 multumque
1367 1018 1486 1051 prosunt
1501 1013 1604 1050 potenti
1620 1013 1753 1040 exercitui
1769 1012 1849 1039 ducis

1054 1064 1199 1101 prudentia
1213 1067 1240 1091 et
1258 1062 1366 1098 peritia,
1378 1060 1418 1088 sic
1430 1061 1457 1087 in
1468 1066 1559 1095 pugna
1572 1058 1705 1086 adversus
1719 1057 1850 1092 spiritua-

1055 1112 1096 1139 les
1122 1111 1227 1142 hostes.
1242 1109 1276 1136 ad
1288 1109 1350 1136 illos
1363 1106 1513 1135 vincendos
1526 1109 1552 1133 et
1573 1104 1744 1139 dejicieudos
1756 1103 1848 1137 reqtti<

1057 1158 1125 1185 ritur
1144 1157 1264 1192 prudens
1277 1153 1491 1188 eireumspectio
1509 1159 1570 1186 quae
1591 1150 1736 1178 facultates
1751 1149 1850 1176 anima:

1057 1203 1145 1238 partis
1173 1200 1314 1229 sensibilis
1342 1200 1416 1227 bene
1439 1198 1551 1233 dirigat.
1569 1196 1720 1232 appetitum
1745 1195 1850 1222 scilicet

1059 1248 1298 1283 concupiscibilcm
1315 1251 1341 1274 et
1357 1245 1505 1280 appetitum
1515 1243 1679 1271 irascibilem
1695 1247 1722 1270 et
1736 1240 1851 1268 rationis

1053 1296 1186 1332 judicium
1217 1295 1290 1330 quod
1314 1294 1446 1329 optimum
1471 1300 1486 1319 a
1503 1292 1622 1326 pessimo
1637 1289 1786 1317 discernat.

216 1345 328 1382 λογικῆς
348 1347 510 1383 διακρίσεως
532 1348 562 1374 τὸ
580 1349 704 1383 κρεῖττον
722 1346 879 1382 διαιρούσης
893 1345 948 1371 ἀπὸ
965 1344 1012 1371 τοῦ
1029 1344 1161 1380 χείρονος.

252 1393 286 1425 ζ’.
302 1393 397 1428 Σοφία
412 1393 461 1420 καὶ
476 1394 579 1420 ἔννοια
598 1393 694 1428 ἀγαθὴ
709 1393 743 1419 ἐν
752 1393 865 1425 πύλαις
889 1390 1004 1426 σοφῶν.

223 1440 256 1467 Ἦ
280 1439 429 1474 θεογνωσία
456 1441 504 1466 καὶ
526 1440 609 1475 ἡτῶν
640 1439 750 1473 ἀγαθῶν
776 1438 865 1475 ἔργων
894 1437 1006 1473 μελέτη,

218 1486 381 1522 παρεδρεύει
397 1486 425 1513 ὲν
438 1488 496 1518 ταῖς
515 1486 619 1513 τούτων
633 1486 798 1520 εἰσαγωγαῖς
809 1485 888 1520 δίκην
899 1482 1002 1516 πυλῶν,

218 1532 363 1568 αἰσθήσεσι
377 1532 431 1559 τῶν
447 1532 556 1559 τελείων
577 1533 693 1568 ἀνδρῶν,
707 1532 745 1564 ὡς
761 1532 794 1558 ἐκ
807 1532 861 1558 τῶν
882 1530 1005 1564 ποιημά-

218 1585 273 1604 των
298 1577 344 1604 τὺν
360 1577 480 1612 Ποιητὴν
505 1577 791 1612 καταλαμϐανόντων,
822 1576 869 1603 καὶ
894 1576 924 1602 τὸ
942 1576 1008 1609 περὶ

220 1623 309 1650 πάντα
317 1622 418 1649 τούτων
432 1623 605 1658 εὐεργετικὸν
616 1632 649 1649 πε
656 1622 868 1657 ρισκοπούντων,
879 1622 925 1649 καὶ
938 1621 1009 1648 κατὰ

219 1669 250 1696 τὺ
264 1669 376 1696 δυνατὸν
389 1669 532 1705 μιμεῖσθαι
548 1669 772 1704 ἐπιχειρούντων.

254 1713 291 1750 η’.
309 1715 402 1749 Σοφοὶ
432 1716 487 1742 οὐκ
508 1715 707 1742 ἐκκλίνουσιν
721 1716 756 1742 ἐκ
775 1716 925 1750 στόματος
952 1718 1007 1743 Κυ-

218 1762 299 1795 ρίου,
314 1761 394 1789 ἀλλὰ
415 1761 582 1796 λογίζονται
593 1762 628 1789 ἐν
643 1762 826 1796 συνεδρίοις.
842 1762 875 1789 Ol
890 1762 1012 1796 φθάσαν-

221 1817 267 1839 τες
282 1808 322 1840 είς
336 1807 503 1843 τελειότητα,
524 1808 650 1844 οὐδαμῶς
665 1808 728 1840 τοὺς
739 1808 836 1843 λόγους
848 1808 896 1835 τοῦ
909 1809 1012 1835 Δεσπό-

223 1862 270 1880 του
278 1854 333 1880 τῶν
346 1854 414 1881 ὅλων
423 1854 488 1881 Θεοῦ
499 1855 726 1890 παραϐαίνουσιν,
738 1855 806 1883 ἀλλὰ
816 1856 885 1892 πρὸς
900 1855 1012 1887 τούτους

223 1898 370 1932 ἀνάγονται
375 1920 381 1926 .

260 1944 506 1977 θ¹.“Απαιὸεύτοις
522 1943 659 1979 συναντᾷ
670 1944 808 1978 θάνατος,
826 1945 1014 1980 ἀποθνήσκει

225 1990 259 2017 δὲ
273 1990 589 2025 ἀφρωνένὰμαρτίαις.
609 1990 664 2017 Καὶ
680 1989 752 2016 κατὰ
772 1990 820 2022 τὰς
831 1991 945 2025 ἀλόγους
963 1991 1013 2026 τῆς

225 2036 313 2072 ψυχῆς
327 2037 497 2071 θεωρητικὰς
504 2045 534 2063 τε
542 2037 588 2063 καὶ
600 2035 755 2072 πρακτικὰς
763 2036 903 2071 δυνάμεις,
913 2036 962 2068 τὰς
970 2037 1014 2063 αἰ-

188 2098 195 2105 ·
227 2083 338 2118 σθήσεις
345 2085 428 2118 φημὶ,
438 2083 539 2117 καὶτὴν
547 2082 696 2117 ἐπιθυμίαν
705 2082 753 2108 καὶ
760 2082 805 2108 τὸν
812 2081 907 2116 θυμὸν,
917 2083 946 2108 ὲν
954 2083 1014 2114 ταῖς

226 2129 328 2156 τούτων
342 2129 410 2165 πρὸς
423 2129 473 2164 τὴν
484 2129 598 2163 ἑνότητα
614 2128 662 2155 τοῦ
676 2128 722 2155 νοῦ
740 2127 941 2163 συναθροίσεσι,
956 2129 1015 2159 τοῖς

229 2175 266 2210 μὴ
285 2175 402 2210 μαθοῦσι
433 2174 565 2209 θεοφιλῶς
578 2174 628 2209 τὴν
650 2173 717 2201 ίδίαν
742 2174 816 2209 ζωὴν
841 2173 986 2208 διεξάγειν,
1001 2173 1016 2200 ό

228 2221 288 2248 καθ’
303 2221 442 2256 ἁμαρτίαν
451 2221 500 2255 τῆς
510 2220 600 2256 ψυχῆς
611 2219 770 2255 ἐντυγχάνει
783 2219 907 2250 θάνατος.

264 2269 290 2293 ι’.
311 2266 488 2299 Ἆκαθαρσίιι
498 2264 531 2292 δὲ
539 2264 624 2299 ἀνδρὶ
635 2265 740 2299 λοιμῷ,
751 2263 1016 2298 ἑμμολυνθήσεται

227 2312 262 2339 ἐν
276 2311 374 2353 ἡμέρᾳΔ
389 2311 469 2345 κεικῇ
480 2332 486 2344 ,
509 2311 558 2338 καὶ
569 2311 604 2338 ὲν
620 2310 716 2345 ἡμέρᾳ
740 2311 882 2344 θλίψεως,
906 2310 963 2343 ἕως
979 2309 1018 2337 ἂν

228 2357 350 2391 ἐκλίπῃ.
374 2357 455 2383 Καὶὸ
469 2356 619 2390 ἀλογίστως
649 2355 726 2391 βιῶν,
758 2356 805 2382 καὶ
828 2356 960 2388 ἑκουσίως
980 2355 1017 2391 μὴ

229 2402 328 2430 συνιὼν
342 2403 385 2437 ἐφ’
400 2399 443 2434 οἷς
459 2402 625 2438 προσκρούει
649 2401 718 2437 Θεῷ,
736 2402 819 2436 μέχρι
842 2401 938 2432 τέλους
957 2402 1019 2433 ταῖς

229 2449 339 2480 κακίαις
354 2449 466 2484 ἐμμένει
478 2457 484 2464 ·
497 2449 537 2483 τῷ
550 2449 573 2475 δ’
588 2448 819 2484 ἀπερικαλύπτως
837 2448 887 2483 τὴν
914 2448 1018 2475 κακίαν

229 2494 418 2530 ἐργαζομένῳ,
442 2494 591 2521 κάντεῦθεν
605 2494 652 2521 καὶ
665 2494 768 2530 ἑτέροις
784 2493 888 2528 ταύτης
904 2493 1017 2528 μεταδι-

229 2540 313 2572 δόντι,
341 2540 477 2576 ἀνθρώπῳ
501 2540 649 2574 ἀπο-γνόντι
672 2540 722 2575 τῆς
748 2539 847 2566 ἑαυτοῦ
865 2538 1017 2574 σωτηρίας,

229 2585 331 2612 ὁπόταν
344 2585 436 2612 ὀδύναι
450 2585 608 2620 σωματικαὶ
622 2585 709 2620 τούτῳ
736 2585 782 2611 καὶ
801 2584 918 2619 ψυχικαὶ
933 2584 1019 2610 λύπαι

230 2631 392 2663 ἐπέλθωσιν,
405 2632 422 2666 ἡ
440 2631 557 2666 πονηρία
570 2631 650 2657 πλέον
669 2631 905 2666 ὲπεκτανθήσεται
916 2650 923 2662 ,
939 2630 1019 2666 ἄχρις

231 2678 264 2704 ἂν
279 2678 310 2704 τὸ
325 2677 401 2709 τέλος
415 2676 465 2712 τῆς
483 2677 556 2712 ζωῆς
572 2677 652 2703 αὐτὴν
669 2676 822 2713 καταλάϐῃ.

268 2728 312 2752 ια’.
322 2724 425 2751 Ῥὗσαι
434 2723 599 2759 ἀγομένους
608 2724 651 2756 εἷς
662 2723 803 2755 θάνατον,
814 2723 862 2750 καὶ
876 2722 1022 2757 ἐκπριοῦν

232 2772 442 2806 κτεινομένους
449 2770 492 2806 μὴ
503 2771 606 2806 φείσῃ.
624 2770 768 2806 Λύτρωσαι
785 2771 822 2802 ὡς
840 2771 952 2797 δυνατόν
968 2780 1020 2803 σοι,

231 2817 294 2848 τοὺς
309 2817 501 2851 ἀπαγομένους
516 2818 555 2848 είς
577 2816 702 2848 θάνατον,
728 2815 783 2842 εἴτε
799 2816 846 2842 τὸν
856 2816 950 2843 ἄδικον
969 2825 1021 2842 σω-

234 2863 358 2897 ιιατικδν,
383 2863 438 2890 εἴτε
458 2863 504 2890 τὸν
522 2863 582 2890 καθ’
600 2861 737 2898 ἀμαρτεαν
756 2862 880 2898 ψυχικάν
898 2862 944 2889 καὶ
958 2862 1019 2894 τοῦς

1096 1389 1180 1416 Vens.
1199 1389 1227 1415 7.
1246 1386 1384 1422 Sapientia
1397 1390 1421 1413 et
1436 1383 1612 1418 intelligentia
1634 1381 1703 1409 bona
1720 1381 1746 1408 in
1767 1382 1851 1415 portis

1060 1436 1220 1470 sapientum.
1231 1433 1359 1469 Cognitio
1374 1432 1421 1460 Dei
1447 1436 1475 1459 et
1503 1431 1638 1458 bonorum
1654 1436 1768 1463 operum
1786 1435 1852 1455 cura

1060 1481 1157 1510 sedent
1171 1480 1249 1515 quasi
1265 1480 1292 1507 in
1306 1479 1404 1514 portis,
1420 1478 1447 1505 in
1470 1476 1600 1511 sensibus
1629 1475 1736 1502 scilicet
1762 1474 1852 1501 horni-

1060 1535 1123 1555 num
1135 1525 1331 1562 perfectorum,
1350 1524 1397 1559 qui
1412 1532 1446 1551 ex
1464 1522 1564 1550 creatis
1577 1521 1736 1548 Creatorem
1753 1520 1852 1554 depre-

1061 1573 1184 1601 hendunt
1199 1576 1226 1600 et
1245 1579 1308 1600 eum
1333 1569 1483 1605 inspiciunt
1496 1567 1542 1603 qui
1560 1575 1643 1601 super
1656 1566 1748 1593 omnia
1771 1565 1854 1592 bene-

1063 1620 1131 1647 ﬁcus
1147 1621 1200 1651 est,
1216 1618 1350 1653 illumque
1365 1617 1432 1644 totis
1449 1615 1554 1643 viribus
1571 1613 1674 1641 imitari
1687 1615 1836 1639 conantur.

1099 1712 1183 1739 Vens.
1204 1710 1229 1737 8.
1251 1709 1387 1744 Sapientes
1403 1716 1454 1735 non
1466 1706 1600 1734 declinant
1622 1704 1655 1731 ab
1673 1712 1717 1731 ore
1734 1703 1854 1736 Domini,

1064 1760 1108 1786 sed
1125 1757 1272 1785 deliberant
1288 1756 1315 1782 in
1337 1753 1513 1781 consesaibus.
1531 1751 1583 1785 Qui
1602 1750 1635 1777 ad
1656 1749 1854 1785 perfectionem

1065 1808 1259 1841 pervenerunt,
1282 1803 1357 1830 nullo
1374 1800 1456 1828 modo
1473 1799 1519 1827 Dei
1537 1798 1730 1826 universorum
1748 1795 1855 1824 Domini

1065 1851 1308 1888 transgrediuntur
1327 1852 1470 1884 prmccpta,
1484 1846 1532 1875 sed
1545 1845 1578 1872 ad
1591 1851 1622 1872 ea
1636 1843 1835 1880 provehuntur.

1103 1942 1185 1970 Vens.
1213 1942 1240 1969 9.
1268 1939 1479 1974 Indisciplinatis
1506 1937 1716 1967 occurritmors,
1743 1934 1856 1961 moritur

1067 1994 1155 2017 autem
1174 1987 1325 2022 imprudens
1338 1987 1365 2013 in
1382 1984 1506 2019 peccatis.
1524 1984 1556 2009 Et
1573 1981 1661 2017 quoad
1683 1979 1856 2007 irrationales

1068 2035 1167 2063 animae
1179 2038 1237 2060 tum
1259 2031 1444 2067 speculativas
1467 2033 1525 2056 tum
1547 2027 1684 2063 practieas
1707 2025 1855 2060 potentias.

1068 2089 1167 2110 sensus
1179 2080 1254 2112 dico,
1270 2082 1297 2106 et
1314 2077 1464 2112 appetitum
1481 2073 1726 2109 concupiscihilem
1752 2079 1784 2098 ae
1801 2071 1857 2097 ira-

1068 2128 1206 2159 scibilem,
1237 2126 1283 2161 qui
1314 2125 1450 2152 iuearum
1472 2122 1504 2150 ad
1537 2121 1667 2148 unitatem
1702 2118 1858 2146 intellectus

1069 2171 1330 2202 coacervationibus
1348 2168 1489 2205 propriam
1513 2167 1568 2194 Deo
1596 2171 1701 2201 gratam
1729 2163 1858 2191 nesciunt

1070 2221 1189 2255 dirigere
1209 2218 1303 2249 vitam,
1330 2216 1364 2244 iis
1390 2223 1464 2243 mors
1480 2213 1579 2241 anima:
1596 2216 1710 2248 peccato
1726 2210 1857 2238 occurrit.

1106 2266 1187 2294 Vens.
1209 2265 1252 2292 lt).
1279 2261 1453 2290 [inmunditia
1475 2264 1563 2287 autem
1584 2259 1639 2286 viro
1652 2256 1796 2293 pestilenti,
1818 2257 1858 2282 in-

1069 2315 1222 2351 quinabitur
1237 2313 1264 2340 in
1281 2312 1322 2338 die
1336 2310 1408 2337 mala
1423 2314 1448 2337 et
1465 2309 1492 2336 in
1504 2308 1547 2335 die
1563 2305 1754 2337 tribulationis,
1778 2305 1859 2330 donec

1070 2361 1189 2396 deﬁciat.
1207 2359 1240 2386 Et
1260 2359 1307 2386 ille
1331 2356 1379 2392 qui
1400 2354 1602 2383 irrationaliter
1617 2352 1684 2379 vivit
1708 2355 1736 2378 et
1762 2355 1858 2385 sponte

1071 2415 1125 2434 non
1143 2404 1274 2438 intelligit
1295 2403 1325 2430 in
1348 2402 1449 2437 quibus
1470 2400 1553 2428 Deum
1579 2397 1703 2429 oll'endit,
1722 2403 1808 2430 usque
1825 2397 1858 2421 ad

1071 2454 1154 2481 linem
1172 2452 1199 2480 in
1216 2449 1338 2487 peccatis
1364 2447 1548 2484 permanebit.
1571 2445 1623 2479 Qui
1645 2448 1737 2471 autem
1757 2442 1858 2469 malum

1070 2503 1164 2535 aperte
1175 2498 1252 2529 facit,
1270 2497 1398 2531 aliosque
1411 2492 1563 2529 pervertit,
1582 2490 1629 2526 qui
1647 2489 1776 2524 desperat
1795 2496 1859 2523 pro-

1071 2547 1137 2582 prite
1153 2544 1246 2575 saluti,
1275 2541 1387 2577 quando
1414 2539 1528 2567 vcniunt
1545 2536 1671 2571 corporis
1697 2535 1808 2562 dolores
1833 2538 1860 2560 et

1071 2580 1170 2619 anima‘.
1198 2596 1342 2619 maerores,
1358 2585 1463 2614 malitia
1490 2583 1550 2619 ejus
1573 2581 1750 2613 extendetur,
1772 2580 1860 2607 (Ιοιιιξιὶ

1070 2639 1133 2666 vitae
1145 2636 1207 2664 linis
1224 2633 1411 2670 deprehendat
1429 2631 1517 2658 illum.

1093 2724 1191 2753 'Vaas.
1209 2724 1252 2751 ll.
1279 2722 1348 2750 Erue
1361 2729 1405 2748 eos
1420 2719 1465 2755 qui
1479 2719 1612 2746 ducuntur
1635 2716 1669 2743 ad
1690 2721 1811 2744 mortem.
1837 2719 1859 2740 rt

1072 2771 1116 2807 qui
1132 2770 1275 2797 trahuntur
1288 2767 1322 2795 ad
1339 2767 1474 2794 interitum
1492 2766 1604 2792 liberare
1626 2772 1656 2791 ne
1675 2770 1767 2790 cesses.
1791 2759 1861 2786 Erue

1072 2806 1207 2852 quantum
1223 2818 1300 2850 potes
1319 2820 1368 2841 eos
1384 2813 1430 2848 qui
1448 2813 1590 2839 ducuntur
1613 2811 1646 2836 ad
1661 2811 1787 2838 mortem.
1805 2806 1861 2831 sive

1073 2862 1107 2889 ad
1129 2865 1244 2890 mortem
1275 2859 1407 2895 injustam
1437 2857 1574 2893 corporis,
1599 2855 1655 2883 sive
1685 2852 1718 2881 ad
1747 2856 1860 2879 mortem
