2072 3161
204 137 272 170 1465

712 141 978 173 COMMENTARII
1001 142 1042 172 lN
1063 143 1288 175 PROVERBIA-

1761 147 1830 180 1466

236 194 270 219 οι
284 192 310 219 δ’
332 193 451 227 ἀσεϐεῖς
477 194 707 228 ἀσθενήσουσιν
731 196 766 224 ἐν
791 198 905 231 κακοῖς.
920 199 950 225 0i
964 198 986 225 δ’

1073 199 1155 228 Vnus.
1186 201 1229 227 i7.
1255 200 1335 235 [mpii
1359 206 1445 228 autem
1483 201 1690 237 inﬁrmabantur
1717 204 1744 231 in
1774 214 1830 233 ma-

199 237 350 274 ἀλογίστως
363 239 475 272 ζῶντες,
500 241 548 267 καὶ
570 241 639 273 ὅλως
653 242 684 268 τὸ
697 242 781 275 ὅντως
798 244 880 270 καλὸν
900 244 938 279 μὴ
950 253 990 270 τι-

201 285 316 321 μῶντες.
338 285 519 312 ἀπελπίσουσι
545 286 596 322 τὴν
623 287 731 314 ἑαυτῶν
756 290 935 324 σωτηρίανὲν
950 288 990 323 οἷς

199 331 370 367 περίκεινται
388 332 584 368 ἁμαρτήμασιν
594 341 601 348 ·
617 333 655 364 ὡς
669 334 720 369 τὴν
730 335 801 362 κατὰ
814 335 859 362 τὸν
868 344 990 371 πνευμα-

199 377 274 404 τικὸν
289 379 370 411 νόμον
385 377 533 412 θεραπείαν
553 379 686 413 βαστάσαι
700 380 737 415 μὴ
752 381 913 417 δυνηθέντες
923 403 930 415 ,
945 381 990 410 οἷα

200 423 305 458 τροφῆς
319 423 356 454 ὡς
370 423 550 458 νηπιόφρονες
564 425 744 460 ἁπαλωτέρας
756 426 890 462 δεόμενοι.

235 467 277 498 ιζ’.
289 467 356 494 Ἐὰν
365 468 446 501 πέσῃ
458 468 588 503 ὁέχθρός
600 478 669 501 σου,
677 470 721 504 μὴ
733 470 882 506 ἐπιχαρῇς
897 472 988 506 αὐτῷ·

198 512 234 539 ἐν
252 512 286 539 δὲ
302 512 341 545 τῷ
352 514 596 549 ὐποσκελίσματι
606 516 711 548 αὑτοῦ,
725 516 768 551 μὴ
780 518 989 552 ἐπαίρου.Ἐάν

198 565 240 589 τις
272 558 426 593 μαχόμενός
446 567 503 590 σοι.
531 561 671 597 περιπέσῃ
700 563 754 588 τινὶ
783 563 922 598 πτώματι,
951 565 988 600 μὴ

199 602 388 639 ἐπεγγελάσῃς
417 604 500 639 αὐτῷ,
530 606 576 632 ἐπὶ
593 609 624 642 τῇ
640 608 765 644 ἀπωλείᾳ
778 609 861 636 αὐτοῦ
873 611 989 645 εὐφραι-

198 647 319 681 νόμενος·
333 649 381 675 ἐπὶ
391 649 419 675 δὲ
430 651 462 686 τῇ
477 650 545 686 πρὸς
556 652 687 680 τάναντία
703 656 857 690 περιτροπῇ
874 655 983 689 τούτου,

198 693 236 729 μὴ
266 694 339 728 μέγα
371 695 464 730 φρόνει
492 697 584 730 αὐτὸς,
599 697 637 729 ὡς
663 698 716 734 ἠδη
750 700 920 735 ἀπαλλαγεὶς
940 701 986 728 τοῦ

197 738 346 772 λυποῦντος
373 749 419 774 σε,
445 742 494 769 καὶ
526 742 744 775 καταϐάλλοντος
777 753 823 771 σου
854 746 886 772 τὺ
918 746 987 781 φρό-

198 792 229 818 νη
235 792 283 818 μα.

234 829 279 865 ιη’.
295 831 360 858 ’Ὅτι
376 831 481 865 ὄψεται
500 833 618 867 Κύριος,
632 833 681 860 καὶ
691 835 748 862 οὐκ
765 835 868 869 ἀρέσει
880 836 961 869 αὐτῷ
975 844 983 852 ·

196 876 438 911 καὶάποστρέψει
457 878 510 905 τὸν
525 880 621 914 θυμὸν
633 880 728 908 αὐτοῦ
736 881 786 908 ἀπ’
799 883 906 911 αὑτοῦ.
923 884 983 910 ’Ὁτι
1000 875 1022 904 Β

196 923 211 948 ὸ
225 923 312 949 πάντα
326 923 404 955 είδὼς
422 925 561 959 Δεσπότης
587 926 642 953 τῶν
661 927 730 954 ὅλων
746 927 822 961 Θεὸς,
839 928 982 964 ἐπιϐλέψει

196 966 272 998 ὅπως
285 967 378 1000 κακῶς
389 976 437 994 σου
451 969 485 995 τὰ
498 969 568 996 κατὰ
583 969 672 1006 ψυχὴν
687 971 789 1006 ἔχουσι’
807 974 855 999 καὶ
867 971 910 999 οἷα
925 973 986 1007 φιλ-

196 1013 344 1048 ανθρώπῳ,
355 1014 404 1040 οὐκ
417 1014 568 1041 ἀποδεκτέα
579 1016 728 1050 φανοῦνται
739 1017 823 1052 αὐτῷ·
840 1017 901 1045 ὅθεν
916 1019 986 1046 ἐκεῖ·

195 1068 241 1085 νον
257 1059 506 1094 μὲν,διορθωθὲντα
519 1062 579 1092 ταῖς
598 1063 757 1097 ἐπαγωγαῖς
773 1063 826 1090 τῶν
836 1065 984 1100 ὀδυνηρῶν,

195 1103 317 1139 ἐλεήσει·
347 1106 395 1132 ἐπὶ
409 1106 438 1133 σὲ
453 1106 482 1132 δὲ
496 1107 605 1139 πάντως
630 1108 680 1142 τὴν
702 1109 787 1145 ὀργὴν
807 1110 892 1137 αὐτοῦ
918 1111 986 1138 ἁπο-

196 1150 317 1186 στρέψει,
335 1151 457 1184 παιδείας
469 1151 595 1188 δεόμενον
610 1155 678 1189 προς
693 1155 844 1190 διόρθωσιν.

232 1195 275 1228 ιϐ’,
294 1200 329 1224 κ’.
344 1197 392 1231 Μὴ
413 1198 496 1232 zzz/"pe
506 1199 556 1226 ἐπὶ
583 1201 767 1235 κακοποιοῖς,
793 1201 872 1236 μηδὲ
894 1201 986 1236 ζήλου

195 1242 398 1277 ἁμαρτωλούς·
409 1245 445 1271 οὺ
459 1245 514 1278 γὰρ
526 1245 569 1279 μὴ
581 1245 699 1280 γένηται
711 1247 822 1282 ἔκγονα
833 1248 984 1282 πονηρῶκνο

195 1288 336 1323 λαμπτὴρ
349 1289 383 1316 δὲ
390 1289 508 1316 ἀσεϐῶν
515 1291 728 1324 σϐεσθήσεται.
740 1294 785 1328 Μὴ
800 1294 985 1329 ὲτιευψραίνου

195 1333 368 1366 διδασκάλοις
391 1335 476 1362 κακόν
494 1343 524 1362 σε
541 1336 703 1363 ἀποτελοῦσι
716 1338 777 1369 ταῖς
791 1338 897 1365 ἑαυτῶν
912 1348 986 1375 παρ-

195 1381 333 1414 αινέσεσι,
364 1381 433 1418 μηδὲ
463 1381 548 1417 μιμοῦ
582 1383 645 1415 τοὺς
669 1384 912 1420 ἀποτυγχάνοντας
937 1386 986 1413 τοῦ

195 1426 280 1458 ὅντως
295 1426 378 1454 καλοῦ
391 1428 420 1454 ὲν
432 1429 491 1460 ταῖς
504 1427 606 1454 ἑαυτῶν
631 1428 763 1464 πράξεσιν
774 1438 782 1446 ·
806 1429 869 1457 οὔτε
884 1430 939 1466 γὰρ
954 1432 986 1458 ὲκ

195 1473 245 1507 τῆς
258 1472 433 1505 διδασκαλίας
446 1473 560 1500 ἐκείνων
590 1474 758 1510 ἀποκυήσεις
789 1475 872 1502 καλὸν
888 1484 925 1504 τι.
938 1476 985 1502 καὶ

195 1518 226 1545 τὸ
239 1518 415 1554 προσκαίρως
425 1519 486 1554 ἡδὺ,
502 1519 551 1546 καὶ
563 1519 706 1556 περίδοξον
720 1520 774 1546 τῶν
790 1520 828 1556 μὴ
841 1521 985 1555 τιμώντων

196 1563 226 1590 τὺ
239 1563 323 1595 ὅντως
352 1563 444 1596 καλὸν,
476 1565 624 1592 κάντεῦθεν
635 1566 879 1601 ἀποτυγχανόντων
889 1567 983 1598 αὐτοῦ,

195 1610 298 1644 ταχέως
310 1610 534 1645 ἀφανισθήσεται.

231 1658 286 1685 κα’.
299 1655 352 1690 κβ¹.
368 1656 463 1682 Φοϐοῦ
481 1657 533 1682 τὸν
546 1656 630 1689 Θεὸν,
646 1656 702 1688 vis.
716 1657 765 1683 καὶ
776 1657 918 1689 βασιλέα,
937 1658 985 1685 καί

193 1701 345 1737 μηδετέρῳ
355 1701 454 1728 αὐτῶν
464 1701 626 1736 ἀπειθήσῃ·
636 1702 782 1737 ἐξαίφνης
789 1702 844 1737 γὰρ
853 1703 987 1730 τίσενται

195 1747 266 1780 τοὺς
295 1747 425 1780 ἀσεϐεῖς·
448 1748 501 1780 τὰς
529 1747 563 1774 δὲ
583 1748 723 1782 τιμωρίας
745 1748 918 1783 ἀμφοτέρων
942 1749 988 1782 τίς

196 1793 358 1827 Ίτὼσετακ
386 1793 488 1820 Τέκνον
517 1794 714 1828 πνευματικὸν,
731 1796 800 1830 μήτε
820 1794 890 1822 Θεοῦ
904 1803 988 1821 κατα-

197 1839 291 1874 φρόνει
306 1839 352 1866 τοῦ
368 1839 540 1874 κυριεύοντος
561 1841 609 1866 καὶ
623 1840 712 1875 ψυχῆς
724 1849 771 1866 σου
784 1840 830 1867 καὶ.
850 1839 986 1875 σώματος,

200 1886 268 1920 μήτε
295 1884 427 1919 βασιλέως
440 1885 487 1911 τοῦ
505 1886 587 1920 μόνου
599 1885 647 1911 τοῦ
664 1886 792 1920 σώματός
808 1895 854 1912 σου
864 1886 989 1918 ἐξουσιά-

198 1931 290 1963 ζοντος
301 1937 308 1944 ·
324 1930 371 1956 καὶ
392 1930 447 1957 τῶν
482 1931 729 1966 παραγγελμάτων
745 1931 848 1958 τούτων
864 1931 937 1963 τινὸς
950 1932 987 1967 μὴ

199 1975 391 2012 παρακούσῃς·
406 1976 538 2010 αἰφνίδιον
558 1977 612 2012 γὰρ
642 1978 846 2012 τιμωρήσονται
868 1978 931 2009 τοὺς
949 1978 987 2013 μὴ

198 2023 338 2058 τιμῶντας
347 2022 462 2054 αὐτούς’
477 2023 526 2055 τὰς
538 2023 567 2050 δὲ
582 2023 709 2055 κολάσεις
724 2023 757 2055 ἃς
771 2023 818 2050 καὶ
833 2024 987 2059 ἀμφότεροι

198 2070 331 2104 ἐπάγουσι
344 2070 401 2100 τοῖς
417 2069 484 2104 πρὸς
496 2069 596 2102 αὐτοὺς
609 2069 824 2105 ἁμαρτάνουσιν,
840 2070 927 2102 οὐδεὶς
942 2071 987 2097 διὰ

198 2116 229 2142 τὺ
245 2116 344 2151 ἄδηλον
367 2115 414 2141 τοῦ
444 2115 541 2150 καιροῦ
567 2116 724 2151 ὑπονοήσει·
739 2115 778 2147 ὡς
789 2115 824 2142 ἂν
837 2115 987 2150 διορθωσά-

200 2170 279 2196 μενος
309 2161 362 2197 πρὸ
385 2160 430 2187 τοῦ
454 2161 667 2197 τιμωρηθῆναι,
688 2161 845 2198 unum
872 2161 986 2194 τούτους

198 2206 296 2241 ἑαυτῷ.
519 2239 521 2241 _

232 2251 330 2286 Λόγον
359 2251 596 2286 φυλασσόμενος
627 2252 709 2285 υίὸς,
731 2252 883 2287 ἀπωλείας
899 2253 987 2287 ἐκτὸς

196 2297 297 2324 ἔσται’
323 2298 486 2332 δεχόμενος
510 2297 554 2329 δὲ,
586 2296 710 2328 ἐδέξατο
735 2299 839 2327 αὐτόν.
862 2299 918 2335 Τὴν
939 2299 987 2326 τοῦ

197 2343 264 2370 Θεοῦ
279 2344 388 2379 ἐντολὴν
401 2343 492 2378 τηρῶν
503 2343 517 2369 ό
533 2343 604 2369 κατά
619 2342 699 2378 χάριν
715 2344 778 2375 Υἱὸς
791 2345 885 2372 τούτου
903 2346 988 2380 γενέ-

197 2389 260 2416 σθαι
271 2388 410 2422 ἀξιωθεὶς,
424 2388 471 2416 τοῦ
489 2388 548 2415 καθ’
566 2388 706 2424 ἁμαρτίαν
727 2390 851 2419 κινδύνου
869 2391 988 2418 ἀπαλλα-

197 2437 328 2470 γήσεται·
346 2435 560 2471 προσδεχόμενος
576 2434 605 2461 δὲ
619 2434 704 2470 αὐτὴν
719 2436 759 2467 είς
776 2436 808 2463 τὸ
834 2437 915 2473 βάθος
936 2437 987 2472 τῆς

197 2481 315 2513 διανοίας
336 2481 430 2508 αὐτοῦ.

232 2526 337 2561 Μηδὲν
351 2527 465 2562 ψεῦδος
481 2527 539 2555 ἀπὸ
552 2528 698 2564 γλώσσης
709 2528 836 2562 ,ϐασιλεῖ
842 2528 987 2564 λεγέσθω,

198 2572 246 2599 καὶ
259 2572 351 2600 οὐδὲν
373 2572 487 2607 ψεῦδος
508 2573 568 2601 ἀπὸ
601 2574 747 2609 γλώσσης
767 2574 861 2602 αὐτοῦ
886 2575 922 2601 οὺ
943 2573 986 2608 μὴ

198 2618 319 2652 ἐξέλθῃ.
332 2619 379 2654 Μὴ
406 2619 511 2654 ὑπόσχῃ
537 2619 576 2655 τῷ
596 2620 720 2656 Δεσπότῃ
743 2622 791 2649 τοῦ
814 2620 913 2652 παντὸς
928 2620 987 2655 Θεῷ

197 2664 241 2691 διὰ
253 2664 386 2698 στόματος
408 2664 506 2701 ψευδῆ,
531 2665 600 2693 ἀλλὰ
612 2666 662 2697 τὰς
678 2667 746 2702 πρὸς
766 2666 847 2692 αὐτόν
861 2674 908 2692 σου
924 2674 988 2692 συν-

199 2710 286 2746 θήκας
305 2711 482 2747 ὲκπλήρωσον
496 2718 504 2726 ·
524 2711 572 2738 καὶ
589 2711 730 2747 πληρώσει
750 2712 859 2744 πάντως
880 2712 928 2738 καὶ
939 2711 988 2738 αὺ-

199 2758 245 2790 τδς
271 2759 317 2786 ἐπὶ
342 2759 384 2786 σοὶ
413 2759 464 2791 τὰς
491 2758 546 2786 τῶν
579 2759 733 2794 μελλόντων
763 2759 876 2794 ἀγαθῶν
901 2760 988 2794 ἑπαγ-

201 2803 305 2837 γελίας,
318 2805 364 2832 καὶ
384 2805 413 2832 οὐ
425 2805 625 2842 ψευσθήσονταί
641 2814 684 2833 σοι
708 2806 737 2833 at
755 2806 802 2834 ἐπὶ
817 2805 931 2838 ταύταις
944 2805 988 2833 ἐλ-

201 2850 288 2880 πιδες.

998 1549 1019 1577 C

1003 2219 1026 2248 D

1043 246 1086 273 lis.
1121 246 1172 280 Qui
1208 251 1299 275 autem
1330 248 1525 276 irrationaliter
1555 250 1651 277 vivunt
1678 256 1706 278 et
1733 260 1829 280 verum

1042 293 1143 320 bonum
1172 294 1307 321 honorare
1341 302 1455 328 prorsus
1484 295 1637 330 negligunt,
1663 297 1744 324 saluti
1773 307 1830 326 sum

1041 338 1226 373 despcrabunt
1247 340 1273 366 in
1291 340 1413 374 peccatis
1426 341 1527 376 quibus
1540 341 1632 376 jacent
1648 351 1655 369 :
1672 343 1735 378 quia
1749 344 1830 378 spiri-

1041 386 1115 412 tuale
1135 385 1180 412 Dei
1207 386 1349 413 servitium
1377 394 1431 414 non
1458 387 1548 414 valent
1570 393 1691 422 portare,
1714 389 1830 424 ciboque

1041 431 1309 466 delicatiorimlpotc
1327 433 1441 466 puerilia
1458 433 1622 465 sentientes.
1639 433 1774 469 indigent.

1076 477 1161 506 Vnus.
1178 478 1222 506 17.
1239 477 1270 505 Si
1290 478 1413 505 ceciderit
1426 479 1549 507 inimicus
1565 484 1637 512 tuus,
1653 488 1684 507 ne
1699 481 1828 515 gaudeas,

1039 529 1064 552 et
1077 525 1103 551 in
1117 524 1330 558 supplantatione
1342 524 1399 559 ejus
1411 533 1442 551 ne
1453 525 1602 552 extollaris.
1618 526 1645 552 Si
1659 526 1721 560 quis
1731 526 1829 554 adver-

1040 574 1128 609 sus‘te
1145 577 1283 605 pugnans,
1305 569 1332 597 in
1348 570 1468 604 aliquam
1487 571 1670 598 calamitatem
1689 571 1827 604 inciderit,

1039 615 1197 643 neirrideas
1213 615 1262 648 illi,
1272 615 1305 642 dc
1318 616 1402 643 exitio
1415 616 1475 651 ejus
1487 617 1577 650 hctus,
1592 622 1618 644 et
1635 617 1668 644 de
1683 625 1748 644 casu
1767 618 1829 652 ejus

1039 663 1066 689 in
1079 662 1193 689 adversa
1208 670 1242 689 ne
1259 661 1413 694 extollaris,
1425 667 1519 697 utpote
1537 663 1572 690 ab
1583 671 1616 689 eo
1631 664 1677 698 qui
1700 668 1725 690 te
1739 665 1822 692 mole~

1039 707 1139 740 stabat,
1151 711 1178 736 et
1190 707 1226 736 ob
1238 715 1318 742 quem
1331 709 1450 734 animam
1466 707 1667 743 despoudcbas,
1682 709 1826 737 liberatus.

1072 839 1156 867 Vsus.
1176 840 1220 868 18.
1236 839 1278 867 Ne
1300 839 1367 874 forte
1381 839 1467 866 videat
1485 838 1625 872 Dominus,
1641 843 1667 867 et
1686 837 1826 873 displiceat

1038 887 1073 918 ei,
1088 891 1114 914 et
1128 885 1235 920 auferat
1254 885 1285 912 ab
1306 893 1336 913 eo
1360 886 1429 912 iram
1451 893 1539 912 suam.
1564 883 1635 918 Quia
1658 884 1828 912 omniscieus

1037 932 1229 959 universorum
1246 931 1378 958 Dominus
1397 931 1468 958 Deus
1484 930 1589 958 videbit
1605 930 1743 965 quomodo
1757 929 1828 956 male

1036 987 1066 1007 se
1078 978 1180 1006 habeat
1193 977 1284 1005 anima
1300 982 1361 1011 tua;
1373 981 1399 1005 et
1410 977 1474 1012 quia
1491 976 1648 1004 misericors
1665 979 1717 1007 est.
1732 983 1785 1002 non
1799 974 1824 1001 ei

1036 1023 1165 1059 placebit.
1184 1022 1262 1050 Unde
1280 1022 1356 1049 illum
1379 1022 1490 1057 quidem
1517 1020 1715 1048 afﬂictionibus
1728 1027 1826 1047 emcn-

1036 1069 1129 1096 datum
1142 1068 1317 1096 miserebitur
1332 1077 1340 1101 ;
1358 1067 1385 1095 in
1401 1071 1428 1095 te
1446 1072 1540 1095 autem
1557 1074 1664 1094 omnem
1682 1067 1750 1093 iram
1762 1073 1826 1093 con-

1036 1120 1133 1149 vertet,
1164 1122 1226 1143 cum
1259 1114 1405 1150 disciplina
1435 1113 1559 1149 indigeas
1588 1112 1623 1140 ad
1649 1112 1822 1140 emendatio-

1036 1170 1109 1190 nem.

1071 1207 1156 1236 Vens.
1175 1207 1218 1239 i9,
1229 1206 1274 1234 20.
1286 1205 1326 1233 Ne
1351 1205 1466 1241 gaudeas
1487 1204 1515 1230 in
1535 1203 1761 1238 malefactaribus,
1786 1210 1827 1228 nr-

1035 1263 1084 1290 que
1103 1254 1237 1282 wniuleris
1270 1256 1430 1287 peccatores.
1471 1250 1532 1277 Non
1547 1250 1616 1276 enim
1638 1249 1701 1283 ﬁent
1728 1247 1826 1282 posteri

1036 1300 1190 1334 malignis;
1210 1304 1235 1326 et
1266 1298 1375 1325 lucerna
1402 1297 1543 1332 impiorum
1571 1294 1764 1329 exstinguetur.
1787 1292 1826 1320 Ne

1035 1348 1155 1382 gaudeas
1171 1346 1197 1372 in
1213 1345 1364 1378 magistris,
1378 1343 1425 1378 qui
1451 1342 1574 1370 consiliis
1595 1341 1653 1368 suis
1677 1344 1704 1367 te
1723 1339 1825 1366 malum

1036 1391 1168 1423 alliciunt,
1184 1395 1211 1418 et
1223 1390 1279 1417 noli
1307 1389 1407 1416 imilari
1418 1395 1467 1416 eos
1485 1387 1533 1423 qui
1558 1387 1584 1414 iu
1606 1385 1715 1413 actibus
1732 1393 1746 1411 ιι
1762 1391 1826 1412 vero

1036 1436 1107 1464 b0uo
1120 1443 1182 1463 sese
1198 1437 1349 1466 avertunt;
1377 1441 1411 1460 ex
1438 1432 1484 1459 tali
1507 1431 1578 1460 enim
1608 1429 1734 1457 doctrina
1757 1428 1826 1455 nihil

1036 1482 1160 1518 proferes
1173 1490 1181 1514 ;
1194 1486 1220 1509 et
1239 1480 1395 1515 voluptates
1412 1478 1510 1506 breves
1521 1481 1548 1505 et
1565 1476 1653 1513 gloria
1667 1483 1762 1503 eorum
1778 1481 1825 1509 qui

1035 1537 1132 1556 verum
1149 1528 1252 1556 bonum
1269 1534 1323 1554 nou
1343 1529 1471 1560 quierunt
1489 1527 1516 1551 et
1534 1522 1672 1558 rejiciuut,
1688 1521 1744 1548 cito
1762 1527 1826 1548 evn-

1036 1580 1159 1603 noscent.

1072 1662 1155 1690 Vsus.
1171 1662 1217 1694 Si,
1229 1661 1274 1689 22.
1293 1661 1366 1688 Time
1384 1659 1536 1690 Dominum,
1552 1656 1592 1692 ﬁli
1617 1656 1664 1687 mi,
1680 1660 1703 1682 et
1729 1661 1826 1688 regem,

1036 1715 1060 1737 et
1090 1709 1177 1736 neutri
1203 1715 1293 1736 eorum
1315 1707 1352 1734 sis
1378 1704 1540 1733 inobediens.
1568 1703 1661 1730 Subito
1687 1701 1756 1728 enim
1781 1699 1825 1726 ul-

1037 1755 1168 1781 ciscentur
1185 1753 1291 1788 impios,
1309 1755 1334 1778 ct
1352 1750 1485 1784 supplicia
1506 1749 1643 1782 utriusque
1657 1746 1714 1781 quis
1733 1743 1829 1772 novit?

1039 1799 1088 1826 Fili
1104 1798 1267 1834 spiritualis,
1294 1805 1329 1825 ne
1356 1802 1518 1824 contemnas
1532 1793 1618 1821 Deum
1635 1792 1682 1827 qui
1704 1794 1827 1826 potesta-

1038 1850 1091 1873 tem
1108 1845 1191 1872 habet
1212 1848 1268 1870 tum
1284 1843 1382 1870 anima:
1397 1848 1453 1868 tum
1466 1839 1601 1874 corporis,
1614 1844 1704 1872 neque
1722 1842 1827 1870 regem,

1037 1891 1083 1926 qui
1110 1890 1236 1924 corporis
1262 1893 1367 1916 tantum
1403 1887 1484 1914 habet
1513 1888 1705 1920 potestatem;
1736 1888 1826 1914 neque

1039 1937 1167 1964 mandata
1179 1935 1322 1970 utriusque
1331 1934 1425 1960 audire
1441 1940 1473 1959 ac
1486 1931 1598 1966 implere
1616 1928 1756 1964 negligas;
1777 1933 1825 1953 su—

1039 1983 1096 2010 bito
1111 1982 1184 2009 enim
1202 1988 1297 2016 poenas
1314 1980 1417 2006 dabunt
1433 1979 1479 2013 qui
1498 1985 1550 2004 nou
1574 1979 1740 2002 venerantur
1759 1980 1825 2004 eos;

1037 2028 1175 2063 supplicia
1188 2032 1280 2054 autem
1305 2032 1366 2060 quae
1388 2024 1416 2052 iu
1443 2028 1667 2057 transgressores
1682 2019 1827 2050 inducent,

1038 2081 1119 2102 nemo
1133 2073 1168 2100 ob
1185 2072 1304 2100 obscura
1328 2075 1453 2106 tempora
1468 2068 1628 2103 excogitare
1644 2066 1761 2102 poterit;
1783 2068 1825 2096 ut,

1037 2126 1183 2154 antequam
1201 2118 1329 2154 puniatur
1344 2116 1506 2144 emendatos
1518 2122 1566 2142 eos
1584 2113 1637 2141 sibi
1654 2110 1826 2140 reconciliet.

1080 2250 1188 2278 Verbum
1209 2248 1359 2275 custodiens
1375 2247 1447 2281 ﬁlius
1467 2249 1544 2272 extra
1565 2242 1738 2276 perditionem
1754 2239 1827 2273 erit;

1037 2298 1167 2332 excipiens
1195 2301 1284 2322 autent
1311 2294 1410 2327 excepit
1434 2291 1513 2319 illud.
1536 2291 1588 2324 Qui
1605 2297 1654 2325 per
1672 2287 1826 2316 custodiam

1038 2343 1228 2370 mandatorum
1259 2341 1304 2368 Dei
1331 2340 1418 2367 Filius
1447 2338 1597 2366 secumtum
1623 2335 1739 2371 gratiam
1766 2332 1828 2361 ller't

1037 2388 1148 2420 meruit,
1174 2395 1188 2414 a
1221 2385 1344 2422 periculo
1376 2384 1480 2420 peccati
1507 2383 1686 2415 liberabitur;
1719 2379 1827 2414 excepit

1037 2439 1129 2463 autem
1148 2435 1194 2461 illa
1209 2434 1236 2461 in
1259 2432 1395 2468 profundo
1413 2431 1513 2459 mentis
1525 2430 1596 2465 ejus.

1074 2525 1150 2552 Nihil
1167 2525 1232 2560 falsi
1242 2525 1275 2552 de
1283 2533 1327 2552 ore
1337 2525 1391 2560 regi
1405 2524 1522 2556 dicatur.
1535 2529 1559 2551 et
1575 2522 1642 2549 nihil
1653 2521 1718 2557 [nisi
1733 2529 1764 2548 ea.
1779 2521 1828 2548 lin-

1037 2581 1089 2606 gua
1104 2572 1187 2607 ipsius
1201 2575 1288 2599 exeat.
1302 2571 1357 2599 Deo
1366 2570 1557 2598 universorum
1571 2569 1686 2596 Domino
1705 2576 1739 2596 ne
1747 2567 1828 2603 polli-

1037 2619 1126 2646 cearis
1143 2618 1222 2649 falsa,
1239 2617 1285 2645 sed
1301 2617 1394 2644 omnia
1409 2621 1454 2644 tua
1468 2623 1530 2643 cum
1544 2615 1592 2643 illo
1611 2615 1712 2643 foedera
1736 2615 1827 2641 adim-

1037 2665 1093 2700 ple,
1107 2669 1134 2692 et
1150 2664 1267 2692 ﬁdeliter
1281 2663 1339 2699 ipse
1360 2662 1485 2698 implebit
1506 2662 1533 2689 in
1555 2666 1581 2689 te
1607 2661 1764 2689 futurorum
1775 2660 1826 2688 bo-

1038 2719 1137 2738 norum
1163 2709 1371 2746 promissiones,
1396 2713 1423 2737 et
1451 2717 1504 2737 non
1535 2707 1745 2736 frustrabantur
1772 2710 1826 2734 tua

1038 2765 1102 2793 spes
1118 2757 1151 2785 dc
1166 2756 1222 2784 illis
1235 2760 1385 2791 conceptae.
