2072 3161
275 138 343 171 1467

938 140 1116 172 PROCOPII
1131 141 1253 172 GAZ/EI

1831 143 1895 176 1468

309 198 420 226 Gladius
434 198 524 234 lingua
536 199 615 233 regis,
639 202 664 225 et
684 207 735 226 non
747 207 853 226 carnea.
877 199 998 227 Verbum
1016 199 1051 226 Dc

1149 200 1286 236 Μάχαιρα
1300 201 1426 235 γλῶσσα
1447 201 1613 233 βασιλέων.
1634 202 1682 229 καὶ
1702 203 1738 230 οὐ
1759 205 1896 238 crapulm.

273 245 396 272 omnium
409 244 528 276 Domini,
549 252 604 272 non
618 251 769 278 corporeus
782 249 825 273 est
843 252 930 272 sonus
953 253 1002 280 per
1015 253 1061 272 or-

274 298 344 325 gana
365 290 469 317 vocalia
493 291 519 318 in
542 298 633 318 aerem
650 291 767 319 diffusus
787 298 820 318 ac
838 292 987 324 resolutus,
1013 291 1061 319 sed

274 335 369 362 vivens
386 339 413 362 et
435 335 529 362 ellicax
546 340 573 362 et
598 336 685 372 magis
711 335 888 364 metuendum
904 343 986 371 quam
1003 337 1061 372 gla-

274 380 337 407 dius
349 381 510 415 quicunque
525 381 653 416 utrinque
675 386 783 408 acutus.

309 426 462 461 Quicunque
478 431 566 454 autem
583 428 695 454 traditus
708 427 800 462 fuerit,
817 431 976 454 conteretur.
994 426 1060 460 Qui-

273 479 384 506 cunque
407 478 496 499 autem
516 477 597 500 rectae
612 473 712 500 rationi
733 473 873 501 contraria
893 480 989 508 agens,
1003 473 1059 501 Deo

272 518 428 545 contrarius
454 519 582 546 inventus
610 519 691 546 fuerit
716 519 742 545 in
766 519 810 546 die
836 519 1009 546 revelationis
1027 526 1060 545 ac

269 563 336 598 justi
357 564 466 599 judicii,
484 569 638 592 extremum
661 565 763 592 subibit
783 564 948 599 supplicium
971 565 1005 592 ab
1025 573 1059 593 eo

270 611 436 646 redargutus
452 611 486 639 de
498 611 618 646 peccatis
634 619 695 646 quae
710 611 859 638 commisit.

306 657 338 684 Si
348 658 416 684 enim
433 662 577 684 commotus
598 657 678 692 fuerit
703 657 778 692 furor
791 657 861 691 ejus,
888 665 948 684 cum
970 657 1056 684 nervis

269 702 381 730 hominis
393 702 518 734 absumit,
535 707 560 730 et
571 710 631 729 asta
641 702 776 729 hominum
791 703 908 729 devorat.
927 701 969 729 Ira
983 702 1055 736 ejus,

269 748 291 776 si
318 748 494 780 accendatur,
510 749 649 776 consumit
676 748 804 776 homines
830 748 877 783 qui
901 748 1055 775 secundum

269 795 509 828 concupiscentias
528 795 633 822 erroris
649 794 771 830 corrupti
784 799 859 828 sunt,
881 802 944 822 cum
959 801 1055 822 eorum

267 839 411 867 affectibus
433 839 466 866 ad
484 839 631 867 mundana.

1118 247 1147 273 '0
1159 247 1236 281 λόγος
1254 247 1301 274 τοῦ
1318 247 1453 274 Δεσπότου
1467 248 1520 274 τῶν
1536 248 1604 274 ὅλων
1613 248 1691 281 Θεοῦ,
1701 249 1731 275 οὐ
1746 251 1898 284 σωματικὰ

1111 292 1169 318 ὲστι
1185 292 1228 319 διὰ
1242 292 1404 327 φωνητικῶν
1419 293 1543 327 ὀργάνων
1557 294 1598 324 εἰς
1623 293 1692 328 ἀέρα
1712 295 1840 329 χεόμενος
1852 297 1897 321 καὶ

1110 338 1251 373 λυόμενος,
1266 338 1333 364 ἀλλὰ
1346 338 1399 370 ζῶν
1415 346 1444 364 τε
1462 339 1510 365 καὶ
1524 338 1650 374 ἐνεργὴς,
1672 339 1720 365 καὶ
1744 339 1897 376 τομώτερος

1109 383 1181 419 ὑπὲρ
1196 383 1287 410 πᾶσαν
1305 383 1443 418 μάχαιραν
1459 383 1596 418 δίστομον.

1147 430 1200 462 ’ος
1219 428 1245 455 δ’
1256 428 1295 456 ἂν
1308 428 1473 464 παραδοθῇ,
1504 428 1746 463 σνντριΰήσεται.
1762 429 1856 461 Ὅστις
1868 430 1896 456 δὲ

1108 475 1123 501 ὁ
1147 473 1182 501 τὰ
1208 474 1351 509 παράλογα
1371 474 1511 510 πράττων,
1526 474 1649 507 ἁντίξους
1666 474 1740 509 αὐτῷ
1752 474 1849 510 εὑρεθῇ
1867 476 1897 502 ἐν

1109 520 1201 555 ἡμέρᾳ.
1216 519 1415 554 ἀποκαλύψεως
1426 520 1472 546 καὶ
1486 519 1696 555 δικαιοκρισίας,
1708 520 1758 554 τὴν
1777 520 1895 555 ἐσχάτην

1108 564 1291 598 ὑποστήσεται
1310 565 1456 600 τιμωρίαν,
1485 564 1528 599 ἐφ’
1550 561 1592 596 οἷς
1613 565 1737 600 ἥμαρτεν
1753 565 1800 591 ὑπ’
1812 564 1895 592 αὑτοῦ

1108 610 1296 645 ἐλεγχόμενος.

1148 654 1217 681 Ἐὰν
1226 655 1280 689 γὰρ
1298 654 1412 689 ὀξυνθῇ
1429 656 1445 682 ὁ
1458 655 1551 690 θυμὸς
1576 655 1680 688 αὐτοῦ,
1703 655 1764 683 σὺν
1777 656 1895 689 νεύροις

1107 700 1483 737 ἀνθρώπουςίάναλίσκει],
1495 701 1544 728 καὶ
1556 701 1630 728 ὀστᾶ
1638 701 1800 735 ἀνθρώπων
1807 709 1896 728 κατα*

1106 746 1218 781 τρώγει.
1245 747 1307 773 Ἐὰν
1336 747 1390 782 γὰρ
1418 747 1534 783 ἐπιταθῇ
1552 748 1567 782 ἡ
1586 747 1655 783 ὀργὴ
1669 747 1764 779 αὺτοῦ,
1787 748 1895 782 δαπανᾷ

1105 792 1277 828 ἀνθρώπους,
1306 793 1370 824 τοὺς
1395 792 1592 828 φθειρομένους
1606 793 1635 818 ὲν
1657 794 1717 824 ταῖς
1734 792 1894 827 ἐπιθυμίαις

1105 838 1155 872 τῆς
1173 837 1292 873 ἀπάτης,
1304 838 1352 864 σὺν
1362 839 1422 869 ταῖς
1433 846 1466 865 πε
1472 839 1498 873 pi
1509 839 1543 865 τὰ
1551 837 1631 865 ὑλικα
1646 838 1770 872 σχέσεσιν
1784 838 1873 865 αὐτῶν
1884 846 1892 853 ·

267 887 295 914 αἶ
308 887 386 923 δίκην
413 887 517 923 νεύρων
542 888 723 924 συνδεσμοῦσι
737 888 843 920 τούτοις
866 887 966 918 αὐτούς
979 894 987 902 ·
1004 885 1053 913 καὶ
1081 884 1132 916 τὰς
1149 885 1299 918 τονωτικὰς
1319 885 1397 921 δίκην
1413 885 1501 912 ὀστῶν
1524 885 1643 920 ψυχικὰς
1658 886 1786 921 δυνάμεις
1803 886 1895 913 αὐτῶν

266 933 418 961 κατεσθίει.

301 979 337 1006 Et
356 979 484 1007 comburit
509 984 634 1015 tanquam
650 981 770 1015 ﬂamma,
791 981 831 1008 ita
855 985 884 1007 ut
894 982 948 1008 sint
963 980 1051 1014 inepta

1137 975 1191 1003 Kal
1204 975 1343 1010 συγκαίει
1357 973 1460 1008 ὥσπερ
1474 974 1553 1008 φλόξ
1563 982 1571 989 ·
1593 973 1671 1001 ὥστε
1687 974 1803 1008 ἄϐρωτα
1817 972 1894 1001 εἶναί

265 1026 324 1053 esui
338 1026 419 1060 pullis
433 1026 596 1060 aquilarum.
614 1026 647 1053 Et
665 1027 833 1055 comburens
854 1026 993 1054 consumit
1014 1026 1054 1053 ira

265 1071 346 1107 quasi
376 1072 506 1107 stipulam
531 1077 559 1099 et
589 1072 695 1106 fenum,
716 1073 858 1100 materiam
887 1072 920 1100 ad
942 1073 1055 1101 exarde-

266 1118 399 1146 scendum
412 1119 531 1151 l'acilem,
549 1119 724 1147 irrationales
739 1127 834 1147 eorum
851 1120 1000 1155 appetitus,
1017 1120 1054 1146 ita

265 1168 296 1191 ut
311 1164 370 1192 esui
388 1165 486 1200 ineptae
500 1165 556 1192 sint
571 1165 751 1200 cogitationes
766 1174 836 1201 quas
850 1166 877 1193 in
889 1166 991 1194 animis
1005 1166 1054 1193 ho-

265 1209 372 1236 minum
399 1211 523 1238 excitant
539 1211 652 1246 maligni
675 1211 790 1245 spiritus
806 1212 864 1246 qui.
884 1211 957 1239 sicut
975 1211 1054 1246 aqui-

265 1255 298 1282 lae
312 1255 495 1290 altivolantes,
513 1256 540 1283 in
561 1256 733 1288 altitudinem
759 1257 895 1292 superbiae
915 1257 1051 1284 feruntur.

301 1343 382 1372 Vsus.
399 1344 444 1371 23.
466 1344 531 1371 Ηιινε
551 1349 638 1371 autem
654 1344 715 1372 dico
737 1345 809 1372 vobis
824 1345 988 1377 sapientibus
1004 1353 1052 1372 co-

263 1399 399 1425 gnoscere.
417 1390 478 1418 Haec
491 1395 582 1418 autem
597 1391 659 1419 dico
673 1391 752 1419 vobis
766 1391 813 1426 qui
830 1391 958 1419 doctores
969 1392 1049 1425 estis,

265 1440 294 1462 ut
309 1436 482 1471 cognoscatis
511 1444 558 1464 eos
582 1444 652 1472 quos
677 1437 782 1472 repellit
813 1437 894 1469 Deus,
912 1443 939 1465 et
952 1445 1000 1466 eos
1015 1437 1050 1465 ad

264 1482 339 1508 illum
354 1483 520 1510 convertatis
536 1483 780 1510 comminationum
799 1487 873 1511 metu
891 1492 898 1512 τ
922 1483 1050 1511 timentes

263 1532 353 1555 autem
370 1528 549 1556 consolemini
562 1536 596 1557 ne
607 1529 705 1556 cadant
717 1529 744 1556 in
759 1528 990 1564 desperationem.

299 1618 420 1646 Revereri
450 1626 589 1653 personam
618 1618 646 1645 in
669 1618 773 1653 judicio
797 1626 849 1645 non
877 1623 917 1645 est
940 1617 1048 1646 bonum.

263 1662 498 1695 Quemadmodum
513 1663 616 1690 malum
630 1667 673 1690 est
686 1663 712 1689 in
725 1663 840 1697 jndiciis
859 1671 972 1698 parcere
991 1663 1049 1690 sive

263 1708 378 1742 potenti,
399 1707 457 1735 sive
480 1708 604 1742 pauperi.
636 1713 664 1735 et
690 1715 706 1735 a
725 1708 801 1742 justo
834 1707 990 1740 declinare,
1010 1707 1050 1735 ita

262 1752 379 1779 daemoni
395 1752 508 1780 obedire
526 1752 683 1787 suggerenti
702 1753 761 1780 sive
786 1757 899 1787 peccata
918 1753 1052 1781 commis-

263 1797 361 1830 sionis,
375 1797 433 1825 sive
449 1803 561 1832 peccata
575 1797 736 1826 omissionis
746 1818 754 1831 ,
774 1803 802 1826 et
815 1799 869 1826 hoc
883 1803 925 1826 est
938 1807 953 1826 a
963 1799 1047 1835 justi-

262 1844 307 1871 tia:
326 1844 426 1872 virtute
439 1843 588 1871 declinare.

299 1932 380 1961 Vens.
394 1933 439 1960 ΞΕ.
457 1933 508 1966 Qui
531 1933 620 1960 dicunt
635 1933 716 1966 impio
732 1940 742 1960 :
755 1932 850 1960 Justus
878 1941 916 1967 es,
938 1934 1050 1962 maledi-

261 1983 319 2006 cent
334 1979 371 2006 eis
383 1979 482 2013 populi,
493 1982 518 2005 et
532 1978 732 2005 detestabantur
746 1986 789 2005 eos
806 1979 901 2006 tribus.
917 1979 970 2012 Qui
987 1980 1049 2008 lau-

261 2025 308 2052 dat
334 2025 434 2052 bonum
468 2031 590 2058 quaerere
621 2028 649 2051 et
678 2024 769 2052 colere
797 2030 986 2058 recusantem,
1017 2033 1050 2053 ac

262 2070 377 2106 proinde
397 2071 524 2106 proximo
547 2074 703 2103 nocentem,
721 2079 810 2106 neque
834 2079 848 2098 a
874 2071 1049 2099 multitudine

262 2116 394 2149 ﬁdelium,
410 2123 499 2151 neque
514 2116 666 2143 inﬁdelium
680 2116 820 2152 diligetur,
844 2121 935 2152 utpote
951 2126 1047 2145 eorum

261 2161 353 2189 damni
378 2165 528 2196 ,operator;
560 2162 686 2196 quamvis
715 2161 837 2190 ﬁdelium
864 2162 944 2190 electi
970 2163 1047 2190 illum

261 2212 353 2235 ament
367 2208 402 2235 ob
418 2207 462 2234 Dei
481 2208 650 2235 mandatum.

296 2251 380 2279 Vsus.
393 2251 439 2284 25,
451 2250 496 2278 26.
514 2251 567 2284 Qui
579 2255 693 2286 arguunt
707 2260 776 2284 eum,
789 2252 911 2280 meliores
933 2260 1046 2287 appare-

260 2297 323 2324 bunt
332 2306 340 2325 :
348 2298 375 2324 in
384 2298 452 2332 ipso;
463 2302 551 2324 autem
563 2298 645 2324 ueniet
659 2298 901 2326 benediciio.Labia
909 2298 1047 2326 deoscula-

261 2344 358 2371 buntur
368 2353 426 2377 quin
437 2345 593 2380 respondent
605 2344 683 2372 verba
694 2344 773 2371 bona.
785 2344 836 2378 Qui
850 2350 940 2372 autem
954 2346 1047 2373 redar-

259 2391 374 2425 gutoriis
397 2392 489 2419 verbis
510 2391 587 2419 illum
610 2398 624 2418 a
646 2391 761 2426 proximi
784 2391 886 2419 damno
909 2397 1047 2420 conantur

260 2441 393 2468 avertere.
415 2437 544 2465 meliores
566 2437 731 2464 videbuntur
751 2441 778 2464 et
804 2437 912 2464 laudem
939 2438 1048 2465 obtine-

261 2481 329 2509 bunt
345 2489 353 2509 ι
369 2482 420 2518 ipsi
435 2487 525 2510 autem
547 2482 780 2510 deosculabuntur
795 2491 843 2511 eos
860 2483 906 2518 qui
925 2484 960 2511 ad
981 2492 1045 2519 pro-

260 2528 348 2562 priam
368 2529 585 2557 emendationem
612 2529 748 2564 recipiunt
768 2529 998 2564 objurgationem,
1019 2536 1047 2558 et

259 2573 375 2609 benigna
399 2574 565 2609 respondent
580 2575 759 2611 _illis,utpole
778 2575 812 2603 ad
836 2576 1043 2604 conversionem

258 2618 358 2653 parati.

293 2663 376 2692 Vsus.
394 2665 438 2693 27.
458 2664 589 2700 Purpura
605 2665 632 2693 in
648 2674 755 2701 egressu
774 2674 855 2701 opera
876 2670 932 2692 tua.
950 2666 1044 2694 Actlo-

259 2716 309 2736 nes
325 2714 385 2737 tuas
399 2710 551 2738 secundum
565 2711 693 2739 virtutem
706 2712 793 2747 dirige
806 2713 869 2740 dum
881 2717 1043 2748 prmsentem

259 2755 412 2790 pertransit:
437 2756 521 2782 vitam
541 2764 547 2782 :
563 2760 673 2792 tempus
691 2757 764 2785 enim
787 2765 919 2793 praesens,
935 2761 1044 2794 tempus

259 2799 384 2831 actionis,
399 2803 532 2833 tuturum,
546 2802 786 2830 remunerationis.

295 2845 327 2873 Et
344 2854 495 2882 pra‘parare
511 2847 537 2875 in
552 2856 627 2883 agro.
644 2848 676 2877 Et
692 2849 720 2877 in
735 2850 836 2878 mundo
852 2849 981 2880 exteriori
997 2852 1044 2887 qui

1104 1020 1248 1053 νεοσσοῖς
1261 1019 1371 1047 αὐτῶν.
1384 1019 1440 1046 Καὶ
1452 1028 1483 1045 συ
1488 1019 1603 1054 μφλέγει
1620 1019 1704 1051 αὐτὰς
1713 1017 1812 1054 οἷάπερ
1837 1020 1894 1055 πῦρ

1105 1065 1232 1101 καλάμην
1242 1065 1291 1091 καὶ
1305 1064 1410 1100 χόρτον,
1427 1063 1580 1100 εὔπρηστον
1598 1063 1676 1099 ὕλην,
1706 1064 1755 1095 τὰς
1774 1064 1895 1099 παραλό-

1104 1120 1169 1146 γους
1182 1111 1286 1138 τούτων
1300 1110 1388 1146 ὁρμὰς
1405 1109 1475 1146 ὀργὴ
1487 1110 1678 1147 κατακαίουσα
1690 1117 1697 1125 ·
1713 1109 1783 1136 ὥστε
1799 1109 1837 1146 μὴ
1852 1110 1894 1145 βι-

1104 1157 1278 1193 σρώσκεσθαι
1292 1157 1446 1192 λογισμοῖς,
1461 1156 1508 1189 οὒς
1527 1157 1588 1188 ταῖς
1605 1156 1705 1192 ψυχαῖς
1717 1156 1771 1183 τῶν
1787 1156 1895 1191 ἀνθρὼ-

1103 1212 1163 1230 πων
1195 1202 1427 1235 ὲναποτίκτουσι,
1457 1202 1491 1229 τὰ
1518 1202 1597 1237 δίκην
1621 1201 1760 1237 ὑψιπετῶν
1786 1202 1892 1235 ἀετῶν,

1103 1249 1143 1279 είς
1157 1247 1223 1282 ὕψος
1241 1248 1431 1283 ὑπερηφανίας
1444 1247 1578 1282 αἰρόμενα
1593 1247 1644 1282 τῆς
1658 1247 1792 1282 πονηρίας
1807 1247 1892 1274 πνεύ-

1104 1303 1188 1330 ματα.

1138 1343 1190 1374 κγ’.
1212 1339 1307 1367 Ταῦτα
1323 1339 1357 1366 δὲ
1367 1339 1443 1374 λέγω
1471 1338 1544 1374 ὑμῖν
1564 1347 1627 1372 τοις
1639 1339 1745 1374 σοφοῖς
1756 1338 1892 1374 ἐπιγινώ-

1101 1394 1196 1413 σκειν.
1214 1385 1308 1412 Ταῦτα
1334 1385 1362 1411 δέ
1377 1393 1448 1420 φημι
1463 1385 1528 1420 ὑμῖν
1539 1386 1596 1416 τοῖς
1616 1384 1787 1416 διδασκάλοις
1797 1393 1805 1399 ·
1821 1385 1892 1411 ὥστε

1100 1431 1290 1466 διαγινώσκειν
1325 1431 1374 1462 οὓς
1401 1431 1604 1467 ἀποστρέφεται
1626 1431 1702 1463 Θεὸς,
1717 1431 1765 1458 καὶ
1779 1431 1891 1462 τούτους

1100 1479 1168 1514 πρὸς
1187 1479 1268 1505 αὑτὸν
1293 1479 1470 1515 ἐπιστρέφειν
1488 1477 1563 1513 φόὗῳ
1580 1477 1634 1504 τῶν
1649 1476 1732 1504 αὑτοῦ
1746 1477 1867 1504 ἀπειλῶν
1882 1485 1889 1492 ·

1099 1527 1163 1556 τοὺς
1177 1525 1205 1551 δὲ
1225 1524 1409 1560 φοϐουμένους
1424 1524 1661 1560 παραμυθεῖσθαι,
1672 1523 1743 1550 ὥστε
1758 1523 1796 1559 μὴ
1812 1532 1890 1560 περι-

1100 1571 1194 1597 πεσεῖν
1210 1571 1249 1602 εἱς
1264 1570 1430 1605 ἀπόγνωσιν.

1135 1616 1288 1644 Αιδεῖσθαι
1300 1617 1446 1651 πρόσωπα
1460 1616 1495 1643 ἐν
1505 1617 1611 1651 κρίσει,
1620 1617 1656 1643 οὺ
1666 1616 1772 1644 καλόν.
1785 1616 1890 1651 Ὥσπερ

1100 1662 1186 1689 κακόν
1214 1663 1273 1689 ἐστι
1296 1662 1328 1689 τὸ
1354 1662 1410 1689 εἴτε
1437 1662 1568 1689 δυνάστου
1587 1662 1643 1689 εἴτε
1662 1661 1770 1697 πτωχοῦ
1790 1661 1820 1688 ὲν
1830 1662 1890 1693 ταῖς

1101 1708 1210 1744 κρίσεσι
1227 1707 1376 1742 φείδεσθαι,
1393 1707 1439 1734 καὶ
1463 1707 1653 1742 παραθεωρεῖν
1666 1707 1792 1734 ἐντεῦθεν
1805 1707 1836 1733 τὺ
1849 1707 1888 1734 δί-

1100 1762 1189 1783 καιον.
1204 1752 1276 1780 οὕτω
1300 1752 1349 1779 καὶ
1367 1752 1398 1778 τὸ
1414 1752 1563 1779 ὑπακούειν
1577 1752 1632 1778 εἴτε
1652 1751 1691 1787 τῷ
1703 1751 1890 1787 ὑποτιθεμένῳ

1099 1800 1207 1836 δαίμονι
1230 1799 1265 1825 τὰ
1293 1799 1352 1826 καθ’
1381 1797 1535 1833 ὑπερϐολὴν
1549 1797 1598 1833 τῆς
1614 1797 1715 1833 ἀρετῆς
1729 1797 1815 1832 πάθη,
1834 1798 1888 1824 εἶτε

1100 1846 1134 1873 τὰ
1149 1845 1209 1872 κατ’
1225 1844 1343 1878 ἔλλειψιν
1353 1843 1449 1878 αὐτῆς,
1476 1844 1523 1870 καὶ
1537 1844 1586 1878 τῆς
1601 1842 1662 1870 κατ’
1675 1843 1776 1878 ἀρετὴν
1786 1843 1889 1870 δικαιο-

1101 1888 1184 1924 σύνης
1199 1888 1391 1924 ἐκτρέπεσθαι.

1135 1933 1187 1960 κδ’.
1206 1933 1237 1960 ’0
1251 1932 1343 1960 εἰπὼν
1354 1933 1408 1960 τὸν
1422 1932 1529 1967 ἀσεϐῆ,
1546 1932 1665 1965 Δίκαιός
1675 1933 1772 1964 ἐστιν,
1792 1933 1890 1959 ἐπικα-

1099 1980 1228 2014 τάρατος
1251 1979 1338 2012 λαοῖς
1366 1980 1468 2006 ἔσται·
1495 1979 1544 2006 καὶ
1559 1980 1688 2014 μισητὸς
1703 1980 1746 2012 είς
1755 1979 1838 2013 ἔθνη.
1860 1979 1888 2005 Ὀ

1099 2025 1245 2057 ἐπαινέσας
1257 2025 1303 2051 τὸν
1316 2024 1353 2060 μὴ
1370 2024 1494 2059 τιμῶντα
1504 2025 1534 2051 τὸ
1549 2025 1663 2058 ἀγαθὸν,
1691 2025 1740 2052 καὶ
1755 2024 1799 2051 διὰ
1811 2025 1889 2051 τοῦτ’)

1099 2070 1315 2106 βλαπτικὸν-τῶν
1329 2070 1468 2106 ὁμοφυῶν,
1484 2070 1547 2097 οὗτε
1566 2071 1619 2097 ὑπὸ
1631 2070 1679 2098 τοῦ
1697 2070 1819 2107 πλήθους
1835 2071 1889 2098 τῶν

1099 2118 1214 2152 πιστῶν,
1232 2117 1294 2145 οὔτε
1323 2117 1376 2144 ὑπὸ
1390 2117 1444 2144 τῶν
1465 2117 1588 2144 ἀπίστων
1606 2117 1827 2152 ἀγαπηθήσεται,
1851 2118 1889 2148 ὡς

1097 2165 1229 2200 συνεργὸς
1255 2164 1305 2198 τῆς
1322 2163 1423 2198 βλάϐης
1447 2163 1548 2196 αὐτῶν,
1577 2163 1629 2190 κᾶν
1653 2163 1677 2190 οἱ
1697 2164 1821 2190 ἐκλεκτοὶ
1835 2164 1890 2190 τῶν

1097 2211 1202 2238 πιστῶν
1224 2210 1352 2245 ἀγαπῶσι
1371 2210 1465 2237 τοῦτον
1491 2210 1535 2237 διὰ
1549 2211 1599 2247 τὴν
1615 2211 1663 2237 τοῦ
1679 2210 1747 2237 Θεοῦ
1767 2210 1889 2245 ἐντολήν.

1132 2259 1182 2288 κε’,
1201 2259 1257 2288 κς’.
1276 2257 1308 2283 οι
1327 2255 1361 2282 δὲ
1381 2255 1570 2290 ἐλέγχοντες,
1597 2256 1741 2289 ,βελτίους
1762 2256 1892 2290 φανοῦν-

1097 2310 1144 2329 ται
1156 2311 1163 2318 ·
1179 2302 1226 2328 ἐπ’
1236 2302 1347 2334 αὐτοὺς
1361 2301 1395 2328 δὲ
1409 2302 1475 2335 ἥξει
1492 2302 1629 2337 εὐλογία·
1646 2302 1734 2336 χείλη
1746 2301 1780 2328 δὲ
1792 2301 1868 2336 φιλοῖ
1879 2317 1887 2322 υ

1098 2357 1209 2376 σουσιν
1227 2348 1568 2383 ἀποκρινόμεναλόγους
1588 2349 1729 2383 ἀγαθούς.
1749 2348 1782 2375 0!
1800 2348 1830 2375 δὲ
1843 2348 1891 2374 λό-

1097 2403 1157 2429 γοις
1189 2394 1357 2428 ἐλεγκτικοῖς
1387 2393 1552 2420 ἀνακόπτειν
1583 2394 1665 2421 αὐτὸν
1679 2394 1728 2429 τῆς
1751 2395 1823 2420 κατὰ
1834 2394 1891 2420 τῶν

1097 2440 1225 2475 ὁμοφυῶν
1243 2440 1345 2475 βλάϐης
1360 2439 1574 2474 ἐπιχειροῦντες,
1597 2439 1752 2474 κρείττονες
1770 2439 1889 2471 δόξουσι,

1075 2518 1078 2520 _
1097 2484 1245 2511 κάντεῦθεν
1259 2485 1371 2517 ἔπαινος
1400 2484 1591 2520 καταλήψεται
1603 2494 1611 2501 ·
1628 2485 1799 2512 ἀσπάσονται
1813 2485 1842 2510 δὲ
1863 2485 1889 2510 οἱ

1098 2531 1174 2558 αὐτοὶ
1188 2531 1252 2564 τοὺς
1268 2531 1335 2568 πρὸς
1346 2531 1489 2567 διόρθωσιν
1501 2531 1591 2558 αὐτῶν
1614 2531 1725 2567 ἔλεγχον
1737 2531 1888 2566 ὑπομένον-

1098 2586 1158 2609 τας,
1175 2577 1223 2604 καὶ
1233 2577 1376 2613 προσηνῶς
1390 2576 1628 2613 ἀπολογουμένους
1641 2578 1744 2610 αὐτοῖς,
1764 2577 1802 2609 ὡς
1818 2577 1888 2612 πρὸς

1098 2622 1265 2658 ἐπιστροφὴν
1278 2623 1413 2658 ἑτοίμους.

1132 2669 1184 2700 κζ’.
1208 2669 1355 2704 Ἑτοίμαζε
1367 2670 1411 2702 εἷς
1423 2670 1480 2703 τὴν
1492 2669 1601 2702 ἔξοδον
1614 2669 1650 2696 τὰ
1662 2669 1732 2703 ἔργα
1748 2677 1818 2696 σου.
1835 2668 1888 2695 Εὗ-

1096 2714 1210 2750 τρέπιζέ
1227 2723 1274 2741 σου
1293 2714 1343 2746 τὰς
1366 2714 1481 2750 πράξεις
1505 2715 1565 2742 κατ’
1586 2713 1698 2750 ἀρετὴν,
1711 2714 1763 2745 ἕως
1776 2713 1817 2740 ἔτι
1836 2714 1889 2749 τὴν

1097 2760 1239 2795 παροῦσαν
1267 2760 1393 2797 διεξέρχῃ
1421 2760 1511 2796 ζωήν·
1534 2760 1666 2796 ἐργασίας
1681 2760 1736 2796 γὰρ
1760 2759 1774 2786 ὸ
1791 2759 1890 2795 παρὼν

1098 2807 1192 2841 καιρός
1204 2814 1211 2821 ο
1229 2806 1280 2833 ὁδὲ
1295 2806 1409 2841 μέλλων,
1427 2807 1642 2839 ἀνταποδόσεως.
1776 2819 1792 2834 ο

1135 2852 1186 2880 Καὶ
1196 2852 1422 2888 παρασκευάζου
1430 2853 1473 2886 είς
1483 2853 1536 2881 τὸν
1543 2853 1645 2887 ἁῖῖρόν.
1655 2852 1708 2880 Καὶ
1718 2853 1746 2879 ἐν
1754 2852 1793 2888 τῷ
1807 2851 1889 2888 μερί-
