2072 3161
125 178 194 211 1469

625 179 896 212 COMMENTARH
912 178 953 210 IN
972 178 1203 210 PROVERBIA.

1688 170 1757 202 1470

126 244 193 270 μνας
209 243 249 261 σοι
266 234 395 270 βιωτικὰς
407 236 592 270 ἀνατέλλοντι,
616 237 694 272 δίκην
717 236 916 271 ὐλομανοῦντος
931 258 934 265 ,

988 234 1199 262 netnadmodum
1220 239 1285 267 ager
1301 231 1396 259 insana
1418 228 1594 257 frnticatione
1618 227 1757 260 laborans.

125 280 221 316 ἀγροῦ,
238 282 392 316 φαινομένῳ
408 283 513 317 κόσμῳ,
526 283 672 318 ἑτοιμάζου
691 282 730 317 τῷ
750 282 858 317 ἀρότρῳ
868 279 914 307 τοῦ

986 280 1167 308 allicitudines
1186 279 1234 306 tibi
1257 277 1372 313 profert,
1386 283 1543 312 praeparare
1557 278 1649 301 aratro
1671 273 1758 308 verbi,

124 328 388 363 λόγου,προρῤίζους
406 328 489 359 αὑτὰς
501 329 637 364 ἀνασπᾷν,
654 328 722 364 προς
731 327 915 362 καρπογονίαν

990 329 1029 356 las
1052 327 1187 355 radicitus
1208 325 1330 358 eradica,
1351 323 1384 351 ad
1409 322 1652 350 fructiﬁcationem
1679 320 1761 356 spiri-

127 374 328 409 πνευματικὴν,
354 374 384 401 ὲν
411 373 449 409 τῷ
471 374 609 410 διανέμειν
633 383 679 400 σου
706 373 741 400 τὰ
760 373 917 408 ὑπάρχοντα

127 420 252 454 πένησιν.

164 466 216 492 Καὶ
233 464 362 499 πορεύου
377 464 563 492 κατόπισθέν
578 474 649 499 μου.
674 463 729 491 Καὶ
756 463 828 490 οὕτω
849 462 920 497 ἄρας

130 519 176 537 σου
194 510 240 537 τὺν
251 510 377 545 σταυρὸν,
394 509 443 544 τὴν
452 510 500 536 τοῦ
511 509 642 545 σαρκικοῦ
657 509 764 541 πάντως
780 509 920 543 φρονήμα-

130 564 176 587 τος
191 556 335 591 νέκρωσιν,
348 555 489 582 ἀκολούθει
505 564 550 590 μοι
565 555 603 591 τῷ
619 554 808 590 πτωχεύσαντι
822 554 866 580 διὰ
879 553 920 585 σὲ,

131 602 178 629 καὶ
193 602 309 638 σταυρδν
325 601 516 637 ὑπομείναντι.

166 647 478 682 Καίὰνοικοδομήσεις
490 647 544 674 τὸν
558 645 645 674 οἶκόν
657 655 725 674 σου.
742 646 798 672 Καὶ
816 644 923 679 ἀνεγεί-

134 703 183 730 ρῃς
196 695 229 729 τῇ
247 695 421 729 πνευματικῇ
446 693 628 729 πολιτείᾳρτὸ
645 691 799 719 καταπεσόν
812 699 858 717 σου
873 690 923 726 τῆς

135 739 235 774 σαρκὸς
245 739 406 775 οἰκητήριον
415 740 475 771 ταῖς
484 737 649 774 προσϐολαῖς
658 738 712 764 τῶν
725 738 775 772 τῆς
791 736 924 772 πονηρίας

136 793 202 811 πνευ
207 785 309 819 μάτων.

171 833 224 865 κη’.
239 830 286 864 Μὴ
307 830 370 858 ἴσθι
385 830 500 865 ψῃιὸὴς
511 830 626 864 μάρτυς
652 829 700 856 ἐπὶ
715 828 773 856 σὸν
785 828 925 862 πολίτην,

132 875 211 910 μηδὲ
220 876 375 902 πλιιτύνου
408 876 476 909 σοῖς
491 877 637 910 χείλεσιν.
654 874 700 910 Μὴ
719 874 825 909 ψευδῶς
839 882 927 901 κατα-

138 921 271 957 μαρτύρει
286 922 332 948 τοῦ
350 921 614 956 πολιτευομένου,ὠς
623 920 705 953 αὐτὸς
720 921 851 956 προαιρῇ,
861 928 928 956 eap-

137 969 197 996 κίου
214 978 261 996 σου
273 977 279 984 ·
295 969 427 996 ἀδύνατον
440 966 510 996 εἶναι
533 969 646 1004 φάσκων
664 969 714 1000 τὰς
729 968 803 1000 Θείας
818 967 928 999 ἐντολὰς

138 1015 348 1051 κατορθοῦσθαι,
375 1015 419 1042 διὰ
437 1016 487 1051 τὴν
510 1016 671 1051 σωματικὴν
685 1014 827 1045 ἀσθένειαν
840 1023 847 1029 ·
860 1014 928 1040 κάν-

137 1061 235 1088 τεῦθεν
246 1063 302 1091 τοῖς
316 1063 374 1088 κατ’
388 1061 508 1096 ἔλλειψιν
523 1062 572 1098 τῆς
588 1062 690 1097 ἀρετῆς
706 1061 823 1088 πάθεσιν
841 1059 930 1087 ἐνδιά-

138 1106 216 1142 τρι6ε
227 1115 233 1122 ·
254 1107 318 1142 μηδ’
337 1107 521 1142 ἐμφιλοχώρει
545 1109 606 1139 ταῖς
619 1108 680 1135 κατ’
695 1106 779 1134 αὐτοῦ
791 1106 929 1138 διαϐολαῖς

140 1151 247 1188 ἔχοντος
264 1153 312 1180 καὶ
323 1153 405 1179 αυτοῦ
421 1153 536 1189 ποιητὴν
554 1154 600 1180 τὸν
615 1154 691 1182 Θεόν.

176 1197 227 1226 κθ’.
245 1198 293 1232 Μὴ
304 1198 403 1232 εἴπῃς,
421 1199 477 1224 Ὃν
492 1200 605 1232 τρόπον
619 1199 775 1233 ἐχρήσατό
783 1208 845 1234 μοι,
857 1198 931 1233 χρή.

140 1251 230 1277 σομαι
246 1242 342 1275 αὐτῷ·
375 1245 494 1278 τίσομαι
514 1243 548 1270 δὲ
566 1245 658 1271 αὑτὸν
676 1244 695 1272 ᾶ
713 1253 752 1279 με
767 1245 928 1279 ἠδίκησεν.

140 1290 187 1325 Μὴ
200 1290 284 1326 ἐρεῖς,
304 1291 345 1317 ὅτι
360 1290 492 1325 Καθάπερ
508 1300 553 1325 μοι
567 1291 646 1318 τοῦτο
663 1290 765 1326 βλὰὁης
780 1291 866 1318 αἴτιον
884 1291 932 1325 γέ-

141 1344 215 1370 γονε,
244 1335 340 1370 βλάψω
365 1336 444 1370 κάγὼ
463 1336 530 1363 αὑτό
546 1345 553 1352 ·
585 1338 779 1372 τιμωρήσομαι
802 1337 831 1363 δὲ
853 1336 932 1363 τοῦτο

142 1381 212 1417 ὑπὲρ
236 1379 266 1408 οὗ
296 1390 343 1416 μοι
365 1382 494 1417 ἀντέστη.
520 1382 567 1408 καὶ
591 1382 685 1414 κακῶς
702 1382 751 1418 τὴν
772 1382 932 1409 δεσποτείαν

141 1426 267 1460 ἀφείλετο
281 1434 288 1442 '
315 1426 364 1452 καὶ
393 1425 479 1458 οὕτως
508 1427 548 1457 είς
573 1426 608 1452 τὰ
630 1425 690 1452 καθ’
713 1425 866 1461 ὑπερϐολὴν
881 1424 932 1459 τῆς

141 1472 243 1507 ἀρετῆς
259 1472 399 1507 ὲκτραπῇς
410 1471 500 1506 πάθη·
515 1471 572 1498 ἀλλ’
585 1472 625 1503 εἰς
651 1471 764 1505 ἀλόγους
787 1470 932 1505 ἐπιθυμίας

144 1517 181 1553 μὴ
196 1517 342 1552 δουλεύσῃς
366 1517 451 1552 αὐτῷ,
481 1517 611 1552 προνοίας
627 1517 655 1543 δὲ
675 1517 725 1552 τῆς
741 1516 933 1552 προσηκούσης

142 1563 230 1596 ἀξίου,
252 1563 296 1589 ἵνα
312 1563 441 1598 συνεργὸν
452 1562 516 1599 ἔχῃς
528 1562 595 1589 αὐτὸ
610 1563 679 1598 πρὸς
693 1562 728 1588 τὰ
743 1562 886 1589 κάλλιστα.

177 1609 210 1636 λ’.
227 1609 344 1643 Ὠσπερ
364 1609 506 1644 γεώργιον
516 1609 594 1643 ἀνὴρ
613 1609 726 1643 ἄφρων.
748 1608 882 1642 Καθάπερ
892 1616 934 1640 τις

143 1655 295 1690 ἐπιτήδειος
305 1655 344 1686 είς
358 1653 496 1689 γεωργίαν
508 1654 604 1690 ἀγρὸς,
628 1654 730 1688 πολλῆς
749 1653 858 1689 χρῄζων
872 1654 934 1679 ὲπι-

146 1701 267 1737 μελείας¹
279 1701 311 1728 ἶν’
319 1700 456 1736 εὖκαρπος
467 1701 514 1727 καὶ
527 1700 701 1736 πολύκαρπος
712 1700 836 1735 γένηται,
846 1699 935 1734 ὑπάρ-

145 1757 186 1784 χει
202 1749 216 1774 ὸ
233 1749 289 1779 τοῖς
316 1745 494 1782 προσκαίροις
524 1746 616 1781 μόνοις
640 1745 789 1777 πιστεύων,
812 1746 860 1772 καὶ
879 1746 937 1777 τοῖς

146 1794 211 1829 περὶ
233 1794 319 1820 ταῦτα
349 1793 439 1824 πόνοις
458 1792 606 1823 ἀνενδότως
626 1790 812 1826 ὲγκαρτερῶν,
834 1790 882 1817 καὶ
898 1790 937 1825 τῷ

146 1838 374 1874 ἐπαγγελλομένῳ
389 1837 424 1864 τὰ
443 1836 540 1863 αἰώνια
561 1835 652 1870 ἀγαθὰ
664 1835 725 1870 Θεῷ
742 1834 867 1861 ἀπιστῶν
883 1834 936 1866 ἕξω

146 1884 303 1921 ἄνθρωπος.

183 1930 238 1957 Kal
252 1928 353 1963 ὥσπερ
363 1927 507 1962 ἀμπελὼν
526 1926 678 1961 ἅνθρωπος
688 1925 795 1960 ἐνδεὴς
808 1925 936 1960 φρενῶν.

147 1976 204 2003 Καὶ
218 1972 263 2002 οἶά
277 1983 318 2007 τις
334 1973 465 2010 ἀμπελὼν
486 1972 616 2008 φραγμοῦ
632 1972 760 2008 δεόμενος
783 1972 823 2003 είς
843 1971 874 1998 τὸ
900 1971 938 2006 μὴ

148 2021 302 2057 τρυγᾶσθαι
315 2021 393 2056 παρὰ
411 2020 521 2046 πάντων
536 2019 590 2045 τῶν
607 2018 657 2054 τὴν
671 2018 730 2045 ὁδὸν
747 2024 939 2053 παραπορευο-

152 2068 252 2104 μὲνων.
285 2067 360 2094 ἐστὶν
379 2067 393 2093 ὁ
420 2066 477 2092 ἄνω
495 2065 544 2100 μὲν
575 2065 644 2100 πρὸς
658 2064 725 2091 Θεὸν
740 2063 812 2100 ὁρῶν
835 2063 881 2090 καὶ
893 2071 940 2089 πι-

152 2113 256 2141 στεύων
269 2112 358 2148 αὐτῷ·
375 2113 424 2144 τὰς
437 2112 459 2138 δ’
482 2110 713 2146 οίκοδομουμένας
727 2109 770 2137 διὰ
783 2109 838 2136 τῶν
854 2108 941 2143 ἁγίων

99 2175 103 2178 -
151 2160 233 2187 αὑτοῦ
256 2159 370 2186 ὲντολῶν
389 2157 561 2193 θεωρητικὰς
571 2165 600 2184 τε
615 2157 663 2184 καὶ
681 2155 838 2191 πρακτικὰς
856 2155 940 2188 ἔξεις,

151 2206 394 2237 ἀνεπιϐουλεύτους
420 2204 465 2231 διὰ
495 2203 632 2240 ρᾳθυμίαν
652 2203 689 2238 μὴ
704 2201 808 2238 τηρῶν,
826 2201 881 2228 ἔσω
893 2202 941 2229 ἄν·

969 373 1083 405 tualem,
1099 379 1160 407 quae
1179 370 1263 398 habes
1282 368 1457 405 pauperibus
1466 366 1671 395 distribuendo.

1006 459 1041 486 Et
1065 458 1131 486 vade
1150 462 1211 492 post
1234 465 1285 484 me.
1309 457 1342 483 Et
1365 455 1401 483 ita
1426 455 1524 483 tollens
1544 460 1655 482 crucem
1673 456 1762 484 tuam,

971 505 1062 533 omnis
1087 504 1194 532 scilicet
1221 502 1341 530 carnalis
1369 501 1544 536 cogitationis
1568 498 1762 527 mortiﬁcatio-

972 559 1054 584 nem,
1080 557 1197 584 sequere
1222 556 1266 576 tue
1292 548 1338 583 qui
1365 551 1479 583 propter
1510 551 1536 574 te
1570 545 1649 580 inops
1673 544 1764 572 factus

973 605 1044 628 sum,
1060 604 1108 624 cru
1114 603 1228 630 cemque
1242 594 1349 629 pertuli.

1008 643 1044 670 Et
1063 642 1210 678 tedi/icabir
1227 641 1336 668 domum
1356 645 1440 667 tuam.
1460 638 1493 666 Et
1514 637 1667 666 constitues
1683 635 1765 672 spiri-

974 688 1043 715 tuuli
1060 687 1270 714 conversatione
1291 685 1385 713 carnis
1402 689 1456 711 tuae
1473 683 1645 711 domicilium
1667 682 1764 710 incur-

975 734 1052 762 sibus
1068 733 1251 768 malignorum
1269 731 1415 767 spirituum
1429 731 1564 758 dirutum.

1013 825 1095 852 Vens.
1114 824 1160 851 28.
1182 821 1224 850 Ne
1245 822 1282 850 sit
1307 821 1392 855 falsus
1420 819 1495 847 testis
1519 818 1548 845 in
1569 818 1650 845 civem
1673 821 1767 849 tuum,

978 879 1059 906 neque
1086 869 1208 897 dilatari;
1226 868 1279 895 tuis
1303 866 1391 894 labiis.
1404 864 1445 893 Ne
1458 864 1528 892 falso
1545 862 1656 891 testeris
1669 865 1766 889 contra

978 923 1089 944 carnem
1106 920 1194 947 tuam,
1217 918 1246 941 ut
1265 913 1324 948 ipse
1358 911 1438 947 eligis
1466 912 1676 937 conversantem
1693 907 1769 935 :im-

980 961 1112 998 possibile
1135 966 1196 988 esse
1225 958 1356 986 dictitans
1376 955 1505 984 mandata
1528 954 1575 982 Dei
1606 954 1767 985 observare,

979 1009 1015 1036 ob
1037 1007 1164 1043 corporis
1189 1004 1386 1033 inﬁrmitatem.
1401 1002 1452 1029 Hic
1475 1001 1501 1028 in
1523 999 1698 1036 passionibus
1712 998 1769 1026 vir-

980 1053 1033 1082 tuti
1050 1052 1184 1088 oppositis
1203 1051 1274 1083 vive,
1288 1056 1379 1085 neque
1399 1048 1517 1076 libenter
1532 1054 1643 1074 carnem
1662 1044 1770 1073 calum-

981 1099 1076 1132 nieris,
1092 1098 1156 1134 quia
1169 1102 1197 1125 et
1210 1097 1269 1132 ipsa
1281 1098 1434 1124 creatorem
1447 1093 1532 1121 Deum
1547 1092 1629 1120 habet

1018 1186 1101 1214 Vens.
1127 1185 1173 1213 ‘29.
1201 1183 1242 1211 Ne
1266 1183 1340 1211 dicas
1356 1191 1365 1211 :
1381 1181 1519 1215 Quomodo
1542 1180 1605 1216 fecit
1634 1179 1709 1211 mihi.
1733 1179 1772 1206 sic

981 1233 1081 1268 faciam
1104 1232 1139 1260 ei.
1166 1230 1287 1258 Ulciscar
1313 1233 1400 1256 autent
1422 1236 1481 1255 eum
1495 1226 1528 1254 de
1547 1221 1654 1261 injuriii
1676 1223 1772 1260 quibus

982 1287 1023 1306 me
1043 1278 1143 1313 aﬂ'ecit.
1160 1277 1197 1305 Ne
1220 1277 1309 1307 dicas.
1326 1274 1562 1308 Quetnadmodum
1586 1272 1679 1300 damni
1705 1271 1772 1299 mihi

983 1333 1067 1352 causa
1081 1324 1184 1351 factum
1199 1326 1241 1350 est
1254 1329 1367 1356 corpus,
1378 1321 1403 1348 ei
1418 1320 1522 1347 nocebo
1532 1323 1560 1347 et
1570 1319 1643 1354 ipse:
1655 1317 1774 1345 ulciscar

983 1370 1051 1397 illud
1068 1368 1143 1404 quod
1165 1367 1232 1395 mihi
1253 1366 1386 1394 restiterit
1404 1364 1595 1400 repulcritqne
1611 1362 1773 1398 imperium;

983 1420 1011 1443 et
1024 1415 1066 1443 sic
1080 1414 1257 1449 temetipsum
1279 1415 1429 1440 convertas
1451 1411 1478 1438 in
1497 1409 1640 1445 passiones
1663 1415 1712 1444 per
1727 1415 1775 1435 ex-

984 1471 1092 1491 cessum
1105 1461 1226 1494 virtutis,
1239 1460 1287 1488 sed
1309 1459 1337 1487 in
1351 1457 1525 1486 irrationales
1535 1455 1776 1491 concupiscentias

985 1517 1019 1538 ne
1045 1509 1084 1537 illi
1114 1507 1221 1536 servias
1245 1515 1252 1534 :
1281 1506 1328 1534 sed
1357 1511 1480 1541 congrua
1509 1504 1576 1531 illud
1604 1501 1776 1538 providentia

985 1555 1102 1590 dignare
1114 1558 1144 1581 ut
1157 1553 1190 1581 ad
1203 1553 1307 1588 optima
1321 1551 1388 1579 illud
1402 1550 1451 1578 tibi
1467 1552 1644 1584 cooperetur.

1022 1600 1106 1628 Vatis.
1126 1600 1170 1628 30.
1193 1599 1331 1631 Tanquam
1353 1605 1417 1632 ager
1437 1597 1476 1623 uir
1491 1596 1656 1629 imprudens.
1674 1594 1776 1627 Quem-

986 1646 1132 1673 admodum
1148 1652 1211 1679 agcr
1224 1643 1324 1678 aliquis
1338 1641 1514 1678 agriculturae
1525 1641 1650 1672 idoneus,
1662 1640 1775 1667 multaut

986 1692 1103 1727 requirit
1121 1689 1294 1726 diligentiam
1317 1693 1346 1716 ut
1371 1687 1470 1716 fertilis
1491 1695 1523 1715 ac
1542 1687 1703 1714 fructuosus
1721 1686 1777 1718 tiat,

987 1738 1025 1764 ita
1045 1742 1087 1765 cst
1102 1737 1184 1763 homo
1203 1735 1324 1763 exterior
1339 1734 1385 1768 qui
1404 1733 1455 1761 soli
1479 1733 1676 1768 opportunitati
1712 1740 1778 1759 con-

989 1783 1084 1813 ﬁdens.
1105 1788 1133 1810 et
1153 1782 1188 1809 de
1212 1781 1256 1808 his
1281 1780 1391 1808 labores
1416 1779 1496 1806 enixe
1523 1779 1650 1812 sustinet,
1675 1781 1704 1805 et
1724 1777 1779 1805 Deo

988 1829 1060 1857 bona
1079 1829 1171 1856 futura
1189 1827 1326 1863 pollicenti
1343 1834 1397 1854 non
1411 1826 1535 1854 conlidit.

1021 1920 1055 1946 Et
1083 1922 1211 1954 tanquam
1242 1918 1318 1946 vinea
1343 1917 1420 1945 homo
1452 1925 1529 1952 egena
1573 1923 1663 1944 sensu.
1693 1913 1781 1948 Quasi

989 1965 1068 1992 vinea
1097 1972 1158 1999 qua:
1182 1967 1258 1991 caret
1288 1967 1367 1999 septo
1385 1971 1420 1991 ne
1434 1963 1469 1990 ab
1482 1961 1613 1990 omnibus
1633 1968 1682 1996 per
1706 1960 1779 1988 viam

991 2010 1201 2037 transeuntibus
1226 2008 1420 2041 vindemietur,
1442 2013 1485 2035 est
1500 2007 1584 2034 homo
1598 2006 1645 2041 qtti
1668 2013 1780 2034 sursum

990 2055 1100 2091 quidem
1126 2054 1154 2082 in
1180 2053 1265 2082 Deum
1290 2053 1404 2088 respicit
1429 2053 1525 2088 illique
1546 2053 1647 2086 credit;
1672 2051 1782 2079 habitus

991 2105 1084 2128 autem
1098 2104 1156 2127 tum
1170 2099 1355 2135 speculativos
1367 2103 1425 2126 tum
1439 2099 1578 2134 practicos
1590 2106 1639 2134 per
1652 2097 1781 2125 mandata

992 2146 1039 2173 Dei
1063 2146 1216 2173 instructos
1240 2152 1288 2180 per
1303 2144 1498 2180 negligentiam
1519 2151 1573 2172 non
1595 2147 1689 2171 servat
1703 2144 1782 2171 inex-

993 2190 1165 2227 pugnabiles.
1182 2189 1247 2217 Sive
1265 2190 1338 2217 enim
1359 2189 1480 2225 exterior
1495 2189 1577 2217 homo
1594 2189 1736 2224 negligens
1749 2188 1782 2215 ad

152 2254 261 2290 θρωπος
271 2261 278 2268 ·
294 2251 349 2278 εἴτε
363 2235 419 2286 γάρ
447 2235 557 2282 τὸν-ἐξω
568 2235 716 2284 -ἇνθρωπον
733 2235 804 2284 πρὸς
818 2248 867 2283 τὴν
886 2247 934 2274 τῶι

994 2237 1184 2264 mandatorum
1205 2235 1254 2263 Dei
1277 2235 1511 2271 adimpletionem,
1532 2235 1591 2263 sive
1612 2235 1728 2262 interior
1750 2236 1784 2262 ad

153 2299 232 2326 θείων
251 2297 366 2325 ἐντολῶν
377 2296 487 2332 πρᾶξιν,
499 2295 554 2322 εἴτε
571 2295 617 2322 τὸν
631 2294 685 2321 ἔσω
702 2294 770 2330 πρὸς
782 2294 831 2330 τὴν
839 2293 943 2321 τούτων

153 2344 270 2380 θεωρίαν
290 2342 447 2377 καταλίπῃς
467 2340 682 2376 ἀνεπιμέλητον,
703 2340 880 2372 ἁνεπίδεκτος
895 2339 943 2366 τοῦ

153 2392 183 2418 ἐν
198 2389 382 2420 διδασκαλίαις
395 2387 579 2422 πνευματικοῦ
599 2387 702 2422 σπόρου
715 2387 873 2421 γενήσεται.

190 2435 242 2462 λα’.
257 2433 310 2461 Kal
330 2433 385 2459 ἐὰν
413 2431 493 2466 ἀφῇς
513 2431 617 2463 αὐτὸν,
646 2429 869 2465 χερσωθήσεται
894 2428 943 2455 καὶ

155 2477 373 2514 χορτομιινήσει
402 2477 483 2510 ὅλος.
513 2475 568 2503 Καὶ
594 2475 672 2514 δίκην
685 2475 794 2510 χόρτου,
811 2473 944 2508 σαρκικὰς

155 2513 253 2561 ἦδὸνάς
267 2524 345 2559 μόνον
362 2522 519 2558 βλαστήσει,
535 2521 603 2557 πρὸς
624 2513 656 2547 ’τὸ
669 2519 803 2555 χορτάσαι
817 2517 866 2553 τὴν
884 2517 945 2545 ἄλοε

156 2580 205 2606 γον
218 2569 366 2605 ἐπιθυμίαν
381 2567 475 2595 αὑτοῦ.

192 2617 248 2645 Kal
274 2616 386 2651 γίνεται
413 2612 654 2648 ἐκλελειμμένος.
685 2610 842 2639 Κάντεΰθεν
868 2606 946 2641 οὗτος

160 2663 209 2699 μὲν
251 2660 490 2697 καταλιμπάνεται
521 2658 592 2686 κατὰ
620 2658 780 2693 προαίρεσιν
812 2655 945 2691 ἁνεπιμέ-

157 2710 249 2744 λητος.

196 2756 227 2782 01
243 2753 276 2781 δὲ
295 2751 423 2788 φραγμοι
442 2751 501 2777 τῶν
510 2750 604 2778 λίθων
615 2749 708 2777 αὑτοῦ
720 2747 945 2776 κατασκάπτον-

159 2809 217 2827 ται.
247 2800 281 2826 Δί
304 2799 333 2825 δὲ
367 2797 414 2824 ἐπὶ
441 2797 479 2832 τῷ
504 2796 564 2831 Θεῷ
579 2795 698 2831 θεμελίῳ
714 2796 763 2830 τῆς
776 2794 816 2826 είς
831 2792 948 2828 Χριστὸν

160 2845 278 2876 ’πίστεως
293 2840 573 2878 οἴκοδομούμεναι,ὼς
588 2840 616 2868 ἔν
624 2849 679 2867 τισι
691 2839 775 2871 λίθοις
788 2840 847 2870 ταῖς
863 2838 949 2870 θείαις

162 2890 282 2921 ἐντολαῖς
310 2889 474 2924 φυλακτικαὶ
499 2887 595 2914 τούτου
620 2886 690 2914 κατά
712 2895 740 2912 τε
765 2885 881 2919 θεωρίαν
901 2885 948 2912 καὶ

996 2291 1092 2311 eorum
1126 2283 1375 2312 considerationem
1407 2282 1564 2310 incuriosus
1601 2281 1784 2316 relinquatur,

998 2337 1050 2356 non
1068 2333 1158 2365 potest
1172 2329 1295 2364 recipere
1307 2328 1441 2356 doctrina:
1452 2335 1546 2355 semen
1559 2316 1713 2363 spirituale.

1033 2416 1116 2444 VERS.
1139 2415 1184 2443 51.
1205 2414 1235 2443 Si
1258 2414 1391 2442 dimiseris
1408 2422 1478 2447 eum,
1495 2414 1613 2442 desertus
1635 2415 1680 2449 [iet
1697 2403 1785 2441 etsi!-

998 2471 1080 2494 rescet
1105 2470 1186 2493 talus.
1207 2463 1240 2491 Et
1262 2463 1334 2491 sicut
1361 2463 1454 2491 fenum
1479 2463 1605 2490 carnales
1631 2462 1788 2496 voluptates

999 2517 1106 2540 tantum
1123 2510 1252 2547 proferet,
1270 2509 1304 2537 ad
1320 2509 1502 2538 saturandutn
1523 2507 1712 2536 irrationalem
1727 2507 1788 2542 ejus

998 2557 1263 2593 concupiscentiam.

1034 2604 1070 2632 Et
1091 2605 1135 2639 ﬁet
1160 2603 1312 2632 derelictus.
1332 2601 1366 2629 Et
1384 2601 1485 2629 exinde
1507 2600 1566 2636 ipse
1587 2599 1698 2634 quidem
1720 2606 1788 2626 con-

999 2652 1072 2680 sulto
1085 2650 1262 2685 relinquitur,
1277 2656 1328 2676 nec
1340 2647 1486 2684 quisquam
1500 2645 1533 2674 de
1547 2645 1595 2673 illo
1609 2648 1698 2673 curat.

1038 2742 1116 2777 Sepes
1139 2746 1226 2768 autem
1253 2739 1370 2774 lapidum
1397 2737 1454 2769 eius
1481 2735 1650 2771 e/fodientur.
1673 2733 1789 2761 Habitus

1002 2795 1094 2816 autem
1121 2788 1179 2815 sive
1205 2785 1295 2821 quoad
1318 2784 1452 2812 theoriam
1475 2782 1533 2810 sive
1557 2780 1647 2816 quoad
1672 2778 1789 2814 praxim,

1003 2834 1050 2869 qui
1073 2835 1099 2861 iu
1118 2833 1212 2861 divino
1232 2831 1410 2859 fundamento
1435 2829 1497 2857 ﬁdei
1519 2828 1546 2855 in
1563 2826 1703 2854 Christum
1723 2823 1791 2851 mdi-

1005 2883 1122 2910 ticautur
1136 2884 1163 2908 ct
1181 2879 1208 2907 in
1227 2877 1363 2906 mandatis
1379 2875 1426 2904 Dei
1441 2874 1520 2911 quasi
1543 2871 1708 2909 quibusdam
1723 2869 1791 2905 lapi-
