2072 3161
121 208 187 242 1473

601 197 867 232 COMMENTARII
884 197 926 226 IN
947 196 1177 227 PROVERBIA.

1680 197 1747 230 147i.

154 276 167 293 ε
183 266 216 299 ζ’.
236 265 284 298 Μὴ
308 263 489 294 ἁλαζονεύου
514 260 643 288 ἐνώπιον
650 257 804 292 ,βασιλέως
815 277 822 289 ,
836 253 910 292 μηδὲ

998 253 1078 280 Vens.
1097 253 1154 281 5-7.
1172 253 1214 281 Ne
1241 254 1357 289 gloriose
1382 259 1406 282 te
1430 259 1542 282 ostentet
1568 260 1660 282 coram‘
1679 263 1748 289 rege.

117 315 152 342 ἑν
176 313 280 344 τόποις
304 309 465 337 δυναστῶν
486 308 656 342 ὑφίστασο·
679 305 825 340 κρεῖσσον
851 303 907 338 γάρ

118 367 167 386 σοι
178 359 211 385 τὸ
223 356 366 392 ῥηθῆναι,
377 354 528 382 Ἄνάόαινε
541 353 616 387 πρός
626 361 674 387 με,
689 352 707 386 ἢ
724 350 908 378 ταπεινῶσαί

119 414 156 434 σε
171 405 206 431 ἐν
221 402 369 437 προσώπῳ
383 400 549 428 δυνάστου.
571 399 616 433 Μὴ
632 398 687 425 οἵου
705 397 816 424 σεαυτὸν
831 395 909 427 ἀξίας

119 450 190 481 τινὸς
205 450 292 482 ἄξιον,
310 447 364 481 πρὸ
385 446 432 472 τοῦ
449 444 599 479 ἀξιωθῆναι
615 443 717 478 ταύτης
733 442 808 477 παρὰ
821 441 888 467 Θεοῦ
900 448 907 456 ·

121 495 182 531 μηδ’
196 495 322 529 ὲπίτρεχε
337 494 447 528 ἀρχαῖς,
460 491 648 528 ἁρμοζούσαις
658 489 771 525 ἀνδράσι
788 487 910 514 καθυπο-

119 543 246 569 τάττουσι
259 540 297 575 τῷ
312 539 469 574 φρονήματι
484 537 705 575 τοῦᾐπνεύματος
715 557 722 568 ,
738 535 769 561 τὸ
781 534 910 570 φρόνημα

119 589 168 624 τῆς
185 573 304 623 σαρκός*
319 573 432 613 κάλλιον
445 584 500 620 γάρ
515 573 573 611 ἐστι
587 581 853 617 ταπεινοφρονοῶτά
868 588 909 612 σε,

120 635 168 661 καὶ
195 632 304 666 ἀνάξιον
330 631 427 659 ἑαυτὸν
450 630 578 666 κρίνοντα
603 629 693 664 πάσης
719 628 817 663 ἀρχῆς,
843 626 911 661 πρὸς

119 680 223 715 ταύτην
241 679 375 714 κληθῆναι
390 676 467 712 παρὰ
481 676 560 708 Θεοῦ,
573 675 589 710 ἢ
607 674 797 710 ἐπιτρέχοντα,
809 672 911 707 ταύτης

120 725 309 761 ἁποῤῥιφῆναι
318 732 324 739 ·
337 723 431 758 ἑτέρου
442 722 507 757 παρ’
520 720 601 748 αὐτοῦ
615 719 832 755 προσκληθέντος
842 718 912 752 πρὸς

121 772 235 806 ταύτην,
254 769 301 796 τοῦ
322 769 455 804 πρότερον
475 767 606 803 ἄρξαντος
626 765 733 793 ἑαυτοῦ.

159 819 192 845 ⁴¹Λ
212 815 293 844 εἶδον
312 817 338 843 οὶ
356 814 505 850 ὀφθαλμοί
516 822 585 845 σου,
601 813 679 846 λέγε,
696 812 785 846 Ἀπερ
797 811 826 839 αι
843 810 911 837 θεω-

123 863 233 900 ρητικαί
245 871 291 889 σου
302 862 433 897 δυνάμεις
445 860 596 888 κατέλαϐον
607 860 667 886 θεῖα
680 859 832 894 θελήματα,
844 857 897 884 καθ
905 857 913 867 '

122 911 140 938 ἃ
162 910 197 937 τὰ
219 909 308 937 πάντα
329 908 469 943 γεγόνασι,
486 907 578 941 λόγοις
594 915 624 932 τε
639 905 686 933 καὶ
701 905 793 941 ἔργοις
808 904 910 936 αὺτοῖς,

122 956 242 983 δίδασκε.

158 999 219 1037 η-ι”.
240 999 288 1034 Μὴ
310 999 481 1033 πρόσπιπτε
496 999 539 1031 είς
549 997 653 1032 μάχην
666 997 788 1031 ταχέως,
802 996 854 1023 ἵνα
870 996 913 1029 μή

119 1045 331 1082 μπαμεληθῇς
344 1046 390 1073 ἐπ’
401 1044 538 1080 ἐσχάτων
547 1053 554 1061 ·
571 1044 663 1078 ἡνίκα
673 1043 712 1070 ἀν
727 1051 764 1070 σε
777 1042 913 1076 ὀνειδίσῃ

122 1095 140 1121 ὀ
158 1094 249 1129 φίλος
264 1101 323 1120 σου
333 1112 341 1124 ,
354 1091 500 1126 ἀναχώρει
515 1092 559 1124 εις
578 1090 614 1118 τὰ
628 1090 725 1117 ὀπίσω
736 1097 743 1105 ’
759 1088 802 1124 μὴ
823 1097 914 1115 κατα-

123 1139 236 1174 φρόνει,
248 1138 290 1173 μή
309 1146 346 1165 σε
361 1137 495 1171 ὀνειδίσῃ
509 1136 568 1171 μὲν
585 1138 602 1164 d
622 1136 722 1170 φίλος.
737 1135 755 1169 ἡ
778 1134 813 1161 δὲ
831 1133 913 1169 μάχη

123 1193 181 1212 σου
193 1185 242 1211 καὶ
260 1185 278 1218 ἡ
294 1184 388 1219 ἔχθρα
402 1185 458 1211 οὐκ
470 1183 610 1215 ἀπέσται,
619 1182 688 1209 ἀλλ’
699 1182 784 1209 ἔσται
797 1188 845 1208 σοι
861 1180 914 1213 ἴση

123 1230 250 1263 θανάτῳ.
271 1230 317 1265 Μὴ
333 1229 536 1264 ἀσυλλογίστως
549 1229 623 1264 ὅρμα
636 1227 704 1263 πρὸς
718 1227 828 1262 ἔχθραν,
840 1226 913 1258 ὅπως

125 1276 162 1311 μὴ
176 1275 266 1311 ἑαυτῷ
285 1274 432 1311 ὲπιμέμφῃ
447 1274 477 1305 ὲς
490 1273 621 1309 ὕστερον·
637 1272 694 1299 ἀλλ’
705 1273 771 1299 ὅταν
794 1271 840 1297 ὲπί
861 1280 915 1298 τινι

123 1321 195 1356 λόγῳ
207 1321 223 1356 ἢ
235 1320 308 1356 ἔργῳ
321 1320 398 1355 φίλος
411 1328 452 1346 σοι
466 1319 619 1354 μέμψηται,
631 1317 685 1346 ἀπὸ
698 1318 751 1344 τῶν
764 1317 915 1352 ἐπταισμέ-

124 1376 177 1394 νων
204 1376 245 1394 σοι
269 1366 376 1393 ἔκκλινε
400 1364 647 1401 ὲξασφαλιζόμενος
672 1364 796 1397 σεαυτὸν,
816 1363 915 1399 μηκέτι

124 1414 181 1445 τοῖς
197 1412 302 1447 ὁμοίοις
317 1412 479 1447 περιπεσεῖν
489 1418 496 1425 ·
512 1411 559 1437 καὶ
580 1410 618 1445 μὴ
638 1409 689 1445 τὴν
702 1409 770 1444 πρὸς
788 1410 833 1436 τὸν
848 1409 916 1445 πλη-

125 1459 183 1485 σίον
196 1458 307 1493 ἀγάπην
323 1457 422 1494 μικρὸν
437 1457 553 1492 πρᾶγμα
563 1455 632 1492 ἡγοῦ
643 1463 650 1471 ·
662 1457 737 1487 ὅπως
751 1455 788 1490 μὴ
805 1454 916 1490 μέμψη-

125 1513 170 1532 ται
194 1505 243 1540 μέν
270 1512 311 1531 σοι
327 1503 425 1536 αὐτὸς,
439 1502 482 1537 ἐφ’
496 1500 518 1536 ᾧ
534 1502 572 1538 μὴ
586 1502 708 1537 διετέοης
731 1501 824 1531 καλῶς
848 1500 916 1536 πρὸς

125 1551 217 1582 αὑτὸν,
236 1551 253 1586 ἡ
275 1550 303 1576 δὲ
323 1549 436 1581 διένεξις
448 1548 538 1576 καὶτὸ
556 1549 644 1583 μῖσος,
662 1548 712 1574 οὐκ
728 1547 915 1582 ἀποστήσεται

125 1595 180 1623 ἀπὸ
200 1595 248 1623 σοῦ
260 1604 266 1611 ·
285 1595 353 1623 ἀλλὰ
368 1594 458 1630 ψυχῆς
474 1594 581 1629 ὑπάρξῃ
599 1603 641 1621 σοι
657 1593 781 1625 θάνατος.

160 1642 250 1677 Χάρις
264 1643 314 1669 καὶ
327 1641 414 1677 φιλία
429 1640 599 1675 ἐλευθεροῖ·
618 1639 655 1673 ἀς
669 1639 806 1674 τήρησον
824 1646 917 1666 σεαυ-

126 1689 177 1722 τῷ,
203 1689 253 1715 ἵνα
269 1688 312 1723 μὴ
333 1686 541 1719 ἐπονείδιστος
563 1685 653 1721 γένῃ’
675 1685 755 1713 ἀλλὰ
778 1685 918 1720 φύλαξον

127 1736 180 1767 τὰς
192 1734 282 1767 ὁδούς
299 1741 357 1761 σου
370 1732 636 1765 εὐσυναλλάκτως.
657 1731 694 1758 Τὸ
719 1733 844 1767 χάρισμα
867 1731 916 1766 τῆς

128 1780 223 1814 σοφίας
238 1781 285 1806 καὶ
302 1779 423 1815 ήάγάπη
433 1799 439 1811 ,
455 1778 568 1813 ἀγνοίας
583 1777 784 1805 ἀπαλλάττουσι
799 1778 846 1804 καὶ
865 1786 916 1804 κα-

127 1826 207 1858 κίας·
227 1825 260 1857 ἃς
277 1825 395 1860 φύλαξον
414 1824 488 1861 παρὰ
504 1823 622 1860 σεαυτῷ,
638 1823 712 1856 ὃπως
731 1823 768 1859 μὴ
792 1823 917 1860 ὑπάρξῃς

127 1872 292 1907 κατάκριτος
305 1880 311 1886 ·
328 1871 397 1898 ἀλλά
411 1871 544 1906 τήρησον,
554 1870 692 1905 ἄνθρωπε,
705 1870 754 1902 τὰς
778 1870 846 1905 πρὸς
867 1869 917 1905 τὴν

129 1918 224 1952 σοφίαν
239 1917 288 1944 καὶ
301 1917 350 1952 τὴν
372 1917 481 1950 ἀγάπην
505 1915 676 1951 Θεωρητικάς
693 1915 740 1941 καὶ
761 1914 918 1950 πρακτικὰς

128 1959 247 1999 πορείαξ
257 1972 316 1995 σου,
332 1962 421 1994 καλῶς
436 1962 564 1997 ἀλλήλαις
575 1961 630 1988 τῶν
640 1961 748 1988 οἰκείων
760 1961 917 1997 μεταδιδού-

129 2018 197 2042 σαςὴ
213 2010 284 2036 αἰτεῖ
303 2009 353 2045 μὲν
369 2007 508 2044 πρακτικὴ
523 2008 572 2044 τὴν
586 2006 766 2042 θεωρητικὴν,
776 2007 832 2033 τῶν
847 2007 918 2033 κατὰ

127 2056 228 2091 γνῶσιν
244 2055 332 2090 λόγων
343 2063 350 2071 ·
367 2055 384 2090 ἡ
397 2054 425 2080 δὲ
443 2053 598 2090 θεωρητικὴ
612 2053 662 2089 τὴν
677 2052 849 2088 πρακτικὴν,
863 2052 918 2080 τῶν

128 2102 188 2128 κατ’
205 2101 306 2137 ἀρετὴν
318 2101 445 2136 τρόπων·
469 2100 539 2126 ὥστε
554 2099 706 2134 ψυχοῦσθαι
724 2098 773 2133 μὲν
787 2098 837 2133 τὴν
852 2099 918 2134 ἀρε-

127 2148 176 2184 τὴν
192 2147 263 2174 κατά
277 2147 356 2181 λόγον
366 2154 372 2161 ·
390 2145 582 2182 σωματοῦσθαι
593 2146 621 2172 δὲ
631 2145 677 2172 τὸν
689 2144 768 2179 λόγον
781 2145 842 2171 κατ’
853 2145 917 2179 ἀρε-

125 2192 188 2228 τήν.

165 2242 210 2266 ια’.
229 2237 335 2272 Μῆλον
354 2236 492 2272 χρυσοῦν
509 2237 543 2263 ἐν
557 2236 690 2271 ὀρμίσκῳ
707 2235 846 2270 σαρδίου,
865 2236 916 2263 οὕ-

959 307 1039 333 neque
1053 300 1082 326 in
1098 300 1162 326 locis
1176 301 1325 334 principum
1339 301 1456 328 ueteris.
1470 300 1566 328 Melius
1582 305 1622 328 est
1634 300 1705 328 enim
1717 304 1747 326 ut

959 347 1065 372 dicatur
1074 346 1131 377 tibi,
1140 345 1259 373 Ascende
1266 346 1300 372 ad
1309 354 1358 378 me,
1366 355 1444 381 quam
1453 352 1482 373 ut
1497 347 1644 374 humttizris
1656 354 1747 373 coram

958 391 1086 425 principe.
1113 390 1152 419 Ne
1182 397 1260 426 putes
1290 392 1464 426 temetipsum
1495 393 1586 427 aliqua
1615 391 1748 426 dignitate

960 438 1085 472 dignum,
1101 437 1261 472 priusquam
1283 437 1329 464 illa
1349 438 1448 472 dignius
1463 445 1478 464 a
1494 438 1548 464 Deo
1569 438 1656 464 fueris
1671 437 1750 464 habi-

961 488 1027 517 tus;
1057 490 1146 518 neque
1175 483 1323 518 dignitates
1351 483 1459 517 require
1488 490 1548 518 quae
1581 483 1749 510 conveniunt

962 528 1119 556 hominibus
1148 529 1291 563 sapientia:
1316 529 1432 564 spiritus
1464 529 1556 556 carnis
1587 529 1749 563 sapientiam

961 574 1223 602 subordinantibus.
1241 573 1336 602 Melius
1357 579 1400 602 est
1425 574 1498 602 enim
1522 579 1548 603 te
1573 574 1749 609 temetipsum

962 620 1153 647 ltumiliantem
1170 624 1197 647 et
1214 620 1355 654 indignum
1383 620 1456 647 omni
1479 617 1611 655 dignitate
1630 624 1656 646 te
1676 619 1751 654 judi-

962 670 1072 693 canlem
1091 674 1106 693 a
1127 666 1183 693 Deo
1206 667 1239 693 ad
1263 666 1349 701 ipsam
1374 666 1466 694 voeari
1487 673 1570 701 quam
1594 669 1750 693 currentem

961 711 996 738 ab
1011 719 1042 738 ea
1060 711 1164 746 repelli,
1176 711 1240 738 dum
1260 712 1331 738 alius
1348 711 1395 745 qui
1417 710 1494 745 prius
1514 709 1678 744 sibitnetipsi
1699 708 1752 736 im.

963 759 1070 793 peravit
1085 758 1118 784 ad
1135 758 1209 784 illam
1225 762 1340 784 vocatus
1359 757 1448 784 fuerit.

999 803 1066 836 Quae
1090 803 1211 830 viderunt
1237 804 1307 830 oculi
1330 803 1383 835 tui,
1409 802 1462 830 die.
1485 802 1559 835 Quas
1583 801 1682 829 animae
1699 807 1752 828 true

963 851 1141 885 speculativaa
1167 851 1314 877 facultates
1328 850 1436 878 divinas
1457 854 1639 884 perceperunt
1653 848 1752 876 volun-

965 900 1045 927 tates,
1063 896 1164 931 quibus
1179 895 1272 923 omnia
1293 895 1364 923 facta
1384 899 1458 928 sunt,
1472 895 1564 923 verbis
1579 898 1606 922 et
1620 894 1751 930 operibus

965 943 1034 978 ipsis
1047 942 1192 970 annuntio.

1000 988 1083 1017 VEns.
1104 989 1181 1017 8-50.
1202 988 1245 1015 Ne
1268 996 1412 1023 procurras
1434 988 1469 1015 ad
1487 988 1607 1023 jurgium
1629 988 1700 1020 cito;
1722 992 1752 1014 ut

964 1043 1017 1063 non
1034 1041 1058 1062 te
1074 1035 1199 1070 paeniteat
1227 1035 1254 1061 in
1279 1035 1429 1062 novissimis
1448 1042 1458 1061 :
1477 1034 1543 1062 Cum
1563 1040 1587 1062 te
1605 1034 1752 1068 exprobra-

964 1081 1029 1108 vert't
1047 1081 1149 1108 anticus
1166 1086 1237 1112 tuus,
1253 1080 1344 1107 recede
1358 1081 1386 1106 in
1401 1081 1561 1114 posteriora.
1578 1079 1620 1107 Ne
1634 1085 1753 1107 content-

965 1134 1025 1159 ηαδ,
1047 1134 1079 1152 ne
1097 1130 1120 1152 te
1139 1125 1243 1161 quidem
1259 1125 1396 1159 exprobret
1414 1126 1527 1158 amictu,
1546 1125 1606 1152 rixa
1623 1129 1710 1152 autem
1726 1129 1752 1152 et

964 1173 1113 1199 inimicitiae
1139 1181 1191 1199 non
1218 1171 1340 1204 aberunt,
1365 1171 1411 1200 sed
1436 1177 1513 1199 erunt
1540 1172 1588 1199 tibi
1614 1180 1695 1206 usque
1717 1170 1753 1199 ad

965 1222 1086 1244 mortem.
1112 1216 1152 1244 Ne
1173 1216 1361 1252 imprudenter
1387 1218 1461 1244 irrne
1485 1218 1510 1244 in
1536 1217 1703 1248 inimicitias,
1721 1221 1753 1243 ut

966 1269 1019 1289 non
1045 1266 1071 1289 te
1095 1262 1227 1296 poeniteat
1254 1261 1282 1288 in
1303 1262 1446 1288 extremis.
1472 1261 1525 1289 Sed
1548 1269 1609 1288 cum
1640 1261 1754 1288 verbum

966 1313 1013 1335 aut
1030 1312 1120 1335 actum
1135 1307 1279 1342 quemdam
1296 1307 1345 1334 tibi
1361 1307 1565 1342 exprobraverit
1587 1307 1704 1339 amicus,
1719 1307 1754 1333 ab

965 1356 1009 1383 his
1024 1362 1085 1390 quae
1100 1355 1265 1382 commisisti
1288 1354 1396 1382 declina
1419 1355 1532 1382 ﬁrmans
1552 1362 1664 1390 gressus
1680 1359 1753 1386 tuos,

967 1409 1001 1429 ne
1023 1402 1050 1429 in
1080 1401 1182 1429 similia
1210 1400 1327 1428 incidas.
1352 1400 1520 1428 Chnritatetn
1546 1401 1573 1428 in
1598 1400 1754 1436 proximum

966 1447 1105 1483 negotium
1127 1454 1242 1482 parvum
1263 1454 1296 1474 ne
1320 1450 1448 1481 reputes;
1470 1450 1499 1473 ut
1523 1453 1577 1473 non
1600 1453 1755 1481 conquera-

966 1497 1013 1521 tur
1028 1493 1073 1521 ille
1090 1495 1162 1529 quod
1186 1493 1213 1520 in
1237 1493 1326 1528 ipsum
1346 1492 1417 1520 male
1436 1493 1540 1527 egeris;
1555 1492 1691 1519 dissensio
1705 1499 1754 1519 au-

967 1544 1020 1568 tem
1036 1543 1063 1567 et
1079 1539 1171 1566 odium
1187 1546 1202 1566 a
1217 1542 1244 1566 te
1259 1545 1313 1566 non
1328 1538 1474 1571 recedent;
1493 1537 1541 1565 sed
1562 1544 1637 1564 mors
1657 1537 1756 1564 anima:

929 1596 951 1626 ο
968 1590 995 1614 te
1008 1585 1140 1613 manebit.

1003 1631 1099 1658 Gratia
1118 1635 1144 1658 et
1167 1629 1288 1657 amicitia
1318 1629 1431 1656 liberant
1445 1635 1455 1655 .'
1470 1628 1518 1655 hat
1543 1628 1590 1654 tibi
1619 1635 1693 1655 serva
1723 1635 1756 1655 ne

967 1677 1093 1712 reprobus
1124 1677 1175 1711 ﬁas
1201 1683 1211 1703 :
1238 1675 1284 1703 sed
1308 1675 1412 1702 custodi
1436 1675 1491 1702 υἱασ
1518 1678 1578 1701 tua:
1600 1674 1754 1708 composite.

967 1724 1073 1751 Donum
1094 1722 1238 1758 sapientia:
1253 1726 1281 1749 et
1300 1721 1421 1748 charitas
1444 1721 1478 1748 ab
1502 1721 1657 1756 ignorantia
1678 1727 1757 1747 aver-

967 1775 1028 1797 tunt
1040 1775 1067 1797 et
1084 1777 1099 1796 a
1115 1768 1236 1801 malitia;
1252 1768 1301 1795 bas
1317 1767 1366 1794 tibi
1382 1773 1461 1794 serva
1481 1773 1515 1794 ne
1529 1767 1568 1794 sis
1587 1766 1732 1793 damnatus
1746 1774 1755 1798 ;

966 1817 1013 1845 sed
1032 1815 1152 1849 custodi,
1167 1823 1184 1843 ο
1203 1814 1297 1848 homo,
1319 1813 1352 1842 ad
1369 1813 1533 1849 sapientiam
1550 1817 1578 1840 et
1593 1812 1755 1840 charitatem

967 1862 1152 1898 speculativas
1167 1869 1200 1889 ac
1214 1861 1353 1897 practicas
1368 1860 1426 1887 vias
1442 1859 1493 1887 sibi
1513 1858 1629 1886 invicem
1646 1857 1757 1893 propria

967 1908 1128 1944 largientes.
1152 1907 1248 1935 Praxis
1270 1907 1344 1935 enim
1368 1906 1503 1934 tlteoriam
1528 1904 1644 1940 requirit
1660 1904 1693 1931 ad
1708 1911 1758 1931 co-

967 1954 1141 1989 gnoscendas
1168 1954 1308 1986 rationes;
1331 1952 1438 1980 theoria
1467 1955 1558 1979 autem
1588 1950 1693 1986 praxim
1721 1950 1756 1977 ad

967 2000 1095 2028 instituta
1112 1999 1245 2027 virtutum
1268 1998 1405 2034 operando
1421 1998 1478 2025 :ita
1500 2002 1529 2024 ut
1546 1997 1635 2023 virtus
1656 2003 1756 2023 secun-

968 2048 1032 2074 dum
1048 2047 1182 2073 rationem
1198 2045 1277 2081 quasi
1293 2044 1396 2076 anitua,
1412 2044 1482 2072 ratio
1499 2048 1590 2070 autem
1605 2042 1755 2070 secundum

969 2094 1097 2121 virtutem
1115 2091 1196 2120 veluti
1213 2098 1331 2125 corpore
1348 2089 1492 2117 induatur.

1002 2227 1086 2254 Vens.
1109 2225 1150 2253 Η.
1172 2224 1250 2252 Mala
1266 2231 1347 2250 aurea
1367 2223 1394 2250 in
1414 2222 1506 2249 monili
1522 2221 1608 2249 tardii
1623 2243 1631 2255 ,
1651 2221 1696 2258 qui
1713 2221 1756 2249 lo-

128 2293 185 2318 τως
197 2268 292 2311 εἰπεέν
304 2268 398 2318 λόγον
413 2282 474 2319 [ἐπὶ
488 2268 788 2318 ἀρμέξάυσινλιὺτίβλ
807 2283 850 2314 Ὠς
864 2282 914 2318 μῆ-

969 2274 1060 2309 quitur
1075 2272 1181 2300 verbum
1195 2272 1222 2298 in
1235 2276 1350 2305 tempore
1360 2277 1419 2296 sua.
1440 2268 1677 2302 Quentadtnodmn
1693 2276 1755 2296 ma-

128 2330 173 2357 λον
197 2329 326 2365 χρυσοῦν,
341 2328 485 2365 ὲμπρέπον
511 2328 716 2363 περιτραχηλίῳ
741 2328 846 2363 κόσμῳ,
863 2328 917 2354 ἀπὺ

128 2375 204 2401 λίθου
219 2374 339 2409 σαρδίου,
355 2373 443 2405 οὓτως
464 2373 495 2399 τὸ
512 2372 627 2408 λαλῆσαι
653 2372 733 2407 λόγον
757 2372 918 2400 διδάσκοντα

129 2421 263 2456 σωτήρια,
277 2420 416 2455 ἐμπρέπει
428 2419 467 2455 τῷ
477 2419 599 2454 κοσμίως
613 2418 716 2454 βιοῦντι
727 2419 789 2445 κατ’
798 2419 899 2455 ἀρετήν
908 2428 916 2435 ·

127 2464 168 2500 τῷ
183 2465 233 2500 βίῳ
248 2463 303 2499 γὰρ
318 2465 333 2491 ὸ
346 2463 424 2498 λόγος
439 2462 687 2499 συναρμοζόμενος,
704 2461 805 2498 πολλὴν
818 2463 919 2489 ἀποτε-

128 2511 170 2538 λεῖ
186 2511 236 2547 τὴν
256 2510 436 2547 ὲμπρέπειαν.

165 2557 208 2592 ιβ’.
231 2558 282 2590 Εἰς
307 2556 429 2583 ἐνώτιον
450 2555 587 2590 χρυσοῦν
605 2555 730 2589 σάρδιον
750 2554 919 2587 πολυτελὲς

129 2602 258 2633 δέδεται.
277 2602 369 2637 λόγος
397 2603 508 2636 σοφίας
528 2603 572 2634 είς
591 2601 721 2634 εὺήκοον
735 2599 801 2634 οὖς.
819 2601 863 2632 Ὠς
878 2601 918 2632 εἰς

128 2649 239 2676 ἐνώτιον
250 2647 366 2683 χρύσεον
379 2648 488 2682 σάρδιον
502 2647 617 2678 δέδεται,
635 2647 774 2682 διαφόροις
790 2646 918 2682 χρώμασι

128 2694 340 2729 πεποικιλμένον
351 2714 359 2726 ,
375 2692 461 2724 οὕτως
476 2693 516 2724 είς
535 2693 620 2727 ἀκοὴν
634 2694 667 2728 τῇ
683 2692 824 2727 εὐπειθείᾳ
839 2700 918 2730 κεκο-

129 2741 283 2776 σμημένην,
297 2740 330 2767 δι’
342 2740 431 2775 ἔργων
444 2739 613 2774 κεκράτηται
628 2738 743 2771 ἇληστος
753 2758 760 2769 .
779 2739 793 2765 ὁ
809 2738 918 2764 πολυει-

127 2787 177 2822 δὴς
194 2788 250 2819 τοῖς
268 2787 380 2822 τρόποις
400 2785 456 2812 τῶν
475 2784 581 2812 ἀοετῶν
599 2784 789 2816 διδασκαλικὸς
808 2784 898 2819 λόγος.

165 2881 210 2912 ιγ’.
224 2878 337 2911 Ὥσπερ
350 2876 455 2909 ἔξοδος
466 2876 567 2910 χιόνος
576 2875 611 2902 ὲν
620 2874 722 2910 ἀμητῷ
733 2873 809 2901 κατὰ
818 2873 917 2908 καῦμα

128 2922 247 2958 ὠφελεῖ,
255 2923 348 2956 οὕτως
361 2922 488 2958 ἄγγελος
502 2921 611 2955 πιστὸς
621 2920 684 2954 τοῖς
696 2921 916 2948 ἀποστείλασιν

969 2320 1024 2348 lum
1042 2326 1157 2346 aureum
1176 2317 1291 2353 pulchre
1315 2321 1425 2352 aptatur
1448 2315 1510 2342 colli
1544 2314 1688 2342 muliebris
1708 2321 1755 2341 or—

969 2367 1044 2394 natui
1061 2373 1093 2392 ex
1117 2363 1207 2399 lapide
1227 2363 1331 2396 sardio,
1354 2362 1394 2389 sic
1409 2361 1483 2396 loqui
1498 2361 1610 2388 verbum
1623 2361 1756 2388 salutaria

968 2412 1083 2443 docens,
1099 2411 1228 2439 convenit
1244 2410 1269 2438 ei
1290 2410 1337 2445 qui
1363 2409 1494 2436 decenter
1512 2409 1539 2435 in
1557 2408 1657 2435 virtute
1678 2414 1756 2435 com-

969 2464 1102 2486 moratur.
1128 2458 1246 2485 Verbum
1268 2457 1340 2483 enim
1356 2455 1429 2490 quod
1445 2462 1507 2482 cum
1525 2455 1580 2481 vita
1597 2453 1755 2487 consentit,

969 2505 1082 2532 multam
1102 2508 1214 2537 praestat
1237 2501 1470 2529 convenientiam.

1005 2550 1088 2577 Vens.
1113 2549 1157 2576 12.
1180 2548 1212 2575 In
1246 2555 1356 2574 auream
1386 2548 1507 2573 inaurem
1533 2546 1614 2573 etiam
1647 2545 1755 2572 cardius

968 2597 1101 2632 pretiosus
1111 2595 1221 2630 ligatur,
1232 2601 1317 2621 ternio
1328 2594 1434 2627 sapiens
1443 2592 1470 2618 in
1480 2599 1571 2618 aurem
1579 2590 1753 2617 obedientem.

969 2641 1206 2676 Quemadmodum
1223 2640 1250 2666 in
1261 2646 1371 2666 auream
1382 2638 1506 2665 iuaurem
1523 2637 1630 2673 legatur
1646 2636 1756 2665 sardius

967 2688 1084 2716 diversis
1102 2687 1241 2714 coloribus
1258 2685 1414 2720 variegatus
1427 2703 1435 2716 .
1455 2684 1495 2712 sic
1519 2683 1546 2710 in
1573 2690 1666 2710 aurem
1681 2683 1756 2710 doci-

968 2735 1043 2762 litate
1068 2737 1205 2765 ornatam,
1224 2731 1317 2759 varius
1339 2730 1485 2766 multiplici
1507 2729 1594 2757 forma
1621 2730 1755 2756 virtututn

967 2779 1130 2808 doctrinalis
1143 2785 1233 2806 sermo
1253 2777 1392 2805 detinetur
1406 2784 1456 2811 per
1471 2783 1554 2812 opera
1579 2782 1634 2803 non
1652 2775 1755 2803 oblite-

967 2827 1079 2854 randus.

1005 2871 1087 2899 Vens.
1109 2871 1153 2898 15.
1174 2869 1248 2898 Sicut
1264 2869 1351 2896 exitus
1369 2869 1436 2896 nivis
1456 2868 1483 2895 in
1498 2875 1581 2894 mene
1596 2874 1642 2901 per
1660 2869 1754 2892 (cetum

969 2919 1090 2956 prodest,
1116 2919 1155 2947 sic
1170 2918 1279 2946 nuntius
1296 2917 1383 2952 ﬁdelis
1409 2916 1443 2944 iis
1467 2915 1511 2951 qui
1527 2915 1656 2942 miserunt
1672 2919 1730 2940 eum
1743 2919 1753 2939 .-
