2072 3161
348 193 416 224 H75

1007 190 1182 221 PROCOPII
1201 191 1321 222 GAZ/EI
1372 216 1373 219 η

1899 193 1965 225 14ῖὸ

345 250 448 278 animas
461 249 529 276 enini
549 256 639 276 eorum
656 248 700 284 qui
724 255 754 276 eo
766 252 879 275 utuntur
887 248 975 282 juvat.
991 247 1126 281 Quemad-

1180 249 1274 276 αὐτόν
1284 257 1290 264 ·
1307 248 1410 284 ψυχὰς
1422 249 1476 285 γὰρ
1488 249 1548 277 τῶν
1562 248 1722 284 χρωμένων
1738 248 1856 286 (Emeisi.
1876 250 1970 277 Καθά-

345 297 456 324 modum
478 296 593 331 [rigidus
623 295 704 322 ﬂatus
739 296 786 329 qui
821 302 836 322 a
872 296 936 323 nive
963 295 1131 330 liquesccnte

344 343 433 370 oritur
448 342 476 369 iu
503 346 626 376 tempore
643 341 741 369 messis
757 341 846 369 tabem
860 349 894 369 ex
919 342 985 369 solis
1002 342 1130 369 inccndio

343 394 431 415 ortam
453 388 559 422 repellit
572 392 600 414 et
619 387 721 422 spicam
739 387 837 418 nutrit.
853 387 894 415 sic
920 387 968 422 qui
983 388 1130 414 interuers-

344 438 400 460 tam
418 437 510 461 servat
536 433 731 468 prophetarum
749 436 775 460 et
804 433 989 468 apostolorum
1010 433 1129 468 divinam

343 479 498 506 doctrinam
525 478 710 514 (doctrinalis
739 479 854 514 sermo)
873 499 880 511 ,
910 479 1128 507 voluntariorum

342 525 524 554 tentationum
542 525 641 552 ardore
657 529 734 552 ustas
754 525 840 552 relicit
859 525 966 553 animas
982 533 1044 560 qua:
1059 526 1130 553 rcci-

342 570 422 605 piunt
440 571 516 597 illum
529 579 535 602 ;
549 577 652 605 easque
669 569 696 596 iu
710 570 890 603 temperantia
905 574 933 598 et
947 578 1130 606 perseveran-

342 616 378 642 tia
399 616 554 643 constituit.

379 661 460 690 Vsus.
484 662 528 689 14.
549 661 642 689 Nubes
659 667 684 689 et
696 666 786 689 ventus
801 667 827 689 et
842 662 938 696 pluvit?
951 663 1109 690 clarissime
1119 683 1128 695 ,

340 709 379 736 εἰς
392 709 436 743 qui
457 708 588 743 gloriatur
600 716 678 742 super
692 708 762 735 dono
788 708 870 743 falso.
894 708 1128 742 Quemadmodum

342 755 487 789 impetuosi
497 758 638 781 ventorum
645 753 726 782 ﬂatus
737 759 765 782 et
778 759 842 782 atra:
850 754 938 782 nubes
945 758 973 782 et
986 754 1130 783 vehemen-

342 800 454 828 tissimae
468 800 566 835 pluvia;
580 800 709 828 omnibus
723 805 789 827 sunt
803 800 960 833 manifesta,
975 801 1013 827 ita
1033 801 1079 836 qui
1095 800 1129 828 de

341 846 476 874 bonorum
488 846 637 874 collatione
661 846 816 881 gloriantur
836 846 921 879 falsa,
953 846 1127 874 collationem

341 892 415 919 illam
436 892 579 927 publicant
601 892 635 920 ad
656 900 751 920 auram
769 892 929 928 popularem
953 893 1127 927 captandam.

340 936 473 965 Homines
487 937 560 966 enim
571 937 665 965 volunt
676 937 814 973 decipere,
825 942 853 965 et
867 945 922 965 non
939 936 993 965 Deo
1005 937 1124 972 placere.

375 1026 459 1055 Vens.
484 1026 526 1054 I5.
548 1025 581 1054 In
605 1026 808 1063 longanimitate
836 1027 1001 1062 prosperitas
1025 1034 1126 1062 regum,

337 1072 431 1107 lingua
442 1077 532 1099 autem
556 1072 646 1099 molli:
657 1073 770 1099 conterit
783 1080 857 1099 assa.
875 1071 902 1099 In
917 1072 1046 1107 patientia
1062 1079 1127 1107 pro-

339 1121 486 1152 sperantur
501 1117 547 1152 qui
569 1117 700 1152 populum
719 1121 825 1151 regunt.
847 1115 900 1144 Per
920 1117 994 1144 illam
1013 1116 1067 1144 sibi
1080 1124 1128 1144 ac-

338 1163 452 1198 quirunt
471 1163 660 1198 subjectorum
673 1162 903 1190 benevolentiam.
920 1161 1042 1189 Prolatio
1054 1162 1126 1189 enim

339 1211 486 1237 verborum
503 1209 592 1236 dulcis
610 1208 679 1237 dura
695 1215 769 1241 ossa,
786 1212 813 1235 et
824 1215 935 1236 severas
955 1208 1054 1235 anima:
1067 1207 1126 1235 dis-

339 1255 490 1289 positiones
507 1253 655 1282 demulcet.

373 1341 457 1370 Vsus.
478 1341 585 1369 16.Mel
600 1341 723 1368 invenisti
734 1341 747 1368 7
761 1341 866 1369 comede
877 1341 946 1376 quod
958 1342 1052 1376 stt/ﬁcit
1068 1341 1126 1375 tibi,

338 1395 371 1416 ne
393 1387 463 1422 forte
490 1388 606 1414 satiatus
631 1396 735 1415 evomat
761 1387 840 1414 illud.
871 1387 917 1415 Dei
940 1387 1128 1423 cognitionem

337 1435 412 1462 velut
424 1434 476 1461 mel
490 1433 681 1461 dulcissimum
697 1433 826 1461 invenisti
843 1433 871 1460 in
881 1433 999 1468 eloquiis
1028 1433 1129 1460 divini-

338 1483 384 1506 tus
402 1478 546 1513 inspiratis
562 1487 568 1505 :
587 1477 639 1505 hac
653 1477 744 1506 fruere
760 1477 911 1506 secundum
931 1477 1078 1505 terminum
1101 1481 1129 1505 et

337 1532 495 1553 mensuram
511 1524 642 1560 potentite
659 1524 708 1552 tibi
725 1524 884 1552 inlimrentis
899 1532 906 1551 :
935 1531 970 1551 ne
994 1523 1128 1551 immode-

1181 303 1235 331 περ
1251 295 1305 322 ἀπὸ
1318 296 1476 331 τηκομένης
1487 296 1587 331 χιόνος,
1598 295 1686 331 ψύχον
1698 295 1878 331 ἐξερχόμενον
1890 296 1971 323 πνεῦ-

1182 348 1237 375 μα,
1251 340 1298 367 καὶ
1312 341 1341 366 ὲν
1356 339 1444 376 καιρῷ
1457 341 1555 376 θέρους
1575 340 1799 376 ἀποκρουόμενον
1815 341 1860 367 τὸν
1877 340 1910 367 ἐκ
1922 341 1971 375 τῆς

1179 385 1297 421 ἡλιακῆς
1312 386 1476 420 φλογώσεως
1495 386 1639 422 μαρασμὸν
1652 386 1748 421 τρέφει
1773 386 1818 413 τὸν
1839 386 1971 421 ἄσταχυν,

1180 431 1251 458 οὕτω
1267 431 1313 458 καὶ
1327 432 1341 458 ὸ
1357 431 1586 458 ἀνεπιϐούλευτον
1598 431 1690 466 τηρῶν
1705 431 1735 457 τὸ
1751 431 1805 457 τῶν
1822 431 1972 466 προφητῶν

1181 477 1226 504 καὶ
1240 477 1399 504 ἀποστόλων
1412 477 1484 504 θεῖον
1497 477 1684 512 παράγγελμα
1701 476 1913 512 [διδασκαλικὸς
1930 477 1973 503 λόο

1180 523 1252 560 10;],
1265 524 1315 555 τὰς
1325 523 1494 559 φλεγομένας
1503 523 1542 558 τῷ
1557 523 1679 549 καύσωνι
1693 523 1747 550 τῶν
1763 523 1897 550 ἑκουσίων
1913 531 1972 549 πει-

1181 570 1293 606 ρασμῶν
1308 569 1398 604 ψυχὰς
1408 589 1416 601 ,
1432 568 1636 604 ὑποδεχο’μένας
1649 569 1732 596 αὐτὸν
1744 569 1896 595 ἀνακτᾶται
1907 577 1914 584 ·
1930 570 1972 601 εἰς

1179 616 1342 652 ἐγκράτειαν
1361 615 1409 643 καὶ
1426 615 1566 650 ὑπομονὴν
1579 614 1714 650 στηρίζων
1733 615 1828 646 αὑτάς.

1216 661 1255 688 ιδ’.
1270 662 1384 694 Ὠσπερ
1393 660 1496 694 ἄνεμοι
1511 660 1560 687 καί
1575 659 1650 694 νέφη
1666 659 1716 687 καὶ
1729 659 1809 687 ὑετοὶ
1828 660 1973 694 ἐπιφανέ-

1179 711 1295 736 στατοι,
1313 704 1408 737 οὕτως
1423 705 1450 731 οι
1466 704 1652 738 καυχώμενοι
1673 704 1723 730 ἐπὶ
1746 704 1830 731 δόσει
1851 705 1972 738 ψευδεῖ.

1180 751 1314 786 Καθάπερ
1332 751 1449 786 σφοδραὶ
1463 750 1574 786 ἀνέμων
1588 750 1680 783 πνοαὶ,
1695 750 1742 777 καὶ
1760 750 1828 786 νέφη
1847 751 1973 786 ζοφώδη,

1180 798 1228 824 καὶ
1244 797 1317 824 ὑετοὶ
1340 796 1541 832 ραγδαιότατοι,
1557 795 1612 822 εἰσὶ
1633 796 1690 827 τοῖς
1714 796 1781 822 πᾶσι
1805 795 1950 830 κατάδηλα
1963 804 1970 810 ·

1178 842 1250 869 οὕτω
1265 842 1314 869 καὶ
1338 843 1364 869 οί
1387 841 1624 878 μεγαλαυχοῦντες
1638 842 1685 868 ἐπὶ
1701 841 1844 876 μεταδόσει
1859 843 1974 877 χρημά-

1179 897 1233 916 των
1249 887 1288 925 μὴ
1301 887 1450 924 γινομένη,
1463 887 1507 914 διὰ
1524 887 1574 922 τὴν
1588 886 1658 923 πρὸς
1677 886 1840 923 ἀνθρώπους
1857 888 1973 923 συμπά-

1143 922 1165 950 B
1179 922 1256 962 θειαν
1273 922 1324 970 τὴν
1345 922 1489 970 μετάδοσιν
1505 933 1608 967 ταύτην
1625 922 1852 968 δημοσιεύουσιν-·
1865 933 1975 969 ἀνθρώ-

1178 989 1246 1012 πους
1265 980 1384 1015 ἀπατᾷν,
1405 980 1453 1006 καὶ
1472 979 1504 1006 οὺ
1523 978 1583 1014 Θεῷ
1602 979 1732 1014 ἀρέσκειν
1752 979 1922 1014 βουλόμενοι.

1212 1029 1253 1054 ιε’.
1272 1026 1323 1053 Ἐν
1335 1025 1525 1061 μακροθυμίᾳ
1552 1024 1654 1052 abacta
1668 1024 1850 1056 ,βασιλεῦσι-
1870 1025 1974 1060 γλῶσ-

1177 1078 1217 1098 σα
1234 1071 1268 1098 δὲ
1280 1070 1406 1106 μαλακὴ
1440 1070 1592 1104 συντρίϐει
1606 1070 1691 1098 ὀστᾶ.
1710 1069 1754 1096 Ἐν
1767 1071 1929 1107 ἀνεξικακίᾳ.
1947 1073 1972 1099 ot

1176 1118 1242 1145 λαοῦ
1269 1117 1492 1153 ήγεμονεύοντες,
1509 1116 1682 1144 εύοδοῠνταιο
1705 1116 1749 1144 διὰ
1772 1117 1875 1153 ταύτης
1903 1118 1972 1152 πρὸς

1177 1166 1290 1197 ἑαυτοὺς
1304 1165 1353 1201 τὴν
1367 1165 1416 1192 τοῦ
1431 1165 1552 1200 ὑπηκόου
1569 1164 1675 1192 εὖνοιαν
1688 1165 1892 1200 ἑπισταίιμενοι·
1905 1174 1971 1201 προ-

1177 1212 1250 1248 φορά
1265 1212 1320 1247 γὰρ
1333 1212 1420 1246 λόγων
1435 1213 1537 1247 πραεῖα
1547 1232 1555 1244 ,
1574 1211 1782 1246 καταμαλάττει
1804 1212 1852 1238 καὶ
1872 1211 1922 1243 τὰς
1937 1211 1972 1237 δί-

1177 1266 1230 1293 κην
1248 1258 1334 1285 ὀστῶν
1354 1258 1476 1294 σκληρὰς
1495 1257 1543 1285 καὶ
1562 1257 1723 1289 ἀντιτύπους
1737 1257 1790 1284 τῶν
1802 1257 1897 1293 ψυχῶν
1911 1258 1969 1284 διει-

1178 1303 1279 1336 Θέσεις.
1403 1296 1407 1299 Δ

1214 1348 1262 1382 ις’.
1283 1349 1358 1376 Μέλι
1368 1349 1475 1383 εὑρὼν.
1487 1348 1564 1384 φάγε
1578 1348 1611 1376 τὸ
1626 1349 1733 1376 ἱκανόν
1742 1356 1749 1363 ·
1763 1347 1884 1383 μήποτε
1897 1349 1970 1381 πλη-

1178 1395 1273 1428 σθεὶς,
1288 1395 1445 1430 ἐξεμέσῃς.
1466 1395 1522 1430 Τῆς
1540 1396 1568 1422 ὲν
1581 1396 1637 1426 τοῖς
1651 1394 1841 1426 θεοπνευστοις
1857 1394 1969 1427 λογίοις,

1178 1440 1257 1475 δίκην
1270 1440 1378 1473 μέλιτος
1393 1441 1528 1476 ήδυτάτης
1543 1440 1710 1475 θεογνωσίας
1725 1439 1875 1474 ἐπιτυχὼν,
1885 1439 1970 1474 μετά-

1179 1485 1245 1512 λαϐε
1259 1485 1360 1521 ταύτης
1378 1485 1450 1513 κατὰ
1464 1486 1510 1512 τον
1524 1486 1588 1521 ὅρον
1602 1486 1650 1512 καὶ
1664 1485 1694 1511 τὸ
1713 1484 1811 1520 μέτρον
1829 1485 1880 1519 τῆς
1899 1484 1972 1510 ἐνού-

1181 1541 1230 1567 σης
1243 1541 1285 1558 σοι
1303 1531 1460 1566 δυνάμεως·
1474 1533 1549 1564 ὅπως
1566 1532 1603 1567 μὴ
1618 1531 1739 1563 σπεύσας
1751 1531 1878 1566 ἀμέτρως
1890 1531 1971 1565 Epeo-

338 1575 397 1597 rate
426 1577 458 1597 ea
486 1570 595 1605 impleri
621 1569 783 1602 festinans,
816 1570 959 1597 veritatem
990 1570 1126 1604 repellas,

1181 1577 1296 1613 ρηθῆναι
1311 1577 1396 1613 αὐτῆς
1406 1598 1413 1610 ,
1429 1577 1460 1604 τὸ
1473 1577 1571 1612 ἀληθὲς
1588 1577 1751 1607 ἀποῆαλεῖς·
1775 1576 1869 1612 γνώσῃ
1892 1584 1970 1610 περι-

337 1615 454 1644 scientia
471 1615 705 1651 comprehendere
722 1615 1000 1651 incomprehensibile
1015 1620 1125 1651 putans:

338 1663 492 1698 speculatio
524 1662 664 1690 etl‘raenata
695 1670 825 1698 magnum
861 1663 960 1690 anima:
995 1662 1126 1690 damnum

338 1709 452 1743 profert.

374 1753 458 1781 Vens.
479 1754 523 1781 l7.
542 1753 642 1781 Rarum
656 1754 779 1782 introduc
793 1753 884 1789 pedem
907 1760 981 1781 tuum
1005 1754 1040 1781 ad
1058 1754 1127 1781 ami-

337 1807 397 1826 cum
414 1807 424 1826 :
442 1808 473 1827 ne
498 1800 566 1834 forte
579 1800 693 1827 satiatus
708 1800 793 1828 oderit
824 1805 858 1830 te.
875 1799 974 1827 Parum
998 1806 1065 1827 cura
1094 1800 1128 1827 de

338 1852 456 1880 corpore
487 1850 599 1882 propter
627 1845 757 1873 unionem
778 1850 881 1879 amato,
907 1846 968 1874 sola
999 1845 1038 1873 illl
1058 1852 1128 1881 prae-

341 1895 421 1918 stans
437 1891 470 1918 ad
487 1891 718 1919 sustentationem
735 1892 891 1920 necessaria
905 1912 913 1925 ,
937 1899 972 1920 ne
999 1892 1127 1924 satiatus,

339 1936 363 1963 si
383 1936 421 1963 illi
434 1935 570 1972 superﬂua
586 1937 749 1972 praestiteris
764 1958 772 1971 ,
799 1945 850 1974 pro
864 1937 1028 1973 coadjutore
1043 1937 1080 1965 sit
1092 1937 1127 1965 ti-

339 1982 366 2010 bi
379 1982 506 2011 inimicus
528 1990 576 2018 per
597 1983 742 2018 passiones
765 1984 915 2020 voluptatis
931 1987 959 2012 et
974 1983 1091 2012 doloris.

373 2116 457 2145 Vuns.
476 2117 520 2144 18.
540 2116 667 2144 loculum
692 2122 717 2145 et
740 2118 847 2154 gladius
872 2123 898 2146 ct
920 2119 1020 2154 sagitta
1033 2122 1126 2152 acuta,

336 2164 376 2190 ita
392 2163 468 2190 homo
480 2163 524 2198 qui
538 2163 656 2198 loquitur
669 2169 761 2191 contra
773 2164 923 2199 proximum
937 2172 1014 2191 suum
1026 2163 1127 2198 falsum

337 2209 528 2236 testimonium.
546 2208 599 2241 Qui
617 2209 715 2236 falsam
743 2210 948 2237 accusationem
968 2209 1075 2237 inducit
1100 2209 1126 2237 ei

1178 1621 1270 1649 λαϐεῖν
1284 1623 1409 1658 οἰόμενος
1429 1623 1458 1649 τὸ
1473 1622 1674 1658 ἀπερίληπτον·
1691 1623 1793 1658 θεωρία
1808 1623 1863 1657 γὰρ
1877 1621 1968 1658 ἀχαλί-

1177 1676 1271 1700 νωτος,
1292 1667 1414 1703 μεγάλην
1434 1667 1537 1703 βλάϐην
1555 1669 1588 1703 τῇ
1607 1668 1680 1704 ψυχῇ
1701 1668 1837 1704 προξενεῖ.

1213 1754 1256 1787 ιζ’.
1277 1754 1410 1782 Σπάνιον
1421 1755 1526 1790 εἴσαγε
1543 1755 1602 1783 σὺν
1617 1755 1695 1782 πόδα
1715 1756 1791 1789 πρὸς
1811 1756 1864 1783 τὸν
1893 1765 1967 1783 σαυ-

1177 1801 1231 1828 τοῦ
1253 1802 1363 1836 φίλον·
1385 1801 1501 1836 μήποτε
1523 1802 1672 1836 πλησθείς
1695 1810 1764 1834 σου,
1779 1802 1898 1837 μισήσῃ
1921 1811 1966 1830 σε.

1183 1845 1276 1881 Ὀλίγα
1298 1846 1426 1882 φρόντιζε
1452 1847 1500 1874 τοῦ
1523 1847 1570 1874 διὰ
1585 1847 1635 1883 τὴν
1651 1847 1782 1882 συζυγίαν
1805 1848 1966 1883 φιλουμένου

1178 1890 1314 1927 σώματος,
1332 1892 1401 1927 μόνα
1413 1892 1641 1929 περιποιούμενος
1653 1893 1728 1928 αὒτῴ
1740 1894 1775 1921 τά
1786 1894 1854 1929 προς
1870 1894 1967 1920 σύστα-

1177 1945 1221 1964 σιν
1239 1937 1322 1964 αὐτοῦ
1340 1938 1491 1973 ἀναγκαία·
1508 1938 1583 1971 ὅπως
1601 1939 1639 1974 μὴ
1656 1939 1788 1974 κορεσθέν
1803 1948 1862 1971 σου,
1875 1940 1909 1966 τὰ
1922 1948 1968 1966 πε-

1178 1982 1257 2018 ριττά
1272 1984 1320 2009 καὶ
1336 1982 1406 2018 ὑπὲρ
1421 1983 1471 2019 τὴν
1488 1984 1583 2019 χρείαν
1602 1984 1786 2020 χορηγοῦντος
1800 1985 1890 2020 αὐτῷ,
1907 1987 1969 2013 ἀντὶ

1177 2027 1312 2063 συνεργοῦ
1332 2028 1462 2063 πολέμιόν
1485 2037 1527 2055 σοι
1549 2030 1606 2061 τοῖς
1627 2029 1690 2056 καθ’
1701 2029 1796 2065 ἡδονὴν
1808 2030 1856 2056 καὶ
1873 2030 1969 2065 ὀδύνην

1176 2075 1320 2109 γενήσεται
1339 2074 1466 2102 πάθεσιν.

1213 2123 1258 2155 ιη’.
1276 2119 1427 2147 Ῥόπαλον
1439 2120 1488 2147 καὶ
1500 2120 1634 2155 μάχαιρα
1649 2121 1699 2148 καί
1717 2122 1847 2158 τόξευμα
1861 2123 1968 2149 ducitu-

1175 2164 1239 2196 τὸν,
1252 2164 1345 2197 οὕτως
1362 2165 1412 2192 καὶ
1431 2165 1509 2200 ἀνὴρ
1526 2167 1542 2192 ὁ
1565 2166 1798 2201 καταμαρτυρῶν
1810 2167 1864 2194 τοῦ
1877 2168 1968 2201 φίλου

1176 2209 1270 2237 αὐτοῦ
1290 2211 1458 2245 μαρτυρίαν
1484 2211 1594 2246 ψευδῆ.
1613 2213 1642 2238 '0
1660 2212 1825 2248 προσάπτων
1847 2213 1887 2248 τῷ
1903 2215 1967 2249 ὀμο-

337 2254 384 2289 qui
401 2254 524 2290 ejusdem
551 2258 657 2282 natura
672 2262 704 2282 ac
729 2254 791 2283 ﬁdei
823 2259 877 2288 est,
895 2256 968 2283 sicut
986 2255 1124 2291 quoddam

1178 2256 1242 2290 φυεῖ
1266 2255 1313 2282 καὶ
1336 2255 1477 2291 ὁμοπίστῳ
1501 2256 1585 2283 αὑτοῦ
1600 2256 1690 2283 αἰτίαν
1704 2256 1804 2292 ψευδῆ,
1821 2257 1860 2288 ὦς
1875 2266 1901 2284 τι
1920 2258 1968 2292 μὲν

334 2300 479 2335 jaculum,
511 2300 631 2327 animam
651 2301 712 2335 ejus
741 2300 805 2328 ferit
829 2301 935 2329 doloris
963 2301 1015 2336 ipsi
1041 2307 1124 2328 causa

337 2346 469 2379 cﬂ'ectus,
488 2346 567 2381 quasi
600 2346 708 2381 gladius
733 2354 851 2382 pugnaui
874 2347 1015 2380 suscitat,
1031 2346 1125 2374 inimi-

336 2392 417 2420 citias
431 2392 556 2420 excitans
576 2391 646 2420 inter
669 2394 790 2428 seipsum
816 2397 843 2420 et
860 2393 938 2420 illum
955 2412 963 2426 ,
984 2396 1011 2419 et
1045 2392 1124 2427 quasi

336 2439 435 2474 sagitta
456 2446 470 2466 a
485 2446 514 2467 se
535 2439 615 2474 longe
633 2439 738 2466 emittit
772 2439 942 2471 convicium,
967 2438 1124 2473 proximum

338 2484 438 2512 lwdens
454 2504 462 2518 ,
478 2485 558 2520 quasi
568 2484 623 2512 telo
635 2484 808 2512 acutissimo.

372 2572 456 2601 Vens.
480 2573 521 2602 l9.
545 2572 590 2600 Via
611 2573 676 2600 mali
700 2577 726 2599 et
751 2579 795 2604 pes
813 2571 897 2606 iniqui
908 2571 1002 2606 peribit
1032 2571 1062 2597 in
1081 2571 1124 2597 die

336 2618 418 2645 mala.
449 2619 534 2646 Prava
561 2619 691 2654 cogitatio
719 2618 767 2654 qui
804 2618 904 2645 malmn
923 2617 1018 2652 eligit,
1053 2616 1124 2644 ratio

336 2664 436 2700 agendi
459 2664 520 2700 ejus
545 2665 592 2700 qui
618 2664 747 2692 mandata
777 2663 870 2691 divina
899 2662 1123 2698 transgreditur,

336 2710 465 2746 peribunt
491 2710 520 2737 in
535 2715 657 2746 tempore
681 2710 805 2738 ultionis.
832 2708 926 2744 Neque
946 2709 991 2736 ille
1006 2709 1034 2735 in
1055 2713 1125 2736 tem-

337 2763 403 2792 pore
423 2757 554 2791 praasenti
579 2756 750 2792 probabitur,
784 2763 874 2791 neque
901 2753 1124 2782 remunerabitur

337 2803 365 2830 in
381 2801 484 2830 futuro.

372 2847 453 2876 Vsus.
472 2849 515 2875 20.
536 2848 763 2881 Quemadmodum
782 2851 890 2876 acetum'
903 2848 1003 2876 vulneri
1019 2847 1122 2879 inutile,

337 2893 375 2921 sic
388 2893 509 2924 accident
523 2894 613 2929 passio
637 2894 665 2921 in
678 2902 785 2930 corpore
807 2902 852 2921 cor
874 2895 1026 2921 contristat.
1045 2893 1123 2920 Sicut

1176 2301 1304 2337 ῥόπαλον,
1317 2302 1366 2337 τὴν
1379 2302 1474 2329 τούτου
1485 2302 1597 2338 πλήττει
1609 2302 1710 2338 ψυχὴν,
1721 2303 1810 2339 λύπης
1822 2304 1968 2339 παραίτιος

1174 2348 1262 2384 ταύτῃ
1278 2348 1436 2383 γινόμενος”
1455 2347 1492 2380 ὡς
1507 2348 1537 2374 δέ
1554 2356 1596 2379 τις
1618 2348 1749 2383 μάχαιρα,
1767 2349 1859 2383 μάχην
1874 2348 1948 2383 αἴρει
1959 2356 1966 2363 ⁸

1175 2391 1274 2427 ἔχθραν
1287 2391 1402 2428 ἐγείρων
1416 2392 1499 2428 μέσον
1512 2392 1617 2419 ἐκείνου
1633 2393 1681 2419 καὶ
1696 2392 1796 2419 ἑαυτοῦ
1808 2401 1816 2408 ·
1831 2394 1881 2420 καὶ
1895 2393 1933 2425 ὡς
1945 2403 1966 2419 τι

1174 2437 1252 2470 τόξον
1275 2438 1417 2474 πόρρωθεν
1442 2439 1503 2465 κατ’
1517 2438 1600 2465 αὑτοῦ
1625 2439 1675 2474 τὴν
1696 2438 1833 2474 λοιδορίαν
1859 2440 1965 2474 ἀφίησι,

1174 2483 1335 2518 τιτρώσκων
1347 2483 1392 2510 διὰ
1404 2484 1508 2519 ταύτης
1521 2483 1611 2516 αὑτὸν,
1624 2483 1661 2516 ὡς
1673 2484 1717 2510 διὰ
1728 2484 1822 2519 βέλους
1836 2484 1966 2516 ὀξυτάτου

1174 2526 1256 2558 τινός.

1211 2572 1254 2600 ιϐ’.
1274 2573 1355 2606 Ὁδὸς
1374 2573 1479 2604 κακοῦ,
1494 2574 1544 2600 καί
1565 2574 1644 2608 ποὺς
1662 2577 1838 2610 παραγ-[μου
1857 2576 1964 2602 ὀλεῖται

1174 2619 1209 2645 ἐν
1221 2619 1317 2654 ἡμέρᾳ
1335 2619 1427 2653 κακῇ.
1445 2620 1474 2646 '0
1484 2620 1601 2655 πονηρὸς
1614 2620 1742 2656 λογισμὸς
1757 2621 1804 2647 τοῦ
1821 2622 1909 2648 κακοῦ
1921 2622 1965 2656 τὴν

1174 2665 1345 2700 προαίρεσιν,
1363 2665 1411 2692 καὶ
1423 2666 1440 2701 ἡ
1458 2665 1557 2701 πρᾶξις
1571 2666 1618 2692 τοῦ
1633 2667 1686 2693 τῶν
1701 2667 1780 2693 Θείων
1794 2668 1963 2700 παραϐάται,

1174 2711 1418 2746 ὀλοθρευθήσονται
1443 2713 1471 2738 ὲν
1486 2711 1575 2747 καιρῷ
1593 2713 1746 2748 τιμωρίας’
1762 2713 1818 2739 είτε
1835 2703 1964 2748 καθαρτι-

1174 2757 1227 2792 κῆς
1250 2757 1321 2784 κατά
1339 2757 1370 2784 τδ
1389 2757 1475 2793 παρὸν
1489 2778 1496 2790 ,
1518 2758 1572 2784 εἴτε
1602 2759 1815 2793 ἀνταποδοτικῆς
1840 2759 1915 2786 κατὰ
1939 2758 1963 2785 τὸ

1176 2803 1284 2837 μέλλον.

1210 2851 1245 2874 κ’.
1259 2848 1374 2882 Ὥσπερ
1388 2848 1459 2881 ὄξος
1469 2847 1552 2875 ἕλκει
1565 2848 1754 2883 ἀσύμφορον,
1765 2849 1862 2882 οὕτως
1878 2856 1963 2883 προσ-

1175 2891 1274 2919 πεσὸν
1290 2892 1386 2926 πάθος
1396 2893 1431 2920 ἐν
1444 2892 1559 2928 σώματι
1575 2894 1701 2928 καρδίαν
1711 2894 1812 2921 λυπεῖ.
1834 2894 1962 2927 Καθάπερ
