2072 3161
190 204 258 236 1477

720 203 989 235 COMMENTARII
1005 202 1047 233 IN
1062 202 1292 233 PROVERBIA.

1755 202 1824 234 1478

188 263 248 294 ὅξος
257 261 422 298 δριμύτατον
432 261 588 293 ἀλυσιτελὲς
604 260 642 297 τῷ
657 262 807 298 ήλκωμένῳ
823 262 899 297 μέλει
911 260 980 287 καθ-

1036 265 1137 286 acctum
1156 259 1322 287 acerrimum
1339 258 1437 286 imuile
1454 261 1496 285 est
1519 257 1642 285 membro
1667 257 1824 292 vulnerato,

188 309 300 345 έστηκε,
319 308 417 336 δάκνον
431 308 506 339 αὐτὸ,
515 307 594 334 οὕτω
609 307 708 342 καὶτῷ
721 307 771 343 τῆς
784 307 885 342 σαρκὸς
900 307 983 333 ἀσθε-

189 356 240 388 νεῖ,
256 354 383 386 ἀκούσιος
395 353 553 389 ἐπισυμῆὰς
563 352 728 390 πειρασμὸς,
742 353 805 388 ἀνιᾷ
819 352 864 380 διὰ
873 352 903 379 τὸ
916 360 984 388 συγ-

189 400 267 435 γενὲς
282 400 332 435 τὴν
346 399 447 435 ψυχήν.

226 446 339 479 Ὥσπερ
353 445 415 478 σὴς
429 444 465 471 ἐν
479 444 583 479 ίματίῳ
595 463 602 475 ,
618 442 668 471 καί
683 443 807 477 σκώληξ
825 443 917 477 ξύλῳ,
933 443 984 470 οὔ-

189 499 247 523 τως
269 491 353 524 λύπη
369 490 479 524 ἀνδρὸς
490 489 622 522 βλάπτει
636 488 770 523 καρδίαν.
791 488 925 523 Καθάπερ
937 488 984 515 λυ-

192 537 332 572 μαίνονται
350 537 399 570 σὴς
418 535 468 571 μὲν
485 535 586 570 ίματίῳ
598 555 605 567 ,
624 534 734 569 σκώληξ
748 534 775 561 δὲ
789 534 860 569 ξύλῳ
872 554 879 566 ,
897 534 984 566 οὕτως

190 584 207 618 ή
224 583 300 618 παρὰ
311 582 458 618 ἀνθρώπου
470 581 543 613 τινὸς
558 581 643 616 λύπη,
657 579 696 615 τῷ
707 579 776 615 πρὸς
787 579 882 606 τοῦτον
899 579 982 615 μίσει,

190 628 239 664 τὴν
259 627 429 663 ὲτοιμοπαθῆ
448 626 639 654 καταϐλάπτει
658 625 759 661 ψυχήν.

225 676 280 705 καί,
291 672 344 708 κβ¹.
363 673 434 700 Ἐὰν
443 671 531 706 πεινᾷ
540 673 557 699 ό
564 671 671 706 ἐχθρός
681 679 750 703 σου,
760 670 869 706 ψώμιᾷ
878 670 982 697 αὐτόν·

190 719 244 747 ἐὰν
257 718 348 754 διψᾷ,
366 719 464 749 πότιζε
481 720 576 746 αὐτόν
588 727 595 734 ·
619 718 709 745 τοῦτο
727 718 782 753 γὰρ
805 717 910 748 ποιῶν.
930 717 984 744 ἇν-

191 768 302 800 θρακας
311 766 407 800 πυρὸς
420 766 583 799 σωρεύσεις
595 763 644 790 ἐπὶ
656 763 714 798 τὴν
725 763 863 798 κεφαλὴν
872 763 964 791 αὑτοῦ
974 771 982 778 ⁸

191 814 208 839 ὀ
219 811 253 838 δὲ
263 813 370 847 Κύριος
381 811 590 839 ἁνταποδὼσει
603 819 653 838 σοι
664 810 770 845 ἀγαθά.
788 810 851 837 Ἐάν
865 811 879 836 ὁ
895 809 983 844 μισῶν

192 867 234 890 σε,
245 858 349 894 τροφῆς
372 859 421 885 καὶ
439 858 563 894 πόματός
578 858 653 884 ἐστιν
667 856 758 892 ἐνδεὴς
768 876 776 889 ,
793 856 876 892 τρέφε
889 853 984 882 τοῦτον

192 906 239 932 καὶ
263 904 376 936 πότιζε·
394 903 466 931 οὕτω
491 904 544 939 γὰρ
569 902 722 939 εὐεργετῶν
745 902 840 935 nam,
859 901 984 935 συνάξεις

1034 305 1091 334 ἰηῑο
1107 304 1174 333 illud
1191 305 1297 340 pungit;
1313 305 1354 333 sic
1369 304 1522 332 infirmitati
1533 304 1627 331 carnis
1640 304 1824 332 involuntaria

1035 352 1151 379 tentatio
1167 351 1316 379 adveniens
1331 351 1458 378 molestia
1476 350 1561 377 allicit
1574 350 1694 377 animam
1706 349 1747 383 ,ob
1762 350 1824 385 ejus

1034 405 1097 424 cum
1116 405 1233 432 corpore
1246 396 1416 424 afﬁnitatem.

1071 442 1146 470 Sicut
1158 444 1228 470 tinea
1250 443 1413 472 vestimento.
1432 446 1455 468 et
1470 441 1565 468 vermis
1597 441 1686 477 ligno;
1713 441 1751 469 ita
1777 441 1825 468 tri-

1034 489 1110 516 stitia
1124 489 1172 515 viri
1189 493 1261 516 nocet
1282 488 1366 515 cordi.
1393 487 1627 520 Quemadmodum
1648 488 1720 515 tinea
1750 488 1824 516 lmdit

1035 535 1231 562 vestimentum
1252 538 1280 562 et
1310 533 1412 562 vermis
1440 534 1542 568 lignum
1560 553 1568 565 ,
1597 534 1634 560 ita
1653 534 1764 561 tristitia
1791 533 1825 561 ab

1035 580 1158 612 homine.
1176 580 1212 608 ob
1231 580 1300 607 iram
1316 584 1413 607 contra
1431 580 1521 615 ipsum
1537 580 1634 607 anima:
1649 584 1739 607 nocet.

1071 668 1153 697 Vsus.
1173 669 1204 696 21
1221 690 1228 702 ,
1242 668 1287 695 22.
1315 667 1346 695 Si
1359 668 1481 694 esurierit
1514 667 1637 694 inimicm
1665 672 1745 700 tuus,
1766 667 1825 694 ciba

1034 716 1111 743 illum
1122 723 1131 742 :
1143 716 1166 742 si
1179 715 1288 745 sitiet-il,
1302 715 1338 740 da
1354 714 1396 740 illi
1407 722 1504 748 aquam
1516 713 1610 741 bibere.
1630 713 1686 740 me
1699 713 1768 740 enim
1781 714 1824 747 [a-

1035 763 1126 792 ciens,
1150 769 1248 796 prunas
1276 760 1446 795 congregnbis
1478 767 1556 794 super
1583 765 1662 794 caput
1695 760 1768 794 ejus,
1799 765 1824 786 et

1037 808 1165 836 Dominus
1190 807 1278 834 reddet
1295 807 1341 832 tibi
1357 806 1434 832 bona.
1465 804 1492 832 Si
1516 806 1645 832 inimicus
1656 810 1670 824 δ
1682 809 1746 832 tuus
1762 804 1825 831 t'ilvo

1036 854 1077 880 vel
1097 858 1162 888 potu
1180 853 1296 887 indiget,
1315 852 1379 878 ciba
1404 855 1432 878 et
1451 854 1514 887 pota
1533 851 1620 878 illum.
1649 851 1694 877 Sic
1722 851 1825 877 benefi-

1037 899 1109 927 cium
1122 899 1161 927 illi
1176 898 1325 926 confercns
1341 905 1473 933 congercs
1497 898 1526 924 in
1543 901 1661 924 mentem
1689 897 1749 932 ejus
1775 904 1824 923 co-

192 951 238 977 ὲπὶ
250 950 296 977 τὸν
310 950 433 986 ἡγεμόνα
454 949 518 976 νοῦν
530 948 637 981 τούτου,
652 948 831 983 διανοήματα,
845 948 924 983 δίκην
937 948 984 974 άν-

1036 945 1183 981 gitationes
1199 953 1270 980 quin,
1287 944 1359 972 sicut
1384 944 1455 979 ignis
1486 951 1581 979 pruna:
1604 942 1735 970 malitiam
1765 942 1825 976 ejus

193 997 301 1033 θράκων
316 996 401 1031 πυρὸς
413 996 463 1031 τὴν
477 995 577 1022 κακίαν
591 994 747 1029 ἐλέγχοντα,
763 993 810 1020 καὶ
826 992 857 1019 τὸ
871 993 940 1029 πρὸς
955 993 985 1020 σε

194 1045 272 1078 μῖσος
289 1042 372 1070 αὑτοῦ
391 1041 591 1068 κατακαίοντα”
607 1041 621 1067 ὁ
637 1040 666 1066 δὲ
683 1039 740 1065 τῶν
764 1039 833 1066 ὅλων
845 1039 985 1074 Δεσπότης

192 1089 269 1120 Θεὸς,
285 1088 397 1114 άνθότου
413 1087 450 1123 μὴ
471 1085 612 1120 νενίκησαι
626 1084 666 1119 τῷ
679 1084 709 1118 ὲξ
722 1084 858 1119 ἐπηρείας
871 1084 919 1111 τοῦ
932 1085 985 1111 Σα-

191 1134 261 1160 τανᾶ
285 1134 353 1169 πρὸς
377 1133 407 1159 σὲ
432 1133 508 1167 μίσει
534 1131 581 1157 τοῦ
607 1129 735 1164 ἀδελφοῦ,
754 1129 823 1156 ἀλλά
839 1131 986 1166 νενίκηκας

194 1179 294 1215 μᾶλλον
307 1178 373 1205 αὐτὸ
388 1180 421 1214 τῇ
436 1178 529 1213 ἀγαπῇ
544 1178 577 1213 τῇ
599 1177 668 1212 πρὸς
681 1176 775 1208 αὑτὸν,
791 1177 848 1208 τοῖς
865 1175 986 1208 αἰωνίοις

192 1233 223 1251 σε
242 1224 389 1259 ἀμείψεται
409 1223 532 1258 ἀγαθοῖς.

227 1274 281 1304 κγ’.
296 1271 418 1305 Ἄνεμος
432 1269 545 1303 ,βορέας
558 1268 699 1303 έξεγείρει
718 1267 794 1303 νέφη
804 1276 811 1283 ·
823 1269 986 1302 πρόσωπον

192 1316 226 1342 δὲ
242 1315 379 1349 ἀναιδὲς,
395 1313 542 1350 γλῶσσαν
561 1312 737 1348 ἐρεθίζει.Τὺ
752 1313 812 1348 μὲν,
825 1313 904 1348 δίκην
919 1314 985 1341 ἀνέ-

194 1370 245 1396 μου
265 1361 372 1396 βορέου,
403 1360 534 1396 χειμάζον
551 1359 600 1391 τὰς
614 1359 704 1394 ψυχὰς
723 1359 842 1394 πονηρὸν
866 1359 985 1394 πνεῦμα,

193 1407 302 1442 ζοφώδη
317 1407 401 1442 πάθη,
416 1406 454 1438 ὥς
468 1414 528 1432 τινα
543 1405 611 1440 νέφη
623 1424 631 1436 ,
647 1404 786 1440 ἐπεγείρει
799 1404 904 1436 αὑταῖς,
921 1405 987 1432 ταύ-

193 1462 242 1486 τας
258 1453 429 1486 σκοτίζοντα,
445 1452 493 1479 καὶ
510 1452 547 1487 μὴ
562 1451 651 1478 ὲῶντα
674 1452 735 1482 ταῖς
761 1451 852 1477 ἀκτῖσι
875 1451 923 1478 τοῦ
937 1451 987 1487 τῆς

192 1499 465 1534 δικαιοσύνηςἩλίου
483 1497 722 1532 κοιταυγασθῆναι⁹
741 1497 755 1522 ὁ
770 1496 798 1522 δὲ
815 1496 987 1532 χαρακτηρί-

194 1545 249 1578 ξων
270 1546 320 1581 τὴν
343 1544 575 1580 ὲγκεκρυμμένην
591 1544 623 1578 τῇ
644 1542 718 1578 ψυχῇ
735 1542 856 1569 διάθεσιν
871 1542 938 1577 βίος,
952 1543 986 1577 τῇ

193 1592 240 1618 ἐπὶ
253 1592 308 1624 τοῖς
322 1592 445 1626 αἰσχροῖς
458 1588 768 1637 ἔργοις-αἰσχύνῃῂὂλως
785 1587 823 1623 μὴ
835 1589 986 1622 περικαλυ-
1000 1610 1021 1637 C

194 1637 340 1672 πτάμενος,
357 1637 396 1668 εἰς
413 1635 462 1672 τὴν
483 1632 583 1662 ἑαυτοῦ
606 1633 764 1670 παραθήγει
788 1633 916 1669 διαὸολὴν
937 1634 987 1670 τὴν

194 1682 318 1717 γλῶτταν
336 1682 383 1709 τοῦ
402 1682 522 1717 ὁρῶντος
541 1681 634 1707 αὐτόν.

230 1728 279 1755 κδ’.
299 1727 452 1762 Κρεῖσσον
474 1727 569 1754 οικεῖν
591 1726 640 1753 ἐπὶ
665 1727 775 1761 γωνίας
802 1726 946 1761 δώματος,
967 1726 987 1760 ἢ

193 1773 267 1809 μετὰ
282 1773 426 1808 γυναικὸς
438 1773 578 1808 λοιδόρου
602 1773 638 1800 ἐν
658 1774 738 1809 οἰκίᾳ
752 1773 850 1809 κοινῇ.
871 1773 988 1800 Κάλλιον

194 1819 367 1854 ἀσυγκρίτως
383 1820 442 1846 ἐστὶ
456 1819 629 1855 παραμένειν
646 1819 685 1855 τῷ
701 1820 864 1847 συνάπτοντι
885 1819 925 1855 τῷ
948 1819 988 1846 νο¹ι

194 1863 244 1899 τὴν
256 1863 383 1899 αἴσθησιν
399 1864 488 1899 λόγῳ,
503 1864 541 1896 ὡς
558 1864 587 1890 ἐν
605 1873 658 1891 τινι
671 1865 758 1900 γωνίᾳ
772 1865 900 1897 εὐτελοῦς
915 1873 988 1896 τινος

195 1910 390 1945 καταλύματπ
405 1910 453 1936 τοῦ
468 1910 634 1945 φαινομένου
659 1911 774 1946 κόσμου,
793 1911 810 1947 ἢ
835 1911 863 1937 ὲν
877 1911 930 1946 ὅλῳ
947 1910 988 1946 τῷ

194 1956 301 1991 κόσμῳ,
319 1956 348 1987 ὅς
366 1956 424 1982 ἐστι
446 1955 536 1982 κοινὸν
557 1955 731 1990 καταγώγιον
752 1955 798 1982 τοῦ
816 1965 845 1982 τε
860 1956 920 1988 νοὸς
940 1957 988 1983 καὶ

193 2001 242 2036 τῆς
258 2000 428 2036 αἰσθήσεως·
452 1999 498 2027 οἶα
515 2001 778 2036 ὲπαναπαυομένων,
794 2000 841 2027 τοῦ
858 2001 908 2035 μὲν
923 2001 987 2034 νοὸς

194 2049 250 2079 τοῖς
273 2047 364 2081 λόγοις
379 2046 434 2074 τῶν
452 2047 635 2082 φαινομένων,
651 2048 701 2082 τῆς
725 2046 747 2073 δ’
761 2046 914 2082 αἰσθήσεως
931 2047 987 2078 τοῖς

194 2093 292 2125 τύποις
314 2093 370 2120 τῶν
393 2093 546 2129 νοουμένων
572 2093 772 2129 συνδιατρίϐειν
796 2093 842 2120 τὸν
865 2093 928 2120 νοῦν
952 2095 986 2129 τῇ

194 2139 376 2176 διαϐαλλούσῃ
388 2140 433 2166 διὰ
443 2139 493 2174 τῆς
505 2139 612 2175 ἀπάτης
622 2139 676 2166 τῶν
689 2140 859 2175 φαινομένων
870 2140 902 2166 τά
913 2139 987 2167 νοού-

197 2193 265 2219 μενα
279 2185 414 2220 αἰσθήσει,
431 2184 578 2212 κάντεῦθεν
600 2185 656 2217 τοῖς
679 2184 775 2217 τύποις
799 2185 985 2220 ὲναπομένειν,

195 2229 243 2256 καὶ
263 2230 300 2266 μὴ
319 2229 468 2257 διαϐαίνειν
487 2230 556 2265 πρὸς
574 2229 623 2266 τὴν
643 2231 671 2256 ὲν
690 2230 762 2259 ὅλοις
782 2230 920 2265 ἀλήθειαν.

1036 991 1243 1026 redarguentes,
1260 990 1352 1018 odium
1378 990 1439 1024 ejus
1468 989 1493 1016 iu
1523 994 1549 1017 te
1563 993 1735 1017 consument.
1754 988 1825 1016 Deus

1036 1041 1140 1068 autem,
1156 1036 1221 1070 quia
1235 1043 1289 1062 non
1306 1035 1396 1062 victus
1414 1035 1489 1062 fuisti
1510 1035 1574 1062 odio
1600 1034 1694 1061 fratris
1707 1034 1734 1061 in
1751 1040 1776 1061 te
1791 1042 1824 1061 ex

1036 1081 1137 1108 damno
1153 1080 1271 1112 Satanae.
1288 1081 1334 1108 sed
1358 1089 1372 1108 c
1397 1087 1492 1108 contra
1520 1081 1613 1108 odium
1643 1080 1709 1108 illud
1732 1080 1825 1108 chari-

1012 1127 1014 1129 ’
1036 1130 1093 1153 tate
1114 1127 1142 1154 in
1166 1134 1229 1154 eum
1244 1126 1354 1159 vicisti,
1387 1126 1467 1154 bouis
1501 1126 1611 1154 attentis
1643 1130 1671 1153 te
1695 1134 1824 1154 remutte-

1036 1172 1120 1200 rabit.

1074 1259 1155 1288 Vens.
1173 1260 1218 1287 25.
1244 1259 1341 1287 Ventus
1367 1259 1457 1294 aquilo
1479 1259 1592 1286 suscitat
1622 1260 1720 1291 nubes;
1742 1259 1824 1294 facies

1037 1311 1124 1334 autent
1142 1305 1279 1340 impudens
1297 1305 1413 1341 linguam
1440 1305 1540 1331 irritat.
1559 1305 1680 1340 Spiritus
1707 1313 1825 1340 nequam

1037 1352 1083 1388 qui
1101 1352 1173 1379 sicut
1188 1351 1282 1386 aquilo
1297 1355 1459 1385 tempestate
1473 1354 1581 1385 torquet
1599 1350 1721 1382 animas,
1739 1350 1766 1377 in
1784 1352 1825 1378 eis

1037 1399 1118 1434 quasi
1140 1399 1259 1425 nebulas
1291 1397 1392 1425 excitat
1413 1397 1574 1425 tenebrosas
1593 1398 1735 1432 passiones
1763 1396 1826 1424 illas

1037 1448 1206 1473 exoret-antes
1223 1451 1254 1471 ac
1267 1451 1301 1471 ne
1315 1443 1388 1471 Solis
1412 1443 1525 1478 iustitiae
1539 1443 1623 1471 radiis
1641 1443 1827 1470 illuminentur

1037 1491 1233 1526 impedientes.
1251 1489 1311 1517 Vita
1327 1494 1419 1517 autem
1433 1497 1495 1524 qua:
1507 1489 1574 1518 foris
1595 1490 1717 1517 ostendit
1732 1489 1827 1524 dispo-

1038 1537 1164 1563 sitionem
1179 1535 1206 1562 in
1222 1535 1313 1562 anima
1334 1534 1470 1562 occultam
1486 1554 1493 1566 ,
1509 1535 1615 1569 pudore
1644 1534 1678 1562 de
1701 1534 1827 1570 turpibus

1038 1581 1194 1609 actionibus
1209 1589 1264 1609 non
1279 1581 1388 1616 penitus
1399 1580 1539 1614 obvoluta,
1554 1580 1589 1608 ad
1599 1581 1826 1608 calumniandum

1041 1635 1071 1656 se
1087 1628 1189 1655 excitat
1209 1627 1331 1662 linguam
1345 1626 1478 1654 videntis.

1079 1725 1163 1754 Vsus.
1183 1726 1229 1754 24.
1251 1726 1348 1753 Melius
1367 1731 1406 1754 est
1421 1727 1511 1754 sedere
1530 1727 1558 1754 in
1574 1727 1672 1763 angulo
1686 1727 1803 1756 domatis
1818 1750 1827 1763 ,

1038 1781 1118 1808 quam
1136 1781 1195 1800 cum
1213 1773 1323 1800 muliere
1338 1773 1531 1800 contumeliosa
1544 1774 1572 1800 in
1585 1775 1663 1801 domo
1684 1776 1828 1803 communi.

1038 1815 1134 1844 Melius
1147 1821 1189 1845 est
1200 1816 1325 1852 profecto
1339 1825 1402 1845 cum
1417 1818 1523 1845 ratione
1540 1818 1726 1846 sensationem
1744 1819 1829 1846 menti

1038 1863 1216 1898 conjungenti
1234 1870 1395 1898 permanere
1418 1864 1499 1898 quasi
1517 1863 1543 1891 in
1568 1864 1670 1899 angulo
1695 1865 1740 1892 vili
1761 1873 1830 1900 quo-

1038 1908 1101 1935 dam
1124 1908 1226 1944 tugurii
1251 1909 1398 1943 cujusdam
1426 1909 1521 1937 mundi
1546 1910 1685 1943 visibilis,
1702 1918 1783 1946 quant
1802 1911 1830 1938 in

1038 1957 1096 1981 toto
1114 1954 1217 1982 mundo
1234 1974 1242 1987 ,
1262 1955 1310 1990 qui
1346 1958 1389 1982 est
1427 1962 1574 1983 commune
1597 1956 1778 1984 diversorium
1802 1962 1830 1984 et

1038 1998 1139 2026 mentis
1153 2003 1180 2026 et
1207 1999 1374 2027 seusationis
1390 2020 1398 2032 ,
1417 2004 1509 2028 mente
1544 2001 1653 2034 quidem
1674 2001 1828 2029 rationibus

1037 2052 1132 2072 rerum
1153 2045 1327 2080 quiescente,
1345 2046 1508 2074 sensatione
1527 2053 1594 2074 vero
1610 2046 1637 2073 in
1656 2046 1753 2074 formis
1781 2055 1830 2074 co-

1037 2092 1186 2126 gitatorum
1213 2091 1387 2122 immorante.
1405 2096 1524 2119 tuentem
1545 2092 1672 2120 habitare
1686 2100 1750 2120 cum
1764 2101 1828 2121 sett-

1037 2138 1145 2165 satione
1171 2144 1230 2172 qua:
1244 2145 1276 2164 ex
1300 2137 1462 2173 deceptione
1479 2137 1627 2165 visibilium
1642 2139 1760 2174 cogitata
1780 2147 1829 2167 ca-

1037 2184 1190 2211 lumniatur
1217 2188 1245 2211 ct
1274 2183 1335 2211 ideo
1365 2184 1505 2212 immorari
1534 2185 1562 2212 in
1591 2185 1689 2213 formis
1712 2191 1738 2214 et
1774 2195 1829 2215 non

1038 2231 1188 2258 ascendere
1200 2230 1234 2257 ad
1257 2231 1400 2258 veritatem
1415 2231 1442 2258 in
1458 2231 1597 2259 omnibus.

231 2279 280 2303 κε’.
294 2275 409 2310 Ὥσπερ
424 2275 503 2310 ὕδωρ
518 2275 649 2310 ψυχρόν,
662 2275 749 2310 ψυχῇ
760 2275 880 2311 διψώσῃ
895 2283 986 2310 προσ-

1077 2275 1159 2303 Vens.
1179 2275 1226 2303 25,
1250 2276 1325 2303 Sicut
1345 2285 1414 2311 aqua
1444 2277 1543 2312 frigida
1577 2278 1675 2305 anima
1702 2278 1828 2312 sitienti,

194 2321 277 2356 ηνές,
293 2322 387 2354 οὓτως
413 2321 538 2357 ἀγγελία
561 2321 658 2356 ἀγαθὴ
685 2321 719 2348 ἐκ
747 2321 804 2356 γῆς
826 2322 985 2355 μακρόθεν.

195 2367 328 2402 Καθάπερ
345 2366 416 2401 ὕδωρ
437 2366 620 2401 ψυχρώτατον
647 2365 765 2401 ὑπάρχει
791 2365 902 2400 διψῶντι
926 2365 988 2400 ζώῳ

196 2413 365 2448 θελκτήριον,
379 2412 450 2439 οῦτω
467 2412 514 2438 καὶ
533 2412 566 2446 τῇ
590 2411 636 2437 τὸν
653 2411 786 2438 καύσωνα
810 2411 865 2438 τῶν
889 2420 988 2447 πειρα-

196 2458 284 2493 σμῶν,
303 2459 350 2484 καὶ
364 2458 415 2493 τῆς
427 2458 529 2494 ἀρετῆς
542 2458 572 2484 τὸ
583 2458 712 2484 ἐπίπονον
723 2457 856 2490 γενναίως
867 2458 988 2494 φερούσῃ

194 2503 267 2539 ψυχῇ
278 2525 286 2536 ,
301 2504 421 2539 ἡδυτάτη
435 2504 508 2530 ἐστὶν
521 2505 538 2540 ἠ
550 2504 600 2539 τῆς
615 2503 688 2530 κατὰ
700 2503 730 2529 τὸ
745 2503 842 2538 μέλλον
857 2504 988 2539 κληρονο-

197 2549 261 2585 μίας
279 2549 329 2584 τῆς
353 2550 405 2585 γῆς
423 2550 478 2575 τῶν
495 2549 607 2586 πραέων
628 2549 797 2583 ἐπαγγελίαο
824 2550 858 2584 τῇ
883 2549 938 2574 τῶν
959 2550 988 2575 ὲν

195 2595 281 2631 ταύτῃ
306 2597 338 2631 τῇ
353 2597 388 2630 γῇ
403 2595 514 2630 ἀγαθῶν
531 2595 618 2623 ἑλπίδι
634 2594 832 2631 παρακαλοῦσα
847 2595 895 2621 καὶ
919 2595 987 2621 ἁνα-

195 2643 322 2677 κτωμένη
342 2642 391 2677 τὴν
410 2641 539 2677 τοιαύτην
558 2641 656 2677 ψυχήν,

230 2693 287 2722 κε’.
301 2689 414 2722 ’Ὠσπερ
430 2688 458 2715 ει
475 2696 521 2720 τις
537 2687 638 2722 πηγὴν
653 2686 798 2721 φράσσαι,
814 2687 861 2714 καὶ
877 2687 985 2720 ὕδατος

194 2734 302 2768 ἔξοδον
318 2733 508 2768 λυμαίνοιτο,
526 2732 620 2764 οὕτως
637 2731 774 2766 ἄκοσμον
797 2731 914 2758 δίκαιον
931 2739 984 2758 πε-

194 2780 342 2807 πτωκέναι
359 2778 488 2806 ἐνώπιον
504 2777 644 2810 ἀσεϐοῦς.
666 2777 798 2811 Καθάπερ
817 2777 865 2804 ἐάν
879 2785 921 2808 τις
934 2778 984 2812 έμ-

194 2827 310 2862 φράττοι
327 2826 429 2862 πηγὴν,
446 2825 491 2851 καὶ
509 2824 582 2860 ὕδωρ
599 2825 639 2851 ’ὲκ
665 2823 766 2859 ταύτης
790 2823 891 2850 κωλύοι
908 2823 985 2859 ἐξέρ-

196 2873 302 2909 χεσθαι,
316 2873 427 2908 ἀπρεπῆ
439 2871 542 2907 ταύτην
561 2869 727 2906 ἐργάζεται,
741 2870 881 2904 ἀφανίζων
900 2871 935 2897 τὰ
957 2869 985 2903 ἐξ

196 2920 280 2953 αὐτῆς
295 2918 479 2951 ἀναϐλύςοντα
494 2918 663 2945 διειδέστατα
675 2916 794 2952 νάματα·
808 2915 895 2947 οὕτως
910 2916 984 2943 ἐστὶν

1041 2322 1080 2348 sic
1094 2322 1203 2349 nuntius
1223 2321 1306 2350 bonus
1324 2322 1356 2350 tle
1374 2327 1444 2349 terra
1468 2323 1620 2359 longinqua.
1644 2324 1830 2357 Quemadmo-

1041 2369 1105 2395 dum
1122 2376 1191 2404 aqua
1219 2369 1398 2405 frigidissima
1431 2369 1559 2397 illecebra
1578 2371 1688 2398 exsistit
1718 2372 1829 2399 animali

1041 2415 1158 2447 sitienti,
1174 2415 1209 2441 ita
1225 2419 1253 2442 et
1268 2415 1367 2442 animm
1378 2423 1511 2450 generose
1531 2415 1629 2443 ferenti
1645 2418 1828 2444 tentationum

1040 2466 1137 2487 aestum
1159 2464 1186 2487 et
1205 2461 1316 2488 virtutis
1332 2461 1440 2488 labores
1451 2461 1611 2489 dulcissitna
1625 2465 1667 2489 est
1683 2463 1829 2496 promissio

1041 2505 1142 2533 futura;
1157 2506 1324 2533 hereditatis
1337 2506 1363 2533 iu
1382 2509 1454 2532 terra
1467 2509 1683 2533 mansnetorum.
1696 2505 1757 2533 llmc
1771 2514 1830 2541 pro-

1041 2551 1138 2579 missio
1153 2559 1201 2586 spe
1222 2552 1357 2579 bonorum
1387 2552 1469 2587 hujus
1498 2556 1578 2579 terra:
1602 2547 1682 2579 talem
1710 2553 1828 2580 animam

1041 2598 1200 2624 consolatur
1210 2602 1237 2625 et
1263 2599 1363 2625 reiicit.

1076 2687 1158 2715 Vsus.
1175 2686 1221 2714 26.
1246 2687 1321 2715 Sicut
1334 2687 1359 2715 si
1378 2688 1437 2723 quis
1463 2687 1563 2723 fontem
1582 2687 1702 2715 obstruat
1716 2693 1741 2715 et
1755 2697 1830 2722 aqua:

1041 2734 1140 2760 exitum
1155 2733 1312 2768 disperdat:
1328 2734 1366 2760 sic
1385 2734 1505 2761 indecens
1526 2738 1564 2761 est
1579 2733 1683 2768 justum
1706 2734 1831 2760 cecidisse

1040 2788 1130 2807 coram
1154 2781 1245 2814 impio.
1263 2780 1497 2813 Quemadmodum
1514 2781 1536 2808 si
1553 2780 1615 2816 quis
1633 2781 1757 2808 obstruat
1773 2779 1832 2806 fou-

1040 2829 1093 2852 tem
1106 2828 1133 2852 et
1148 2832 1245 2859 aquam
1259 2832 1291 2852 ex
1303 2832 1333 2851 ca
1346 2825 1420 2852 exire
1437 2823 1576 2859 impediat,
1589 2825 1744 2851 indecorant
1758 2823 1831 2849 illam

1037 2871 1131 2904 eﬂieit,
1163 2870 1198 2897 ab
1231 2874 1344 2905 aspectu
1365 2877 1507 2897 removens
1536 2870 1690 2896 clarissima
1715 2875 1746 2895 ex
1773 2866 1832 2902 ipsa

1038 2924 1098 2952 qua:
1116 2915 1273 2944 scaturiunt
1288 2915 1410 2948 fluenta;
1440 2915 1481 2944 sic
1510 2914 1669 2943 indecorum
1692 2917 1733 2941 est
1754 2911 1830 2939 illum
