2072 3161
254 194 321 228 1179

921 189 1096 222 PROCOPII
1121 190 1243 221 GAZZEI

1822 191 1890 224 1480

251 253 300 288 qui
323 249 528 287 pulchritudine
543 249 679 277 virtutum
702 252 830 280 ornatur,
847 247 876 275 in
893 247 967 274 lucta
995 245 1043 273 ad-

1102 247 1215 282 ίπρεπὲς
1236 246 1282 274 τὸν
1296 246 1507 282 κεκοσμημένον
1528 246 1568 281 τῷ
1593 247 1686 274 κάλλει
1702 248 1756 274 τῶν
1771 248 1887 283 ἀρετῶν,

252 305 350 326 versus
364 297 504 325 inimicum
534 296 689 323 animarum
717 298 877 322 nostrarum
902 297 931 320 et
956 291 1042 319 Deum

252 345 448 380 despicientem
465 362 473 375 .
499 342 622 371 incidere
651 342 677 369 in
703 345 827 377 peccata,
853 340 1044 374 virtutumque

254 390 365 427 spoliari
381 394 557 418 ornamento.

289 435 373 464 Vsus.
393 436 439 463 27.
464 434 607 463 Comedere
632 433 685 460 mel
707 433 832 463 multum,
852 440 905 458 non
929 435 968 458 est
999 430 1045 457 bo-

255 489 336 514 num;
351 489 484 509 sermones
500 485 588 508 autem
610 480 725 515 insignes
744 479 876 506 honorare
907 477 989 505 decet.
1004 476 1044 504 Ad

254 535 409 555 mensuram
448 526 502 554 frui
533 525 669 561 spirituali
694 524 741 552 Dei
765 524 959 559 mysteriorum
983 522 1045 550 dul-

253 573 350 601 cedine
377 581 431 600 non
461 571 583 608 prodest.
607 571 644 598 Do
663 570 706 598 his
736 569 811 597 enim
829 568 963 596 eﬂ'renata
989 575 1046 596 me-

253 619 354 646 ditatio
370 618 423 646 fert
443 617 477 644 ad
507 616 701 652 praecipitium.
730 614 867 642 Convenit
890 618 981 640 autem
1008 611 1047 638 al-

255 665 359 693 tissima
372 664 407 692 de
420 663 475 691 Deo
491 662 619 697 dogmata
635 661 722 689 vereri
735 665 762 688 et
784 667 838 687 non
861 658 956 686 conari
972 665 1047 686 com-

255 710 424 746 prehendere
440 707 744 744 incompreheusibilem
766 706 827 742 ejus
848 704 1008 733 essentiam.

290 797 374 825 Vsus.
394 797 439 824 28.
467 795 542 824 Sicut
559 796 622 822 urbs
639 799 731 829 patens
748 799 772 820 et
798 793 895 827 absque
910 800 1046 819 murorum

255 844 358 870 ambitu
372 863 380 874 ,
410 843 448 870 sic
470 842 511 869 uir
526 841 571 877 qui
599 849 651 868 non
684 848 743 867 cum
763 838 891 884 consilia.
903 837 965 872 quid
981 838 1045 872 agit.

256 888 489 923 Quemadmodum
506 887 573 914 urbs
586 894 647 921 quae
661 893 716 913 non
733 885 816 912 habet
841 891 945 916 muros,
958 887 985 910 et
997 883 1047 910 mi-

255 935 330 962 nime
357 934 523 964 custoditur,
552 932 642 959 facilis
659 935 814 966 oppugnatu
833 933 894 962 est;
911 929 952 956 sic
964 928 1046 956 etiam
1064 927 1085 954 Β

256 979 302 1007 ille
325 979 370 1014 qui
385 979 445 1006 sine
465 977 594 1005 rationali
613 976 780 1004 discretione
805 974 927 1002 luctatur
950 973 1048 1000 adver-

256 1033 303 1053 sus
321 1026 415 1052 hostes
442 1023 606 1051 invisibiles.
636 1022 691 1049 Aut
707 1021 794 1054 enim,
813 1024 908 1055 utpote
936 1019 1050 1046 minime

256 1071 412 1098 custoditus
424 1089 432 1101 ,
455 1069 537 1097 facile
550 1072 704 1104 occupatur
719 1066 898 1102 passionibus
925 1073 974 1100 ιιι-ι·
1000 1065 1049 1092 de-

257 1116 358 1143 iectum
374 1115 495 1146 virtutis,
515 1117 562 1140 aut
575 1113 656 1149 quasi
690 1112 846 1140 custoditus
864 1111 899 1138 ab
928 1111 971 1138 his
985 1110 1049 1145 qui-

257 1161 308 1188 bus
322 1160 374 1188 sibi
402 1161 578 1188 securitatem
595 1159 763 1189 vindicabat.
783 1158 818 1184 ab
836 1158 892 1184 alto
917 1157 1047 1184 deorsum

257 1207 364 1235 delatus
385 1206 411 1233 in
429 1211 592 1241 peccatum.
622 1204 801 1241 passionibus
830 1209 879 1238 per
902 1209 1048 1234 excessum

257 1254 367 1282 virtutis
384 1253 504 1288 capitur.

556 1297 633 1325 CAP.
654 1296 752 1324 XXVI.

295 1344 376 1373 Vsus.
386 1345 410 1372 Ι.
422 1344 496 1371 Sicut
505 1352 547 1370 ros
556 1344 583 1370 in
595 1351 688 1375 messe,
697 1347 722 1370 et
730 1342 798 1369 sicut
808 1343 898 1377 pluvia
907 1343 934 1370 its
944 1347 1048 1373 testate.

259 1393 297 1420 sic
314 1400 366 1419 non
383 1396 421 1418 est
447 1390 580 1424 insipienti
600 1392 694 1416 honor.
710 1388 946 1421 Quemadmodum
964 1395 1010 1415 ros
1023 1388 1050 1414 in

259 1438 407 1473 manipulis
428 1438 579 1472 spicarum,
593 1439 622 1463 et
646 1434 744 1470 pluvia
759 1434 787 1461 in
811 1439 936 1469 tempore
952 1433 1050 1461 messis

258 1491 352 1512 earum
364 1491 418 1511 non
432 1482 645 1511 suntlaudandze
656 1482 702 1517 qui
719 1490 773 1510 non
786 1486 917 1518 prosunt;
927 1483 964 1509 its
978 1482 1051 1508 irra-

259 1531 399 1558 tionaliter
412 1532 623 1557 conversantem
643 1536 697 1556 non
711 1533 803 1556 manet
813 1529 910 1564 gloria,
923 1535 1011 1563 neque
1023 1528 1049 1555 in

259 1583 359 1610 morte,
388 1584 476 1612 neque
494 1579 556 1611 post
577 1579 702 1602 mortem.
733 1574 800 1602 Nam
821 1575 909 1610 gloria
941 1575 1049 1610 quidem

258 1623 408 1652 immortali
434 1623 549 1650 orbatus
575 1626 617 1650 est
636 1641 644 1654 ,
661 1622 726 1656 quia
751 1629 805 1649 non
820 1621 959 1649 festinavit
975 1621 1049 1647 illam

259 1671 374 1707 adipisci
399 1678 448 1706 per
484 1667 569 1697 vitam
609 1670 762 1697 virtutibus
790 1673 941 1700 ornatam,
965 1667 1051 1702 gloria

259 1721 352 1744 autem
383 1721 560 1751 temporanea
590 1714 691 1742 accidit
717 1715 798 1742 etiam
825 1713 892 1741 illud
924 1712 1049 1748 spoliari.

297 1806 381 1833 Vsus.
400 1807 428 1833 Ξ.
450 1805 525 1839 Sicut
539 1813 599 1832 aves
612 1804 729 1832 uolantes
747 1809 773 1831 et
785 1811 905 1838 passeres
916 1824 924 1837 ,
947 1804 986 1831 sic
999 1812 1052 1830 ma-

261 1852 387 1879 ledictum
402 1859 499 1878 vanum
515 1859 568 1877 non
594 1850 757 1884 superueniet
784 1849 844 1876 ulli.
869 1849 1051 1882 Quemadmo-

259 1899 326 1926 dum
341 1905 404 1925 aves
418 1905 516 1924 omnes
533 1901 590 1924 tum
610 1904 715 1932 magna:
729 1904 792 1923 cum
809 1903 899 1931 parvae
913 1896 1025 1923 avolant
1036 1904 1051 1923 ι

261 1943 324 1968 loco
341 1942 368 1968 in
382 1949 436 1976 quo
450 1941 593 1975 quiescere
608 1948 664 1968 non
679 1944 812 1975 possunt;
840 1941 881 1968 sic
896 1948 978 1968 omne
991 1949 1052 1968 ma-

263 1988 393 2015 ledictum
418 1987 477 2014 sine
499 1987 658 2014 rationabili
682 1995 767 2014 causa
783 1987 811 2014 in
829 1987 905 2014 illum
929 1988 975 2022 qui
994 1995 1052 2014 ma-

263 2033 391 2061 ledicitur
414 2033 562 2068 prolatum.
577 2040 632 2060 non
659 2032 750 2060 veniet
776 2032 840 2068 ipsi.
863 2032 909 2060 sed
940 2033 1052 2060 omnino

262 2079 438 2115 superveniet
449 2079 488 2105 illi
500 2079 559 2114 qui.
576 2078 701 2113 quamvis
717 2086 732 2105 a
751 2078 860 2106 nemine
878 2078 1052 2112 maledictus,

261 2125 391 2161 operibus
411 2125 604 2152 maledictione
618 2124 710 2160 dignis
728 2124 872 2152 incmubit.

297 2216 383 2244 Vens.
410 2216 437 2243 '5.
458 2215 533 2243 Sicut
556 2215 692 2251 ﬂagellum
715 2223 780 2250 equo
804 2220 829 2243 et
850 2224 941 2243 camus
965 2217 1050 2249 asino,

1097 293 1126 320 ὲν
1141 295 1173 328 τῇ
1191 293 1258 328 προς
1272 293 1317 319 τὸν
1341 293 1378 328 μὴ
1393 293 1519 327 τιμῶντα
1532 292 1598 320 Θεὸν
1609 313 1616 326 ,
1632 293 1729 329 ἐχθρὸν
1745 295 1800 322 τῶν
1821 295 1890 330 ἠμε-

1097 339 1184 374 τέρων
1200 339 1295 374 ψυχῶν
1310 339 1399 375 πάλῃ,
1422 338 1561 373 ἁμαρτίας
1577 341 1737 375 περιπεσεῖν
1751 341 1890 374 πτώματι,

1098 383 1144 410 καὶ
1160 383 1206 410 τὸν
1224 383 1326 418 κόσμον
1343 382 1530 410 ἀποσαλέσθαι
1545 383 1599 409 τῶν
1614 384 1731 419 ἀρετῶν.

1133 428 1186 462 κζ’.
1204 428 1335 456 Ἐσθίειν
1352 428 1422 463 μέλι
1444 429 1535 461 πολὺ,
1561 430 1597 456 οὐ
1619 431 1732 456 καλόν·
1750 429 1838 464 τιμᾶν
1855 430 1891 456 δὲ

1097 475 1157 510 χρὴ
1172 476 1283 510 λόγους
1295 475 1450 508 ἐνδόξους.
1459 475 1504 506 El;
1515 475 1596 510 κόρον
1611 476 1829 510 μεταλαμσάνειν
1840 476 1890 511 τῆς

1098 521 1290 556 πνευματικῆς
1320 521 1375 548 τῶν
1406 521 1486 548 θείων
1519 522 1677 557 μυστηρίων
1709 522 1889 558 γλυκύτητος,

1098 567 1258 603 ἀσύμφορον
1268 574 1276 582 ·
1293 568 1310 603 ἡ
1335 567 1400 603 περὶ
1421 567 1509 595 ταῦτα
1525 568 1579 603 γὰρ
1594 568 1760 603 ἀχαλινωτος
1775 569 1889 604 θεωρία,

1099 615 1178 649 φέρει
1195 614 1265 640 κατὰ
1281 614 1421 650 κρημνοῦι
1435 614 1607 641 εὐλαϐεῖσθαι
1629 615 1651 640 δ’
1663 615 1780 650 ὑπάρχει
1803 615 1891 649 ἁρμό-

1099 659 1155 687 διον
1171 660 1206 686 τα
1223 660 1290 696 περὶ
1307 659 1374 686 Θεοῦ
1390 659 1547 694 ὑψηλότατα
1561 660 1701 694 δόγματα·
1717 660 1764 685 καὶ
1778 659 1815 694 μὴ
1830 661 1891 687 επι-

1099 707 1201 741 χειρείν
1220 705 1442 740 καταλαμϐάνειν
1460 705 1491 732 τδ
1510 706 1569 733 κατ’
1580 706 1674 732 οὐσίαν
1687 705 1770 732 αὑτοῦ
1786 705 1890 732 ἀκατά-

1099 751 1201 787 ληπτον

1136 798 1190 833 κη’.
1217 799 1332 832 Ὠσπερ
1359 798 1449 830 πόλις
1479 798 1514 824 τὰ
1539 797 1623 832 τεΙχη
1649 798 1890 833 καταϐεϐλημένη

1100 845 1149 871 καί
1165 845 1346 879 ἀτείχιστος,
1364 845 1458 877 οὕτως
1471 843 1550 878 ἀνὴρ
1568 844 1601 876 ὃς
1619 845 1655 870 οὐ
1674 844 1750 878 μετὰ
1769 843 1908 878 ,Εουλῆςι

1101 895 1128 914 τι
1145 887 1286 922 πράσσει.
1307 889 1440 923 Καθάπερ
1453 897 1496 920 τις
1511 887 1586 920 πόλις
1601 888 1779 924 καθῃρημένη
1792 889 1824 916 τὰ
1835 889 1890 916 τεί-

1101 942 1135 968 χη
1153 934 1200 960 καὶ
1215 933 1370 968 ἀφύλακτος
1387 933 1495 965 τέλεον,
1512 933 1597 965 οὕτως
1615 934 1731 969 ὑπάρχει
1749 933 1890 960 εὐεπιὸού-

1099 979 1191 1010 λευτος
1206 980 1253 1006 καὶ
1264 981 1278 1006 ὁ
1292 979 1329 1015 μὴ
1346 979 1414 1014 μετὰ
1427 979 1538 1013 λογικῆς
1550 979 1723 1014 διακρίσεως,
1743 980 1810 1014 πρὸξ
1825 980 1889 1011 τοὺς

1098 1025 1232 1060 ὰοράτους
1245 1025 1359 1060 ἐχθροὺς
1374 1025 1638 1060 ἀνταγωνιζόμενος·
1652 1025 1668 1061 ἢ
1684 1024 1739 1060 γὰρ
1750 1025 1787 1056 ὡς
1798 1026 1887 1060 πάντη

1099 1070 1265 1106 ἀφύλακτος,
1282 1071 1489 1106 εὐεπιχείρητός
1500 1072 1558 1097 ἐστι
1570 1073 1627 1101 τοῖς
1638 1073 1697 1098 κατ’
1711 1071 1827 1106 ἔλλειψιν
1839 1072 1890 1106 τῆς

1099 1117 1199 1152 ἀρετῆς
1215 1115 1345 1142 πάθεσιν·
1367 1116 1383 1152 ἢ
1406 1116 1443 1148 ὡς
1461 1115 1514 1143 ἀπὸ
1530 1116 1632 1143 τούτων
1651 1116 1700 1151 μὲν
1718 1117 1890 1152 φυλασσόμε-

1099 1171 1154 1194 νος,
1167 1163 1210 1196 ἐφ’
1221 1159 1261 1194 οἷς
1275 1162 1298 1188 δ’
1311 1162 1437 1188 ἐντεῦθεν
1452 1161 1482 1188 τδ
1497 1162 1617 1194 ἀσφαλὲς
1628 1162 1718 1197 ἑαυτῷ
1730 1163 1891 1198 περιεποιή-

1100 1217 1175 1241 σατο,
1192 1208 1367 1242 κατενεχθεὶς
1391 1208 1430 1242 τῷ
1452 1210 1501 1243 τῆς
1515 1208 1658 1244 ὲπάρσεως
1676 1209 1815 1243 πτώματι,
1831 1211 1889 1242 τοῖς

1100 1255 1161 1283 καθ’
1177 1254 1331 1291 ὑπερϐολὴν
1349 1255 1398 1290 τῆς
1416 1255 1519 1290 ἀρετῆς
1537 1255 1677 1281 ἁλίσκεται
1697 1254 1819 1282 πάθεσιν.

1382 1300 1509 1327 usus.
1531 1300 1604 1334 Kq'.

1135 1351 1169 1375 α’.
1187 1347 1302 1381 Ὠσπερ
1315 1346 1425 1381 δρόσος
1437 1347 1472 1373 ὲν
1490 1347 1603 1381 ἀμητῷ,
1621 1347 1671 1374 καί
1689 1347 1791 1381 ὥσπερ
1803 1347 1891 1381 datr:

1100 1393 1135 1419 ἐν
1147 1392 1233 1427 θέρει,
1259 1393 1353 1425 οὕτως
1366 1393 1422 1419 οὐκ
1438 1392 1524 1419 ἐστιν
1538 1392 1646 1426 ἄφρονι
1656 1393 1736 1427 τιμή.
1758 1394 1891 1428 Καθάπερ

1100 1439 1195 1474 δρόσος
1213 1439 1241 1464 ὲν
1256 1439 1312 1470 τοῖς
1337 1438 1477 1473 δράγμασι
1497 1438 1552 1464 τῶν
1567 1439 1722 1473 ἀσταχύων,
1742 1439 1790 1465 καὶ
1814 1439 1890 1472 ὖετὲς

1101 1485 1131 1512 ὲν
1159 1484 1250 1520 καιρῷ
1273 1484 1372 1519 θέρους
1396 1484 1497 1515 αὐτῶν,
1525 1484 1576 1511 οὐκ
1595 1485 1664 1511 εἰσιν
1690 1485 1830 1517 ἐπαινετὰ,
1852 1485 1892 1515 ὡς

1103 1531 1164 1568 μηδ’
1190 1530 1316 1558 ὁπωσοῦν
1335 1529 1504 1564 ὠφελοῦντα·
1529 1530 1615 1562 οὕτως
1643 1530 1692 1566 οὐχ
1713 1531 1831 1566 ὑπάρχει
1851 1531 1891 1566 τῷ

1101 1577 1252 1614 ἀλογίστως
1279 1578 1384 1614 βιοῦντι
1412 1578 1474 1605 οὕτε
1506 1578 1632 1611 θανόντι,
1661 1578 1723 1605 οὒτε
1748 1579 1892 1614 θνήσκοντι

1105 1625 1182 1656 κλέος
1195 1633 1201 1640 ·
1217 1625 1344 1652 ἐντεῦθεν
1359 1626 1415 1661 γὰρ
1437 1625 1486 1660 τῆς
1504 1626 1554 1660 μὶν
1570 1626 1667 1661 ἀγήρω
1678 1625 1758 1660 δόξης
1779 1627 1894 1662 ἐστερηα

1106 1672 1187 1707 μένος
1211 1671 1357 1697 εστίν-ὃτι
1384 1672 1422 1706 μὴ
1439 1671 1556 1697 ἔσπευσε
1579 1671 1679 1703 ταύτας
1704 1671 1737 1698 δι’
1762 1672 1892 1705 ἐναρέτου

1104 1717 1257 1753 κτήσασθαι
1276 1717 1415 1749 πολιτείας
1426 1723 1434 1732 °
1451 1717 1596 1752 συμὸαίνει
1612 1718 1634 1744 δ’
1659 1717 1733 1753 αὐτῷ
1755 1717 1893 1745 ἀποϐαλέ-

1107 1762 1169 1789 σθαι
1184 1762 1232 1788 καὶ
1242 1762 1292 1797 τὴν
1304 1762 1450 1798 ἐπίκηρον.

1142 1807 1173 1842 β’.
1190 1808 1304 1842 Ὥσπερ
1315 1807 1403 1841 ὄρνεα
1417 1806 1556 1834 πέτανται
1570 1807 1619 1834 καί
1632 1808 1783 1842 στρουθοί,
1799 1808 1894 1842 οὕτως

1104 1854 1162 1888 ἀρὰ
1187 1853 1299 1888 ματαία
1319 1854 1375 1880 οὐκ
1400 1853 1596 1880 ἐπελεύσεται
1615 1853 1727 1880 οὑδενΙ.
1756 1854 1892 1889 Καθάπερ

1105 1901 1274 1934 ἀφίπτανται
1288 1901 1395 1927 ἅπαντα
1409 1898 1444 1925 τὰ
1460 1898 1561 1933 πτηνὰ,
1575 1898 1609 1925 τὰ
1624 1906 1654 1925 τε
1672 1898 1779 1934 μεγάλα
1795 1898 1844 1926 καὶ
1857 1899 1892 1925 τὰ

1107 1946 1206 1982 μικρὰ,
1223 1945 1269 1972 τοῦ
1286 1946 1371 1972 τόπου
1397 1946 1425 1971 ἐν
1444 1941 1467 1979 ᾧ
1481 1944 1673 1979 άναπαυθῆναι
1699 1944 1736 1980 μὴ
1749 1943 1890 1971 δύνανται·

1104 1992 1191 2024 οὕτως
1206 1991 1381 2026 ἀφισταμένη
1398 1991 1473 2017 πᾶσα
1490 1990 1607 2024 κατάρα,
1624 1990 1668 2016 διὰ
1694 1989 1830 2025 μηδεμίαν
1843 1989 1891 2016 εὖ·

1105 2038 1185 2072 λογον
1198 2037 1288 2064 αἰτίαν
1302 2036 1376 2063 κατὰ
1386 2035 1434 2062 τοῦ
1453 2035 1646 2071 κατηραμένου
1666 2036 1825 2070 κινουμένη,
1842 2035 1893 2062 οὐκ

1105 2083 1213 2110 ἐπέλθοι
1231 2082 1336 2118 αὐτῷ’
1352 2081 1449 2116 ἐκείνῳ
1471 2081 1500 2108 δὲ
1517 2081 1627 2113 πάντως
1653 2081 1799 2116 ἐπέρχεται
1810 2101 1818 2112 ,
1840 2080 1892 2108 κᾶν

1107 2129 1144 2164 μή
1161 2137 1200 2160 τις
1221 2127 1296 2163 αὐτῷ
1315 2127 1516 2163 καταράσηται,
1530 2127 1570 2163 τῷ
1593 2127 1686 2163 ἔργοις
1703 2127 1827 2162 κατάρας
1841 2128 1893 2162 ιμ-

1107 2175 1227 2210 μένοντι.
1537 2182 1538 2185 η

1140 2222 1177 2254 γ’.
1193 2220 1309 2253 Ὥσπερ
1326 2217 1437 2253 μάστιξ
1453 2218 1535 2250 Ικπῳ
1551 2218 1600 2244 καὶ
1616 2217 1742 2252 κέντρον
1758 2217 1828 2250 ὄνῳ,
1843 2218 1894 2245 οὔ·

261 2265 302 2290 αα
324 2263 397 2296 uirga
429 2262 499 2309 genti
522 2262 630 2296 iniqutz.
657 2261 892 2295 Quemadmodum
916 2262 1050 2298 ﬂagellum

1106 2274 1163 2298 τως
1175 2264 1286 2298 ῥάϐδος
1302 2265 1381 2291 ἔθνει
1396 2264 1568 2298 παρανόμῳ.
1586 2263 1722 2298 Καθάπερ
1737 2263 1894 2296 πλήττουσα

261 2308 372 2335 candens
392 2306 504 2340 equum,
528 2306 669 2334 libidinem
691 2307 751 2342 ejus
779 2312 806 2334 et
832 2307 1052 2342 pervicacitatem

262 2357 385 2386 coercet,
396 2358 424 2381 et
436 2360 531 2380 camus
550 2361 673 2388 pungens
690 2354 798 2380 asinum
818 2353 893 2380 illum
912 2353 944 2380 ad
973 2353 1053 2381 citius

264 2400 460 2427 ambulandum
476 2400 578 2426 excitat
592 2407 598 2424 :
612 2399 649 2426 ita
664 2399 744 2434 quasi
769 2399 845 2433 virga
861 2399 985 2433 quedam
1009 2405 1054 2425 ra-

264 2445 378 2473 tionalis
392 2445 485 2472 carnis
508 2452 589 2480 pmna
618 2444 709 2471 erudit
736 2445 868 2479 populum
898 2444 1053 2471 divinarum

266 2491 357 2526 legum
382 2495 628 2526 transgressurem.
664 2489 748 2517 Scdat
777 2490 887 2525 quidem
917 2490 1054 2525 appetitus

265 2537 492 2572 concupiscibilis
521 2536 774 2571 intemperantiam.
789 2540 816 2563 et
831 2536 970 2570 appetitus
998 2536 1053 2562 ira-

267 2583 372 2610 scibilis
396 2583 604 2616 contentiones;
619 2583 720 2610 excitat
734 2586 824 2609 autem
842 2581 978 2617 pigritiam
995 2582 1054 2616 cjus

268 2627 449 2655 imbecillitati
474 2628 568 2655 carnis
595 2628 774 2656 inhaerentem
804 2632 833 2655 ut
849 2627 977 2654 mandata
1007 2628 1055 2655 Dei

267 2678 345 2701 curet
366 2673 394 2701 in
415 2675 492 2708 praxi
515 2673 665 2708 implenda.

301 2764 386 2792 Vens.
407 2764 434 2797 ι,
451 2765 478 2792 5.
491 2763 530 2791 Ne
545 2764 703 2799 respondeas
724 2764 805 2791 stulto
813 2764 895 2799 juxta
908 2764 1054 2791 stultitiam

267 2818 354 2842 suam,
373 2818 405 2837 ne
418 2810 540 2844 efﬁciaris
555 2810 579 2837 ei
592 2811 708 2843 similis;
736 2811 781 2838 sed
813 2810 940 2845 responde
970 2810 1055 2837 stulto

267 2862 360 2883 contra
372 2856 512 2883 stultitiam
524 2864 613 2890 suam,
627 2865 658 2883 ne
676 2857 726 2884 sibi
737 2857 843 2890 sapiens
857 2865 911 2883 esse
922 2856 1053 2893 videatur.

267 2901 310 2930 lfli
329 2901 376 2939 qui
389 2901 475 2931 Deum
493 2902 520 2931 in
541 2903 626 2931 corde
649 2910 705 2930 non
733 2903 814 2931 habet
833 2910 867 2932 ne
892 2902 1052 2932 consentias

1108 2310 1206 2346 μάστιξ
1221 2310 1316 2342 ἵππον,
1331 2309 1362 2335 τὸ
1377 2308 1533 2343 θηλυμανὲς
1555 2309 1650 2334 τούτου
1669 2310 1716 2335 καὶ
1740 2307 1894 2342 φιλόνεικον

1104 2354 1300 2389 ἀποκρούεται,
1327 2354 1374 2380 καὶ
1398 2353 1492 2380 νύττον
1528 2353 1640 2388 κέντρον
1664 2353 1740 2385 ὄνον,
1762 2352 1894 2387 διεγείρει

1104 2399 1200 2426 τοῦτον
1219 2400 1286 2435 πρὸς
1303 2398 1455 2433 ταχυτέραν
1479 2399 1605 2434 πορείαν-
1623 2398 1694 2424 οὕτω
1716 2397 1840 2424 παιδεύει
1856 2397 1895 2428 ὣς

1104 2454 1146 2477 τις
1164 2445 1272 2480 ῥάϐδος,
1289 2445 1305 2479 ἡ
1322 2444 1392 2471 κατὰ
1406 2445 1485 2478 λόγον
1498 2444 1549 2478 τῆς
1565 2444 1667 2479 σαρκὸς
1690 2445 1810 2479 τιμωρία
1828 2443 1894 2470 λαὸν

1104 2493 1149 2518 τὴν
1170 2492 1233 2522 τοὺς
1251 2490 1340 2521 θείους
1366 2489 1575 2525 παραϐαίνοντα
1600 2489 1716 2524 νόμους⁸
1733 2490 1781 2515 καὶ
1805 2497 1895 2515 κατα-

1105 2536 1188 2564 παύει
1210 2536 1260 2571 μὲν
1274 2535 1304 2562 τὸ
1318 2535 1413 2562 τούτου
1433 2536 1504 2561 κατὰ
1520 2535 1551 2561 τὸ
1568 2534 1781 2569 ἐπιθυμητικὸν,
1793 2534 1895 2561 ἀκόλαο

1106 2591 1181 2613 στον,
1202 2582 1252 2608 καὶ
1267 2581 1297 2608 τὸ
1318 2583 1389 2608 κατὰ
1404 2580 1435 2607 τὸ
1451 2580 1583 2616 θυμικὸν,
1608 2581 1745 2615 μάχιμον-
1763 2580 1895 2614 διεγείρει

1105 2629 1133 2656 δὲ
1150 2629 1179 2655 τὺ
1198 2628 1242 2654 διὰ
1258 2628 1307 2663 τὴν
1324 2628 1468 2654 ἀσθένειαν
1491 2627 1542 2662 τῆς
1558 2628 1660 2662 σαρκὸς
1676 2627 1781 2662 νωθρὸν
1797 2626 1894 2656 αὑτοῦ,

1106 2672 1174 2707 πρὸς
1185 2672 1345 2707 ἐπιμέλειαν
1358 2672 1407 2708 τῆς
1418 2670 1490 2698 κατὰ
1501 2671 1602 2707 πρᾶξιν
1617 2671 1671 2698 τῶν
1684 2671 1765 2698 θείων
1778 2670 1895 2698 ἐντολῶν

1105 2718 1212 2754 τρίδου.

1140 2764 1172 2796 δ’,
1191 2763 1223 2790 ε’.
1243 2763 1290 2798 Μὴ
1310 2763 1477 2798 ἀποκρίνου
1491 2763 1598 2798 ἄφρονι
1614 2763 1690 2797 πρὸς
1704 2762 1762 2796 τὴν
1777 2762 1897 2789 ἐκείνου

1105 2809 1294 2844 ἀφροσύνην,
1314 2808 1415 2844 ἵναμὴ
1428 2809 1529 2843 ὅμοιος
1543 2808 1616 2842 γένῃ
1629 2807 1709 2840 αὐτῷ
1719 2828 1727 2838 .
1739 2807 1809 2834 ἀλλ’
1823 2808 1897 2834 ἀπο-

1108 2855 1213 2888 κρίνου
1231 2853 1340 2888 ἄφρονι
1358 2853 1433 2882 κατὰ
1449 2852 1508 2888 τὴν
1521 2853 1701 2888 ἀφροσύνην
1724 2852 1829 2883 αὑτοῦ,
1846 2852 1899 2878 Ira

1107 2899 1151 2936 μὴ
1175 2899 1317 2934 φαίνηται
1333 2899 1431 2934 σοφὸς
1449 2897 1517 2934 παρ’
1531 2897 1639 2931 ἐαυτῷ.
1655 2898 1701 2934 Μὴ
1723 2897 1763 2933 τῷ
1782 2897 1850 2924 Θεὸν
1864 2896 1896 2923 ού
