2072 3161
246 156 314 187 1183

884 151 1061 182 PROCOPII
1081 150 1203 182 GAZ/EI

1811 147 1879 180 158$

244 215 374 238 revertens
396 209 431 236 ad
451 213 586 244 peccatum
601 216 689 236 suum.
701 207 938 241 Quemadmodum
958 208 1038 238 canis

1090 209 1197 238 ἑαυτοῦ
1209 210 1301 245 κακίᾳ
1316 209 1512 245 ἀναστρέψας
1526 208 1576 237 ἐπὶ
1591 208 1648 244 τὴν
1660 208 1770 236 ἑαυτοῦ
1787 209 1879 243 ἁμαρ-

243 258 290 293 qui
304 277 312 290 ,
339 265 401 285 cum
418 256 521 292 aliquid
536 255 656 284 comedit
680 260 708 283 et
724 255 878 284 abhorrens
893 256 1035 289 evomuit,

245 303 360 335 revertit
375 303 442 331 illud
459 303 558 330 iterum
575 301 807 335 manducaturus,
822 301 953 330 omnibus
965 302 1038 337 aspi-

244 349 392 383 cientibus.
416 349 468 377 erit
487 349 613 382 odiosus,
626 349 688 377 illos
703 348 829 376 molestia
845 348 961 384 implens
976 356 983 375 :
999 348 1037 376 ita

245 397 292 432 qui
321 395 518 423 irrationalitcr
547 401 730 427 conversaris,
749 394 953 422 consuetudine
971 401 1039 430 pec-

245 443 310 475 cati,
325 441 358 469 ad
373 441 513 477 propriam
534 440 666 468 malitiam
685 440 799 468 revertit
816 447 872 476 qua
896 439 1038 468 abstinere

245 488 382 524 promisit,
399 486 597 516 abominabilis
611 485 666 514 erit
681 485 737 514 Deo
749 490 777 514 et
791 485 898 521 angelis
910 485 982 521 ejus.

279 621 329 649 Est
339 621 462 656 confusio
475 620 610 648 adducens
625 624 781 655 peccatum;
795 625 819 648 et
836 624 876 648 est
892 619 1015 655 confusio
1028 639 1036 653 ,

243 668 333 704 gloria
351 673 376 695 et
399 668 499 703 gratia.
532 666 648 695 Exsistit
671 667 755 695 timor
777 666 812 694 de
833 667 907 702 turpi
929 667 1039 695 actione

243 714 374 741 damnum
399 713 534 741 inducens
550 717 608 740 tum
625 712 728 740 animae
742 720 806 740 cum
822 712 954 748 corpori,
971 720 1034 740 eum

243 761 290 796 qui
304 764 384 795 turpe
399 759 465 795 egit,
482 763 576 795 utpote
590 760 624 787 ab
640 759 801 787 hominibus
832 759 1035 787 contumeliam

243 805 298 842 pati
315 813 368 833 non
383 806 517 834 valentem
528 826 535 838 ,
561 805 596 833 ad
613 805 812 839 insidiandum
834 805 952 841 propria:
973 805 1038 833 vitae

242 851 423 887 compellens.
447 850 495 878 Est
516 851 617 878 iterum
644 851 728 878 timor
748 851 784 879 de
808 851 882 887 turpi
908 851 1036 884 actiOue.

242 897 290 932 qui
308 885 430 932 quidem
449 896 538 931 gloria
553 900 596 924 est
613 896 691 924 illum
709 885 865 930 obtinenti;
890 896 956 933 quia
973 904 1036 925 eum
1052 885 1074 913 Β

246 951 261 970 a
288 942 415 978 turpibus
437 942 617 978 passionibus
642 942 777 969 custodit.
801 941 896 970 Gratia
922 946 1036 976 autem,

239 988 308 1024 .quia
326 996 341 1015 a
361 987 416 1016 Deo
444 988 527 1015 datur
551 992 582 1015 ut
603 988 706 1016 donum
727 988 880 1024 impediens
900 988 934 1016 ab
958 988 1038 1016 incli-

243 1034 355 1062 uatioue
367 1033 402 1061 ad
414 1033 516 1069 turpia,
529 1040 590 1068 quae
603 1032 741 1068 imprimis
750 1033 832 1061 nobis
844 1038 888 1062 est
902 1032 1036 1061 timenda.

281 1173 363 1202 Vsus.
384 1172 428 1200 19..
445 1172 508 1201 Vidi
525 1172 611 1200 virum
624 1172 670 1208 qui
685 1171 787 1200 videtur
799 1171 872 1207 apud
887 1180 915 1200 se
934 1172 1038 1207 sapiens

242 1228 310 1254 esse,
329 1220 414 1255 magis
429 1219 477 1247 illo
493 1227 564 1254 spem
577 1219 653 1246 habet
665 1217 935 1254 insipiensNidimus
948 1219 1038 1247 virum

243 1266 421 1302 passioaibus
439 1273 486 1302 per
505 1265 644 1293 deiectum
658 1265 770 1293 virtutis
788 1265 967 1301 intrepidum,
990 1273 1040 1301 pu-

243 1317 350 1340 tantem
372 1320 386 1340 a
418 1312 568 1346 semetipso
592 1311 694 1339 habere
717 1311 854 1339 rationem
879 1311 1039 1347 passionum

243 1358 462 1391 destructivam;
489 1366 544 1385 non
570 1361 661 1385 autem
688 1357 762 1384 illam
782 1364 800 1384 a
821 1357 877 1384 Deo
901 1356 1038 1385 obtinere.

244 1404 373 1440 Maiorem
388 1408 478 1431 tamen
496 1411 529 1431 ac
543 1403 589 1432 ille
607 1403 689 1431 homo
704 1411 780 1439 spem
798 1403 898 1431 salutis
915 1403 1040 1439 acquisi-

244 1451 295 1483 vit,
312 1450 359 1486 qui
373 1449 552 1485 passionibus
567 1457 616 1485 per
637 1449 774 1477 delectum
791 1449 906 1478 virtutis
929 1449 1041 1477 irratio-

243 1496 345 1525 naliter
368 1496 534 1530 volutatur;
563 1496 628 1532 quia
658 1495 704 1523 hic
736 1494 860 1531 quidem,
898 1495 1039 1531 propriam

245 1551 400 1581 agnoscens
427 1543 641 1576 inﬁrmitatem,
664 1545 774 1577 tempus
796 1546 939 1577 exspectat
953 1542 1042 1578 paeni-

245 1590 339 1618 tentiae
355 1597 404 1626 per
415 1597 497 1625 quam
517 1592 611 1625 sperat
637 1595 654 1616 ο
679 1589 735 1616 Deo
760 1587 878 1616 salutem
893 1588 1039 1622 obtinere;

245 1636 291 1666 ille
307 1644 391 1670 vero,
419 1635 467 1671 qui
497 1634 687 1671 arrogantiam
712 1633 747 1661 de
771 1632 924 1661 abundanti
941 1634 1042 1663 virtute

245 1690 344 1710 vanam
366 1690 398 1710 ac
421 1681 624 1710 intolerandam
641 1687 704 1709 esse
728 1679 856 1716 ignorat,
884 1680 930 1707 vix
946 1681 1041 1708 sonari

247 1732 346 1764 potest.

283 1773 366 1801 Vsus.
379 1773 421 1800 l5.
443 1772 514 1800 Dicit
526 1772 599 1807 piger
614 1772 711 1800 missus
725 1773 759 1800 ad
775 1773 844 1801 viam
856 1793 865 1807 ,
884 1772 924 1800 leo
940 1772 968 1800 in
979 1772 1040 1805 riis,

245 1819 274 1846 in
301 1818 398 1854 plateis
423 1822 512 1844 autem
540 1818 645 1845 sicarii.
674 1817 763 1846 llomo
790 1818 936 1855 negligens
959 1826 1041 1854 quem

245 1868 272 1892 et
286 1871 335 1899 per
353 1864 439 1899 legem
458 1863 593 1899 scriptam
620 1867 647 1890 et
671 1871 720 1899 per
741 1863 827 1900 legem
843 1864 997 1892 naturalem
1014 1868 1044 1892 ut

244 1909 273 1938 in
290 1908 409 1938 salutari
426 1908 488 1943 ejus
504 1907 649 1936 voluntate
672 1908 795 1937 ambulet
820 1908 950 1937 hortatur
969 1908 1042 1936 Deus

244 1956 292 1991 qui
326 1955 403 1983 illum
424 1954 459 1982 ad
487 1955 572 1982 vitam
608 1954 726 1982 adduxit
759 1959 788 1983 et
816 1954 948 1982 omnibus
978 1953 1043 1989 jure

244 2005 344 2038 praeest
374 2001 568 2029 universorum
593 2001 708 2028 Creator
738 2007 771 2028 ac
799 1999 953 2035 Dominus,
978 2007 1042 2028 cau-

245 2053 326 2075 satur
351 2051 486 2080 metuere,
519 2046 548 2074 in
563 2046 616 2074 viis
648 2046 759 2082 quidem
775 2046 870 2082 praxis
895 2046 1043 2074 mandato-

244 2100 308 2121 rum
324 2091 373 2119 Bei
393 2091 421 2119 in
436 2091 495 2127 lege
524 2091 626 2126 scripta
641 2096 842 2127 praeceptorum
856 2110 865 2124 ,
880 2091 916 2119 ob
931 2091 1043 2120 virtutis

245 2139 376 2170 labores,
393 2142 511 2164 mortem
528 2145 590 2172 qua:
610 2137 689 2172 quasi
707 2137 750 2166 leo
771 2137 880 2166 animas
898 2137 1040 2166 hominum

245 2183 364 2220 abripit;
380 2185 407 2211 in
427 2182 575 2211 latitudine
587 2188 678 2211 autem
693 2184 831 2212 naturalis
846 2184 1040 2212 exsistentium

244 2230 498 2265 contemplationis,
513 2230 653 2258 daemones
667 2230 695 2257 in
710 2230 769 2266 ipsa
786 2238 836 2266 per
847 2231 1036 2266 deceptionem
1053 2240 1076 2270 ι)

245 2283 377 2304 sensuum
390 2275 556 2303 insidiantes
571 2279 601 2303 ut
616 2275 739 2304 latrones
754 2279 782 2304 et
798 2275 944 2304 fallacibus
954 2283 1035 2312 appa-

244 2322 364 2350 rentium
386 2321 567 2357 opinionibus
588 2325 708 2350 mentem
729 2322 784 2350 vita
808 2322 949 2358 spirituali
974 2329 1040 2358 spo-

245 2368 356 2396 liantes.

281 2511 364 2540 Vsus.
379 2511 421 2539 Η.
439 2511 514 2539 Sicut
523 2511 612 2546 jauua
628 2511 739 2539 vertitur
773 2520 852 2547 super
881 2513 1020 2541 cardinem
1032 2533 1040 2547 ,

244 2557 284 2586 ila
299 2559 372 2594 piger
392 2558 577 2593 superiectum
594 2566 682 2586 suum.
701 2558 780 2586 Sicut
804 2563 883 2594 porta
913 2563 943 2587 ut
972 2567 1041 2596 ape-

245 2605 334 2632 riatur
346 2611 430 2639 super
446 2604 548 2637 solum,
570 2605 715 2640 proprium
741 2605 883 2633 cardinem
912 2607 1039 2639 vertitur.

246 2651 284 2678 ita
318 2650 366 2686 qui
381 2650 416 2678 ob
440 2650 552 2678 virtutis
573 2651 698 2678 laborem
724 2651 759 2679 ad
784 2652 962 2687 exsequenda
990 2652 1040 2681 Dei

245 2697 375 2725 mandata
392 2696 535 2732 negligens
554 2700 613 2730 est,
633 2705 718 2726 carne
735 2698 814 2734 quasi
831 2698 902 2726 lecto
920 2699 1039 2735 quodam

245 2742 421 2777 requiescens
436 2741 473 2768 ob
491 2742 641 2776 voluptatis
657 2749 792 2774 amorem,
820 2742 903 2770 modo
918 2743 1040 2770 sollicito

245 2787 307 2822 ejus
324 2786 432 2820 all‘ectu,
453 2786 701 2820 circumvolvitur;
731 2787 882 2815 secundum
900 2788 1040 2824 appelitus

245 2833 356 2869 quidem
370 2833 519 2861 irascibilis
547 2832 789 2869 intemperantiam
816 2834 850 2860 ad
867 2834 1038 2870 voluptatum

246 2880 385 2915 appetitus
396 2887 426 2909 se
443 2883 622 2912 convertens,
637 2879 790 2908 secundum
815 2884 908 2909 autem
930 2882 1039 2917 appeti-

1089 256 1167 284 τίαν.
1184 256 1319 292 Καθάπερ
1334 255 1408 283 κύων
1423 256 1489 283 ὅταν
1508 256 1551 291 ἐφ’
1563 256 1632 291 ὅπερ
1649 254 1747 290 φαγὼν
1769 253 1880 290 βρῶμα.

1089 300 1138 328 καὶ
1161 300 1360 337 βδελυξάμενος
1389 301 1534 336 ἀπήμεσεν
1547 320 1554 333 ,
1579 299 1775 335 ἐπαναστρέψῃ
1801 298 1881 325 τοῦτο

1089 344 1169 379 αὖθις
1184 347 1364 384 τρεφόμενος,
1390 348 1475 374 πᾶσιν
1497 347 1575 374 ἔσται
1599 347 1654 379 τοῖς
1671 345 1801 381 βλέπουσι
1820 343 1881 380 βδε-

1089 393 1198 426 λυκτδς,
1227 394 1266 425 ὼς
1293 393 1390 429 ἀηδίας
1416 393 1530 425 τούτους
1555 392 1684 427 πληρῶν-
1702 391 1774 418 οὕτω
1799 390 1848 418 καὶ
1867 391 1881 416 ὁ

1088 439 1240 474 ἀλογίστως
1256 439 1334 475 βιῶν,
1345 441 1379 475 τῇ
1399 439 1529 475 συνηθείᾳ
1541 439 1591 474 τῆς
1604 438 1754 474 ἁμαρτίας,
1769 437 1815 464 ἐπὶ
1830 437 1882 472 τὴν

1089 484 1188 512 ἑαυτοῦ
1197 485 1367 521 ἐπιστρέψας
1378 485 1490 517 κακίαν,
1502 483 1535 520 ἦς
1546 484 1716 519 ἀποσχέσθαι
1735 483 1881 518 ὑπέσχετο,

1089 531 1166 558 ἔσται
1180 530 1240 567 Θεῷ
1255 539 1285 559 τε
1306 531 1355 558 καὶ
1378 532 1437 564 τοῖς
1455 530 1544 566 ἁγίοις
1570 529 1697 565 ἀγγέλοις
1716 528 1799 556 αὐτοῦ
1820 528 1881 564 βδε-

1088 577 1198 608 λυκτός.

1125 623 1233 651 Ἔστιν
1241 624 1374 659 αἰσχύνη
1385 623 1542 660 ἐπάγουσα
1554 623 1703 658 ἁμαρτίαν
1711 631 1718 638 ·
1733 621 1783 650 καί
1794 621 1882 648 ἔστιν

1088 669 1232 704 αἰσχύνη,
1250 669 1326 702 δόξα
1348 669 1397 697 καί
1415 669 1510 705 χάρις.
1533 670 1669 705 ’Υπάρχει
1681 668 1762 704 φόϐος
1775 667 1820 694 ἐπ’
1836 669 1881 694 al-

1090 716 1167 751 σχρῷ
1191 717 1383 753 πεπραγμένῳ
1401 716 1504 752 βλάϐην
1533 716 1644 751 ἐπάγων
1669 715 1788 751 ψυχικὴν
1811 713 1880 749 ὁμοῦ

1088 763 1136 789 καὶ
1161 761 1337 798 σωματικὴν,
1369 762 1479 794 πάντως
1504 763 1519 789 ό
1546 762 1592 788 τὸν
1607 759 1827 796 διαπραξάμενον
1850 760 1882 786 τὸ

1088 807 1213 843 αἰσχρὸν,
1237 807 1275 840 ὡς
1295 807 1346 844 τὴν
1363 808 1429 844 παρ’
1452 807 1606 843 ἀνθρώπων
1626 806 1758 842 αἰσχύνην
1776 806 1813 842 μὴ
1833 805 1881 840 φὲ-

1089 861 1182 888 ροντα,
1197 852 1328 880 συνωθῶν
1341 852 1382 885 εἰς
1395 852 1426 880 τὸ
1440 851 1729 887 ἔπιϐουλεύσασθαιτῇ
1743 851 1796 886 ἰδίᾳ
1807 849 1880 885 ζωῇ·

1088 899 1135 926 καὶ
1152 899 1271 934 ὑπάρχει
1290 898 1371 931 αὖθις
1387 898 1472 934 φόϐος
1489 898 1533 925 ἐπ’
1555 896 1662 933 αἰσχρῷ
1680 895 1880 932 πεπραγμένῳ,

1087 945 1117 978 ὃς
1129 945 1198 983 τιμὴ
1216 946 1265 982 μέν
1283 946 1343 972 ὲστι
1365 945 1414 972 τοῦ
1433 945 1561 980 τυχόντος
1583 943 1678 976 αὐτοῦ,
1693 942 1732 974 ὡς
1757 942 1811 970 ἀπὺ
1827 942 1882 968 τῶν

1088 991 1260 1027 ἁτιμοποιῶν
1289 990 1386 1018 παθῶν
1411 991 1603 1026 διαφυλάττων
1621 989 1702 1017 αὐτόν
1718 996 1726 1005 ⁸
1740 988 1822 1024 χάρις
1839 987 1882 1020 δὲ,

1088 1039 1126 1070 ὡς
1134 1037 1224 1074 τούτῳ
1234 1037 1373 1073 διδόμενος
1387 1037 1465 1073 παρὰ
1479 1036 1548 1063 Θεοῦ
1564 1035 1652 1071 δῶρον
1665 1034 1815 1062 κωλυτικδν
1832 1034 1881 1069 τῆς

1088 1084 1160 1120 πρὸς
1168 1083 1205 1111 τὰ
1218 1082 1322 1119 αἰσχρὰ
1334 1082 1436 1118 ῥοπῆς·
1451 1081 1509 1110 ἀνθ’
1521 1079 1556 1117 ἦς
1568 1081 1669 1117 μᾶλλον
1683 1079 1783 1116 ὤφειλε
1795 1088 1883 1115 τιμω-

1090 1137 1124 1165 ρη
1128 1128 1196 1164 θῆνα
1201 1138 1209 1155 ι
1214 1149 1221 1156 .

1125 1174 1170 1210 ιβ’,
1190 1172 1284 1202 Εἶδον
1307 1174 1403 1209 ἄνδρα
1422 1173 1556 1206 δόξαντα
1577 1171 1646 1207 παρ’
1667 1171 1763 1204 ἑαυτῷ
1783 1170 1884 1206 σοφὸν

1088 1219 1166 1249 εἶναι
1177 1229 1184 1236 ·
1199 1220 1309 1249 ἐλπίδα
1318 1220 1422 1256 μέντοι
1435 1220 1510 1255 ἔσχε
1520 1218 1643 1255 μᾶλλον
1660 1218 1764 1253 ἄφρων
1776 1217 1883 1245 αὐτοῦ.

1095 1266 1272 1303 Ἐθεασάμην
1286 1267 1349 1294 τινὰ
1362 1267 1420 1298 τοὶς
1439 1266 1500 1293 κατ’
1511 1265 1631 1301 ἔλλειψιν
1645 1263 1696 1298 τῆς
1710 1263 1812 1300 ἀρετῆς
1828 1264 1881 1290 πά-

1090 1313 1165 1341 θεσιν
1180 1313 1327 1349 ἀπτόητον,
1350 1312 1459 1339 οἴκοθεν
1473 1311 1546 1348 ἔχειν
1561 1312 1711 1347 νομίσαντα
1737 1311 1784 1338 τὸν
1806 1311 1884 1338 ἀναι-

1091 1361 1199 1397 ρετικὸν
1214 1359 1269 1387 τῶν
1291 1359 1387 1387 παθῶν
1399 1359 1490 1394 λόγον,
1508 1358 1557 1385 καὶ
1566 1358 1604 1394 μὴ
1618 1357 1693 1393 παρὰ
1707 1356 1775 1384 Θεοῦ
1790 1356 1884 1384 τοῦτον

1090 1404 1199 1432 λαϐεῖν’
1220 1405 1303 1432 πλέον
1326 1405 1377 1440 μέν
1400 1412 1442 1431 τοι
1458 1412 1491 1438 γε
1515 1403 1565 1431 τοῦ
1585 1403 1708 1431 τοιούτου
1738 1402 1885 1438 ἀνθρώπου

1091 1452 1230 1488 σωτηρίας
1249 1451 1346 1478 ἐλπίδα
1361 1451 1508 1486 ἐκτήσατο,
1520 1450 1535 1476 ό
1552 1450 1608 1482 τοῖς
1628 1449 1689 1476 κατ’
1704 1447 1824 1484 meum
1835 1449 1886 1484 τῆς

1089 1498 1193 1534 ἀρετῆς
1221 1497 1338 1526 πάθεσιν
1367 1497 1521 1531 ἀλογίστως
1547 1495 1811 1532 ὲγκυλινδούμενος·
1843 1495 1885 1523 ὅτι

1091 1541 1169 1576 οὗτος
1184 1543 1245 1579 μὲν.
1257 1542 1309 1580 τὴν
1318 1542 1423 1570 οἰκείαν
1435 1540 1627 1577 ἐπιγινώσκων
1637 1540 1792 1574 ἀσθένειαν,
1801 1548 1887 1576 μετα·

1092 1589 1167 1620 νοίας
1183 1589 1315 1625 ἀναμένει
1325 1589 1434 1625 καιρὸν,
1451 1589 1487 1616 δι’
1508 1585 1543 1625 ἧς
1558 1587 1665 1620 ἐλπίζει
1683 1587 1777 1623 τυχεῖν
1799 1595 1886 1622 σωτη-

1095 1635 1155 1671 ρίας
1166 1636 1244 1671 παρὰ
1257 1634 1326 1662 Θεοῦ
1337 1642 1344 1651 ·
1358 1635 1465 1667 ἐκεῖνος
1480 1634 1521 1668 δὲ,
1540 1633 1573 1661 τὸ
1592 1633 1653 1661 καθ’
1667 1632 1820 1669 ὑπερϐολὴν
1834 1633 1886 1668 τῆς

1090 1680 1192 1716 ἀρετῆς
1204 1680 1331 1708 διάκενον
1343 1680 1432 1716 οῐημα
1447 1679 1564 1715 ἀγνοῶν,
1577 1679 1615 1712 ὡς
1632 1678 1813 1714 δυσφόρητον,
1826 1679 1887 1706 ἐστὶ

1091 1725 1121 1752 δυ
1125 1725 1171 1752 σθε
1176 1726 1322 1762 ρὰπευτος.
1816 1741 1821 1744 -

1128 1773 1174 1805 ιγ’.
1194 1770 1283 1806 Λέγει
1311 1771 1439 1806 ὀκνηρὸς
1455 1772 1723 1808 ἀποστελλόμενος
1734 1774 1779 1807 εἰς
1792 1773 1864 1801 ὁδόν
1877 1781 1885 1789 ·

1093 1815 1177 1844 Λέων
1187 1816 1222 1844 ἐν
1231 1816 1297 1850 ταῖς
1310 1816 1395 1851 ὁδοῖς
1404 1825 1412 1833 ⁸
1427 1818 1462 1845 ὲν
1474 1817 1509 1845 δὲ
1522 1818 1588 1852 ταῖς
1600 1820 1757 1854 πλατείαις
1774 1829 1887 1855 φονευ-

1093 1862 1153 1890 ταί.
1169 1862 1199 1890 '0
1213 1863 1347 1899 ῥᾴθυμος,
1361 1864 1584 1900 προτρεπόμενος
1600 1865 1645 1892 διά
1658 1874 1688 1893 τε
1699 1865 1747 1893 τοῦ
1761 1865 1886 1903 γραπτοῦ

1093 1909 1189 1945 νόμου,
1202 1910 1251 1937 καὶ
1261 1909 1311 1936 τοῦ
1324 1910 1444 1945 φυσικοῦ
1460 1911 1490 1938 ἐν
1499 1911 1540 1946 τῷ
1555 1912 1714 1948 Δεσποτικῷ
1730 1912 1780 1939 καὶ
1796 1921 1885 1949 σωτη-

1094 1955 1145 1992 ρίῳ
1169 1955 1338 1992 πορευθῆναι
1353 1956 1499 1992 Θελήματι,
1517 1957 1584 1992 παρ’
1598 1957 1682 1984 αὑτοῦ
1705 1958 1816 1990 πάντως
1837 1959 1886 1986 τοῦ

1093 2001 1133 2032 εἰς
1143 2000 1174 2027 τδ
1188 1998 1259 2028 εἶναι
1271 2000 1370 2027 τοῦτον
1389 2002 1611 2037 παραγαγόντος,
1633 2003 1685 2029 καὶ
1707 2004 1792 2030 πᾶσιν
1808 2004 1886 2031 ὲννό-

1094 2055 1153 2082 μως
1168 2045 1381 2079 ἐπιστατοῦντος
1396 2048 1514 2083 Ποιητοῦ
1528 2048 1577 2076 καὶ
1589 2048 1727 2076 Δεσπότου
1747 2049 1803 2076 τῶν
1815 2049 1888 2077 ὅλων

1092 2092 1172 2125 Θεοῦ,
1195 2092 1396 2128 προφασίζεται
1422 2094 1587 2129 φοϐεῖσθαι*
1608 2095 1639 2122 ὲν
1662 2095 1713 2131 μὲν
1733 2096 1793 2128 ταῖς
1814 2098 1886 2124 κατὰ

1092 2137 1193 2174 πρᾶξιν
1212 2139 1318 2174 τρίϐοις
1332 2139 1388 2167 τῶν
1404 2140 1433 2167 ὲν
1448 2139 1488 2176 τῷ
1512 2140 1629 2177 γραπτῷ
1645 2142 1722 2177 νόμῳ
1744 2142 1825 2169 θείων
1839 2143 1885 2170 ὲν-

1091 2186 1188 2220 τολῶν,
1197 2187 1242 2214 διὰ
1257 2187 1288 2214 τδ
1298 2188 1349 2223 τῆς
1360 2187 1462 2223 ἀρετῆς
1475 2188 1617 2220 ἐπίπονον,
1631 2189 1678 2216 τδν
1688 2190 1767 2226 δίκην
1779 2190 1887 2223 λέοντος

1089 2233 1138 2265 τὰς
1155 2233 1209 2261 τῶν
1236 2233 1391 2270 ἀνθρώπων
1407 2234 1497 2270 ψυχὰς
1520 2235 1682 2271 ἁρπάζοντα
1702 2236 1818 2265 θάνατον
1829 2245 1837 2254 ³
1855 2238 1887 2264 ὲν

1090 2280 1120 2307 δὲ
1136 2279 1176 2315 τῷ
1190 2280 1240 2317 τῆς
1256 2281 1378 2316 φυσικῆς
1392 2281 1446 2308 τῶν
1464 2282 1550 2309 ὔντων
1564 2282 1684 2319 Θεωρίας
1699 2283 1808 2318 πλάτει,
1820 2285 1887 2317 τοὺς

1090 2327 1120 2354 ὲν
1134 2326 1223 2362 τούτῳ
1238 2327 1284 2354 διὰ
1293 2325 1329 2354 τὸΔ
1340 2327 1482 2362 ἀπατηλὸν
1496 2329 1548 2365 τῆς
1559 2328 1714 2365 αἰσθήσεως
1727 2329 1885 2366 λῃστρικῶς

1091 2373 1282 2409 ἐνεδρεύοντας
1307 2373 1450 2409 δαίμονας,
1476 2373 1527 2402 καὶ
1540 2376 1602 2407 ταῖς
1618 2375 1730 2410 ψευδέσι
1751 2378 1817 2412 περὶ
1829 2378 1886 2404 τῶν

1091 2419 1264 2454 φαινομένων
1294 2419 1396 2453 δόξαις,
1427 2420 1649 2457 ἀποστεροῦντας
1673 2422 1720 2448 τὸν
1744 2422 1807 2450 νοῦν
1833 2423 1885 2458 τῆς

1090 2465 1188 2493 τούτου
1202 2467 1232 2492 ὲν
1249 2465 1386 2502 πνεύματι
1396 2465 1480 2502 ζωῆς.

1127 2511 1169 2539 ιδ’.
1184 2511 1299 2546 ’Ὥσπερ
1312 2512 1387 2546 θύρα
1398 2512 1557 2547 στρέφεται
1567 2512 1617 2539 ἐπὶ
1626 2512 1680 2540 τοῦ
1691 2513 1886 2548 στρόφιγνος,

1091 2556 1186 2590 οὕτως
1203 2556 1330 2592 ὀκνηρὸς
1349 2556 1399 2584 ἐπὶ
1418 2556 1474 2591 τῆς
1489 2557 1600 2594 κλίνης
1620 2558 1725 2586 αὐτοῦ.
1751 2559 1888 2594 Καθάπερ

1092 2602 1162 2638 θύρα
1172 2603 1203 2630 ὲν
1218 2602 1292 2639 μόνῳ
1303 2603 1343 2639 τῷ
1356 2603 1414 2639 ἰδίῳ
1427 2603 1574 2640 στρόφιγγι
1584 2605 1800 2641 περιστρέφεται
1810 2607 1888 2633 ἀνοι-

1091 2649 1207 2685 γομένη,
1221 2649 1292 2677 οὕτω
1306 2651 1354 2677 καὶ
1363 2651 1378 2678 ό
1392 2650 1462 2685 πρὸς
1473 2651 1523 2687 τὴν
1538 2652 1672 2687 ἐργασίαν
1685 2652 1740 2678 τῶν
1756 2651 1802 2679 τοῦ
1817 2651 1889 2679 Θεοῦ

1091 2695 1210 2723 ἐντολῶν
1233 2696 1279 2724 διὰ
1300 2697 1332 2724 τὸ
1348 2697 1398 2732 τῆς
1413 2698 1516 2734 ἀρετῆς
1539 2699 1680 2733 ἐπίπονον,
1701 2698 1836 2735 ῥᾴθυμος,
1854 2701 1888 2735 τῇ

1093 2742 1177 2778 σαρκὶ
1193 2741 1232 2773 ῶς
1250 2750 1304 2770 τινι
1322 2742 1413 2779 κλίνῃ,
1430 2743 1476 2770 διὰ
1494 2743 1653 2779 φιληδονίαν
1670 2745 1889 2780 ἐπαναπαυόμε-

1091 2796 1148 2822 νος,
1162 2787 1233 2824 μόνῃ
1245 2790 1278 2824 τῇ
1297 2789 1462 2825 ὲμμερίμνῳ
1478 2789 1571 2826 σχέσει
1585 2790 1689 2827 ταύτης
1703 2791 1890 2827 ἑμπεριστρές

1094 2843 1176 2870 φεται
1186 2843 1193 2850 ·
1217 2835 1289 2863 κατὰ
1307 2836 1356 2872 μὲν
1371 2836 1522 2872 ἐπιθυμίαν
1537 2837 1700 2870 ἀκόλαστον,
1723 2837 1778 2865 τῶν
1794 2838 1890 2874 ὲνηδό-

1096 2888 1151 2909 νων
1173 2880 1292 2916 ὀρέξεων
1320 2881 1570 2918 ἐπιστρεφόμενοςδ
1604 2883 1676 2912 κατὰ
1692 2883 1721 2911 δὲ
1749 2884 1835 2920 θυμὸν
1850 2885 1892 2920 μὴ
