2072 3161
193 153 261 186 1485

686 148 956 185 COMMENTARII
973 150 1014 181 IN
1032 151 1261 183 PROVL‘RBIA.

1762 155 1830 188 1236

191 209 333 246 ἀνδρείως,
355 209 404 242 τὰς
433 208 568 246 ἐπιφορὰς
583 208 639 237 τῶν
653 208 793 245 ὀδυνηρῶν
810 206 982 242 ἀποστρεφό-

1037 207 1276 249 ιυηψιδερίιιίιθηι
1294 215 1350 236 non
1365 208 1482 238 viriliter
1506 209 1625 246 impetus
1638 210 1829 240 calamitatum

193 264 291 292 μενος·
321 256 370 282 καὶ
397 255 529 291 ὑπάρχων
557 255 624 291 πρὸς
641 255 691 291 μὲν
719 253 822 289 γνῶσιν
844 253 985 288 ἀκίνητος.

191 302 265 338 πρὸς
277 301 305 329 δὲ
317 300 420 337 ἀρετὴν
435 300 628 337 ἀνενέργητος.

229 347 270 374 ιε’.
291 347 417 381 Κρὺψας
438 345 569 381 ὀκνηρὸς
582 345 641 381 τὴν
665 345 752 381 zeipa
774 344 869 373 αὐτοῦ
892 343 929 371 ἐν
946 344 987 377 τῷ

192 394 296 426 κόλπῳ
327 393 440 426 αὐτοῦ,
468 393 505 420 οὐ
537 391 663 420 δύναται
684 390 860 426 ἐπενεγκεῖν
885 391 929 424 εις
952 391 987 418 τὸ

192 439 300 474 στόμα.
328 438 462 474 Καλύψας
486 438 501 465 6
531 439 600 475 πρὸς
631 438 764 474 ἐργασίαν
789 437 846 465 τῶν
869 437 986 464 ἐντολῶν

193 485 324 520 ῥᾴθυμος,
337 485 366 512 ἐν
378 484 417 521 τῷ
427 485 500 512 κατά
508 485 598 521 ψυχὴν
608 485 727 521 ταμιείῳ
738 483 834 516 αὐτοῦ,
848 483 898 519 τὴν
910 483 986 519 παρά

191 531 260 559 Θεοῦ
276 531 404 558 δοθεῖσαν
421 530 579 567 πρακτικὴν
595 530 724 566 δύναμιν,
740 530 787 558 ἅτε
804 530 843 566 μὴ
855 529 986 557 ἐκτείνων

191 576 294 612 ταύτην
310 576 380 611 πρὸς
394 575 444 612 τὴν
458 576 514 604 τῶν
527 576 608 604 θείων
622 576 740 604 ἐντολῶν
753 575 908 612 ἐνέργειαν.
926 584 987 610 φει-

191 621 233 649 δοῖ
244 623 294 657 τῆς
309 621 422 657 σαρκὸς,
438 621 483 649 διὰ
501 621 533 648 τὺ
548 622 600 658 τῆς
616 621 719 658 ἀρετῆς
738 621 879 655 ἑπίπονονθ
890 621 922 648 o6
938 620 986 648 δύ-

191 676 271 695 ναται
286 667 302 703 ἧ
317 667 417 703 θρέψαι
440 667 538 694 ἑαυτὸν
559 669 593 704 τῇ
604 667 658 695 τῶν
675 668 766 695 αὐτῶν
779 667 896 695 ἐντολῶν
911 666 985 694 κατὰ

191 712 294 749 πρᾶξιν
305 712 410 747 γεύσει,
425 713 442 749 ἢ
456 713 551 749 ὀρέξαι
567 714 648 750 χεῖρα
661 713 790 749 βοηθείας
799 713 839 749 τῷ
851 713 986 748 ἐπαγγελ-

190 757 259 792 τικῷ
273 757 322 792 τῆς
333 757 464 793 ἀληθείας
479 758 664 795 διδασκαλικῷ
675 758 760 786 αὑτοῦ
774 758 857 794 λόγῳ,
870 758 905 786 δι’
918 758 985 785 ἀκο-

190 802 295 831 λούθων
319 803 396 839 αὐτῷ
413 804 576 840 πρακτικῶν
602 803 725 840 σημείων
753 804 795 836 εἰς
817 803 982 839 βεϐαίωσιν·

190 848 263 876 ὥστε
287 848 421 876 δύνασθαι
452 849 537 876 αὑτὸν
559 849 746 885 πληροφορείν
772 849 838 882 τοὺς
866 849 982 877 ἀκούον-

190 903 253 927 τας.

228 940 276 973 ις’.
297 940 469 976 Σοφώτερος
485 940 586 974 ’ἑαυτῷ
610 940 743 975 ὀκνηρὸς
764 941 914 976 φαίνεται,
929 941 987 968 τοῦ

190 984 226 1012 ἐν
239 985 406 1021 πλησμονῇ
430 985 665 1021 ἀποκομίζοντος
687 986 844 1022 ἀγγελίαν.
862 985 892 1013 '0
916 985 984 1022 πρὸς

190 1032 242 1065 τὴν
267 1031 402 1067 ἐργασίαν
432 1031 481 1059 τοῦ
504 1031 611 1070 ἀγαθοῦ
636 1032 776 1068 ῥᾴθυμος,
801 1031 985 1068 συνετώτερον

191 1074 289 1104 ἑαυτὸν
309 1077 407 1111 οἴεται,
419 1077 467 1105 τοῦ
490 1078 522 1105 iv
547 1077 588 1114 τῷ
613 1077 813 1114 πεπληρῶσθαι
836 1077 984 1112 συνέσεως,

190 1122 294 1159 ταύτην
312 1123 346 1150 δι’
371 1123 462 1159 ἐργων
483 1123 659 1159 δικαιοσύνης
680 1123 925 1159 καταγγέλλοντος,
943 1124 984 1151 ὅτι

193 1169 233 1205 μὴ
247 1169 285 1201 ὼς
297 1169 403 1201 ἐκεῖνος
417 1169 458 1206 τῷ
479 1169 580 1205 τραχεῖ
592 1169 641 1196 τοῦ
659 1170 730 1197 κατὰ
748 1169 815 1197 Θεὸν
832 1169 902 1205 βίου,
916 1169 985 1197 ἀλλά

190 1215 252 1246 ταῖς
268 1215 417 1250 σαρκικαϊς
431 1214 618 1250 ἡδυπαθείαις
636 1214 738 1250 μᾶλλον
758 1215 908 1242 ἐκδέδωκεν
921 1215 984 1242 ἐσυ-

190 1259 236 1286 τόν
246 1267 254 1276 θ
271 1259 309 1296 μὴ
323 1259 402 1292 εἰδὼς
412 1259 469 1296 γάρ
480 1260 511 1288 τὸ
521 1260 608 1293 ὅντως
623 1260 739 1295 ἀγαθὸν,
760 1260 867 1296 νομίζει
880 1260 984 1295 ἀγαθὸν

190 1306 222 1332 τὸ
239 1306 277 1342 μὴ
289 1306 319 1333 ὃν
332 1303 447 1340 ἀγαθόν.

229 1351 272 1384 ιζ’.
292 1347 410 1386 ’Ὠσπερ
432 1352 449 1379 ὁ
465 1349 583 1386 κρατῶν
601 1348 712 1386 κέρκου
728 1351 833 1384 κυνὸς,
857 1351 952 1385 οὕτως
967 1349 984 1379 ὀ

190 1396 345 1432 προεστὼς
360 1397 527 1432 ἀλλοτρίας
552 1397 691 1432 κρίσεως.
719 1396 854 1432 Καθάπερ
867 1397 881 1424 6
895 1397 982 1424 ἀπτό-

192 1451 275 1478 μενος
289 1440 399 1478 οὐραίου
415 1442 508 1476 κυνὸς,
527 1442 646 1470 κωλύειν
663 1441 758 1470 τοῦτον
773 1442 921 1478 ἐπιχειρῶν
934 1442 983 1478 τῆς

191 1489 238 1515 ἐπὶ
253 1489 289 1515 τὰ
302 1488 399 1524 πρόσω
414 1489 514 1523 φορᾶς,
526 1488 658 1516 δάκνεται
677 1488 724 1516 ὑπ’
739 1484 836 1522 αὐτοῦ,
853 1485 983 1515 σπεύδον-

189 1539 236 1566 τος
247 1533 319 1570 ἔχειν
342 1533 483 1561 ἀκώλυτον
496 1533 548 1570 τὴν
573 1533 674 1570 ὁρμὴν,
691 1530 779 1566 οὕτως
801 1534 816 1561 6
839 1533 910 1561 κατὰ
932 1530 983 1570 τὴν

190 1565 326 1617 λαχούσαν
341 1579 416 1618 αὐτῷ
430 1565 694 1618 ἀρχὴνΠάνακρῑνων
705 1565 811 1616 ἕτερον,
827 1581 875 1608 καὶ
886 1565 981 1613 ἐξετάἀ
996 1565 1019 1597 C

189 1627 245 1660 ζων
260 1627 296 1654 τά
323 1627 385 1654 κατ’
411 1627 494 1655 αὐτὸν
512 1625 667 1662 προεστὼς,
680 1624 794 1662 ἐπέχειν
809 1622 905 1654 τοῦτον
920 1627 980 1653 ἑπι-

189 1672 292 1709 χειρῶν
305 1672 356 1708 τῆς
371 1672 442 1708 πρὸς
456 1671 557 1700 κακίαν
573 1672 673 1709 ῥοπῆς,
692 1671 901 1699 ἐπιϐουλεύεται
916 1671 982 1708 παρ’

189 1718 287 1754 αὑτοῦ,
302 1719 340 1755 μὴ
365 1718 530 1755 βουλομένου
545 1718 593 1746 τοῦ
609 1717 740 1746 κακίστου
763 1718 982 1755 ἐπιχειρήματος

190 1765 344 1802 εἴργεσθαι.
616 1770 618 1772 ’

225 1812 272 1848 ιη’,
293 1811 336 1839 ιϐ’.
357 1812 473 1846 ’Ὠσπερ
485 1812 513 1840 οι
522 1810 638 1846 ιώμενοι
650 1811 858 1846 προϐάλλουσι
869 1811 981 1846 λόγους

189 1858 234 1890 εις
250 1856 436 1891 ἀνθρώπους,
447 1857 464 1883 δ
473 1855 508 1882 δὲ
523 1855 705 1889 ἀπαντήσας
712 1855 752 1888 τῷ
759 1857 840 1890 λόγῳ
852 1855 980 1890 πρῶτος,

189 1901 507 1935 ὑποσκελισθήσεταιι
531 1901 608 1928 οὕτω
631 1900 743 1934 πάντες
767 1902 796 1928 οί
806 1901 982 1935 ἐνεδρεύον-

189 1955 239 1981 τες
253 1947 325 1981 τοὺς
338 1946 454 1974 ἑαυτῶν
464 1947 587 1982 φίλους.
612 1946 706 1974 ὀταν
721 1945 756 1973 δὲ
772 1946 917 1981 ὀραθῶσι,
928 1947 980 1974 λέ-

189 1999 310 2027 γουσιν,
328 1991 374 2018 ὅτι
399 1991 514 2022 Παίζων
533 1990 660 2026 ἔπραξα.
674 1990 808 2027 Καθάπερ
824 1991 850 2018 οι
867 1991 982 2028 πλήρεις

191 2037 231 2065 ιοῦ
244 2037 406 2073 βασκανίας,
415 2037 543 2074 δολεροὺς
553 2037 650 2072 λόγους
659 2037 729 2073 πρὸς
740 2037 903 2073 ἀνθρώπους
916 2046 983 2074 προ-

188 2084 334 2116 τείνουσιν.
351 2083 381 2116 ὃς
403 2083 427 2111 δ’
446 2083 481 2111 ἂν
501 2082 610 2119 πρῶτος
632 2082 856 2118 κατασοφισθεὶς,
879 2091 982 2118 συγκα-

187 2129 298 2157 τάθοιτο
316 2137 372 2156 τινι
387 2128 442 2156 τῶν
460 2129 591 2156 τοιούτων
612 2127 712 2163 λόγων,
729 2128 980 2165 περιτραπήσεται,

189 2177 238 2204 καὶ
257 2176 322 2209 τοὺς
343 2175 454 2212 ἑτέρους
471 2175 574 2209 διδάξει
594 2175 752 2211 προσέχειν,
769 2174 840 2202 ὥστε
861 2176 896 2211 τῇ
925 2175 981 2203 τῶν

1038 248 1178 282 avertens.
1191 254 1232 282 Ad
1247 255 1394 284 scientiam
1413 256 1526 292 quidem
1558 257 1702 293 immotus,
1724 258 1758 286 ad
1774 259 1830 286 vir-

1036 303 1123 327 tutem
1139 305 1232 328 autem
1242 300 1318 329 iners
1335 301 1455 330 exsistit.

1073 344 1159 373 Vens.
1174 345 1219 373 15.
1239 346 1412 375 Αίηεοηάεηε
1423 348 1498 383 piger
1519 357 1627 377 manum
1643 349 1671 377 in
1688 350 1750 378 sinu
1778 358 1828 378 sua

1037 398 1090 419 non
1103 392 1203 426 poterit
1215 392 1321 420 mittere
1330 393 1365 420 ad
1380 402 1421 422 os.
1437 394 1490 428 Qui
1513 395 1592 431 piger
1605 401 1648 424 est
1662 396 1738 424 circa
1749 404 1829 425 man-

1036 437 1165 465 datorum
1198 439 1435 475 adimpletionem,
1466 440 1494 468 in
1530 442 1594 470 sinu
1624 442 1724 470 anima:
1758 451 1826 476 suae,

1036 483 1135 518 agendi
1169 484 1321 520 potentiam
1346 485 1428 522 ipsia
1453 486 1510 514 Deo
1521 486 1615 515 datum
1637 488 1826 522 abscondens.

1036 536 1096 557 eam
1115 529 1221 558 scilicet
1236 538 1291 558 non
1309 531 1473 567 expandens
1489 531 1523 559 ad
1542 532 1670 560 mandata
1701 532 1749 560 Dei
1775 533 1828 560 im-

1036 574 1148 611 plenda,
1163 575 1199 603 ob
1216 575 1415 612 indulgentiam
1431 577 1559 613 corporis
1575 577 1742 613 virtutisque
1751 578 1828 606 labo-

1035 628 1104 653 rem.
1116 629 1172 649 non
1183 625 1275 658 potest
1293 630 1384 658 neque
1400 622 1456 651 frui
1472 627 1554 659 gustu
1571 624 1668 659 praxis
1683 624 1828 652 mandato-

1034 675 1096 695 rum
1112 667 1232 701 illorum,
1249 675 1340 704 neque
1358 669 1501 705 porrigere
1523 677 1636 697 manum
1668 670 1826 698 ausiliatri-

1035 721 1095 743 cem
1110 714 1245 742 doctrinae
1260 715 1407 743 veritatem
1435 715 1586 749 nuntianti,
1613 723 1662 752 per
1673 717 1752 752 signa
1764 724 1828 751 pra-

1035 760 1108 788 ctica
1136 768 1198 796 qua:
1210 760 1284 789 illam
1311 766 1469 797 sequuntur
1481 768 1514 789 ac
1540 761 1718 794 confirmant,
1733 762 1772 789 ita
1797 766 1827 789 ut

1035 805 1068 833 ad
1080 805 1190 841 plenum
1210 807 1299 842 possit
1312 806 1480 843 persuadere
1492 807 1649 836 audientes.

1072 938 1156 967 Vens.
1170 938 1216 967 16.
1234 938 1389 974 sapientior
1404 939 1457 968 sibi
1470 939 1545 976 piger
1563 940 1668 968 videtur
1681 948 1712 968 eo
1724 936 1770 976 qui
1798 941 1827 967 iu

1035 986 1177 1014 saturitate
1191 985 1271 1021 refert
1287 986 1421 1013 nuntium.
1438 985 1491 1019 Qui
1505 985 1581 1021 piger
1594 990 1638 1014 est
1646 985 1721 1014 circa
1731 993 1827 1021 opera-

1034 1031 1140 1060 tionem
1166 1031 1242 1064 boni,
1274 1034 1355 1068 putat.
1384 1039 1416 1060 se
1435 1031 1633 1067 sapientiorem
1649 1039 1683 1060 eo
1696 1032 1743 1068 ιιιιί
1778 1039 1828 1067 per

1035 1084 1118 1113 opera
1141 1077 1258 1113 iustitiae
1288 1077 1499 1113 intelligentiam
1541 1085 1596 1114 qua
1628 1078 1759 1114 impletus
1784 1083 1828 1107 est

1035 1122 1166 1150 ostendit.
1194 1121 1264 1151 Vitae
1298 1122 1451 1151 secundum
1473 1121 1558 1150 Deum
1588 1123 1750 1151 brevitatem
1769 1131 1825 1152 non

1034 1168 1229 1200 considerans.
1243 1168 1338 1197 carnis
1348 1168 1538 1204 voluptatibus
1546 1176 1608 1198 sese
1618 1169 1747 1202 tradidit;
1761 1178 1824 1198 nam

1034 1223 1128 1244 verum
1147 1215 1249 1244 bonum
1269 1215 1387 1252 ignorat,
1399 1216 1559 1252 bonumque
1587 1220 1666 1252 putat
1679 1217 1752 1253 quod
1777 1218 1827 1245 bo-

1035 1270 1100 1290 num
1116 1270 1170 1290 non
1186 1267 1240 1291 est.

1071 1348 1155 1377 Vens.
1177 1349 1220 1378 l7.
1238 1349 1314 1379 Sicut
1329 1351 1374 1386 qui
1392 1355 1461 1380 tenet
1473 1351 1591 1380 caudam
1615 1353 1710 1387 canis,
1723 1353 1762 1381 sic
1778 1351 1825 1389 qui

1037 1395 1164 1429 praesidet
1180 1395 1267 1423 alieno
1276 1395 1392 1432 judicio.
1418 1396 1656 1430 Quemadmodum
1676 1399 1724 1434 qui
1751 1402 1827 1427 tcnct

1035 1440 1152 1468 caudam
1169 1441 1250 1469 canis
1263 1448 1383 1477 eumque
1407 1446 1526 1470 conatur
1557 1442 1691 1478 impedire
1704 1450 1739 1471 ne
1754 1441 1825 1472 ultra

1035 1480 1134 1519 irruat,
1157 1485 1193 1514 ab
1222 1487 1283 1523 ipso
1312 1487 1465 1522 mordetur,
1485 1488 1550 1516 dum
1577 1488 1693 1519 liberum
1712 1489 1826 1518 festinat

1034 1531 1136 1560 habere
1150 1531 1282 1568 impetum
1305 1541 1313 1560 :
1343 1533 1381 1560 ita
1406 1534 1453 1569 Qui
1482 1534 1635 1562 secundum
1661 1534 1824 1570 dignitatem

1034 1585 1118 1613 quam
1130 1578 1248 1607 sortitus
1260 1583 1304 1607 est
1316 1579 1401 1607 alium
1411 1580 1528 1615 iudicat,
1544 1585 1572 1608 et
1588 1581 1623 1609 de
1645 1588 1679 1609 eo
1707 1581 1825 1618 inquisi-

1034 1623 1103 1651 tioni
1118 1629 1229 1659 praeest,
1241 1624 1319 1652 illum
1336 1625 1372 1653 ab
1380 1625 1562 1653 inclinatione
1575 1626 1609 1653 ad
1639 1627 1742 1654 malum
1773 1628 1825 1654 im-

1033 1670 1129 1706 pedire
1155 1670 1294 1705 conando,
1326 1670 1362 1699 ab
1381 1671 1442 1707 ipso
1469 1673 1575 1707 patitur
1598 1671 1727 1706 insidias,
1762 1674 1824 1707 quia

1033 1723 1088 1744 non
1101 1715 1160 1744 vult
1176 1715 1229 1744 iste
1240 1716 1376 1752 pessimus
1384 1721 1484 1744 conatu
1496 1717 1644 1746 contineri.

1070 1806 1152 1836 Vsus.
1165 1806 1208 1840 18,
1220 1806 1262 1836 l9.
1271 1805 1347 1835 Sicut
1357 1807 1403 1842 qui
1414 1811 1544 1834 curantur
1554 1807 1631 1835 verba
1640 1807 1780 1843 proferunt
1795 1808 1823 1836 in

1032 1852 1150 1881 homines
1160 1873 1168 1886 ,
1182 1853 1228 1888 qui
1242 1857 1333 1880 autem
1362 1853 1480 1880 occurrit
1495 1854 1572 1881 verba
1592 1854 1824 1889 supplantabitur,

1033 1897 1103 1934 [l9].
1119 1899 1158 1926 sic
1173 1907 1262 1926 omnes
1278 1899 1324 1934 qui
1337 1899 1503 1926 insidiantur
1511 1899 1604 1927 amicis
1616 1900 1685 1933 suis,
1704 1907 1762 1927 cum
1777 1908 1826 1927 au-

1033 1947 1084 1969 tem
1095 1942 1145 1969 visi
1155 1942 1266 1977 fuerint,
1277 1942 1368 1970 dicunt
1378 1943 1441 1977 quia
1450 1943 1545 1970 ludens
1555 1943 1616 1978 feci.
1628 1944 1708 1972 Sicut
1721 1945 1767 1980 qui
1780 1946 1823 1972 in-

1031 1987 1111 2017 vidiae
1120 1995 1228 2016 veneno
1239 1993 1305 2016 sunt
1316 1989 1401 2025 pleni,
1420 1989 1503 2017 verba
1521 1989 1617 2017 dolosa
1635 1990 1779 2026 proferunt
1794 1991 1822 2019 in

1032 2033 1338 2069 homines.Quicunque
1346 2034 1465 2070 primum
1479 2034 1515 2062 ab
1523 2034 1578 2063 illis
1588 2035 1821 2072 deceptus,alicni

1032 2080 1135 2108 horum
1152 2080 1238 2109 verba
1250 2081 1436 2114 consenserit,
1460 2081 1696 2116 supplantabitur.
1712 2088 1740 2110 et
1751 2081 1823 2111 alios

1031 2133 1130 2154 cavere
1139 2126 1250 2155 docebit
1261 2134 1295 2155 ne
1309 2126 1404 2154 talium
1420 2134 1580 2155 sermonum
1607 2127 1716 2156 fallacia
1747 2129 1823 2156 abri-

1031 2172 1134 2209 piatur.
1146 2173 1187 2201 Ita
1202 2180 1299 2202 omnes
1308 2173 1356 2209 qui
1371 2173 1442 2201 clam
1457 2173 1626 2201 insidiantur
1640 2173 1740 2202 amicis
1749 2175 1821 2208 suis,

188 2221 319 2249 τοιούτων
333 2220 422 2256 λόγων
444 2221 539 2258 ἀπάτῃ
563 2220 601 2256 μὴ
624 2220 866 2256 συναρπάζεσθαι·
893 2220 980 2253 οὕτως

1033 2220 1094 2248 illos
1110 2227 1159 2256 per
1169 2227 1201 2248 ea
1212 2227 1275 2255 quae
1285 2219 1383 2248 dicunt
1399 2219 1638 2247 circumveniunt.
1650 2218 1720 2250 Cum
1729 2224 1820 2249 autem

188 2266 308 2299 ἅπαντες
322 2267 347 2294 οι
363 2266 501 2302 λαθραίως
517 2265 742 2298 ἐπιϐουλεύοντες
754 2267 812 2298 τοϊς
832 2265 978 2300 ἀγαπῶσιν

1033 2266 1066 2293 ab
1079 2265 1149 2302 ipsis
1165 2265 1330 2301 deprehensi
1344 2265 1461 2299 fuerint,
1472 2273 1534 2294 sese
1549 2265 1673 2294 defendit
1702 2265 1822 2301 quisque

188 2312 299 2346 αὐτοὺς,
319 2311 550 2348 περιεργάζονται
571 2310 695 2344 τούτους,
710 2311 744 2338 δι’
770 2307 808 2338 ὧν
832 2311 976 2346 λέγουσιν·

187 2359 287 2387 ὁπόταν
300 2359 329 2387 δὲ
343 2358 420 2395 παρὰ
432 2356 535 2386 τούτων
546 2357 763 2392 διαγνωσθᾶηιν,
779 2357 977 2392 ἀπολογοῦνται

187 2406 303 2438 ἕκαστος
319 2406 435 2440 τούτων,
461 2403 500 2437 ὡς
513 2401 754 2441 χαριεντιζόμενος
774 2403 913 2431 ἐπλάσατο
926 2403 988 2439 τὴν,

1030 2319 1127 2340 eorum
1139 2312 1247 2345 dicens,
1266 2311 1333 2348 quia
1347 2319 1396 2348 per
1407 2312 1503 2348 jocutn
1532 2312 1676 2340 simulavit
1692 2311 1821 2341 insidias.

1031 2357 1061 2385 In
1074 2357 1177 2385 lumine
1192 2358 1254 2393 ipso
1268 2357 1449 2394 cognitionis,
1464 2362 1602 2386 conantur
1609 2358 1674 2386 mali
1686 2357 1820 2386 malitiam

1031 2411 1109 2433 suam
1124 2405 1277 2433 occultare.
1415 2404 1424 2414 '

187 2451 349 2488 δπιϐονλήν·
368 2451 416 2480 καὶ
432 2452 461 2478 ἐν
482 2450 558 2487 αὐτῷ
571 2450 611 2486 τῷ
632 2449 682 2485 τῆς
705 2448 880 2484 διαγνώσεως
892 2449 976 2484 φωτὶ,
997 2449 1202 2486 ἐπιχειροῦντες
1226 2449 1386 2483 συσκιάζειν
1424 2450 1449 2477 οἱ
1475 2449 1566 2478 σκαιοὶ
1596 2450 1646 2487 τὴν
1669 2452 1822 2488 σκαιωρίαν

187 2501 287 2529 αὐτῶν.

225 2549 259 2574 κ’.
280 2545 330 2573 ἐν
343 2545 471 2578 πολλοῖς
485 2545 590 2577 ξύλοις
609 2544 714 2572 θάλλει
734 2543 812 2578 πῦρ·
839 2542 918 2571 ὅπου
942 2543 978 2570 δὲ

186 2592 242 2620 οὐκ
271 2590 338 2618 εστι
363 2590 498 2624 δίθυμος,
514 2588 659 2625 ἡσυχάζει
683 2589 777 2624 μάχη.
799 2585 878 2617 Οἶδεν
897 2589 914 2624 ή
927 2587 976 2616 τοῦ

185 2637 274 2674 πυρὸς
290 2635 383 2672 φύσις,
399 2634 451 2670 ὕλῃ
472 2634 558 2668 ξύλων
577 2635 663 2671 πολλῇ
679 2634 912 2671 ὲμπλατύνεσθαι,
928 2634 977 2662 καὶ

186 2684 227 2716 είς
254 2683 384 2719 μέγιστον
407 2680 475 2716 ὕψος
495 2680 674 2717 ἐπαίρεσθαι·
701 2680 746 2708 τὸν
762 2680 846 2708 αὐτὸν
866 2680 976 2712 πάντως

186 2729 288 2765 τρόπον
313 2728 362 2755 καὶ
381 2727 397 2754 6
421 2725 579 2762 tv60uuxdw
603 2725 701 2762 θυμὸς,
726 2726 794 2762 ’ὕλης
820 2725 977 2763 προσφέρου

186 2775 364 2812 δραξάμενος.
388 2772 608 2806 διπλασιάζεται.
637 2771 760 2809 μεγάλην
783 2771 886 2808 ἔχθραν
907 2771 976 2799 ἀνά-

190 2828 277 2847 πτωνσ
305 2819 369 2847 ἔνθα
388 2819 419 2847 δὲ
445 2819 460 2846 6
484 2818 591 2846 ἔνδοθεν
609 2817 804 2854 ἑμφωλεύοντα
826 2818 873 2845 τὸν
890 2816 976 2853 θυμὸν

192 2865 375 2900 ιεκτημένος,
404 2865 442 2902 μὴ
462 2864 580 2902 ὑπάρχει
604 2863 794 2896 διπλασιάζειν
817 2863 899 2891 αὑτὸν
921 2863 976 2891 ἀπὸ

1066 2542 1149 2570 Vens.
1175 2541 1222 2569 20.
1249 2541 1315 2569 Cum
1345 2541 1489 2576 defecerint
1524 2542 1610 2577 ligna,
1634 2544 1822 2581 entinguetur

1029 2588 1098 2624 ignis
1116 2597 1126 2616 :
1138 2591 1163 2615 et
1181 2595 1326 2615 susurrans
1342 2588 1591 2625 subtracto,jurgia
1618 2591 1819 2627 conquiescent.

1028 2635 1111 2663 Novit
1125 2634 1198 2670 ignis
1218 2638 1316 2662 natura
1331 2634 1418 2661 multa
1429 2634 1567 2670 lignorum
1580 2637 1697 2665 materia
1708 2640 1818 2667 extendi

1029 2685 1057 2710 et
1071 2681 1100 2709 in
1113 2681 1261 2709 maximam
1278 2680 1454 2709 altitudinem
1466 2681 1570 2710 eli'erri.
1585 2681 1688 2712 Eodem
1705 2693 1819 2721 prorsus

1030 2726 1112 2755 modo
1129 2730 1157 2755 et
1169 2726 1210 2754 ira
1226 2726 1326 2761 latens,
1342 2726 1455 2763 abrepta
1480 2729 1658 2757 convenienti
1690 2732 1820 2765 materia.

1029 2773 1200 2809 duplicatur,
1218 2779 1349 2809 magnum
1364 2773 1518 2802 accendens
1549 2774 1655 2803 odium.
1683 2775 1713 2804 Si
1743 2778 1819 2806 intus

1029 2819 1160 2847 latentem
1178 2817 1303 2847 continet
1319 2818 1403 2853 iram,
1415 2826 1466 2848 nec
1480 2819 1563 2848 datur
1576 2825 1688 2850 externa
1705 2824 1819 2852 occasio

1029 2863 1103 2890 illam
1119 2863 1288 2899 duplicandi,
1305 2864 1380 2892 intus
1397 2864 1426 2893 in
1442 2865 1534 2895 anima
1543 2867 1712 2904 conquiescit
1724 2868 1817 2897 odium
