2072 3161
245 143 313 175 14δῖ

246 201 274 229 in
301 200 468 237 proximum.
494 198 561 227 Cum
578 199 656 227 abest
690 199 847 234 obiectum.
865 197 1041 229 odiumdton
1057 199 1081 228 Α

245 253 308 276 actu
320 247 477 276 ostenditur
496 246 576 283 quasi
591 254 639 282 per
653 252 788 282 organum
806 244 944 280 corporis.

289 385 371 413 Vsus.
397 385 443 413 2|.
471 384 610 413 Craticula
637 383 796 412 carbonibus
820 387 846 410 et
867 383 939 419 ligna
970 383 1037 419 igni,

247 434 324 461 homo
339 438 427 460 autem
441 431 649 459 contumeliosus
665 431 699 457 ad
733 430 880 457 tumultum
913 430 972 457 ine.
988 428 1038 456 Ac-

246 480 373 507 cenditur
395 478 506 514 quidem
530 478 667 505 craticula
707 484 793 512 super
839 476 985 508 carbones,
1009 480 1039 504 ct

246 526 383 552 ﬂammam
407 523 538 551 emittunt
563 523 703 558 copiosam
733 523 806 558 ligna
839 529 924 558 super
943 522 1033 557 ignem

247 573 334 606 posita
351 581 358 599 ε
376 571 460 598 homo
469 574 559 598 autem
576 570 622 605 qui
638 570 767 597 absentes
783 569 946 597 calumniari
958 569 1037 602 solet,

245 625 307 644 cum
337 616 472 644 invenerit
493 615 627 651 quosdam
655 615 720 644 odio
732 619 831 643 contra
858 616 967 651 aliquos
981 622 1040 650 per-

245 668 348 696 motos,
362 663 396 691 de
411 663 455 691 his
468 662 543 690 addit
556 662 721 696 calumnias,
736 667 763 690 et
778 661 931 690 odientimn
941 666 1038 690 contra

245 717 292 737 eos
316 717 386 744 quos
412 709 528 737 oderant
559 715 688 744 magnum
705 708 830 736 accendit
854 707 1040 741 odium,bel-

245 755 358 790 tumque
372 755 405 782 ad
422 754 539 781 invicem
554 754 673 789 amplius
702 754 834 782 concitat.
852 753 958 781 Exinde
973 754 1038 781 dum

245 801 308 827 illos
322 799 506 827 reconciliare
520 798 632 826 deberet
647 806 680 826 ac
695 799 754 827 lieri
773 799 821 827 Dei
834 798 933 832 Filius,
951 806 967 826 a
982 799 1038 826 Deo

245 846 275 873 tit
290 846 407 873 alienus.

281 891 421 919 Vsus.22.
445 891 529 919 Verba
541 896 708 919 rersutorum
733 891 837 924 mollia,
863 891 924 926 ipsa
947 894 1036 917 autem
1052 880 1076 911 Β

245 939 396 972 perveniunt
411 938 446 966 ad
466 939 562 966 intima
573 939 683 966 uentris.
716 935 806 966 Verba
822 945 918 966 eorum
930 937 978 973 qui
1004 937 1038 964 ad

245 985 360 1019 gratiam
377 984 542 1020 captandam
558 985 722 1020 loquuntur,
734 984 808 1012 omni
821 983 922 1011 duritie
931 986 1037 1011 carent.

245 1030 297 1064 Qui
314 1036 405 1058 autem
429 1031 475 1058 illa
493 1030 652 1067 proferunt,
667 1030 781 1058 occlusa
796 1030 935 1058 viscerum
955 1028 1038 1065 quasi

245 1077 436 1112 promptuaria
450 1080 588 1104 conantur
612 1075 647 1104 ad
667 1075 887 1104 misericordiam
917 1074 1036 1110 aperire.

246 1122 275 1149 Si
289 1122 373 1156 igitur
389 1121 422 1149 ad
439 1123 555 1157 gratiam
570 1121 735 1156 captandam
764 1120 839 1156 loqui
856 1123 970 1156 propter
986 1127 1036 1148 ve-

245 1169 335 1197 ritatis
346 1171 535 1203 contemplent
552 1175 606 1195 non
620 1167 734 1201 bonum,
745 1166 878 1202 culpandi
894 1171 957 1194 sunt
975 1173 1037 1193 om-

245 1215 312 1243 nino
327 1213 458 1242 immites.

283 1271 366 1299 Vens.
386 1270 432 1299 25.
449 1271 594 1307 Argentum
608 1270 702 1298 datum
732 1278 792 1298 eum
812 1269 885 1303 dolo,
908 1274 1037 1305 tanquam

247 1321 314 1344 testa
327 1315 553 1350 reputandum.Si
567 1316 630 1351 quis
646 1321 789 1351 argentum
803 1314 926 1348 impertit
940 1314 1036 1346 alicui,

245 1363 369 1390 videntes
385 1362 537 1398 decipiens,
555 1361 664 1389 laudem
696 1361 733 1393 ab
757 1360 811 1389 illis
833 1365 965 1396 captans,
993 1368 1039 1388 rc-

246 1409 396 1444 pntandmn
411 1412 454 1436 est
467 1408 534 1435 illud
551 1412 700 1443 argentum
727 1415 781 1434 non
795 1404 908 1434 dill'erre
921 1414 936 1433 a
953 1411 1034 1440 testa,

245 1456 310 1490 quia
327 1455 406 1482 dator
421 1454 476 1481 Deo
490 1462 545 1482 non
563 1453 652 1490 placet
665 1461 713 1489 per
736 1452 863 1481 allectum
877 1452 907 1480 in
923 1451 1035 1480 fratrem

245 1502 377 1529 tumulum
389 1504 418 1529 ut
431 1506 586 1536 argentum.
604 1500 726 1528 Verbum
756 1499 830 1527 enim
843 1499 967 1526 divinum
991 1499 1037 1534 ju-

246 1548 292 1576 bet
305 1555 355 1576 nos
367 1547 401 1576 ad
417 1547 506 1575 instar
519 1546 568 1575 Dei
583 1554 646 1574 esse
660 1546 864 1574 misericordes.

1052 1560 1074 1591 G

280 1651 364 1679 Vens.
380 1651 426 1679 ΞΔ.
449 1650 532 1678 Verba
553 1650 679 1686 levigata
708 1658 754 1677 cor
784 1649 921 1677 occultant
949 1650 1036 1677 triste.

244 1695 282 1724 Os
304 1697 385 1724 verba
401 1696 588 1723 cousolatoria
601 1695 745 1731 proferens
772 1702 805 1723 ac
816 1696 920 1723 nullam
930 1695 1038 1723 haben-

245 1743 282 1770 tia
295 1742 465 1773 scabritiem,
480 1742 598 1776 dissipat
616 1741 717 1769 animae
745 1741 879 1774 dolorem,
911 1749 972 1770 eam
1001 1741 1036 1769 ad

245 1790 373 1818 solatium
384 1798 433 1826 per
448 1797 480 1818 ea
497 1789 624 1818 advocat.
643 1796 847 1824 maeroremque
863 1788 1000 1817 reprimit.

280 1891 372 1918 Labiis
385 1890 475 1917 omnia
490 1889 585 1916 annuit
597 1888 740 1922 deplorans
764 1888 900 1920 inimicus,
913 1889 940 1915 in
957 1888 1036 1916 corde

244 1942 332 1964 autent
344 1936 493 1971 fabricatur
509 1934 597 1962 dolat.
614 1933 722 1967 Quibus
753 1934 929 1962 sermonibus
947 1934 1033 1961 mani-

245 1984 364 2011 festatur
391 1981 476 2009 animi
496 1981 577 2009 dolor
592 1987 702 2015 semper
730 1982 841 2014 annuit,
867 1979 949 2015 quasi
971 1979 1036 2007 talia

243 2030 346 2057 dicenti
362 2036 428 2056 vere
439 2027 637 2063 compatiatur,
657 2025 704 2061 qui
714 2026 841 2054 eumdem
856 2026 921 2053 odio
938 2032 1036 2061 prose-

242 2077 346 2112 quitur.
364 2075 397 2102 Et
409 2074 492 2102 simul
504 2081 539 2101 ex
553 2072 617 2100 odio
637 2080 716 2101 tuens
727 2072 807 2100 dolos
819 2072 996 2100 machinatur
1007 2072 1035 2099 in

242 2129 317 2155 tum,
333 2120 473 2156 quomodo
488 2127 515 2147 ιιι
528 2118 698 2154 profundum
712 2118 918 2153 desperationis
935 2117 1036 2153 impel-

243 2167 292 2194 lat.
322 2165 427 2193 ltevera
454 2165 500 2192 ille
524 2164 599 2192 ﬂenti
619 2163 713 2196 aditet,
732 2164 780 2199 qui
794 2163 880 2191 lenire
897 2162 1034 2196 dolorem,

243 2221 297 2240 non
312 2219 413 2246 augere
428 2210 598 2246 aggreditur.

1049 2230 1075 2261 Ι)

278 2313 362 2341 Vens.
382 2314 428 2341 25.
441 2312 472 2340 Si
488 2317 510 2340 te
536 2317 666 2348 rogaverit
690 2312 814 2340 inimicus
839 2320 938 2348 magna
958 2320 1029 2345 voce,

243 2368 273 2388 ne
282 2360 426 2387 credideris
441 2359 569 2394 quoniam
581 2363 680 2393 septem
695 2359 824 2393 nequitia,-
834 2363 895 2385 ntnt
910 2358 939 2385 in
953 2358 1032 2385 corde

241 2404 310 2439 ejus.
339 2403 368 2431 Si
383 2407 408 2431 te
419 2403 525 2430 socium
543 2410 656 2430 suorum
683 2403 867 2430 consiliorum
900 2401 1033 2430 adversus

241 2458 292 2477 nos
323 2449 479 2477 communis
493 2449 539 2476 ille
564 2448 696 2476 inimicus
723 2449 876 2482 vocaverit,
897 2455 1032 2483 suamque

241 2495 431 2523 invitationem
448 2499 505 2522 tum
521 2494 692 2529 voluptatum
711 2494 861 2526 illecebris,
879 2498 938 2521 tum
956 2497 1031 2522 metu

241 2541 343 2568 laboris
357 2540 572 2575 magniﬁcaverit
584 2544 615 2568 ut
632 2545 660 2568 te
679 2540 805 2572 suadeat,
820 2541 877 2568 noli
893 2541 939 2569 isti
967 2548 1032 2568 cre-

240 2587 305 2614 dere
325 2586 488 2621 proponenti
506 2586 620 2614 delicias
644 2590 671 2614 et
692 2587 788 2622 epulas
815 2587 921 2618 carnis,
950 2586 1030 2622 quasi

240 2633 335 2661 eadem
348 2640 404 2660 non
420 2632 456 2660 sit
471 2632 499 2660 in
515 2633 566 2660 hac
585 2633 640 2660 vita
654 2633 806 2668 subigenda
830 2640 917 2669 neque
932 2633 1029 2661 morti-

241 2680 497 2715 llcatione,_neque
523 2679 837 2716 alilictationc;5eptem
863 2681 936 2707 enim
964 2684 1030 2708 sunt

240 2726 488 2762 pessimteiltsiditﬁ
498 2733 568 2760 quas
587 2726 700 2754 molitur
724 2726 872 2754 occasione
897 2726 1030 2762 ingluviei

239 2773 372 2800 adversus
404 2777 596 2806 quemcunque
617 2772 743 2807 corporis
765 2773 900 2800 cultorem
924 2772 1032 2801 scilicet

238 2819 357 2851 luxuria,
372 2818 486 2849 invidia.
504 2817 556 2850 ira,
571 2817 678 2851 acedia,
698 2826 768 2845 vana
780 2819 867 2854 gloria
886 2824 968 2855 atque
984 2828 1033 2848 su-

238 2866 331 2902 perbia
345 2865 447 2901 quibus
460 2863 568 2899 capitur
583 2863 630 2899 qui
644 2865 747 2893 ventris
767 2872 863 2893 servus
882 2870 934 2894 est.
945 2866 1031 2900 Quam

914 139 1094 170 PROCOPII
1115 140 1237 172 GAZEI

1094 197 1151 225 τῶν
1175 199 1276 232 ἔξωθεν
1304 199 1449 237 ἀφορμῶν,
1472 201 1548 229 ἔνδον
1568 202 1619 238 τῆς
1635 203 1731 230 τούτου
1748 203 1839 240 ψυχῆς
1856 205 1888 231 τὸ

1090 245 1159 280 πρὸς
1175 245 1221 272 τὸν
1248 245 1367 278 πλησίον
1394 247 1521 283 σχολάζει
1538 249 1634 283 μῖσος·
1664 248 1702 281 ὡς
1727 250 1826 277 ἀπόντι
1849 251 1888 286 τῷ

1092 292 1254 328 μισουμένῳ
1281 292 1319 328 μὴ
1347 292 1569 330 διαδεικνύμενον
1593 293 1655 322 κατ’
1677 295 1822 331 ἐνέργειαν
1843 294 1888 324 οἷα

1090 337 1125 364 δι’
1142 337 1260 373 ὀργάνου
1272 336 1320 364 τοῦ
1335 338 1474 373 σώματος.

1125 387 1178 411 καν.
1205 383 1341 419 Ἔσχάριι
1365 385 1503 420 ἄνθραξι,
1528 386 1577 413 καὶ
1602 387 1682 420 ξύλα
1700 387 1789 422 πυρίο
1808 388 1888 422 ἀνὴρ

1089 429 1124 456 δὲ
1138 429 1288 465 ⁵λοίδορος,
1307 431 1351 464 εις
1367 431 1502 466 ταραχὴν
1514 431 1683 468 [εὐ]μάχης.
1701 433 1888 468 Ἐκπυροῠται

1092 476 1141 512 μὲν
1155 477 1262 512 ἐσχάρα
1278 477 1322 504 ἐπ’
1336 477 1480 513 ἀνθράκων
1489 478 1606 514 κειμένη
1617 487 1624 493 ·
1642 479 1690 505 καὶ
1705 479 1794 513 φλόγα
1811 478 1886 513 ὲγεί-

1091 530 1184 558 ρουσιν
1203 523 1334 550 ὲπιπλέον
1353 523 1421 560 πυρὶ
1436 524 1503 557 ξύλα
1525 524 1720 560 ἐπιτιθέμενα·
1744 524 1888 560 ἄνθρωπος

1089 568 1118 595 δὲ
1144 568 1264 600 ἀπόντας
1290 567 1396 600 εἰωθὼς
1418 568 1588 601 διαὸἀλλειν,
1618 567 1708 604 εὑρών
1738 576 1815 599 τινας
1846 566 1887 602 τῷ

1090 613 1163 641 κατά
1195 622 1268 646 τινος
1296 614 1372 650 μίσει
1395 614 1643 650 τεταραγμένους,
1673 612 1887 650 προσεπιτωησι

1091 659 1153 686 κατ’
1168 659 1282 686 ἐκείνων
1296 658 1438 691 διαϐολάς·
1454 659 1502 686 καὶ
1517 652 1567 695 τὴν
1578 659 1633 687 τῶν
1650 658 1801 695 μισούντων
1814 659 1887 686 κατά

1090 705 1145 732 τῶν
1162 705 1336 742 μισουμένων
1362 706 1521 742 ἐκπύρωσιν
1542 705 1662 741 σφοδρὰν
1681 705 1864 741 ὲπεργάζεται
1876 712 1884 721 ·

1090 751 1139 779 καὶ
1159 751 1207 779 τὸν
1229 752 1289 779 κατ’
1311 752 1435 788 ἀλλήλων
1461 752 1581 788 πόλεμον
1609 751 1742 779 ὲπιπλέον
1764 751 1884 786 ἐγείρει·

1092 797 1243 825 κάντεῦθεν
1266 797 1380 826 ἀνθότου
1394 797 1510 833 ὠφειλεν
1533 799 1728 834 εῑρηνοποιεῖν,
1752 798 1801 825 καὶ
1821 797 1887 829 Υῐδς

1092 844 1276 880 χρηματίζειν
1292 844 1372 878 Θεοῦ,
1387 844 1575 882 ἀλλοτριοῦται
1593 845 1673 873 Θεοῦ.

1127 890 1181 926 κβ’.
1201 891 1290 926 Λόγοι
1308 891 1479 926 κερκώπιιημ,
1502 891 1657 926 μαλακοίή
1673 889 1757 919 οὗτοι
1781 890 1817 918 δὲ
1837 891 1887 917 τύ-

1093 943 1223 964 πτουσιν
1236 938 1280 971 εις
1301 938 1406 973 ταμιεῖα
1429 937 1628 972 σπλάγχνων.
1653 936 1695 965 Τὰ
1709 938 1821 973 ῥήματα
1831 936 1886 964 τῶν

1093 982 1162 1020 πρὸς
1172 983 1254 1020 χάριν
1270 983 1417 1018 λεγόντων,
1447 984 1623 1020 ἀπήλλακται
1650 983 1743 1020 πάσης
1766 983 1886 1019 σκληρό-

1092 1037 1188 1065 τητος·
1202 1030 1227 1056 ot
1238 1029 1266 1057 δὲ
1283 1029 1370 1057 ταῦτα
1380 1031 1592 1066 προσφέροντες,
1603 1030 1638 1057 τά
1650 1030 1727 1065 δίκην
1740 1028 1884 1065 Ῐταμείων]

1092 1074 1278 1109 κεκλεισμένα
1295 1075 1350 1103 τῶν
1365 1075 1529 1111 σπλάγχνων
1542 1075 1702 1111 ύπανοίτειν
1715 1075 1886 1111 ἐπιχειροῦσι

1092 1118 1161 1154 πρὸς
1180 1120 1357 1156 οίκτιρμούς·
1381 1121 1406 1148 εἰ
1438 1119 1486 1148 οὖν
1499 1121 1531 1148 τὸ
1551 1121 1622 1158 πρὸς
1643 1121 1724 1157 χάριν
1737 1121 1829 1148 λαλεῖν
1842 1121 1887 1148 διὰ

1091 1166 1122 1193 τὸ
1134 1168 1307 1204 παρορᾶσθαι
1322 1168 1371 1204 τὴν
1402 1167 1535 1205 ἀλήθειαν
1551 1169 1583 1196 οὺ
1599 1169 1691 1203 καλὸν,
1711 1169 1796 1196 αἴτιοι
1813 1170 1887 1197 πάν-

1092 1219 1147 1244 τως
1160 1213 1184 1239 ot
1201 1212 1383 1248 άσπλαγχνοι.
1395 1218 1398 1223 ‘

1126 1272 1179 1304 κγ’.
1200 1270 1357 1305 Ἀργύριον
1382 1269 1542 1306 διδόμενον
1561 1271 1637 1305 μετὰ
1661 1270 1767 1304 δόλου,
1782 1271 1887 1307 ὥσπερ

1091 1315 1242 1350 ὄστρακον
1261 1316 1402 1352 ἡγητέον.
1436 1317 1465 1344 Ὁ
1492 1317 1653 1352 μεταδιδοὺς
1673 1317 1808 1355 ἀργυρίου
1821 1320 1885 1352 τινὶ,

1091 1361 1205 1388 ἀπατῶν
1218 1362 1283 1394 τοὺς
1296 1361 1430 1398 ὁρῶντας,
1450 1362 1499 1389 καὶ
1513 1362 1561 1390 τὸν
1589 1363 1666 1398 παρὰ
1678 1364 1784 1391 τούτων
1796 1364 1887 1400 θηρώ-

1092 1415 1174 1442 μενος
1197 1406 1329 1441 ἕπαινον,
1355 1407 1492 1443 νομιζέτω
1523 1408 1605 1436 τοῦτο
1635 1410 1722 1446 μηδὲν
1744 1409 1888 1445 διαφέρειν

1089 1452 1237 1488 ὀστράκοϋ,
1258 1452 1353 1489 ἐπειδὴ
1385 1453 1425 1489 μὴ
1449 1454 1594 1490 εὐαρεστεί
1619 1454 1679 1490 Θεῷ
1694 1455 1738 1482 διά
1750 1456 1800 1492 τῆς
1815 1456 1887 1492 πρὸς

1090 1497 1135 1524 τὸν
1148 1498 1262 1533 ἀδελφὸν
1291 1498 1369 1534 δίκην
1393 1499 1529 1536 ἀργυρίου
1560 1499 1687 1536 καθαρᾶς
1712 1501 1883 1534 διαθέσεως·

1090 1544 1268 1580 οίκτίρμονας
1280 1545 1336 1581 γὰρ
1350 1546 1425 1581 ἡμᾶς
1442 1546 1567 1580 γίνεσθαι
1584 1547 1655 1574 κατὰ
1667 1547 1785 1583 μίμησιν
1796 1548 1884 1583 θείαν,

1089 1590 1104 1616 ὁ
1121 1589 1199 1624 λόγος
1209 1589 1257 1617 τοῦ
1274 1589 1342 1617 Θεοῦ
1361 1591 1485 1619 ἀπαιτεῖ.

1124 1646 1174 1673 κδ’.
1190 1647 1283 1681 Χείλη
1308 1647 1377 1674 λεῖα
1400 1647 1529 1682 καρδίαν
1555 1649 1703 1676 καλύπτει
1728 1650 1883 1685 λυπηράν.

1088 1691 1180 1726 Στόμα
1189 1692 1286 1727 λόγους
1297 1693 1558 1729 παραμυθητικοὺς,
1573 1694 1623 1721 καὶ
1634 1695 1772 1731 μηδεμίαν
1781 1705 1885 1732 κεκτη-

1089 1738 1187 1773 μένους
1196 1739 1363 1774 τραχύτητα,
1378 1738 1468 1775 λύπην
1481 1740 1609 1774 ἀφανίζει
1627 1741 1730 1776 ψυχῆς,
1744 1742 1785 1774 είς
1810 1751 1886 1779 παρ-

1088 1784 1204 1820 ηγορίαν
1231 1785 1293 1812 τινὰ
1310 1785 1345 1812 δι’
1359 1785 1450 1812 αὐτῶν
1481 1785 1565 1822 αὐτὴν
1592 1786 1805 1825 ὲκκαλούμενον,
1835 1790 1886 1817 καὶ

1089 1830 1233 1858 συστέλλον
1247 1831 1278 1858 τὸ
1293 1830 1375 1866 ἄλγος
1387 1832 1483 1867 αὐτῆς.

1123 1886 1243 1913 Χείλεσι
1254 1885 1354 1913 πάντα
1363 1886 1495 1914 ἐπινεύει
1509 1887 1751 1923 ἄκρη-παιόμενος
1758 1889 1867 1924 ἐχθρός
1875 1898 1884 1906 ο

1086 1931 1122 1958 ἐν
1137 1931 1172 1958 δὲ
1187 1931 1225 1966 τῇ
1235 1932 1344 1966 καρδίᾳ
1365 1933 1550 1961 τεκταίνεται
1569 1929 1693 1967 δόλους.
1712 1935 1776 1968 Τοῖς
1791 1936 1887 1972 λύπην

1087 1979 1177 2015 ψυχῆς
1196 1979 1400 2014 ἀπαγγέλλουσι
1422 1979 1522 2015 λόγοις,
1549 1980 1598 2007 ὲπὶ
1622 1981 1691 2008 τοῖσι
1715 1983 1884 2016 συγκατατί-

1088 2027 1174 2060 θεται,
1186 2027 1224 2060 ὡς
1237 2027 1320 2063 δῆθεν
1330 2028 1501 2064 συμπάσχων
1509 2028 1550 2064 τῷ
1561 2028 1674 2061 τούτους
1686 2030 1883 2066 προσφέροντι.

1086 2074 1101 2101 ὁ
1114 2073 1243 2109 ἀπεχθῶς
1261 2073 1330 2109 πρὸς
1342 2074 1423 2101 αὐτὸν
1434 2074 1608 2110 διακείμενος
1618 2083 1625 2090 ·
1653 2073 1780 2103 ἐντεῦθεν
1794 2076 1824 2103 δὲ
1838 2076 1884 2105 διὰ

1086 2119 1118 2146 τὺ
1129 2119 1198 2155 πρὸς
1209 2119 1291 2146 αὑτὸν
1306 2120 1394 2155 μῖσος,
1407 2118 1609 2151 κατασκευάζει
1623 2118 1721 2154 βουλὰς
1732 2120 1761 2146 ἓν
1772 2121 1806 2155 τῇ
1819 2120 1886 2147 ἑαυ-

1086 2163 1133 2191 τοῦ
1147 2164 1220 2201 ψυχῇ
1235 2163 1296 2192 κατ’
1305 2163 1400 2197 αὐτοῦ,
1412 2163 1540 2191 συνωθῶν
1553 2163 1596 2196 εἰς
1606 2164 1744 2200 βάραθρον
1752 2165 1885 2197 ἀπονοίας

1087 2209 1179 2237 αὐτόν·
1186 2210 1201 2237 ὸ
1206 2210 1260 2245 γάρ
1269 2209 1378 2245 ἀληθῶς
1386 2209 1528 2244 συναλγῶν
1535 2209 1577 2244 τῷ
1583 2209 1726 2244 ἀλγοῦντι,
1732 2210 1784 2237 οὐκ
1789 2210 1884 2243 αὒξειν

1086 2255 1117 2283 τὺ
1127 2256 1209 2290 ἀλγος
1221 2255 1316 2288 αὑτοῦ,
1326 2255 1394 2283 ἀλλὰ
1406 2255 1616 2292 κατακοιμίζειν
1625 2255 1726 2291 μᾶλλον
1735 2256 1882 2293 ἐπιχειρεῖ.

1122 2317 1172 2342 κε’.
1189 2313 1261 2341 Ἐάν
1274 2321 1332 2341 σου
1346 2312 1449 2348 δέηται
1462 2315 1478 2340 ό
1489 2312 1597 2349 ἐχθρὸς
1603 2312 1721 2349 μεγάλῃ
1733 2313 1772 2348 τῇ
1784 2313 1883 2348 φωνῇ,

1085 2359 1128 2395 μὴ
1144 2358 1274 2394 πεισθῇς
1286 2368 1293 2374 ·
1306 2359 1382 2386 ἑπτὰ
1395 2359 1451 2394 γάρ
1466 2360 1526 2386 εισι
1539 2360 1681 2394 πονηρίαι
1691 2360 1726 2387 ὲν
1740 2359 1779 2395 τῇ
1794 2359 1884 2395 ψυχῆ

1087 2405 1190 2433 αὐτοῦ.
1207 2405 1318 2440 Εἵπερὸ
1334 2404 1425 2436 κοινὸς
1450 2404 1561 2431 πάντων
1584 2404 1693 2440 ἐχθρὸς,
1720 2404 1884 2432 ἐκκαλεῖται

1088 2461 1118 2479 σε
1130 2452 1199 2487 πρδς
1215 2451 1378 2486 συνέργειαν
1392 2450 1441 2478 τοῦ
1456 2451 1486 2478 ὲν
1510 2450 1576 2485 ἡμῖν
1594 2450 1766 2486 βουλήματος
1783 2451 1882 2485 αὑτοῦ,

1086 2499 1136 2535 τὴν
1152 2498 1249 2525 ἑαυτοῦ
1266 2497 1427 2534 μεγαλύνων
1446 2497 1631 2533 παράκλησιν,
1648 2497 1688 2533 τῷ
1706 2506 1736 2524 τε
1756 2498 1806 2533 τῆς
1821 2498 1885 2533 ἡδο-

1086 2546 1135 2582 νῆς
1149 2545 1306 2581 δελεάματι,
1322 2545 1371 2571 καὶ
1385 2543 1426 2579 τῷ
1435 2543 1484 2579 τῆς
1495 2543 1593 2578 ὀδύνης
1606 2543 1693 2579 φόϐῳ,
1707 2543 1778 2570 ὥστε
1796 2545 1882 2580 ποιῆ-

1087 2592 1133 2620 σαί
1153 2601 1194 2619 σοι
1209 2591 1294 2628 αὐτὴν
1308 2590 1455 2626 ἀκουστὴν.
1474 2589 1512 2626 μὴ
1522 2589 1589 2625 γένῃ
1597 2589 1686 2626 τούτῳ
1696 2589 1880 2625 καταπειθὴς,

1085 2638 1193 2674 τρυφᾷν
1207 2635 1399 2672 ὑποτιθεμένῳ
1417 2643 1470 2668 σοι,
1495 2635 1539 2662 διὰ
1553 2635 1585 2661 τὺ
1598 2635 1759 2671 εὐφραίνειν
1778 2635 1827 2662 καὶ
1841 2635 1884 2662 λι-
1930 2651 1938 2656 ~

1087 2683 1195 2711 παίνειν
1212 2682 1263 2718 τὴν
1277 2681 1384 2717 σάρκα’
1412 2681 1452 2716 ὡς
1484 2681 1521 2716 μὴ
1552 2679 1623 2708 εἶναι
1639 2681 1721 2716 δῆθεν
1742 2681 1829 2716 αὐτὴν
1846 2682 1882 2717 τῇ

1087 2729 1175 2765 φθορᾷ
1192 2729 1240 2756 καὶ
1253 2729 1287 2764 τῇ
1302 2727 1362 2755 κατ’
1377 2727 1462 2763 αὐτὴν
1477 2726 1559 2763 ὀδύνῃ
1571 2727 1798 2764 εὐεπιχείρητον
1810 2727 1883 2755 ἑπτὰ

1086 2776 1141 2811 γάρ
1154 2776 1223 2802 εἰσιν
1233 2776 1261 2802 αἱ
1275 2774 1318 2801 διὰ
1330 2773 1381 2809 τῆς
1399 2774 1624 2810 γαστριμαργίας
1636 2774 1707 2801 κατά
1715 2774 1817 2805 παντὸς
1831 2774 1884 2802 τοῦ

1087 2821 1254 2856 φιλοσάρκου
1286 2820 1470 2856 πονηρόταται
1498 2818 1596 2846 τούτου
1620 2819 1781 2847 ὲτιιὸουλαί·
1831 2820 1884 2856 τῆς

1088 2865 1225 2902 πορνείας,
1247 2866 1264 2902 ἡ
1280 2865 1329 2901 τῆς
1345 2865 1444 2901 λύπης,
1456 2865 1474 2900 ἠ
1484 2865 1533 2900 τῆς
1547 2864 1642 2900 ὀργῆς,
1656 2866 1674 2901 ἠ
1688 2866 1740 2901 τῆς
1752 2866 1883 2902 amem,
