2072 3161
205 197 274 230 1493

704 195 973 228 COMMENTARII
990 193 1030 224 ΙΝ
1054 194 1279 227 PROVERBIA.

1779 194 1846 227 ltili

202 253 379 291 προσκαίρων
417 254 569 282 ἀπολαύσει
611 254 792 290 πεπλησμὲνη
827 254 921 290 ψυχὴ,
959 253 994 280 τὰ

1050 258 1187 290 ρι’ωεθριιι
1213 255 1354 290 spirituali
1370 255 1476 292 gutturi
1494 255 1618 284 dulc’ora
1639 262 1723 290 super
1747 257 1799 281 mel
1818 262 1846 282 et

202 301 275 328 κατὰ
309 300 411 336 γνῶσιν
438 301 508 337 ὑπὲρ
539 301 600 336 μέλι
637 302 685 329 καὶ
713 301 812 338 κηρίον
832 300 936 336 γλυκέα
957 299 996 336 τῷ

203 347 385 383 πνευματικῷ
403 347 521 383 λάρυγγι
540 348 600 374 θεῖα
613 347 691 382 λόγια
718 347 940 382 ἀποστρέφεται·
961 347 995 382 τῇ

202 392 225 420 δ’
244 393 389 429 ἐγκρατῶς
414 393 479 429 περὶ
506 392 541 420 τὰ
567 392 744 429 προσκαίρως
759 392 825 429 ἡδέα
837 392 997 428 διακειμένη

202 439 287 475 ψυχῇ,
316 438 406 466 καὶτὸ
433 439 483 474 τῆς
504 440 604 475 ἀρετῆς
628 439 760 467 ἐπίπονον
784 439 832 466 καὶ
853 438 935 475 ἀηδὲς
962 439 995 474 τῇ

204 485 297 521 σαρκὶ,
317 485 390 512 και-ὰ
407 486 517 522 πνεῦμα
532 486 630 521 δρᾶται
642 486 793 521 ήδύτατον”
810 485 852 513 διὸ
874 485 922 513 καὶ
934 494 997 520 γεν-

203 532 286 564 ναίως
309 531 398 568 τούτῳ
414 533 594 569 ἐγκαρτερεῖ,
617 532 775 569 ἀκορέστως
807 531 908 568 ἔχουσα
928 531 998 568 πρὸς

203 577 304 612 γνῶσιν
315 578 363 604 καὶ
378 579 491 613 ἀρετήν.

237 625 273 658 η’.
291 623 496 660 Ὠσπερεόταν
520 623 628 658 ὄρνεον
652 623 866 659 καταπετασθῆ
888 623 923 651 ἐκ
942 623 997 658 τῆς

205 667 283 702 ιδίας
300 668 441 703 νοσσιᾰς,
456 669 548 703 οὕτως
567 669 722 703 ἄνθρωπος
743 669 905 697 δουλοῦται
924 669 998 697 ὅταν

203 715 381 751 ἀποξενωθῇ
399 716 434 742 ἐκ
446 715 505 743 τῶν
523 716 606 743 ἰδίων·
616 716 726 744 τόπων.
744 716 879 752 Καθάπερ
886 725 912 743 τι
927 725 997 751 πτη-

204 761 250 789 νδν
265 762 319 797 πρὸ
331 761 378 789 τοῦ
399 762 592 798 πτεροφυῆσαι
604 762 709 796 τέλεον,
728 762 901 799 πειρώμενον
918 762 997 789 ἵπτα-

205 807 278 840 σθαι,
297 808 426 835 ἐκπίπτει
439 817 469 835 τε
480 808 530 844 τῆς
539 808 639 835 ἑαυτοῦ
655 808 768 842 καλιᾶς,
780 809 894 840 καὶτοῖς
905 817 997 843 παρα-

203 853 333 889 τυχοῦσιν
361 854 502 882 ἁλίσκεται
514 862 521 870 ·
537 854 610 881 οὕτω
631 855 679 882 καὶ
693 856 708 882 δ
725 855 781 882 ἄνω
800 855 868 890 πρὸς
881 855 947 881 Θεὸν
959 854 996 886 ὡς

203 899 360 935 ἀρχέτυπον
380 901 447 936 ὸρᾷν
475 909 505 927 τε
533 900 582 927 καὶ
597 900 696 927 τούτου
715 900 781 936 ὲρᾷν
803 900 841 932 ὡς
860 899 997 935 ἀλαθήτου

203 945 326 979 γνωστοῦ
337 946 384 973 καὶ
411 946 527 982 ἐσχάτου
550 945 675 982 ὸρειιτοῦ,
698 945 829 978 πλασθεὶς
854 945 999 981 ἄνθρωπος

203 993 305 1020 ὁπόταν
317 994 371 1020 τῶν
383 993 492 1020 οἰκείων
506 994 579 1021 κατά
603 993 667 1021 νοῦν
689 994 738 1021 καὶ
758 993 837 1028 λόγον
852 992 936 1025 ἕξεων
948 994 999 1028 τῆς

203 1038 332 1073 γνώσεως
348 1038 455 1074 καὶτῆς
477 1039 580 1074 ἀρετῆς
605 1038 677 1065 ἑκὼν
704 1037 925 1074 ἀπαλλοτριωθῇ,
941 1039 998 1071 τοῖς

203 1083 374 1119 summa;
389 1083 552 1110 δεδούλωται
567 1083 693 1111 πάθεσιν.

239 1129 273 1156 θ’.
285 1130 398 1164 Μύροις
411 1130 460 1157 καὶ
482 1130 577 1164 οἴνοις
595 1130 645 1157 καί
666 1129 832 1165 θυμιάμασι
860 1129 998 1164 τέρπεται

203 1176 325 1210 καρδία⁸
352 1176 594 1211 καταῤῥήγνυται
621 1177 656 1204 δὲ
682 1177 742 1205 ὑπὸ
769 1176 999 1212 συμπτωμάτων

203 1221 302 1257 ψυχή.
316 1222 439 1258 Δόγμασί
453 1230 484 1248 τε
497 1222 641 1254 εὐσεὸείας
652 1222 786 1258 χριομένη
803 1222 998 1258 πνευματικῶς

203 1269 221 1304 ἡ
233 1268 318 1305 ψυχὴ,
331 1269 381 1296 καὶ
392 1270 454 1301 ταῖς
480 1268 569 1301 θείαις
596 1269 729 1302 ἐντολαῖς,
752 1268 807 1296 τῶν
825 1267 948 1303 φυσικῶν
956 1267 1000 1300 £5-

205 1314 338 1350 ισταμίνη
352 1314 480 1350 ὀρέξεων,
493 1315 541 1342 καὶ
552 1315 608 1347 τοῖς
619 1314 666 1341 τοῦ
682 1314 817 1349 παναγίου
838 1313 998 1349 Πνεῦματος

204 1361 406 1396 εὐωδιαζομένη
420 1361 601 1397 χαρίσμασιν,
625 1360 798 1397 εὐφροσύνης
829 1360 998 1396 πληροῦνται

204 1408 411 1443 πνευματικῆς·
423 1407 572 1435 διασπᾶται
596 1407 624 1434 δὲ
639 1410 752 1440 τούτων,
784 1406 854 1442 ὁμοῦ
879 1406 998 1434 καταπί-

204 1454 310 1481 πτουσά
323 1463 352 1481 τε
365 1455 405 1487 εἰς
422 1454 471 1490 τὴν
483 1454 538 1481 τῶν
555 1453 699 1489 δογμάτων
721 1453 862 1485 ἀπιστίαν,
872 1453 920 1480 καὶ
948 1452 998 1489 τὴν

203 1500 258 1528 τῶν
286 1500 402 1527 ὲντνιλῶν
417 1500 573 1537 παρακοὴν,
590 1499 767 1537 πληρουμένη
785 1500 835 1535 τῆς
863 1498 998 1532 δυσωδίας

202 1547 258 1574 τῶν
282 1547 448 1583 ἀκαθάρτων
469 1547 574 1574 παθῶν.

241 1595 267 1619 ι’.
287 1593 382 1619 Φίλων
390 1592 606 1627 σὸνκαὶφίλον
622 1591 761 1626 πατρῷον
776 1590 820 1626 μὴ
841 1590 997 1626 ἐγκαταλί-

203 1645 265 1672 πῃς
277 1645 284 1652 ·
300 1638 344 1671 εἷς
362 1637 397 1664 δὲ
411 1635 497 1665 οἶκον
509 1637 563 1665 τοῦ
573 1637 708 1672 ἀδελφοῦ
720 1645 780 1665 σου
793 1636 836 1672 μὴ
856 1637 998 1671 εισέλθῃς

202 1683 334 1718 ἀτυχῶν.
349 1683 386 1710 Τὸ
406 1684 447 1710 σοὶ
464 1683 511 1710 καὶ
525 1682 565 1720 τῷ
593 1684 748 1720 προπάτορι
766 1682 918 1718 προσφιλὲς
930 1690 997 1718 σαρ-

203 1729 273 1762 κίον,
292 1730 360 1765 μήτε
376 1730 409 1765 τῇ
422 1729 507 1766 ἀρετῇ
525 1729 594 1765 μήτε
609 1730 665 1761 τοῖς
685 1729 755 1764 «pb;
768 1728 899 1756 σύστασιν
913 1728 997 1761 ἀναγ-

203 1776 294 1808 καίοις
324 1777 490 1812 καταλείψῃς
518 1776 742 1812 ἀνιπιμέλητον·
767 1775 806 1806 ὡς
834 1775 997 1810 περιπεσεῖν

202 1823 260 1854 τοῖς
274 1822 334 1849 καθ’
348 1822 472 1858 ἡδονὴνῆ
485 1824 542 1855 τοῖς
565 1823 627 1849 κατ’
653 1821 752 1857 ὀδύνην
776 1821 893 1849 πάθεσιν
903 1829 911 1836 ·
939 1821 997 1849 ἀλλ’

203 1869 266 1895 ὅσον
277 1868 309 1895 τὸ
324 1869 371 1895 ἐπὶ
387 1869 439 1901 σοὶ,
448 1868 578 1902 ἀνήδονόν
591 1877 621 1896 τε
640 1869 688 1896 καὶ
702 1869 798 1896 ἄνοσον
811 1868 892 1895 τοῦτο
905 1867 998 1903 διατη-

206 1914 270 1949 ρῶν,
283 1913 328 1949 ἔχε
364 1914 505 1941 σύνδουλον
526 1914 596 1950 πρὸς
624 1914 673 1950 τὴν
694 1913 749 1941 τῶν
768 1913 933 1948 κρειττόνων
947 1913 999 1941 ὑπ-

204 1960 319 1996 ηρεσίαν
330 1968 337 1976 ·
356 1961 395 1992 εἰς
410 1960 438 1987 δὲ
455 1960 502 1987 τοῦ
519 1960 563 1988 διὰ
577 1960 787 1995 φιλανθρωπίαν
808 1959 998 1996 ἀνασχομένου

204 2005 320 2041 ἀδελφοῦ
336 2014 377 2033 σοι
388 2006 419 2032 τὺ
431 2005 501 2032 κατά
513 2006 604 2042 σάρκα
616 2005 743 2040 γενέσθαι
754 2005 822 2032 Θεοῦ
837 2006 936 2040 Λόγου,
952 2006 998 2033 τὸν

203 2052 265 2079 κατ’
278 2051 379 2088 ἀρετὴν
392 2050 470 2086 ἆγιον
484 2049 569 2085 οἷκον,
582 2051 622 2078 ἔτι
635 2060 668 2086 γε
685 2051 733 2078 τοῦ
751 2050 812 2078 κατ’
820 2051 906 2087 αὐτὴν
917 2060 998 2078 πνευ-

206 2099 321 2134 ματικοῦ
331 2099 447 2127 πλούτου
464 2099 624 2135 πενόμενος,
641 2099 680 2136 μὴ
699 2099 841 2135 τολμήσῃς
856 2099 925 2131 ὅλως
937 2099 998 2135 μεθ’

204 2147 375 2182 ὑποκρίσεως
388 2146 519 2174 εἰσελθεῖν
529 2154 536 2162 ·
553 2145 623 2173 ὥστε
633 2147 691 2178 τοῖς
699 2146 806 2178 πολλοῖς
817 2146 891 2179 δόξαι
907 2146 999 2183 ὲνάρευ

203 2201 249 2224 τος
264 2201 271 2209 ·
288 2193 331 2220 ἵνα
366 2193 403 2228 μὴ
428 2192 546 2225 ἀναξίως
568 2191 701 2220 εἰσελθὼν
721 2193 763 2225 εἰς
785 2192 878 2225 αὖτὺν,
903 2193 944 2225 εἰς
968 2192 999 2220 τὸ

205 2238 301 2270 σκότος
311 2239 469 2274 ἀπορῤιφῇς
483 2237 515 2264 τὸ
528 2237 672 2273 ἐξώτερον.

238 2285 395 2319 Κρείσσων
434 2284 525 2319 φίλος
558 2284 671 2319 ἐγγὺς,
707 2283 726 2318 ἢ
771 2283 906 2320 ἀδελφὸς
940 2293 999 2320 μα-

205 2330 282 2365 κρὰν
306 2329 404 2358 οἰκῶν.
434 2330 561 2358 Καλλίων
593 2330 653 2357 ἐστὶ
681 2331 759 2366 φίλος
784 2331 998 2367 ὁμογνώμων,ῆ

205 2376 320 2411 ἀδελφὸς
333 2376 537 2413 ἑτερογνώμων,
567 2377 608 2404 ὃτι
622 2376 719 2411 ἐκείνῳ
736 2376 787 2412 μὲν
810 2377 869 2404 ἐστι
883 2377 999 2412 συμϐιο-

205 2423 294 2450 τεὺειν
313 2423 472 2460 εἰρηνικῶς,
499 2423 588 2459 τούτῳ
617 2423 639 2450 δ’
659 2423 710 2459 οὐχ
724 2423 822 2457 οὕτως,
839 2423 908 2451 ἀλλὰ
919 2432 999 2451 τετα-

205 2470 349 2506 ραγμένως
363 2479 396 2498 τε
410 2471 458 2498 καὶ
473 2470 602 2507 μαχίμως
613 2478 621 2486 ’
634 2469 659 2497 oi
676 2470 840 2506 φρονοῦντες
855 2470 909 2506 γὰρ
920 2469 999 2498 ἀδελ-

205 2516 254 2549 φὰ,
274 2516 325 2544 κᾶν
353 2517 390 2552 μὴ
416 2517 578 2553 τυγχάνοιεν
603 2516 731 2552 ἀδελφοὶ,
755 2516 836 2543 πλέον
854 2515 909 2543 τῶν
928 2516 999 2543 κατὰ

205 2563 296 2598 σάρκα
312 2562 435 2597 ἀδελφῶν
453 2563 622 2598 ὑπάρχουσιν
634 2563 758 2598 ἀδελφοί·
771 2563 840 2599 ὅπερ
851 2563 938 2599 δηλῶν
952 2563 999 2590 καὶ

203 2611 217 2636 ὁ
231 2609 342 2645 Κύριος,
357 2610 483 2645 εἴρηκεν·
498 2610 540 2636 ὃτι
553 2610 655 2646 Μήτηρ
671 2609 720 2637 καὶ
733 2609 843 2644 ἀδελφοί
859 2618 911 2645 μου
929 2610 998 2637 εἰσὶν

203 2656 228 2682 οι
245 2654 386 2687 ποιοῦντες
410 2655 441 2682 τὸ
465 2654 572 2691 θέλημα
584 2655 631 2683 τοῦ
647 2655 755 2692 Πατρός
777 2665 828 2692 μου
846 2656 894 2684 τοῦ
906 2657 935 2683 ὲν
950 2657 998 2684 οὺ-

204 2702 307 2737 ρανοτς.

239 2747 284 2775 ια’.
298 2747 397 2784 Σοφός
411 2747 507 2783 γίνου,
520 2747 578 2781 vlt},
607 2748 659 2775 ἵνα
685 2748 883 2784 εὐφραίνηται
901 2756 960 2777 σου
978 2749 997 2784 ἠ

203 2795 327 2829 κιιρδίασ
339 2794 595 2829 καὶάπόστρεψον
605 2794 665 2822 ἀπὸ
684 2794 743 2822 σοῦ
766 2795 998 2828 ἐπονειδίστως

203 2841 325 2875 λόγους.
343 2840 398 2868 Τοῦ
413 2839 581 2868 τελειοποιοῦ
603 2839 774 2876 χαρίσματος
786 2842 836 2876 τῆς
857 2841 967 2876 σοφίας,
983 2842 997 2869 ὁ

203 2886 247 2912 διὰ
260 2885 309 2920 τῆς
323 2886 353 2912 ὲν
369 2885 504 2921 πνεύματι
519 2885 696 2917 διδασκαλίας
712 2884 918 2922 υίοθετούμενὸς
937 2895 995 2921 μοι,

207 2931 398 2967 μεταλάμϐανε
408 2940 415 2947 ·
443 2932 518 2965 ὅπως
533 2931 702 2968 εὐφροσύνης
726 2931 914 2968 πνευματικῆς
927 2931 994 2961 ἀπο-

1050 298 1142 327 favum
1160 294 1325 332 contemnit,
1345 306 1373 329 et
1390 302 1490 329 animae
1507 308 1570 338 quae
1590 304 1776 336 temperanter
1792 300 1842 328 uti-

1050 349 1096 374 tur
1112 347 1298 382 temporaneis
1318 347 1525 381 dulcedinibus,
1545 347 1612 383 ipsae
1633 347 1750 375 virtutes
1767 346 1845 375 carni

1050 397 1176 427 operosa:
1189 397 1216 421 et
1227 392 1353 428 ingratae,
1367 394 1497 422 videntur
1508 394 1538 422 in
1550 394 1647 430 spiritu
1663 393 1843 424 dulcissimae,

1049 441 1077 466 et
1092 438 1154 466 ideo
1180 447 1229 468 eos
1255 439 1362 469 fortiter
1381 446 1503 476 exercet,
1517 448 1570 470 nec
1585 440 1704 469 satiatur
1727 438 1845 468 scientia

1050 487 1078 512 et
1094 485 1204 514 virtute.

1086 619 1168 649 Vsus.
1184 621 1210 649 8.
1231 621 1306 650 Sicut
1318 623 1374 650 avis
1387 623 1584 659 transmigrauit
1592 623 1625 651 de
1637 623 1710 656 m‘do,
1722 623 1845 650 si:ltomc

1050 675 1140 695 servus
1158 668 1199 702 ﬁt,
1220 675 1279 695 cum
1301 670 1487 705 peregrinatur
1508 678 1525 697 α
1542 670 1599 697 loco
1621 678 1680 698 suo.
1701 670 1767 698 Avis
1785 677 1845 705 qua-

1051 713 1182 741 omnibus
1197 714 1300 750 plumis
1315 715 1436 742 nondum
1464 716 1568 744 vestita
1585 719 1676 743 tentat
1700 715 1809 747 volare,
1830 723 1846 743 e

1050 758 1117 786 nido
1137 758 1254 792 decidit,
1277 764 1361 796 atque
1375 768 1390 788 a
1406 761 1667 796 supervenientibus
1689 761 1844 797 deprellen-

1050 805 1143 839 ditur;
1158 811 1185 835 et
1203 808 1284 835 homo
1301 816 1410 836 sursum
1425 812 1534 837 «reatus
1545 808 1577 836 ad
1592 808 1676 836 Deum
1694 808 1842 836 videndum

1051 858 1081 881 ut
1100 854 1250 889 exemplar,
1265 854 1490 890 diligendumquc
1508 859 1538 883 ut
1565 855 1724 883 necessario
1739 863 1843 891 cogno-

1049 899 1159 932 scibile,
1177 903 1204 927 et
1220 899 1302 927 ﬁnem
1318 907 1491 936 supremum,
1509 900 1554 928 ubi
1580 900 1608 928 in
1630 900 1844 936 cogitationibus

1048 948 1076 972 et
1091 945 1268 973 sermonibus
1285 945 1404 974 deﬂectit
1420 953 1434 973 a
1444 945 1561 974 scientia
1577 949 1605 975 et
1617 945 1728 979 virtute,
1744 945 1771 973 lit
1787 954 1843 974 ser-

1048 998 1100 1018 vus
1120 990 1241 1026 turpium
1257 991 1429 1027 passionum.

1087 1133 1168 1162 Vsus.
1191 1134 1219 1164 9.
1240 1133 1388 1170 Ungueutis
1401 1139 1426 1163 et
1442 1135 1508 1163 vinis
1523 1140 1548 1163 et
1559 1136 1685 1164 odoribus
1700 1136 1847 1165 delectatur

1049 1188 1105 1213 cor,
1125 1181 1306 1215 disrumpitur
1324 1186 1414 1208 autem
1435 1181 1637 1210 calamitatibus
1654 1183 1754 1211 anima.
1777 1183 1844 1211 Cum

1048 1226 1140 1253 anima
1157 1226 1333 1262 dogmatibus
1349 1226 1412 1262 piis,
1431 1226 1591 1262 divinisque
1608 1227 1747 1256 mandatis
1762 1233 1846 1256 uncta

1048 1271 1142 1305 fuerit,
1156 1280 1241 1308 supra
1252 1273 1396 1302 naturales
1406 1273 1574 1309 cupiditates
1587 1274 1706 1305 elevata.
1718 1274 1846 1310 fragrans

1048 1318 1128 1346 dcuis
1151 1317 1272 1354 Spiritus
1288 1319 1389 1352 sancti,
1412 1319 1550 1355 spirituali
1578 1319 1673 1348 laetitia
1692 1319 1809 1354 fruitur;
1831 1329 1847 1348 e

1049 1369 1146 1392 contra
1162 1364 1206 1392 his
1226 1364 1354 1393 omnibus
1373 1365 1496 1393 nudatur
1511 1366 1620 1397 anima,
1635 1374 1697 1401 quae
1713 1366 1796 1394 simul
1817 1367 1847 1394 in

1049 1409 1195 1437 veritatum
1220 1410 1453 1445 incredulitatem,
1479 1415 1506 1439 et
1530 1415 1731 1448 prmecptorum
1754 1416 1848 1440 trans-

1048 1456 1219 1491 gressiouem
1234 1456 1348 1491 decidit,
1359 1457 1488 1493 {mdoque
1501 1457 1588 1486 odore
1598 1458 1768 1495 impurarum
1785 1467 1848 1496 pas-

1050 1502 1160 1530 sionum
1180 1503 1312 1540 repletur.

1084 1593 1166 1620 Vens.
1185 1593 1228 1621 10.
1252 1593 1373 1620 Amicum
1404 1597 1490 1627 tuum,
1515 1596 1541 1620 et
1565 1593 1682 1620 anticum
1706 1596 1846 1628 paternum

1049 1647 1081 1666 ne
1100 1633 1289 1675 deielinquas;
1309 1639 1336 1666 in
1356 1639 1466 1667 domum
1480 1643 1569 1666 autem
1590 1639 1685 1673 fratris
1700 1639 1739 1666 tui
1755 1647 1786 1666 ne
1803 1639 1846 1666 in-

1048 1684 1181 1720 grediaris
1212 1685 1240 1712 in
1269 1685 1312 1713 die
1339 1685 1491 1721 aﬂlictionis
1520 1689 1584 1712 tuae.
1603 1685 1711 1720 Corpus
1733 1692 1747 1711 a
1771 1689 1797 1712 te
1819 1690 1847 1712 rt

1048 1734 1173 1758 cit-atere
1187 1730 1317 1758 dilectum
1329 1738 1363 1758 ue
1376 1730 1619 1766 dimittas,'parum
1633 1737 1735 1758 curans
1747 1730 1780 1759 de
1792 1731 1848 1759 vir-

1049 1781 1108 1804 tute
1123 1782 1151 1804 et
1168 1777 1249 1805 rebus
1265 1777 1298 1805 ad
1315 1777 1433 1805 salutem
1455 1777 1636 1809 necessariis,
1651 1785 1687 1805 ne
1704 1778 1848 1812 voluptate

1048 1827 1095 1850 aut
1111 1823 1208 1851 dolore
1222 1827 1389 1858 superetur;
1404 1822 1453 1851 sed
1467 1827 1602 1858 quantum
1627 1823 1655 1850 in
1671 1827 1697 1851 te
1713 1827 1756 1851 est
1779 1824 1847 1851 illud

1049 1876 1128 1897 serva
1147 1877 1163 1897 a
1178 1869 1316 1904 voluptate
1330 1874 1359 1897 et
1374 1869 1567 1905 azgrotatione,
1585 1869 1713 1906 habeque
1738 1871 1846 1898 socium

1049 1915 1084 1942 ad
1099 1915 1212 1943 meliora
1224 1915 1361 1943 facienda.
1374 1914 1403 1942 In
1412 1915 1525 1942 domum
1533 1915 1633 1942 virtute
1644 1915 1846 1943 sanctificatum

1050 1959 1132 1988 Verbi
1147 1960 1193 1988 Dei
1206 1960 1253 1996 qui
1267 1965 1378 1995 propter
1392 1960 1560 1988 charitatem
1574 1960 1660 1987 frater
1671 1964 1736 1988 tuus
1747 1969 1847 1990 seruu—

1049 2007 1114 2034 dum
1129 2014 1239 2034 carnem
1256 2007 1315 2035 fieri
1330 2006 1461 2042 dignatus
1474 2010 1528 2038 est,
1543 2006 1566 2033 si
1584 2006 1777 2041 spiritualibus
1791 2008 1847 2035 vir-

1050 2053 1117 2081 tutis
1130 2053 1234 2081 divitiis
1247 2053 1338 2081 adliue
1355 2052 1490 2088 indigeas,
1503 2061 1538 2080 ne
1553 2053 1656 2082 audeas
1675 2053 1781 2090 ingredi
1794 2055 1848 2082 sub

1051 2100 1147 2127 umbra
1158 2099 1280 2136 pietatis,
1290 2107 1341 2128 nec
1355 2099 1434 2126 turba
1448 2099 1552 2127 electus
1567 2099 1670 2134 videri;
1684 2107 1750 2128 cave
1760 2109 1793 2127 ne
1807 2101 1847 2128 in-

1051 2147 1131 2183 digne
1149 2147 1291 2184 ingressus
1314 2147 1341 2175 in
1369 2146 1498 2175 tenebras
1511 2146 1662 2175 exteriores
1677 2147 1844 2184 projiciaris.

1086 2280 1184 2309 Melior
1208 2285 1249 2309 est
1282 2282 1383 2310 amicus
1407 2289 1498 2317 prope,
1526 2290 1606 2317 quam
1635 2281 1722 2317 frater
1751 2291 1844 2314 procu.

1051 2327 1185 2356 habitans.
1206 2327 1302 2356 Melior
1322 2333 1364 2356 est
1388 2329 1494 2357 amicus
1520 2329 1628 2361 eadem,
1650 2337 1732 2364 quam
1759 2330 1844 2357 frater

1051 2374 1105 2401 alia
1122 2375 1264 2408 sentiens;
1278 2382 1341 2402 cum
1352 2374 1445 2409 priore
1462 2375 1525 2402 licet
1540 2374 1567 2402 in
1583 2382 1650 2410 pace
1663 2377 1821 2403 conversari
1835 2383 1843 2407 ς

1050 2428 1224 2456 nequaquam
1244 2429 1307 2449 cum
1326 2421 1424 2454 altero,
1441 2429 1509 2449 sane
1522 2429 1588 2449 vero
1608 2421 1679 2449 inter
1695 2422 1844 2450 tumultum

1051 2470 1078 2494 et
1095 2475 1212 2503 pugnas.
1231 2467 1366 2495 Fraterna
1386 2468 1459 2496 enim
1484 2467 1638 2503 cogitantes
1664 2467 1716 2495 etsi
1744 2467 1844 2496 fratres

1052 2520 1106 2540 non
1123 2514 1190 2545 sint,
1205 2513 1294 2549 magis
1318 2517 1385 2541 sunt
1402 2518 1493 2540 tamen
1516 2520 1599 2548 quam
1620 2512 1722 2542 fratres
1741 2521 1843 2541 secun-

1049 2558 1114 2585 dum
1128 2566 1239 2586 carnem
1266 2568 1274 2587 :
1299 2559 1372 2595 quod
1400 2563 1430 2586 ut
1449 2557 1585 2586 indicaret
1604 2558 1737 2586 Dominus
1757 2568 1764 2587 :
1782 2560 1844 2595 qui-

1049 2612 1168 2639 cumque
1184 2604 1281 2634 fecerit
1295 2605 1464 2633 voluntatem
1484 2605 1574 2633 Patris
1588 2605 1642 2633 mei
1660 2606 1708 2640 qui
1724 2605 1752 2633 iu
1764 2606 1844 2634 caelis

1049 2656 1103 2684 cst,
1118 2652 1166 2686 ait,
1181 2652 1239 2688 ipse
1254 2659 1333 2680 meus
1348 2651 1445 2684 frater,
1456 2655 1484 2679 et
1495 2656 1582 2679 mater
1595 2655 1648 2679 est.

1085 2745 1166 2774 Vnus.
1185 2745 1228 2773 ll.
1250 2744 1362 2779 Sapiens
1385 2750 1452 2778 esto,
1467 2744 1518 2780 ﬁli,
1531 2749 1560 2771 ut
1577 2745 1682 2772 lwtetur
1693 2752 1740 2771 tor
1754 2749 1839 2775 ruunt,

1048 2796 1073 2819 et
1091 2797 1177 2820 averte
1190 2796 1240 2819 ate
1253 2799 1387 2818 sermones
1397 2790 1606 2825 uprobrabiles.
1622 2789 1682 2823 Quo
1697 2789 1841 2825 sapientia

1048 2838 1121 2866 dono
1135 2838 1203 2865 llunt
1218 2837 1342 2873 perfecti,
1359 2837 1396 2865 illi
1412 2837 1542 2873 adoptive
1558 2844 1639 2870 quem
1659 2835 1842 2870 spirituuliter

1049 2885 1177 2916 educavi,
1193 2884 1246 2912 hoc
1258 2883 1379 2919 suscipe,
1394 2882 1566 2919 etspirituali
1581 2882 1674 2910 laetitia
1689 2885 1735 2908 tua
1748 2880 1840 2907 anima

1052 2928 1170 2965 fruetur,
1183 2938 1245 2960 cum
1270 2930 1377 2959 actibus
1390 2929 1448 2959 suis
1463 2932 1578 2967 purgata
1594 2927 1655 2961 erit,
1680 2930 1707 2955 et
1736 2924 1840 2954 illumi.
