2072 3161
198 177 264 209 lii}?

714 176 983 208 COMMENTARII
1005 176 1046 207 IN
1066 176 1295 209 PROVERBIA.

1769 177 1838 210 1498

196 233 324 269 ρασμοίς,
335 232 392 263 τοῖς
409 230 542 263 ἑκουσίοις
557 230 586 257 δὲ
601 231 633 267 τῇ
651 232 731 267 σαρκί
742 240 748 246 ·
768 232 815 258 καὶ
830 231 886 268 γὰρ
901 232 926 258 οἱ
941 232 990 268 μὲν

1047 231 1220 260 illecebrosis
1248 232 1337 266 enim,
1353 233 1406 261 etsi
1433 236 1549 269 gatulcat
1575 240 1652 267 caro,
1672 232 1763 261 anima
1781 242 1842 269 qua:

196 277 326 308 ἑκούσιοι,
341 276 421 303 simi.
437 275 644 311 περιποιοῦνται
657 277 755 313 ἡδονὴν
766 278 800 312 τῇ
813 277 905 312 σαρκὶ,
917 277 987 304 ἀλλά

196 330 228 356 γε
244 323 260 357 ὴ
275 321 360 357 ψυχὴ,
376 321 415 357 τῷ
428 321 476 347 τοῦ
493 321 644 354 συνειδότος
672 322 720 348 ἐπὶ
737 321 842 354 τούτοις
871 322 986 358 ἐλέγχῳ,

196 367 300 402 καὶτῷ
314 367 369 394 τῶν
395 366 549 402 μελλουσῶν
574 367 714 394 κολάσεων
741 367 829 402 φόϐῳ,
850 367 899 395 οὐκ
920 369 988 395 ἀνα-

198 413 330 439 παύεται·
347 412 372 439 οἱ
385 412 407 438 δ’
422 413 558 445 ἀκούσιοι,
577 413 601 440 εί
627 413 675 440 καὶ
693 415 727 449 τῇ
743 413 831 440 ἐλπίδι
858 413 909 449 τῆς
932 414 988 442 τῶν

198 458 350 493 μελλόντων
366 458 477 492 ἀγαθῶν
505 458 719 495 μισθαποδοσίας
743 459 922 495 εὐφραίνουσι
938 462 990 496 τὴν

196 503 296 538 ψυχὴν,
324 503 383 530 ἀλλ’
402 504 418 539 ἠ
435 503 504 539 σὰρξ
534 503 705 540 δυσχεραίνει
727 504 774 531 ἐπὶ
795 505 834 539 τῷ
867 505 989 541 ὲπιπόνῳ

196 549 300 576 αὐτῶν·
313 549 459 585 ἀμφότερα
469 550 498 576 δὲ
516 549 550 576 τὰ
566 549 679 576 τοιαῦτα
691 549 748 585 εῐδη
763 550 818 576 τῶν
828 550 989 586 πειρασμῶν

196 596 325 631 περιέπει
341 595 502 631 κακούργως
514 597 527 623 ὁ
542 596 662 631 Πονηρός
673 604 681 612 ·
694 595 725 622 τὸ
741 595 791 631 μὲν
803 596 925 631 ἐπαίρων
940 597 988 623 καὶ

195 640 352 676 διερεθίζων
366 641 415 676 τὴν
434 641 534 676 ψυχὴν,
552 641 750 676 μηχανώμενος
773 641 880 676 ἡδοναῖς
894 641 988 677 σώμα-

196 693 240 716 τος
255 685 409 720 ἀποστῆσαι
424 685 475 719 τῆς
495 685 570 717 οείας
586 687 698 720 ἀγάπης
710 686 760 721 τὴν
776 686 888 721 ἔφεσιν⁸
901 686 932 713 τὸ
948 687 987 721 δὲ,

197 734 362 767 σοφιστικῶς
379 733 580 769 ἐξαιτούμενος,
595 733 633 765 ὡς
645 734 679 761 δι’
693 734 790 770 ὀδύνης
811 733 920 770 φθεῖραι
938 733 988 770 τὴν

196 783 277 816 φύσιν
304 784 467 820 βουλόμενος
494 785 537 811 ἵνα
557 784 686 820 βιάσηται
701 784 750 820 τὴν
767 784 867 820 ψυχὴν,
888 784 984 820 ἀτονία

197 829 278 866 σολὴν
293 832 404 862 κινῆσαι
417 833 481 864 τοὺς
493 831 652 867 λογισμούς.

232 878 274 910 ιζ’.
287 877 414 912 Σίδηρος
433 878 560 911 σίδηρον
580 872 683 910 ὀξύνει
695 885 702 892 ·
724 876 802 912 ἀνὴρ
814 876 848 904 δὲ
858 877 989 912 παροξύ-

196 933 240 951 νει
253 925 417 958 πρόσωπον
436 923 551 958 ἐτέρου.
575 924 683 960 Σιδήρῳ
708 923 758 958 μὲν
770 923 948 959 χαλκευτικόν
963 932 991 952 τι

197 971 318 1007 σιδήριον
334 970 572 1006 παρατριὸόμενον
598 969 744 1006 τεχνικῶς,
770 970 864 997 τοῦτον
880 970 970 1003 ὁξύνει
983 979 990 986 ·

194 1017 269 1052 ψυχὴ
282 1017 310 1043 δὲ
322 1016 445 1052 ἀνδρεία,
461 1016 509 1043 καὶ
530 1015 599 1052 πρὸς
623 1015 724 1048 πόνους
742 1015 892 1048 ἀνένδοτος,
905 1016 992 1052 αὐτὴν

195 1063 246 1098 τὴν
271 1061 402 1098 συνεργὸν
429 1061 498 1098 αὐτῇ
525 1063 614 1098 σάρκα
635 1063 697 1089 κατ’
719 1062 892 1098 ἐπιστήμονα
911 1061 992 1096 λόγον

195 1108 381 1142 λεπτύνουσα,
391 1108 521 1145 διεγείρει
531 1109 601 1145 πρὸς
612 1108 725 1145 ἀρετήν.

232 1156 278 1190 ιη’.
293 1155 346 1187 ’ος
355 1154 500 1188 φυτεύσει
514 1153 627 1188 συκῆν,
643 1154 768 1189 φάγεται
780 1153 852 1187 τοὺς
858 1152 992 1188 καρποὺς

195 1199 293 1234 αὐτῆς
304 1207 311 1215 ’
326 1200 360 1233 ὃς
368 1200 403 1227 δὲ
413 1199 568 1235 φυλάσσει
579 1199 632 1227 τὸν
642 1200 752 1227 ἑαυτοῦ
767 1199 878 1233 Κύριον
889 1219 897 1232 ,
908 1207 993 1234 τιμη-

196 1243 332 1278 θήσεται.
352 1243 382 1271 ⁹0
401 1243 447 1271 τὸν
460 1243 532 1271 θεῖον
545 1243 625 1279 λόγον
639 1243 838 1278 καταφυτεύων
852 1245 885 1280 τῇ
900 1244 992 1271 πίστει

197 1290 226 1316 ἐν
242 1290 276 1325 τῇ
288 1290 360 1325 ψυχῇ
377 1289 472 1323 αὐτοῦ,
488 1290 568 1326 δίκην
587 1291 674 1327 συκῆς
695 1291 813 1327 φέροντα
829 1292 937 1327 καρπὸν
953 1291 993 1327 τῷ

198 1334 274 1370 φόϐῳ
294 1335 349 1362 τῶν
364 1335 495 1368 ἀπειλῶν,
510 1336 624 1372 ὕστερον
651 1337 680 1364 δὲ
704 1337 993 1373 γλυκαίνονταηδὶκην

199 1381 318 1417 μέλιτος,
332 1382 365 1417 τῇ
381 1381 470 1408 ἐλπίδι
488 1381 543 1409 τῶν
554 1382 738 1417 ἐπαγγελιῶν,
763 1382 915 1410 ἀπολαύσει
929 1383 992 1411 τού-

196 1435 245 1454 του
259 1426 313 1459 ἔξω
336 1427 437 1463 σαρκὸς
456 1428 527 1455 κατὰ
553 1429 654 1464 πρᾶξιν
669 1429 819 1464 γενόμενος
832 1438 839 1445 ·
853 1429 993 1466 γευσάμε-

197 1473 242 1505 νός
254 1481 283 1500 τε
295 1473 343 1500 καὶ
360 1473 454 1509 μαθὼν
464 1475 496 1501 ὲκ
510 1474 560 1510 τῆς
587 1475 687 1512 πείρας
702 1476 799 1511 αὐτῆς,
815 1477 856 1504 ὅτι
873 1477 994 1513 χρηστὸς

196 1520 211 1546 ὁ
228 1518 341 1555 Κύριος·
352 1521 367 1547 ὁ
378 1520 406 1547 δὲ
423 1520 517 1557 τηρῶν
531 1521 576 1548 τδν
596 1521 679 1549 αὑτοῦ
697 1522 820 1558 ἡγεμόνα
853 1523 916 1550 νοῦν
938 1523 993 1551 ἀπὸ

1037 278 1207 306 conscientia
1220 279 1372 312 mordetur,
1387 279 1564 315 futuramque
1574 287 1683 316 poenam
1699 279 1842 316 formidat,

1039 323 1154 351 minimc
1179 324 1316 358 qtticscit;
1344 333 1375 351 es
1394 325 1502 353 odiosis
1521 330 1623 358 autem,
1648 325 1712 352 licet
1736 325 1842 353 la-tctur

1039 377 1118 398 mens
1133 378 1195 405 qua!
1216 374 1310 406 sperat
1330 371 1401 398 bona
1426 370 1519 398 iutura
1545 371 1572 398 in
1595 371 1738 406 praemium
1761 371 1842 399 retri-

1041 415 1160 447 buenda,
1179 422 1244 442 caro
1265 421 1420 442 murmurat
1438 419 1550 450 propter
1576 415 1712 443 laborem.
1729 414 1841 442 Utram-

1040 469 1094 497 que
1123 461 1221 488 bartttn
1251 461 1433 489 tcutationutu
1461 461 1559 489 faciem
1586 461 1716 489 diabolus
1746 465 1841 489 astttte

1038 507 1186 542 expandit;
1202 507 1284 534 tnodo
1305 507 1426 535 auitnam
1440 508 1547 535 extollit
1562 512 1590 536 et
1606 508 1741 541 incendit,
1763 515 1841 536 eam-

1037 562 1091 589 que
1119 553 1280 582 carnalibus
1307 553 1502 590 voluptatibus
1528 557 1617 582 tentat
1642 555 1783 582 remittere
1805 555 1841 581 ab

1037 601 1136 628 ardore
1159 599 1260 628 divinte
1277 601 1439 634 cbaritatis;
1455 599 1537 627 modo
1558 599 1695 628 malitiose
1715 601 1842 636 queritur

1038 650 1164 673 naturam
1181 646 1277 674 dolore
1287 646 1405 677 conteri.
1422 646 1577 681 animmque
1594 646 1692 673 suadet
1706 650 1735 673 ut
1753 646 1838 672 male-

1041 691 1116 719 dicat
1128 691 1266 725 Creatori,
1277 697 1360 728 atque
1375 692 1485 720 devicta
1498 691 1607 720 deiectu
1619 692 1723 720 laboris
1737 691 1766 719 in
1781 699 1840 719 scr-

1040 738 1155 766 vitntem
1170 738 1322 774 redigatur.

1017 786 1108 814 πόνων
1133 787 1363 823 καταϐληοεϊσαν,
1383 787 1453 824 πρὸς
1478 787 1528 823 τὴν
1542 787 1590 815 τοῦ
1611 787 1762 818 κτίσαντος
1780 786 1840 813 δια-

1004 881 1026 909 B
1075 878 1159 907 Vens.
1176 878 1219 906 l7.
1242 878 1355 906 Ferrum
1367 878 1440 905 acuit
1453 878 1566 913 ferrum,
1579 878 1617 906 vis
1633 882 1722 906 autem
1734 880 1842 907 statuit

1043 926 1140 960 facient
1157 925 1248 953 amici.
1267 924 1380 953 Ferrum
1402 933 1509 952 aeneum
1524 925 1560 952 ab
1577 925 1684 953 artiﬁce
1700 925 1773 953 ferro
1789 927 1842 953 tri-

1042 976 1121 1002 tum,
1148 970 1215 998 illttd
1240 971 1314 998 acuit
1336 978 1343 996 :
1366 971 1409 998 sic
1435 971 1541 997 amicus
1565 970 1653 998 virilis
1680 970 1842 1006 patiensque

1041 1019 1146 1046 laboris
1157 1025 1259 1054 corpus
1270 1026 1334 1046 cum
1346 1025 1403 1054 quo
1417 1017 1526 1046 laborat
1542 1018 1717 1046 macilentius
1731 1019 1843 1054 Sapinti-

1041 1067 1084 1091 ter
1102 1063 1202 1096 reddit,
1219 1063 1372 1099 virtutique
1388 1063 1492 1099 aptius.

1079 1151 1161 1180 Vsus.
1174 1151 1217 1180 i8.
1231 1152 1284 1185 Qui
1297 1152 1402 1187 plantat
1417 1152 1510 1187 ﬁcum,
1521 1153 1637 1180 comedet
1650 1152 1755 1187 fructus
1764 1154 1841 1186 rjus;

1041 1197 1087 1233 qui
1105 1202 1192 1225 autem
1207 1198 1325 1225 custodit
1341 1197 1485 1225 Dominum
1502 1205 1590 1231 suum,
1606 1197 1840 1232 huncri/icabitur.

1043 1243 1071 1271 Si
1085 1244 1109 1271 vi
1126 1244 1187 1272 ﬁdei
1198 1244 1225 1271 in
1238 1245 1329 1271 anima
1342 1248 1388 1271 tua
1399 1244 1549 1271 inserueris
1561 1243 1674 1271 verbum
1686 1242 1746 1275 Dei.
1755 1243 1840 1276 quod,

1043 1290 1117 1318 sicut
1142 1291 1222 1322 licus,
1237 1290 1344 1318 fructus
1359 1291 1502 1325 producet,
1526 1293 1636 1325 propter
1660 1288 1840 1316 formidinem

1044 1337 1194 1371 minarum,
1219 1341 1248 1365 et
1268 1335 1369 1364 deinde
1383 1341 1493 1371 propter
1513 1343 1591 1372 spem
1610 1335 1746 1364 mercedis
1768 1335 1843 1362 sicut

1045 1383 1098 1410 mel
1110 1382 1313 1415 dulcescet,bis
1327 1381 1466 1409 fructibus
1480 1381 1607 1410 elevatus
1625 1389 1709 1417 supra
1726 1389 1840 1408 carnem

1044 1428 1072 1455 in
1090 1428 1206 1464 agendo,
1227 1435 1253 1456 et
1272 1428 1398 1464 gustabis
1415 1432 1545 1464 expertus
1561 1428 1621 1463 ipse
1637 1427 1768 1463 quoniam
1792 1427 1842 1454 bo-

1045 1481 1098 1501 ntts
1113 1473 1257 1502 Dominus.
1272 1474 1301 1501 Si
1313 1474 1375 1510 quis
1395 1474 1518 1501 animum
1532 1482 1548 1502 a
1561 1482 1618 1510 quo
1633 1473 1738 1510 regitur
1750 1480 1843 1501 serva-
1864 1478 1867 1481 '

1044 1521 1115 1548 verit
1131 1521 1249 1549 illaesum
1264 1528 1279 1548 a
1301 1529 1393 1549 rerum
1409 1521 1577 1549 exteriorum
1592 1520 1772 1556 deceptione,
1795 1519 1842 1547 ille

196 1565 247 1601 τῆς
277 1566 332 1593 τῶν
359 1567 532 1603 φαινομένων
553 1567 658 1604 πλάνης
671 1568 910 1600 ἀνεπιϐούλευτον,
940 1569 991 1602 ἔξω

1043 1567 1276 1602 contemplatione
1301 1571 1380 1595 extra
1410 1567 1546 1596 mundum
1566 1574 1746 1603 progressus,
1766 1570 1793 1594 et
1811 1566 1841 1594 in

197 1608 302 1645 κόσμου
316 1610 388 1638 κατὰ
406 1611 524 1647 θεωρίαν
549 1611 706 1648 γενόμενος,
723 1613 771 1640 καὶ
784 1612 813 1640 ὲν
832 1613 892 1648 Θεῷ
911 1622 993 1641 κατα-
1010 1637 1013 1640 λ

198 1653 315 1688 παύσας,
328 1655 526 1692 δοξασυὴσεται
542 1657 571 1683 ὲν
584 1656 623 1693 τῷ
633 1657 750 1693 ὀφθῆναι
760 1657 836 1694 αὐτῷ
845 1657 895 1693 τὴν
910 1658 992 1691 δόξαν

197 1700 292 1729 αὑτοῦ.

236 1746 278 1775 ιθ’.
293 1747 409 1782 Ὥσπερ
428 1748 486 1783 οὐχ
516 1747 602 1784 ὅμοια
630 1749 778 1784 πρόσωπα
805 1751 991 1785 προσώποις,

197 1791 293 1825 οὕτως
306 1791 378 1820 οὐδὲ
393 1793 423 1819 αἱ
437 1792 556 1828 καρδίαι
582 1794 643 1821 τῶν
661 1795 837 1830 ἀνθρώπων.
855 1797 993 1833 Καθάπερ

197 1837 322 1874 διάφοροι
336 1838 391 1865 τῶν
405 1838 562 1874 προσώπων
574 1840 599 1866 oi
612 1841 799 1877 χαρακτῆρες,
815 1842 992 1870 διαλλάττον-

197 1891 244 1914 τες
271 1884 343 1910 κατά
368 1883 402 1910 τὰ
421 1884 563 1920 ἀχώριστα
594 1886 801 1922 συμϐεὸηκότα,
815 1888 846 1914 τό
862 1897 892 1915 τε
913 1888 992 1922 σιμὸν

198 1929 291 1956 καὶτὸ
313 1929 430 1964 γρυπὸν,
456 1930 486 1956 τὸ
514 1930 611 1958 λευκὸν
635 1932 683 1959 καὶ
704 1933 735 1960 τὸ
753 1933 849 1968 μέλαν,
883 1935 930 1962 καὶ
958 1935 993 1962 τὰ

197 1975 290 2010 δμοια,
313 1975 386 2003 οὕτω
409 1976 600 2004 διαλλάττουσι
616 1978 701 2005 καὶαι
713 1978 768 2005 τῶν
786 1979 882 2015 ψυχῶν
902 1980 993 2007 διαθέ-

199 2031 256 2054 σεις
277 2022 348 2050 κατά
364 2022 413 2055 τὰς
428 2022 574 2059 διαφόρους
599 2025 798 2060 προαιρετικὰς
822 2025 923 2062 ἀρετὰς
945 2027 993 2054 καὶ

198 2067 310 2100 κακίας.

234 2116 269 2140 κ’.
287 2112 380 2148 ’ᾍδης
390 2113 439 2140 καὶ
451 2113 585 2141 ἀπώλεια
598 2114 654 2142 οὐκ
668 2114 883 2150 ἐμπίπλανται·
893 2118 992 2145 ὠσαύ·

199 2170 256 2196 τως
273 2162 323 2189 καὶ
337 2163 366 2190 οι
381 2162 530 2197 ὀφθαλμοὶ
557 2161 617 2190 τῶν
637 2163 804 2198 ἀνθρώπων
827 2165 991 2200 ἄπληστοι.

199 2207 333 2243 Καοάπερ
345 2208 360 2235 ό
374 2207 423 2240 τὰς
445 2207 535 2243 ψυχὰς
563 2207 634 2244 μετὰ
649 2208 699 2245 τὴν
714 2209 769 2237 ἀπὸ
784 2210 838 2237 τῶν
855 2211 992 2246 σωμάτων

1045 1614 1100 1642 Deo
1110 1615 1267 1649 quiescens,
1281 1614 1396 1650 gloriam
1408 1621 1424 1642 e
1438 1614 1624 1649 contemplata
1634 1613 1721 1649 gloria
1733 1613 1842 1640 Domini

1044 1661 1168 1700 recipiet.

1079 1749 1164 1778 Vnus.
1176 1749 1220 1778 i9.
1239 1749 1316 1777 Sicut
1329 1757 1381 1776 non
1397 1748 1498 1776 similes
1508 1748 1590 1783 facies
1603 1747 1734 1782 faciebas,
1747 1747 1786 1774 ita
1797 1755 1845 1773 ne-

1043 1805 1092 1832 que
1098 1797 1271 1832 cogitationes
1279 1796 1428 1824 hominum.
1438 1795 1674 1829 Quemadmodum
1685 1794 1753 1820 varii
1763 1793 1843 1821 diﬁc-

1045 1847 1110 1870 runt
1138 1842 1183 1870 alii
1204 1842 1239 1870 ab
1256 1842 1320 1870 aliis
1335 1842 1460 1869 vultuum
1481 1841 1668 1873 characteres,
1687 1839 1842 1867 secundum

1043 1889 1197 1916 accidentia
1224 1888 1342 1921 inﬁnita,
1369 1893 1428 1915 tum
1450 1889 1552 1916 simum
1577 1895 1689 1919 nasum,
1716 1891 1776 1914 tum
1793 1886 1843 1914 ad-

1044 1941 1160 1966 uncum;
1177 1933 1219 1960 sic
1243 1933 1301 1960 sive
1326 1932 1502 1966 albutn,sive
1527 1932 1635 1968 nigrum
1665 1932 1797 1964 colorem.
1813 1936 1842 1959 et

1043 1985 1141 2007 caetera
1154 1998 1163 2011 ,
1178 1982 1245 2006 sunt
1270 1978 1422 2006 dissimiles
1446 1977 1602 2005 animarutn
1622 1977 1820 2013 dispositioncs
1832 1997 1841 2010 .

1043 2029 1126 2060 prout
1144 2025 1191 2052 alii
1210 2026 1352 2057 virtutem,
1371 2024 1418 2051 alii
1434 2023 1530 2052 vitium
1545 2023 1697 2059 elegerunt.

1078 2115 1161 2144 Vsus.
1175 2115 1219 2144 20.
1235 2114 1362 2149 qucrnus
1378 2120 1402 2142 et
1417 2115 1530 2149 perditio
1542 2122 1677 2150 nunquam
1689 2113 1843 2149 implentur,

1043 2162 1083 2188 sic
1100 2167 1125 2189 et
1143 2161 1213 2188 oculi
1236 2161 1374 2188 hominum
1405 2160 1583 2188 intatiabilu.
1613 2161 1690 2189 Sicut
1716 2161 1842 2189 infernus

1044 2207 1091 2242 qui
1108 2210 1186 2233 rorat
1208 2206 1314 2233 animas
1337 2213 1352 2233 a
1373 2213 1488 2241 corpore
1506 2206 1625 2239 solutas,
1651 2207 1693 2234 vel
1714 2206 1842 2235 diabolus

198 2252 337 2286 διάζευξιν
350 2252 547 2288 ὑποδεχόμενος
562 2252 642 2289 ᾅδης,
655 2254 704 2280 καὶ
719 2254 733 2281 ὀ
750 2255 853 2288 ταύτας
868 2256 991 2288 ἀπατῶν,

1047 2253 1094 2287 qui
1114 2252 1176 2279 illas
1194 2251 1264 2279 fallit
1291 2251 1432 2287 Deumque
1457 2251 1617 2287 dereliquit,
1638 2259 1779 2287 nunquam
1799 2259 1845 2279 sa—

199 2299 245 2326 καὶ
257 2298 325 2326 Θεοῦ
352 2299 467 2332 ὲξιστῶν
488 2299 605 2335 δαίμων,
627 2300 679 2328 κᾶν
691 2301 796 2333 πάντας
810 2302 992 2334 καταπίωσιν,

199 2345 230 2372 ού
241 2345 415 2380 κορέννυνται
427 2354 434 2360 ·
448 2345 519 2373 κατά
533 2346 579 2373 τὸν
591 2346 673 2374 αὑτὸν
688 2347 790 2383 τρόπον
803 2349 853 2375 καὶ
870 2348 898 2375 αἱ
917 2349 994 2375 ὀπτι-

200 2389 247 2416 καὶ
263 2390 317 2417 τῶν
332 2389 486 2425 ἀνθρώπων
503 2390 644 2426 δυνάμεις,
660 2391 710 2418 οὒκ
724 2392 911 2427 ἐμπίπλανται
942 2394 993 2428 τῆς

190 2437 262 2476 ’περὶ
275 2436 310 2463 τὰ
326 2437 476 2472 φαινόμενα
491 2436 608 2472 ἀπάτης·
623 2437 675 2469 ἕως
686 2437 719 2465 ἂν
729 2437 834 2466 τούτων
849 2439 993 2475 ὑπεριδοῦ-

200 2490 256 2513 σαι,
274 2482 322 2516 τὴν
341 2481 420 2513 δόξαν
438 2482 559 2517 ὅψωνται
573 2482 621 2509 τοῦ
643 2482 725 2510 Θεοῦ·
742 2483 790 2510 τοῦ
802 2483 858 2520 γὰρ
876 2485 993 2520 ἐσχάτου

198 2528 311 2564 ὸρεκτού
342 2528 465 2562 φυσικῶς
495 2529 586 2556 πάντα
609 2529 733 2564 ἐφίεται·
749 2530 800 2557 κᾶν
824 2529 904 2557 τοῦτό
918 2539 994 2562 τινες

198 2575 231 2601 δι’
244 2574 303 2602 ἀιπά
321 2583 355 2609 ην
367 2575 635 2610 παραγνωρίζοντες,
651 2576 698 2603 τοῦ
714 2577 753 2613 μὴ
767 2577 844 2609 ὄντος
862 2577 900 2609 ὼς
916 2577 992 2610 δντος

198 2620 270 2647 κατά
281 2620 392 2656 γνώμην
408 2621 579 2656 ἀντέχονται.

233 2666 394 2701 Βδέλυγμα
415 2667 515 2701 Κυρίῳ
531 2666 680 2702 στηρίζων
704 2668 861 2704 ὀφθαλμόν
872 2678 880 2685 ⁸
902 2671 952 2698 καὶ
967 2671 995 2698 οι

197 2711 383 2744 ἀπαίδευτοι,
397 2712 536 2746 ἀκρατεῖς
548 2712 683 2747 γλώσσῃ.
709 2714 769 2741 Οὐκ
795 2715 941 2750 εὐάρεστος
956 2715 996 2752 τῷ

199 2759 308 2785 πάντων
336 2759 490 2794 κυριεύοντι
504 2759 564 2794 Θεῷ
588 2760 643 2791 πᾶς
658 2761 672 2786 ὁ
686 2759 717 2787 τὸ
733 2761 826 2796 νοερὸν
849 2761 927 2797 δμμα
944 2762 996 2797 τῆς

198 2804 286 2840 ψυχῆς
300 2805 466 2839 ἀπασχολῶν
493 2805 554 2831 κατ’
579 2805 706 2840 αἴσθησιν
723 2807 756 2842 τῇ
769 2807 918 2843 ἐπιφανείᾳ
939 2807 995 2834 ¹τῶν

199 2850 304 2885 ὁρατῶν
317 2858 323 2864 ·
337 2851 384 2877 καὶ
404 2851 441 2886 μὴ
466 2850 618 2878 διαῦαίνων
635 2852 664 2878 ἐν
680 2852 818 2887 πνεύματι
852 2853 921 2888 πρὸς
946 2853 996 2889 τὴν

198 2897 243 2925 διὰ
256 2898 363 2926 πάντων
379 2899 414 2931 ὡς
433 2899 574 2935 συμῆόλων
595 2900 906 2938 μη·ν.›ομὶ·ιηνἀλήθειαν
919 2909 925 2915 ·
943 2901 989 2928 καὶ

1046 2299 1166 2331 tiantur,
1185 2298 1249 2326 licet
1275 2305 1372 2326 omnes
1394 2297 1609 2332 absorbucrint;
1632 2299 1673 2327 sic
1697 2298 1844 2325 hominum

1044 2345 1117 2372 Oculi
1143 2353 1198 2373 non
1222 2349 1385 2373 saturantur
1406 2350 1531 2373 errantes
1556 2345 1660 2373 circum
1685 2345 1844 2378 exteriora;

1045 2391 1133 2419 donec
1146 2392 1207 2420 istis
1219 2392 1385 2427 contemptis
1395 2390 1517 2418 divinam
1539 2391 1652 2426 gloriam
1671 2391 1844 2419 intueantur.

1045 2437 1148 2466 Natura
1163 2438 1237 2466 enitn
1256 2445 1352 2466 omnes
1368 2437 1402 2465 ad
1416 2437 1540 2465 ultimutn
1561 2436 1642 2465 ﬁnem
1660 2436 1786 2470 tendunt,
1798 2437 1844 2464 iu-

1045 2485 1134 2513 veniri
1151 2489 1269 2520 possunt
1284 2485 1331 2520 qui
1346 2485 1374 2512 in
1392 2484 1444 2512 hoc
1459 2483 1587 2519 eligendo
1601 2488 1705 2517 errant,
1721 2483 1774 2511 sibi
1790 2483 1844 2519 ipsi

1046 2535 1136 2559 autem
1149 2538 1199 2566 pro
1213 2530 1287 2559 veris
1305 2531 1374 2558 falsa
1389 2528 1603 2566 amplectuntur.

1083 2663 1252 2691 Abominatio
1280 2662 1396 2690 Domino
1424 2662 1570 2697 obﬁrmans
1595 2661 1702 2689 oculum
1722 2667 1748 2689 et
1770 2662 1843 2690 imii-

1048 2711 1314 2747 sciplinutitinguam
1331 2717 1385 2736 non
1411 2709 1559 2736 continent.
1582 2707 1644 2736 Non
1668 2709 1760 2743 placet
1785 2707 1842 2735 Deo

1047 2759 1171 2785 omnium
1188 2757 1314 2788 Domino,
1342 2755 1389 2789 qui
1414 2755 1586 2791 spiritualem
1604 2755 1704 2783 animae
1729 2756 1841 2784 oculum

1048 2807 1148 2834 avertit
1163 2805 1196 2832 ad
1219 2812 1265 2832 res
1287 2803 1442 2831 exteriores
1457 2802 1646 2838 aspiciendas,
1671 2810 1721 2830 nec
1740 2803 1842 2830 verita-

1048 2858 1101 2880 tem
1121 2854 1148 2880 in
1169 2852 1244 2879 omni
1256 2855 1395 2883 creatura,
1413 2850 1493 2885 quasi
1511 2850 1538 2877 in
1564 2849 1662 2884 ﬁgura,
1679 2849 1840 2883 impressam

1049 2899 1174 2936 inquirit.
1188 2897 1242 2927 Nec
1259 2898 1368 2935 placent
1391 2897 1435 2926 isti
1452 2896 1593 2932 loquaces,
1610 2895 1655 2931 qui
1671 2894 1762 2923 divina
1778 2895 1841 2923 inde
