2072 3161
232 188 302 220 15οι

231 248 335 277 (mitur,
357 242 397 270 vir
417 247 505 270 autent
519 247 624 270 astutus
640 242 791 278 exstinguat
811 251 852 270 ea.
872 242 940 269 Dum
958 243 1028 270 votis

231 291 393 325 plerumque
409 288 542 316 decidunt
566 288 614 323 qui
632 296 728 316 verum
743 289 847 316 bonum
869 292 960 316 mente
976 297 1029 316 non

231 335 393 370 exquirunt,
405 336 467 363 lites
495 340 641 363 movemur
655 335 726 362 inter
739 343 797 366 eos.
815 335 883 371 ipsis
903 336 956 363 sibi
975 335 1031 362 cri-

233 382 298 409 mini
325 386 422 409 mutuo
440 380 572 409 dantibus
601 380 741 408 infelicem
770 381 885 408 exitum.
916 380 1032 416 Sapiens

232 435 298 455 vero
316 428 379 455 illas
394 427 482 464 perite
498 426 738 463 prmtergreditur,
756 427 889 463 ipsasque
911 426 1030 455 sedabit.

269 517 352 545 Vens.
362 517 408 545 3|.
422 517 512 544 Fortis
529 518 557 544 in
572 517 752 552 impietatibus
765 517 948 544 calumniatur
961 525 1029 552 pau-

232 572 318 598 peres.
346 563 433 590 llomo
453 563 559 598 peritus
572 563 630 590 oris
649 563 870 595 mendaciorum,
888 562 931 590 vel
949 570 1030 590 manu

235 613 400 645 praepotens.
417 609 452 637 iis
467 609 513 644 qui
526 612 623 636 carent
635 616 762 637 sermone
772 613 799 636 et
809 609 908 636 robore
922 609 1032 637 instan-

234 660 277 683 ter
292 659 382 687 nocet.
405 654 446 682 sic
463 654 582 683 Satanas
602 654 683 682 nobis
703 654 944 683 consentientibus
967 662 1033 682 acer

234 702 266 728 ad
279 701 444 732 laedendum.
459 701 562 728 invidet
576 701 734 729 hominibus
744 702 791 737 qui
802 701 954 729 voluntarie
963 702 1032 729 exci-

233 747 303 775 dunt
319 755 335 774 a
356 747 461 776 divitiis
494 748 618 775 scientiae
639 751 666 775 et
689 748 810 780 virtutis.
833 749 941 784 ipsique
962 750 1032 776 resi-

233 799 307 821 stere
326 801 379 821 non
395 798 526 829 possunt;
544 793 599 822 illis
614 794 762 829 perniciem
777 798 918 830 postremo
928 793 1033 823 inferre

235 840 357 867 molitur.

271 929 354 958 Vens.
368 930 394 957 4.
413 929 553 966 Tanquam
582 930 673 965 pluvia
700 931 834 959 vehemens
854 935 882 958 ‘et
907 931 1024 965 inutilis,

233 977 272 1004 sic
288 977 332 1011 qui
340 976 548 1010 derelinqttentes
564 977 645 1012 legent
659 977 772 1004 laudant
785 977 968 1013 impietatem;
981 980 1027 1014 qui

234 1028 322 1050 autem
335 1023 449 1058 diligunt
461 1023 540 1057 legem
555 1024 722 1051 circumdant
740 1024 793 1051 sibi
807 1024 1026 1058 murum.Qualis

235 1068 322 1096 imber
335 1069 482 1096 vehemens
496 1073 524 1096 et
540 1069 761 1104 intempestivus,
772 1071 820 1106 qui
836 1075 936 1099 ternm
950 1079 1030 1099 ever-

233 1115 277 1145 tit.
294 1118 322 1142 et
337 1113 371 1141 ad
387 1119 544 1142 extremum
560 1115 689 1142 damnum
707 1116 790 1144 infert
803 1117 943 1152 agricola.
959 1117 1028 1145 tales

234 1165 298 1188 sont
317 1160 455 1192 homines.
467 1161 514 1196 qui
532 1160 579 1189 Dei
593 1166 730 1197 praecepta
748 1167 968 1196 contemnentes,
979 1171 1028 1190 au-

233 1208 410 1243 «litorumque
425 1209 533 1236 animos
552 1209 586 1236 ad
598 1209 750 1244 nequitiam
770 1209 950 1243 inclinantes,
967 1218 1030 1238 cor-

235 1257 367 1290 rumpunt
383 1255 484 1283 bonum
503 1255 766 1284 semenaCreatore
787 1257 1029 1284 naturaabnmana:

235 1299 380 1333 insertum,
400 1301 550 1329 laudantes
565 1309 649 1336 opera
677 1302 704 1329 in
722 1301 807 1330 Deum
825 1303 958 1338 iniuriosa
973 1311 1027 1331 non

234 1347 401 1374 erubescunt
419 1354 473 1380 ;ex
499 1347 619 1374 adverso
640 1347 709 1376 bene
735 1349 887 1378 sentientes
901 1349 1029 1378 homines

233 1393 267 1420 de
278 1393 321 1421 his
330 1394 466 1422 mandatis
480 1393 526 1421 Dei
539 1394 663 1422 timorem
678 1394 731 1422 sibi
748 1398 876 1422 statuunt
888 1403 937 1430 pro
949 1403 1030 1423 muro

233 1447 288 1474 quo
303 1441 337 1467 ab
354 1439 398 1468 his
433 1439 590 1468 mortiferis
616 1440 746 1470 consiliis
773 1449 830 1469 suae
844 1442 945 1470 animae
962 1450 1028 1478 pro-

234 1490 375 1522 tv'gnntur.

889 188 1067 219 PROCOPII
1082 188 1204 219 GAZ/El

1811 190 1879 222 1504

1044 245 1065 273 Α
1079 243 1158 277 ἀνὴρ
1168 243 1203 270 δὲ
1222 242 1393 277 πανοῦργος
1417 243 1600 271 κατασϐέσει
1624 244 1728 278 αὐτάς.
1755 245 1816 272 Τῶν
1840 246 1879 282 μή

1059 306 1066 310 -
1081 288 1226 325 τιμώντων
1238 289 1309 317 κατὰ
1320 290 1440 317 διάθεσιν
1458 290 1489 317 τὸ
1503 290 1589 322 ὅντως
1605 290 1709 325 ἀγαθὸν
1723 291 1880 327 ἀποτυγχα-

1082 335 1184 363 νόντων
1193 335 1326 367 πολλάκις
1338 335 1395 362 τῶν
1410 334 1503 367 αὐτοῖς
1515 336 1631 371 ἐφετῶν,
1640 336 1770 370 διενὲξεις
1778 337 1880 372 μεταξῦ

1082 380 1184 408 τούτων
1197 381 1361 417 ἐγείρονται,
1382 381 1510 418 ἀλλήλοις
1531 383 1746 418 προσαπτόντων
1761 384 1813 415 τὰς
1825 384 1882 410 τῶν

1083 427 1239 463 ἀποτυχιῶν
1263 428 1408 463 ἀφορμάς’
1436 429 1451 456 ὁ
1475 427 1504 454 δὲ
1520 428 1664 463 φρόνιμος,
1689 429 1740 461 τὰς
1755 429 1882 457 ἐντεῦθεν

1082 472 1174 509 ἔριδας
1192 473 1331 508 μετελθὼν
1343 474 1462 509 εὐφυῶς,
1480 474 1653 502 καταπαύσει
1666 474 1763 506 αὑτάς.

1118 523 1153 554 γ’.
1175 519 1326 554 Ἀνδρεῖος
1349 521 1384 547 ἐν
1407 521 1570 554 ἀσεϐείαις,
1594 521 1782 556 συκοφαντεῖ
1801 530 1881 549 πτω-

1083 565 1167 600 χούς.
1183 565 1290 600 ’Ὠσπερ
1306 566 1321 592 ὁ
1333 565 1442 602 ἰσχυρὸς
1456 567 1490 602 τῇ
1505 574 1534 592 τε
1549 565 1657 602 γλώττῃ
1673 567 1720 593 τοῦ
1739 567 1880 602 καταψεύ-

1082 610 1185 644 δεσθαι,
1203 612 1252 638 καὶ
1269 612 1302 647 τῇ
1316 611 1390 646 χειρὶ
1403 611 1451 638 τοῦ
1469 611 1727 644 καταδυναστεύειν,
1743 614 1800 644 τοῖς
1812 613 1881 639 ἀπο-

1085 655 1161 692 ροῦσι
1171 656 1218 683 καὶ
1228 655 1310 690 λόγου
1320 657 1368 683 καὶ
1379 656 1540 689 δυναστείας
1550 657 1759 692 ὲπηρεαστικῶς
1767 658 1880 692 ἐπιφύε-

1083 710 1127 729 ται
1137 710 1145 718 ⁸
1163 701 1235 729 οὕτω
1251 693 1324 729 καὶὸ
1339 702 1411 730 κατὰ
1427 702 1590 738 προαίρεσιν
1613 702 1753 738 ἡμετέραν
1771 703 1881 738 ἰσχυρὸς

1082 746 1130 774 τοῦ
1155 748 1313 774 κακοποιεῖν
1328 747 1463 779 Σατανᾶς,
1479 749 1536 780 τοῖς
1565 747 1637 775 κατὰ
1662 747 1777 783 γνώμην
1795 749 1880 774 ἐκπε-

1083 793 1205 820 πτωκόσι
1219 793 1267 820 τοῦ
1286 793 1404 820 πλούτου
1419 793 1471 829 τῆς
1484 793 1614 828 γνώσεως
1630 795 1679 821 καὶ
1695 794 1745 829 τῆς
1766 794 1879 829 ἀρετῆς,

1083 838 1230 866 κάντεῦθεν
1246 838 1284 874 μὴ
1297 838 1459 874 δυναμένοις
1469 838 1630 874 ἀντιστῆναι
1642 837 1728 873 αύτῷ,
1742 837 1880 873 φθονερῶς

1083 885 1245 918 ἐπιτίθεται,
1257 885 1350 912 τέλεον
1364 884 1499 912 ἀπολέσαι
1513 884 1624 917 τούτους
1636 883 1797 920 ἐπιχειρῶν.

1045 924 1068 953 Β
1116 932 1148 959 δ’.
1164 931 1281 966 ’Ὠσπερ
1299 930 1388 964 ὑετὸς
1404 929 1515 964 λάϐρος
1529 930 1579 957 καὶ
1602 930 1773 965 ἀνωφελὴς,
1785 930 1881 963 οὕτως

1082 977 1109 1004 ol
1120 976 1374 1011 ἐγκαταλιπόντες
1385 975 1440 1003 τὸν
1449 976 1554 1010 νόμον,
1565 975 1802 1011 ἐγκωμιάζουσιν
1811 975 1881 1003 ἀσέ-

1082 1024 1182 1051 ϐειαν·
1199 1024 1226 1050 οι
1241 1022 1276 1050 δὲ
1287 1021 1463 1058 ἀγαπῶντες
1476 1022 1532 1049 τὸν
1548 1023 1659 1058 νόμον,
1675 1023 1877 1057 περιϐάλλου-

1083 1076 1136 1097 σιν
1154 1067 1273 1101 ἑαυτοῖς
1305 1067 1414 1103 τεῖχος.
1440 1067 1576 1103 Καθάπερ
1598 1067 1703 1104 δμὸρος
1730 1068 1878 1103 ῥαγδαῖος,

1084 1115 1131 1143 καὶ
1152 1114 1191 1151 μὴ
1214 1114 1286 1141 κατὰ
1317 1113 1413 1150 καιρὸν
1435 1113 1587 1149 φερόμενος
1613 1113 1660 1140 τὸν
1685 1115 1879 1149 προσήκοντα,

1081 1162 1191 1193 πάντως
1202 1159 1358 1196 παρασύρει
1373 1160 1423 1196 τὴν
1433 1159 1496 1195 γῆν,
1509 1161 1558 1187 καὶ
1569 1159 1736 1196 προσςημιοί
1747 1160 1786 1195 τῷ
1796 1169 1881 1194 κεφα-

1082 1207 1152 1244 λαίῳ
1168 1208 1212 1235 τδν
1229 1207 1356 1243 γεωργόν
1367 1215 1373 1222 ·
1393 1206 1480 1238 οὕτως
1500 1208 1525 1233 ol
1541 1206 1590 1238 τὰς
1607 1207 1682 1239 θείας
1692 1206 1803 1239 ἐντολὰς
1817 1207 1880 1234 ἀθε-

1083 1257 1227 1292 τήσαντες,
1253 1255 1322 1291 πρὸς
1343 1254 1443 1282 κακίαν
1468 1254 1518 1286 τὰς
1540 1254 1661 1290 ψυχικὰς
1675 1253 1811 1286 διαθέσεις
1825 1254 1880 1281 τῶν

1082 1301 1225 1338 ἀκροατῶν
1240 1300 1458 1336 παρασύροντες,
1470 1300 1520 1327 καὶ
1535 1300 1582 1327 τὸν
1597 1300 1673 1336 παρὰ
1683 1299 1730 1326 τοῦ
1742 1301 1880 1335 Δημιουρ-

1082 1348 1131 1384 γοῦ
1145 1348 1287 1376 ἐντεθέντα
1309 1349 1343 1383 τῇ
1368 1347 1449 1383 φύσει
1472 1347 1527 1374 τῶν
1545 1346 1699 1382 ἀνθρώπων
1715 1347 1815 1382 σπόρον
1829 1347 1877 1374 τοῦ

1083 1395 1188 1431 ἀγαθοῦ
1210 1394 1426 1430 διαφθείροντες,
1451 1394 1486 1422 τὰ
1517 1394 1555 1429 μὴ
1583 1393 1705 1425 τιμῶντα
1727 1393 1795 1420 Θεὸν
1809 1392 1880 1428 ἔργα

1083 1440 1237 1473 ἐπαινοῦσι,
1255 1440 1292 1476 μὴ
1305 1440 1510 1476 αἰσχυνόμενοι*
1527 1440 1551 1466 οῑ
1565 1440 1595 1466 δε
1611 1440 1677 1476 περὶ
1689 1440 1740 1471 τὰς
1749 1439 1880 1471 τοιαύτας

1083 1486 1194 1518 ἐντολὰς
1209 1486 1300 1517 καλῶς
1311 1486 1491 1521 διακείμενοι,
1511 1486 1618 1518 ἑαυτοῖς
1639 1485 1687 1513 τὸν
1711 1485 1783 1512 θεῖον
1798 1485 1882 1520 φόϐον

243 1531 416 1567 περιτιθέασι
432 1531 511 1566 δίκην
522 1532 632 1568 τείχους
646 1532 702 1560 ἀπὸ
716 1533 771 1561 τῶν
785 1533 914 1561 τοιούτων
926 1534 1098 1570 φθοροποιῶν
1113 1533 1201 1567 λόγων
1218 1533 1268 1564 τὰς
1286 1533 1377 1568 ψυχὰς
1392 1531 1496 1559 τούτων
1509 1531 1758 1568 περιφυλάττοντα.

271 1576 353 1604 Vens.
367 1577 393 1604 5.
414 1575 470 1604 Viri
485 1578 552 1604 mali
563 1586 615 1605 non
628 1577 777 1614 intelligent
799 1578 944 1614 judicium,
954 1587 1026 1614 qutt-

1116 1582 1147 1607 ε’.
1164 1578 1290 1613 Ἄνδρες
1309 1577 1407 1611 κακοὶ,
1427 1578 1464 1605 οὑ
1490 1577 1644 1612 νοήσουσι
1668 1577 1773 1611 κρῖμα’
1799 1578 1827 1604 οι
1845 1576 1882 1604 δὲ

233 1627 319 1650 rentes
341 1628 431 1650 autem
445 1622 590 1651 Dominum
605 1623 753 1659 intelligent
779 1624 807 1651 in
832 1625 904 1652 omni
925 1632 962 1652 re.
976 1623 1028 1657 Qui

233 1676 384 1706 operantur
406 1671 592 1707 iniquitatem,
627 1675 719 1700 mente
749 1673 911 1706 caacutinnt,
934 1678 1029 1709 utpote

234 1720 440 1752 contemptores
453 1717 521 1752 legis
537 1717 660 1749 Domini.
677 1718 727 1754 qui
741 1722 785 1746 est
801 1719 848 1746 lux
865 1719 1028 1747 semitarum

235 1766 403 1795 nostrarum,
424 1764 463 1790 ait
477 1763 623 1792 Psalmista
640 1765 663 1780 ¹⁰
683 1774 691 1797 ;
708 1764 797 1792 iidem
818 1765 934 1793 meliora
951 1774 964 1794 a
981 1774 1030 1802 pc-

233 1809 345 1843 jnribns
377 1817 432 1837 non
459 1809 634 1838 discernunt.
657 1810 690 1839 Et
707 1815 805 1839 contra
827 1812 874 1847 qui
895 1811 928 1840 ad
947 1821 1028 1841 suum

236 1859 391 1887 auctorem.
406 1855 491 1884 Deum
507 1856 654 1884 Dominum
669 1858 808 1891 omnium,
829 1863 949 1886 mentem
964 1859 1030 1887 sim-

236 1900 343 1934 pliciter
356 1906 382 1928 et
400 1900 497 1929 sedulo
514 1901 647 1937 dirigunt,
660 1903 846 1931 illmninatum
864 1912 879 1931 a
898 1903 962 1933 Sole
983 1905 1029 1940 ju-

235 1946 319 1974 stitiae
353 1947 456 1975 mentis
481 1948 591 1976 oculum
621 1949 774 1981 habebunt.
802 1951 894 1978 omnia
925 1951 952 1978 in
978 1951 1030 1980 hoc

235 1993 336 2021 mundo
362 2001 430 2022 sano
454 2000 645 2031 cognoscent.
686 2003 854 2033 omnemque
884 1998 1031 2034 acquirent

234 2039 396 2068 scientiam.
891 2066 895 2069 .

272 2085 354 2113 Vens.
373 2085 400 2114 6.
422 2085 521 2114 Melior
532 2092 572 2115 est
583 2096 684 2124 pauper
706 2089 798 2118 uidens
815 2090 843 2118 in
861 2091 974 2118 veritate
986 2091 1029 2118 di—

236 2131 287 2160 vite
301 2133 433 2162 mendaci.
449 2134 583 2169 Magister
601 2135 648 2170 qui
663 2143 717 2164 non
733 2137 787 2164 nisi
805 2137 923 2165 scientia
940 2142 1028 2170 caret.

234 2182 262 2205 et
277 2177 304 2205 in
316 2179 393 2213 praxi
408 2179 480 2206 viam
508 2187 600 2208 veram
617 2181 810 2209 mandatorum
828 2182 875 2210 Dei
894 2183 1030 2218 sequitur,

235 2223 332 2251 melior
341 2229 384 2252 est
397 2225 459 2253 aliis
474 2226 574 2260 quibus
587 2231 688 2262 praesto
710 2232 751 2255 est
766 2236 864 2264 magna
882 2227 1030 2263 facundia,

235 2270 367 2306 operibus
379 2271 466 2306 justis
483 2279 537 2299 non
554 2273 729 2302 conﬁrmata.
743 2273 795 2308 Qui
810 2275 866 2311 agit
879 2280 907 2303 et
920 2275 1029 2303 actibus

233 2317 325 2346 docet.
345 2315 444 2343 beatus
461 2321 505 2344 est
522 2326 529 2344 :
549 2316 602 2344 sibi
617 2318 714 2350 servit,
732 2322 760 2346 et
787 2326 835 2347 eos
860 2319 906 2355 qni
933 2312 1030 2347 vident

234 2362 268 2390 ad
285 2362 494 2398 glorificandum
511 2363 597 2392 Deum
620 2365 744 2393 adducit.
760 2366 812 2399 Qui
839 2371 931 2394 autem
962 2367 1030 2394 dicit

234 2412 262 2435 et
283 2416 338 2437 non
359 2409 437 2443 facit,
450 2410 536 2439 miser
568 2415 622 2444 est,
641 2411 694 2439 sibi
723 2416 815 2446 nocet,
831 2416 859 2441 et
886 2421 1029 2441 sermones

235 2461 302 2482 suos
332 2459 442 2483 actuum
477 2456 650 2491 oppositione
679 2457 770 2485 reddit
788 2457 941 2486 incﬂicaces
965 2459 1029 2493 quia

235 2500 351 2535 simplex
375 2501 496 2529 scicntia
522 2501 610 2536 inﬂat,
626 2502 665 2530 ait
684 2511 801 2540 magnus
818 2504 969 2540 Apostolus
996 2504 1029 2537 “,

234 2550 262 2574 ct
276 2546 397 2575 cbaritas
411 2548 538 2576 aediﬁcat.

273 2678 386 2707 Vensfl.
397 2679 520 2708 Custodit
528 2681 608 2718 legem
614 2682 688 2718 ﬁlius
700 2682 868 2718 intelligens;
881 2684 928 2720 qui
942 2689 1029 2712 autem

237 2725 322 2759 pascit
343 2726 489 2760 luxuriam,
506 2728 651 2756 inhonorat
663 2734 767 2763 patrem
790 2739 880 2757 suum.
898 2730 1025 2758 Mandata

239 2770 286 2798 Dei
301 2773 457 2807 servat,qui
469 2773 598 2808 dignatus
612 2780 655 2802 est
671 2776 762 2803 vocari
776 2776 850 2804 ﬁlius
868 2775 915 2804 Dei
931 2785 1030 2805 secun-

238 2816 304 2844 dum
319 2817 435 2853 gratiam
451 2826 460 2846 :
477 2827 530 2846 non
546 2820 628 2848 modo
655 2820 735 2848 fidem
751 2823 868 2857 accopit.
885 2823 932 2851 sed
949 2823 1028 2852 etiam

277 2910 300 2925 ¹⁴³
320 2908 393 2937 ιέιιι.
412 2916 507 2944 (Iunt,
524 2909 584 2939 105.
626 2911 644 2928 η
662 2909 670 2938 l
687 2911 751 2939 Cor.
767 2919 828 2945 \‘lll,
842 2912 866 2939 l.

1079 1625 1239 1658 ζητοῦντες
1253 1624 1308 1651 τὸν
1319 1623 1440 1657 Κύριον,
1456 1623 1653 1658 συνήσουσιν
1672 1623 1708 1649 ἐν
1723 1623 1825 1650 παντί.
1848 1623 1882 1650 Οἱ

1079 1672 1128 1706 τῆς
1141 1670 1258 1706 ἀνομίας
1274 1670 1401 1706 ἐργάται,
1419 1669 1624 1704 τυφλώττοντες
1635 1669 1707 1696 κατὰ
1723 1668 1822 1704 ψυχὴν,
1836 1666 1882 1696 οἷα

1080 1718 1126 1744 τὸν
1136 1716 1183 1744 τοῦ
1200 1717 1268 1744 Θεοῦ
1296 1717 1380 1753 νόμον
1407 1715 1666 1752 ἀποστρεφόμενοι·
1681 1715 1724 1747 ὃς,
1750 1715 1821 1742 κατὰ
1833 1715 1881 1742 τὸν

1080 1763 1245 1799 Ψαλμῳδὸν,
1265 1762 1323 1798 φῶς
1353 1763 1413 1790 ἐστι
1431 1762 1486 1790 τῶν
1502 1762 1605 1798 τρίϐων
1619 1762 1709 1797 ἡμῶν,
1723 1761 1754 1788 οὐ
1773 1761 1882 1797 διακρι-

1080 1809 1156 1837 νοῦσι
1171 1809 1202 1836 τὸ
1215 1811 1339 1845 κρεῖττον
1356 1809 1411 1836 ἀπὸ
1427 1808 1475 1835 τοῦ
1490 1808 1614 1844 χείρονος
1625 1816 1632 1823 ·
1657 1808 1682 1834 oi
1698 1807 1727 1834 δὲ
1748 1807 1816 1843 πρὸς
1831 1807 1882 1842 τὴν

1082 1856 1152 1884 ιδίαν
1169 1855 1272 1888 αἰτίαν,
1287 1855 1334 1882 τὸν
1348 1855 1396 1882 τοῦ
1411 1854 1514 1886 παντὸς
1530 1853 1671 1888 Δεσπότην
1688 1852 1768 1885 Θεδν,
1786 1852 1882 1883 ἁπλῶς

1081 1903 1152 1931 κατὰ
1177 1902 1241 1930 νοῦν
1268 1901 1425 1937 κινούμενοι
1449 1900 1509 1936 μετ’
1523 1900 1655 1935 ἐφέσεως,
1677 1900 1724 1926 ὑπ’
1736 1898 1881 1926 αὐτοῦτοῦ

1080 1950 1130 1985 τῆς
1144 1947 1318 1984 δικαιοσύνης
1330 1947 1422 1975 Ἠλίου
1433 1947 1463 1974 τὸ
1472 1946 1565 1981 νοερὸν
1575 1946 1654 1982 δμμα
1666 1943 1884 1980 καταλαμπόμε-

1081 2003 1133 2027 νοι,
1145 1995 1200 2022 πᾶν
1209 1995 1239 2021 τὸ
1248 1993 1406 2030 παρατυχὸν
1415 1991 1506 2024 καλῶς
1519 1991 1684 2027 γνώσονται,
1698 1990 1749 2026 τὴν
1765 1990 1882 2018 καθόλου

1081 2040 1246 2077 κεκτημένοι
1265 2039 1413 2074 διάκρισιν.

1119 2090 1156 2120 ς’.
1173 2086 1331 2121 Κρείσσων
1342 2084 1463 2120 πτωχὸς
1476 2083 1680 2119 πορευόμενος
1693 2083 1729 2110 ἐν
1743 2083 1882 2117 ἀληθείᾳ,

1082 2133 1235 2160 πλουσίου
1246 2131 1391 2169 ψευδοῇς.
1411 2131 1441 2158 '0
1454 2131 1505 2166 τῆς
1519 2130 1570 2166 μὲν
1583 2129 1657 2157 κατὰ
1679 2129 1822 2166 προφορὰν
1838 2129 1884 2165 ψι-

1081 2180 1131 2213 λῆς
1144 2179 1273 2214 γνὼσεως
1287 2178 1390 2213 ἐνδεὴς,
1406 2177 1478 2204 κατὰ
1493 2176 1595 2212 πρᾶξιν
1610 2175 1648 2209 δὲ,
1672 2176 1728 2203 τῶν
1742 2175 1824 2202 θείων
1840 2177 1883 2202 ὲν-

1082 2225 1167 2252 ·ιολῶν
1182 2225 1233 2261 τὴν
1245 2225 1294 2259 τῆς
1317 2223 1448 2259 ἀληθείας
1471 2223 1531 2250 ὁδὸν
1552 2223 1740 2259 διερχόμενος,
1765 2222 1882 2258 βελτίων

1047 2265 1068 2292 Ι)
1083 2272 1141 2298 ἐστὶ
1155 2270 1203 2298 τοῦ
1221 2271 1310 2305 λόγων
1336 2269 1445 2305 ἔχοντος
1470 2269 1630 2305 περιουσίαν
1659 2269 1771 2304 πολλὴν,
1799 2268 1836 2303 μὴ
1851 2267 1883 2300 te

1083 2318 1172 2353 ἔργων
1201 2317 1375 2352 δικαιοσύνης
1407 2316 1628 2353 βεϐαιουμένωνο
1667 2316 1762 2350 ὅτιπερ
1791 2315 1806 2340 ὁ
1830 2315 1882 2350 μὲν

1084 2363 1180 2396 ποιῶν,
1193 2363 1241 2389 καὶ
1255 2362 1294 2398 τῷ
1317 2362 1412 2397 τρόπῳ
1437 2361 1584 2394 διδάσκων,
1612 2360 1764 2396 μακάριος·
1777 2359 1815 2391 ὠς
1832 2360 1882 2386 καὶ

1083 2409 1179 2436 ἑαυτὸν
1192 2408 1316 2444 ὠφελῶν,
1340 2408 1390 2436 καὶ
1405 2408 1468 2440 τοὺς
1481 2407 1605 2444 ὁρῶντας
1617 2407 1724 2441 ἐνάγων
1745 2407 1785 2438 είς
1800 2405 1882 2439 δόξαν

1083 2455 1166 2483 Θεοῦ·
1181 2456 1196 2483 ό
1212 2455 1241 2482 δὲ
1253 2455 1388 2483 διδάσκων
1401 2455 1450 2482 καὶ
1463 2453 1502 2490 μὴ
1518 2454 1613 2486 ποιῶν,
1625 2453 1717 2485 ἄθλιος
1726 2461 1733 2467 ·
1749 2452 1880 2488 βλάπτων

1083 2511 1112 2529 τε
1126 2502 1233 2534 ἑαυτὸν,
1251 2501 1374 2533 καὶτοὺς
1386 2501 1485 2535 λόγους
1497 2499 1580 2528 αὑτοῦ
1595 2500 1639 2527 διὰ
1654 2501 1705 2536 τῆς
1719 2499 1773 2526 τῶν
1789 2498 1880 2534 ἔργων

1083 2547 1271 2582 ἱναντιότητος
1286 2546 1406 2582 ἀκύρους
1433 2545 1536 2574 ποιῶνξ
1560 2546 1578 2581 ὴ
1606 2545 1660 2580 γὰρ
1686 2545 1752 2580 ψιλὴ
1777 2544 1879 2579 γνῶσις

1083 2595 1176 2629 φυσιοῖ
1186 2602 1192 2609 ·
1203 2595 1220 2630 ἡ
1234 2594 1263 2621 δὲ
1276 2594 1371 2629 ἀγάπη
1381 2592 1520 2629 οίκοδομεϊ
1529 2612 1537 2625 ,
1549 2592 1621 2620 κατὰ
1630 2592 1677 2619 τὸν
1692 2591 1779 2627 μέγαν
1798 2591 1881 2618 Ἀπό-

1083 2639 1186 2666 στολον.

1120 2685 1153 2718 ζ’.
1169 2684 1326 2712 Φυλάσσει
1340 2684 1437 2719 νόμον
1450 2683 1511 2717 υίὸς
1537 2683 1684 2717 συνετός·
1701 2683 1736 2716 ὃς
1756 2682 1791 2710 δὲ
1812 2690 1880 2709 ποι-

1081 2732 1181 2766 μαίνει
1190 2731 1334 2763 ἀσωτίαν,
1348 2730 1480 2766 ἀτιμάζει
1493 2730 1621 2764 Πατέρα.
1643 2730 1730 2765 Τηρεῖ
1739 2728 1789 2764 τὴν
1804 2728 1880 2754 Θείαν

1084 2778 1194 2814 ἐντολὴν
1219 2778 1234 2804 ὸ
1254 2778 1304 2813 τῆς
1323 2777 1395 2804 κατὰ
1409 2776 1492 2812 χάριν
1522 2776 1659 2808 υἱοθεσίας
1680 2774 1824 2810 ἀξιωθείς*
1841 2773 1882 2810 μὴ

1084 2824 1253 2861 κεκτημένος
1269 2824 1318 2860 τὴν
1335 2824 1428 2851 πίστιν
1440 2823 1533 2860 ψιλὴν,
1550 2823 1609 2851 ἀλλ’
1628 2822 1721 2859 ἔργοις
1741 2820 1879 2849 δικαιοσύ-
