2072 3161
185 166 255 198 1505
687 162 956 196 COMMENTARII
976 161 1017 193 IN
1038 162 1264 193 PROVERBIA.
1743 162 1812 194 1506

181 233 232 259 νης
246 222 388 259 προκόψας
401 223 440 255 είς
453 222 484 250 τὸ
498 221 569 250 κατὰ
580 220 629 254 τὰς
640 220 759 257 ψυχικάς
770 221 899 256 δυνάμεις
913 228 975 247 συν-

1030 219 1249 255 operibusjustis
1259 222 1374 247 conatur
1384 222 1414 247 ut
1426 219 1525 247 anima:
1533 218 1663 254 potentia:
1676 225 1739 246 cum
1754 226 1817 247 ser-

177 271 267 298 νεύειν
277 278 307 296 τε
324 269 372 298 καὶ
395 268 611 296 συνδιατίθεσθαι
631 267 701 304 πρὸς
715 268 779 300 τοὺς
799 267 899 302 λόγους
924 267 972 294 καὶ

1031 265 1160 294 monibus
1173 269 1201 293 et
1217 265 1341 293 moribus
1358 273 1373 292 a
1389 265 1504 293 Domino
1519 264 1689 301 praescriptis
1701 272 1820 293 concor-

178 317 242 348 τοὺς
257 315 374 351 τρόπους
388 314 443 342 τῶν
460 313 591 342 ὲντολῶνσ
609 314 638 346 ὃς
655 314 684 355 δὲ
696 313 823 350 περιέπει
839 313 890 348 τὴν
907 313 973 340 ἑαυ-

179 362 227 388 τοῦ
242 361 313 388 κατά
323 360 523 396 διεφθαρμένον
541 359 599 395 βίον
613 359 762 392 ἀπώλειαν,
777 360 818 391 είς
837 358 917 395 ῦσριν
927 359 973 394 γί-

179 417 254 435 νεται
268 407 316 434 τοῦ
327 408 359 434 ὲκ
374 406 412 443 μὴ
425 407 501 438 ὄντος
516 408 555 438 είς
566 406 597 433 τὸ
607 403 676 433 εἶναι
689 405 784 433 τοῦτον
795 405 973 441 παραγαγόν-

179 463 224 486 τος
240 453 308 480 Θεοῦ
319 460 326 467 ·
343 454 368 480 οἱ
383 453 437 488 γὰρ
454 453 482 479 ἒν
496 452 581 488 πείρᾳ.
594 452 648 487 τῆς
668 451 752 480 αὑτοῦ
771 452 872 483 κακίας
893 451 973 487 γενό-

182 507 269 534 μενοι,
285 498 319 525 δι’
338 498 425 534 αὐτὴν
438 498 485 525 τὸν
503 498 600 524 τούτου
624 497 749 532 πλάστην
771 496 974 532 ἀναγκάζονται

181 545 286 580 βλασφη
291 546 362 580 μεῖν.

216 593 251 626 η’.
279 590 311 617 ’0
320 589 486 624 πληθύνων
501 589 556 617 τὸν
572 589 707 617 πλοῦτον
730 588 825 616 αὐτοῦ
835 587 910 624 μετὰ
927 589 976 616 τό-

179 644 241 662 κων
253 635 302 663 καί
319 634 533 670 πλεονασμῶν,
544 634 585 668 τῷ
599 635 734 663 ἐλεοῦντα
749 634 886 670 πτωχοὺς
897 642 974 662 συν-

180 681 244 714 άγει
255 681 359 708 αὐτόν.
374 681 403 707 '0
419 680 543 714 αὐξάνων
558 680 605 707 τὸν
620 680 690 708 κατά
700 681 802 715 γνῶσιν
813 681 861 708 καὶ
872 679 975 717 ἀρετὴν

180 725 365 761 πνευματικὸν
379 725 495 753 πλοῦτον
504 725 598 758 αὑτοῦ,
611 726 641 752 ὲν
651 725 690 761 τῷ
699 725 900 758 διδασκαλικῶς
910 725 971 752 τού-

179 780 228 798 του
246 772 418 807 μεταδιδόναι
430 773 487 804 τοῖς
503 770 648 807 χρῄζουσι,
664 771 712 798 καὶ
728 771 913 807 καρπίζεσθαι
925 771 975 807 τὴν

181 817 236 844 ἀπὸ
249 817 352 845 τούτων
377 817 523 852 ὠφέλειαν,
551 817 701 844 κάντεῦθεν
727 816 975 851 πολλαπλασιάζειν

1025 311 1091 340 dent
1103 315 1131 339 et
1141 311 1317 339 conveniant.
1326 311 1381 340 Iste
1396 317 1488 339 autem
1510 313 1556 347 qui
1583 312 1647 339 vitae
1662 311 1820 347 corruptela

1024 357 1076 386 sibi
1085 357 1226 385 interitum
1238 361 1384 394 praeparat,
1395 365 1479 386 causa
1491 363 1531 386 est
1551 365 1602 386 cur
1614 357 1821 398 blasphemetur

1025 403 1109 437 Deus,
1128 410 1144 430 a
1159 410 1214 439 quo
1229 410 1245 431 e
1262 403 1349 431 nihilo
1362 408 1472 431 creatus
1493 402 1554 430 fuit.
1571 402 1733 438 Quicunque
1745 401 1820 430 enim

1025 450 1159 479 malitiam
1177 449 1238 485 ejus
1250 449 1438 486 experientur,
1454 452 1594 485 coguntur
1609 447 1728 477 creatori
1755 447 1819 484 ejus

1026 496 1203 524 maledicere.
1334 497 1337 499 ’

1061 589 1143 618 Vnus.
1162 589 1190 617 8.
1207 588 1261 622 Qui
1275 588 1435 623 multiplicat
1449 587 1558 615 divitias
1571 596 1636 615 suae
1650 596 1711 616 cum
1727 589 1818 616 usuris

1025 641 1049 664 et
1059 635 1257 668 excreuentiis,
1272 635 1296 663 ei
1307 635 1353 668 qui
1369 635 1659 670 misereturpauperum
1676 638 1819 670 congregat

1026 691 1083 711 eas.
1095 682 1148 717 Qui
1162 686 1243 717 auget
1256 682 1369 710 divitias
1382 689 1439 710 suae
1452 681 1575 709 scientia:
1584 684 1613 708 et
1624 680 1743 712 virtutis.
1755 679 1820 708 dum

1027 735 1141 765 egentes
1156 730 1248 762 docet,
1262 733 1289 756 el.
1303 729 1331 756 in
1346 732 1452 763 partem
1469 732 1565 761 vocat,
1587 727 1653 755 dum
1675 727 1820 754 utilitatem

1030 776 1123 804 liaurit
1133 783 1167 804 ex
1182 776 1233 809 eis,
1247 780 1274 803 et
1287 775 1371 803 simul
1385 778 1466 810 auget
1482 774 1594 802 divitias
1609 780 1687 806 suas,
1700 773 1746 801 ille
1766 772 1821 801 Deo

1028 821 1170 849 miserenti
1185 827 1269 856 super
1287 827 1422 856 pauperes
1449 819 1550 846 talibus
1578 818 1684 846 divitiis
1706 823 1822 854 egentes

181 863 274 898 αὐτὸν,
292 863 455 899 συγκομίζει
484 862 580 891 τοῦτον
605 863 676 899 Θεῷ,
690 863 729 899 τῷ
748 864 812 895 τοὺς
823 863 975 900 ἑστερημέ-

1032 866 1184 898 feneratur,
1200 865 1281 901 eique
1298 865 1392 893 socius
1408 868 1451 894 est
1469 864 1503 893 ad
1519 865 1665 894 salvandas
1679 868 1786 902 gentes.

179 919 242 942 νους
255 908 303 936 τοῦ
320 909 444 936 τοιούτου
460 909 577 936 πλούτου
594 910 618 935 οἱ
633 908 782 945 κτειροντι,
797 909 929 946 συνεργὸς
945 911 1035 948 τούτῳ
1047 911 1115 948 πρὸς
1125 911 1175 947 τὴν
1191 911 1247 938 τῶν
1262 910 1370 938 πολλῶν
1386 911 1525 947 σωτηρίαν
1542 911 1700 947 γενόμενος.

216 957 250 984 θ’.
272 956 299 983 '0
310 956 462 984 ἐκκλίνων
476 956 509 984 τὸ
523 954 579 990 οὕς
594 956 689 984 αὑτοῦ
704 957 758 984 τοῦ
769 956 813 992 μὴ
834 958 978 986 εἰσακοῦ-

180 1010 233 1030 σαι
244 1003 351 1038 νόμον,
368 1002 460 1036 αὐτὸς
477 1002 534 1036 τὴν
548 1001 728 1038 προσευχὴν
739 1003 834 1031 αὑτοῦ
856 1003 981 1032 ἑὸδέλυ-

182 1057 259 1077 attat.
282 1049 312 1076 '0
338 1048 520 1083 ἀποστρέφων
544 1049 578 1075 τά
606 1045 664 1075 ὦτα
688 1048 772 1076 αὺτοῦ
797 1049 845 1076 τοῦ
867 1049 907 1085 μὴ
923 1050 977 1077 ὐπ-

181 1095 292 1123 ακοὺειν
306 1096 341 1130 τῇ
356 1094 450 1130 ἐντολῇ
465 1094 513 1121 τοῦ
527 1094 605 1127 Θεοῦ,
630 1095 720 1129 τούτῳ
733 1095 781 1122 καὶ
808 1095 891 1128 αὐτὸς
907 1095 979 1123 κατά

181 1140 231 1176 τὴν
245 1140 342 1167 ἑαυτοῦ
356 1140 449 1176 δέησιν
460 1139 655 1175 ὲδδελυγμένος
669 1141 747 1167 ἐστίν
757 1148 765 1157 ”
781 1141 853 1167 αίτεῖ
867 1141 921 1175 γὰρ
931 1141 979 1168 καὶ

181 1186 212 1212 ού
236 1185 381 1221 λαμϐάνει,
407 1185 449 1212 ὅτι
474 1185 568 1217 κακῶς
585 1186 673 1213 αἰτεῖ·
701 1186 754 1213 κᾶν
767 1186 823 1222 γὰρ
841 1186 913 1223 ὑπὲρ
928 1188 979 1223 τῆς

183 1231 253 1263 ιδίας
278 1231 418 1266 σωτηρίας
443 1232 602 1267 παρακαλῇ,
633 1232 667 1267 ἣν
694 1233 743 1260 καὶ
764 1233 831 1265 Θεὸς
846 1233 978 1268 παρέχειν

182 1276 319 1312 βούλεται,
330 1276 388 1304 ἀλλ’
400 1277 461 1304 ἐπεὶ
479 1277 517 1313 μὴ
530 1277 732 1314 ἐνεργουμένην
754 1279 827 1305 ποιεῖ
845 1279 896 1314 τὴν
911 1279 976 1305 ἐαυ-

181 1324 228 1351 τοῦ
240 1324 344 1360 δέησιν,
361 1325 408 1352 ἆτε
425 1325 463 1360 μὴ
480 1325 664 1361 ἐργαζόμενος
674 1326 781 1353 τάθεῖα
792 1326 976 1362 προστάγμα-

181 1380 226 1405 τα,
239 1371 354 1402 δικαίως
369 1371 554 1406 ἀποτυγχάνει
570 1371 668 1406 αὐτῆς
701 1402 705 1406 ι

219 1417 246 1445 ι’.
267 1418 317 1450 ὀς
329 1416 431 1452 πλανᾷ
438 1417 535 1451 εὐθεῑς
547 1417 583 1444 ἐν
593 1417 652 1450 ὀδῷ
660 1417 750 1452 κακῇ,
760 1418 804 1451 εἰς
814 1417 980 1453 διαφθορὰν

182 1463 275 1496 αὐτὸς
297 1463 483 1498 ἐμπεσεῖται·
513 1464 541 1490 οι
570 1462 605 1489 δὲ
634 1463 741 1498 ἄνομοι
765 1463 976 1491 διελεύσονται

183 1509 289 1544 ἀγαθὰ,
313 1509 363 1536 καὶ
385 1510 441 1536 οὐκ
457 1510 686 1537 εισελεύσονται
705 1510 749 1543 είς
766 1510 853 1537 αὑτά.
869 1510 899 1538 '0
913 1511 978 1542 τοὺς

183 1555 384 1591 ἁπλουστέρους
399 1555 454 1582 ἀπὸ
465 1557 515 1592 τῆς
530 1556 598 1592 πρὸς
618 1556 755 1592 σωτηρίαν
781 1556 918 1592 φερούσης
935 1557 978 1584 έν-

183 1603 266 1638 νόμου
291 1602 431 1635 πολιτείας
460 1603 631 1639 διαστρέφων
663 1603 813 1638 άπατηλῶς
834 1604 903 1640 πρὸς
927 1603 977 1639 τὴν

183 1648 305 1682 ἄγουσαν
321 1649 361 1680 είς
389 1647 542 1682 ἀπώλειαν,
569 1648 651 1680 αὐτὸς
669 1648 718 1684 μὶν
735 1648 784 1675 καὶ
811 1649 876 1684 περὶ
891 1647 977 1684 αὐτὴν

183 1695 233 1730 τὴν
247 1693 321 1731 ζωὴν
336 1694 504 1722 κινδυνεύσει
516 1695 553 1727 ὡς
568 1695 678 1731 λυμεὼν
688 1703 696 1712 ο
710 1695 814 1731 ταύτης
836 1704 977 1733 προαναρ-

184 1741 301 1773 πασθεὶς
310 1741 403 1777 δικαίᾳ
416 1741 500 1778 ψήφῳ
509 1741 589 1774 Θεοῦ,
604 1738 704 1777 οἷάπερ
728 1741 798 1777 ἀνὴρ
811 1741 976 1778 δολιότητος,

184 1787 229 1814 ἵνα
241 1787 278 1823 μὴ
294 1786 402 1818 πολλοῖς
413 1786 552 1819 ἀπωλείας
562 1787 676 1823 γένηται
691 1786 821 1823 πρόξενος
831 1795 838 1802 ·
850 1787 928 1814 αὐτοὶ
937 1787 975 1821 δὲ,

183 1834 208 1860 οἱ
225 1833 263 1870 μὴ
277 1834 307 1866 ἐξ
333 1833 494 1869 αὑθαιρέτου
511 1833 636 1869 γνώμης,
663 1833 722 1861 ἀλλ’
737 1833 765 1867 ἐξ
791 1834 902 1868 ἀπάτης
926 1834 978 1868 τῆς

185 1879 344 1913 κατὰλόγον
359 1878 499 1908 πολιτείας
525 1879 792 1915 παρεκτρεπόμενοι,
816 1879 851 1906 τὰ
871 1879 977 1911 τούτοις

184 1924 358 1960 συμφέροντα
372 1924 575 1959 παραδράμωσι
584 1931 592 1940 '
605 1923 653 1951 καὶ
669 1925 768 1960 πεῖραν
783 1923 887 1952 τούτων
899 1923 977 1952 πολι·

183 1970 258 2002 τείας
272 1969 303 1996 οὐ
320 1968 461 2004 λήψονται.

219 2018 263 2042 η’.
281 2015 379 2049 Σοφὸς
393 2014 461 2048 παρ’
480 2014 577 2047 ἑαυτῷ
597 2014 675 2048 ἀνὴρ
691 2014 860 2047 πλούσιος-θ
882 2012 977 2047 πένης

182 2061 218 2090 δὲ
230 2062 361 2097 νοήμων,
379 2061 605 2097 καταγνώσεται
617 2061 722 2090 αὑτοῦ.
736 2062 829 2088 Οἵεται
846 2058 915 2088 εἶναι
929 2068 975 2087 σο-

183 2109 233 2143 φὸν
247 2108 354 2141 ἑαυτὸν,
366 2109 380 2136 ὁ
389 2108 438 2144 τὴν
450 2108 521 2135 κατὰ
535 2108 677 2144 προφορὰν
687 2107 769 2144 ψιλὴν
780 2107 882 2142 γνῶσιν
893 2106 976 2134 πλου-

181 2155 237 2182 τῶν
249 2163 256 2170 ·
271 2155 285 2181 ὁ
296 2154 324 2182 δὲ
338 2154 442 2190 ταύτης
458 2155 507 2190 μὲν
521 2155 627 2190 ἐνδεὴς.
638 2154 781 2191 προσέχων
793 2154 821 2181 δὲ
831 2153 879 2181 καὶ
893 2162 977 2181 κατα-

182 2199 330 2236 λαιὶὃάνων
355 2200 410 2227 τῶν
439 2200 674 2236 κεκομψευμένων
702 2199 791 2234 λόγων
806 2199 902 2226 τούτου
925 2197 977 2234 τὴν

1069 958 1153 988 Vens.
1170 959 1197 987 9.
1212 959 1265 993 Qui
1275 959 1391 987 declinat
1408 967 1500 986 aurem
1522 967 1599 986 suam
1626 967 1658 987 ne
1673 960 1766 987 audiat
1783 961 1823 988 le-

1033 1015 1102 1042 gem,
1115 1010 1139 1034 et
1152 1006 1209 1042 ipse
1221 1006 1368 1034 orationem
1387 1014 1464 1033 suum
1475 1006 1680 1034 abominabilem
1696 1006 1773 1042 facit.
1788 1005 1818 1035 Si

1035 1054 1099 1088 quis
1111 1061 1205 1080 aurem
1216 1053 1316 1081 avertit
1330 1060 1365 1080 ne
1384 1052 1514 1080 exaudiat
1526 1052 1610 1087 legem
1623 1051 1681 1084 Dei.
1690 1053 1750 1088 ejus
1760 1061 1822 1080 ora-

1032 1099 1140 1127 tionem
1156 1099 1215 1134 ipse
1232 1097 1304 1126 Deus
1313 1098 1515 1126 exsecrabilur.
1531 1096 1612 1130 Petit.
1629 1103 1657 1125 et
1674 1105 1728 1125 non
1746 1099 1822 1126 acci-

1035 1145 1085 1181 pit,
1101 1152 1134 1173 eo
1152 1145 1225 1180 quod
1240 1145 1312 1172 male
1337 1148 1424 1180 petat.
1438 1143 1515 1171 Licet
1533 1143 1567 1171 de
1592 1145 1702 1179 propria
1722 1143 1821 1177 salute,

1031 1199 1114 1226 quam
1133 1190 1205 1219 Deus
1214 1191 1272 1218 vult
1285 1190 1450 1223 concedere,
1463 1190 1612 1225 rogaverit,
1623 1191 1689 1226 quia
1701 1197 1822 1226 operan-

1031 1240 1085 1264 tem
1105 1244 1159 1264 non
1177 1236 1244 1263 facit
1263 1243 1342 1264 suam
1358 1236 1527 1269 orationem,
1550 1242 1606 1263 non
1625 1241 1758 1271 operatus
1774 1235 1821 1264 Dei

1030 1282 1171 1316 mandata,
1187 1281 1249 1318 jure
1260 1289 1294 1310 ex
1308 1289 1341 1310 ea
1358 1281 1480 1310 excidet.

1066 1416 1149 1446 Vens.
1164 1418 1209 1446 l0.
1234 1417 1288 1452 Qui
1302 1417 1404 1445 reducit
1412 1417 1506 1453 justo:
1519 1417 1546 1445 in
1566 1417 1637 1445 uiam
1659 1417 1771 1450 malam,
1794 1418 1822 1445 in

1030 1464 1222 1498 correptionem
1241 1463 1296 1498 ipse
1321 1463 1419 1490 incidet
1440 1471 1451 1496 ;
1477 1463 1562 1499 iniqui
1605 1467 1694 1491 autem
1732 1468 1822 1491 trans-

1029 1511 1105 1538 ibunt
1143 1511 1229 1545 bona,
1249 1517 1274 1539 et
1304 1520 1356 1540 non
1371 1511 1552 1548 ingrediemur
1579 1511 1607 1538 in
1632 1519 1676 1538 eu.
1700 1509 1729 1537 Si
1759 1511 1822 1546 quis

1031 1557 1169 1592 simplices
1183 1565 1199 1585 a
1216 1557 1386 1593 viajustitiae
1402 1565 1464 1593 quae
1490 1556 1567 1584 ducit
1592 1555 1626 1584 ad
1655 1555 1772 1584 salutent
1794 1556 1822 1583 in

1028 1602 1114 1638 legem
1139 1603 1252 1631 alteram
1279 1603 1424 1632 ducentem
1454 1602 1489 1630 ad
1515 1603 1654 1630 interitum
1680 1602 1821 1634 averterit,

1028 1649 1089 1685 ipse
1115 1649 1240 1685 proditor
1264 1649 1292 1677 in
1318 1649 1383 1677 vitae
1412 1648 1565 1684 periculum
1601 1647 1714 1681 incidet,
1733 1654 1825 1682 eaque

1028 1695 1114 1731 prior,
1128 1698 1222 1730 utpote
1244 1695 1346 1723 astutia
1366 1695 1474 1731 plenus,
1489 1694 1566 1730 justo
1582 1693 1629 1722 Dei
1649 1694 1752 1729 judicio
1764 1693 1822 1730 pri-

1028 1740 1146 1773 vabitur.
1154 1748 1188 1769 ne
1202 1741 1327 1776 pluribus
1337 1740 1373 1768 slt
1382 1748 1465 1768 causa
1478 1740 1822 1768 ruinae.Aliiautema|iena

1035 1787 1158 1820 fallacia,
1172 1796 1227 1816 non
1251 1787 1362 1823 propria
1378 1788 1521 1815 voluntate
1535 1787 1642 1815 seducti
1657 1786 1690 1814 de
1702 1786 1823 1822 legitima

1028 1833 1126 1869 agendi
1144 1834 1249 1862 ratione
1269 1834 1386 1862 aliorum
1403 1834 1474 1862 bona
1497 1833 1772 1870 praetergredientur,
1795 1836 1823 1860 et

1028 1880 1114 1908 vitam
1133 1880 1244 1909 illorum
1261 1887 1316 1909 non
1332 1880 1523 1909 imitabuntur.

1062 2010 1145 2039 Vens.
1158 2010 1203 2038 Η.
1213 2010 1329 2046 Sapiens
1337 2011 1408 2046 apud
1420 2019 1449 2039 se
1459 2011 1501 2039 vir
1513 2011 1584 2039 dives
1595 2019 1605 2044 ;
1619 2019 1719 2047 pauper
1733 2017 1821 2040 autem

1031 2056 1181 2092 intelligens
1191 2056 1375 2084 condemnabit
1388 2064 1460 2084 eum.
1475 2056 1510 2084 Se
1526 2056 1679 2092 sapientem
1695 2064 1757 2085 esse
1771 2057 1820 2085 bo-

1028 2109 1074 2129 mo
1095 2101 1247 2137 praesumit,
1265 2099 1358 2137 quiin
1382 2101 1507 2129 docendo
1538 2109 1642 2129 meram
1670 2102 1820 2130 scientiam

1027 2152 1172 2182 ostentat;
1192 2155 1246 2184 qua
1263 2148 1413 2177 destitutus
1429 2148 1532 2184 aliquis
1556 2148 1610 2182 vir,
1633 2149 1679 2184 qui
1701 2149 1820 2176 advertit

1028 2194 1209 2230 intelligitque
1225 2195 1322 2222 horum
1351 2202 1510 2222 sermonum
1528 2195 1656 2231 peritiam
1686 2195 1720 2222 ad
1749 2195 1819 2222 nillil

183 2247 299 2281 ἔννοιαν,
325 2247 366 2278 εἰς
397 2246 481 2282 μηδὲν
509 2246 745 2282 χρησιμεύουσαν,
764 2244 975 2281 καταμέμφεται

1028 2241 1228 2277 proﬁcientem,
1245 2241 1322 2269 illum
1340 2241 1515 2276 vituperatur
1533 2241 1607 2276 quod
1630 2241 1722 2269 inania
1736 2242 1819 2269 verba

182 2293 288 2326 τούτου,
302 2293 340 2325 ὼς
355 2293 414 2324 τοῖς
427 2293 466 2324 είς
480 2292 550 2329 ἀέρα
566 2292 626 2327 είκῆ
640 2291 781 2328 χεομένοις
790 2291 880 2327 λόγοις
891 2291 976 2326 ὲναμ-

183 2339 362 2375 ϐρυνομένου,
395 2339 443 2366 καὶ
467 2339 527 2371 ταῖς
549 2340 679 2376 στροφαῖς
701 2337 975 2373 ὲγκαλλωτιιζομένου

181 2385 235 2412 τῶν
248 2384 358 2418 λέξεων.

218 2431 263 2466 ιβ’.
279 2431 331 2458 Διὰ
342 2431 490 2464 ,ϐοήθειαν
502 2430 637 2464 δικαίων,
650 2431 753 2465 πολλὴ
767 2431 879 2466 γίνεται
889 2431 974 2465 δέξιν

180 2478 215 2503 ἐν
230 2476 265 2503 δὲ
276 2476 378 2509 τόποις
394 2476 514 2504 ἀσεϐῶν
534 2476 714 2504 ἁλίσκονται
740 2476 899 2511 ἅνθρωποι.
925 2476 975 2504 Διά

180 2521 230 2557 τὴν
244 2522 319 2557 παρά
332 2521 383 2557 τῆς
395 2521 471 2554 θείας
495 2521 607 2557 χάριτος
623 2520 749 2557 βοήθειαν
770 2522 824 2548 τῶν
848 2522 877 2548 έν
904 2521 975 2556 φωτὶ

182 2567 310 2602 γνώσεως
327 2567 531 2603 προκρινόντων
554 2567 588 2594 τὰ
602 2567 700 2594 αἰώνια
717 2567 772 2595 τῶν
786 2569 973 2604 προσκαίρων,

181 2614 229 2640 καὶ
253 2613 472 2648 πολιτευομένων
498 2612 663 2648 ἀμέμπτως,
685 2613 769 2649 πολλὴ
781 2613 974 2649 ἀναπέμπεται

179 2660 244 2693 δόξα
258 2659 318 2695 Θεῷ
329 2659 406 2695 παρά
423 2658 479 2686 τῶν
493 2659 528 2686 τά
540 2659 611 2686 καλά
623 2659 726 2686 τούτων
751 2659 822 2696 ἔργα
835 2660 973 2695 ὁρώντων,

179 2706 229 2734 καὶ
241 2706 434 2741 γινωσκόντων
450 2705 493 2732 ὅτι
509 2705 595 2740 χωρὶς
608 2705 690 2732 αὑτοῦ
706 2705 783 2732 οὐδὲν
796 2703 869 2733 οὗτοι
880 2706 974 2733 δύναν-

179 2762 226 2780 ται
241 2753 328 2780 ποιεῖν
338 2760 345 2768 ·
375 2752 404 2779 ἐν
417 2752 446 2779 δὲ
468 2752 530 2783 ταῖς
541 2751 592 2787 τῆς
608 2751 721 2786 ἀγνοίας
739 2752 786 2779 καὶ
801 2752 851 2788 τῆς
873 2753 974 2786 κακίας

179 2799 271 2832 ἔξεστι
284 2799 338 2827 τῶν
347 2798 386 2835 μὴ
396 2798 429 2826 δι’
438 2797 622 2833 ἀγαθοεργίας
636 2797 780 2834 τιμώντων
789 2798 867 2831 Θεὸν,
885 2807 971 2826 κατα-

179 2844 344 2880 κρατοῦνται
375 2844 400 2871 οί
428 2843 482 2871 τῶν
509 2843 627 2871 αἰωνίων
650 2842 891 2880 ἐπιλανθανόμενοι
925 2844 973 2871 καὶ

180 2892 357 2927 ἀνθρωπίνως
371 2889 574 2928 φρονοῦντεςτά
585 2889 753 2926 πρόσκαιρα.

1028 2286 1117 2314 ventis
1142 2285 1310 2322 profundat},
1332 2285 1486 2322 formisque
1513 2293 1612 2314 vocum
1655 2286 1803 2322 glorietur.

1062 2429 1147 2459 Vens.
1163 2429 1207 2458 12.
1223 2429 1276 2458 Per
1292 2430 1425 2457 auxilium
1443 2429 1578 2464 iustorum
1601 2428 1687 2456 multa
1700 2429 1731 2464 ﬁt
1761 2429 1820 2465 glo-

1025 2478 1078 2512 ria,
1100 2478 1127 2505 in
1153 2477 1216 2505 locis
1241 2483 1330 2504 autem
1358 2477 1499 2512 impiorum
1528 2477 1671 2512 rapiuntur
1688 2477 1819 2505 homines.

1024 2523 1093 2550 Cum
1111 2521 1198 2557 adjuti
1224 2521 1317 2550 divina
1349 2523 1446 2557 gratia,
1471 2527 1498 2550 et
1523 2521 1574 2549 ﬁde
1589 2522 1732 2550 illuminati
1750 2530 1820 2550 non-

1025 2568 1092 2596 nulli
1109 2572 1211 2596 :eterna
1227 2567 1423 2603 temporalibus
1435 2571 1607 2603 praeponam,
1622 2571 1649 2595 et
1663 2567 1757 2595 vivunt
1781 2568 1820 2595 iro

1024 2614 1265 2650 reprehensibiles,
1281 2614 1396 2642 multum
1410 2613 1495 2642 Deum
1515 2614 1628 2641 laudant
1651 2614 1698 2649 qui
1723 2621 1820 2641 eorum

1025 2665 1121 2690 sancte
1134 2660 1208 2688 facta
1224 2661 1376 2693 intuentur,
1389 2665 1417 2688 et
1435 2665 1588 2696 agnoscunt
1601 2660 1662 2688 sine
1682 2659 1739 2688 Deo
1750 2659 1820 2687 nihil

1024 2714 1105 2743 posse
1133 2706 1233 2735 facere.
1268 2706 1307 2735 Ex
1329 2706 1427 2742 agendi
1455 2706 1562 2734 ratione
1586 2705 1770 2740 ignorantium
1792 2710 1820 2733 et

1024 2753 1157 2780 malorum
1169 2752 1216 2788 qui
1232 2752 1317 2781 Deum
1332 2753 1387 2780 vita
1401 2752 1474 2781 bona
1490 2759 1543 2780 non
1552 2752 1816 2787 colunt,proliciunt

1025 2797 1150 2826 homines
1163 2797 1326 2827 aeternitatis
1339 2797 1525 2833 immemores,
1540 2801 1566 2827 et
1581 2796 1743 2833 temporalia
1762 2795 1814 2824 liu-

1025 2849 1106 2871 manc
1121 2842 1273 2878 sapientes.
1296 2844 1298 2848 '
