2072 3161
252 154 263 186 ι
269 153 319 186 501

250 253 477 289 sperabitur;qui
502 257 590 280 autem
615 256 708 279 narrat
739 251 950 286 redargutionet,
979 250 1043 277 dili-

249 305 336 337 getur.
350 299 379 327 Si
398 299 461 335 quis
476 306 527 326 sua
545 304 631 333 opera
648 297 750 332 quibus
761 296 845 324 Deum
860 296 984 330 oﬂ'cndit,
996 304 1044 324 ne-

251 346 368 382 gaverit,
379 345 492 373 omnino
510 345 595 372 latere
618 351 672 372 non
692 343 794 379 poterit
810 352 817 371 :
835 343 900 370 licet
916 342 1044 371 homines

250 381 363 429 quidem
386 391 580 420 abscondendo
601 390 739 424 fefellerit,
770 397 825 417 non
845 389 944 423 Deum,
964 389 1044 424 cujus

251 439 346 467 oculos
370 438 438 466 nihil
467 438 542 469 latet.
559 441 587 465 et
606 437 654 473 qui
673 436 824 472 unicuique
846 435 942 464 reddet
964 436 1044 471 juxta

251 494 335 521 opera
349 486 420 520 ejus.
447 483 476 512 Si
497 484 561 520 quis
579 491 645 512 vero
669 484 720 511 ista
741 483 851 519 singula
870 483 939 511 viris
958 483 1048 511 corri-

251 531 394 568 pientibus
413 530 498 558 fuerit
514 529 672 562 confessus.
693 528 774 564 quasi
790 529 931 556 contritus
948 529 1044 563 corde,

252 579 276 606 si
293 586 348 606 non
361 578 396 606 ab
410 577 577 608 hominibus,
591 583 606 603 a
616 575 672 604 Deo
688 575 939 611 sanejustiﬁcatus
954 574 1046 603 dimit-

252 627 309 652 tetu
314 631 337 651 r.

288 668 373 696 Vens.
390 667 435 695 M.
452 667 550 695 Beatus
568 667 607 694 vir
625 666 670 702 qui
697 670 801 694 veretur
818 666 909 694 omnia
925 673 972 699 per
990 667 1048 701 pie-

254 717 346 746 tatem,
361 712 446 740 durus
463 718 552 739 autem
565 711 645 739 corde
654 711 752 739 incidet
767 711 859 738 malit.
869 710 975 738 Gratus
992 711 1047 738 erit

254 759 310 787 Deo
325 759 452 795 quisquis
478 759 548 786 nihil
576 757 741 790 contemnit,
773 765 805 785 ea
826 762 919 786 autem
942 757 1046 794 quibus

254 807 397 834 saucietur
415 806 505 833 anima
521 805 600 839 fugit.
616 804 719 840 quibus
745 803 868 832 salvetur
894 804 1049 840 apprehen-

254 852 305 885 dit,
320 859 355 879 ne
380 852 407 879 in
426 858 536 887 poenam
564 850 682 882 incidat,
712 858 728 877 a
759 858 900 886 regnoque
924 850 1046 879 excidat.

253 895 356 923 Contra
365 895 444 930 cujus
459 902 537 923 mens
550 895 648 922 timore
666 894 712 922 Dei
726 901 814 922 vacua
830 895 932 929 erit,in
945 903 1047 932 pecca-

253 945 311 969 tutn
326 941 434 970 decidet
444 946 547 969 aeterna
560 940 740 969 damnatione
759 941 943 977 puniendum.

290 1072 373 1100 Vsus.
391 1071 434 1099 i5.
452 1071 504 1100 Leo
516 1073 637 1100 esuriens
656 1078 681 1100 et
704 1073 782 1107 lupus
799 1073 901 1106 sitiens,
912 1074 968 1110 qui,
985 1083 1046 1102 cum

254 1118 329 1152 inops
340 1118 385 1150 sit,
401 1118 541 1153 tyrannide
559 1118 715 1145 dominatur
730 1118 802 1153 genti
813 1120 932 1154 pauperi.
943 1120 1048 1148 Similis

255 1169 298 1191 est
340 1163 492 1190 robustiori
528 1162 643 1198 reliquis
678 1163 776 1191 bcstiis
809 1164 945 1192 esurienti
963 1164 1049 1192 dcvo-

255 1208 404 1236 randarum
427 1209 565 1239 carnium.
591 1207 634 1235 vel
670 1207 808 1243 rapaciori
840 1208 905 1244 lupo
935 1210 1049 1245 sangui-

254 1263 318 1283 nem
349 1254 466 1286 sitienti,
492 1254 576 1282 homo
604 1261 711 1290 pauper
730 1255 778 1290 qui
791 1255 940 1291 tyrannide
957 1256 1050 1283 donti—

255 1303 338 1328 natur
362 1299 436 1335 genti
458 1299 583 1335 pauperi,
599 1299 675 1327 illam
691 1300 798 1328 invadit
812 1304 840 1328 et
868 1301 999 1335 conterit,
1018 1305 1050 1329 ut

256 1353 307 1375 sua
322 1345 472 1381 penetralia
492 1345 632 1373 thesauris
642 1346 758 1381 repleat.

293 1392 377 1421 Vns.
401 1392 445 1420 l6.
471 1391 527 1420 Rea;
552 1400 629 1427 egena
643 1397 829 1426 proventuum,
844 1401 956 1429 magnus
969 1402 1048 1430 syco-

255 1439 358 1475 phanta
374 1447 384 1472 ;
398 1438 445 1473 qui
459 1444 549 1465 autem
559 1437 616 1464 odit
630 1438 804 1473 injustitiam,
820 1439 929 1475 longum
946 1444 1048 1475 tempus

256 1487 332 1514 t-ivet.
346 1485 404 1513 Rex
419 1489 510 1512 mente
527 1484 657 1520 cupidus,
669 1484 806 1520 ﬂuxisque
817 1486 922 1514 divitiis
932 1495 1047 1523 egenus,

930 146 1108 180 PROCOPII
1128 148 1250 179 GAZxEl

286 207 369 235 Vens.
388 206 432 235 15.
445 206 497 240 Qui
509 205 624 240 cooperit
637 204 806 240 iniquitatem
822 212 1045 239 suam,nonpro-
1061 206 1084 236 Α

1802 188 1807 193 _
1825 147 1893 181 1508

1137 208 1181 239 ιγ’.
1209 203 1240 231 '0
1259 204 1473 232 ἐπικαλύπτων
1483 205 1625 233 ἀσέϐειαν
1635 203 1758 237 ἑαυτοῦ,
1777 203 1832 231 οὐκ
1844 206 1892 231 δὺς

1099 251 1283 285 οόωθήσεται
1294 259 1301 267 ·
1318 253 1335 279 ὀ
1347 251 1382 278 δὲ
1391 251 1595 287 ἐξηγούμενος
1611 251 1897 286 ἐλέγχους-,ἀγάπης

1095 297 1234 332 θήσεται.
1251 297 1281 323 '0
1295 297 1332 324 τὰ
1343 297 1381 333 μὴ
1392 297 1517 333 τιμῶντα
1531 297 1600 324 Θεὸν
1610 297 1698 324 οἰκεῖα
1714 297 1783 332 ἔργα
1797 296 1895 332 ἀρνού-

1096 351 1187 379 μενος,
1203 344 1253 370 οὐκ
1265 344 1306 376 είς
1325 343 1399 370 ἁπαν
1414 341 1507 371 λαθεῖν
1519 342 1639 379 δυνηθῇ·
1654 343 1705 370 κᾶν
1718 343 1773 378 γὰρ
1787 343 1895 378 ἀνθρώ·

1095 398 1164 422 πους
1179 389 1310 421 πολλάκις
1326 390 1356 416 ἐν
1379 390 1419 425 τῷ
1433 390 1471 425 μὴ
1494 389 1662 425 ὁμολογῆσαι
1684 390 1895 426 ἀποκρύψηται,

1095 435 1153 463 ἀλλ’
1163 435 1194 462 οὐ
1206 435 1320 470 λήσεται
1332 435 1379 462 καὶ
1393 435 1439 462 τὸν
1454 435 1591 471 άλάθητον
1600 435 1740 470 ὀφθαλμὸν
1755 436 1803 462 τοῦ
1813 435 1895 468 Θεοῦ.

1095 481 1126 514 ὃς
1151 482 1317 509 ἀποδίδωσιν
1344 481 1454 518 ἑκάστῳ
1481 482 1553 509 κατὰ
1571 482 1606 508 τὰ
1632 482 1701 518 ἔργα
1718 482 1819 509 αὐτοῦ·
1845 483 1897 509 ὁδ’

1096 528 1279 563 ἀπαγγέλλων
1297 528 1369 556 αὐτὰ
1393 529 1464 556 κατὰ
1492 529 1577 564 μέρος
1591 530 1649 561 τοῖς
1661 529 1755 555 τοῦτον
1769 529 1899 564 ἐλέγχοι»

1098 583 1151 608 σιν,
1167 572 1212 602 οἶα
1227 574 1394 610 ἐπιγνώμων
1409 574 1643 610 μεταμελόμενος,
1656 575 1682 601 εἰ
1697 575 1745 602 καὶ
1761 574 1798 611 μὴ
1807 575 1896 611 ἀφεθῇ

1097 621 1163 657 παρ’
1177 620 1341 657 ἀνθρώπων,
1358 621 1434 656 παρὰ
1449 620 1518 648 Θεοῦ
1535 620 1658 657 καθαρὸς
1678 621 1856 657 ἀφεθήσεται.

1134 667 1174 694 ιδ’.
1194 666 1346 702 Μακάριος
1361 667 1451 702 ἀνὴρ,
1469 667 1503 701 ὃς
1514 666 1725 700 καταπτήσσει
1741 667 1840 694 πάντα
1857 667 1898 694 δι’

1097 713 1259 742 εὐλάϐειαν
1270 722 1278 731 ’
1296 715 1312 741 ὀ
1324 713 1359 740 δὲ
1373 714 1510 747 σκληρὸς
1526 714 1584 748 τὴν
1604 713 1742 748 καρδίαν,
1754 713 1896 749 ἐμπεσεῖ-

1098 768 1145 788 ται
1159 759 1273 793 κακοῖς.
1292 759 1449 795 Εὐάρεστος
1469 759 1529 794 Θεῷ
1550 759 1704 794 ἄνθρωπος,
1717 759 1747 791 ὃς
1764 759 1801 795 μή
1824 767 1898 791 τινος

1099 805 1263 842 πράγματος
1280 806 1458 841 καταφρονεῖ,
1470 805 1514 832 διὰ
1529 805 1559 831 τὸ
1570 805 1684 840 φεύγειν
1699 805 1749 840 μὲν
1760 805 1795 832 τὰ
1806 805 1897 840 ψυχὴν

1101 851 1265 888 βλάπτοντα,
1293 850 1493 878 ἀντιποιεῖσθαι
1516 850 1545 877 δέ
1571 850 1625 877 τῶν
1645 849 1786 883 σωζόντων
1800 850 1895 886 αὐτὴν,

1099 897 1175 933 φόϐῳ
1187 897 1234 924 τοῦ
1262 896 1300 933 μὴ
1316 897 1357 929 είς
1372 896 1483 923 κόλασιν
1499 896 1641 931 ἐμπεσεῑν,
1655 896 1672 931 ἦ
1687 896 1737 932 τῆς
1757 895 1897 932 βασιλείας

1099 944 1248 971 ἀποπεσεῖν
1258 951 1265 959 ·
1277 943 1292 969 δ
1310 942 1333 969 δ’
1347 941 1536 977 ἁπαράδεκτος
1555 941 1603 968 τοῦ
1615 941 1687 968 θείου
1713 941 1798 976 φόϐου
1825 942 1896 968 κατά

1098 990 1197 1026 ψυχὴν.
1221 990 1261 1021 είς
1285 989 1474 1025 ἁμαρτήματα
1497 988 1647 1025 περιπέσῃ,
1670 988 1784 1016 αίωνίαν
1808 989 1896 1024 τούτῳ

1099 1037 1238 1071 ἐπάγοντι
1250 1035 1374 1064 κόλασιν.

1135 1086 1176 1110 ιε’.
1193 1083 1277 1110 Λέων
1292 1081 1415 1114 πεινῶν.
1432 1083 1483 1110 καὶ
1500 1083 1594 1116 λύκος
1610 1082 1717 1118 διψῶν,
1734 1082 1770 1115 ὃς
1786 1090 1895 1116 timar-

1098 1129 1148 1157 νεῖ
1159 1129 1279 1164 πτωχὸς
1291 1127 1334 1156 ὣν
1350 1128 1460 1162 ἔθνους
1473 1128 1630 1164 πενιχροῦ.
1653 1126 1704 1155 Οἷά
1722 1136 1764 1159 τις
1790 1128 1898 1163 ίσχυρόο

1097 1183 1179 1210 τερος
1187 1174 1243 1201 τῶν
1255 1173 1358 1201 λοιπῶν
1374 1173 1466 1209 θηρῶν
1476 1173 1545 1199 λέων
1558 1172 1658 1200 πεινῶν
1669 1173 1767 1207 φαγεῖν
1780 1173 1897 1207 σάρκας.

1099 1220 1148 1248 καὶ
1177 1220 1259 1247 πλέον
1283 1219 1374 1247 αὐτῶν
1397 1220 1491 1256 ἅρπαξ
1516 1219 1597 1251 λύκος
1614 1218 1699 1254 διψῶν
1726 1220 1800 1245 πιεῖν
1815 1216 1896 1253 αἷμα,

1099 1267 1175 1294 ἐστὶν
1191 1267 1221 1299 ὃς
1233 1267 1383 1303 χρημάτων
1396 1266 1519 1302 ἀπορῶν,
1534 1265 1705 1301 τυραννικῶς
1727 1265 1807 1301 ἄρχει
1818 1271 1898 1291 travo-

1101 1313 1183 1349 μένου
1206 1312 1282 1345 λαοῦ,
1312 1312 1434 1348 ἀνηλεῶς
1455 1311 1633 1348 κατατρέχων
1661 1311 1709 1338 καὶ
1733 1310 1898 1346 διαφθείρων

1099 1358 1210 1391 αὐτοὺς,
1223 1358 1295 1386 ὥστε
1305 1359 1340 1386 τὰ
1354 1357 1456 1392 ἑαυτοῦ
1465 1359 1567 1394 ταμεϊα
1579 1357 1724 1392 πληρῶσαι
1739 1356 1896 1392 θησαυρῶν.

1137 1406 1187 1436 ις’.
1202 1403 1354 1437 Βασιλεὺς
1372 1403 1482 1437 ἐνδεὴς
1507 1402 1677 1437 προσόδων.
1693 1401 1790 1437 μέγας
1802 1409 1899 1429 συκο-

1099 1449 1236 1485 φάντηςο
1265 1450 1283 1477 ὁ
1308 1449 1343 1476 δὲ
1370 1448 1471 1484 μισῶν
1496 1449 1626 1480 ἀδικίαν,
1650 1449 1767 1483 μακρὸν
1788 1449 1899 1483 χρόνον

1100 1495 1193 1529 ζῆσαι.
1217 1495 1343 1531 ’Λπορῶν
1357 1494 1475 1522 πλούτου
1497 1495 1605 1531 ῥέοντος
1625 1494 1803 1531 ἐπιθυμητὴς
1822 1495 1899 1530 βασι-

256 1532 398 1568 propriuut
415 1531 546 1568 populum
564 1531 634 1559 l'allit
644 1531 763 1566 objectis
779 1533 858 1561 novis
869 1533 1046 1569 criminibus;

1100 1540 1176 1574 λεῦς,
1190 1540 1393 1576 καταψεύδεται
1412 1539 1461 1566 τοῦ
1471 1539 1574 1566 οἰκείου
1589 1539 1657 1566 λαοῦ
1670 1539 1822 1576 αἰτιάματα
1835 1539 1899 1566 τούο

256 1577 304 1612 qui
324 1582 413 1605 autem
433 1577 511 1605 dives
530 1577 589 1604 ﬂeri
613 1581 669 1604 n‘on
688 1578 758 1610 vult,
773 1577 858 1605 vitam
884 1585 1048 1614 presentem

256 1623 419 1658 ducit‘tutus
438 1622 473 1651 ab
485 1623 603 1656 insidiis,
617 1628 806 1660 aeternamque
821 1629 976 1661 exspectat.

291 1755 378 1784 Vsus.
397 1755 440 1783 l7.
457 1755 542 1783 Homo
560 1755 605 1791 qui
619 1755 646 1783 in
659 1763 743 1783 causa
767 1756 862 1784 mortis
887 1763 936 1791 pro
965 1756 1050 1785 altera

256 1801 378 1836 spondet,
405 1801 534 1837 profugus
560 1801 623 1833 erit,
646 1805 672 1828 et
700 1809 753 1829 non
778 1802 806 1828 in
832 1803 985 1830 securitate.
1000 1803 1050 1830 Cui

268 1848 414 1875 nuntiatur
427 1847 562 1883 postridie
575 1846 729 1875 necandum
751 1854 814 1875 esse
840 1855 952 1884 corpus.
977 1848 1051 1884 quod

257 1894 390 1921 adversus
402 1893 522 1920 animam
540 1893 700 1926 insurrexit,
715 1893 851 1929 istamque
866 1902 962 1922 revera
987 1903 1051 1930 pec-

258 1945 321 1967 cato
349 1939 541 1973 trucidaverit,
562 1939 620 1975 ipse
635 1939 765 1975 pra-senti
797 1940 854 1968 vita
885 1941 1049 1977 privabitur,

257 1991 286 2014 et
310 1986 431 2013 futuram
447 1985 660 2014 damnationem
682 1986 804 2014 timebit.

293 2075 380 2104 Erudi
387 2076 475 2110 ﬁlium
485 2080 509 2104 et
520 2076 612 2112 diliget
628 2080 662 2109 te.
676 2080 701 2105 et
727 2076 803 2104 (labi:
816 2081 940 2105 ornatum
954 2078 1052 2106 anima:

259 2126 321 2155 tua,
335 2128 360 2149 et
375 2129 426 2149 non
436 2121 537 2149 obediet
552 2121 625 2157 genti
640 2121 752 2157 iniqua.
770 2121 890 2150 Mentem
905 2122 954 2150 ﬁlii
967 2123 1006 2150 tui
1024 2123 1050 2150 in

260 2170 377 2198 Domino
389 2168 467 2198 erudi
483 2169 599 2201 utiliter,
613 2177 681 2197 cura
697 2169 774 2197 illum
792 2169 922 2206 nequitia:
935 2171 1051 2200 maculis

1103 1595 1160 1619 τοις
1174 1587 1350 1622 προσάπτων,
1364 1585 1383 1613 ἃ.
1405 1586 1443 1622 μὴ
1461 1586 1624 1613 ἐπίστανται
1636 1594 1644 1603 ο
1660 1586 1689 1618 ὃς
1705 1586 1734 1613 δὲ
1750 1586 1782 1613 τδ
1800 1586 1898 1613 πλεον-

1102 1633 1192 1660 εκτεῖν
1214 1632 1430 1668 ἀποστρέφεται,
1450 1631 1679 1660 ἀνεπιϐούλευτον
1703 1632 1750 1659 καὶ
1771 1632 1823 1668 τὴν
1846 1640 1900 1659 πα-

1104 1678 1204 1715 ροῦσαν
1220 1678 1376 1712 διαϐιϐάζει
1393 1679 1478 1715 ζωὴν,
1494 1678 1543 1706 καὶ
1560 1680 1576 1714 ἠ
1591 1678 1700 1711 αίώνιος
1718 1678 1801 1706 αὐτὸν
1812 1679 1900 1707 διαδέ-

1102 1734 1190 1761 χεται.

1138 1771 1183 1804 ιζ’.
1201 1771 1315 1806 ’Ἄνδρα
1333 1771 1387 1798 τὸν
1407 1770 1443 1798 ἐν
1460 1771 1542 1804 uitta
1559 1770 1655 1805 φόνου
1671 1771 1688 1798 ὁ
1700 1770 1898 1805 ἐγγυώμενος,

1101 1817 1200 1852 φυγὰς
1215 1817 1313 1849 ἔσται,
1328 1816 1378 1844 καί
1399 1817 1456 1844 οὑκ
1470 1816 1506 1844 ἐν
1527 1816 1692 1851 ἀσφαλείᾳ.
1717 1816 1747 1843 '0
1762 1816 1899 1851 ἐπαγγελ-

1101 1862 1217 1898 λόμενος
1236 1863 1277 1894 είς
1290 1861 1340 1898 τὴν
1355 1861 1452 1898 αὒριον
1474 1861 1648 1897 παραδοῦναι
1663 1863 1704 1894 εἰς
1720 1862 1855 1898 νέκρωσιν
1869 1863 1900 1890 τὸ

1101 1905 1308 1940 κατεξαναστὰν
1334 1906 1465 1943 φρόνημα
1493 1907 1545 1942 τῆς
1567 1907 1679 1942 σαρκὸς,
1693 1907 1741 1935 τοῦ
1757 1908 1901 1944 φρονήμα-

1101 1960 1148 1982 τος
1161 1951 1211 1987 τῆς
1230 1952 1333 1988 ψυχῆς,
1350 1953 1396 1979 καὶ
1408 1952 1513 1988 ταύτην
1526 1953 1560 1988 τῇ
1574 1953 1636 1979 κατ’
1652 1953 1794 1987 ἐνέργειαν
1806 1953 1899 1989 ἁμαρ-

1101 1996 1148 2031 τίᾳ
1164 1998 1315 2032 νικρώσας,
1332 1997 1497 2033 ἐκστήσεται
1510 1998 1561 2033 τῆς
1579 1998 1725 2035 παρούσης
1744 1998 1830 2034 ζωῆς,
1851 1998 1899 2026 καὶ

1102 2042 1186 2077 φόϐον
1201 2043 1260 2077 ἔξει
1274 2045 1325 2079 τῆς
1341 2043 1494 2080 μελλούσης
1506 2044 1657 2077 κολάσεως.

1136 2089 1264 2117 Ila/deus
1292 2090 1371 2122 υἱὸν,
1399 2090 1449 2117 καί
1473 2091 1628 2126 ἀγαπήσει
1652 2098 1700 2124 σε,
1725 2090 1777 2118 καί
1808 2090 1899 2118 δώσει

1101 2136 1218 2170 κόσμον
1234 2134 1273 2171 τῇ
1300 2135 1344 2170 σῇ
1361 2135 1449 2171 ψυχῇ
1463 2144 1471 2152 ·
1497 2136 1571 2164 οὐδὲ
1581 2136 1625 2172 μὴ
1643 2137 1807 2171 ὑπακούσῃ
1820 2137 1899 2164 ἕθνει

1101 2181 1274 2216 παρανόμῳ.
1295 2181 1448 2216 Ὠφελίμως
1460 2181 1512 2216 ἄγε
1526 2182 1598 2209 κατὰ
1611 2181 1700 2217 ψυχὴν
1712 2181 1743 2208 τὸ
1756 2183 1785 2208 ἐν
1802 2181 1899 2217 Κυρίῳ

258 2224 331 2253 saepe
341 2219 497 2252 purgatum,
511 2219 540 2244 et
556 2216 602 2249 ille
626 2224 690 2253 erga
723 2220 750 2244 te
776 2224 807 2245 se
833 2217 902 2245 bene
927 2217 1049 2250 habebit,

1104 2233 1152 2252 σου
1166 2225 1262 2253 τέκνον
1271 2245 1280 2258 ,
1294 2225 1434 2258 ἐπιπόνως
1449 2226 1581 2259 πολλάκις
1593 2216 1655 2254 τῶν
1662 2216 1718 2253 άπὸ
1731 2225 1831 2257 κακίας
1845 2216 1898 2261 κηέ

257 2262 356 2290 animae
363 2267 417 2290 tua!
423 2261 647 2297 afferetgloriam,
656 2261 781 2290 adductis
794 2262 820 2291 in
832 2263 986 2298 proximum
995 2265 1051 2292 tuis

257 2308 292 2337 ad
309 2309 439 2337 virtutem
456 2308 601 2341 consiliis;
628 2308 786 2337 daemonum
815 2310 985 2338 multitudini
1003 2311 1051 2346 qui

258 2355 322 2383 data
338 2354 467 2383 mandata
485 2358 609 2390 tempore
618 2354 774 2383 creationes
787 2363 844 2382 non
858 2361 1050 2388 servaverunt,

258 2410 312 2430 non
333 2401 443 2430 obcdiet
456 2410 463 2436 ;
476 2401 523 2430 sed
548 2402 682 2437 neglectis
698 2409 794 2430 eorum
814 2402 1049 2438 suggestionibus.

258 2447 369 2483 tuisque
384 2447 508 2483 probatis
529 2447 659 2476 consiliis
684 2447 718 2476 ad
738 2446 824 2475 Deum
849 2447 1001 2483 confugiet,
1016 2447 1051 2475 ad

258 2497 398 2531 potentem
409 2493 593 2522 defensorem.

294 2646 378 2674 Vsus.
396 2645 441 2674 l8.
460 2645 513 2680 Qui
536 2646 655 2674 atnbulat
666 2647 751 2681 juste,
779 2645 951 2680 adjuvabitur
969 2654 978 2679 ,-
1003 2647 1049 2681 qui

259 2696 347 2720 autem
357 2691 483 2726 perversis
493 2691 543 2719 viis
558 2691 644 2723 vadit,
656 2691 850 2726 implicabitur.
863 2690 916 2724 Qui
929 2690 963 2719 de
973 2697 1050 2719 recta

258 2738 302 2766 via
314 2737 424 2765 virtutis
447 2744 587 2772 nunquam
599 2736 727 2770 deﬂectit,
749 2737 848 2773 accipit
858 2738 978 2765 divinum
1000 2746 1050 2766 au-

259 2783 355 2812 xilium
369 2782 546 2818 quoinsidias
559 2781 660 2810 diaboli
672 2782 826 2816 amovebit;
839 2783 887 2819 qui
900 2791 966 2810 vero
977 2788 1052 2810 errat

259 2829 294 2856 ab
310 2836 352 2863 ea,
368 2832 396 2867 et
425 2828 598 2864 passionibus
612 2835 686 2856 mtnc
714 2828 795 2860 citra,
812 2835 887 2856 nunc
902 2829 974 2856 ultra
994 2828 1051 2856 vir-

260 2878 332 2903 utem
359 2874 484 2909 inservit,
501 2873 545 2903 illc
557 2875 693 2903 constanti
712 2874 807 2902 habitu
825 2875 920 2902 harum
943 2876 1051 2910 passio-

1102 2271 1182 2299 λιδων
1196 2272 1372 2309 ἐκκαθαίρων
1386 2272 1463 2306 αὐτὸ,
1475 2273 1524 2300 καὶ
1539 2273 1732 2306 sinuosam;
1744 2272 1836 2304 καλῶς
1851 2281 1899 2300 πε-

1103 2319 1132 2355 ρὶ
1145 2318 1175 2345 es
1187 2326 1195 2334 ·
1213 2319 1262 2346 καὶ
1285 2319 1416 2355 παράσχῃ
1440 2321 1474 2356 τῇ
1499 2319 1574 2356 ψυχῇ
1592 2328 1641 2347 σου
1660 2320 1838 2356 εὐπρέπειαν.
1864 2321 1899 2347 τὰ

1102 2365 1146 2391 ἐπ’
1165 2365 1241 2400 αὐτῷ
1264 2365 1368 2402 ταύτης
1394 2365 1554 2402 βουλήματα
1579 2365 1702 2402 κοσμοῦν
1729 2367 1899 2403 ἐμπράκτως

1102 2411 1163 2439 κατ’
1177 2412 1278 2448 ἀρετήν
1291 2420 1298 2428 ·
1314 2413 1346 2440 οὐ
1361 2413 1417 2448 γὰρ
1431 2413 1470 2449 τῷ
1481 2412 1520 2450 μὴ
1534 2413 1581 2440 τὸν
1593 2413 1684 2448 λόγον,
1699 2413 1761 2440 καθ’
1776 2414 1806 2441 ὃν
1823 2414 1899 2441 ἐκτί-

1103 2458 1154 2494 σθη
1165 2477 1173 2491 ,
1200 2459 1353 2495 τηρήσαντι
1371 2459 1470 2495 πλήθει
1495 2459 1550 2487 τῶν
1568 2459 1705 2496 δαιμόνων
1723 2459 1898 2494 ὑποταγήσε-

1103 2512 1159 2537 σαι,
1172 2503 1241 2531 ἀλλὰ
1262 2505 1322 2537 ταῖς
1340 2506 1402 2537 σαῖς
1416 2504 1571 2541 ὑποθήκαις
1585 2505 1637 2541 τῆς
1658 2504 1791 2540 ἐπηρείας
1806 2504 1898 2532 αὐτῶν

1101 2550 1236 2583 ἀποστὰν,
1253 2550 1293 2583 εἰς
1309 2550 1376 2578 Θεὸν
1389 2550 1537 2586 καταφύγῃ
1561 2550 1612 2586 τὴν
1633 2550 1739 2586 σκέπην
1762 2550 1812 2586 τὴν
1829 2559 1898 2586 κρα-

1101 2595 1191 2624 ταιάν.

1138 2646 1185 2678 ιη’.
1203 2642 1231 2669 '0
1253 2643 1460 2678 πορευόμενος
1476 2642 1597 2677 δικαίως
1610 2643 1836 2678 βεβοηθήσεται
1852 2652 1860 2660 ·
1880 2645 1897 2672 ὀ

1101 2686 1136 2714 δὲ
1154 2687 1294 2722 σκολιαῖς
1314 2687 1396 2722 ὁδοῖς
1423 2688 1626 2723 πορευόμενος
1655 2688 1895 2724 ἐμπλακήσεται.

1109 2733 1138 2760 '0
1161 2733 1211 2769 μὲν
1231 2734 1283 2769 τῆς
1305 2733 1414 2767 εὐθείας
1432 2734 1528 2770 τρίϐου
1547 2734 1602 2762 τῶν
1629 2735 1737 2771 ἀρετῶν
1761 2735 1897 2771 μηδαμῶς

1102 2780 1314 2817 ἐκτρεπόμενος,
1342 2781 1516 2815 πεπλούτηκε
1534 2781 1584 2817 τὴν
1597 2780 1673 2809 θείαν
1695 2781 1841 2817 βοήθειαν·
1861 2781 1896 2809 δι’

1101 2824 1135 2863 ἧς
1153 2826 1203 2859 τὰς
1216 2826 1264 2854 τοῦ
1278 2826 1403 2854 διαϐόλου
1419 2827 1538 2862 παγίδας
1556 2827 1690 2863 ἐξέφυγεν
1702 2836 1709 2843 ·
1725 2829 1740 2855 ὸ
1750 2827 1779 2854 δέ
1793 2828 1897 2862 ταύτης

1104 2873 1316 2909 ἐκτρεπόμενος,
1334 2873 1379 2901 καὶ
1402 2873 1466 2902 ποτὲ
1481 2874 1532 2909 μὲν
1555 2874 1612 2906 τοῖς
1626 2874 1688 2903 κατ’
1702 2873 1821 2909 ἔλλειψιν
1844 2874 1896 2909 τῆς
