2072 3161
176 148 245 181 1509

689 148 959 179 COMMENTARII
981 148 1021 178 IN
1041 148 1230 180 PROVERBI
1237 150 1270 179 Α.

1749 148 1820 182 i510

173 207 276 242 ἀρετῆς
291 206 469 244 ἐνδιατρίϐων
484 207 584 236 πάθεσι
597 215 604 224 ·
622 207 686 234 ποτὲ
698 207 726 234 δὲ
738 208 794 239 τοῖς
810 207 872 234 καθ’
887 207 972 243 ὑπερ-

1027 213 1104 240 uum,
1123 211 1198 234 velut
1233 206 1283 234 reti
1310 206 1462 241 insolubili,
1498 206 1684 244 implicabitur
1699 205 1735 236 ad
1756 206 1817 235 exi-

172 251 276 288 ὄολὴν,
312 252 351 285 ὥς
382 262 436 280 τινι
466 253 583 289 ἀφύκτῳ

172 297 228 324 τῶν
261 298 392 326 τοιούτων
426 299 523 326 παθῶν
532 318 541 333 ,

172 342 285 373 ώλειαν.

213 391 256 418 ιθ’.
279 392 308 418 '0
326 391 521 427 ἐργαζόμενος
544 392 603 427 τὴν
617 391 727 420 ἑαυτοῦ
749 390 817 428 γῆν,
835 392 974 428 πλησθή-

173 446 260 465 σεται
279 437 378 472 ἆρτων
390 447 397 454 ·
424 439 441 465 ὀ
462 439 497 465 δὲ
512 437 628 465 διώκων
641 438 774 473 σχολὴν.
797 439 974 473 πλησθήσευ

174 492 222 511 ται
236 483 354 516 πενίας.
373 483 403 510 'U
430 484 496 518 περὶ
518 483 568 519 τὴν
591 483 680 519 γεώδη
712 484 803 520 σάρκα
828 484 923 517 αὑτοῦ,
939 486 974 521 τῇ

174 529 230 556 τῶν
256 528 374 556 ἐντολῶν
399 529 518 565 ἐργασίᾳ
542 529 707 564 φιλοπονῶν,
732 531 788 558 τῶν
811 531 862 567 τὴν
885 531 974 567 ψυχὴν

175 575 361 611 στηριζόντων
398 576 579 611 χαρισμάτων
615 575 663 603 τοῦ
699 576 856 612 πνεύματος
893 577 976 614 γενή-

176 629 253 648 σεται
281 620 430 656 ἔμπλεως·
448 622 462 648 6
487 621 517 648 δὲ
542 621 588 649 τὸν
612 622 758 658 ἀνειμένον
780 622 841 658 βίον
867 623 973 656 παθὼν,

175 666 302 702 οὐδαμῶς
316 666 394 694 ἐσται
410 666 515 694 τούτων
538 668 682 704 ἐπιτυχὴς,
698 668 746 695 καὶ
767 668 882 704 λιμώξει
900 669 974 705 ισχυ-

177 718 245 748 ρως.

212 761 247 786 κ’.
269 757 360 793 Ἀνὴρ
373 757 564 793 ἀξιόπιστος,
594 759 697 787 πολλὰ
716 760 954 796 εὐλογηθήσδται
966 769 973 777 ·

175 804 193 831 ὁ
205 802 240 830 δὲ
253 805 357 838 κακὸς,
377 806 434 833 οὐκ
457 805 642 840 ἀτιμώρητος
667 806 764 834 ἔσται.
782 806 812 834 '0
826 808 866 844 τῷ
880 808 976 843 Κυρίῳ

175 850 334 884 πιστεύων,
363 851 411 878 καὶ
437 851 477 886 τῷ
503 852 572 888 πρὸς
595 852 678 879 αὐτὸν
705 852 801 888 φόϐῳ,
825 853 976 886 ἀνενδότως

622 253 713 288 βρόχῳ
735 254 770 289 τῇ
798 252 888 287 παγίᾳ
916 251 973 284 ἔξει

581 299 782 335 συσχεθήσεται
818 298 889 334 πρὸς
917 299 973 326 ἀπ-

1025 253 1104 280 tium.

1062 385 1148 414 Vens.
1169 385 1213 415 i9.
1228 386 1281 420 Qui
1306 391 1431 423 operatur
1453 395 1530 414 suam
1545 392 1653 422 terram,
1666 389 1819 424 implebitttr

1024 431 1161 466 panibus;
1193 431 1238 466 qui
1272 436 1361 459 autem
1389 435 1509 459 sectatur
1535 433 1632 465 otium,
1663 435 1818 469 implebitur

1025 482 1191 512 paupertate.
1211 477 1327 510 Quando
1342 481 1451 506 terrena
1463 487 1529 508 caro
1545 481 1571 508 in
1587 480 1721 508 faciendis
1735 489 1818 508 man-

1025 522 1098 550 (latis
1127 523 1246 556 laborat.
1274 524 1421 558 implemur
1449 525 1529 554 donis
1560 527 1674 561 spiritus
1697 528 1816 554 animam

1025 567 1265 597 conﬁrmantibus.
1283 568 1336 597 Ubi
1354 570 1456 598 vivitur
1471 572 1598 604 remisse,
1615 573 1689 600 nulla
1708 573 1761 601 erit
1772 573 1820 601 lio-

1025 621 1086 641 rum
1103 614 1239 642 bonorum
1259 615 1413 651 possessio,
1423 616 1470 644 sed
1487 616 1574 645 fames
1590 617 1693 646 valida.

1060 745 1146 775 Vens.
1159 747 1206 776 20.
1224 748 1271 776 Vir
1279 748 1366 784 ﬁdelis
1381 750 1409 777 in
1432 751 1524 779 multis
1538 752 1713 785 benedicetur,
1730 754 1820 781 malus

1026 798 1115 821 autem
1126 802 1178 822 non
1193 795 1338 829 impunitus
1355 796 1415 823 erit.
1433 796 1484 830 Qui
1501 798 1589 825 credit
1601 799 1628 825 in
1645 799 1740 831 Deum.
1755 807 1818 826 eum

1027 839 1117 873 timet,
1133 840 1342 876 implendisqne
1363 841 1424 876 ejus
1446 843 1592 879 prmceptis
1613 844 1699 872 instat
1715 844 1820 872 indesi-

175 894 353 932 δγκαρτερῶν
374 897 414 933 τῷ
441 886 565 932 ιπιπόνῳ
589 897 639 932 τῆς
663 886 797 933 ἐργασίας
814 898 868 926 τῶν
889 899 973 926 αὐτοῦ

1026 891 1136 919 neuter,
1148 890 1232 922 atque
1242 886 1346 923 dignus
1357 887 1468 916 habitus
1483 894 1526 916 est
1543 890 1587 917 cui
1601 890 1752 924 credantur
1776 890 1820 918 in-

176 942 304 975 ἐντολῶν,
320 942 396 975 ἄξιος
418 943 495 979 αὐτῷ
519 943 658 979 λογισθεὶς
679 944 726 971 τοῦ
743 945 925 981 πιστευθῆναι
940 946 974 972 τὰ

176 988 248 1024 ὑπὲρ
265 988 328 1015 νοῦν
351 989 411 1017 θεῖα
435 989 532 1016 τούτου
563 990 715 1026 μυστήρια,
739 990 885 1018 ἀκούσεται
908 991 974 1026 παρ’

175 1033 260 1061 αὑτοῦ
271 1034 363 1061 τοῦτο·
376 1044 386 1061 ι
395 1033 433 1062 Εὖ
447 1034 525 1062 δοῦλε
533 1035 619 1069 ἀγαθὲ
634 1036 682 1062 καὶ
696 1036 788 1069 πιστὲ,
797 1037 844 1064 ἐπὶ
856 1036 934 1071 ὀλίγα
941 1035 976 1073 ἦς

177 1079 287 1113 πιστὸς,
303 1081 350 1108 ἐπὶ
364 1080 471 1108 πολλῶν
494 1089 525 1108 σε
543 1081 711 1116 καταστήσω
724 1089 732 1098 υ
753 1082 857 1110 εἴσελθε
870 1083 912 1115 εἰς
925 1083 975 1119 τὴν

175 1127 265 1163 χαρὰν
280 1127 329 1154 τοῦ
346 1128 450 1164 Κυρίου
465 1136 513 1154 σου
525 1135 550 1154 ·»
561 1127 576 1154 ό
589 1127 612 1154 δ’
625 1128 741 1161 ἄπιστος
756 1129 804 1156 καὶ
813 1128 975 1166 παρασάτης

175 1172 230 1200 τῶν
247 1173 331 1200 αὑτοῦ
345 1173 474 1208 ἐντολῶν,
489 1173 541 1209 τὴν
554 1172 664 1201 αἰώνιον
679 1174 730 1202 οὐκ
744 1174 908 1210 ἐκφεύξεται
927 1176 974 1203 κό-

175 1218 266 1246 λασιν.

210 1268 265 1292 κα’.
291 1266 344 1298 “Oc
370 1265 427 1293 οὐκ
459 1266 638 1301 αἰσχύνεται
667 1267 815 1302 πρόσωπα
840 1268 973 1300 δικαίων,

175 1310 232 1336 οὐκ
250 1310 376 1344 ἀγαθός·
391 1311 409 1337 ὁ
434 1310 570 1345 τοιοῦτος
586 1311 693 1346 pupae
707 1312 799 1346 ἄρτου
818 1312 973 1340 ἀποδώσε-

175 1366 222 1385 ται
239 1357 345 1392 ἄνδρα.
364 1358 413 1390 ’ος
428 1358 479 1390 τὰς
494 1358 572 1394 δψεις
596 1359 650 1385 τῶν
663 1359 820 1394 ἀμέμπτως
835 1359 973 1387 πολιτευο-

177 1405 266 1439 μένων
279 1403 329 1439 οὐχ
353 1403 561 1437 ὑποστέλλεται,
583 1403 642 1431 ἀλλ’
661 1404 886 1440 ἀνερυθριάστως
911 1405 971 1433 τού-

174 1457 230 1475 των
256 1449 390 1485 ὑπερορᾷ,
416 1449 467 1476 οὐκ
489 1449 592 1484 ἀγαθὸς
620 1449 692 1476 κατὰ
715 1449 830 1485 γνώμην
845 1449 938 1476 ἐστίν·
960 1450 974 1477 ὁ

174 1493 296 1526 τοιοῦτος
313 1493 368 1530 γὰρ
391 1494 438 1520 ἐπὶ
452 1494 549 1530 βραχεῖ
569 1494 692 1530 τεμαχίῳ
707 1494 791 1530 ἄρτου
810 1494 975 1530 ἀπεμπολή-

176 1548 219 1566 σει
244 1539 389 1576 ἄνθρωπον
414 1541 470 1573 τοῖς
494 1540 557 1569 κατ’
580 1540 683 1578 ἀρετὴν
705 1540 799 1574 πόνοις
821 1540 971 1568 ἁνένδοτονο
986 1558 1008 1587 c

175 1585 305 1622 παρορῶν
321 1586 428 1620 τοῦτον,
445 1586 533 1622 φειδοῖ
548 1587 708 1623 κλάσματος
724 1587 821 1622 ἄρτου,
843 1586 972 1622 γενέσθαι

175 1632 256 1668 λιμοῦ
274 1633 478 1669 παρανάλωμα.

212 1680 266 1714 ιβ’.
293 1680 422 1708 Σπεύδει
440 1679 588 1707 πλουτεῖν
613 1679 693 1714 ἀνὴρ
720 1678 900 1713 βάσκανος,
922 1679 973 1707 καί

175 1726 232 1752 οὐκ
246 1725 328 1752 οἶδεν
344 1725 391 1753 ὅτι
414 1725 552 1761 ἐλεήμων
570 1724 715 1760 κρατήσει
730 1725 836 1753 αὐτοῦ.
856 1725 974 1752 Σπουδά-

176 1771 219 1803 ζει
233 1772 248 1798 ὸ
275 1771 408 1808 φθονερὸς
430 1772 558 1807 κατέχειν
572 1771 590 1799 ἃ
607 1771 781 1807 πεπλούτηκε
803 1771 881 1807 παρὰ
904 1771 972 1798 Θεοῦ

176 1817 278 1852 ἀγαθὰ,
290 1818 395 1845 τούτων
413 1819 518 1854 ἑτέροις
544 1818 582 1854 μὴ
606 1818 767 1854 μεταδιδούς
780 1826 787 1834 ο
811 1819 859 1845 καὶ
881 1818 974 1853 ἀγνοεῖ

176 1863 217 1890 ὅτι
228 1864 285 1895 τοῖς
299 1863 430 1899 χρῄζουσι
445 1864 626 1892 καταδάλλων
641 1863 724 1896 αὐτὰ.
752 1863 814 1891 ἐπεὶ
830 1863 902 1891 οὕτω
923 1872 974 1891 κα-

175 1909 229 1941 λῶς
244 1909 331 1936 ταῦτα
350 1910 499 1945 οίκονομεί,
529 1909 641 1936 πλείονα
667 1909 798 1945 λήψεται·
825 1909 972 1937 κάντεῦθεν

176 1954 409 1991 ἐπικρατέστερος
428 1954 524 1982 τούτου
541 1955 699 1990 γενήσεται.

212 2003 267 2035 κγ’.
302 2002 335 2027 '0
365 2001 499 2036 ἐλέγχων
524 2001 683 2036 ἀνθρώπου
718 2000 828 2034 ὀδοὺς,
849 2001 973 2036 χάριτας

176 2046 237 2079 ἔξει
247 2047 370 2082 μᾶλλον
381 2047 435 2074 τοῦ
447 2047 780 2082 τλωσσοχαριτοῦντος.
800 2047 830 2074 '0
855 2047 902 2074 τὸν
916 2046 973 2074 ἀνω

177 2093 283 2128 ὁρῶντα
301 2093 372 2129 πρὸς
386 2092 502 2129 Κύριον,
517 2093 565 2120 καὶ
580 2093 754 2130 κεκτημένον
768 2092 814 2121 τὸν
828 2092 911 2129 φοϐον
923 2093 973 2119 αὑ-

175 2137 236 2171 τοῦ,
261 2137 410 2166 κάντεῦθεν
431 2138 529 2174 σοφίας
553 2139 592 2174 μὴ
607 2139 788 2175 ἀμοιροῦντα,
812 2138 973 2175 ἀπελέγχων

177 2183 247 2220 μετὰ
257 2184 404 2216 διαθέσεως
417 2183 535 2220 ἀγαθῆς,
550 2185 579 2212 ὲν
590 2182 632 2217 οἷς
645 2185 698 2221 ὁρᾷ
707 2185 803 2212 τοῦτον
815 2185 853 2218 ὡς
866 2184 973 2219 ἄνθρω-

1026 932 1288 967 comprehensibilia
1301 933 1362 968 ejus
1378 935 1521 970 mysteria,
1538 935 1583 963 ille
1596 935 1630 963 de
1647 943 1676 963 se
1701 936 1755 963 hoc
1778 936 1821 964 di-

1027 982 1102 1005 ctum
1116 978 1209 1006 audiet
1227 990 1233 1007 ε
1248 989 1256 1005 ι
1275 979 1362 1016 Euge,
1380 988 1459 1009 serve
1470 981 1542 1009 bone
1553 985 1580 1009 et
1597 982 1696 1016 tidelis,
1710 982 1774 1018 quia
1791 983 1819 1010 in

1027 1022 1135 1051 modico
1142 1023 1218 1052 fuisti
1234 1024 1334 1057 iidelis,
1347 1033 1429 1060 super
1438 1027 1523 1053 multa
1534 1027 1818 1061 teconstituam,intra

1028 1068 1056 1096 in
1070 1070 1202 1104 gaudium
1215 1069 1325 1098 Domini
1340 1072 1378 1099 tui
1396 1073 1429 1100 η.
1446 1081 1456 1098 ›
1471 1072 1609 1100 lniidelem
1631 1081 1699 1101 vero
1708 1077 1735 1101 et
1744 1081 1821 1101 man-

1027 1113 1155 1141 datorum
1174 1119 1410 1152 transgressorem
1423 1121 1517 1145 manet
1529 1121 1634 1146 aeterna
1649 1117 1804 1146 damnatio.

1060 1247 1145 1277 Vens.
1163 1248 1209 1276 2|.
1227 1249 1281 1283 Qui
1295 1257 1347 1278 non
1362 1254 1496 1278 reveretur
1511 1250 1592 1286 faciet
1606 1250 1754 1286 justorttm,
1767 1260 1820 1280 non

1027 1293 1110 1321 bonus
1123 1302 1133 1326 ;
1145 1294 1191 1330 qui
1204 1295 1267 1322 talis
1286 1299 1336 1328 eu,
1353 1295 1472 1323 buecella
1499 1297 1577 1331 pani:
1610 1297 1701 1324 vendet
1719 1297 1818 1326 virum.

1025 1340 1076 1373 Qui
1089 1339 1175 1368 facies
1187 1341 1426 1369 immaculatorum
1443 1349 1497 1369 non
1513 1347 1664 1377 reveretur,
1676 1343 1737 1372 illos
1753 1352 1820 1372 vero

1025 1387 1216 1423 imprudenter
1238 1388 1367 1423 despicit,
1394 1396 1448 1416 non
1477 1393 1520 1417 est
1549 1395 1640 1418 mente
1661 1391 1755 1423 bona;
1773 1391 1820 1419 ille

1026 1437 1111 1465 parvo
1123 1431 1203 1466 panis
1211 1431 1328 1460 l'rustuto
1340 1432 1430 1460 virum
1456 1434 1596 1462 addictum
1608 1435 1753 1464 laboriosa:
1764 1437 1820 1464 vir-

1025 1478 1078 1505 tuti
1095 1479 1193 1507 vendet
1209 1479 1351 1508 aestimans
1367 1480 1447 1508 illum
1462 1485 1585 1517 tempore
1595 1481 1688 1517 famis,
1704 1490 1818 1512 causam

1026 1524 1212 1561 impensarum
1227 1524 1324 1554 fuisse.

1076 1674 1161 1704 Vens.
1173 1675 1220 1704 22.
1230 1675 1353 1704 Festinat
1366 1677 1693 1713 ditescereoirinvidue.et
1709 1689 1762 1710 non
1770 1689 1820 1710 no-

1026 1723 1064 1750 vit
1078 1723 1142 1758 quia
1157 1723 1309 1751 misericors
1327 1724 1453 1752 obtinebit
1463 1733 1533 1753 eum.
1548 1726 1662 1755 invidus
1677 1727 1748 1755 bona
1756 1735 1818 1764 qua:

1026 1776 1042 1797 a
1061 1769 1116 1797 Deo
1129 1770 1242 1805 copiose
1256 1770 1370 1806 recepit,
1383 1771 1473 1799 studet
1488 1779 1666 1805 conservare,
1683 1774 1747 1802 aliis
1762 1783 1816 1803 non

1029 1815 1146 1851 largitur
1166 1824 1173 1848 ;
1194 1816 1303 1851 ignorat
1320 1816 1368 1845 ille
1383 1818 1473 1845 virum
1493 1818 1540 1853 qui
1555 1818 1742 1854 indigentibus
1755 1828 1818 1849 ero-

1026 1862 1112 1897 gavit,
1140 1867 1252 1898 propter
1271 1863 1433 1899 przeclaram
1451 1864 1586 1892 bonorum
1610 1866 1816 1902 villieationem,

1026 1907 1106 1941 plura
1124 1911 1386 1942 ancepturumesse,
1402 1912 1431 1936 et
1453 1909 1551 1937 deinde
1579 1911 1762 1945 potentiorem
1786 1920 1818 1941 se

1026 1952 1162 1985 futurum,
1171 1954 1365 1989 buceellaequa:
1378 1954 1458 1989 panis
1466 1956 1659 1991 compendium
1681 1948 1816 1987 facturus.

1057 1997 1141 2026 Vens.
1152 1999 1197 2026 93.
1213 1999 1266 2033 Qui
1274 2000 1385 2034 corripit
1397 2000 1512 2028 hominis
1526 2001 1593 2034 eius,
1607 2003 1710 2036 gratiae
1725 2011 1817 2038 repor-

1027 2044 1093 2071 tabit
1110 2045 1195 2080 magis
1223 2054 1254 2073 eo
1274 2047 1319 2081 qui
1336 2047 1428 2082 lingua
1443 2047 1591 2074 blanditur.
1609 2047 1753 2077 Hominem
1780 2048 1816 2076 ad

1026 2090 1110 2118 Deum
1127 2091 1319 2126 aspicientem,
1336 2092 1435 2120 timore
1445 2092 1506 2128 ejils
1522 2093 1644 2128 plenum,
1657 2098 1686 2121 et
1701 2094 1817 2129 proinde

1025 2137 1168 2173 sapientia.-
1181 2146 1236 2166 non
1252 2143 1411 2174 expertem,
1427 2139 1474 2174 qui
1492 2139 1608 2175 corripit
1622 2139 1696 2167 bono
1711 2141 1815 2173 animo,

1026 2184 1053 2213 in
1074 2185 1175 2220 quibus
1190 2184 1264 2212 videt
1284 2185 1360 2213 illum
1379 2193 1433 2221 qua
1455 2185 1594 2214 hominem
1620 2194 1634 2213 a
1659 2191 1735 2214 recto
1748 2187 1816 2215 uteti-

175 2238 228 2257 πον
247 2229 373 2257 ὲνδέοντά
386 2238 439 2256 που
472 2229 521 2257 τοῦ
547 2230 711 2266 πρέποντος,
741 2231 971 2267 εὐχαριστήσεται

1026 2230 1155 2262 cientem,
1171 2230 1286 2266 gratiam
1311 2230 1382 2266 apud
1395 2238 1458 2258 eum
1478 2231 1610 2264 inveniet,
1625 2232 1713 2268 magis
1732 2239 1815 2268 quam

176 2275 243 2311 παρ’
260 2268 344 2302 αὑτοῦ
363 2275 446 2303 πλέον
471 2275 519 2303 τοῦ
536 2276 732 2309 κολακεύοντος
745 2285 753 2292 ·
775 2277 814 2309 ὡς
832 2276 881 2304 τοῦ
902 2277 974 2305 κατὰ

175 2321 278 2356 δρόμου
293 2321 368 2357 αὺτῷ
384 2321 528 2358 συνεργός.

213 2365 262 2393 κδ’.
280 2367 333 2400 “Oc
343 2366 549 2395 ἀποϐάλλεται
563 2367 677 2403 «πατέρα
691 2367 711 2403 ἢ
722 2368 847 2403 μητέρα,
861 2367 910 2395 καὶ
924 2367 974 2395 δοο

175 2411 274 2447 amitti;
287 2413 479 2448 ἁμαρτάνειν,
493 2411 583 2446 οὗτος
598 2415 742 2448 κοινωνός
760 2412 847 2441 ἐστιν
864 2413 975 2448 ἀνδρὸς

177 2458 317 2492 ἀσεϐοῦς.
336 2460 385 2491 Ὃς
400 2459 494 2487 ἀθετεῖ
508 2460 556 2487 τὸν
571 2459 669 2487 ἑαυτοῦ
683 2460 755 2487 κατὰ
769 2459 849 2496 χάριν
863 2460 974 2496 Πατέρα

176 2504 243 2530 Θεδν
254 2504 288 2530 δι’
301 2504 444 2538 ἀπιστίαν,
463 2505 480 2541 ἤ
499 2505 548 2541 τὴν
565 2506 638 2533 κατὰ
652 2505 743 2542 ψυχὴν
762 2506 863 2542 τροφὸν
875 2505 974 2532 ἑαυτοῦ

176 2549 366 2583 διδασκαλίαν,
382 2551 427 2578 διὰ
439 2551 490 2588 τὴν
507 2551 562 2579 τῶν
579 2552 660 2580 Θείων
675 2552 790 2579 ὲντολῶν
805 2551 972 2587 παράὸασιν,

176 2595 225 2622 καὶ
239 2596 326 2623 οῐεται
343 2596 382 2633 μὴ
397 2599 487 2626 ποιεῖν
504 2598 603 2631 κακὸν,
615 2599 630 2625 ὁ
643 2598 765 2631 τοιοῦτος
780 2597 845 2633 ὅλης
859 2597 910 2634 τῆς
927 2606 974 2624 κα-

176 2641 240 2674 κίας
269 2642 476 2678 μεταλαμϐάνει
499 2644 547 2671 τοῦ
573 2644 646 2680 ἰσχύϊ
667 2645 743 2682 πάσῃ
758 2643 970 2676 κακοποιοῦντος

175 2687 240 2719 τοὺς
259 2687 394 2720 ἑκουσίως
417 2688 597 2725 πειθομένους
620 2689 696 2726 αὐτῷ
713 2689 851 2726 δαίμονος,
866 2688 913 2716 καὶ
930 2688 968 2725 μὴ

175 2734 259 2768 τιμᾷν
270 2733 372 2766 εἰδότος
382 2735 461 2763 Θεόν.

211 2781 260 2805 κε’.
290 2779 437 2814 "Ama-rce
465 2781 555 2817 ἀνὴρ,
575 2781 669 2817 κρίνει
699 2781 766 2817 εὶκῆ
783 2790 790 2799 ·
818 2781 853 2816 ὃς
878 2781 913 2809 δὲ
926 2781 975 2809 πέ-

213 2869 235 2884 ¹¹
252 2869 347 2898 Matth.
369 2877 430 2903 xxv,
447 2870 492 2902 20,
510 2869 555 2897 2|.

1024 2276 1163 2308 adulator,
1176 2276 1200 2303 ci
1214 2276 1288 2304 enim
1300 2276 1422 2304 currenti
1437 2277 1598 2305 auxiliatur.

1059 2365 1144 2394 Vens.
1160 2365 1208 2393 24.
1221 2365 1275 2399 Qui
1297 2365 1391 2401 objicit
1402 2370 1508 2401 patrem
1519 2371 1545 2394 et
1557 2371 1680 2401 matrem,
1693 2371 1718 2394 et
1730 2368 1815 2396 credit

1024 2420 1075 2439 non
1089 2420 1211 2446 peccare,
1225 2413 1268 2439 Itic
1283 2420 1393 2439 consors
1415 2416 1454 2440 est
1470 2413 1520 2440 viri
1535 2413 1621 2447 impii.
1653 2407 1831 2448 linprobnns-

1024 2458 1109 2485 Deum
1127 2464 1230 2492 patrem
1249 2465 1331 2485 suum
1347 2458 1374 2485 in
1390 2458 1479 2493 gratia
1496 2463 1608 2494 peccato
1624 2459 1794 2488 infidelitatis
1806 2481 1814 2493 ,

1023 2508 1049 2531 et
1062 2505 1216 2532 doctrinam
1229 2512 1285 2531 sua:
1298 2504 1398 2531 anima!
1417 2504 1555 2532 nutricem
1569 2509 1728 2541 contemptu
1742 2506 1814 2534 divi-

1023 2557 1120 2577 norum
1134 2553 1346 2585 prmceptornm.
1363 2549 1487 2585 nihilque
1502 2550 1567 2577 mali
1584 2557 1614 2578 se
1629 2557 1710 2586 agere
1725 2555 1813 2583 ratus,

1024 2596 1070 2624 ille
1094 2596 1177 2623 homo
1201 2596 1341 2631 particeps
1361 2599 1405 2624 est
1420 2596 1533 2624 malitiae
1550 2595 1653 2624 diaboli
1677 2597 1723 2632 qui
1749 2597 1813 2625 totis

1021 2641 1128 2669 viribus
1137 2645 1218 2670 nocet
1227 2642 1458 2678 suisyoluntariis
1466 2643 1662 2676 sectatoribus,
1673 2642 1814 2678 Deumque
1824 2663 1827 2665 -

1022 2687 1111 2716 nescit
1125 2687 1252 2716 adorare.

1069 2781 1151 2811 Vens.
1165 2771 1210 2808 2'5.
1230 2779 1353 2815 Inﬁdclia
1368 2779 1409 2808 uir
1416 2779 1523 2815 iudicat
1539 2784 1655 2813 temere;
1667 2779 1711 2815 qui
1724 2783 1812 2806 autem
