2072 3161
268 164 331 197 1531

916 159 1091 192 PROCOPII
1109 159 1232 192 GAZIE].

1850 151 1922 187 1512

264 219 375 254 conﬁdit
393 226 471 254 super
493 218 645 251 Dominum,
661 217 691 245 in
707 225 773 245 cura
793 216 916 252 diligenti
932 217 997 244 erit.
1014 215 1067 249 Qui

1121 217 1224 243 ποιθεν
1235 213 1285 242 ἐπὶ
1303 214 1430 249 Κύριον,
1457 213 1492 241 ἐν
1517 213 1673 249 ἐπιμελείᾳ
1687 213 1784 240 ἔσται.
1810 213 1838 240 '0
1852 215 1924 250 rt:sz

264 266 364 294 anxius
385 269 429 293 est
443 265 477 293 de
493 264 538 292 die
553 264 678 292 crastina
691 283 699 294 ,
725 270 815 298 neque
842 262 903 290 ﬁdit
926 263 954 290 in
971 262 1066 290 divina

265 313 452 348 providentia,
472 319 522 340 sua
539 312 577 340 illi
599 319 655 340 non
671 310 834 342 committit,
850 309 898 346 qui
911 309 965 337 sibi
981 309 1066 337 mise-

266 362 314 389 ria:
332 366 359 389 et
374 359 526 389 senectutis
539 359 731 395 phantasmata
746 357 862 394 efﬁngit,
876 357 922 385 ille
934 356 970 385 de
984 357 1067 385 rebus

266 407 380 435 incertis
399 407 426 433 in
457 413 559 433 vanum
579 404 706 440 judicat;
725 403 799 432 idem
822 404 911 431 nescit
926 403 994 439 quid
1024 402 1066 430 af-

266 453 337 480 ferat
351 452 411 480 dies
428 452 567 488 proxima,
586 454 614 479 et
628 450 690 478 ideo
713 449 870 477 innumeris
888 448 1068 484 cogitationi-

266 499 317 526 bus
333 498 490 534 implicatus
511 498 545 526 de
558 496 668 533 propria
681 496 770 523 salute
783 502 880 531 parum
905 499 998 523 curat.
1015 494 1068 523 iste

266 550 359 572 autem
390 544 439 580 qui
468 548 561 578 sperat
585 544 612 570 in
637 541 724 570 Deum
752 541 900 569 Dominum
930 540 1068 574 omnium,

266 591 439 626 providentia
452 591 512 625 ejus
527 589 629 625 dignus
645 589 709 617 erit.

301 691 384 718 Vens.
398 690 444 718 26.
465 689 517 723 Qui
531 688 642 723 conﬁdit
655 687 782 723 :audact'a
803 687 892 715 cordis
906 707 914 720 ,
941 685 1005 714 talis
1029 690 1067 714 est

265 738 438 773 imprudens;
453 739 498 772 qui
509 743 597 764 autem
614 735 735 763 ambulat
746 735 893 770 sapienter,
907 732 1064 761 salvabitur.

266 784 318 818 Qui
348 783 448 811 ardore
476 790 549 810 caeco
581 789 638 809 suae
668 780 776 809 ﬁducia:
806 780 978 816 impellitur,
1013 786 1069 806 non

267 835 378 859 exercet
399 829 536 866 judicium
552 836 608 864 quo
623 827 850 863 concupiscentia
869 827 897 854 in
918 834 984 854 vere
1006 825 1069 861 pni-

268 879 366 905 chrum
396 877 494 908 fertur,
517 879 544 904 et
569 874 671 902 malum
697 874 739 902 vis
766 873 921 901 irascibilis
947 872 1068 908 repellit.

269 924 321 958 Qui
342 931 407 951 rem
429 923 569 950 intellectu
587 926 614 949 et
632 921 657 948 vi
682 920 826 956 sapientiae
846 927 948 948 causas
974 926 1067 946 rerum

269 970 347 1005 prius
359 969 469 1004 quaerit,
484 971 511 996 et.
527 966 632 995 deinde
647 966 701 994 hoc
722 965 862 994 desiderio
880 966 1068 1001 prosequitur,

268 1015 334 1043 illud
351 1015 391 1042 ira
409 1014 535 1049 repellit,
556 1013 580 1040 is
600 1012 762 1049 expedietur
785 1018 857 1040 caeca
875 1011 1068 1044 inclinatione,

267 1070 321 1098 qua
339 1060 456 1089 ferimur
470 1060 498 1088 in
515 1058 646 1095 nequitia:
661 1066 785 1095 praeceps
797 1063 826 1087 et
839 1057 983 1094 abyssum.

305 1189 442 1218 “eam”.
465 1189 519 1223 Qui
535 1189 582 1217 dat
596 1189 769 1225 pauperibus,
790 1198 843 1217 non
860 1188 1006 1224 indigebit;
1023 1189 1069 1225 qui

268 1242 357 1264 autem
386 1237 480 1264 avertit
496 1237 602 1264 oculum
615 1245 693 1264 suum
705 1256 713 1267 ,
730 1236 757 1263 in
772 1236 858 1263 multa
878 1236 990 1270 penuria
1002 1236 1066 1263 erit.

269 1283 321 1317 Qui
344 1283 404 1311 sine
427 1283 531 1310 invidia
555 1283 668 1310 divitias
682 1286 709 1310 et
724 1282 871 1310 scientiam
896 1282 1068 1318 pauperibus

272 1330 400 1366 largitur,
421 1330 483 1357 istis
498 1329 581 1357 rebus
597 1336 740 1364 nunquam
762 1328 909 1364 indigebit,
927 1333 955 1356 et
971 1332 1069 1356 centu-

270 1377 345 1412 plum
371 1376 470 1404 horum
488 1383 551 1411 qua:
575 1375 716 1404 distribuit
739 1383 755 1402 a
781 1374 837 1402 Deo
862 1374 987 1410 recipiet.
1013 1374 1066 1408 Qui

270 1431 336 1450 vero
355 1430 404 1450 eos
420 1422 526 1457 spernit
553 1420 761 1456 contemnitque
777 1420 877 1447 animae
899 1423 926 1447 et
940 1420 1068 1456 corporis

271 1469 387 1496 salutem
400 1487 408 1500 ,
429 1468 489 1503 ipse
513 1467 644 1495 omnibus
672 1466 756 1494 rebus
783 1465 817 1493 ad
833 1467 949 1494 salutem
968 1473 1067 1494 neces-

271 1514 354 1542 sariis
376 1514 490 1542 omnino
505 1512 657 1548 indigebit;
679 1514 708 1539 et
727 1511 773 1545 qui
797 1511 915 1546 proximi
945 1518 1000 1538 non
1025 1515 1067 1539 est

270 1561 414 1594 misertus,
431 1558 651 1588 misericordiam
680 1565 696 1585 a
720 1556 776 1585 Deo
801 1557 860 1593 ipse
884 1564 941 1584 non
964 1563 1066 1584 consc-

1121 1556 1219 1609 τηρίαν
1234 1556 1352 1608 ὑπάρξει
1367 1556 1440 1599 κατὰ
1456 1573 1524 1600 πολὺ
1539 1573 1647 1610 ἐνδεής·

271 1611 383 1642 quetur.

312 1727 399 1756 νεκε.
416 1727 463 1755 28.
487 1726 521 1754 In
549 1726 614 1755 locis
630 1725 773 1761 impiorum
795 1729 904 1761 gemunt
925 1724 1016 1760 justi;
1042 1725 1071 1752 iu

271 1775 382 1802 illorum
412 1780 501 1802 autem
527 1773 675 1808 perditione
704 1771 878 1799 abundabunt
904 1771 985 1806 justi.
1015 1770 1068 1798 Ubi

272 1824 388 1857 regnant
400 1820 447 1856 qui
461 1820 545 1848 Deum
558 1819 612 1855 piis
623 1818 755 1855 operibus
767 1825 822 1846 non
834 1818 943 1848 colunt.
955 1821 1069 1852 gemunt

271 1873 299 1894 et
321 1870 505 1895 conteruntur
527 1865 637 1899 sancti;
663 1864 726 1892 istis
746 1868 836 1892 autem
852 1863 971 1891 ducibus
993 1862 1069 1897 justo

272 1913 451 1948 lleijudicio,
479 1913 514 1941 ad
536 1912 651 1940 exitium
669 1911 800 1943 addictis,
823 1915 889 1938 tunc
903 1910 955 1937 viri
967 1909 1068 1946 probi,

272 1960 402 1988 virtutem
417 1960 553 1990 colentes,
569 1958 658 1986 turbae
671 1966 702 1986 se
727 1958 889 1994 adjungent.

1118 262 1168 297 τῆς
1182 260 1278 297 αὔριον
1306 260 1461 296 μεριμνῶν,
1475 259 1523 287 καὶ
1541 259 1580 296 μὴ
1596 259 1735 286 πιστεύων
1748 258 1788 294 τῷ
1806 267 1924 295 προνοη-

1118 309 1151 342 τῇ
1167 307 1280 334 πάντων
1303 305 1375 342 Θεῷ,
1398 305 1468 341 μηδὲ
1482 305 1518 332 τὰ
1533 305 1593 333 καθ’
1609 305 1707 332 ἑαυτὸν
1725 304 1815 340 τούτῳ
1827 306 1925 333 ἀνατι-

1118 353 1186 387 θεὶς,
1199 353 1247 380 ἐπὶ
1259 352 1423 389 πράγμασιν
1438 351 1548 387 ἀδήλοις
1559 352 1648 387 xpt’vet
1666 352 1801 386 ματαίως,
1818 351 1924 384 ἐνδείας

1118 401 1167 428 καὶ
1182 401 1287 436 γήρους
1300 399 1398 436 καιρὸν
1414 399 1634 434 φανταζόμενος·
1649 399 1699 426 καὶ
1710 398 1798 426 ταῦτα
1808 399 1835 426 τί
1850 399 1925 431 τέξε-

1117 455 1164 474 ται
1186 447 1204 482 ἡ
1223 445 1339 473 ἐπιοῦσα
1356 445 1394 480 μὴ
1409 445 1606 480 ἐπιστάμενος,
1626 444 1775 472 κάντεῦθεν
1798 446 1847 481 τῆς
1860 447 1926 473 tau-

1118 491 1166 518 τοῦ
1182 491 1282 527 ἀμελεῖ
1301 491 1451 527 σωτηρίας,
1467 490 1612 526 ἀνηνύτοις
1643 491 1786 526 φροντίσιν
1811 492 1926 527 ἐνασχοο

1119 538 1268 573 λούμενος·
1291 537 1321 569 ὃς
1343 537 1366 564 δ’
1387 536 1430 564 ἐπ’
1446 537 1528 564 αὑτὸν
1551 536 1659 569 ἐλπίζει
1677 537 1723 564 τὸν
1749 537 1797 564 τοῦ
1820 538 1926 568 παντὸς

1120 583 1261 620 Δεσπότην
1285 583 1364 616 Θεὸν,
1387 582 1438 618 τῆς
1466 583 1533 618 παρ’
1548 582 1632 610 αὐτοῦ
1655 583 1784 619 προνοίας
1802 583 1926 618 ἀξιωθή-

1120 635 1208 655 σεται.

1155 682 1213 716 σις’.
1233 684 1283 718 Ὃς
1311 685 1436 712 πέποιθε
1452 684 1577 718 θρασείᾳ
1601 684 1720 719 καρδίᾳ,
1745 686 1762 712 d
1786 684 1926 718 τοιοῦτος

1120 728 1241 766 ἄφρων·
1259 729 1294 764 ὃς
1313 730 1347 757 δὲ
1368 731 1526 765 πορεύεται
1546 732 1653 766 σοφίᾳ,
1677 731 1858 765 σωθήσεται.
1873 733 1927 764 Ὃς

1121 778 1168 805 ἐπὶ
1184 779 1218 813 τῇ
1242 777 1379 813 ἀλογίστῳ
1401 778 1473 813 ὁρμῇ
1496 777 1546 813 τῆς
1570 777 1640 809 ιδίας
1663 777 1769 810 ἐλπίζει
1791 777 1895 813 ψυχῆς,
1911 779 1927 805 ό

1119 824 1241 856 τοιοῦτος
1254 824 1285 851 οὺ
1297 823 1378 860 φέρει
1400 823 1504 859 νόησιν,
1520 823 1570 859 τὴν
1585 823 1735 852 πείθουσαν
1749 824 1780 851 τὸ
1794 824 1843 860 μὲν
1858 825 1928 851 ἐπι-

1121 870 1284 906 θυμητικδν,
1297 869 1345 896 τοῦ
1370 869 1457 902 ὅντως
1470 869 1554 896 καλοῦ
1567 869 1731 905 ὀρέγεσθαι·
1747 869 1779 897 τὸ
1795 869 1823 896 δέ
1838 869 1927 904 θυμι-

1121 917 1180 950 κὸν,
1197 917 1229 944 τὸ
1251 917 1338 948 ὅντως
1352 916 1438 944 κακὸν
1455 916 1694 952 ἀποστρέφεσθαι·
1719 916 1750 948 ὃς
1767 916 1796 943 δὲ
1813 916 1928 952 πρῶτον

1121 963 1194 991 κατά
1204 963 1279 996 νοῦν,
1300 964 1416 998 δυνάμει
1431 962 1530 998 σοφίας
1550 963 1600 995 τὰς
1614 963 1670 990 τῶν
1690 962 1864 998 πραγμάτων
1878 963 1927 990 αῖ-

1119 1010 1181 1042 τίας
1195 1009 1258 1045 ὁρᾷ,
1272 1009 1320 1036 καὶ
1337 1009 1410 1036 οὕτω
1430 1009 1504 1036 κατὰ
1527 1008 1618 1043 λόγον,
1637 1008 1685 1035 τοῦ
1702 1008 1763 1043 μέν,
1781 1009 1842 1035 κατ’
1859 1009 1928 1035 ἐπι-

1123 1056 1227 1092 θυμίαν
1254 1057 1325 1092 ἐρᾷ·
1351 1056 1382 1082 τὸ
1408 1055 1456 1088 δέ,
1489 1055 1560 1082 κατὰ
1585 1054 1670 1090 θυμὸν
1698 1055 1926 1090 ἀποστρέφεται·

1121 1101 1289 1137 ρυσθήσεται
1314 1101 1364 1136 τῆς
1380 1101 1420 1132 είς
1446 1100 1590 1136 κρημνοὺς
1602 1100 1704 1132 κακίας
1723 1100 1772 1127 καὶ
1796 1100 1927 1136 βάραθρα

1120 1145 1258 1181 φερούσης
1274 1145 1420 1180 ἀλογίστου
1439 1146 1539 1181 φορᾶς.

1156 1203 1209 1235 κζ’.
1229 1204 1278 1236 ’ος
1292 1203 1400 1230 δίδωσι
1420 1203 1563 1238 πτωχοῖς,
1581 1204 1636 1230 οὐκ
1649 1203 1878 1238 ὰδεηθήσεται·
1890 1204 1927 1237 ὃς

1119 1249 1154 1277 δὲ
1172 1248 1355 1284 ἀποστρέφει
1371 1249 1426 1276 τὸν
1451 1250 1612 1284 ὀφθαλμὸν
1624 1249 1730 1283 αὐτοῦ,
1756 1248 1793 1276 ἐν
1817 1249 1927 1284 πολλῇ

1118 1295 1230 1328 ἀπορίᾳ
1257 1294 1354 1322 ἔσται.
1389 1295 1439 1326 ’ος
1474 1294 1628 1330 χρημάτων
1663 1295 1712 1322 καὶ
1746 1294 1927 1327 διδασκαλίας

1118 1341 1246 1376 ἀφθόνως
1262 1341 1321 1372 τοῖς
1339 1339 1474 1376 χρῄζουσι
1491 1341 1680 1376 μεταδίδωσιν.
1696 1341 1804 1373 οὐδενὸς
1819 1341 1927 1368 τούτων

1118 1389 1265 1424 γενήσεται
1287 1387 1391 1423 ἐνδεὴς,
1419 1388 1688 1415 ἑκατονταπλασίονα
1715 1385 1753 1415 ὧν
1772 1389 1926 1424 μεταδεδω-

1118 1443 1167 1461 κεν
1189 1434 1280 1466 ἄλλοις
1304 1434 1455 1470 λαμϐάνων
1484 1434 1562 1470 παρὰ
1587 1434 1674 1461 Θεοῦ*
1703 1435 1734 1466 ὃς
1763 1435 1792 1462 δέ
1819 1435 1927 1462 τούτων

1119 1481 1253 1516 ὑπερορᾷ,
1279 1480 1459 1516 καταφρονῶν
1482 1480 1533 1515 τῆς
1562 1481 1634 1508 κατὰ
1658 1481 1738 1517 σῶμα
1763 1482 1811 1508 καὶ
1831 1481 1926 1517 ψυχὴν

1119 1526 1258 1562 σωτηρίας
1281 1526 1383 1557 αὐτῶν,
1408 1525 1519 1552 πάντων
1541 1527 1589 1553 καὶ
1611 1522 1690 1559 οὗτος
1710 1527 1767 1554 τῶν
1787 1528 1855 1564 πρὸς
1871 1537 1927 1556 cur

1669 1574 1764 1610 ἐπειδὴ
1777 1575 1842 1607 τοὺς
1854 1575 1925 1611 ὁμο-

1126 1620 1205 1654 φυεῖς
1223 1619 1274 1646 οὐχ
1285 1618 1414 1654 ἠλέησεν,
1434 1619 1489 1646 οὐδ’
1501 1620 1583 1652 αὐτὸς
1596 1620 1757 1657 ἐλεούμενος
1777 1621 1855 1656 παρὰ
1875 1621 1926 1649 τοῦ

1125 1664 1205 1692 Θεοῦ.

1159 1725 1215 1758 κη’.
1247 1723 1295 1749 Ἐν
1319 1722 1423 1756 τόποις
1444 1722 1563 1750 ἀσεϐῶν
1577 1722 1722 1761 στένουσι
1744 1724 1853 1752 δίκαιοι
1866 1733 1874 1740 ’
1889 1724 1926 1752 ἐν

1123 1767 1158 1795 δὲ
1175 1766 1214 1802 τῇ
1226 1767 1351 1795 ἐκείνων
1361 1768 1505 1802 ἀπωλείᾳ,
1519 1768 1788 1802 πληθυνθήσονται
1801 1769 1925 1798 δίκαιοι.

1129 1814 1174 1841 Ἐν
1189 1815 1249 1846 ταῖς
1266 1814 1372 1850 χώραις
1382 1814 1439 1840 τῶν
1465 1813 1503 1850 μῆ
1522 1814 1557 1841 δι’
1575 1815 1761 1851 ἁγαθοεργίας
1780 1816 1926 1851 τιμώντων

1123 1860 1190 1888 Θεδν
1213 1860 1367 1896 ἡγεμόνων,
1396 1859 1552 1896 θλιϐόμενοι
1584 1861 1761 1893 στενάξουσιν
1787 1863 1813 1888 οἱ
1830 1862 1927 1897 ἀμέμ-

1124 1915 1200 1939 πτως
1217 1906 1440 1942 πολιτευόμενοι·
1458 1906 1559 1933 ὁπόταν
1586 1906 1616 1933 δέ
1638 1907 1721 1943 ψήφῳ
1743 1907 1838 1944 δικαίᾳ
1853 1908 1924 1935 Θεοῦ

1125 1952 1318 1989 παραδοθῶσιν
1329 1953 1354 1979 οἱ
1368 1952 1486 1979 τοιοῦτοι
1499 1953 1617 1989 ἀρχηγοὶ
1631 1953 1746 1990 ὀλέθρῳ,
1761 1955 1809 1982 καὶ
1822 1956 1926 1990 τιμῶν-

270 2013 317 2038 τςς
331 2006 381 2042 τὴν
394 2005 507 2041 ἀρετὴν,
523 2005 565 2036 είς
577 2004 681 2040 πλῆθος
691 2004 873 2032 ἐπιδώσουσιν
887 2003 912 2030 oi
926 2002 1062 2038 ἐνάρετοι·
1083 1999 1177 2035 ἐπειδὴ
1193 1999 1268 2035 φιλεῖ
1290 1999 1329 2031 ὡς
1351 1998 1386 2026 τὰ
1403 1998 1491 2026 πολλὰ
1509 1999 1540 2026 τὸ
1574 2000 1695 2036 ὑπήκοον
1727 2000 1926 2036 συνεξομοιοῦ-

273 2051 336 2079 σθαι
348 2053 405 2084 τοῖς
418 2052 562 2088 ἄρχουσιν.

580 2096 659 2125 CAP.
681 2095 781 2125 XXIX.

308 2166 390 2195 Vsus.
406 2166 432 2194 i.
452 2165 545 2193 Melior
560 2169 600 2192 est
615 2165 656 2192 vir
671 2165 877 2200 correptiomtm,
907 2163 964 2190 viro
995 2163 1070 2190 dura:

1418 2111 1544 2138 ΚΕΦΑΛ.
1561 2111 1627 2139 ΚΘ’.

1156 2171 1191 2196 α’.
1205 2168 1364 2202 Κρείσσων·
1372 2168 1451 2202 ἀνὴρ
1461 2167 1606 2203 ἐλέγχων,
1616 2167 1727 2202 ἀνδρὸς
1738 2169 1926 2202 σκληροτριι-

272 2211 520 2245 οενυὶεἰςενεμσηιε
545 2211 615 2238 enim
631 2210 741 2237 ardente
761 2218 791 2237 eo
816 2218 868 2237 non
891 2213 931 2236 est
954 2209 1067 2236 medela.

1122 2214 1242 2248 χήλου·
1266 2213 1414 2247 ἐξαπίνης
1438 2213 1494 2248 γὰρ
1526 2213 1716 2248 φλεγομένου
1751 2213 1845 2240 αὐτοῦ
1866 2215 1924 2241 οὐκ

274 2255 332 2284 Etsi
347 2255 510 2291 insipienter
525 2254 596 2290 agit,
612 2255 658 2290 qui
672 2254 811 2282 hominem
823 2253 900 2281 durae
913 2253 1031 2280 cervicis
1043 2257 1071 2280 et

273 2302 439 2331 inordinata:
458 2301 594 2337 corripit,
613 2301 666 2329 sibi
683 2301 777 2329 odiutn
792 2300 853 2336 ejus
869 2299 1003 2327 conciliat
1015 2319 1023 2332 ,
1044 2304 1072 2327 et

276 2348 371 2384 pungit
379 2347 466 2384 magis
474 2355 556 2383 quam
566 2350 656 2379 sanat,
665 2352 757 2375 tamen
763 2354 795 2375 ca
803 2346 899 2373 melior
905 2345 1070 2374 est.Etenim

276 2395 324 2429 qui
337 2394 542 2429 correptionent
560 2393 657 2421 audire
676 2396 796 2426 recusat,
810 2397 1011 2428 promptusque
1027 2395 1073 2419 est

276 2440 309 2467 ad
323 2439 498 2468 irascendum
514 2443 627 2474 propter
642 2438 781 2474 propriam
796 2437 987 2473 pertinaciam,
1009 2437 1072 2464 nul-

277 2485 334 2513 lum
353 2485 507 2514 rentedinm
525 2485 568 2513 sui
586 2485 613 2512 in
629 2484 794 2512 tnonitorem
810 2484 866 2512 odii
885 2483 1017 2511 inveniet.

317 2647 398 2677 Vens.
412 2650 441 2677 2.
463 2648 535 2676 Dum
551 2648 700 2676 laudantur
714 2648 794 2683 justi,
816 2648 944 2676 limantur
964 2647 1073 2683 populi;

278 2694 471 2729 imperantibus
488 2701 577 2724 autem
599 2695 701 2730 impiis,
719 2697 826 2731 gemunt
842 2695 903 2722 uiri.
919 2693 1073 2722 Celebratis

279 2740 451 2776 principibus
492 2741 539 2776 qui
574 2741 709 2776 subjectis
744 2741 876 2769 omnibus
906 2748 988 2769 suum
1024 2740 1072 2776 jus

277 2787 421 2820 tribuunt,
456 2787 494 2814 illi
527 2788 702 2821 laetabuntur,
730 2795 820 2823 neque
849 2787 933 2814 ullam
962 2787 1072 2823 dignam

277 2833 396 2868 querelae
411 2840 525 2861 causam
553 2833 704 2861 habebunt.
733 2832 754 2860 E
770 2837 878 2867 contra,
898 2833 1016 2862 laudatis
1030 2837 1073 2869 ty-

279 2879 373 2907 rannis
393 2880 438 2915 qui
460 2878 544 2907 Deum
574 2879 653 2907 Louis
670 2879 800 2914 operibus
817 2887 870 2908 non
887 2884 1069 2913 vom-rantur,

1121 2259 1209 2287 ἔστιν
1226 2258 1320 2292 ἴασις.
1348 2258 1380 2285 Et
1405 2258 1454 2284 καὶ
1475 2258 1703 2293 ἀνεπιστημόνως
1717 2258 1791 2285 ποιεῖ
1809 2259 1825 2285 ό
1845 2258 1926 2294 ἐλέγ-

1121 2314 1178 2342 χων
1191 2305 1236 2332 τὸν
1256 2299 1377 2340 ἀκαμπῆ
1401 2312 1430 2330 τε
1447 2303 1496 2330 καὶ
1522 2303 1721 2337 ἀνυπότακτον,
1746 2304 1787 2336 είς
1811 2304 1842 2331 τὺ
1861 2304 1924 2331 καθ’

1123 2350 1222 2378 ἑαυτοῦ
1239 2351 1319 2386 μῖσος
1332 2349 1477 2385 διεγείρων
1492 2349 1585 2383 αὑτὸν,
1602 2350 1650 2377 καὶ
1675 2349 1803 2385 βλάπτων
1821 2350 1924 2386 μᾶλλον

1122 2397 1139 2432 ἢ
1164 2397 1290 2432 ὠφελῶν,
1319 2396 1377 2424 ἀλλ’
1404 2396 1482 2432 ὅμως
1509 2395 1606 2423 τούτου
1631 2396 1751 2423 καλλίων
1775 2397 1864 2431 ἐστὶν,
1886 2398 1924 2430 ὠς

1123 2443 1254 2478 ἐλέγχους
1281 2441 1398 2468 ἀκοῦσαι
1420 2443 1435 2469 ό
1459 2442 1588 2477 ἀπειθὴς,
1609 2442 1658 2468 καὶ
1680 2441 1750 2478 πρὸς
1770 2443 1855 2479 ὀργὴν
1878 2444 1924 2471 εὑ-

1123 2488 1172 2521 οὺς
1194 2488 1229 2515 δι’
1256 2489 1362 2515 οἰκείαν
1379 2488 1527 2516 αὐθάδειαν
1551 2488 1770 2525 ἐμπυρούμενος,
1793 2489 1922 2524 οὐδεμιᾶς

1123 2535 1273 2571 Θεραπείας
1288 2536 1467 2571 ἐπιτυγχάνει
1495 2535 1542 2562 τοῦ
1558 2535 1628 2572 πρὸς
1647 2534 1693 2562 τὸν
1709 2534 1858 2571 ἐλέγχοντα
1876 2536 1921 2571 μί-

1125 2590 1200 2614 σούς.

1161 2650 1196 2685 β’.
1214 2649 1493 2685 Ἑτκωμιαζομένων
1507 2649 1642 2683 δικαίων,
1653 2649 1922 2685 εὐφρανθήσονται

1123 2696 1194 2724 λαοί
1208 2703 1216 2712 ·
1234 2695 1393 2730 ἀρχόντων
1415 2695 1450 2722 δὲ
1473 2694 1602 2729 ἀσεϐῶν,
1621 2696 1789 2724 στένουσιν
1801 2695 1920 2729 ἄνδρες.

1129 2742 1258 2769 Ἐπαινου
1263 2742 1351 2776 μένων
1362 2741 1505 2777 ἀρχηγῶν,
1521 2742 1606 2768 ἁπονε
1611 2742 1715 2778 μόντων
1726 2741 1757 2769 τὸ
1768 2742 1828 2768 κατ’
1842 2741 1922 2774 ἀξίαν

1123 2786 1233 2822 ἑκάστῳ
1248 2786 1303 2813 τῶν
1318 2786 1365 2813 ὑπ’
1379 2788 1489 2819 αὐτοὺς,
1507 2787 1678 2823 χαρήσονται
1702 2787 1727 2814 ot
1743 2787 1850 2819 τούτοις
1871 2786 1922 2813 ὑπ-

1124 2834 1212 2869 ήκοοι,
1231 2832 1367 2869 μηδεμίαν
1389 2833 1419 2866 ἐξ
1444 2833 1536 2860 αὐτῶν
1562 2833 1652 2869 λύπης
1668 2833 1796 2869 ἀφορμὴν
1811 2833 1921 2867 εὔλογον

1124 2879 1233 2915 ἔχοντες
1247 2887 1254 2896 ο
1272 2879 1491 2915 εὺφημουμένων
1504 2881 1534 2908 δέ
1549 2880 1630 2909 πάλιν
1642 2881 1773 2917 ἀρχηγῶν
1789 2880 1915 2916 κρατοῦν·
