2072 3161
163 137 230 170 1513

673 139 941 170 (ΣΟΜΜΕΝΤΑΒΙΙ
975 140 1015 170 IN
1044 140 1274 172 PROVERBIA.

1733 135 1801 169 15H

159 202 214 220 των
225 193 410 229 τυραννικῶς,
425 195 474 226 καὶ
492 195 529 231 μὴ
554 195 589 223 δι’
612 195 725 230 ἀγαθῶν
746 196 836 232 ἔργων
851 195 955 232 τιμών-

1017 202 1122 232 ;eniunt
1137 198 1188 226 viri
1199 199 1247 234 qui
1259 198 1331 226 mula
1346 198 1400 227 Sibi
1417 197 1451 225 ab
1465 197 1505 225 eis
1522 197 1594 224 illata
1610 196 1744 231 patienter
1759 201 1801 223 to-

159 248 215 267 των
228 239 308 273 Θεὸν,
323 241 500 273 στενάςουσιν
518 242 542 268 οἱ
567 242 700 277 γενναίως
722 243 756 270 τὰ
781 243 846 279 παρ’
869 243 960 270 αὐτῶν

160 284 255 317 αὐτοῖς
273 285 449 321 ἐπερχόμενα
464 286 579 322 λυπηρὰ
592 287 732 322 φέροντες.

196 334 233 365 γ’.
264 331 389 366 Ἀνδρὸς
420 333 586 367 φιλοῦντος
607 334 740 368 σοφίαν,
767 335 961 370 εὐφραίνεται

161 376 261 411 πατὴρ
284 376 398 404 αὐτοῦ’
421 378 457 411 ὃς
480 377 515 405 δὲ
536 379 688 414 ποιμαίνει
712 379 837 414 πόρνας,
853 380 965 408 ἀπο.ίεῖ

161 423 308 450 πλοῦτον.
333 423 387 450 Τοῦ
407 424 542 459 γενναίως
557 425 592 452 τὰ
611 425 684 461 πάοη
700 426 772 453 κατά
794 427 896 461 πρᾶξιν
910 435 961 454 κα-

160 469 392 504 ταπαλαίσαντος,
419 471 568 503 ποθοῦντος
591 471 695 506 γνῶναι
717 472 769 507 τὴν
792 473 884 500 αἰτίαν
906 474 962 502 τῶν

160 514 230 542 ὅλων
245 515 351 550 σοφίαν,
372 515 445 543 κατά
464 516 514 552 τὴν
531 516 561 543 ἐν
588 517 729 552 πνεύματι
753 517 873 554 φυσικὴν
890 518 961 546 θεω-

163 560 225 595 ρίαν
236 559 290 587 τῶν
304 560 401 593 ὄντων,
416 561 464 587 καὶ
478 560 550 588 οὕτω
566 561 635 598 πρὸς
659 561 799 598 σωτηρίαν
814 562 962 598 ἐπειγομέ-

164 614 222 638 νου,
240 606 331 641 χαίρει
345 606 390 633 διὰ
403 606 612 643 φιλανθρωπίαν
631 607 652 633 ὁν
668 607 764 635 τοῦτον
785 608 857 635 κατὰ
881 608 962 644 χάριν

162 650 419 688 υίοθε[τη]σάμενος
435 652 642 688 πανοικτίρμων
654 653 721 685 Θεός
735 661 742 669 °
753 654 769 681 ὁ
782 653 804 680 δ’
815 655 856 686 είς
869 654 964 681 ἐπιθυ-

165 697 231 733 μίας
242 697 403 730 ἀλλοκότους
419 697 621 734 προνοούμενος
630 698 740 732 ἑαυτοῦ,
751 699 899 726 κάντεῦθεν
914 699 962 732 τὰς

164 742 260 779 πόρρω
273 741 321 769 τοῦ
331 741 413 777 λόγου
425 742 557 774 νευούσας
566 743 707 779 αἰσθήσεις
722 745 784 776 ταῖς
797 744 962 780 ὲμπαθείαις

163 788 315 823 ὲκτρέφων,
331 787 479 823 ζημιοῦται
502 788 549 816 τὸν
582 789 652 816 κατὰ
667 789 770 824 γνῶσιν
794 790 842 816 καὶ
862 790 963 826 ἀρετὴν

165 831 355 868 πνευματικὸν
368 832 495 860 πλοῦτον.

1013 245 1112 272 lerunt.

1048 333 1131 361 Vens.
1146 334 1174 361 ὅ.
1207 333 1254 361 Vir
1272 342 1367 362 amans
1381 334 1539 369 sapientiam
1558 333 1680 368 laetiﬁcat
1700 337 1802 367 patrem

1012 388 1088 407 suum
1099 388 1108 412 ;
1116 381 1161 415 qui
1168 384 1263 409 autem
1274 381 1363 414 pascit
1376 380 1536 412 meretrices,
1543 379 1673 413 disperdet
1682 379 1802 407 divitias.

1014 427 1043 454 Si
1066 427 1129 462 quis
1156 427 1301 462 passiones
1317 427 1446 461 operibus
1473 425 1583 454 fortiter
1605 426 1803 459 debellavcrit,

1018 473 1182 508 sapientiam
1201 472 1326 500 omnium
1343 475 1485 508 parentem
1500 479 1673 507 cognoscere
1688 472 1804 500 studue-

1014 517 1069 550 rit,
1095 521 1223 544 naturam
1247 523 1338 544 rerum
1362 516 1504 544 intellectn
1528 516 1694 548 meditando,
1711 516 1805 552 itaque

1013 563 1047 590 ad
1070 563 1186 590 salutem
1204 561 1373 596 peri-exerit;
1402 561 1448 588 ille
1472 561 1572 596 gaudio
1591 565 1619 589 et
1644 559 1732 589 amori
1752 561 1805 589 erit

1016 609 1070 636 Deo
1087 608 1279 641 misericordi,
1296 608 1343 643 qui
1359 615 1423 636 eum
1440 607 1468 635 in
1487 608 1572 635 lilium
1585 608 1674 642 gratia
1689 608 1804 643 adopta-

1014 654 1063 682 vit.
1078 654 1130 688 Qui
1145 662 1211 683 vero
1225 655 1353 690 turpibus
1378 653 1581 690 cupiditatibus
1609 653 1749 690 indulget,
1777 659 1805 681 ct

1013 701 1157 729 all‘ectibus
1180 701 1353 729 sensationes
1377 701 1512 728 rationem
1531 705 1704 728 exctecantes
1718 701 1804 732 fovet,

1014 747 1068 775 iste
1081 747 1192 775 divitias
1208 747 1365 775 intellectus
1379 751 1407 775 et
1423 747 1532 774 virtutis
1547 748 1663 775 amittet.

199 878 231 906 δ’.
247 878 399 911 Βασιλεὺς
418 878 545 911 δίκαιος,
572 879 717 913 ἀνίστησι
740 879 860 915 χώραν·
884 879 963 914 ἀνὴρ

1052 880 1134 910 Visus.
1150 883 1177 910 4.
1199 881 1255 909 Rea:
1274 882 1365 917 justus
1382 882 1458 916 erigit
1478 882 1626 917 regionem,
1655 883 1696 908 vir
1717 887 1804 910 autem

168 924 203 951 δὲ
213 923 389 958 παράνομος
403 923 620 952 κατασκάπτει.
640 925 670 951 ’0
685 924 732 951 τοῦ
751 924 852 956 παντὸς
865 925 965 952 Δεσπό-

164 978 215 1005 της
230 970 277 996 καὶ
300 969 406 1002 δίκαιος
427 969 482 995 τῶν
501 969 571 996 ὅλων
595 970 692 1006 κριτὴς
706 970 782 1002 Θεὸς,
801 970 831 996 τὸ
850 969 904 996 τῶν
918 970 965 997 ἀν-

165 1015 285 1052 θρώπων
301 1016 380 1050 γένος
393 1015 440 1043 τοῦ
464 1015 527 1043 καθ’
549 1016 689 1052 ἁμαρτίαν
708 1017 812 1053 ἐγείρει
835 1016 963 1047 θανάτου,

166 1061 239 1098 πρὸς
254 1061 388 1097 ἐργασίαν
402 1061 457 1088 τῶν
473 1061 557 1088 αὑτοῦ
574 1061 702 1094 ἐντολῶν,
723 1063 785 1094 ταῖς
798 1070 828 1088 τε
840 1061 894 1088 τῶν
917 1069 964 1088 κσ-

166 1106 272 1133 λάσεων
287 1106 426 1139 ἀπειλαῖς,
441 1106 489 1133 καὶ
501 1107 562 1138 ταῖς
576 1106 757 1141 ἐπαγγελίαις
774 1106 829 1133 τῶν
844 1106 963 1141 ἀγαθῶν·

167 1152 182 1177 ὸ
197 1152 226 1179 δὲ
249 1152 294 1179 τὸν
310 1152 402 1186 λόγον,
432 1151 493 1179 καθ’
520 1152 550 1179 ὃν
575 1152 680 1187 γέγονε,
705 1151 831 1188 παραϐὰς
848 1152 964 1187 δαίμων,

166 1200 200 1236 τῇ
223 1198 431 1234 καταγγελτικῇ
457 1198 505 1225 τοῦ
528 1198 601 1226 θείου
622 1198 777 1234 θελήματος
790 1198 917 1234 δυνάμει,
933 1199 966 1234 ἣν

167 1246 245 1282 παρά
274 1245 344 1272 Θεοῦ
370 1245 451 1272 ἔλασε
482 1244 722 1281 παραχρώμενος,
750 1244 899 1272 κάντεῦθεν
926 1245 966 1271 ὢν

169 1291 281 1328 ίσχυρδς
294 1290 343 1318 τοῦ
357 1292 517 1318 κακοποιεῖν
536 1292 600 1323 τοὺς
618 1290 776 1327 αὐθαιρέτῳ
793 1290 891 1326 γνώμῃ
905 1300 967 1318 πει-

168 1337 301 1372 θομένους
322 1337 410 1373 αὐτῷ,
435 1337 497 1365 ἀντὶ
519 1337 566 1364 τοῦ
595 1338 737 1374 συνεργεῖν
757 1338 797 1369 είς
821 1337 871 1372 τὴν
895 1337 967 1364 κατά

167 1383 236 1410 Θεὸν
253 1383 394 1419 ἡμετέραν
411 1382 569 1418 οἰκοδομὴν,
587 1383 714 1419 καθαιρεῖ
738 1383 777 1418 τῷ
795 1382 856 1410 κατ’
869 1383 966 1418 αἴσθηο

170 1438 214 1457 σιν
227 1429 363 1466 ἀπατηλῷ
376 1429 425 1456 καὶ
439 1429 616 1466 προσκαίρως
632 1429 700 1465 ἡδεῖ.

205 1475 236 1504 ε’.
259 1477 311 1509 Ὃς
332 1475 554 1510 παρασκευάζει
569 1475 618 1502 ἐπὶ
641 1476 805 1510 πρόσωπον
824 1475 877 1502 τοῦ
896 1476 966 1502 ἐαυ-

169 1520 223 1548 τοῦ
239 1521 332 1556 φίλου
355 1521 492 1555 δίκτυον,
522 1521 696 1556 περιϐάλλει
715 1521 788 1548 αὐτὸ
811 1521 873 1554 τοῖς
897 1521 967 1548 ἐαυ-

1016 929 1123 964 ἱηὶιιιιιη
1139 928 1264 956 destruit.
1281 929 1364 961 Deus,
1383 928 1431 963 qui
1447 928 1578 955 omnibus
1597 929 1733 956 creaturis
1755 929 1806 956 do-

1015 974 1138 1002 minatur
1163 981 1268 1010 easque
1293 974 1368 1010 juste
1396 973 1513 1008 judicat,
1544 982 1632 1009 genus
1664 975 1805 1003 hominum

1016 1021 1116 1048 avertit
1141 1028 1156 1048 a
1186 1025 1274 1049 morte
1306 1020 1412 1055 peccati
1438 1019 1471 1047 ad
1493 1020 1632 1056 implenda
1650 1028 1700 1049 sua
1729 1028 1806 1048 man-

991 1067 1097 1100 .data,
1137 1066 1196 1094 sive
1235 1066 1318 1094 minis
1346 1066 1556 1099 damnationis,
1586 1066 1645 1094 sive
1681 1066 1807 1094 mercede

1017 1113 1166 1149 promissa.
1184 1112 1315 1140 Diabolus
1328 1120 1406 1145 vero,
1420 1116 1577 1148 contempta
1591 1120 1648 1140 sua:
1658 1112 1807 1140 creationis

1017 1157 1176 1185 conditione
1190 1178 1197 1190 ,
1223 1157 1347 1185 abutitur
1361 1162 1498 1192 potestate
1513 1165 1546 1185 ac
1571 1157 1627 1185 Dco
1644 1162 1757 1193 accepta
1774 1159 1806 1185 ad

1018 1203 1236 1231 annuntiandam
1247 1203 1308 1238 ejus
1322 1204 1504 1236 voluntatem,
1520 1207 1548 1232 et
1561 1204 1644 1240 pollet
1659 1204 1692 1232 ad
1706 1212 1809 1232 nocen-

1016 1250 1083 1276 dum
1098 1249 1257 1278 hominibus
1272 1250 1319 1286 qui
1337 1250 1456 1278 libenter
1470 1250 1522 1286 ipsi
1535 1250 1671 1283 credunt;
1687 1250 1808 1278 aediﬁca-

1018 1295 1085 1324 tioni
1115 1302 1217 1324 nostra
1239 1297 1265 1324 in
1285 1297 1341 1325 Deo
1366 1297 1466 1324 nedum
1491 1297 1604 1329 serviat,
1629 1304 1690 1324 eam
1714 1304 1810 1325 errore

1017 1349 1151 1369 sensuum
1176 1345 1204 1368 et
1222 1341 1353 1369 brevibus
1368 1341 1556 1377 voluptatibus
1570 1341 1666 1370 diruit.

1057 1462 1137 1490 Vens,
1157 1463 1183 1490 .‘i.
1218 1463 1270 1496 Qui
1286 1467 1420 1497 pra-parat
1437 1463 1471 1489 ad
1481 1463 1576 1498 faciem
1592 1464 1634 1490 sui
1647 1464 1726 1491 amici
1746 1470 1809 1496 κισ,

1019 1509 1088 1536 illud
1124 1510 1247 1544 impingit
1282 1510 1338 1536 suis
1364 1509 1483 1544 pedibus.
1515 1509 1604 1537 llomo
1638 1511 1684 1545 qui
1714 1511 1811 1538 dolose

170 1566 223 1594 τοῦ
239 1566 343 1594 ποσίν.
367 1567 414 1599 ⁸ος
433 1566 530 1599 δολίως
547 1566 732 1593 ἐπιδουλεύων
755 1566 796 1602 τῷ
823 1566 966 1602 ἀγαπῶντι

1020 1554 1167 1583 insidiatur
1180 1555 1269 1582 amico
1286 1563 1337 1583 suo
1347 1575 1354 1588 ,
1377 1555 1403 1582 ei
1417 1560 1525 1583 secreto
1552 1563 1655 1591 corpus
1670 1557 1810 1590 vulnerat,

169 1613 262 1647 αὑτδν,
277 1613 365 1648 λάθρα
388 1613 485 1641 πλέκει
510 1614 570 1640 κατ’
591 1613 675 1640 αὐτοῦ
701 1612 806 1648 βλάϐην
827 1612 965 1648 σώματος,

168 1659 184 1686 ὅ
208 1660 266 1686 ἐστι
293 1659 441 1693 πρόσωπον
462 1659 513 1693 τῆς
537 1658 628 1694 ψυχῆς
650 1659 688 1690 ὡς
711 1659 814 1695 ταύτης
828 1668 968 1695 χαρακτη-

169 1704 304 1739 ριστικὸν,
325 1705 386 1731 κατ’
402 1704 546 1740 ἐνέργειαν
572 1704 663 1740 ἑαυτῷ
689 1705 905 1741 προηγουμένως
919 1705 969 1740 τὴν

169 1751 300 1786 τοιαύτην
321 1750 477 1786 περιτίθησι
492 1750 597 1786 βλάϐην
614 1751 685 1778 κατά
699 1751 819 1778 διάνοιαν
831 1760 839 1767 ·
865 1749 899 1788 ἧς
912 1753 968 1785 τοῖς

170 1797 331 1832 κινήμασιν,
348 1796 386 1829 ὥς
405 1805 461 1823 τισι
483 1797 561 1829 ποσὶ,
589 1796 678 1832 διήκει
705 1797 776 1824 κατὰ
792 1797 882 1833 ψυχὴν
899 1798 968 1833 πρὸς

171 1842 329 1870 ἀπώλειαν·
346 1842 440 1869 καὶτὸ
468 1842 518 1878 μὲν
547 1843 680 1878 βλαὸῆναι
708 1843 785 1879 παρά
807 1845 903 1871 τούτου
920 1844 966 1871 τὸν

171 1887 426 1923 ἐπιδουλευὸμενον,
439 1888 547 1923 ἄδηλον,
559 1888 597 1920 ὡς
615 1889 691 1924 παρὰ
707 1890 739 1924 τῇ
758 1889 847 1924 κρίσει
871 1890 966 1925 κείμε-

170 1944 216 1963 νον
233 1936 280 1964 τοῦ
302 1935 388 1964 Θεοῦ·
413 1936 443 1963 τὸ
457 1935 480 1962 δ’
498 1935 625 1962 ἐντεῦθεν
642 1935 724 1962 αὑτὸν
750 1936 794 1970 ὑφ’
811 1935 908 1962 ἑαυτοῦ
931 1935 965 1962 τά

172 1983 291 2018 μέγιστα
311 1981 566 2015 καταϐλάπτεσθαι,
586 1982 720 2018 πρόδηλον
733 1990 739 1998 ·
763 1979 807 2009 οἷα
831 1982 899 2009 Θεοῦ
921 1983 971 2018 τῆς

172 2031 357 2068 θρωποκτόνῳ
372 2030 481 2065 Σατανᾷ
493 2030 717 2066 προστιθέμενον.

207 2083 246 2114 ς’.
259 2078 474 2114 Ἀμαρτάνοντι
492 2077 590 2112 ἀνδρὶ,
601 2078 719 2114 μεγάλη
735 2079 840 2113 παγίς·
855 2077 971 2111 δίκαιος

171 2126 207 2153 δὲ
231 2125 267 2152 ἐν
285 2123 374 2160 χαρᾷ,
400 2123 450 2151 καὶ
475 2123 511 2151 ἐν
533 2124 708 2158 εὐφροσύνῃ
727 2123 822 2151 ἔσται.
850 2124 895 2159 Τῷ
921 2123 971 2160 μὲν

171 2171 297 2199 ’ἡταίοντι
312 2171 383 2198 κατά
398 2171 428 2198 τὺ
447 2169 633 2205 παραϐαίνειν
647 2171 697 2202 τὰς
713 2170 788 2202 θείας
801 2170 909 2202 ὲντολάς
925 2170 972 2197 ἀν-

1018 1600 1117 1628 animaz
1126 1601 1280 1635 speculum,
1290 1607 1318 1629 et
1329 1601 1446 1628 indicem
1457 1602 1519 1635 ;sed
1529 1602 1618 1638 reipsa
1626 1602 1697 1630 idem
1711 1603 1811 1631 vulnus

1019 1646 1072 1673 sibi
1087 1646 1114 1673 in
1130 1646 1224 1674 animo
1245 1647 1323 1682 prius
1346 1647 1455 1683 inﬂigit,
1472 1647 1557 1682 cujus
1575 1648 1791 1684 cogitationibus
1802 1669 1810 1681 .

1020 1692 1099 1727 quasi
1140 1692 1279 1728 pedibus,
1316 1694 1405 1729 pergit
1438 1695 1472 1722 ad
1507 1694 1651 1729 spirituale
1685 1695 1810 1723 exitium.

1021 1738 1100 1773 Quod
1113 1739 1215 1774 petitus
1229 1740 1264 1768 ab
1279 1747 1312 1767 eo
1328 1740 1511 1775 percutiatur.
1528 1741 1661 1769 incertum
1679 1747 1730 1774 est,
1747 1743 1810 1777 quia

1020 1785 1068 1813 Dei
1090 1785 1197 1821 judicio
1223 1792 1400 1819 reservatur;
1427 1787 1501 1822 quod
1524 1788 1584 1824 ipse
1612 1788 1667 1816 sibi
1693 1789 1811 1816 maxima

1020 1832 1092 1859 mala
1110 1831 1210 1860 inferat
1237 1837 1280 1861 est
1296 1833 1425 1868 evidens,
1439 1841 1454 1861 ο
1469 1834 1525 1862 Deo
1541 1835 1587 1870 qui
1618 1834 1675 1870 ipsa
1694 1835 1813 1863 cliaritas

1019 1882 1079 1910 cst,
1096 1885 1126 1905 sc
1140 1882 1230 1906 mcntc
1249 1879 1397 1914 clongavit,
1414 1885 1441 1907 et
1461 1880 1606 1908 homicidae
1622 1881 1731 1909 diabolo
1747 1882 1813 1910 sub-

1017 1922 1107 1957 jectus
1124 1929 1162 1951 οδε
1169 1945 1176 1952 .

995 1982 1171 2018 αὑτοαγάπης
1189 1984 1259 2010 κατὰ
1274 1983 1393 2010 διάθεσιν
1405 1983 1600 2019 ἀφιστάμενον,
1618 1985 1664 2010 καὶ
1698 1985 1737 2020 τῷ
1768 1986 1815 2011 ἀν-

1049 2076 1132 2104 Vens.
1142 2076 1169 2103 6.
1178 2075 1303 2103 Peccanti
1310 2077 1376 2109 uiro,
1386 2085 1497 2113 magnus
1506 2077 1718 2113 taqueus,justus
1727 2084 1813 2106 autem

1026 2124 1052 2152 in
1063 2123 1162 2159 gaudio
1176 2128 1200 2150 et
1217 2123 1311 2150 laetitia
1326 2123 1387 2150 erit.
1401 2123 1567 2152 Cadcntibus
1580 2130 1608 2152 et
1619 2126 1747 2152 mandata
1766 2125 1813 2153 Dei

1029 2170 1257 2206 prietereuntibns
1274 2177 1373 2205 magna
1388 2170 1534 2198 calamitas
1551 2171 1677 2199 imminet
1694 2171 1721 2199 in
1738 2171 1814 2199 futu—

172 2218 285 2253 θρώπῳ,
311 2217 419 2253 μεγάλη
438 2216 561 2252 τιμωρία
585 2216 661 2243 ἔσται
694 2217 765 2243 κατά
782 2217 813 2243 τὸ
829 2217 936 2253 μέλλον,
952 2217 966 2252 ή

1024 2226 1103 2246 rum:
1120 2217 1204 2245 Deum
1229 2224 1387 2252 supremum
1414 2217 1515 2244 bonum
1542 2218 1684 2253 amittere;
1709 2219 1743 2247 iis
1766 2227 1815 2246 au-

171 2265 228 2292 ἀπδ
240 2264 320 2297 Θεοῦ,
345 2263 393 2290 τοῦ
421 2262 539 2299 ἐσχάτου
565 2262 693 2298 ὀρεκτοῦ,
715 2262 869 2295 ἔκπτωσις·
895 2262 934 2298 τῷ
950 2262 974 2289 δ’

171 2310 325 2346 ἀμέμπτως
352 2309 423 2337 κατά
441 2310 491 2341 τὰς
516 2308 600 2336 αὐτοῦ
621 2308 731 2341 ἐντολὰς
758 2309 971 2345 πολιτευομένῳ,

172 2356 333 2391 ἀγαλλίασις
359 2355 407 2382 καὶ
429 2354 594 2386 ἀπόλαυσις,
612 2355 629 2389 ἡ
651 2353 792 2390 ὲπιτυχία,
813 2353 972 2390 τοσοῦτονὴ

172 2402 310 2438 ἀποτυχία
325 2402 418 2428 λυπεῖ.

208 2447 241 2480 ζ’.
264 2447 442 2475 Ἐπίσταται
458 2446 576 2480 δίκαιος
587 2446 703 2480 κρίνειν
715 2446 868 2481 πενιχροῒς
882 2453 888 2460 ·
903 2447 920 2473 ὀ
937 2446 972 2473 δὲ

171 2493 288 2528 ἀσεϐὴς
305 2494 342 2520 οὺ
361 2492 426 2520 νοεῖ
445 2492 561 2528 γνῶσιν
573 2500 581 2507 ε
610 2491 662 2519 καὶ
677 2491 784 2526 πτωχῷ
806 2493 863 2527 οὺχ
878 2491 972 2526 ῠπάρε

172 2549 219 2575 χει
231 2540 306 2573 νοῦς
324 2537 510 2575 ἐπιγνώμων.
529 2537 608 2566 Οἶδεν
621 2539 781 2571 ἀπταίστως
805 2540 820 2566 ὁ
834 2539 881 2566 τὸν
904 2538 971 2566 Θεὸν

172 2586 265 2622 ἔργοις
297 2585 473 2620 δικαιοσύνης
508 2584 619 2620 τιμῶν,
660 2583 884 2612 ἀπώιαστὲλλειν
915 2584 972 2612 τῶν

172 2630 337 2668 κρειττόνων
358 2630 393 2658 τὰ
416 2629 542 2666 χείρονα,
564 2627 609 2657 οἷα
634 2629 823 2665 διαγινώσκων
845 2629 900 2657 ἀπὸ
920 2629 972 2665 τῆς

172 2678 271 2714 πείρας
287 2676 334 2705 τοῦ
349 2676 455 2712 ἀγαθοῦ
471 2676 502 2703 τὸ
521 2676 618 2704 τούτου
633 2677 756 2704 ἐναντίον
779 2676 864 2704 κακόν
875 2686 882 2693 δ
906 2677 920 2703 ὁ
943 2677 971 2704 δὲ

174 2726 212 2761 μὴ
227 2724 300 2752 οὕτω
313 2723 409 2751 τοῦτον
421 2723 521 2760 τιμῶν,
543 2723 579 2751 τά
602 2723 657 2751 ἀπὸ
679 2723 777 2751 τούτου
797 2723 972 2759 μακρύνοντα

171 2771 342 2806 διανοήματα
356 2769 404 2797 τοῦ
418 2770 576 2805 ἀρχεκάκου
593 2768 693 2805 ἐχθροῦ
715 2769 820 2804 ἀγνοεῖ,
836 2770 884 2796 καὶ
914 2768 972 2796 τού-

173 2824 230 2848 τοις
240 2816 382 2843 ἁλίσκεται
397 2815 466 2852 πρὸς
487 2814 628 2843 ἀπώλειαν
640 2821 648 2829 ⁸
663 2814 711 2842 καὶ
725 2814 766 2850 τῷ
783 2814 908 2842 ἐντεῦθεν
920 2823 971 2841 κα-

174 2861 208 2889 τὰ
223 2861 323 2897 γνῶσιν
343 2860 522 2896 πτωχεύοντι,
538 2861 589 2888 οὐκ
611 2859 669 2886 ἔστι
694 2859 758 2892 νοῦς
781 2860 972 2896 ἐπιγινώσκων

341 2909 480 2939 Pnnot.
501 2908 560 2939 Gn.
586 2908 777 2939 LXXXVII.

1025 2268 1079 2292 tem
1098 2264 1145 2299 qui
1160 2268 1225 2290 sunt
1242 2263 1501 2299 irreprchensibilcs
1514 2264 1591 2298 juxta
1608 2265 1735 2293 mandata
1751 2269 1814 2292 tan-

1023 2316 1078 2339 tam
1087 2311 1299 2339 exsultationetn
1314 2315 1342 2338 ct
1353 2310 1510 2338 lruitioncm
1529 2311 1625 2339 tribuit
1638 2311 1700 2339 l'clix
1713 2313 1813 2344 exitus,

1022 2362 1152 2393 quantam
1169 2357 1310 2385 tristitiam
1332 2357 1426 2385 inlelix
1440 2361 1563 2385 eventus.

1059 2448 1143 2476 Vens.
1161 2448 1187 2474 7.
1211 2447 1291 2475 Novit
1304 2449 1395 2483 justus
1417 2448 1541 2483 judicare
1559 2448 1739 2483 pauperibus;
1764 2450 1815 2476 im-

1022 2495 1082 2529 pius
1095 2499 1184 2522 aulem
1200 2503 1252 2521 non
1265 2494 1364 2529 cogitat
1382 2494 1532 2526 scientiam,
1548 2498 1573 2522 et
1591 2495 1662 2527 inopi
1673 2503 1724 2522 nou
1746 2495 1814 2523 inest

1023 2549 1096 2568 mens
1120 2548 1289 2576 cognoscens.
1307 2540 1389 2567 Novit
1405 2541 1451 2575 qui
1469 2539 1555 2568 Deum
1577 2541 1707 2576 operibus
1729 2542 1814 2577 justis

1024 2585 1152 2617 honorat,
1175 2588 1235 2612 tute
1250 2584 1408 2612 discernere
1425 2584 1519 2621 pejora
1534 2593 1548 2612 a
1568 2586 1729 2616 melioribus
1740 2607 1748 2620 ,
1765 2588 1814 2624 qui

1022 2638 1055 2658 cx
1087 2630 1257 2666 experientia
1277 2630 1344 2658 boni
1376 2630 1473 2659 didicit
1505 2633 1678 2660 contrarium
1710 2635 1812 2662 malum

1023 2684 1183 2712 agnoscere.
1215 2676 1268 2709 Qui
1304 2685 1370 2705 vero
1409 2676 1494 2705 Deum
1523 2686 1578 2706 non
1607 2679 1647 2707 sic
1674 2679 1813 2712 bonorat,

1023 2723 1140 2758 ignorat,
1158 2723 1274 2751 consilia
1300 2724 1413 2758 pessimi
1437 2724 1542 2754 inimici
1567 2732 1582 2752 a
1608 2725 1665 2754 Deo
1682 2734 1733 2755 nos
1746 2727 1814 2755 alie-

1022 2769 1125 2802 nanlis,
1151 2768 1239 2804 iisque
1264 2769 1403 2804 periturus
1415 2770 1615 2806 capitur:liuic
1631 2771 1735 2800 homini
1752 2781 1814 2800 mo-

1022 2814 1091 2842 dica:
1108 2814 1231 2842 scientia:
1249 2814 1417 2851 relinquitur
1432 2815 1587 2845 intellectus
1598 2825 1652 2846 non
1666 2818 1698 2846 ad
1712 2825 1814 2854 cogno-

1024 2861 1156 2889 scendum
1171 2860 1255 2889 Deum
1275 2861 1388 2896 bonum,
1413 2863 1462 2891 sed
1491 2863 1524 2890 ad
1541 2864 1764 2892 calumniandum
1779 2865 1813 2893 de

1613 2910 1651 2941 48
