2072 3161
310 139 378 173 15ζό

989 145 1167 177 PROCOPII
1187 146 1310 178 GAZJE'I

1885 157 1980 190 1516

308 197 491 231 crudelitate,
511 197 547 226 ob
572 198 709 228 dimcilem
740 200 932 230 mandatorum
958 202 1092 230 observan

1159 203 1205 230 τὸν
1220 204 1324 240 Κύριον
1333 205 1437 239 ἀγαθόν
1447 215 1454 222 ·
1475 205 1543 235 ἀλλὰ
1559 208 1710 237 διαϐάλλων
1723 212 1804 240 αὐτὸν
1816 213 1855 246 ὡς
1870 216 1951 252 σκλη
1960 231 1981 236 -

308 243 386 270 tiam.

345 333 427 362 Vens.
446 335 473 363 8.
509 333 566 362 Viri
590 334 674 370 iniqui
697 341 856 363 exusserunt
879 336 1033 369 civitatem,
1060 344 1104 364 sa-

307 382 406 415 pientes
431 387 519 409 autem
543 386 694 410 averterunt
718 383 797 410 iram.
824 381 988 416 Sermones,
1005 387 1102 410 contra

308 427 400 454 divina
415 431 551 463 praecepta
568 428 670 455 acriter
686 427 848 456 circumfusi
862 428 889 456 in
905 432 1007 463 mente,
1023 429 1102 464 quasi

310 474 337 500 in
355 473 441 505 urbe,
457 473 616 502 hominibus
630 474 715 501 irasci
739 481 799 502 eam
820 479 939 510 cogunt;
956 482 1027 510 quos
1050 474 1101 502 bo-

308 520 399 548 mines
424 519 470 546 alii
491 527 635 548 sermones
657 519 705 547 Dei
729 519 831 548 timore
854 520 956 548 ibidem
981 521 1050 548 moti
1067 521 1101 548 ad

308 566 539 601 tranquillitatem
565 565 719 598 reducunt,
737 566 844 594 leniunt
865 566 1005 599 animam,
1023 572 1101 594 eatu-

307 620 361 647 que
377 612 572 639 tumultuatem
589 616 782 647 compescunt.

343 657 416 685 Vsus
442 658 469 686 9.
493 657 539 684 Vir
553 658 659 692 sapiens
677 657 809 692 iudicabit
828 662 936 694 gentes;
953 658 994 685 uir
1010 662 1099 686 autem

306 711 448 731 succensus
475 703 623 737 deridetur,
648 709 673 731 et
701 712 754 731 non
780 709 870 731 terret.
892 704 981 732 Homo
997 704 1098 733 ductus

306 751 407 778 timore
423 750 544 783 Domini,
570 750 617 786 qui
630 755 671 778 est
687 751 797 778 initium
816 751 970 786 sapientiae,
985 755 1013 779 et
1029 751 1098 779 bene

305 805 406 833 agens,
425 798 496 825 duas
509 797 657 825 distinctas
670 798 816 833 passiones
835 799 1005 831 moderatur,
1018 798 1097 833 cupi-

307 844 420 871 ditatem
439 848 466 871 et
492 844 582 878 iram;
605 845 705 879 quibus
728 844 881 872 secundum
900 845 1034 872 rationem
1049 845 1100 872 do-

306 896 402 917 cemur
437 898 567 926 superare
593 890 725 926 impetmn
757 892 948 926 voluptatum,
976 895 1003 918 et
1030 891 1100 918 iram

305 935 449 963 tolerando
475 943 626 963 mrumnes.
655 936 804 972 Operarius
828 941 919 964 autctn
946 936 1101 972 iniquitatis

304 981 332 1009 in
353 989 452 1009 vanum
488 982 575 1011 iratus
599 982 676 1010 fratri
709 990 760 1011 suo
779 983 903 1011 illuditur
943 990 958 1010 a
987 982 1099 1014 Satana,

303 1035 358 1055 non
377 1032 487 1056 veretur
517 1029 609 1057 dicere
631 1029 734 1065 quibus
762 1030 920 1058 saucientur
944 1029 1058 1062 animae,
1073 1033 1100 1058 et

304 1074 398 1102 odium
414 1075 466 1102 sibi
482 1078 657 1111 congeratur.

343 1162 423 1191 Vens.
441 1163 486 1191 io.
512 1163 569 1190 Viri
583 1165 744 1200 sangut'mtm
760 1164 904 1199 participes
923 1163 983 1191 odio
999 1163 1096 1191 habent

303 1214 436 1243 sanctum,
449 1210 516 1237 recti
536 1215 624 1237 autem
636 1211 778 1246 exquirunt
806 1211 923 1237 animum
954 1211 1021 1245 ejus.
1043 1210 1095 1243 Qui

304 1255 436 1282 l'ratribus
448 1255 517 1287 suis,
535 1256 614 1290 quasi
630 1256 788 1291 iniquitatis
804 1256 952 1291 operariis,
982 1256 1095 1289 instant,

302 1308 406 1336 eosque
420 1301 569 1329 crudeliter
581 1305 710 1337 quaerunt
725 1302 894 1334 interﬁcere,
924 1303 1014 1330 virum
1039 1310 1096 1330 sua:

303 1347 389 1382 ipsius
403 1347 466 1374 vitae
483 1355 537 1375 non
554 1351 715 1383 parcentem
733 1347 767 1375 ad
777 1348 952 1381 salvandum,
964 1356 1019 1376 non
1036 1355 1096 1376 sus-

303 1392 443 1424 linebunt,
459 1394 523 1427 quia
548 1393 604 1420 illis
620 1392 810 1421 contradicit:
839 1393 972 1421 Homines
1001 1397 1095 1422 autem

302 1438 330 1464 in
349 1446 378 1465 se
392 1438 462 1466 bene
476 1438 601 1474 dispositi
621 1439 696 1467 illius
716 1439 838 1466 animum
855 1440 930 1468 intus
946 1440 1096 1468 abscondi-

302 1489 360 1512 tum
380 1484 586 1520 deprehendere
605 1484 756 1513 studebunt
769 1493 850 1521 quem
871 1485 1029 1514 imitentur.

339 1582 422 1610 Vens.
443 1583 487 1610 il.
519 1582 614 1610 Totam
637 1584 705 1611 iram
735 1593 812 1612 suam
829 1585 931 1621 pro/ert
956 1586 1093 1622 insipiens,

301 1630 408 1664 capiens
426 1634 514 1656 autent
528 1630 665 1665 dispensat
685 1638 731 1666 per
749 1635 863 1665 partem.
888 1632 957 1660 Cum
989 1638 1094 1668 partem

303 1677 522 1704 irrationabilem
540 1677 641 1704 animae
665 1678 818 1705 secundum
835 1678 970 1706 rationem
994 1679 1095 1714 aliquis

302 1731 356 1751 non
375 1723 454 1759 refgit,
469 1728 506 1757 et,
526 1724 717 1760 qualicunque
742 1725 817 1752 illata
839 1725 941 1760 injuria
966 1725 993 1753 in
1011 1726 1093 1753 verba

301 1773 329 1797 et
343 1777 426 1804 opera
444 1769 580 1797 iracunda
598 1770 764 1805 prorutnpit,
784 1771 836 1798 iste
852 1771 974 1799 ostendit
989 1777 1094 1807 quanta

302 1816 337 1844 sit
351 1816 452 1852 cupido
467 1816 617 1853 aﬂligcnlcs
627 1825 661 1845 se
674 1817 821 1853 aﬂligendi.
840 1817 894 1845 Sed
919 1826 984 1846 cum
1014 1819 1094 1846 intel-

302 1863 427 1890 lectualis
460 1862 563 1891 tuentis
599 1864 701 1891 oculus
733 1863 822 1898 gratia
851 1863 940 1891 sancti
972 1863 1094 1898 Spiritus

301 1908 485 1940 illutninatur,
504 1912 532 1936 et
548 1908 623 1944 quod
639 1909 830 1936 necessarium
849 1913 892 1937 est
912 1909 998 1942 videt,
1028 1913 1094 1937 tunc

301 1955 369 1982 iram
383 1955 463 1982 homo
471 1955 578 1982 ratione
587 1955 758 1991 comprimit,
769 1955 844 1983 illam
857 1956 974 1991 singulis
984 1956 1094 1991 injuriis

299 2001 502 2034 arconnnodat,
526 2001 593 2029 Jnia
619 2001 807 2030 hisomnibus
818 2001 917 2029 fortior
932 2008 984 2030 est.

334 2086 418 2116 Vens.
434 2088 478 2117 12.
486 2087 730 2125 .Regeexandiente
744 2090 850 2118 verbum
864 2091 994 2126 iniustum
1004 2111 1012 2124 ,
1032 2100 1094 2120 eom-

298 2142 343 2161 nes
357 2135 402 2169 qui
420 2134 467 2161 sub
484 2143 515 2162 eo
541 2135 634 2171 iniqui.
652 2136 885 2170 Quemadmodum
916 2145 948 2165 ex
977 2138 1094 2166 homini-

1160 249 1218 284 ρον,
1239 250 1286 278 διὰ
1299 251 1329 278 τὸ
1344 252 1478 281 ἐπίπονον
1493 254 1542 290 τῆς
1561 255 1693 291 ἐργασίας
1709 257 1764 285 τῶν
1777 259 1862 287 αὑτοῦ
1879 249 1979 289 two.-

1156 293 1220 322 λῶν.

1191 340 1225 376 η’.
1243 341 1369 378 ’Ἄνδρες
1396 343 1503 379 ἄνομοι
1532 346 1704 379 ἐξέκαυσαν
1729 350 1840 377 πόλιν·
1862 353 1972 387 σοφοὶ

1154 387 1190 414 δὲ
1213 388 1413 424 ἀπέστρεψαν
1428 392 1532 427 ὀργήν.
1567 394 1598 420 Οἱ
1622 395 1698 430 παρὰ
1722 396 1771 431 τὴν
1785 397 1862 425 θείαν
1877 400 1968 427 ἐντο-

1154 433 1213 469 λὴν,
1225 434 1264 466 ὡς
1276 434 1305 461 ἐν
1315 444 1369 463 τινι
1384 437 1462 464 πόλει
1479 439 1512 474 τῇ
1536 437 1609 475 ψυχῇ
1635 440 1758 476 θρασέως
1773 444 1969 480 στρεφόμενοι

1153 481 1289 517 λογισμοὶ,
1316 483 1379 510 κατ’
1404 484 1559 520 ἀνθρώπων
1587 486 1690 523 ταύτην
1709 488 1845 525 ἐξέμηναν
1859 498 1865 505 ·
1889 493 1966 519 τοὺ-

1152 535 1215 559 τους
1237 527 1266 554 δὲ
1278 529 1303 554 οἱ
1318 528 1385 565 θείῳ
1404 530 1479 566 φόϐῳ
1499 532 1528 558 ὲν
1539 532 1609 568 αὐτῇ
1625 533 1792 569 κινούμενοι,
1814 537 1854 568 εἰς
1866 538 1964 573 γαλή-

1151 582 1201 609 νην
1217 575 1417 611 μετέστρεψαν,
1439 578 1702 614 εἰρηνοποιήσαντες
1717 581 1814 617 αὐτὴν.
1839 584 1886 610 καὶ
1905 586 1958 611 τὸν

1151 619 1272 655 τάραχον
1283 620 1331 647 τοῦ
1351 621 1438 657 θυμοῦ
1452 623 1685 658 κατασϐέσαντες.

1186 665 1218 693 θ’.
1237 666 1324 702 Ἀνὴρ
1340 669 1448 703 σοφὸς,
1465 669 1561 704 κρίνει
1581 671 1654 706 ἔθνη
1669 681 1677 688 ”
1692 673 1772 708 ἀνὴρ
1785 674 1821 701 δὲ
1830 676 1944 710 φαῦλος

1150 711 1352 748 ὀργιζόμενος,
1368 715 1579 750 καταγελᾶται,
1593 719 1644 745 καὶ
1665 721 1702 747 οὐ
1728 722 1945 756 καταπτήσσει.

1157 757 1186 784 '0
1200 758 1266 794 θείῳ
1282 759 1370 796 φόϐῳ,
1381 761 1414 793 ὃς
1427 761 1500 798 ἀρχὴ
1516 764 1614 798 σοφίας
1634 766 1706 799 ἐστὶ,
1730 767 1761 793 τὸ
1778 767 1881 802 ἀγαθὸν
1898 770 1952 805 ὲρ-

1151 804 1312 841 γαζόμενος,
1338 807 1449 840 κολάζει
1473 810 1507 836 τὰ
1524 810 1662 846 ἀλλόφυλα
1677 812 1764 848 πάθη,
1790 814 1840 850 τὴν
1855 804 1954 842 ἐπιθυ-

1154 851 1219 886 μῖαν
1233 852 1280 878 καὶ
1294 853 1341 880 τὸν
1358 853 1444 889 θυμόν
1456 862 1462 869 '
1479 855 1552 883 κατὰ
1576 856 1656 891 λόγον
1679 858 1820 891 πειθοντα,
1836 860 1886 896 τὴν
1900 861 1955 896 μὲν

1152 896 1311 932 ἐπιθυμίαν,
1333 899 1388 926 τῶν
1403 900 1506 935 ἡδονῶν
1524 901 1744 938 ἐγκρατεύεσθαι
1757 912 1766 920 ”
1785 905 1831 932 τὸν
1844 906 1874 933 δὲ
1900 907 1957 933 θυ-

1153 941 1214 977 μὸν,
1228 943 1262 970 τὰ
1275 943 1394 980 ὀδυνηρὰ
1407 945 1556 982 ὑπομένειν
1569 956 1576 963 ·
1601 949 1616 975 ὁ
1631 949 1659 976 δὲ
1676 949 1726 985 τῆς
1742 951 1843 982 κακίας
1865 952 1958 988 ἐργά-

1150 997 1211 1022 της,
1238 989 1300 1025 εἰκῆ
1330 991 1391 1017 κατ’
1418 992 1536 1028 ἀῆελφοῦ
1561 993 1749 1030 ὀργιζόμενος,
1779 997 1959 1032 ἑμπαίζεται

1151 1034 1203 1061 ὑπὸ
1224 1036 1271 1062 τοῦ
1287 1036 1414 1064 Σατανᾶ·
1438 1039 1486 1065 καὶ
1513 1040 1563 1075 οὐχ
1588 1041 1783 1069 ὑποστέλλεται
1808 1043 1898 1078 λέγων
1917 1046 1959 1073 τὰ

1149 1081 1303 1116 πλήττοντα
1315 1082 1415 1118 ψυχὰς,
1431 1085 1479 1112 καὶ
1491 1085 1532 1117 εἰς
1545 1087 1625 1121 μῖσος
1639 1086 1737 1114 ἑαυτοῦ
1749 1088 1835 1121 αὑτὰς
1847 1089 1958 1125 διεγείο

1149 1135 1244 1162 ροντα.

1183 1176 1209 1200 ι’.
1224 1173 1346 1208 Ἄνδρες
1355 1175 1488 1210 αιμάτων
1498 1177 1631 1212 μέτοχοι,
1639 1179 1834 1213 μισήσουσιν
1846 1180 1955 1209 ὅσιον·

1147 1220 1175 1246 ot
1191 1219 1225 1246 δὲ
1255 1221 1353 1254 εὐθεῖς
1375 1221 1579 1257 ἐκζητήσουσι
1603 1224 1711 1260 ψυχὴν
1732 1227 1837 1254 αὐτοῦ.
1854 1228 1886 1254 Οἱ
1909 1228 1955 1260 ὡς

1145 1266 1201 1298 τοῖς
1224 1265 1342 1301 ἀνομίας
1365 1267 1508 1303 ἐργάταις,
1524 1271 1581 1302 τοῖς
1605 1270 1732 1306 ἀδελφοῖς
1756 1272 1952 1308 ἐπιτιθέμενοι

1147 1311 1194 1338 καὶ
1218 1312 1343 1348 φθείρειν
1368 1314 1481 1346 τούτους
1505 1316 1700 1353 ἀπανθρώπως
1727 1319 1951 1355 ἐπιχειροῦντες,

1144 1356 1191 1384 τὸν
1204 1358 1274 1394 ὑπὲρ
1290 1360 1341 1395 τῆς
1369 1361 1508 1396 σωτηρίας
1523 1362 1585 1397 μηδ’
1609 1364 1695 1399 αὐτῆς
1720 1365 1880 1401 φειδόμενον
1895 1367 1952 1402 τῆς

1145 1403 1230 1440 ζωῆς,
1250 1405 1523 1443 ἀποστραφήσονται,
1538 1409 1635 1446 ἐπειδὴ
1648 1411 1826 1447 ἀντιπράττει
1840 1414 1950 1445 αὐτοῖς·

1144 1450 1169 1476 οε
1183 1451 1206 1477 δ’
1222 1449 1251 1478 εὖ
1270 1451 1410 1488 τιθέμενοι
1421 1454 1456 1480 τὰ
1480 1455 1597 1488 ἑαυτῶν,
1615 1457 1782 1484 καταλαϐεῖν
1796 1459 1952 1487 σπεύσουσι

1108 1502 1131 1532 c
1149 1497 1318 1532 μιμητικῶς,
1343 1498 1394 1534 τὴν
1417 1500 1490 1528 κατὰ
1511 1502 1601 1538 ψυχὴν
1625 1504 1823 1540 κεκρυμμένην
1847 1505 1950 1533 τούτου

1146 1543 1278 1573 διάθεσιν.

1182 1594 1226 1618 ια’.
1246 1592 1340 1619 ὀλον-
1361 1592 1416 1620 τὸν
1437 1595 1535 1629 θυμὸν
1557 1595 1653 1622 αὐτοῦ
1675 1596 1794 1632 ἐκφέρει
1818 1598 1926 1633 ἄφρων
1940 1606 1949 1612 ·

1146 1637 1243 1672 σοφὸς
1264 1638 1300 1664 δὲ
1315 1640 1482 1673 ταμιεύεται
1501 1641 1577 1668 κατὰ
1591 1641 1696 1676 μέρος.
1717 1643 1746 1670 '0
1761 1644 1798 1680 μὴ
1814 1645 1886 1671 κατὰ
1899 1645 1951 1672 λό-

1145 1689 1195 1716 γον
1211 1682 1243 1708 τὸ
1258 1683 1310 1717 τῆς
1328 1683 1419 1719 ψυχῆς
1435 1684 1532 1719 ἄλογον
1555 1686 1639 1722 μέρος
1662 1687 1889 1722 καθυποτάσσων,
1903 1690 1952 1725 μὴ

1146 1727 1238 1763 φέρων
1264 1728 1356 1755 ὁποῖον
1371 1729 1404 1756 ἂν
1426 1731 1469 1765 εἴη
1495 1731 1525 1757 τὸ
1545 1731 1622 1767 παρά
1644 1741 1721 1765 τινος
1744 1735 1951 1770 ὲπισυμϐαῖνον

1146 1773 1220 1809 αὑτῴ
1230 1773 1373 1810 Δθλιϐερδν,
1382 1775 1503 1811 όργίλοις
1510 1778 1618 1813 ῥήμασί
1630 1787 1660 1806 τε
1679 1779 1726 1806 καὶ
1735 1779 1827 1815 ἔργοις
1836 1781 1951 1815 αὐτοῖς,

1145 1821 1261 1856 φανεροί
1273 1821 1341 1856 ὅσην
1354 1820 1412 1857 ἔχει
1426 1822 1475 1858 τὴν
1489 1823 1584 1859 ὄρεξιν
1595 1826 1644 1861 τῆς
1652 1825 1723 1852 κατὰ
1739 1825 1787 1852 τοῦ
1801 1826 1951 1862 λυπήσαν-

1144 1873 1191 1897 τος
1203 1865 1299 1893 τοῦτον
1312 1867 1522 1904 ἀντιλυπήσεως
1533 1879 1541 1885 ν
1556 1871 1570 1897 ὁ
1590 1870 1619 1897 δὲ
1636 1871 1666 1897 τὸ
1679 1872 1771 1907 νοερὸν
1783 1873 1832 1908 τῆς
1851 1874 1950 1910 ψυχῆς

1144 1910 1222 1946 δμμα
1235 1913 1267 1947 τῇ
1281 1913 1374 1948 χάριτι
1384 1914 1432 1940 τοῦ
1441 1916 1577 1949 παναγίου
1592 1916 1752 1952 Πνεῦματος
1763 1923 1948 1956 πεφωτισμέ-

1144 1966 1199 1989 νος,
1219 1958 1266 1985 καὶ
1282 1959 1312 1986 τὸ
1328 1959 1389 1987 δέον
1409 1961 1492 1997 ὁρῶν,
1517 1962 1588 1998 λόγῳ
1606 1963 1653 1990 τὸν
1669 1964 1755 2000 θυμὸν
1764 1966 1944 2001 ὑποτάσσων,

1145 2004 1291 2031 συστέλλει
1304 2005 1401 2033 τοῦτον
1425 2007 1487 2033 καθ’
1503 2008 1619 2035 ἕκαστον
1645 2010 1701 2036 τῶν
1730 2011 1875 2048 θλιϐερῶν,
1893 2011 1945 2042 οἷς

1143 2049 1213 2075 πᾶσι
1226 2050 1333 2082 τούτοις
1348 2053 1481 2086 γενναίως
1495 2055 1682 2091 ὲγκαρτερῶν.

1183 2095 1226 2130 ιβ’.
1242 2097 1396 2131 Βασιλέως
1406 2098 1612 2134 ἐπακούοντος
1627 2102 1722 2136 λόγον
1731 2103 1848 2137 ἄδικον,
1863 2106 1944 2132 πᾶν·

1143 2150 1194 2175 τες
1216 2143 1243 2169 οἱ
1267 2143 1319 2170 ὑπ’
1334 2144 1429 2171 αὐτὸν
1445 2145 1624 2182 παράνομοι.
1640 2147 1746 2185 ’Ὠσπερ
1768 2151 1842 2182 τινὸς
1862 2151 1941 2186 βασι-

298 2180 361 2213 bus,
378 2189 440 2216 rege
460 2182 576 2209 consilia
586 2181 653 2210 viris
665 2182 760 2218 probis
775 2183 906 2218 opposita
916 2180 1088 2217 admittente,

1146 2188 1268 2221 λεύοντος
1290 2190 1462 2226 ἀνθρώπων,
1485 2176 1709 2229 παραδεχομένου
1731 2176 1874 2234 δποθήκην
1897 2199 1941 2234 τῷ

297 2235 394 2255 (ιιιιιιεε
412 2226 556 2255 inferiores
574 2227 648 2256 docti
665 2229 699 2256 ab
714 2236 747 2256 eo
764 2229 913 2265 illegitima
925 2235 1089 2266 operantur;

295 2274 337 2301 sic
357 2274 401 2301 ubi
418 2274 513 2309 regina
531 2276 656 2302 omnium
676 2275 775 2303 animae
796 2276 981 2311 potentiarum
1009 2278 1091 2306 intel-

297 2320 409 2356 ligentia
426 2320 500 2348 cedit
515 2321 714 2349 tentationibus
731 2321 834 2349 diaboli
846 2326 943 2350 contra
956 2324 1091 2351 mandata

297 2366 357 2400 Dei,
369 2375 465 2395 onmes
487 2371 637 2402 potestates
651 2368 791 2403 praedictae
807 2368 940 2403 praedicta
957 2369 1086 2398 mandata

297 2413 549 2449 transgrediuntur,
567 2418 595 2442 et
607 2414 680 2442 male
696 2421 855 2450 operantur.

331 2503 415 2531 Vens.
430 2504 472 2532 l3.
495 2503 697 2533 Feneratoreet
712 2505 828 2532 debitore
841 2506 951 2534 invicem
976 2515 1089 2534 concur-

297 2550 416 2578 rentibus
431 2551 611 2578 visitationem
628 2552 765 2587 utriusque
784 2552 848 2587 facit
861 2553 1002 2584 Dominus.
1021 2555 1089 2582 Ani-

297 2604 352 2629 ma,
369 2597 425 2624 vita
441 2597 516 2624 carni
535 2597 679 2633 inspirata,
694 2599 773 2633 quasi
795 2598 920 2626 debitum
935 2601 1038 2636 repetit
1059 2605 1088 2628 ut

297 2642 349 2670 sibi
372 2641 406 2669 ad
422 2642 610 2676 pulcherrima
637 2643 674 2670 sit
688 2643 764 2671 socia
790 2651 894 2679 operis,
921 2646 1087 2680 quibusdam

295 2694 361 2715 vero
370 2688 445 2715 curis
478 2689 592 2716 omnino
619 2688 737 2717 distrahi
751 2697 806 2717 non
827 2691 901 2724 vult;
918 2691 959 2719 sic
971 2697 1000 2719 et
1019 2699 1086 2720 caro

295 2732 465 2768 providentia
481 2734 580 2761 animae
595 2739 656 2769 eget
676 2735 711 2762 ad
728 2743 807 2763 suam
832 2739 1085 2772 conservationem,

292 2781 317 2807 ei
333 2787 398 2807 vero
416 2779 530 2807 omnino
544 2780 657 2808 obedire
679 2782 705 2808 in
724 2781 917 2811 observatione
943 2785 1087 2813 mandato-

292 2833 353 2853 rum
369 2825 426 2859 Dei,
451 2829 545 2861 utpote
559 2826 642 2854 nimis
658 2827 755 2860 ardua,
768 2825 887 2856 recusa't.
897 2829 1085 2861 Consentienti

293 2880 357 2908 ergo
381 2877 508 2908 utraque,
538 2873 630 2901 anima
654 2874 730 2902 carni
760 2876 786 2902 in
818 2876 950 2911 parandis
967 2878 1037 2906 cibis
1055 2883 1082 2907 et

1141 2234 1239 2270 δικαίῳ
1264 2235 1414 2270 ἀντίθετον,
1436 2238 1462 2265 οἱ
1479 2238 1525 2265 ὑπ’
1540 2239 1623 2267 αὐτὸν
1642 2241 1717 2277 αὖτῷ
1738 2242 1937 2278 ὑπακούοντες.

1141 2280 1172 2306 τὸ
1193 2280 1349 2316 παράλογον
1371 2281 1595 2318 διαπράττονταιι
1619 2285 1690 2313 οὕτω
1706 2287 1754 2314 καὶ
1770 2288 1818 2315 τοῦ
1840 2290 1937 2317 πασῶν

1140 2325 1195 2352 τῶν
1211 2326 1336 2362 ψυχικῶν
1348 2328 1492 2364 δυνάμεων
1506 2331 1722 2366 ἡγεμονεύοντος
1749 2333 1805 2366 νοῦ,
1830 2334 1934 2362 ὕποκῦ-

1141 2380 1255 2405 πτοντος
1269 2374 1302 2409 τῇ
1331 2374 1463 2411 ἀντιθέτῳ
1487 2378 1520 2413 τῇ
1552 2377 1614 2414 θείᾳ
1629 2379 1722 2415 ἐντολῇ
1737 2380 1865 2416 ’ὑποθήκῃ
1886 2381 1935 2408 τοῦ

1141 2417 1261 2451 Σατανᾶ,
1273 2418 1361 2446 πᾶσαι
1375 2419 1404 2445 αῑ
1415 2420 1562 2456 εἰρημέναι
1576 2422 1708 2458 δυνάμεις
1720 2424 1771 2461 τήν
1785 2426 1935 2462 εἰρημένην

1141 2462 1251 2496 ἐντολὴν
1267 2465 1483 2500 παραϐαίνουσι,
1497 2467 1529 2494 τὸ
1542 2469 1627 2496 κακὸν
1642 2470 1838 2506 ἐργαζόμεναι.

1178 2508 1221 2543 ιγ’.
1237 2511 1400 2539 Δανειστοῦ
1410 2514 1459 2540 καὶ
1470 2516 1690 2550 χρεωφειλέτου
1699 2518 1848 2553 ἀλλήλοις
1857 2528 1933 2547 συν-

1139 2558 1301 2592 ελθόντων,
1318 2560 1494 2595 ἐπισκοπὴν
1505 2563 1681 2599 ἀμφοτέρων
1700 2567 1825 2594 ποιεῖται
1843 2570 1860 2595 ὀ
1874 2569 1932 2595 Κύ-

1135 2613 1214 2638 ριος.
1234 2605 1265 2631 Ἦ
1278 2605 1352 2642 ψυχὴ
1373 2608 1556 2642 μεταδιδοῦσα
1577 2610 1651 2646 ζωῆς
1666 2614 1698 2648 τῇ
1715 2613 1807 2649 caput,
1823 2614 1929 2642 ἀπαιτει

1141 2651 1192 2686 μὲν
1212 2652 1297 2689 αὐτὴν
1311 2652 1347 2685 ὥς
1365 2662 1391 2680 τι
1407 2654 1488 2690 χρέος
1504 2656 1535 2682 τὸ
1553 2658 1745 2693 συνεργεῖσθαι
1763 2661 1830 2695 παρ’
1848 2661 1930 2696 αὐτῆς

1139 2697 1208 2743 πρὸς
1225 2698 1259 2725 τὰ
1284 2698 1431 2727 κάλλιστα·
1452 2701 1626 2737 οὐηβούλεται
1646 2703 1675 2731 δὲ
1689 2705 1758 2738 ὅλως
1784 2708 1930 2743 μερίμναις

1138 2742 1171 2769 δι’
1185 2743 1270 2779 αὐτὴν
1287 2746 1475 2780 περισπᾶσθαι
1487 2756 1574 2774 τισιν·
1586 2749 1656 2786 αὑτὴ
1673 2750 1702 2777 δὲ
1713 2752 1729 2786 ή
1741 2751 1819 2788 σὰρξ,
1835 2742 1929 2790 χρῄζει

1140 2788 1189 2824 μὲν
1202 2789 1252 2824 τῆς
1264 2791 1342 2825 παρὰ
1352 2791 1401 2827 τῆς
1417 2792 1508 2829 ψυχῆς
1528 2795 1669 2830 προνοίας,
1686 2797 1756 2833 πρὸς
1768 2799 1818 2834 τὴν
1833 2788 1929 2835 ἑαυτῆς

1139 2835 1286 2863 σύστασιν·
1302 2838 1483 2867 ἀπαναίνεται
1501 2840 1529 2868 δὲ
1543 2842 1669 2870 ὑπείκειν
1685 2844 1754 2877 ὅλως
1774 2846 1843 2881 αὐτῇ
1865 2847 1928 2882 πρὸς

1139 2880 1188 2916 τὴν
1199 2882 1253 2909 τῶν
1267 2883 1347 2911 θείων
1362 2886 1478 2914 ἐντολῶν
1492 2887 1634 2923 ἐργασίαν,
1651 2889 1694 2917 διὰ
1711 2891 1741 2918 τὸ
1754 2880 1857 2929 ταύτης
1870 2880 1926 2920 ιὲτι-
