2072 3161
155 141 221 173 1517

667 140 934 171 (ἷΟΜΜΕΝΤΛΡιΠ
955 141 996 171 IN
1012 139 1242 171 PROVERBIA.

1724 141 1793 173 1518

157 208 252 228 πονον’
271 199 459 226 συνελθουσῶν
480 196 528 227 οὖν
552 199 694 236 ἀλλήλαις,
712 199 763 234 τῆς
784 199 835 235 μὲν
859 199 948 234 ψυχῆς

1011 198 1175 226 vestimentis
1205 198 1324 225 maxime
1351 197 1539 232 necessariis;
1564 202 1591 226 et
1619 206 1702 227 carne
1729 208 1792 228 cum

152 249 186 283 τῇ
202 247 293 283 σαρκὶ,
317 246 387 282 πρὸς
411 246 441 273 τὸ
468 247 671 282 περιποιεῖσθαι
694 245 764 281 αὐτῇ
786 245 946 281 διατροφὰς,

153 293 202 320 καὶ
221 293 405 328 σκεπάσματα
431 292 466 320 τὰ
494 293 576 329 μόνον
603 293 825 326 ἀναγκαιότατα·
848 291 898 327 τῆς
918 291 947 318 δὲ

155 339 257 374 σαρκὸς
269 341 302 376 τῇ
318 339 403 376 ψυχῇ,
427 340 468 371 είς
487 339 517 366 τὸ
529 339 654 366 ὑπείκειν
669 338 755 375 ταύτῃ
767 338 835 375 πρὸς
849 338 949 373 πρᾶξιν

154 387 209 413 τῶν
237 387 356 422 ἀρετῶν,
382 386 544 422 ἀμφοτέρας
568 386 756 422 προνοητικῶς
784 385 928 413 ὲπιϐλέπει
949 385 964 411 ό
982 384 1125 420 Δεσπότης
1160 385 1252 418 πάσγξς
1286 384 1337 420 τῆς

1003 244 1094 272 anima
1110 244 1139 271 in
1163 243 1318 272 obediendo
1340 249 1368 272 et
1388 244 1515 272 facienda
1538 244 1654 279 virtute,
1684 247 1794 282 utrique

1005 290 1142 327 prospicit
1175 289 1247 318 Deus
1281 291 1374 318 omnis
1400 296 1537 319 creatura:
1565 291 1738 321 rationabilis
1767 298 1795 320 ct

1002 337 1150 370 sensitivm,
1166 343 1194 365 et
1210 337 1291 365 saluti
1315 337 1472 365 necessaria
1486 337 1599 373 utrique
1614 338 1728 373 praebet.

1380 385 1481 421 νοητῆς
1505 385 1554 413 καὶ
1579 384 1629 421 τῆς
1659 385 1797 422 αίσθητῆς

155 434 281 467 κτίσεως,
299 435 426 471 χορηγῶν
437 435 534 467 αὐταῖς
549 435 582 462 τὰ
594 436 713 471 ἑκατέρᾳ
724 435 792 470 πρὸς
808 434 946 471 σωτηρίαν
965 433 1120 469 πρόσφορα.

191 481 231 509 ιδ’.
249 481 403 514 Βασιλέως
424 481 459 508 ἐν
472 481 600 515 ἀληθείᾳ
623 481 783 516 κρίνοντος
798 481 947 515 πτωχοὺς,

156 529 172 556 ὀ
184 528 290 562 θρόνος
309 527 404 555 αὐτοῦ
427 528 471 560 εἰς
486 528 652 562 μαρτύριον
677 527 948 561 κατασταθήσεται.

157 573 263 608 Ὠσπερ
278 571 412 607 βασιλέως
425 571 497 603 τινὸς
510 570 583 598 κατὰ
603 571 652 600 τὰς
667 571 788 606 ψυχικὰς
801 570 949 602 διαθέσεις,

156 618 221 650 τοὺς
234 618 280 645 ὑπ’
290 618 373 645 αὐτὸν
384 618 535 655 κρίνοντος,
549 617 596 645 καὶ
606 617 667 653 οὐχ).
678 618 749 644 κατὰ
762 617 812 649 τὰς
821 616 951 652 φαινομέ-

157 674 206 697 νας
219 664 308 697 ἀξίας,
324 664 378 691 κᾶν
390 663 493 691 τούτων
510 663 685 699 ὑπάρχοντας
708 663 772 695 τοὺς
796 663 842 690 ὑπ’
867 662 950 690 αὑτὸν

158 710 309 744 ἐνδεεῖς,τδ
326 709 466 746 βασιλικὸν
489 709 587 737 τούτου
610 709 732 745 ἀξίωμα,
744 709 813 745 ὅπερ
831 710 846 736 ό
857 709 952 745 Θρόνος

158 756 320 792 παραδηλοῖ,
340 757 382 788 είς
413 756 523 791 ἔλεγχον
545 755 622 782 ἔσται
637 755 692 782 τῶν
709 763 739 782 τε
759 754 884 789 ἀγαθῶν,
905 755 952 782 καὶ

158 805 214 832 τῶν
232 805 271 841 μὴ
285 803 425 837 τοιούτων,
452 803 525 830 οὕτω
540 803 588 830 καὶ
609 802 656 829 τοῦ
673 796 805 838 ἡγεμόνος
826 801 896 838 [νοῦ]
914 801 952 837 μὴ

159 851 229 886 πρὸς
250 850 285 877 τὰ
302 850 454 886 φαινόμενα
481 848 581 884 κάλλη,
604 848 673 875 ἀλλὰ
701 848 771 884 πρὸς
799 847 834 874 τὰ
860 848 951 883 ἀφανῆ

159 896 319 932 βλέποντος,
346 896 395 923 καὶ
420 895 456 922 τὰ
481 894 568 926 ὅντως
580 894 670 929 ἀγαθὰ
690 893 746 920 τῶν
766 892 954 929 νομιζομένων

1041 478 1125 507 Vsus.
1144 479 1189 507 Η.
1203 479 1282 515 Regis
1297 479 1325 507 in
1350 480 1462 508 veritate
1478 481 1629 515 judicanlu
1654 491 1796 517 pauperes.

1003 525 1076 553 sedes
1098 525 1155 561 ejus
1180 526 1207 553 in
1228 527 1409 554 testimonium
1433 528 1619 557 constituetur.
1643 529 1720 557 Sicut
1749 538 1795 557 rex

1002 571 1255 606 subjectosjudieat
1265 573 1377 600 attentis
1390 573 1488 601 anima:
1495 573 1730 609 dispositionibus,
1743 583 1796 603 non

1003 622 1116 645 externa
1130 617 1274 653 dignitate,
1287 619 1330 646 vel
1344 619 1503 648 hominibus
1517 627 1549 648 ea
1566 621 1684 654 vestitis,
1702 621 1748 657 qui
1764 623 1796 650 ad

1005 671 1035 692 se
1046 665 1170 698 veniunt,
1185 665 1268 701 hujus
1280 666 1353 700 regis
1366 666 1503 694 sententia
1513 674 1528 694 e
1539 667 1640 695 throno
1648 668 1798 703 refulgens.

1005 711 1070 738 boni
1087 715 1115 738 et
1129 711 1194 738 mali
1216 712 1270 739 erit
1294 711 1438 741 indicium.
1456 712 1494 740 Ita
1508 714 1618 749 quando
1633 714 1798 747 intellectus,

1005 766 1061 795 quo
1074 759 1215 793 ducimur,
1232 760 1266 788 ad
1276 760 1417 793 latentem,
1436 768 1490 789 non
1506 762 1539 789 ad
1553 769 1728 798 apparentem
1740 763 1801 799 pul-

1008 805 1196 833 cliritudinem
1214 807 1329 842 respicit
1343 811 1371 834 et
1385 815 1450 835 vere
1468 808 1540 835 bona
1560 809 1697 837 illusoriis
1729 817 1800 844 pra:-

1007 851 1094 885 ponit,
1113 851 1184 879 liber
1191 857 1233 879 est
1250 859 1264 879 a
1277 853 1455 887 passionibus
1465 854 1552 889 gratia
1567 854 1688 890 Spiritus
1699 857 1799 884 sancti.

1008 901 1036 923 et
1052 897 1149 932 recipit
1174 897 1267 925 lumen
1286 898 1320 926 ad
1346 899 1529 934 judicaudum
1558 900 1630 928 inter
1654 901 1756 929 bonum
1773 907 1801 930 et

160 943 368 980 προκρίνοντος,
392 943 410 978 ή
434 942 508 969 κατά
532 940 588 968 τῶν
606 940 703 968 παθῶν
717 939 828 974 ἐξουσία
843 940 951 973 τούτου,
967 938 990 967 Β
1005 943 1118 971 malum.

160 991 222 1027 ἥτις
235 989 282 1017 τοῦ
297 988 431 1024 παναγίου
454 987 707 1023 [Ινεύματοςχάρις
721 986 782 1014 ἐστὶ
813 986 872 1021 φῶς
902 987 1065 1023 ὑπάρχουσα
1086 988 1220 1024 ,γνώσεως
1248 990 1339 1026 λόγοις
1379 990 1584 1024 διδασκαλικοτς
1607 993 1740 1028 διελέγξει
1770 996 1801 1022 τό

160 1046 190 1064 τε
203 1037 316 1072 ἀγαθὸν,
335 1037 384 1063 καὶ
403 1036 433 1062 τὸ
447 1035 577 1070 πονηρόν.

197 1085 241 1112 ιε’.
254 1084 370 1120 lum-al
384 1083 435 1110 καί
453 1083 573 1118 ἔλεγχοι
598 1082 717 1109 διδόασι
742 1081 857 1117 σοφίαν
867 1090 873 1098 ·
884 1082 956 1116 παῖς

161 1133 196 1160 δὲ
205 1131 414 1166 πλανώμενος,
427 1129 567 1164 αισχύνει
581 1128 680 1164 γονεῖς
699 1128 803 1156 αὐτοῦ.
818 1129 957 1164 Τιμωρίαι

162 1177 215 1214 υἱῷ
236 1178 347 1209 πάντως
379 1175 456 1213 παρὰ
480 1175 585 1211 πατρὸς
611 1175 794 1210 ἐπαγόμεναι,
820 1175 867 1202 καὶ
882 1175 957 1209 λόγοι

165 1224 234 1260 μετὰ
247 1223 406 1259 παρρησίας
415 1221 598 1258 φανερούντε,
613 1221 648 1248 τὰ
661 1222 737 1249 αἴτια
746 1221 802 1248 τῶν
813 1221 956 1257 τιμωριῶν

164 1269 436 1306 ἁμαρτήματα,,καὶ
450 1267 683 1304 καταισχύνοντες
697 1268 779 1295 αὑτὸν
796 1268 865 1303 πρὸς
883 1268 956 1304 διόρ-

164 1315 258 1347 θωσιν,
274 1313 406 1349 ἀληθείας
435 1313 536 1348 γνῶσιν
555 1314 644 1349 τούτῳ
667 1313 820 1349 χαρίζεται.
842 1313 904 1346 Υίὺς
915 1313 955 1346 δὲ,

163 1360 214 1395 τῆς
229 1358 358 1394 ἀληθείας
386 1357 633 1394 ἀποπλανώμενος,
645 1358 692 1385 καὶ
707 1358 764 1385 τῶν
785 1358 870 1390 ὅντως
885 1359 956 1393 ἀγα-

165 1405 220 1432 θῶν
229 1405 264 1432 τὰ
277 1404 446 1440 νομιζόμενα
460 1403 685 1440 προτιμώμενος,
711 1405 743 1431 ὲκ
758 1403 806 1431 τοῦ
823 1404 956 1440 πράττειν

166 1452 201 1479 si
214 1452 368 1487 παράλογα,
383 1451 447 1483 τοὺς
477 1451 559 1482 ἰδίους
584 1451 761 1487 καταισχύνει
778 1451 957 1486 γεννήτορας,

167 1499 274 1527 πολλῶν
305 1498 437 1535 μέμψεων
474 1497 582 1530 τούτοις
613 1497 746 1534 ὑπάρχων
795 1498 958 1534 παραίτιος·

167 1547 262 1583 ἐπειδὴ
280 1546 318 1582 μὴ
333 1546 384 1582 τῆς
400 1544 595 1582 προσηκούσης
607 1545 732 1578 παιδείας
746 1544 881 1581 τετύχηκε
893 1545 959 1580 παρ’
975 1572 996 1600 C

167 1592 269 1620 αὐτῶν.

205 1639 248 1671 ιζ’.
264 1637 392 1666 Πολλῶν
411 1637 507 1665 ὄντων
528 1636 657 1670 ἀσεϐῶν,
687 1635 800 1664 πολλαί
826 1637 961 1671 γίνονται
980 1643 991 1653 ο

168 1684 321 1718 ἁμαρτίαν
341 1684 367 1710 ol
375 1683 410 1709 δὲ
419 1683 537 1714 δίκαιοι,
551 1682 675 1709 ἐκείνων
685 1682 866 1713 πιπτόντων,
872 1680 962 1708 κατά-

168 1731 255 1765 φοόοι
268 1730 411 1765 γίνονται.
439 1728 501 1755 Τῶν
525 1728 631 1755 πολλῶν
660 1728 699 1764 μή
723 1728 758 1756 δι’
777 1727 961 1763 ἀγαθοεργίας

169 1775 312 1811 τιμώντων
329 1775 406 1807 Θεὸν,
431 1774 518 1802 πολλὰ
544 1774 631 1808 τούτῳ
651 1774 689 1810 μὴ
703 1774 856 1811 ἀρέσκοντα
874 1773 962 1810 πράτ-

168 1830 279 1849 τονται-
304 1821 417 1853 τούτους
441 1821 470 1847 δὲ
502 1821 526 1848 οἱ
566 1821 720 1856 ἀμέμπτως
757 1821 961 1856 πολιτευόμενοι

170 1868 310 1898 ὲλεοῦντες
333 1867 381 1894 τοῦ
412 1866 570 1902 πτώματος,
599 1867 714 1898 ἑαυτοὺς
743 1866 782 1902 τῷ
804 1866 869 1901 θείῳ
887 1866 962 1902 φόϐῳ

170 1913 433 1947 κατασφαλίζονται,
459 1912 529 1939 ὥστε
560 1911 599 1947 μὴ
613 1913 669 1943 τοῖς
691 1911 796 1946 ὁμοίοις
811 1912 960 1947 περιπέσῃ.

208 1959 252 1991 ιζ’.
265 1958 391 1986 Παίδευε
404 1958 473 1986 υἱόν
498 1966 569 1990 σου,
585 1957 634 1984 καὶ
651 1957 822 1984 ἀναπαύσει
839 1965 892 1984 σε·
911 1957 961 1985 καί

170 2003 260 2032 δώσει
272 2004 389 2039 κόσμον
414 2002 453 2037 τῇ
477 2002 563 2037 ψυχῇ
579 2011 649 2030 σου,
667 2003 735 2037 Ἄγε
757 2002 803 2029 τὸν
815 2002 861 2029 σὺν
879 2002 963 2029 παῖδα

170 2048 351 2084 ψυχωφελῶς,
366 2049 399 2076 ἄν
410 2056 439 2075 τε
454 2048 585 2084 σαρκικὸς
602 2048 656 2083 εἴη.
669 2047 703 2074 ἄν
719 2055 749 2074 τε
766 2047 962 2083 πνευματικὸς,

171 2095 284 2129 ἀγνοίας
297 2095 346 2121 καὶ
360 2095 464 2126 κακίας
477 2093 615 2125 ἐπιπόνως
644 2093 783 2128 καθαίρων
798 2093 896 2121 αὐτόν·
917 2093 964 2120 καὶ

172 2141 338 2177 θεραπεύσει
352 2149 393 2174 σε,
410 2140 523 2176 πληρῶν
552 2140 583 2167 τὸ
599 2141 641 2168 ἐπ’
669 2140 744 2176 αὺτῷ
760 2141 794 2167 τὰ
808 2141 858 2176 τῆς
873 2140 964 2176 ψυχῆς

173 2197 220 2215 σου
233 2188 392 2224 βουλήματα
404 2195 411 2202 '
433 2188 481 2214 καὶ
507 2187 646 2223 προσάψει
671 2187 742 2223 αὐτῇ
768 2186 806 2219 ὡς
821 2187 897 2223 αίτίᾳ
914 2187 964 2222 τὴν

172 2235 215 2270 ἐφ’
233 2234 323 2269 ἐαυτῷ
337 2233 476 2260 ποικιλίαν
486 2233 541 2260 τῶν
560 2233 677 2269 ἀρετῶν.

210 2285 255 2316 ιη’.
271 2281 311 2308 Οὺ
320 2281 363 2315 μὴ
379 2280 499 2314 ὑπάρξῃ
519 2279 672 2314 ἐξηγητὴς
688 2279 768 2306 ἔθνει
781 2278 943 2314 παρανόμῳ
955 2287 963 2295 ·

173 2328 189 2354 ὀ
200 2326 235 2354 δὲ
244 2325 416 2362 ,φυλάσσων
427 2325 481 2352 τὸν
493 2326 597 2359 νόμον,
605 2326 801 2359 μακαριστός.
819 2325 876 2351 οὐκ
889 2323 965 2350 ἔσται

173 2372 311 2408 ἑρμηνεὺς
339 2371 394 2398 τῶν
424 2370 550 2406 νομίμων
587 2371 697 2402 πάντως
720 2370 895 2405 διδαγμάτων
917 2369 965 2396 τοῦ

174 2417 344 2453 Πνεῦματος,
363 2417 420 2453 λαῷ
433 2417 490 2444 ἔθει
509 2416 610 2448 κακίας
623 2417 670 2443 καὶ
685 2415 784 2452 ἀγνοίᾳ
798 2415 965 2447 δουλεύοντι,

172 2463 222 2490 καὶ
238 2463 360 2498 μηδόλως
384 2463 601 2499 παραδεχομένῳ
615 2462 662 2488 τδν
677 2462 759 2497 νόμον
773 2461 822 2488 τοῦ
839 2461 967 2496 Πνεύμα-

173 2508 237 2541 mw
249 2510 275 2536 οι
291 2511 344 2544 γὰρ
369 2509 408 2544 μὴ
433 2509 528 2536 τοῦτον
544 2508 772 2544 παραδεχόμενοι,
791 2507 841 2534 οὐκ
857 2507 889 2534 ἂν
905 2506 967 2542 δεη-

174 2555 246 2582 θεῖεν
262 2555 313 2589 τῆς
329 2554 412 2581 αὑτοῦ
429 2554 588 2590 ἐξηγήσεως
598 2563 606 2570 ·
616 2555 660 2581 ἴνα
672 2554 719 2581 καὶ
732 2553 870 2589 ἐξηγητὴν
883 2553 966 2580 αὐτοῦ

175 2601 284 2635 ἕξουσι·
301 2601 342 2628 διὸ
354 2601 385 2627 τὸ
400 2601 496 2632 σκότος
517 2602 568 2635 τῆς
583 2600 698 2636 ἀγνοίας
712 2600 914 2636 περικείμενοι,
928 2599 968 2635 τῷ

174 2648 277 2684 ὀλέθρῳ
289 2648 338 2683 τῆς
355 2647 454 2680 κακίας
469 2648 682 2683 περιπίπτουσιν
692 2655 700 2663 ο
715 2647 745 2678 ὃς
758 2647 786 2673 δὲ
798 2646 851 2673 τῶν
864 2646 968 2681 ἀνθρὼ-

174 2703 247 2727 πων,
262 2694 308 2721 τδν
326 2694 446 2720 τοιοῦτον
462 2693 544 2729 νόμον
553 2694 642 2729 τηρεῖ,
659 2692 813 2728 ἀνώλεθρός
828 2693 913 2725 ἐστιν,
929 2691 968 2723 ὡς

173 2739 213 2775 τῷ
224 2740 333 2776 θανάτῳ
347 2739 397 2774 τῆς
413 2738 550 2775 ἁμαρτίας
563 2740 712 2772 ἀνάλωτος.

211 2786 255 2813 ιθ’.
268 2787 375 2821 Λόγοις
383 2787 419 2813 οὐ
429 2786 665 2820 παιδευθήσεται
678 2785 797 2819 οἰκέτης
810 2784 946 2819 σκληρός
959 2791 965 2798 ·

173 2833 229 2860 ἐὰν
242 2832 299 2867 γὰρ
313 2833 361 2860 καὶ
370 2833 481 2868 νοήσῃ,
494 2833 626 2867 ἀλλὀὐχ
641 2831 967 2867 ὺπακούσεται.Ὤσπερ

176 2879 269 2915 μόνοις
284 2879 392 2916 ῥήμασι
411 2880 590 2914 σκωπτικοῖς,
604 2879 698 2911 δοῦλος
717 2878 836 2912 ἀπειθὴς
847 2878 878 2905 οὐ
892 2877 968 2913 διορ-

1048 1082 1129 1110 νειιε.
1147 1083 1191 1111 15.
1206 1082 1298 1119 Plaga
1316 1088 1341 1111 et
1360 1085 1535 1119 correptiones
1546 1085 1612 1113 dant
1630 1086 1800 1120 sapientiam,

1008 1137 1073 1164 puer
1092 1135 1181 1157 autem
1203 1138 1297 1157 errans
1312 1131 1452 1166 confundit
1467 1136 1591 1165 parentes
1606 1140 1681 1160 suos.
1711 1133 1802 1160 Pmum

1009 1183 1070 1211 quae
1101 1175 1183 1203 tilica
1212 1180 1289 1212 patre
1304 1176 1474 1212 inﬂigeutur,
1493 1181 1520 1205 et
1536 1184 1681 1205 sermones
1701 1178 1803 1214 quibus

1010 1222 1099 1250 libere
1126 1222 1343 1250 manifestantur
1372 1228 1485 1258 peccata
1505 1223 1596 1258 poenis
1623 1224 1718 1259 digna,
1735 1233 1803 1258 quu-

1009 1276 1126 1304 rumque
1140 1269 1245 1304 pudere
1269 1269 1303 1296 ad
1328 1269 1550 1298 emendationem
1575 1270 1699 1304 ducitur,
1730 1271 1803 1300 llllllc

1009 1315 1043 1343 ad
1059 1315 1280 1350 cognoscendam
1296 1315 1442 1343 veritatem
1460 1315 1603 1344 erudiunt.
1621 1315 1708 1345 Filius
1733 1325 1800 1344 vero

1009 1362 1056 1398 qui
1072 1368 1175 1390 errata
1189 1362 1318 1395 veritate,
1332 1363 1379 1398 qui
1401 1363 1473 1391 veris
1490 1362 1561 1391 falsa
1586 1363 1711 1398 praefert,
1739 1371 1802 1391 cum

1011 1409 1112 1444 injusta
1140 1409 1247 1442 fecerit,
1273 1409 1333 1437 suis
1357 1408 1522 1445 parentibus
1552 1409 1668 1445 pudoris
1699 1409 1802 1438 multo-

1013 1463 1130 1490 rumque
1143 1455 1343 1490 vituperiorum
1356 1463 1442 1485 causa
1450 1456 1514 1490 erit,
1532 1463 1547 1484 a
1565 1457 1667 1492 quibus
1693 1457 1804 1493 dignam

1015 1501 1190 1538 disciplinam
1207 1509 1263 1530 non
1279 1502 1396 1537 accepit.

1014 1623 1020 1628 ’
1049 1634 1132 1663 Vens.
1150 1635 1194 1663 16.
1212 1635 1280 1663 Cum
1300 1635 1378 1662 multi
1388 1640 1450 1663 sunt
1466 1635 1553 1670 impii,
1568 1635 1654 1663 multa
1669 1641 1731 1664 sunt
1746 1645 1806 1672 pec-

1012 1684 1091 1711 cata;
1109 1679 1180 1714 justi
1212 1683 1312 1712 autem,
1331 1679 1387 1706 illis
1405 1679 1574 1712 cadentibus,
1610 1681 1699 1708 timidi
1725 1681 1805 1716 ﬁunt.

1012 1724 1080 1751 Cum
1107 1724 1186 1751 multi
1213 1729 1280 1752 sunt
1310 1724 1358 1759 qui
1373 1723 1459 1752 Deum
1486 1725 1617 1760 operibus
1644 1726 1725 1753 bonis
1752 1734 1806 1754 non

1012 1770 1163 1804 honorant,
1181 1771 1271 1798 multa
1290 1770 1360 1798 ﬁuut
1371 1778 1433 1806 qum
1448 1771 1488 1798 illi
1503 1771 1664 1807 displicent.
1681 1772 1805 1805 Quorum

1012 1825 1094 1845 casus
1109 1825 1172 1844 cutn
1188 1817 1358 1845 miserentur
1373 1817 1501 1846 homines
1517 1818 1617 1852 sancti,
1636 1819 1735 1847 timore
1760 1819 1807 1848 Dei

1013 1864 1175 1892 muniuntur
1185 1872 1220 1892 ne
1234 1865 1261 1892 in
1271 1865 1371 1893 similia
1387 1865 1520 1894 incidant.

1050 1956 1132 1982 Vens.
1150 1955 1194 1982 17.
1212 1955 1299 1982 Erudi
1318 1955 1404 1990 ﬁlium
1430 1960 1517 1988 tuum,
1531 1960 1556 1984 et
1580 1957 1696 1992 requiem
1731 1957 1805 1984 dabit

1014 2003 1070 2035 tibi,
1087 2007 1112 2030 et
1131 2002 1206 2029 dabit
1226 2007 1350 2029 ornatum
1375 2002 1473 2030 anima
1506 2007 1568 2030 tuae.
1594 2002 1653 2030 Filii
1685 2003 1724 2030 tui
1750 2004 1808 2032 sive

1013 2049 1144 2081 carnalis,
1154 2049 1212 2076 sive
1221 2048 1372 2083 spiritualis
1381 2050 1502 2075 animum
1514 2048 1615 2084 dirige;
1625 2049 1807 2083 ignorantiam

1013 2097 1041 2122 et
1053 2094 1201 2129 nequitiam
1218 2093 1252 2120 ab
1267 2100 1301 2121 eo
1317 2093 1439 2121 studi0se
1452 2094 1563 2129 repelle,
1583 2098 1612 2122 ct.
1644 2095 1689 2122 ille
1715 2100 1741 2122 te
1765 2104 1809 2123 rr-

1014 2140 1163 2172 vcrebitur,
1178 2139 1305 2168 adductis
1332 2140 1360 2167 in
1383 2140 1502 2175 praxim,
1518 2145 1652 2176 quantum
1669 2141 1736 2170 inse
1756 2147 1808 2173 est,

1015 2186 1113 2214 annua:
1128 2190 1182 2214 tuae
1197 2186 1333 2217 consiliis,
1350 2186 1394 2214 cui
1411 2191 1441 2213 ut
1461 2188 1580 2222 propria).
1597 2195 1689 2215 causa
1703 2189 1808 2224 copiam

983 2246 1003 2273 ι)
1016 2240 1128 2260 suarum
1141 2233 1273 2260 virtutum
1292 2232 1435 2260 attribuet.

1052 2279 1136 2307 Vens.
1156 2279 1197 2306 18.
1220 2278 1282 2306 Νοη
1294 2279 1344 2306 erit
1359 2279 1485 2314 propheta
1500 2280 1570 2315 genti
1599 2280 1706 2316 iniquw,
1722 2286 1808 2308 custo-

1016 2326 1090 2353 diem
1118 2330 1207 2353 autent
1231 2326 1311 2360 legem
1342 2325 1521 2353 beatissimus.
1545 2326 1708 2362 Prophetam
1726 2335 1811 2362 aquo

1016 2373 1102 2408 legem
1115 2372 1236 2407 Spiritus
1246 2372 1388 2406 doceatur,
1399 2380 1454 2399 non
1467 2372 1579 2400 habebit
1593 2373 1708 2408 populus
1721 2375 1811 2408 pravis

1018 2419 1156 2446 habilibus
1186 2422 1214 2446 et
1243 2419 1331 2446 errori
1355 2419 1489 2450 serviens.
1527 2419 1669 2456 legemque
1691 2419 1811 2456 Spiritus

1019 2464 1130 2491 minime
1165 2464 1323 2499 recipiens;
1353 2463 1400 2499 qui
1431 2464 1505 2491 enim
1541 2464 1613 2492 hanc
1641 2465 1728 2501 legem
1756 2474 1811 2494 non

1018 2510 1166 2545 rccipiunt,
1197 2517 1256 2537 eam
1287 2511 1339 2538 sibi
1364 2510 1496 2545 explicari
1526 2518 1580 2538 non
1614 2512 1765 2546 pestulant,
1782 2519 1813 2540 ut

1018 2556 1180 2591 prophetam
1191 2555 1340 2591 accipiant;
1352 2560 1378 2583 et
1390 2556 1430 2583 sic
1451 2556 1567 2584 involuti
1581 2558 1704 2586 tenebris
1733 2566 1812 2587 erro-

1019 2609 1078 2628 ruin
1100 2602 1126 2628 in
1156 2601 1288 2637 abyssum
1319 2601 1454 2630 malorum
1485 2603 1623 2630 inciduut.
1642 2603 1688 2632 Ille
1721 2611 1812 2634 autem

1020 2648 1104 2675 [mino
1135 2647 1182 2683 qui
1210 2648 1296 2684 legem
1314 2652 1418 2680 servat,
1446 2649 1613 2677 immortalis
1639 2656 1691 2684 est,
1719 2657 1814 2688 utpote

1019 2699 1108 2722 morte
1123 2695 1227 2730 peccati
1243 2702 1298 2722 non
1315 2695 1513 2724 absumendus.
1557 2692 1560 2695 ’

1056 2783 1139 2812 Vsus.
1159 2784 1201 2812 l9.
1227 2783 1316 2812 Verbis
1328 2793 1380 2812 non
1390 2784 1525 2812 erudietur
1535 2794 1623 2813 unus
1637 2786 1739 2819 durus;
1753 2796 1815 2814 nam

1019 2830 1068 2857 etsi
1081 2829 1255 2863 intellexerit,
1279 2839 1332 2858 mm
1350 2836 1439 2859 tamen
1465 2831 1562 2859 audiet.
1580 2831 1815 2865 Quemadmodum

1020 2876 1110 2904 verbis
1121 2876 1225 2912 jocosis
1250 2884 1347 2906 servus
1367 2877 1495 2908 indocilis
1521 2886 1575 2907 non
1590 2878 1729 2914 dirigitur,
1751 2887 1814 2907 nam
