2072 3161
258 133 326 168 151:;

930 129 1105 160 PROCOPII
1122 128 1245 159 GAZEI

1827 127 1837 158 i
1844 127 1897 158 59.0

255 190 308 218 etsi
322 190 422 217 bonum
439 188 613 221 intellexerit,
632 187 665 214 ad
685 186 838 214 faciendum
858 193 912 213 non
929 185 1048 213 adduce-

1100 183 1254 219 θωθήσεται
1265 191 1272 198 °
1285 183 1309 210 εί
1320 182 1375 218 γὰρ
1389 183 1435 209 καὶ
1446 181 1502 218 γνῷ
1518 182 1549 209 τὸ
1563 182 1656 215 καλὸν,
1671 182 1701 208 οὐ
1718 181 1897 217 πεισθήσεται

257 242 312 270 tur;
333 235 496 264 verberibus
509 242 578 270 opus
589 234 642 262 erit
658 237 688 261 ut
701 233 841 261 exaudiat.
866 232 906 259 Ita
930 231 976 267 qui
1006 233 1050 258 est

256 283 325 311 dura
339 281 446 310 cervice
464 285 562 309 contra
594 279 750 308 Dominicas
775 283 804 307 et
834 278 942 306 divinas
965 277 1048 311 leges.

257 336 346 364 neque
362 328 424 355 illas
441 327 528 360 audit,
547 326 651 362 indiget
679 325 774 354 invitis
793 324 925 352 aerumnis
946 327 977 351 ιιι
1001 330 1049 350 eas

256 383 339 411 opere
351 374 497 410 compleat.

291 465 375 492 Vens.
390 463 436 491 ‘20.
454 462 484 490 Si
497 461 585 489 videas
606 461 738 488 hominem
762 460 874 487 velocem
901 459 929 486 in
953 459 1047 491 verbis,

255 518 380 547 cognosce
389 510 453 545 quia
462 516 532 543 spem
544 508 620 534 liabet
630 508 714 543 magis
726 507 852 542 insipiens
865 514 903 533 eo.
918 506 946 534 Si
955 506 1049 533 videas

258 555 395 583 hominem
414 558 518 582 temere
530 553 700 586 loquentem,
721 552 792 581 scito
805 551 1048 586 deticientisingc-

257 601 311 629 niis
322 600 494 628 curationem
508 599 585 634 prius
597 598 762 633 sperandam
777 605 850 631 esse,
860 605 942 633 quam
953 597 1046 625 istius.

256 648 307 682 Qui
331 646 405 674 enim
429 650 493 672 ante
515 644 641 672 homines
659 644 738 671 velox
755 647 797 671 est
815 642 849 670 ad
879 642 1048 678 loquendum

256 695 407 722 arbitratus
423 700 454 720 se
469 691 560 719 omnia
590 698 767 726 cognoscere,
798 689 833 717 ab
859 689 913 717 alio
937 687 1047 717 edoceri

255 742 356 769 bonum
373 748 428 767 non
442 739 570 767 sustinet.

290 786 374 814 Vsus.
392 786 439 813 91.
469 785 522 818 Qui
533 784 677 812 deiiciatur
695 792 710 810 (ι
724 791 816 818 puero,
834 782 951 817 famulus
975 780 1045 812 erit;

255 834 394 861 novissime
405 837 492 859 autem
507 831 606 858 dolebit
622 839 702 866 super
722 839 759 857 se.
781 829 833 862 Qui
848 831 1045 863 congruentem

253 878 429 914 disciplinam
444 885 497 904 non
513 881 556 904 est
571 877 700 908 sortitus,
716 880 798 910 atque
813 882 827 901 a
844 873 960 909 pueritia
983 881 1046 900 scn-
1062 876 1083 905 Β

254 925 352 952 silibus
364 924 471 951 deliciis
484 927 527 951 est
542 922 705 953 inebriatus,
720 929 817 948 servus
842 921 895 948 erit
927 919 1048 954 turpium

255 971 426 1006 passionum.
445 969 486 997 Ad
515 970 596 997 linem
623 975 688 995 vero
716 975 778 994 cum
811 969 941 1001 agnoscet
965 973 1048 1000 quam

254 1019 325 1046 male
340 1017 424 1044 vitam
454 1015 669 1051 consumpserit,
689 1013 757 1041 nihil
775 1013 841 1041 utile
859 1013 922 1040 inde
947 1019 1048 1040 conse-

253 1068 344 1096 cutus,
360 1062 471 1091 dolebit.

289 1150 370 1177 Vens.
385 1148 484 1176 22.1’ir
497 1147 710 1184 indignabundus
723 1147 834 1174 suscitat
845 1147 1048 1179 contentionem,

253 1203 277 1224 et
292 1197 331 1224 vir
348 1195 494 1223 iracundus
513 1195 605 1230 effodit
619 1199 765 1229 peccatum.
794 1193 822 1221 Si
839 1194 902 1229 quis
937 1193 1049 1228 sangui-

255 1250 315 1271 nem
331 1243 405 1271 circa
415 1249 463 1270 cor
480 1241 597 1270 ebullire
609 1241 727 1269 senserit
739 1247 772 1268 ex
784 1239 865 1268 malis
873 1239 1046 1275 excogitatis,

254 1290 298 1317 ille
312 1293 398 1317 teutat
412 1288 561 1324 querelas;
582 1287 605 1315 si
621 1287 686 1323 quis
713 1294 779 1314 vero
796 1290 926 1314 assuetus
942 1289 985 1312 est
1013 1284 1045 1312 ad

255 1336 430 1364 irascendum
447 1335 542 1368 corde,
567 1334 633 1362 dum
649 1334 793 1361 inimicum
807 1339 823 1360 a
839 1340 868 1360 se
883 1332 925 1360 vel
939 1332 972 1360 ab
985 1332 1047 1359 aliis

255 1382 376 1417 repellit,
405 1381 450 1409 ille
469 1381 593 1417 trin:e(l
607 1380 616 1415 )
632 1379 814 1407 conscientiae
831 1379 933 1407 vulnus
959 1378 1047 1406 mani-

255 1428 376 1457 festavit.
403 1427 455 1456 Ubi
484 1428 557 1456 enim
590 1427 720 1463 prudenti
745 1427 864 1454 consilio
889 1426 1046 1460 voluptates

253 1475 484 1511 concupiscentiae
498 1474 599 1510 aliquis
613 1481 667 1501 non
681 1473 864 1506 continuerit,
874 1472 1047 1506 illeinjurias

254 1522 319 1549 l'orti
337 1522 429 1549 animo
446 1528 501 1548 non
520 1521 651 1555 patietur;
668 1519 785 1554 ideoque
801 1519 884 1546 homo
902 1518 1044 1546 inimicum

256 1568 403 1603 repellens,
426 1575 516 1603 neque
539 1566 656 1601 injurias
680 1566 834 1598 sustinens,
871 1565 1046 1592 convincitur
1060 1556 1082 1586 (ἶ

254 1614 399 1648 passiones
413 1613 714 1648 concupiscentiarnon
729 1612 826 1640 vicisse
843 1611 969 1646 prudenti
985 1608 1053 1639 con-'

254 1661 326 1688 silic.

291 1705 376 1733 Vens.
394 1705 438 1732 25.
457 1704 624 1733 Contumelia
639 1705 723 1731 virum
752 1703 887 1736 liumiliat,
913 1703 1049 1730 humiliter

255 1755 345 1777 autem
362 1750 504 1777 sentientes
522 1749 612 1784 ﬁrmat
627 1749 713 1784 gloria
731 1749 872 1776 Dominus.
897 1749 966 1775 Cum
983 1756 1048 1783 pus—

254 1797 346 1824 siones
357 1803 372 1822 a
388 1796 490 1823 virtute
506 1795 664 1823 deﬁcientes
682 1795 786 1830 aliquis
800 1794 908 1823 fortiter
935 1802 1047 1829 supera-

256 1843 335 1876 verit,
351 1842 503 1870 timendum
520 1846 562 1870 est
578 1850 613 1869 ne
625 1842 754 1878 superbia
766 1842 861 1870 vitium
876 1846 1047 1877 protervum,

255 1890 383 1917 virtutem
401 1888 546 1922 excedens,
559 1889 686 1916 eumdem
701 1897 716 1916 a
730 1889 851 1916 culmine
870 1889 981 1916 honoris
999 1888 1046 1917 Dei

254 1935 401 1970 deprimat.
433 1934 488 1962 Eos
516 1942 581 1962 vero
609 1935 656 1970 qui
688 1935 837 1962 humanam
868 1935 1046 1971 fragilitatem

254 1984 436 2016 agnoverunt,
457 1985 484 2008 et
498 1980 640 2007 humiliter
652 1982 787 2014 sentiunt,
813 1979 904 2007 ﬁrmat
924 1981 1047 2015 potentia

253 2033 281 2054 et
311 2027 446 2062 sapientia
471 2026 519 2054 Dei
547 2026 804 2059 consubstantialis,
836 2031 985 2062 servatque
1019 2026 1047 2054 in

255 2073 358 2100 heuore
367 2072 507 2101 salutifera
522 2072 610 2109 gratia
625 2073 746 2108 Spiritus
761 2073 851 2101 sancti
867 2081 874 2099 :
888 2072 960 2100 Deus
973 2072 1046 2100 enim

254 2119 381 2155 superbis
398 2119 513 2152 resistit,
530 2119 677 2148 humilibus
694 2124 785 2147 autem
800 2119 847 2147 dat
861 2119 989 2156 gratiam.

289 2208 373 2238 Vsus.
394 2209 440 2243 24,
461 2209 507 2236 9.5.
526 2208 577 2241 Qui
601 2210 745 2244 participat
770 2210 836 2245 furi,
859 2209 914 2236 odit
929 2211 1047 2237 animam

253 2263 341 2288 suam;
355 2256 378 2282 si
386 2261 473 2283 autem
481 2256 663 2290 juramentam
674 2257 895 2291 propositunmon
906 2258 1046 2284 annuntia-

253 2301 347 2335 uerint,
364 2302 485 2328 timentes
501 2306 525 2329 et
535 2302 778 2334 reveriti/tamiues,
791 2303 960 2338 supplantati
972 2308 1047 2336 sunt;

253 2350 298 2384 qui
316 2353 405 2376 autent
419 2349 530 2384 conﬁdit
552 2349 579 2375 in
599 2348 722 2380 Domino,
736 2348 894 2376 minabitur.
920 2348 1046 2384 Rapieuti

253 2398 342 2425 aliena
355 2397 570 2429 siconsenseris,
583 2397 625 2425 vel
637 2397 788 2425 auxiliatus
803 2397 899 2429 lueris,
910 2400 1048 2432 particeps

253 2444 352 2478 prasdae
369 2451 431 2471 eum
445 2451 489 2477 eo,
504 2448 557 2471 tua:
568 2443 668 2470 anima:
681 2443 867 2476 insidiaberis,
887 2451 1004 2479 eamque
1014 2444 1048 2472 ad

253 2490 367 2518 exitium
390 2490 484 2526 prodis
514 2491 648 2525 libenter;
664 2490 744 2518 ambo
767 2491 871 2519 mutuis
884 2491 1049 2526 iuramentis

254 2537 418 2565 constrictos
439 2537 474 2565 de
496 2537 603 2565 nefario
627 2536 815 2565 consilionon
834 2536 1048 2570 manifestando,

254 2582 337 2618 idque
356 2590 470 2618 pravum
483 2583 572 2611 fredus
586 2585 728 2611 servantes
755 2583 779 2610 si
802 2591 856 2611 non
875 2584 990 2619 detegis,
1014 2591 1048 2611 ne

255 2628 364 2664 agnitus
380 2628 483 2663 justam
505 2629 852 2665 hominum'ignominiam
878 2633 905 2657 et
936 2637 1045 2665 poenam

255 2673 392 2705 ohliueas,
408 2680 486 2701 erras
501 2673 528 2700 in
542 2673 611 2707 hoc;
629 2673 663 2702 ob
677 2682 738 2702 eam
751 2681 862 2702 causam
877 2682 958 2710 quam
978 2674 1046 2702 dixi-

1100 229 1181 256 τοῦτο
1195 229 1318 265 ποιῆσαι,
1339 229 1408 256 ἀλλά
1435 228 1599 264 δεηθήσεται
1612 228 1658 255 καὶ
1676 228 1804 264 πληγῶν,
1815 229 1895 257 -ὥστε

1100 274 1228 310 γενέσθαι
1240 275 1309 311 πρὸς
1321 274 1400 301 τοῦτο
1422 274 1606 309 καταπειθὴς·
1639 273 1713 301 οὕτω
1734 275 1783 302 καὶ
1797 275 1812 302 ὁ
1826 276 1896 310 πρὸς

1099 321 1148 352 τὰς
1162 320 1331 353 Δεσποτικὰς
1355 321 1402 348 καὶ
1426 321 1503 353 θείας
1535 321 1648 353 ἐντολὰς
1663 321 1895 357 σκληρυνόμενος,

1099 366 1147 394 καὶ
1157 366 1197 402 μὴ
1217 366 1364 394 ὑπακούων
1379 366 1488 400 αὑταῖς,
1508 367 1645 394 ἀκουσίων
1668 367 1833 403 δεηθήσεται
1847 369 1897 394 πό-

1099 420 1153 439 νων
1162 412 1231 447 πρὸς
1246 412 1296 447 τὴν
1312 411 1445 448 ἐργασίαν
1457 412 1559 440 αὐτῶν.

1133 461 1170 485 κ’.
1190 458 1262 485 Ἐὰν
1279 457 1348 492 16m-
1362 458 1458 492 ἄνδρα
1476 458 1574 493 ταχὺν
1588 459 1624 485 ἐν
1641 459 1755 494 λόγοις.
1767 459 1895 493 γίνωσκε

1099 504 1144 532 ὅτι
1160 505 1272 533 ἐλπίδα
1291 505 1354 540 ἔχει
1370 505 1492 541 μᾶλλον
1523 507 1540 532 ὁ
1566 506 1669 540 ἄφρων
1694 506 1800 533 αὑτοῦ.
1833 506 1897 533 Ἐὰν

1099 551 1184 587 θεάσῃ
1197 552 1257 579 τινὰ
1277 551 1491 587 ἀπερισκέπτως
1511 552 1711 587 φθεγγόμενον,
1722 552 1840 586 γίνωσκε
1852 553 1895 579 ὅτι

1099 598 1179 625 πλέον
1194 598 1273 631 ἐλπίς
1297 599 1356 626 ἐστι
1378 599 1426 626 τὸν
1457 598 1495 634 μὴ
1527 599 1646 634 φέροντα
1667 599 1771 634 νόησιν,
1791 599 1894 634 ταύτης

1099 645 1165 680 παρ’
1180 644 1261 671 ἄλλου
1275 646 1369 680 τυχεῖν
1380 653 1387 661 ·
1404 646 1419 671 ὁ
1429 645 1484 681 γὰρ
1492 645 1521 672 ἐν
1530 646 1591 677 ταῖς
1603 645 1726 680 ὁμιλίαις
1741 647 1892 681 προπετὴς,

1098 690 1218 726 νομίζων
1232 691 1323 718 πάντα
1337 690 1496 726 γινώσκειν,
1511 692 1577 727 παρ’
1591 691 1687 728 ἑτέρου
1700 691 1731 718 τὺ
1746 691 1827 719 καλὸν
1840 701 1893 728 μα-

1098 736 1155 763 θεῖν
1166 736 1217 763 οὐκ
1228 736 1368 772 ἀνέχεται.

1133 788 1187 810 κα”.
1197 783 1250 815 Ὃς
1261 781 1483 817 κατασπαταλᾷ
1493 782 1527 809 ἐκ
1537 782 1655 816 παιδὸς.
1667 783 1787 816 οικέτης
1797 782 1892 809 ἔσται·

1096 829 1230 864 ἔσχατον
1248 828 1283 856 δὲ
1305 828 1528 863 Mummios-tat
1552 828 1598 864 ἐφ’
1616 827 1722 861 ἐαυτῷ.
1749 829 1843 860 Ὅστις
1855 828 1894 864 μὴ

1097 874 1148 910 τῆς
1174 875 1371 910 προσηκούσης
1399 874 1563 910 ἀξιούμενος
1601 875 1740 910 ἀγωγῆς,
1768 875 1895 901 παιδόθεν

1098 921 1153 948 τῶν
1165 922 1227 948 κατ’
1252 921 1380 957 αἴσθησιν
1405 920 1491 957 ἡδέων
1517 922 1692 957 κατατρυφᾷ,
1712 921 1806 953 δοῦλος
1819 922 1895 948 ἔσται

1099 969 1211 1000 πάντως
1233 968 1288 995 τῶν
1311 969 1479 1003 παραλόγων
1494 967 1607 995 παθῶν·
1626 969 1656 995 ὲν
1673 969 1849 1004 συναισθήσει
1863 968 1895 995 δὲ

1099 1015 1245 1051 γενόμενος
1260 1016 1289 1042 ἐν
1304 1014 1343 1050 τῷ
1355 1015 1436 1047 τέλει,
1463 1015 1580 1051 ἀλγήσει
1600 1016 1641 1047 είς
1660 1016 1759 1042 ἑαυτὸν
1782 1024 1895 1051 μεταγι-

1098 1061 1212 1089 νώσκων
1229 1061 1273 1096 ἐφ’
1288 1058 1331 1093 οἷς
1343 1060 1437 1093 κακῶς
1453 1061 1503 1097 τὴν
1528 1061 1633 1088 οίκεὶαν
1648 1060 1721 1096 ζωὴν
1736 1063 1895 1098 κατηνάλω-

1100 1116 1156 1139 σεν,
1170 1109 1210 1140 εἰς
1227 1107 1310 1143 μηδὲν
1323 1107 1381 1134 δέον
1394 1106 1482 1143 ταύτῃ
1498 1107 1685 1143 χρησάμενος.

1135 1154 1188 1188 κβ’.
1207 1153 1293 1187 Ἀνὴρ
1309 1152 1459 1186 θυμώδης,
1478 1153 1605 1187 όρύσσει
1621 1152 1723 1186 νεῖκος
1735 1162 1742 1168 ·
1767 1153 1845 1188 ἀνὴρ
1860 1153 1895 1180 δὲ

1098 1200 1231 1235 ὀργίλος.
1244 1199 1394 1233 ἐξώρυξεν
1408 1199 1564 1233 ἁμαρτίας.
1581 1194 1695 1231 Οὖτινος
1708 1199 1740 1226 τὺ
1761 1200 1894 1235 περικάρ-

1097 1247 1153 1274 διον
1166 1243 1236 1281 αἷμα
1254 1245 1335 1272 εἴωθε
1351 1245 1423 1277 ζέειν
1439 1245 1474 1272 δι’
1485 1245 1636 1280 ὑπολήψεις
1654 1245 1761 1278 κακῶν,
1775 1246 1790 1272 ὁ
1805 1245 1895 1272 τοιοῦ-

1098 1301 1144 1325 τος
1154 1292 1270 1328 ψηλαφᾷ
1288 1291 1456 1326 φιλονεικίαν
1466 1298 1473 1306 ’
1486 1291 1529 1318 ὁδ’
1540 1290 1644 1322 εἰωθὼς
1659 1290 1733 1326 ἔχειν
1751 1291 1797 1318 τὸν
1810 1291 1895 1327 θυμδν

1099 1337 1307 1374 ἑνεργούμενον,
1323 1338 1352 1364 ὲν
1362 1337 1402 1372 τῷ
1426 1337 1459 1364 δι’
1476 1337 1575 1364 ἑαυτοῦ
1589 1337 1606 1373 ἢ
1625 1336 1659 1363 δι’
1675 1337 1770 1372 ἑτέρου
1791 1337 1835 1364 τὴν
1848 1338 1894 1363 λε-

1097 1384 1238 1420 λυπηκότα
1263 1384 1432 1419 ἀμύνασθαι,
1456 1384 1490 1411 τὰ
1505 1383 1554 1411 τοῦ
1571 1384 1720 1421 τριμεροῦς
1731 1385 1782 1420 τῆς
1805 1383 1892 1419 ψυχῆς

1098 1430 1309 1466 παραπτώματα
1327 1430 1506 1465 ἐξεκάλυψεν.
1518 1430 1583 1458 Ἐὰν
1593 1431 1648 1467 γὰρ
1668 1431 1706 1466 μή
1723 1439 1764 1461 τις
1780 1429 1894 1465 ἔμφρονι

1098 1476 1222 1512 λογισμῷ
1243 1476 1298 1503 τῶν
1309 1476 1370 1503 κατ’
1397 1476 1547 1512 ἐπιθυμίαν
1571 1477 1667 1504 παθῶν
1688 1476 1892 1511 ὲγκρατεύοιτο,

1099 1525 1148 1559 οὐχ
1165 1524 1297 1559 ὑπομένει
1311 1523 1381 1550 κατὰ
1394 1523 1481 1558 θυμὸν
1498 1523 1632 1559 ἀνδρείως
1644 1523 1679 1550 τὰ
1690 1522 1804 1558 ολιῦερᾶ
1814 1530 1821 1537 ·
1834 1521 1895 1548 ὅθεν

1098 1571 1112 1597 ὁ
1125 1571 1170 1597 τὸν
1185 1570 1345 1606 λυπήσαντα
1370 1569 1556 1604 ἀμυνόμενος,
1585 1569 1622 1604 μὴ
1648 1569 1794 1604 ὑπομένων
1814 1568 1895 1600 αὐτὰ,

1076 1628 1087 1638 ο
1098 1617 1240 1651 ἐλέγχεται
1255 1616 1292 1652 μὴ
1306 1615 1361 1641 τῶν
1369 1614 1430 1642 κατ’
1446 1614 1599 1650 ἐπιθυμίαν
1614 1615 1711 1642 παθῶν
1727 1615 1897 1650 ἐγκρατευό-

1099 1669 1180 1698 μενος
1192 1661 1312 1696 ἔμφρονι
1327 1659 1464 1696 λογισμῷ.

1134 1706 1187 1742 κγ’.
1202 1708 1299 1742 Ὕϐρις
1318 1707 1417 1742 ἄνδρα
1441 1706 1593 1734 ταπεινοῖ·
1617 1706 1690 1739 τοὺς
1705 1706 1739 1732 δὲ
1755 1706 1893 1733 ταπεινό-

1098 1762 1213 1789 ςρρονας
1225 1753 1332 1787 ἐρείδει
1348 1753 1423 1787 δόξῃ
1434 1753 1554 1787 Κύριος.
1572 1753 1624 1779 Τὺν
1639 1753 1772 1787 γενναίοις
1787 1752 1821 1778 τὰ
1835 1752 1894 1778 κατ’

1097 1800 1218 1835 ἔλλειψιν
1232 1800 1282 1835 τῆς
1290 1800 1391 1834 ἀρετῆς
1407 1799 1482 1836 πάοη
1494 1799 1750 1829 καταπαλαίσαντα,
1766 1798 1809 1824 ἔστ
1816 1807 1839 1824 ιν
1849 1798 1896 1824 ὅτε

1097 1845 1128 1872 τὸ
1143 1845 1204 1872 καθ’
1219 1845 1370 1880 ὑπερὸολὴν
1385 1845 1486 1879 ταύτης
1513 1845 1672 1878 ὑϐριστικὸν
1690 1844 1738 1878 τῆς
1752 1844 1896 1879 ὑπερηφα-

1097 1891 1157 1922 νίας
1170 1890 1267 1923 πάθος,
1279 1890 1326 1917 τοῦ
1337 1892 1387 1926 τῆς
1404 1891 1479 1926 παρὰ
1497 1890 1556 1926 Θεῷ
1570 1891 1654 1925 τιμῆς
1668 1890 1751 1925 ὕψους
1763 1891 1877 1924 κατάγει
1886 1898 1894 1905 ·

1097 1937 1161 1968 τοὺς
1176 1936 1203 1963 δὲ
1217 1937 1267 1971 τῆς
1282 1935 1460 1972 ἀνθρωπίνης
1473 1935 1616 1967 ἀσθενείας
1629 1936 1833 1971 ἐπιγνώμονας,
1848 1935 1895 1962 καὶ

1099 1982 1318 2018 μετριόφρονας,
1351 1981 1474 2017 στηρίξει
1500 1982 1518 2017 ἡ
1547 1981 1730 2012 ὲνυπόστατος
1751 1980 1798 2007 τοῦ
1827 1980 1894 2007 Θεοῦ

1098 2029 1180 2063 σοφία
1196 2029 1244 2055 καὶ
1254 2027 1383 2063 δύναμις,
1408 2027 1518 2063 τιμίους
1543 2027 1656 2058 τούτους
1679 2025 1847 2062 διατηροῦσα
1859 2028 1893 2062 τῇ

1099 2076 1221 2111 σωστικῇ
1249 2074 1297 2101 τοῦ
1330 2074 1466 2108 παναγίου
1500 2073 1659 2109 Πνεύματος
1687 2073 1895 2108 χάριτι-ὑπερ-

1099 2121 1214 2156 ηφάνοις
1232 2121 1287 2156 γὰρ
1305 2121 1320 2146 ὁ
1330 2119 1432 2156 Κύριος
1448 2120 1653 2149 ἀντιτάσσεται·
1663 2119 1802 2150 ταπεινοῖς
1817 2118 1844 2145 δὲ
1855 2118 1895 2144 δί-

1098 2168 1165 2194 δωσι
1182 2168 1273 2203 χάριν.

1135 2215 1185 2247 κδ’,
1203 2218 1252 2241 κε’.
1271 2216 1323 2247 Ὃς
1333 2215 1477 2250 pepigerat
1487 2213 1614 2247 κλέπτῃ,
1623 2213 1710 2248 μισεῖ
1716 2213 1776 2247 τὴν
1786 2213 1896 2242 ἑαυτοῦ

1100 2260 1207 2295 ’ψυχήν
1218 2268 1225 2275 ⁸
1247 2260 1301 2287 ἐὰν
1317 2261 1371 2296 γὰρ
1381 2261 1472 2294 ὅρκου
1490 2259 1696 2294 προτεθέντος,
1708 2260 1897 2292 ἀκούσαντες

1098 2307 1141 2343 μὴ
1155 2307 1328 2342 ἀγγείλωσι,
1340 2306 1522 2341 φοϐηθέντες
1541 2307 1591 2333 καὶ
1608 2307 1827 2342 αισχυνθέντες
1843 2307 1897 2334 ἀν-

1101 2352 1247 2386 θρώπους.
1259 2353 1534 2386 ὑπεσκελίσθησαν
1549 2361 1556 2368 ·
1585 2354 1603 2379 ὁ
1621 2352 1656 2379 δὲ
1676 2352 1827 2385 πεποιθὼς
1846 2352 1897 2379 ἐπὶ

1101 2400 1208 2433 Κυρίῳ,
1224 2398 1477 2434 εὐφρανθήσεται.
1490 2399 1520 2426 '0
1539 2398 1578 2434 τῷ
1592 2399 1708 2426 συλῶντι
1721 2399 1755 2426 τὰ
1768 2399 1899 2435 ἀλλότρια

1103 2446 1281 2479 συνευδοκῶν,
1293 2445 1310 2482 ἢ
1323 2446 1370 2473 καὶ
1381 2445 1579 2482 συμπράττων.
1591 2445 1680 2481 τούτῳ
1691 2445 1777 2472 ταῦτα
1791 2454 1899 2481 συμμε-

1103 2491 1257 2527 ριζόμενος,
1290 2493 1324 2526 τῇ
1354 2491 1408 2527 [δίᾳ
1438 2491 1612 2518 ὲπιὸουλεύει
1633 2491 1719 2527 ψυχῇ,
1744 2491 1900 2526 αὐθαιρέτῳ

1099 2539 1198 2575 γνώμῃ
1215 2538 1316 2574 ταύτην
1327 2537 1493 2574 παραδιδοὺς
1507 2538 1548 2569 είς
1563 2537 1702 2564 ἀπώλειαν
1712 2546 1720 2553 ·
1741 2539 1766 2564 εἰ
1778 2538 1800 2564 δ’
1814 2535 1898 2570 οὗτοι.

1098 2585 1191 2620 ὅρκοις
1202 2584 1332 2620 ἀλλήλους
1344 2584 1603 2620 καταδέσμήσαντες
1617 2584 1655 2620 μὴ
1674 2584 1854 2619 δημοπιεῦσαι
1868 2585 1899 2612 τὸ

1101 2630 1223 2657 τοιοῦτον
1238 2630 1415 2664 σκαιώρημα,
1428 2631 1476 2656 καὶ
1494 2629 1544 2660 τὰς
1561 2629 1608 2655 ἐπὶ
1623 2629 1700 2664 κακῷ
1713 2629 1900 2665 συνωμοσίας.

1101 2677 1281 2712 τηρήσαντες,
1292 2676 1330 2712 μὴ
1337 2675 1415 2703 τοῦτο
1421 2675 1635 2711 ἁνακαλύψουσι,
1643 2675 1791 2708 δεδοικότες
1800 2676 1902 2711 μήπως

1015 2747 1133 2776 NOTAE.

290 2789 433 2826 (l)Qu:eri
453 2789 618 2827 potestquid
645 2791 683 2827 sit
696 2791 911 2827 intelligendum
937 2800 985 2827 per
1002 2793 1048 2820 tri-

255 2825 317 2855 uarn
333 2827 451 2852 animum
466 2825 626 2862 ίτριμεροῦς
637 2825 754 2861 ψυχῆς);
772 2825 835 2854 sunt
850 2832 905 2855 tres
920 2825 1048 2862 potentia:

255 2862 365 2895 Αιιὶιιιίιυ,
381 2861 413 2889 de
425 2861 526 2896 quibus
539 2869 610 2896 saepe
627 2861 747 2896 loquitur
764 2868 878 2891 sanctus
907 2861 1044 2892 Thomas:

1103 2792 1271 2824 intellectus.
1293 2792 1435 2828 λογισμὸς,
1459 2793 1500 2820 vis
1513 2792 1748 2827 concupiscibilis,
1763 2792 1901 2826 emo-mm

1101 2832 1128 2855 et
1153 2828 1194 2855 vis
1224 2828 1383 2860 irascibilis,
1401 2828 1508 2863 θυμὸςε
1527 2828 1745 2864 uniuscujusque
1770 2829 1900 2864 putentia-

1101 2866 1180 2892 actus
1199 2867 1264 2891 sunt
1280 2863 1392 2892 aliunde
1408 2864 1477 2892 satis
1493 2864 1607 2899 cogniti.
1625 2864 1696 2891 Em.
