2072 3161
159 244 226 277 1521
675 248 944 281 ΕΟΜΜΕΝΤΛΙΠΙ

997 253 1002 283 ί
1032 253 1262 287 PROVERBIA.
1726 255 1794 288 159.2

157 300 372 337 ;avapm0éwac,
389 302 422 338 τῇ
437 303 502 338 παρ’
512 302 666 340 ἀνθρώπων
675 305 853 342 προσηκούσῃ
868 315 944 342 τιμωη

1005 317 1077 344 "ills,
1096 311 1208 340 noluisti
1225 312 1372 341 imminens
1388 311 1471 341 mcnti
1483 316 1510 341 et
1521 312 1631 348 corpori
1644 313 1796 348 periculum

157 348 216 382 ρίᾳ,
233 347 282 374 καὶ
299 347 417 384 αἰσχύνῃ
437 348 612 382 ὕποπέσοιεν,
628 350 810 386 ἠπατήθησαν
822 357 829 364 ·
840 351 884 378 διὰ
900 351 944 388 τὴι

1008 356 1138 392 cﬂ‘ugcre.
1156 358 1208 391 Qui
1226 363 1317 386 autem
1338 359 1452 387 conlidit
1470 358 1498 386 in
1521 347 1578 386 Deo
1599 347 1796 394 omnipotenti,

156 393 306 429 εἰρημένην
316 394 418 427 αἰτίαν,
435 394 482 421 τὸν
507 395 690 430 ἀποκείμενον
716 397 810 429 αὐτοῖς
835 397 944 434 ψυχικόι

1006 401 1212 439 humanumque
1228 405 1355 433 timorem
1372 405 1490 440 spernit,
1508 405 1649 433 laetabitur
1678 412 1797 433 securus

155 448 184 486 τε
198 441 246 467 καὶ
257 441 414 476 σωματικὸν
428 441 550 469 κίνδυνον
564 443 696 477 ἐκφυγεῖν
719 443 756 479 μὴ
773 443 944 479 θελήσαντες.

1004 455 1018 475 a
1038 449 1161 483 pernicie
1176 450 1277 478 ruentis
1295 455 1323 478 et
1337 450 1464 486 corporis
1478 460 1486 478 :
1502 451 1550 486 qui
1570 451 1643 479 enim
1670 450 1794 478 nondum

159 483 225 531 Ὀδὲ
249 484 360 531 θαρρῶν
389 487 436 514 ἐπὶ
460 487 500 522 τῷ
530 488 728 524 παντοδυνάμῳ
751 489 821 525 Θεῷ,
835 490 944 518 καὶτοῦ

1002 495 1148 522 convictus
1179 503 1260 523 suum
1295 483 1438 531 peccat-um
1465 483 1624 528 confitetur,
1643 503 1700 523 non
1713 494 1796 522 modo

155 529 328 565 ἀνθρωπίνου
343 531 427 566 φόϐου
444 533 635 569 καταφρονῶν,
651 534 803 570 χαρήσεται
811 535 862 571 τῆς
875 536 944 563 κατὰ

1001 541 1154 576 spirituale,
1174 541 1222 570 sed
1251 543 1334 570 etiam
1357 542 1498 577 corporale
1515 542 1665 577 periculum
1685 542 1708 569 si
1721 541 1796 568 acci-

154 576 244 612 ψυχὴν
260 578 308 605 καὶ
321 578 402 614 σῶμα
414 578 517 614 βλάϐης
530 580 698 615 ἀπαλλαγείς
714 587 723 596 ο
735 581 782 608 καὶ
790 581 845 617 γὰρ
859 582 875 608 ὀ
892 582 944 620 πρὸ

998 583 1079 617 derit,
1095 585 1199 613 vitabit.

155 624 209 651 τῶν
229 624 350 659 ὲλέγχων
368 624 399 652 τὸ
412 625 512 652 οἰκεῖον
522 626 677 662 ἁμάρτημα
687 626 948 663 ἐξομολογούμενος,
965 628 996 655 οὺ
1010 629 1091 665 μόνον
1106 631 1154 658 τοῦ
1164 631 1281 667 ψυχικοῦ
1293 632 1428 664 κινδύνου,
1446 631 1514 660 ἀλλὰ
1535 631 1583 659 καὶ
1619 631 1667 658 τοῦ
1701 640 1796 668 σωμα-

155 670 242 703 τικοῦ,
258 671 283 697 εἰ
300 671 456 706 πρόκειται,
468 672 680 700 ἀπαλλάττεται.

195 716 327 744 Ἀσέὅεια
337 717 423 752 ἀνδρί
449 717 555 746 δίδωσι
571 719 699 754 σφάλμα
711 728 718 735 ·
739 719 773 753 ὃς
793 719 828 747 δὲ
849 720 944 748 πέποι-

1035 722 1162 759 ιηιρὶειαε
1179 724 1234 752 viro
1257 725 1304 752 dat
1323 725 1531 760 prolapsionem;
1547 725 1594 760 qui
1608 729 1696 752 autent
1713 724 1793 758 conﬁ-

155 766 209 790 θεν
220 763 271 790 ἐπὶ
280 763 321 796 τῷ
334 764 482 799 Δεσπότῃ,
498 765 679 799 σωθήσεται.
696 766 733 792 Τδ
749 765 787 802 μὴ
802 767 890 802 τιμᾷν
903 767 944 794 τοι

998 770 1037 797 dit
1049 770 1077 797 in
1095 770 1221 803 Domino,
1234 771 1393 798 salvabitur.
1410 771 1438 799 Si
1450 771 1514 807 quis
1529 770 1615 799 Deum
1633 778 1688 798 non
1705 770 1796 798 hono-

154 809 232 841 Θεὸν,
251 810 281 836 ὲν
295 809 334 845 τῷ
347 809 385 845 μὴ
396 810 556 845 προκρίνειν
567 811 680 838 πάντων
691 811 740 847 τὴν
754 811 838 839 αὐτοῦ
851 812 944 849 εὐαρέ-

999 820 1052 850 rat,
1079 824 1178 852 nempe
1205 817 1229 846 si
1254 817 1457 852 beneplacitum
1483 816 1545 851 ejus
1573 817 1650 844 omni
1678 817 1718 844 rei
1737 824 1793 844 non

157 863 262 890 στησιν,
281 855 350 891 μηδὲ
367 855 479 891 θαρρεῖν
494 856 538 883 ἐπ’
562 856 638 892 αὺτῷ
652 858 681 884 ἐν
699 858 767 884 πᾶσι
781 858 838 890 τοῖς
857 858 944 893 ἐγχει-

998 862 1143 897 przeponit,
1173 862 1196 890 si
1223 869 1278 891 non
1309 862 1338 890 in
1363 862 1493 890 omnibus
1519 861 1579 890 suis
1607 860 1725 896 inceptis
1748 860 1794 888 ille

156 901 290 937 ρήμασιν,
305 900 434 936 προξενεῖ
442 901 481 937 τῷ
497 902 570 929 κατὰ
592 902 709 937 θεωρίαν
727 903 744 938 ἢ
756 903 858 939 πρᾶξιν
879 913 944 939 καρ‹

1001 907 1205 942 cupidissimus
1229 907 1420 944 intelligentia:
1447 912 1475 936 et
1505 907 1618 935 virtutis
1644 910 1735 934 mente
1765 910 1794 934 et

154 947 241 983 τερῶς
265 947 460 983 ἐπιχειροῦντι,
482 948 584 982 γνῶσιν
607 948 623 984 ἢ
645 949 748 985 ἀρετὴν
773 950 942 986 κατορθοῦν,

997 953 1136 981 voluntate
1151 954 1394 989 acquirendarum,
1415 962 1430 982 a
1446 962 1510 983 vero
1524 958 1551 982 et
1563 954 1634 981 bono
1645 952 1764 985 decidet,
1778 961 1794 980 ει

155 994 379 1030 παρασφαλῆναι.
399 994 455 1022 εἴτε
468 995 517 1031 τῆς
532 995 674 1030 ἀληθείας,
689 995 745 1023 εἴτε
758 996 805 1023 τοῦ
820 996 924 1031 ἀγαθοῦ
939 1005 946 1012 ·

154 1040 204 1075 τῆς
218 1040 278 1076 μὲν,
310 1041 389 1076 εἴπερ
413 1041 455 1077 εἴη
477 1042 509 1068 τὺ
534 1042 689 1079 ἐγχείρημα
711 1042 889 1079 θεωρητικὸν,
905 1043 947 1070 ὅτι

154 1087 229 1118 τέλος
245 1087 262 1122 ἡ
278 1086 391 1122 ἀλήθεια
415 1088 471 1114 τῶν
493 1089 640 1123 γνωστῶν,
665 1088 704 1120 ὠς
723 1088 859 1125 ἀλάϐητον
875 1097 947 1124 γνω-

155 1134 234 1160 στόν·
249 1134 297 1161 τοῦ
311 1134 350 1167 δὲ,
366 1135 446 1171 εῐπερ
469 1135 528 1163 ἐστὶ
559 1136 722 1172 πρακτικὸν,
742 1137 783 1164 ὃτι
799 1136 877 1169 τέλος
890 1136 946 1163 τῶν

155 1181 317 1217 πρακτικῶν
342 1182 373 1208 τδ
407 1182 520 1217 ἀγαθὸν,
544 1183 583 1215 ὡς
607 1184 722 1219 ἔσχατον
741 1184 872 1219 ὀρεκτόν·
887 1185 902 1211 ὁ
916 1184 947 1212 δὲ

154 1226 264 1261 θαρρῶν
283 1226 330 1252 ἐπὶ
340 1226 380 1262 τῷ
405 1227 562 1262 κυριεύοντι
585 1228 695 1255 πάντων
713 1227 786 1264 Θεῷ,
799 1228 838 1261 ὡς
848 1230 946 1257 τοῦτον

153 1272 181 1297 ὲν
196 1271 283 1298 ἃπασι
311 1272 466 1307 προτιμῶν,
496 1273 545 1300 καὶ
559 1273 683 1301 σπεύδων
707 1275 755 1301 ἐπὶ
776 1275 845 1302 πᾶσι
858 1275 946 1311 τούτῳ

153 1317 323 1353 εὐαρεστεῖν,
345 1317 469 1354 μετάσχῃ
481 1318 536 1346 τῶν
550 1319 621 1354 ὑπὲρ
631 1319 715 1354 φύσιν
728 1320 811 1347 αὑτοῦ
819 1320 946 1357 ξδωρεῶν,

152 1364 220 1399 ὅπερ
233 1364 272 1396 ὼς
285 1364 405 1396 πίστεως
421 1365 499 1397 τέλος
508 1366 631 1401 σωτηρία
647 1367 716 1399 ἐστὶ,
728 1367 819 1394 πᾶσαν
830 1367 946 1402 ἄγνοιαν

153 1410 198 1436 καὶ
211 1409 310 1436 κακίαν
320 1409 470 1444 διαφυγὼν,
487 1408 586 1446 οἷάπερ
609 1411 646 1446 μὴ
661 1411 855 1448 διαμαρτήσας
863 1412 942 1446 Θεοῦ,

153 1455 221 1482 ἀλλὰ
235 1456 304 1483 κατὰ
320 1455 422 1490 γνῶσιν
447 1456 496 1483 καὶ
523 1456 624 1492 ἀρετὴν
639 1456 736 1483 τούτου
751 1457 901 1492 ἐπιτυχὼν,
913 1458 943 1490 ὃς

153 1502 226 1529 ἐστιν
242 1503 259 1538 ἡ
277 1501 391 1538 ἀλήθεια
405 1502 453 1529 καὶ
464 1501 495 1529 τὸ
506 1502 608 1536 ἀγαθόν
618 1510 626 1518 ο
640 1502 672 1529 τδ
701 1503 751 1538 μὲν
764 1503 829 1530 ὅταν
844 1503 877 1530 ἐκ
891 1503 944 1538 τῆς

1002 1006 1068 1027 vero
1081 999 1203 1035 quidem,
1213 1000 1237 1028 si
1256 1001 1378 1029 scientire
1390 1002 1486 1034 instat,
1501 1000 1565 1036 quia
1577 999 1638 1028 linis
1654 999 1738 1028 studii
1752 1002 1795 1028 est

1000 1045 1111 1077 veritas,
1124 1049 1152 1073 et
1161 1045 1231 1074 Deus
1246 1051 1288 1074 est
1295 1046 1448 1074 necessaria
1458 1046 1570 1079 veritas;
1580 1053 1595 1072 a
1608 1044 1721 1077 bono,si
1733 1052 1796 1080 aga-

1000 1094 1046 1117 tur
1057 1090 1090 1118 de
1104 1091 1222 1123 actibus.
1239 1091 1301 1126 quia
1320 1091 1382 1119 linis
1397 1097 1475 1118 actus
1494 1095 1535 1119 est
1553 1090 1667 1123 bonum,
1678 1093 1705 1117 et
1722 1089 1794 1118 Deus

999 1140 1042 1164 est
1055 1144 1213 1172 supremum
1237 1138 1351 1165 bonum.
1368 1138 1420 1172 Qui
1436 1141 1527 1165 autem
1553 1137 1665 1165 conlidit
1687 1137 1715 1164 in
1737 1136 1792 1163 Deo

999 1182 1318 1218 omnipotenti,eumque
1329 1184 1356 1211 in
1374 1183 1448 1210 omni
1467 1191 1497 1211 re
1511 1183 1640 1216 honorat,
1655 1186 1683 1210 et
1698 1181 1792 1210 studet

999 1227 1024 1255 ei
1037 1227 1146 1263 placere
1154 1228 1181 1255 in
1197 1228 1334 1262 otnnibus,
1349 1229 1485 1264 particeps
1497 1228 1618 1263 eritejus
1631 1231 1794 1263 supernatu-

1001 1273 1099 1300 ralium
1111 1273 1265 1307 donorum,
1279 1273 1305 1302 id
1320 1279 1362 1303 est
1388 1274 1481 1303 salvus
1495 1274 1560 1307 erit,
1572 1273 1605 1301 ad
1617 1273 1690 1309 quod
1706 1272 1794 1300 tendit

1003 1318 1177 1352 ﬁdes;omni
1198 1328 1292 1348 errore
1312 1324 1339 1348 et
1355 1320 1481 1355 nequitia
1500 1320 1621 1351 evitatis,
1641 1327 1697 1346 non
1709 1318 1792 1345 amit-

999 1369 1048 1397 tet,
1065 1366 1112 1393 sed
1138 1366 1190 1394 tide
1207 1370 1234 1393 et
1261 1366 1363 1394 virtute
1391 1366 1475 1394 Deum
1502 1366 1650 1396 obtinebit.
1676 1365 1724 1400 qui
1751 1369 1794 1394 est

1001 1411 1106 1439 veritas
1123 1415 1150 1439 et
1167 1412 1292 1446 bonum;
1313 1420 1397 1440 unum
1422 1420 1455 1440 ex
1481 1416 1591 1444 natura,
1619 1412 1735 1439 alterum
1760 1418 1794 1438 ex

996 1457 1135 1492 operibus,
1168 1458 1304 1493 siquidem
1321 1458 1424 1486 veritas
1434 1463 1477 1486 est
1493 1457 1674 1486 immutabilis
1691 1461 1718 1484 et
1742 1456 1794 1483 bo-

995 1511 1061 1531 num
1077 1511 1138 1532 sese
1152 1505 1233 1532 nobis
1252 1504 1475 1532 accommodans.

152 1548 257 1581 οὐσίας,
281 1547 312 1575 τδ
337 1547 361 1575 δ’
381 1548 446 1576 ὅταν
461 1548 496 1575 ἐκ
519 1548 570 1584 τῆς
587 1549 730 1584 ἐνεργείας
754 1549 829 1577 δοκεῖ
842 1549 1041 1586 σημαίνεσθαι·
1055 1549 1191 1586 ἄτρεπτον
1206 1550 1261 1586 γὰρ
1289 1550 1449 1586 ήὰλήοεια·
1485 1549 1663 1585 εὑαρεστικδν
1698 1549 1727 1576 δὲ
1763 1549 1793 1577 τὸ

153 1597 270 1632 ἀγαθόν.

187 1646 245 1676 κς’.
257 1643 369 1671 Πολλοί
387 1644 590 1678 θεραπεύουσι
597 1645 744 1679 πρόσωπα
754 1644 940 1680 ἡγουμένων

1028 1642 1113 1672 Vtilis.
1134 1642 1180 1670 26.
1202 1641 1283 1669 Multi
1300 1641 1390 1668 colunt
1405 1641 1487 1675 [acies
1504 1640 1612 1673 ducum,
1633 1649 1650 1668 a
1681 1639 1794 1667 Domino

152 1690 232 1724 παρὰ
241 1689 274 1716 δὲ
288 1689 398 1723 Κυρίου
409 1690 522 1724 γίνεται
534 1690 568 1717 τὸ
581 1689 700 1718 δίκαιον
709 1690 797 1725 ἀνδρί
800 1711 807 1719 .
821 1690 945 1718 Πλειστοι

152 1737 215 1768 τοὺς
227 1735 404 1772 προεστῶτας
425 1736 467 1768 είς
488 1736 636 1771 πρόσωπον
659 1736 824 1772 θεραπεύειν
839 1737 946 1772 ἐπιχει-

154 1780 246 1815 ροῦσιν
257 1800 264 1813 ,
285 1781 318 1808 ἶν’
331 1781 450 1808 εὐνοῦχοι
461 1781 566 1814 τούτοις
585 1781 723 1814 δόξαντες,
737 1783 788 1818 τὴν
802 1782 946 1819 εὐμένειαν

152 1827 243 1854 αὐτῶν
253 1827 468 1855 ἐπισπάσωνται
481 1835 489 1844 ·
505 1828 583 1864 παρὰ
595 1827 623 1854 δὲ
635 1827 683 1855 τοῦ
694 1829 731 1856 τὰ
746 1828 836 1856 πάντα
844 1829 946 1861 εἰδότος

152 1872 292 1900 Δεσπότου
302 1872 357 1900 τῶν
364 1873 433 1900 ὅλων
444 1873 525 1906 Θεοῦ,
539 1873 697 1901 ἀποδίδοται
718 1874 827 1910 ἑκάστῳ
845 1876 862 1912 ἠ
877 1875 945 1902 ἀνά-

152 1919 231 1953 λογος
243 1918 401 1955 ἀντιμισοία
413 1920 446 1954 τῇ
473 1919 592 1946 διαθέσει
608 1919 692 1946 αὑτοῦ
706 1927 714 1934 ·
731 1919 780 1948 καὶ
793 1919 845 1948 οὐκ
866 1919 944 1948 ἔσται

152 1965 206 1992 τινὶ
219 1965 430 2001 ὲξύποκρίσεως
445 1965 576 2000 ὠφέλεια.

188 2010 238 2043 κζ’.
252 2011 410 2046 Βδέλυγμα
420 2011 534 2045 δικαίῳ,
545 2011 624 2046 ἀνὴρ
649 2011 754 2045 ἄδικος
762 2019 770 2028 ·
781 2011 944 2047 ,βδέλυγμα

152 2055 186 2082 δὲ
214 2056 324 2091 ἀνόμῳ,
339 2057 567 2084 κατευθύνουσα
590 2057 670 2090 ὁδός.
691 2057 816 2093 Μισητὺς
832 2057 892 2093 Θεῷ
904 2057 944 2094 τῷ

151 2102 303 2129 ἀποδιδόντι
313 2102 423 2138 ἑκάστῳ
438 2103 511 2130 κατὰ
523 2103 558 2130 τὰ
571 2103 640 2139 ἔργα
655 2103 749 2136 αὑτοῦ,
772 2105 786 2131 ὁ
807 2104 845 2140 μὴ
871 2105 943 2132 κατὰ

151 2147 216 2178 τοὺς
231 2147 332 2183 νόμους
354 2147 450 2174 τούτου
478 2148 704 2184 πολιτευόμενος,
723 2148 761 2181 ὡς
778 2149 944 2185 παραϐάτης

151 2193 205 2220 τῶν
219 2193 299 2221 θείων
320 2193 404 2221 αὑτοῦ
433 2193 547 2220 ἐντολῶν
559 2201 567 2210 ·
592 2194 694 2230 μισητὴ
706 2194 735 2221 δὲ
750 2194 790 2230 τῷ
805 2195 944 2230 παρασαί-

152 2249 224 2267 νοντι
237 2232 349 2274 ταύτας,
364 2241 381 2275 ἠ
390 2240 458 2276 πρὸς
471 2241 609 2276 σωτηρίαν
620 2240 829 2276 ἅπαρεγκλίτως
838 2241 943 2276 ἄγουσα

151 2286 279 2322 ἐνάρετος
292 2287 426 2319 πολιτεία,
439 2286 477 2319 ὡς
485 2288 599 2323 τραχεῖά
611 2295 641 2314 τε
657 2288 706 2314 καὶ
721 2287 865 2319 ἐπίπονος.

450 2353 578 2380 ΚΕΦΔΛ.
600 2353 641 2380 Λθ.

188 2424 222 2448 α’.
231 2421 303 2455 Τοὺς
313 2421 532 2456 ἑμοὺςλόγους,
547 2421 605 2453 υἱὲ,
618 2421 775 2456 φοϐήθητι,
792 2421 842 2448 καί
856 2420 944 2454 δεξά-

148 2475 243 2502 μενος
254 2467 367 2501 αὐτοὺς
380 2468 531 2502 petor-det.
543 2467 600 2498 re;
611 2467 680 2502 ἐμὰς
692 2466 814 2498 ἐντολὰς,
825 2467 943 2499 τεκνίον,

154 2513 192 2548 μὴ
206 2512 368 2548 περιφρόνει
378 2520 385 2527 ·
399 2513 456 2544 τοῖς
470 2513 493 2540 δ’
507 2512 560 2539 ὠσί
572 2520 620 2539 σου
632 2511 735 2543 ταύτας
749 2510 944 2548 παραδεξάμε-

151 2567 208 2591 νον,
225 2559 267 2593 ἐφ’
284 2557 325 2590 οἷς
339 2559 475 2594 ἥμαρτες,
496 2559 700 2595 μεταγίνωσκε.

187 2603 264 2632 Τάδε
279 2604 360 2640 λέγει
384 2606 401 2632 δ
425 2604 504 2639 ἀνὴρ
525 2604 587 2638 τοῖς
602 2604 784 2632 πιστεύουσι
806 2604 878 2637 Θεῷ,
893 2604 944 2632 καὶ

153 2650 294 2684 παύομαι.
307 2649 401 2677 Ταῦτα
414 2650 429 2676 ὀ
441 2650 590 2685 ἀνδρωθεὶς
599 2650 629 2677 ἐν
642 2649 682 2685 τῷ
695 2650 820 2685 γενέσθαι
834 2650 944 2686 ἀληθῶς

150 2695 314 2730 ἄνθρωπος,
323 2696 473 2732 μονογενὴς
486 2696 534 2723 τοῦ
550 2695 618 2723 Θεοῦ
633 2696 697 2728 Υἱὸς
721 2696 770 2724 καὶ
790 2697 887 2731 Λόγος.
903 2697 944 2724 δι-

149 2742 247 2769 δάσκει
260 2742 325 2774 τοὺς
345 2742 526 2775 πιστεύοντας
540 2741 629 2777 αὐτῷ,
645 2742 683 2774 ὡς
700 2742 776 2778 Θεῷο
793 2743 841 2770 καὶ
856 2752 944 2770 κατα-

149 2786 250 2814 παύσω
276 2787 358 2819 αὐτὸς
386 2787 434 2815 τοῦ
461 2789 571 2823 φρονεῖν
594 2788 704 2820 πάντως
731 2788 766 2815 τὰ
797 2789 848 2824 τῆς
875 2798 940 2826 cap-

149 2831 209 2864 κός.

187 2878 220 2913 β’.
240 2878 480 2913 ’Δφρονέστατος
492 2881 547 2916 γάρ
561 2881 620 2915 ειμι
632 2880 753 2908 πάντων
763 2881 939 2916 ἀνθρώπων,

149 2923 199 2950 καὶ
214 2925 364 2958 φρόνησις
377 2924 542 2959 ἀνθρώπων
557 2926 613 2953 οὐκ
628 2926 714 2953 ἐστιν
727 2927 762 2954 ἐν
776 2927 852 2962 ἐμοί.
870 2928 942 2954 Πάν-

147 2978 204 2997 των
223 2970 278 3006 γὰρ
302 2970 357 2998 τῶν
372 2971 407 2998 τὰ
431 2971 551 3008 σαρκικὰ
576 2971 748 3008 φρονούντων
773 2973 939 3009 ἀνθρώπων,

997 1694 1086 1717 autem
1099 1689 1130 1724 [it
1143 1689 1249 1724 justum
1280 1688 1348 1715 uiro.
1365 1687 1443 1715 Multi
1460 1687 1632 1723 principibus
1649 1687 1682 1715 ad
1695 1691 1791 1714 nutum

997 1737 1100 1764 servire
1115 1738 1262 1767 conantur,
1284 1738 1314 1762 ut
1338 1733 1467 1761 simulata
1492 1733 1563 1761 bona
1580 1733 1731 1765 voluntate,
1742 1732 1791 1760 be-

997 1783 1177 1811 nevolentiam
1200 1790 1295 1810 eorum
1322 1781 1373 1809 sibi
1400 1780 1557 1816 acquirant.
1580 1781 1604 1808 Α
1625 1781 1679 1810 Deo
1701 1785 1792 1809 autem

996 1828 1181 1861 omniscienti,
1204 1828 1251 1863 qui
1267 1827 1402 1864 gubernat
1416 1827 1520 1859 omnia,
1537 1821 1686 1862 unicuique
1701 1827 1793 1855 reddi-

996 1879 1041 1902 tur
1059 1875 1212 1910 przemium,
1223 1874 1299 1910 juxta
1312 1873 1438 1902 meritum
1453 1873 1514 1909 ejus
1527 1883 1534 1901 :
1549 1874 1652 1901 nemini
1672 1873 1793 1910 proderit

996 1927 1046 1948 sua
1062 1920 1235 1956 hypocrisis.

1031 2008 1115 2037 Vens.
1145 2009 1190 2036 27.
1214 2009 1387 2037 Abominatio
1412 2009 1488 2045 justo
1512 2009 1568 2036 viro
1591 2008 1632 2035 uir
1655 2007 1791 2043 injustus;

995 2056 1157 2083 aboniinatio
1172 2055 1261 2090 iniquo
1278 2060 1346 2084 recte
1356 2063 1471 2092 pergens
1484 2055 1537 2082 uia.
1555 2053 1627 2083 Deus
1640 2054 1686 2090 qui
1702 2053 1792 2082 reddit

996 2101 1144 2135 unicuique
1154 2101 1233 2137 juxta
1253 2109 1337 2137 opera
1352 2109 1412 2134 sua,
1428 2101 1486 2128 odit
1502 2100 1641 2128 hominem
1656 2107 1712 2127 non
1732 2107 1790 2126 am-

996 2148 1134 2176 bulantem
1164 2148 1191 2175 in
1207 2147 1266 2183 lege
1280 2155 1341 2180 sua,
1363 2151 1457 2182 utpote
1484 2149 1700 2181 contemptorem
1727 2152 1792 2172 suo-

996 2203 1056 2222 rum
1071 2198 1278 2229 praaceptorum.
1291 2194 1360 2222 Nam
1372 2194 1417 2221 hic
1430 2193 1541 2228 quidem
1555 2193 1639 2219 vitam
1656 2191 1793 2220 immacu-

996 2241 1088 2274 latam,
1106 2248 1167 2275 qua:
1188 2244 1263 2268 certo
1278 2239 1354 2268 ducit
1368 2239 1402 2268 ad
1417 2240 1541 2271 salutem.
1559 2242 1652 2275 utpote
1665 2245 1792 2274 asperam

995 2293 1022 2316 et
1037 2288 1183 2320 ditlicilem,
1199 2287 1268 2315 odit.

1298 2354 1376 2384 CAP.
1397 2354 1483 2382 XXX.

1029 2420 1112 2449 Vens.
1127 2421 1150 2448 1.
1171 2420 1253 2453 Time,
1269 2421 1326 2456 ﬁli.
1343 2429 1402 2448 mea
1432 2419 1522 2453 verba,
1536 2424 1561 2447 et
1585 2419 1732 2454 suscipiens
1760 2427 1793 2447 ea

993 2466 1173 2502 penitentiam
1193 2474 1250 2502 age.
1265 2465 1393 2494 Mandata
1409 2473 1479 2498 mea,
1501 2465 1550 2498 ﬁli,
1563 2473 1598 2493 ne
1609 2469 1790 2495 contemnas;

994 2514 1110 2541 auribus
1126 2517 1220 2541 autem
1234 2513 1377 2549 excipiens
1390 2520 1434 2545 ea,
1451 2512 1486 2542 de
1513 2512 1635 2548 peccatis
1656 2512 1711 2540 tuis
1741 2519 1792 2547 age

994 2559 1196 2594 pmnitentiam.

1031 2604 1096 2632 (hac
1114 2604 1179 2631 dicit
1192 2604 1233 2632 uir
1251 2603 1419 2631 credentibus
1435 2603 1502 2637 Deo,
1532 2607 1558 2631 et
1573 2603 1691 2639 quiesco.
1727 2602 1791 2631 llmc

995 2649 1155 2684 unigenitus
1186 2649 1233 2677 Dei
1247 2649 1334 2677 Filius
1350 2656 1383 2677 ac
1400 2648 1520 2677 Verbum
1537 2648 1621 2676 homo
1646 2656 1711 2677 vere
1735 2649 1790 2676 fae-

995 2699 1040 2722 tus
1053 2695 1133 2723 docet
1147 2695 1290 2723 credentes
1307 2695 1334 2722 in
1353 2702 1416 2722 eum
1437 2699 1467 2722 ut
1483 2694 1582 2723 Deum.
1597 2693 1632 2722 Et
1640 2702 1692 2730 ego
1709 2702 1789 2730 pror-

995 2748 1044 2769 sus
1057 2741 1198 2776 quiescam
1222 2741 1327 2769 senlire
1345 2741 1481 2769 carnalia.

1033 2884 1116 2911 Vens.
1139 2883 1168 2910 ἓ.
1186 2883 1425 2919 Ιηείρίεηιίεδίηιιιε
1444 2886 1513 2913 enim
1527 2894 1585 2913 sum
1599 2886 1718 2912 omnium
1736 2884 1784 2912 Ιιο-

995 2930 1093 2957 miuum
1109 2934 1133 2957 ct
1148 2929 1292 2965 prudentia
1306 2931 1443 2959 hominum
1457 2935 1558 2959 ιιοιιεει
1584 2931 1610 2958 in
1634 2939 1683 2958 me.
1717 2930 1785 2957 0m-

995 2976 1070 3004 nium
1087 2975 1159 3004 enim
1189 2976 1330 3004 hominum
1349 2977 1470 3004 carnalia
1497 2976 1689 3010 sentientium,
1719 2975 1786 3004 insi,
