2072 3161
309 258 382 292 1523

979 249 1156 281 PROCDPII
1172 248 1296 279 GAZ/EI

1867 246 1876 275 1
1882 244 1924 275 5‘24

308 315 499 352 pientissimus
513 320 587 345 sum,
605 310 669 347 qttia
686 314 716 338 ut
740 308 893 345 spiritualia
906 305 1035 336 sentienti
1047 311 1100 332 non

1154 303 1358 339 ἀφρονέστατος
1375 302 1501 330 ἐντεῦθέν
1517 302 1586 338 εἰμι,
1601 302 1695 338 ἐπειδὴ
1707 301 1743 333 ὡς
1757 301 1886 337 φρονοῦντι
1897 301 1925 328 τὰ

309 363 376 390 mihi
393 361 518 389 subsistit
540 358 662 387 carnalis
681 360 709 385 et
724 356 845 384 humana
869 353 1012 389 cogitatio.

345 449 427 476 Vens.
447 448 473 475 5.
491 447 562 474 Deus
591 445 681 474 docuit
710 452 751 471 me
770 441 942 478 sapientiam.
958 440 991 475 et}
1015 439 1101 466 scien-

311 497 377 522 tiam
394 501 549 522 sanctarum
577 492 697 527 cognovi.
716 491 790 518 Deus
807 494 898 517 autent
915 488 1018 516 divinae
1044 493 1102 515 sua:

310 541 465 577 disciplinae
479 548 522 568 me
540 539 703 574 participem
724 537 828 566 eiiccit.
852 536 885 564 Et
899 534 996 571 excepi
1008 533 1101 562 divina

311 587 441 623 mysteria
461 594 523 622 quae
544 588 647 613 norunt
664 583 758 612 mundi
778 582 872 611 corde.

347 632 432 661 Vens.
450 633 478 659 Δ.
496 631 562 665 Qui:
589 629 708 658 ascendit
728 630 756 656 in
770 629 865 656 cadum
892 632 917 655 et
943 625 1076 654 descendit
1091 626 1104 653 ἵ

310 678 379 712 Quis
395 686 410 705 a
426 682 500 706 terra
521 677 554 705 ad
568 677 668 705 cmlum
684 674 835 704 ascendit?
852 673 904 708 Qui
923 672 1043 709 primum
1069 670 1102 698 ad

311 728 437 752 nostrum
453 723 596 751 descendit
611 722 709 754 lutum,
730 725 759 748 ut
775 720 845 747 illud
862 719 896 747 ad
909 726 988 747 suam
1017 717 1104 746 extol-

312 771 379 798 leret
393 769 619 804 supracoelcstem
637 767 820 798 altitudinem,

348 815 414 849 Quis
432 814 597 850 congregavit
611 817 699 841 ventos
720 812 748 839 in
768 812 828 839 ιίηα
844 811 856 838 .9
876 809 909 838 Et
933 816 1029 838 omnes
1050 808 1106 844 spi-

314 862 428 890 ritnales
447 861 584 898 potentias
599 860 627 888 in
641 860 741 887 animae
753 858 863 887 mrario.

350 951 415 985 Quis
441 950 569 977 convertit
592 957 690 984 aquam
716 949 744 976 in
770 945 992 976 eestimento?Et
1010 952 1107 974 omnes

1148 349 1197 376 τοῦ
1212 349 1382 385 πνεύματος,
1403 348 1455 384 οὐχ
1480 347 1601 384 ὑπάρχει
1622 349 1650 375 ἐν
1664 348 1727 383 ἐμοὶ
1746 348 1870 383 σαρκικδν
1887 348 1926 375 καὶ

1149 395 1323 432 ἀνθρώπινον
1340 395 1425 431 φρόνη
1431 404 1480 430 μα.

1186 444 1221 476 γ’.
1243 442 1317 474 Θεὸς
1341 441 1376 468 δὲ
1392 440 1514 473 ἐδίδαξέ
1543 448 1582 476 με
1606 440 1729 475 σοφΙαν,
1755 441 1802 468 καὶ
1828 439 1927 475 γνῶσιν

1151 487 1244 522 ἁγίων
1260 486 1388 522 ἔγνωκα.
1407 486 1473 518 Θεὸς
1490 486 1518 512 δέ
1544 494 1590 522 μοι
1608 487 1658 522 τῆς
1675 486 1750 517 θείας
1768 485 1846 513 αὑτοῦ
1864 485 1926 512 διδα-

1153 532 1268 565 σκαλίας
1284 533 1439 569 μετέδωκε·
1467 533 1514 560 καὶ
1529 532 1681 559 κατέλαϐον
1708 533 1768 559 θεῖα
1794 531 1924 567 μυστήρια,

1152 575 1250 614 οἷάπερ
1261 578 1414 613 ἐγνώκασιν
1423 578 1449 605 οἱ
1463 578 1581 613 καθαροὶ
1594 579 1644 614 τὴν
1657 578 1786 605 διάνοιαν.

1187 625 1219 651 δ’.
1240 625 1288 658 Τίς
1307 624 1400 658 ἀνέϐη
1426 624 1469 657 εις
1486 624 1540 651 τὸν
1562 623 1714 658 οὐρανὸν,
1740 623 1788 650 καὶ
1815 622 1928 655 mean,-

1154 669 1202 702 Τίς
1216 669 1271 696 ἀπὸ
1285 669 1337 704 γῆς
1360 669 1455 704 ὑψώθη
1469 669 1537 705 πρὸς
1557 668 1691 704 οὐρανόνς
1716 668 1745 700 ὃς
1768 667 1814 695 καὶ
1834 667 1929 702 πρῶτον

1155 715 1310 751 συγκατέϐη
1326 715 1366 751 τῷ
1381 715 1510 751 ἡμετέρῳ
1530 715 1682 751 φυράματι,
1700 714 1770 741 (Im:
1796 712 1929 740 ἁνελκῦσαι

1154 761 1233 790 τοῦτο
1251 761 1320 796 πρὸς
1332 761 1363 788 τὺ
1379 761 1577 797 ὑπερουράνιον
1594 761 1678 788 αὑτοῦ
1697 760 1773 795 ὕψος.

1193 807 1242 839 Τίς
1258 805 1435 841 συνήγαγεν
1456 804 1588 840 ἀνέμους
1605 806 1641 832 ἐν
1654 805 1775 838 κόλπῳ;
1792 802 1842 830 Καὶ
1853 802 1930 833 πάσας

1156 851 1207 884 τὰς
1228 852 1372 888 ἐνεργείας
1395 851 1444 879 τοῦ
1467 851 1624 888 πνεύματος
1649 852 1680 878 ἐν
1705 851 1743 887 τῷ
1765 850 1833 877 κατὰ
1854 850 1931 885 ψυχὴν

1156 898 1287 934 ταμιείῳ.

1195 947 1244 979 Τις
1260 947 1471 981 συνεστρεψῖν
1480 946 1560 979 ὕδωρ
1575 945 1610 973 ἐν
1623 945 1748 980 ἱματ[ῳ;
1771 944 1823 971 Καὶ
1835 943 1893 975 τοὺς
1907 942 1932 968 ἐν

314 1004 458 1024 sermones
474 996 500 1023 in
518 1003 601 1023 carne
615 993 795 1026 circumtulit.
805 993 832 1021 in
846 1000 917 1028 aqua
929 990 1105 1027 congregavit

1155 992 1194 1028 τῷ
1221 992 1305 1019 παντὶ
1334 991 1430 1026 λόγους
1462 992 1704 1027 συμπεριήνεγκεν
1730 991 1758 1017 ὲν
1832 989 1932 1024 ὲφόρεεε

313 1051 381 1075 eos,
409 1050 506 1071 omnes
525 1041 712 1077 complectens
741 1039 872 1076 mysterio
907 1037 1106 1066 incarnationis

314 1097 362 1124 per
377 1096 448 1117 eam.

351 1135 418 1167 Qui;
431 1133 669 1162 suaeitavitomnia
681 1137 799 1159 extrema
815 1130 953 1159 terrtht
965 1134 995 1158 ιιι
1016 1128 1107 1157 omnis

314 1180 463 1208 creationis
481 1179 624 1208 Dominus.
645 1186 733 1214 usque
748 1178 781 1205 ad
794 1177 927 1205 terminos
946 1180 1026 1204 terra:
1042 1183 1107 1211 pro-

315 1227 426 1263 pagavit
444 1225 621 1261 Evangelium
646 1232 746 1257 suum,
766 1227 917 1259 gentesque
934 1222 1008 1258 ipsas
1025 1221 1106 1249 inha-

316 1274 435 1301 bitantes
452 1271 568 1308 imperio
587 1270 706 1305 subegit,
731 1273 829 1305 sponte
845 1268 970 1304 regimen
987 1267 1048 1304 ejus
1058 1267 1107 1295 ad-

319 1320 471 1346 mittentes.

354 1405 436 1433 Vens.
458 1405 485 1432 5.
507 1403 583 1438 Quod
599 1411 694 1431 nomen
711 1403 736 1430 ei
747 1403 760 1430 θ
775 1407 822 1430 aut
837 1402 907 1438 quod
922 1410 1016 1429 nomen
1033 1401 1106 1437 [ilius

315 1452 398 1486 (jus?
412 1451 503 1479 ontnia
515 1451 584 1477 enim
597 1449 676 1477 verba
709 1449 758 1476 Dei
789 1449 887 1484 ignita.
906 1447 1037 1481 Quaenam
1064 1450 1107 1475 est

317 1495 469 1523 summaria
488 1495 635 1531 appellatio
650 1493 812 1530 qualitatem
827 1493 888 1528 ejus
900 1492 1108 1520 demonstrans?

315 1546 343 1570 et
359 1549 485 1578 quaenam
509 1541 609 1569 iterum
634 1539 785 1576 appellatio
800 1539 998 1574 discipulorum
1026 1537 1108 1573 ejus?

315 1587 445 1615 Christus
476 1586 571 1622 utique
596 1589 625 1614 et
641 1585 802 1613 Christiani.
838 1584 966 1612 Christus
998 1583 1107 1620 quidem

316 1634 380 1670 quia
403 1634 546 1662 divinitate
561 1633 639 1660 unxit
664 1631 862 1659 humanitatem
878 1652 887 1664 ,
909 1638 957 1666 per
978 1631 1107 1658 unionem

318 1680 518 1716 Itypostaticam
550 1680 696 1714 utriusque
735 1681 841 1706 natura:
881 1678 910 1705 in
950 1676 1109 1711 semetipso.

316 1726 468 1754 Christiani
506 1730 610 1759 autem,
643 1726 707 1761 quia
740 1725 841 1753 Christi
871 1725 1018 1761 participes
1049 1731 1111 1759 gra-

319 1773 385 1800 tiam
400 1772 520 1807 Spiritus
542 1779 590 1808 per
605 1779 667 1800 eum
686 1775 852 1807 acceperunt
876 1776 904 1800 et
924 1771 970 1799 ﬁlii
994 1771 1041 1798 Dei
1056 1770 1110 1798 Pa—

317 1818 369 1846 tris
383 1822 448 1846 sunt
462 1816 570 1846 eiieeti.‘
586 1817 735 1847 Sermones
752 1817 825 1846 enim
841 1818 935 1845 omnia
950 1818 1031 1845 verba
1049 1817 1108 1852 Dei,

318 1864 403 1898 ignita
423 1864 449 1890 in
468 1863 531 1899 igne
547 1864 713 1899 cognitionis
735 1863 781 1892 Dei
796 1871 904 1892 onmem
928 1864 1110 1900 ignorantiam

318 1915 345 1936 et
375 1909 537 1944 pravitatem
577 1909 763 1937 consumenti.
795 1909 848 1942 Qui
881 1909 925 1937 itis
939 1910 1108 1944 detinentur,

319 1955 369 1982 hos
388 1962 529 1982 serntones
546 1958 661 1990 tangere
673 1962 728 1982 11011
748 1959 873 1990 possunt.

354 1999 474 2035 Protegit
495 2004 584 2027 autem
618 2001 673 2036 ipse
702 2008 746 2028 eos
761 2001 806 2035 qui
834 2005 983 2028 reverentur
1011 2001 1108 2037 ipsum,

320 2044 380 2080 Ipse
405 2046 569 2075 timentibus
585 2053 616 2074 se
631 2051 744 2082 praestat
758 2047 891 2075 auxilium
906 2052 1004 2075 contra
1021 2055 1109 2083 oppu~

318 2097 436 2127 gnantes
455 2099 513 2120 eos.

355 2148 437 2177 Vens.
459 2149 484 2176 6.
507 2148 549 2176 Ne
564 2149 649 2177 addas
672 2150 758 2178 verbis
774 2151 842 2185 ejus,
860 2155 888 2178 ut
909 2159 962 2178 non
976 2156 1072 2187 arguat
1086 2157 1111 2179 te

317 2201 341 2223 et
352 2196 402 2230 fias
419 2196 544 2224 mendax.
562 2196 623 2224 Noli
638 2197 788 2232 quidquam
815 2198 937 2234 cogitare
963 2203 1064 2234 praeter
1077 2207 1109 2227 ea

317 2250 379 2278 qum
393 2248 420 2269 te
436 2242 550 2276 docuit,
576 2250 612 2270 ne
630 2243 689 2278 ipse
705 2243 751 2278 qui
775 2245 877 2271 veritas
907 2248 960 2277 est,
974 2245 1109 2273 mendacii

318 2292 345 2316 te
365 2293 475 2323 arguat,
491 2291 586 2323 utpote
603 2295 618 2315 a
636 2289 750 2317 veritate
762 2289 820 2326 ipsa
833 2291 1014 2319 excidentem.
1031 2291 1107 2319 Illum

319 2339 409 2362 autem
421 2335 572 2369 deprecans
585 2333 662 2362 addit
678 2343 685 2361 :

355 2443 438 2471 Vsus.
456 2443 481 2471 7.
500 2443 558 2470 Duo
572 2449 631 2479 peto
645 2449 709 2478 ate,
725 2453 757 2472 ne
770 2445 878 2480 auferas
897 2454 913 2473 a
929 2455 970 2473 nte
994 2448 1106 2481 gratia»;

319 2495 458 2525 antequam
474 2497 521 2525 ego
536 2491 646 2518 moriar.
671 2490 730 2518 Duo
749 2491 806 2519 haec
829 2499 845 2519 ιι
859 2497 885 2520 te
906 2493 1028 2528 recipere
1060 2501 1108 2521 cu-

319 2537 364 2570 pio
376 2557 384 2570 ,
399 2536 519 2565 Verbum
550 2536 609 2570 Dei,
626 2537 747 2573 Spiritus
778 2538 867 2566 sancti
887 2538 1000 2572 donumI
1019 2540 1109 2567 lumen

320 2583 527 2616 intellectuale,
543 2584 616 2618 quod
642 2584 829 2619 speculativas
850 2585 948 2613 animae
970 2593 1039 2614 mea:
1060 2594 1110 2621 po-

318 2629 419 2658 tentias
435 2650 443 2663 ,
461 2629 631 2658 intellectum
645 2630 751 2659 scilicet
773 2638 807 2658 ac
825 2635 943 2659 mentem
959 2632 1109 2666 illuminat,

320 2682 354 2702 ne
365 2673 476 2702 auferas
494 2682 510 2702 a
525 2682 570 2702 me
585 2683 634 2710 per
650 2675 735 2704 totius
756 2676 820 2704 vita:
840 2684 909 2704 mea;
923 2682 1040 2712 tempus.

354 2729 439 2759 Vens.
456 2732 483 2760 8.
507 2731 619 2759 Verbum
643 2741 738 2760 vanum
751 2739 776 2761 et
791 2734 905 2762 mendax
927 2735 1002 2770 longe
1025 2735 1068 2770 [ac
1095 2745 1110 2762 a

320 2786 369 2806 me.
404 2777 458 2805 Sed
489 2778 569 2813 quasi
600 2778 628 2806 in
660 2778 721 2807 luce
751 2780 920 2816 redargueus
938 2781 1061 2809 inutilem
1084 2787 1111 2809 et

320 2823 480 2851 mendacem
495 2831 529 2851 ex
558 2824 738 2860 suggestione
754 2826 818 2854 ntali
843 2827 1083 2855 ratiocinationem
1103 2848 1109 2860 ,

320 2877 380 2898 eam
397 2869 477 2905 longe
494 2870 536 2896 iac
551 2877 565 2896 a
582 2877 636 2897 me.

357 2926 470 2953 Diuitias
495 2931 619 2954 autemet
634 2932 816 2961 paupertatem
838 2937 870 2956 ne
902 2929 1006 2957 dederis
1034 2931 1108 2959 mihi.

320 2970 359 2999 Ne
378 2972 513 3001 concedas
529 2972 616 3001 litato
636 2981 697 3002 meo
729 2974 844 3002 arbitrio
860 2995 867 3009 ,
894 2975 952 3003 sive
967 2975 1105 3005 inutiliter

1122 1659 1144 1689 (Ξ

1158 1038 1256 1074 σαρκί·
1282 1037 1322 1074 τῷ
1351 1039 1412 1065 κατ’
1441 1038 1528 1074 αὐτὴν
1546 1037 1597 1074 τῆς
1622 1036 1781 1073 οἰκονομίας
1807 1035 1934 1071 μυοτηρίῳ

1157 1085 1262 1118 πάντας
1280 1083 1448 1121 περιλαϐών.

1195 1131 1243 1165 Τις
1258 1130 1408 1166 ἐκράτησε
1424 1130 1484 1158 τῶν
1497 1130 1599 1165 ἄκρων
1613 1129 1670 1164 τῆς
1685 1129 1742 1165 γῆς
1756 1137 1764 1161 ;
1777 1128 1829 1155 Kal
1841 1126 1881 1154 eia
1894 1127 1934 1152 Δε-

1158 1178 1263 1213 σπότης
1286 1177 1378 1213 πάσης
1390 1177 1440 1213 τῆς
1458 1176 1587 1209 κτίσεως,
1608 1176 1662 1209 ἕως
1687 1176 1743 1202 τῶν
1760 1175 1878 1210 περάτων
1890 1172 1933 1207 τῆς

1157 1225 1209 1260 γῆς
1226 1223 1388 1256 tamtam;
1403 1223 1434 1250 τὸ
1448 1222 1547 1250 ἑαυτοῦ
1564 1223 1711 1258 κήρυγμα,
1726 1222 1762 1249 τὰ.
1784 1221 1861 1256 μέχρι
1878 1219 1933 1246 τού-

1157 1277 1212 1296 των
1237 1269 1366 1296 οἰκοῦντα
1393 1269 1470 1305 ἔθνη,
1502 1268 1556 1296 ὑπὸ
1581 1269 1633 1304 τὴν
1665 1267 1765 1295 ἑαυτοῦ
1791 1265 1934 1293 δεσποτείαν

1158 1314 1298 1350 ἐποίησεν,
1315 1315 1448 1348 ἑκουσίως
1465 1315 1594 1343 ἐντεῦθεν
1608 1315 1747 1351 δεξάμενα
1760 1314 1790 1341 τὸ
1809 1313 1852 1340 ὑπ’
1863 1311 1933 1339 αὐτοῦ

1159 1361 1363 1396 βασιλεύεσθαι.

1194 1410 1224 1434 ε’.
1248 1408 1278 1435 Tt
1303 1407 1397 1443 ὄνομα
1420 1408 1557 1443 arietini)
1582 1408 1612 1435 τι
1633 1408 1731 1443 ὄνομα
1749 1407 1811 1440 τοῖς
1835 1406 1933 1436 τέκνοις

1158 1452 1271 1486 αὑτοῦ;
1288 1453 1400 1488 πάντες
1413 1454 1468 1489 γὰρ
1482 1455 1569 1490 λόγοι
1586 1453 1661 1481 Θεοῦ
1678 1451 1884 1488 πεπυρωμένοι.
1894 1450 1934 1480 τίς

1158 1499 1189 1526 τέ
1200 1499 1260 1525 ἐστι
1273 1499 1466 1536 κεφαλαιώδης
1481 1499 1655 1536 προσηγορία
1681 1499 1733 1535 τῆς
1748 1498 1882 1532 ποιότητος
1894 1495 1934 1523 αὖ·

1158 1544 1206 1572 τοῦ
1219 1541 1410 1582 παραστατική
1421 1554 1428 1580 ;
1442 1546 1490 1574 καὶ
1500 1546 1543 1578 τίς
1552 1546 1636 1574 πάλιν
1646 1545 1703 1572 τῶν
1714 1545 1795 1573 αὑτοῦ
1808 1542 1933 1579 μαθητῶνὶ

1159 1591 1278 1625 Χριστὸς
1291 1591 1400 1624 πάντως
1420 1592 1469 1619 καὶ
1485 1591 1643 1628 Χριστιανοι
1653 1599 1660 1606 ·
1674 1593 1690 1619 ὁ
1706 1591 1755 1627 μὲν
1765 1611 1772 1624 ,
1790 1590 1826 1623 ὡς
1842 1591 1872 1625 τῇ
1883 1588 1934 1615 θεύ-

1159 1645 1221 1672 τητι
1238 1637 1336 1673 χρίσας
1351 1638 1401 1674 τὴν
1411 1638 1460 1665 ἀνθ
1465 1639 1622 1674 ρωπότητα,
1636 1637 1683 1664 διὰ
1700 1637 1749 1673 τὴν
1762 1638 1789 1664 ὲν
1804 1635 1871 1670 αὐτῷ
1883 1634 1934 1662 καθ’

1161 1682 1313 1710 ὑπόστασιν
1329 1684 1382 1711 τῶν
1405 1684 1536 1711 τοιούτων
1551 1683 1660 1718 φύσεων
1685 1683 1782 1710 ἕνωσιν
1792 1692 1798 1699 ·
1821 1682 1845 1709 οἱ
1857 1681 1891 1714 δὲ,
1904 1679 1936 1711 ὡς

1161 1728 1258 1756 τούτου
1275 1729 1396 1765 μέτοχοι,
1413 1730 1461 1757 καὶ
1486 1730 1519 1756 δι’
1546 1729 1631 1757 αὑτοῦ
1647 1729 1777 1761 λαϐόντες
1798 1727 1844 1763 τὴν
1865 1728 1935 1762 χάριν

1162 1776 1209 1803 τοῦ
1223 1777 1395 1813 Πνεύματος,
1415 1778 1462 1805 καὶ
1480 1778 1687 1814 υιοθετηθέντες
1701 1778 1741 1814 τῷ
1756 1776 1812 1812 Θεῷ
1830 1775 1872 1802 καὶ
1887 1774 1935 1801 Ih-

1161 1823 1217 1859 τρι.
1233 1823 1316 1859 Λόγοι
1336 1825 1390 1861 γὰρ
1404 1824 1438 1852 τὰ
1460 1825 1595 1860 εἰρημένα
1620 1825 1714 1852 πάντα
1737 1823 1810 1855 Θεοῦ,
1825 1829 1937 1856 πεπυρα-

1138 1890 1141 1893 «
1161 1870 1299 1906 κτωμένοι
1325 1871 1355 1898 ἒν
1374 1871 1414 1907 τῷ
1431 1871 1522 1898 πᾶσαν
1547 1871 1661 1906 ἄγνοιαν
1686 1872 1733 1899 καὶ
1747 1870 1840 1897 κακίαν
1862 1875 1937 1894 κατα-

1161 1916 1268 1944 καίοντι
1282 1918 1333 1953 τῆς
1347 1917 1515 1952 θεογνωσίας
1531 1917 1600 1953 πυρί
1610 1926 1617 1932 ·
1634 1919 1685 1945 καὶ
1695 1918 1751 1950 τοῖς
1763 1914 1937 1951 κατεχομένοις

1160 1962 1274 1994 ταύταις
1290 1963 1509 1998 ἀπρὸσψαυστοι.

1202 2009 1414 2043 ’Υπερασπίζει
1425 2009 1460 2037 δὲ
1474 2011 1566 2043 αὐτος
1577 2009 1638 2037 τῶν
1654 2007 1878 2043 εὐλαϐουμένων
1891 2005 1935 2031 ut"-

1161 2055 1225 2083 τόν.
1245 2056 1331 2088 Ουτος
1349 2055 1378 2082 δὲ
1397 2056 1454 2088 τοῖς
1470 2056 1650 2092 φοϐουμένοις
1667 2055 1750 2082 αὑτὸν
1765 2053 1862 2089 βοηθεῖ,
1878 2049 1936 2077 κατά

1161 2101 1216 2129 τῶν
1228 2101 1422 2138 πολεμούντων
1438 2103 1552 2135 τούτοις.

1198 2158 1236 2191 ς’.
1256 2158 1305 2193 Μὴ
1331 2158 1470 2193 προσθῇς
1496 2158 1560 2192 τοῖς
1585 2158 1691 2193 ,λόγοις
1712 2155 1816 2188 αὐτοῦ,
1840 2155 1885 2182 ινα
1901 2151 1936 2187 μὴ

1161 2204 1272 2240 ἐλέγξῃ
1299 2211 1337 2232 σε
1358 2204 1409 2232 καὶ
1431 2204 1551 2240 ψευδὴς
1573 2204 1659 2239 γένῃ.
1685 2204 1732 2240 Μὴ
1753 2203 1832 2229 πλέον
1855 2199 1937 2233 ἐθέλῃς

1161 2252 1233 2277 νοεῖν
1246 2250 1301 2278 τῶν
1317 2251 1383 2287 παρ’
1399 2249 1482 2278 αὐτοῦ
1496 2250 1677 2285 διδαχθέντων
1689 2258 1743 2283 σοι,
1753 2249 1797 2276 ἴνα
1809 2247 1844 2283 μὴ
1857 2244 1937 2277 ἐπειδὴ

1161 2296 1245 2328 αὑτός
1262 2297 1336 2324 ἑστιν
1353 2297 1369 2332 ὴ
1384 2296 1511 2332 ἀλήθεια,
1523 2296 1690 2331 ψευδόμενον
1706 2294 1843 2329 ἆπελέγξῃ
1859 2300 1896 2324 σε.
1907 2290 1936 2320 ὡς

1129 2339 1251 2377 ῠαὺτῆς
1275 2341 1404 2369 ἐντεῦθεν
1422 2342 1472 2377 τῆς
1495 2341 1627 2377 ἀληθείας
1656 2341 1840 2368 ἐκπίπτοντα·
1866 2344 1937 2372 προσ-

1165 2387 1314 2423 ευχόμενος
1331 2387 1360 2414 δὲ
1375 2386 1460 2423 αὐτῷ,
1475 2386 1551 2422 λέγει
1564 2387 1629 2414 τάδε
1644 2394 1652 2402 ·

1198 2443 1231 2476 ζ’.
1252 2444 1310 2472 Δύο
1326 2445 1465 2480 αἰτοῦμαι
1479 2444 1560 2479 παρὰ
1572 2444 1642 2477 σοῦ,
1656 2443 1700 2479 μὴ
1719 2443 1834 2479 ἀφέλῃς
1846 2449 1881 2476 με
1893 2437 1938 2473 Χά“

1158 2500 1210 2526 ριν
1222 2492 1280 2526 πρὸ
1289 2491 1345 2519 τοῦ
1357 2492 1522 2521 ἀποθανεῖν
1531 2500 1580 2526 με.
1590 2491 1642 2518 Δύο
1654 2491 1754 2524 ταῦτα,
1763 2487 1785 2517 ὦ
1794 2490 1860 2522 Λόγε
1870 2484 1937 2515 Θεοῦ,

1161 2539 1259 2574 δέομαι
1278 2538 1373 2566 λαϐεῖν
1391 2539 1446 2566 ἀπὸ
1461 2538 1529 2565 σοῦ·
1546 2538 1596 2573 τὴν
1607 2537 1656 2565 τοῦ
1675 2537 1809 2571 παναγιου
1826 2532 1937 2567 Πνεῦμα-

1161 2593 1206 2617 τος
1225 2585 1343 2621 δωρεὰν,
1363 2585 1394 2612 τδ
1412 2585 1507 2621 νοερὸν
1525 2585 1596 2620 φῶς,
1610 2584 1624 2612 ὅ
1643 2585 1694 2616 τὰς
1714 2581 1879 2619 θεωρητικὰς
1896 2578 1938 2612 τῆς

1161 2631 1251 2666 ψυχῆς
1267 2640 1318 2666 μου
1335 2631 1478 2666 δυνάμεις,
1493 2631 1557 2658 νοῦν
1573 2631 1621 2658 καὶ
1641 2630 1761 2658 διάνοιαν
1781 2627 1893 2664 φωτίζει,
1906 2623 1937 2659 μὴ

1161 2677 1265 2713 ἀφέλῃς
1276 2677 1324 2704 ἀπ’
1336 2677 1403 2713 ἐμοῦ
1415 2676 1449 2704 δι’
1464 2677 1530 2712 ὅλης
1545 2686 1596 2713 μου
1609 2677 1659 2712 τῆς
1674 2676 1760 2711 ζωῆς.

1196 2739 1233 2771 η’.
1263 2735 1398 2763 Μάταιον
1419 2735 1513 2770 λόγον
1549 2735 1599 2762 καὶ
1625 2734 1724 2769 ψευδῆ
1743 2730 1859 2769 μακράν
1887 2736 1938 2763 μου

1162 2782 1303 2816 ποίησον-
1321 2781 1393 2808 Ἀλλ’
1411 2781 1449 2813 ὡς
1467 2781 1496 2808 ἐν
1513 2781 1584 2816 φωτὶ
1604 2780 1751 2815 διελέγχων
1772 2779 1816 2805 τὸν
1837 2776 1865 2808 ἐξ
1880 2775 1937 2801 ὑπο-

1163 2828 1250 2864 θήκης
1264 2827 1312 2854 τοῦ
1325 2827 1446 2864 πονηροῦ
1463 2827 1591 2863 ἀνωφελῆ
1607 2827 1655 2854 καὶ
1666 2827 1705 2863 μὴ
1723 2824 1882 2862 ἀληθεύοντα
1902 2820 1938 2847 λο-

1162 2873 1273 2909 γισμὸν,
1288 2872 1386 2909 uappa
1402 2873 1453 2909 τῆς
1468 2872 1558 2909 ψυχῆς
1581 2881 1633 2908 μου
1648 2872 1793 2900 ἀπέλασον.

1198 2932 1336 2960 Πλοῦτον
1350 2931 1385 2958 δὲ
1398 2931 1448 2958 καὶ
1463 2930 1571 2959 πενίαν
1589 2931 1632 2965 μή
1645 2938 1695 2965 μοι
1705 2928 1775 2962 δῷς.
1788 2927 1832 2962 Μὴ
1846 2931 1935 2959 συγχω-

1166 2977 1251 3013 ρήτῃς
1278 2976 1307 3003 δέ
1327 2984 1377 3013 μου
1402 2977 1440 3012 τῷ
1477 2975 1644 3011 αὑτεξοπίῳ
1670 2976 1720 3011 τῆς
1749 2970 1932 3010 προαιρέσεως»
