2072 3161
159 203 229 236 1525

157 259 208 286 εἴθ’
227 257 380 293 ὑπερϐῆναι
396 255 467 283 κατὰ
485 255 586 291 πρᾶξιν
600 254 747 289 ἀνωφελῶς
767 254 820 290 τὴν
833 253 947 290 ἀρετὴν,
963 255 986 284 Α

158 305 209 333 είτ⁸
222 303 342 331 ἐλλείὼαι
354 301 458 338 ταύτης
468 301 629 336 ἀπατηλῶῇ

194 369 352 402 Σύνταξαν
361 367 396 395 δέ
403 376 455 403 μοι
466 367 503 395 τὰ
513 367 622 394 δέοντα
636 365 685 393 καὶ
698 364 844 399 αὐτάρκη.
866 362 951 399 Ὁμοῦ

158 418 181 445 δ’
201 417 244 444 ἐπ’
262 416 326 452 ἐμοὶ
347 415 429 447 τάξον
451 414 488 441 τά
505 414 529 440 θ’
554 412 714 449 ἁρμόζοντα
739 411 778 447 τῷ
805 409 891 446 νοερῷ
903 410 952 445 τῆς

158 463 247 499 ψυχῆς
260 470 312 499 μου
337 460 424 497 ἀληθῆ
451 459 628 495 θεωρήματα,
653 459 700 485 καὶ
721 458 791 493 πρὸς
814 456 953 492 σωτηρίαν

159 509 257 544 αὐτῆς,
270 507 396 544 αὐτάρκη
412 507 445 542 τῇ
460 505 576 541 δυνάμει
593 504 641 532 τοῦ
660 503 787 541 σώματός
808 511 861 539 μου
887 502 954 539 περ)⁸

159 555 210 591 τὴν
226 555 281 582 τῶν
296 553 403 590 ἀρετῶν
416 552 550 588 ἐργασίαν
568 551 791 586 φιλοπονήματα.

197 613 231 640 0'.
252 613 316 639 Ἵνα
341 612 386 647 μὴ
409 610 570 644 πλησθεὶς,
588 608 708 644 ψευδὴς
733 607 878 643 γένωμαι,
904 605 953 634 καὶ

160 658 245 686 ειπω·
260 657 311 691 Τίς
327 665 366 692 με
379 656 449 691 Cipi;
466 656 486 691 ἢ
502 656 599 689 πένης
614 654 763 691 γενηθεῑς,
777 653 891 687 κλέψω,
903 652 954 679 καὶ

162 704 264 738 ὀμόσω
277 703 311 729 τὸ
335 702 431 736 ὄνομα
454 701 508 728 τοῦ
524 700 610 728 Θεοῦ.
626 700 723 730 Ὅπως
747 698 816 734 μήτε
832 696 956 731 ὑπερϐὰς

162 750 208 777 τὸν
225 749 288 784 ὅρον
303 748 352 775 καὶ
375 748 406 775 τὺ
419 747 520 783 μέτρον
541 746 587 774 τοῦ
603 746 747 782 χρήματος
768 745 817 779 τῆς
840 744 955 780 ἀρετῆς,

162 794 308 829 διαμάρτω
323 793 370 820 τοῦ
378 794 450 820 κατὰ
460 792 527 819 Θεὸν
537 791 656 827 ἀληθοῦς
668 790 771 818 σκοποῦ
779 798 785 805 ·
797 790 832 817 δι’
845 789 956 816 ἔπαινον

164 839 328 875 ἀνθρώπων,
343 839 391 866 καὶ
406 839 437 866 οὺ
458 838 503 865 διὰ
526 837 604 871 Θεὸν,
621 838 750 873 ἀμέτρως
763 836 875 871 κάμνων
890 835 957 871 περὶ

163 885 213 921 τὴν
225 885 357 920 ἐργασίαν
367 885 417 920 τῆς
426 883 527 920 ἀρετῆς
536 892 543 899 ·
556 883 704 910 κάντεῦθεν
716 882 894 919 ἐπικρύπτων
906 882 957 918 τὴν

164 931 288 967 πονηρὰν
312 931 362 966 τῆς
376 930 466 966 ψυχῆς
482 938 533 966 μου
547 929 679 962 διάθεσιν,
701 928 771 962 δόξω
792 928 936 956 λανθάνειν
947 936 955 944 '
974 941 996 968 Β

166 977 229 1013 μήτ’
245 976 370 1011 ἐλλείψας
384 977 432 1003 τοῦ
448 976 513 1012 ὅρου
530 975 577 1003 καὶ
591 974 639 1002 τοῦ
664 973 775 1011 μέτρουΑ
790 974 837 1001 τοῦ
852 973 956 1000 τοιοῦδε

165 1025 319 1060 χρήματος,
339 1023 410 1050 κατὰ
434 1022 594 1058 προαίρεσιν
619 1021 669 1057 τὴν
691 1020 881 1056 ὀφειλομένην,
897 1019 958 1056 Θεῷ

166 1069 277 1105 συλήσω
301 1068 443 1105 λατρείαν,
464 1068 547 1105 σαρκὶ
561 1068 609 1095 καὶ
632 1067 727 1103 κόσμῳ
745 1066 889 1099 δουλεύων,
911 1065 959 1093 καὶ

167 1116 273 1151 στέρξω
286 1117 319 1152 τῇ
351 1115 486 1151 θεραπείᾳ
503 1115 553 1150 τῆς
579 1113 765 1150 γαστρὸς.γ.αὶ
778 1113 833 1140 τῶν
854 1113 961 1148 ὑπογα-

168 1163 281 1199 στρίων,
298 1162 476 1198 ἡγησάμενος
487 1161 538 1198 τὴν
555 1161 660 1188 κοιλίαν
671 1161 752 1189 Θεόν.

205 1221 231 1246 ι’.
252 1220 302 1254 Μὴ
320 1218 462 1253 παραδῷς
476 1217 598 1252 οἰκέτην
605 1218 658 1252 ξείς
671 1217 774 1252 χεῖρας
787 1217 941 1245 Δεσπότου
951 1224 971 1232 ’-

165 1264 285 1300 μήποτε
299 1264 506 1299 καταράσηται
521 1271 568 1296 σε,
587 1264 637 1290 καί
655 1262 840 1298 ἀφανισθῇς.
859 1263 904 1299 Μὴ
923 1261 962 1298 τῷ

169 1312 295 1348 τυράννῳ
308 1312 364 1338 τῶν
377 1312 522 1348 ἡμετέρων
535 1310 629 1346 ψυχῶν
643 1310 771 1346 διαϐόλῳ,
788 1309 833 1337 τὸν
849 1308 962 1336 δουλεύ-

172 1366 259 1385 σαντα
274 1357 370 1384 τοῦτον
393 1358 428 1393 τῇ
450 1356 584 1392 ἁμαρτίᾳ,
601 1356 648 1383 καὶ
663 1355 776 1391 φεύγειν
803 1355 906 1390 ταύτην
930 1354 963 1381 ἐκ

172 1402 357 1439 μεταμελείας
377 1401 588 1438 ἐπιχειροῦντα,
613 1401 810 1436 καταπροδῷς,
835 1399 963 1436 ἐμϐαλὼν

172 1448 254 1476 αὑτὸν
286 1450 327 1481 είς
360 1449 538 1482 ἀπόγνωσιν,
568 1447 716 1475 κάντεῦθεν
746 1446 964 1483 παρασκευάσας

172 1496 267 1523 τοῦτον
283 1495 478 1532 τιμωρηθῆναι
504 1495 581 1531 παρὰ
595 1495 642 1522 τοῦ
657 1495 796 1521 Δεσπότου
820 1494 875 1521 τῶν
895 1494 965 1521 ὅλων

172 1541 252 1568 Θεοῦ·
264 1541 309 1568 ἵνα
319 1541 356 1577 μὴ
367 1541 432 1577 παρ’
441 1540 525 1568 αὑτοῦ
541 1540 672 1577 ἀκούσῃς·
684 1550 693 1566 ι
714 1541 773 1568 Ἀπ’
782 1539 850 1575 ἐμοῦ
861 1540 885 1566 οἱ
898 1548 967 1566 κατ-

176 1588 312 1624 ηραμένοι
323 1595 330 1604 ο
345 1597 355 1614 ι
370 1588 419 1614 κα)⁴
437 1588 478 1619 είς
493 1587 524 1614 τὸ
539 1587 635 1619 σκότος
649 1588 808 1623 ὰποῤῥιφῇς
821 1587 851 1613 τὸ
867 1586 966 1619 ἐξώτε-

177 1642 239 1669 ρον·
253 1633 292 1665 ὡς
303 1633 350 1660 τὸν
364 1632 500 1659 πεινῶντα
512 1632 561 1668 τὴν
584 1632 725 1668 σωτηρίαν
741 1632 838 1665 αὑτοῦ,
858 1632 906 1660 καὶ
924 1632 966 1659 δι-

174 1680 269 1716 ψῶντα
283 1679 364 1714 λόγου
388 1678 528 1714 σωτηρίαν
540 1677 668 1711 ἀκοῦσαι,
689 1677 812 1714 ἀνηλεῶς
833 1677 968 1713 καταλιμ-

176 1726 271 1754 πάνων
283 1724 464 1753 ἀπόλλυσθαι.

979 1610 1000 1643 C

214 1787 258 1810 ια’.
282 1784 543 1818 Ἕκγονον-κακὸν
564 1784 676 1817 πατέρα
703 1782 883 1817 καταρᾶται,
912 1781 971 1817 τὴν

177 1829 212 1857 δὲ
223 1829 339 1865 μητέρα
364 1830 420 1856 οὐκ
449 1829 580 1864 εὐλογεῖ.
602 1829 726 1865 Μισητδς
747 1829 802 1865 γὰρ
829 1829 896 1862 υίὸς,
921 1829 972 1856 οὐκ

179 1876 341 1911 ἐπιστρέφει
357 1875 402 1902 διὰ
427 1875 573 1911 μετανοίας
594 1875 664 1911 πρὸς
677 1875 755 1908 Θεὸν,
779 1875 825 1902 τὸν
846 1866 972 1910 υἱοθετη-

180 1923 300 1958 σάμενον
311 1922 408 1949 τοῦτον
419 1922 448 1948 ἐν
460 1921 500 1957 τῷ
520 1921 622 1948 πλάσαι
642 1921 703 1947 κατ’
717 1920 810 1947 είκόνα
826 1920 909 1948 αὐτοῦ
925 1921 973 1947 καὶ

180 1969 329 2005 ὁμοίωσιν⁸
347 1967 406 1995 ἀλλ’
428 1967 467 2000 ὡς
494 1967 613 2003 σκληρὸν
637 1967 683 1994 τὸν
707 1966 807 1994 ἑαυτοῦ
832 1966 973 1994 διαϐάλλει

180 2017 305 2052 πατέρα’
324 2017 375 2053 τὴν
391 2016 420 2043 δὲ
443 2016 544 2052 τροφὸν
570 2015 668 2042 ἑαυτοῦ
687 2015 759 2042 κατὰ
779 2015 880 2050 ψυχὴν,
897 2014 974 2042 θείαν

180 2063 278 2090 τούτου
300 2060 477 2090 διδασκαλίαν
497 2062 548 2089 οὐκ
572 2062 689 2095 ἐπαινεῖ,
705 2061 744 2093 ὡς
765 2061 847 2096 δῆθεν
870 2060 974 2096 δυσφύ-
991 2064 993 2066 ⁷

181 2110 292 2137 λακτον.

219 2165 263 2202 ιβ’.
283 2166 434 2201 Ἕκγονον
455 2164 565 2196 κακὸν,
582 2164 701 2192 δῖκαιον
722 2163 833 2191 ἑαυτὸν
860 2163 973 2198 κρίνειε

182 2213 242 2248 τὴν
258 2213 292 2240 δὲ
312 2213 424 2245 ἔξοδον
439 2211 533 2239 αὑτοῦ
552 2212 609 2239 οὐκ
625 2210 786 2246 ἀπένιψεν.
806 2211 836 2238 '0
854 2210 975 2242 τοιοῦτος

183 2260 240 2291 υίὸς
256 2260 385 2294 ἐνάρετον
410 2258 506 2285 ἐαυτὸν
529 2258 633 2284 οἴεται·
650 2258 701 2293 τὴν
723 2257 751 2284 δὲ
773 2257 842 2292 πρὸς
855 2257 976 2289 τὸτέλος

693 194 964 228 ΕΟΜΜΕΝΤΑΒᾸΙ
982 193 1024 225 IN
1039 191 1265 224 PROVERBIA.

1728 180 1796 213 15°26

1000 251 1130 278 virtutem
1161 245 1340 282 transgredi,
1377 243 1435 272 sive
1453 242 1489 270 ab
1519 249 1550 269 ca
1564 238 1696 267 mendose
1727 237 1798 265 dcﬁé

1003 304 1076 325 cere.

1039 363 1176 391 Constitue
1191 364 1279 388 autem
1296 358 1362 386 milii
1375 364 1433 392 qua:
1446 359 1508 383 sunt
1523 352 1673 381 necessaria
1684 355 1709 379 et
1725 350 1798 385 su/ﬁ-

1003 409 1110 437 ct'entia.
1130 398 1218 434 Simul
1233 409 1324 433 autem
1342 402 1480 432 constitue
1495 400 1561 428 mihi
1580 398 1708 427 veritatis
1728 405 1801 432 prm-

1003 458 1081 490 cepta
1094 460 1156 489 quae
1172 449 1324 480 intellectui
1349 447 1448 476 anima:
1480 453 1547 473 meae
1577 443 1756 474 conveniunt,
1774 445 1801 468 et

1005 487 1119 536 propter
1139 497 1257 526 salutem
1273 495 1336 531 ejus
1348 493 1383 521 de
1395 491 1556 528 operatione
1572 489 1708 517 virtutum
1724 487 1801 515 labo-

1005 555 1051 575 res
1070 553 1131 581 qua:
1146 542 1274 580 corporis
1293 540 1347 569 mei
1361 539 1467 568 viribus
1480 536 1631 567 sufﬁciunt,

1042 602 1125 630 Vens.
1141 601 1170 629 9.
1186 599 1228 627 Νι
1256 605 1394 627 saturatas
1415 597 1531 623 mendas:
1546 596 1612 628 [iam
1635 596 1660 619 el
1689 591 1778 617 dicunt
1793 597 1802 616 :

1006 648 1070 682 Quis
1098 656 1138 675 me
1165 645 1256 673 videt?
1273 648 1320 670 aut
1342 650 1418 677 egens
1448 640 1520 675 [ανον
1546 643 1570 665 et
1596 636 1728 671 perjurem
1754 643 1803 661 no-

1006 703 1064 722 men
1093 693 1149 720 Dei.
1168 691 1205 719 Ne
1227 687 1459 726 praetergrediens
1486 684 1635 713 terminum
1651 685 1678 709 et
1692 687 1804 709 mensu-

1005 748 1065 769 ram
1089 739 1155 767 boni
1172 736 1284 765 virtutis
1299 756 1306 768 ,
1321 742 1336 761 a
1364 740 1430 761 vero
1444 738 1530 766 scopo
1545 728 1700 759 secundum
1719 726 1804 754 Deum

1008 786 1146 817 excidam.
1166 787 1279 820 propter
1298 781 1393 809 laudes
1408 779 1551 806 hominum
1571 781 1598 804 et
1614 783 1670 803 non
1694 777 1806 809 propter-

999 823 1106 863 -Deum,
1126 818 1274 857 immodice
1301 825 1464 854 incumbens
1488 821 1600 850 virtutis
1633 818 1805 855 operationi:

1008 877 1072 905 inde
1083 882 1195 913 pravam
1211 873 1310 901 animae
1324 879 1391 899 mete
1414 868 1625 905 dispositionem
1640 865 1784 894 occultans
1798 884 1805 896 ,

1009 909 1094 950 latere
1107 920 1221 948 videbor
1231 918 1287 952 ;vel
1304 925 1338 945 ne
1352 924 1367 944 a
1379 915 1498 943 termino
1516 921 1548 941 ac
1560 919 1690 940 mensura
1699 909 1808 938 virtutis

1008 968 1137 996 consulto
1150 966 1235 994 Deum
1266 962 1359 992 debito
1388 961 1464 989 cultu
1490 960 1606 996 spoliem
1625 978 1633 991 ,
1665 956 1743 985 carni
1780 959 1808 982 et

1008 1013 1112 1041 mundo
1135 1011 1282 1043 serviens,
1309 1014 1338 1036 et
1364 1007 1473 1036 ventris
1507 1013 1541 1032 ac
1566 1003 1714 1032 libidinum
1747 1009 1807 1030 ser-

1009 1061 1097 1088 vitute
1110 1058 1234 1087 delecter
1245 1077 1254 1090 ,
1272 1059 1397 1084 ventrem
1415 1053 1500 1081 Deum
1527 1054 1670 1087 reputans.

1048 1211 1132 1239 Vens.
1155 1209 1200 1237 i0:
1217 1206 1259 1234 Ne
1274 1206 1366 1233 tradas
1377 1204 1510 1240 [anmlum
1524 1203 1552 1229 in
1571 1207 1667 1228 manus
1686 1198 1810 1235 Domini.

1019 1256 1174 1293 nequando
1188 1253 1333 1282 malcdicat
1351 1256 1375 1279 te
1389 1256 1415 1278 et
1433 1249 1559 1277 ἀείδω-ὴ.
1576 1246 1692 1274 Diabolo
1707 1244 1812 1272 anima—

1012 1312 1074 1332 rum
1097 1306 1254 1330 nostrarum
1271 1303 1400 1335 tyranno,
1417 1305 1478 1325 eum
1498 1295 1543 1330 qui
1559 1296 1675 1330 peccato
1702 1290 1785 1319 servit
1802 1309 1810 1322 ,

1013 1353 1041 1378 et
1066 1349 1233 1385 negligenter
1248 1346 1316 1373 illud
1347 1345 1442 1380 fugere
1476 1344 1601 1373 conatur,
1633 1346 1668 1367 ne
1694 1337 1811 1368 tradas,

1013 1399 1119 1436 pellens
1132 1404 1195 1424 eum
1216 1395 1243 1423 in
1283 1392 1504 1428 desperationem
1524 1408 1531 1422 ,
1550 1393 1748 1423 exponensquc
1779 1385 1813 1411 :ul

1014 1431 1165 1473 vindictam
1182 1441 1229 1469 Dei
1246 1440 1439 1468 universorum
1466 1433 1573 1462 Domini
1597 1452 1605 1465 ,
1623 1439 1658 1460 ne
1692 1431 1726 1459 ab
1754 1431 1814 1466 ipso

1016 1491 1131 1519 audias:
1149 1476 1218 1516 lte‘a
1235 1494 1288 1520 me,
1305 1474 1456 1515 maledicti,
1469 1485 1496 1509 et
1505 1479 1662 1516 projiciaris
1683 1478 1710 1505 in
1740 1481 1814 1504 leue-

1017 1538 1083 1565 bras
1096 1535 1253 1564 exleriores
1269 1531 1334 1568 quia
1362 1530 1422 1558 sine
1446 1525 1637 1555 misericordia
1662 1523 1753 1560 perire
1777 1522 1814 1549 si-

1017 1583 1080 1610 visti
1097 1588 1159 1609 eum
1173 1580 1221 1615 qui
1241 1578 1357 1606 salutem
1379 1573 1520 1604 esuriebat
1540 1576 1568 1600 ct
1583 1570 1682 1600 salutis
1698 1569 1814 1597 verbum

1020 1628 1132 1657 sitiebat
1145 1626 1253 1654 audire.

1060 1785 1142 1811 \‘Eus.
1165 1782 1207 1810 ll.
1232 1780 1318 1808 Filius
1335 1779 1421 1806 malus
1435 1782 1536 1812 patrem
1548 1773 1816 1806 maledicit,.matrem

1024 1837 1113 1859 autem
1128 1838 1180 1857 non
1195 1826 1337 1856 benedicit.
1354 1825 1475 1853 Odiosus
1494 1822 1568 1851 enim
1590 1821 1663 1848 ﬁlius
1683 1826 1738 1846 non
1751 1825 1818 1844 con-

1023 1879 1105 1904 vertit
1126 1883 1174 1911 per
1193 1872 1385 1909 paenitentiam
1404 1869 1438 1897 ad
1454 1869 1539 1896 Deum
1559 1867 1606 1902 qui
1637 1865 1714 1893 illum
1734 1863 1819 1890 ﬁlium

1027 1922 1103 1954 fecit,
1119 1919 1241 1948 creando
1260 1926 1322 1946 eum
1345 1917 1379 1944 ad
1399 1915 1546 1949 imaginem
1560 1918 1587 1941 et
1609 1909 1818 1940 similitudinem

1025 1975 1114 2000 suam,
1128 1966 1175 1994 sed
1195 1963 1336 2000 proprium
1348 1965 1452 1998 patrem
1467 1964 1496 1987 ut
1510 1959 1611 1986 durum
1625 1956 1820 2002 calumniatur.

1024 2012 1167 2040 Nutricem
1183 2014 1273 2037 autem
1290 2008 1388 2036 anima:
1414 2012 1489 2039 suae,
1522 2004 1643 2032 divinam
1677 2001 1738 2037 ejus
1756 2001 1822 2029 doc-

1026 2058 1127 2085 trinam
1144 2063 1200 2084 non
1216 2053 1330 2086 laudat,
1348 2055 1444 2088 utpote
1457 2054 1568 2079 servatu
1583 2047 1732 2076 dilﬁcilcm.

1064 2155 1148 2183 Vens.
1166 2154 1208 2182 12.
1224 2152 1314 2181 Filius
1328 2152 1416 2179 malus
1429 2150 1535 2185 justum
1552 2147 1706 2184 sejudicut,
1724 2147 1824 2174 exilum

1027 2208 1087 2227 vero
1109 2206 1186 2226 suum
1203 2206 1255 2225 non
1272 2197 1346 2224 lavit.
1370 2195 1447 2223 Talis
1468 2194 1541 2221 ﬁlius
1557 2192 1660 2220 virtute
1681 2190 1823 2227 praeditum

1028 2254 1088 2273 sese
1104 2244 1314 2280 putat;exitum
1330 2247 1421 2269 autem
1447 2239 1511 2267 vila:
1540 2246 1597 2266 suae
1620 2245 1675 2265 non
1697 2236 1824 2273 puriﬁeat

183 2306 300 2339 διέξοδον
309 2282 362 2341 ῗτῆς
387 2305 462 2341 ζωῆς
484 2305 579 2338 αὑτοῦ,
599 2282 749 2332 οιπῷἓσᾷ

1030 2299 1044 2318 a
1063 2293 1238 2325 peccatorum
1252 2287 1378 2316 maculis.

185 2352 304 2388 κηλίδων
321 2351 469 2387 ἐκάθηρεν.

224 2411 271 2443 ιγ’,
300 2408 451 2442 Ἔκγονον
482 2406 599 2438 κακόν,
624 2406 767 2440 ὑψηλοὺς
805 2404 981 2440 ὀφθαλμοὺς

186 2455 268 2488 ἔχει·
298 2453 364 2486 τοῖς,
387 2452 422 2480 δὲ
448 2451 618 2487 ,βλεφάροις
643 2451 737 2479 αὐταῦ
762 2451 926 2485 ἐπαίρεται.
951 2450 981 2477 '0

186 2498 309 2531 τοιοῦτος
329 2499 400 2532 υἱὸς,
425 2498 463 2534 μὴ
486 2497 679 2532 ἐπιγινώσκων
705 2497 756 2532 τὴν
779 2496 885 2524 οίκείαν
899 2496 982 2523 ἀσθέ-

187 2555 271 2578 νειαν,
294 2545 596 2582 θεωρίαν-ἅχαλίνωτον
621 2544 771 2579 κέκτηται·
788 2544 836 2571 καὶ
860 2544 895 2571 τὰ
912 2543 982 2579 βρα-

188 2590 292 2626 χύτατα
307 2590 488 2626 ἐλαττώματα
503 2590 558 2616 τῶν
578 2589 718 2625 ὁμοφυῶν,
733 2589 796 2621 ταῖς
815 2588 854 2621 ὡς
867 2589 897 2616 ἐν
920 2589 983 2624 βλε-

189 2637 289 2673 φάροις
300 2636 457 2670 ἐξετάσεσιν
469 2635 554 2663 αὐτοῦ
565 2636 722 2672 ἀνακρίνων
737 2636 785 2663 καὶ
795 2636 982 2671 κατακρίνων,

190 2684 391 2719 κατεπαίρεται
401 2682 506 2710 τούτων
519 2682 558 2714 ὠς
572 2682 735 2718 ἐλαχίστων.

227 2742 268 2769 ιδ’.
291 2742 441 2776 "Em-0701'
457 2739 565 2771 κακὸν,
585 2739 824 2774 μαχαίρας-τοὺς
857 2739 984 2773 ὀδόντας

191 2788 253 2821 ἔχει
263 2809 270 2820 ,
287 2787 336 2814 καὶ
355 2787 408 2819 τὰς
420 2787 533 2821 μύλας,
549 2785 673 2820 τομίδας
685 2805 693 2818 ,
711 2785 790 2813 ὥστε
804 2786 986 2814 ἀναλίσκειν

192 2834 243 2861 καί
256 2833 427 2860 κατεσθίειν
439 2832 510 2865 τοὺς
525 2831 688 2865 ταπεινοὺς
701 2832 761 2859 ἀπὸ
777 2831 835 2866 τῆς
852 2831 920 2867 τῆς,
935 2832 986 2859 καὶ

192 2879 265 2913 τοὺς
286 2879 421 2914 πένητας
436 2878 538 2906 αὐτῶν
554 2878 589 2911 ἐξ
604 2877 779 2913 ἀνθρώπων.
809 2878 841 2905 ’0
864 2878 986 2911 τοιοῦτος

196 2925 252 2958 υἱὸς
267 2925 362 2961 λόγους
377 2924 539 2961 προσφέρει,
561 2924 641 2960 δίκην
657 2923 801 2961 μαχαιρῶν
823 2925 882 2956 ταῖς
895 2923 985 2951 διαϐο-

1066 2384 1150 2412 Vuus.
1169 2384 1213 2411 l5.
1236 2382 1325 2410 Filius
1347 2382 1435 2409 malus
1460 2381 1586 2409 sublimes
1610 2379 1700 2407 acutos
1726 2376 1803 2404 habet
1818 2396 1825 2406 .

1030 2428 1163 2464 palpebris
1179 2431 1268 2455 autem
1281 2427 1338 2454 suis
1351 2426 1500 2453 extollitur.
1517 2424 1603 2452 Filius
1616 2423 1688 2454 talis,
1700 2422 1828 2457 ignorans

1032 2473 1172 2508 propriam
1187 2471 1388 2503 inﬁrmitatem,
1404 2469 1432 2497 in
1451 2468 1658 2496 meditationem
1668 2465 1828 2493 eiii-enatam

1032 2523 1094 2544 sese
1118 2515 1233 2543 eﬁ‘undit
1251 2523 1258 2542 :
1276 2518 1304 2541 et
1327 2513 1467 2541 levissima
1488 2516 1602 2548 peccata
1629 2509 1767 2545 proximi,
1787 2508 1830 2535 in-

1033 2559 1231 2596 quisitionibus
1247 2562 1277 2586 ut
1301 2559 1328 2586 in
1351 2557 1490 2594 palpebris
1511 2560 1640 2583 scrutans
1655 2555 1830 2591 acjudicans

1034 2605 1166 2633 adversus
1178 2611 1226 2632 eos
1236 2606 1331 2637 utpote
1346 2601 1476 2630 minimos
1492 2601 1648 2628 extollitur.

1071 2705 1157 2732 Vens.
1173 2704 1217 2731 l4.
1237 2702 1323 2730 Filius
1343 2702 1429 2729 malus
1449 2701 1553 2737 gladios
1574 2700 1665 2728 dentes
1683 2699 1761 2726 habet
1774 2719 1781 2732 ,
1805 2703 1830 2724 et

1040 2750 1139 2777 cultros
1165 2748 1261 2779 molas,
1280 2752 1309 2774 ut
1332 2750 1471 2774 consumat
1497 2750 1520 2773 et
1530 2745 1649 2772 comedat
1664 2743 1777 2770 humiles
1799 2741 1832 2768 de

1037 2798 1108 2820 terra
1118 2796 1158 2822 .et
1169 2798 1296 2826 pauperes
1305 2798 1397 2817 eorum
1416 2788 1618 2816 emltominibns.
1633 2787 1720 2815 Filius
1736 2786 1831 2812 istius-

1037 2837 1110 2864 modi
1140 2843 1285 2864 sermones
1314 2834 1420 2869 profert
1447 2833 1501 2868 qui-
1522 2831 1668 2860 calumniis
1691 2830 1762 2857 sicut
1772 2829 1830 2864 gl'a-

1039 2881 1075 2908 dii
1102 2880 1228 2908 homines
1250 2878 1370 2911 lmdunt,
1389 2881 1417 2904 et
1444 2876 1625 2913 cogitationes
1654 2871 1842 2904 circumfert,

1042 2932 1102 2971 «we
1116 2925 1195 2961 quasi
1218 2923 1314 2952 dentes
1333 2923 1452 2951 molares
1470 2925 1576 2950 secreto
1596 2919 1743 2947 fraternam
1763 2915 1835 2944 ami-
