2072 3161
276 191 343 225 1527

941 191 1119 223 PROCOPII
1138 191 1261 223 GAZlEI

1833 188 1891 220 1528

273 247 367 272 ritimr.
395 251 505 272 arvrant
518 267 524 278 ,
537 250 566 272 tIt
586 245 703 280 perdant
719 251 746 272 ct
769 246 916 273 conn-dant
942 247 1062 274 humiles

1126 247 1175 278 ,αἶς
1209 244 1412 281 τιτρώσκοντας
1452 244 1633 280 ἀνθρώπους·
1661 243 1708 270 καὶ
1739 244 1893 278 διανοήματα

273 299 376 326 eosque
390 299 406 319 c
422 296 492 318 terra
505 299 616 326 prorsus
632 291 770 318 alioleaut.

1117 292 1278 328 περιφέρει,
1296 291 1376 327 δίκην
1400 290 1455 318 τῶν
1469 290 1626 326 ἀληθὸντων
1651 289 1764 325 ἀφανῶς
1782 289 1893 322 ὀδόντων,

273 337 394 373 τμητικὰ
417 337 468 373 τῆς
492 337 547 364 τῶν
567 337 695 372 ὁμοφυῶν
719 337 912 373 ἀλληλουχίας·
935 340 975 371 ὡς
999 339 1167 374 διαφθείρειν
1185 339 1234 366 καὶ
1256 338 1420 375 βιϐρώσκειν
1448 338 1513 371 τοὺς
1528 337 1649 369 εὐτελεῖς
1664 336 1719 364 τῶν
1738 337 1895 372 ἀνθρώπων,

275 383 423 411 κάντεῦθεν
441 383 553 415 τούτους
576 383 668 410 τέλεον
686 383 737 418 τῆς
760 385 812 420 γῆς
825 384 1011 419 ἑξαφανίζειν.

311 429 393 457 Vens.
407 429 451 457 i‘o’.
472 429 648 465 Sanguisuga:
667 433 718 456 tres
734 434 810 457 erant
832 430 914 465 ﬁlim,
928 430 1070 458 dilectione

274 475 387 508 tlilectw,
401 480 425 502 et
438 480 491 503 tres
506 476 571 510 ipse:
587 483 638 502 non
650 480 837 503 saturaverunt
849 480 953 509 eam,et
968 481 1071 512 quarta

275 530 326 548 non
339 521 433 556 sufﬁcit
451 521 547 554 dicere,
561 521 634 549 Satis
650 526 699 549 est.
717 520 782 549 Post
794 523 910 557 primam
930 527 1071 558 trangres-

275 568 399 600 sionem.
415 567 584 595 irrationalis
601 575 633 595 ac
649 575 750 602 pravus
770 568 964 604 cujuscunque
990 577 1072 605 appe-

275 613 353 645 titus,
368 614 463 649 genuit
475 613 554 649 quasi
569 618 627 641 tres
643 613 713 642 lilias
726 614 844 642 maxime
854 614 1070 648 desiderabiles;

275 658 461 693 ignorantiam
474 659 585 694 quidem
607 659 635 686 in
651 659 770 692 ratione,
784 667 904 687 amorem
919 661 962 688 sui
979 661 1006 688 in
1021 668 1072 696 ap-

276 704 360 740 petitu
386 705 599 740 concupiscibili
625 708 653 733 et
678 705 706 732 in
732 706 854 741 appetitu
884 706 1016 734 irascibili
1044 707 1070 734 in

274 751 432 786 proximum
453 751 648 787 tyrannidem;
672 751 723 779 tria
742 753 873 785 maxima,
895 752 929 780 ab
955 753 1071 780 invicem

275 797 432 832 pendentia,
448 798 580 832 pessima,
593 805 624 825 ac
640 805 696 826 uno
711 798 794 825 verbo
816 798 908 826 omnis
930 799 1074 834 pravitatis

274 841 352 878 origo
365 851 373 876 ;
388 843 452 878 quia
467 850 481 869 a
503 841 559 870 Deo
575 847 702 871 avertunt
716 852 723 870 :
741 843 897 879 ignorantia
911 864 919 877 ,
934 851 949 871 a
969 843 1023 871 Deo
1044 852 1074 880 ιιι

275 895 384 916 summo
393 888 584 924 cognoscendo
594 897 671 921 vero;
682 896 759 916 amor
765 889 819 922 sui,
830 898 843 916 a
854 889 918 922 Deo,
929 894 957 917 ut
966 898 1074 918 summo

276 935 348 962 bono
362 935 532 970 appetendo;
553 936 678 972 tyrannis
702 935 825 970 tandem,
845 943 906 972 qua
918 941 1012 964 mutua
1032 941 1076 965 est

275 980 438 1014 destructio,
454 981 535 1008 ruina
551 985 595 1010 est
608 981 708 1010 iterum
724 982 878 1017 corporalis
891 981 1073 1011 sustentatio-

276 1027 338 1059 nis,
357 1034 440 1061 quam
463 1027 574 1055 videtur
594 1035 774 1064 oppugnare,
788 1028 940 1064 appetitum
961 1027 1074 1057 irratio-

1159 435 1199 459 ιε’.
1214 431 1253 466 Τῇ
1263 430 1382 465 ,βδέλλῃ
1393 429 1471 464 τρεῖς
1484 428 1642 464 θυγατέρες
1657 426 1750 465 ἦσαν,
1759 427 1896 463 ἀγαπήσει

1121 478 1328 513 ἀγαπῶμεν-αι·
1346 477 1395 504 καὶ
1410 478 1440 503 al
1451 476 1530 510 τρεῖς
1547 473 1637 503 αὗται
1651 476 1708 503 οὐκ
1726 475 1896 510 sit-simiam-

1121 532 1182 551 σαν
1200 523 1315 558 αὐτήν·
1343 522 1392 549 καί
1408 523 1562 557 ήτετάρτη
1588 523 1644 550 οὐκ
1663 522 1796 556 ἠρκέσθη
1812 521 1897 548 εἰπεῖν·

1123 570 1238 597 ἱκανόν.
1252 570 1285 596 Ἢ
1301 569 1370 604 μετὰ
1383 568 1433 604 τὴν
1441 568 1554 604 πρώτην
1567 567 1737 604 παράϐασιν,
1747 567 1823 594 ἄλλου
1833 567 1897 598 τινὸς

1124 616 1200 652 παρά
1223 616 1274 652 τὴν
1301 615 1392 643 αἰτίαν
1415 615 1558 649 ἀλόγιστος
1575 614 1681 650 ἔφεσις,
1698 615 1838 647 ἀπέτεκεν,
1858 612 1898 641 οἶά

1123 670 1185 689 τινα
1197 661 1260 697 τρία
1273 660 1409 696 θυγάτρια
1420 661 1609 687 menmium"
1621 661 1672 696 τὴν
1685 660 1735 694 μὲν
1743 659 1899 694 hminum?)

1123 707 1269 742 λογιστικῷ
1281 707 1331 742 τῆς
1348 706 1438 742 ψυχῆς
1449 715 1457 723 ⁶
1470 706 1520 742 τὴν
1536 707 1565 733 δὲ
1586 707 1743 742 φιλαυτίαν,
1757 706 1796 742 τῷ
1814 705 1899 733 ἐπιθυ-

1126 753 1252 790 μητικῷ·
1268 753 1315 780 καὶ
1326 753 1375 787 τὴν
1391 753 1462 780 κατά
1483 753 1538 779 τῶν
1553 751 1683 788 ὁμοφυῶν
1708 752 1857 788 τυραννίδα,
1865 751 1900 787 τῷ

1125 798 1252 834 θυμικῷο
1267 798 1302 825 τά
1319 797 1443 833 ἀλλήλων
1456 796 1630 832 ἐξηρτημένα
1645 796 1710 831 τρία
1725 795 1846 832 μέγιστα,
1859 795 1902 822 καὶ

1124 844 1278 880 ἀρχέκακα,
1309 843 1357 871 καὶ
1376 843 1467 877 πάσης
1495 842 1590 874 ἁπλῶς
1613 843 1702 869 εἰπεῖν
1726 841 1822 873 κακίας
1837 849 1902 876 παρ-

1125 893 1216 918 αίτια·
1233 890 1297 917 ἐπεὶ
1312 890 1335 916 δ’
1358 889 1506 925 ἀποτυχίαι
1523 889 1578 916 εἰσί
1603 888 1671 915 Θεοῦ
1684 897 1691 905 ·
1706 889 1723 924 ὴ
1741 888 1788 923 μὲν
1805 889 1900 922 ἄγνοια.

1124 937 1162 967 ὼς
1176 936 1312 971 ἀλαθήτου
1331 935 1472 970 γνωστοῦ’
1491 936 1507 970 ἡ
1523 935 1551 962 δὲ
1574 934 1714 970 φιλαυτία,
1737 933 1775 966 ὡς
1799 933 1903 968 ἐσχάτου

1125 981 1238 1018 ὁρεκτοῦ
1251 989 1258 998 ’
1279 981 1296 1016 ἡ
1311 980 1340 1007 δέ
1357 988 1390 1015 γε
1409 980 1538 1016 τυραννὶς
1561 980 1650 1015 φθορά
1667 977 1736 1006 οὖσα
1762 978 1903 1014 διαλληλος,

1126 1027 1263 1063 dno-toxica
1277 1025 1360 1054 πάλιν
1372 1026 1432 1053 ἐστὶ
1447 1026 1498 1061 τῆς
1517 1025 1679 1061 σωματικῆς
1697 1025 1858 1056 συστάσεως,
1873 1021 1904 1060 ἧς

276 1072 365 1099 nalem
383 1072 446 1100 illas
459 1073 611 1108 parientem
629 1073 732 1101 satiare
750 1073 814 1109 jure
829 1081 885 1101 non
900 1074 1011 1107 valens,
1029 1077 1072 1101 ut-

1126 1074 1171 1102 καὶ
1182 1073 1259 1101 δοκεῖ
1271 1072 1540 1108 ὑπεραγωνιζεσθαι,
1555 1071 1670 1104 εἰκότως
1686 1071 1736 1106 τὴν
1759 1070 1854 1102 ταύτας
1865 1077 1905 1096 τεο

277 1122 340 1152 pote
368 1118 448 1154 quasi
475 1119 642 1155 sanguisuga
667 1119 850 1147 insatiabilem
878 1120 1068 1147 exsistentem.

278 1163 383 1191 Idcirco
401 1167 429 1192 et
450 1164 496 1192 illa
519 1173 580 1200 qua:
600 1173 662 1193 cum
686 1165 750 1193 liliis
772 1170 901 1202 quartum
925 1174 1070 1194 numerum

277 1210 414 1246 complet,
430 1218 486 1238 non
502 1211 634 1244 satiatur,
653 1211 690 1240 ita
706 1217 737 1240 ut
751 1219 766 1239 a
780 1217 856 1240 motu
875 1216 971 1240 contra
990 1217 1071 1240 natu-

278 1264 336 1284 ram
362 1257 514 1291 abstineat,
533 1257 623 1286 donec
643 1259 753 1287 ratione
778 1259 894 1288 subacta
914 1259 948 1286 ad
963 1267 995 1287 ea
1010 1267 1072 1295 quas

279 1307 344 1330 sunt
356 1311 439 1339 supra
457 1309 584 1331 naturam
605 1312 636 1332 se
661 1310 821 1336 convertat.
841 1305 888 1333 ubi
903 1306 1012 1334 tandem
1028 1313 1072 1334 sa-

278 1347 403 1381 tiabitur,
420 1349 532 1384 quando
545 1349 648 1378 videbit
664 1350 747 1378 homo
760 1351 876 1387 gloriam
896 1350 955 1379 Dei.

315 1485 396 1513 Vens.
413 1486 455 1514 16.
468 1485 593 1521 Inferam:
603 1508 610 1519 ,
630 1492 655 1514 et
667 1495 742 1514 amor
767 1488 888 1514 mulieris
899 1509 906 1520 ,
936 1493 1056 1514 tartarus
1067 1508 1073 1517 .

277 1534 301 1556 et
318 1535 390 1557 terra
405 1538 465 1565 quae
484 1538 537 1558 non
558 1531 676 1558 satiatur
688 1539 759 1567 aqua
771 1551 779 1562 .
805 1539 874 1566 aqua
888 1536 914 1559 et
929 1532 999 1567 ignis
1021 1540 1075 1559 non

277 1577 385 1612 dicent,
401 1577 475 1606 Satis
491 1585 541 1606 est.
558 1578 652 1614 Neque
664 1579 736 1606 enim
754 1579 907 1606 animarum
923 1583 1012 1607 status
1029 1579 1075 1615 qui

277 1628 341 1659 post
358 1625 561 1660 separationem
587 1631 681 1652 earum
702 1624 730 1652 in
747 1625 911 1660 corporibus
928 1625 1076 1652 habitatio-

277 1678 339 1698 nem
355 1670 479 1706 sequitur
498 1674 525 1698 et
539 1670 606 1706 ᾅδης
621 1669 769 1706 (infernus)
783 1675 907 1704 vocatur,
924 1674 1019 1706 utpote
1034 1671 1078 1698 in-

277 1716 410 1749 visibilis,
420 1716 485 1752 quia
501 1716 602 1744 ibidem
620 1716 718 1743 anium
731 1723 782 1743 nec
795 1716 945 1752 quidquam
963 1723 1079 1751 operan-

1121 1119 1224 1147 κοῦσαν
1252 1118 1410 1154 παράλογον
1443 1118 1536 1152 ἔφεσιν
1561 1116 1676 1152 κορέσαι
1705 1116 1756 1143 οὐκ
1783 1116 1903 1150 ἴσχυσαν,

1125 1165 1276 1201 ἀκόρεστον
1290 1164 1370 1199 δίκην
1388 1163 1501 1199 βδέλλης
1518 1162 1708 1198 ὑπάρχουσαν·
1721 1161 1761 1188 διδ
1774 1161 1820 1188 καὶ
1832 1159 1902 1195 αὐτὴ,

1122 1213 1138 1247 ἡ
1156 1212 1226 1247 μετά
1237 1211 1292 1238 τῶν
1306 1210 1336 1244 ἐξ
1348 1210 1433 1245 αὐτῆς
1444 1207 1588 1245 πληροῦσα
1598 1208 1645 1235 τὸν
1656 1207 1779 1244 τέσσαρα
1788 1205 1903 1242 ἀριθμὸν,

1122 1257 1173 1284 οὐκ
1195 1256 1361 1292 ὲχορτάτθη,
1387 1255 1459 1282 ὥστε
1476 1254 1647 1290 ἀποσχέσθαι
1668 1253 1721 1289 τῆς
1743 1252 1817 1288 παρά
1832 1250 1905 1287 φύσιν

1124 1303 1260 1337 κινήσεως
1270 1311 1277 1318 ·
1291 1302 1345 1334 ἓως
1361 1301 1393 1328 ἂν
1409 1301 1496 1337 αὐτὴν
1509 1299 1703 1332 καθυποτάξας
1716 1300 1731 1326 6
1743 1299 1830 1332 λόγος,
1844 1296 1904 1333 πρὸς

1123 1350 1158 1377 τὰ
1175 1349 1245 1385 ὑπὲρ
1260 1349 1344 1384 φύσιν
1363 1348 1454 1383 ἀγαθά
1467 1346 1601 1382 φέρεσθαι
1621 1346 1757 1378 πείσειεν,
1771 1346 1835 1372 ὅπου
1847 1343 1903 1370 ποτὲ

1125 1395 1353 1431 χορτασθήσεται,
1379 1395 1408 1422 ὲν
1437 1393 1476 1430 τῷ
1497 1393 1614 1430 ὀφθῆναι
1638 1392 1680 1429 τῷ
1704 1391 1839 1428 ἀνθρώπῳ
1861 1390 1905 1427 τὴν

1125 1441 1204 1474 δόξαν
1221 1441 1268 1468 τοῦ
1286 1441 1365 1468 Θεοῦ.

1163 1487 1210 1520 ις’.
1222 1487 1324 1523 ᾍδης,
1335 1488 1384 1514 καί
1395 1488 1471 1522 ἔρως
1480 1486 1635 1522 γυναικὸς,
1644 1486 1697 1513 καί
1705 1485 1852 1520 τάρταρος,
1863 1481 1907 1510 καί

1127 1532 1165 1568 τῆ
1174 1533 1230 1560 οὐκ
1240 1532 1452 1568 ἐμπιπλαμένη
1461 1533 1582 1566 ὕδατος,
1592 1531 1641 1559 καί
1651 1531 1733 1565 ὕδωρ
1744 1530 1792 1558 καί
1804 1529 1867 1563 πῦρ,
1874 1527 1907 1554 οὗ

1125 1579 1168 1615 μὴ
1185 1579 1313 1606 εἴπωσιν
1326 1579 1433 1614 Ἀρκεῖ.
1443 1579 1513 1607 Οὔτε
1527 1579 1606 1615 γὰρὴ
1617 1578 1667 1614 τὴν
1679 1579 1708 1605 ὲν
1720 1576 1824 1612 σώμασι
1831 1574 1906 1602 κατά-

1129 1634 1226 1653 στασιν
1241 1625 1297 1653 τῶν
1308 1625 1415 1662 ψυχῶν,
1431 1625 1503 1661 μετά
1522 1624 1567 1651 τὸν
1589 1623 1696 1651 τούτων
1710 1621 1844 1659 χωρισμὸν
1855 1620 1907 1647 δια-

1129 1671 1261 1708 δεχομὲνη
1290 1672 1470 1704 κατάστασις,
1486 1671 1548 1707 ἥτις
1559 1670 1625 1706 ᾅδης
1646 1669 1772 1697 καλεῖται
1791 1667 1827 1699 ὡς
1843 1667 1907 1700 dpe-

1131 1717 1190 1753 νὴς,
1205 1717 1250 1744 διὰ
1268 1717 1299 1744 τὺ
1327 1718 1358 1744 ἐν
1376 1718 1457 1753 αὐτῇ,
1478 1716 1541 1752 μήτ’
1567 1716 1706 1752 ἐνεργεῖν,
1722 1714 1789 1750 μήτε
1804 1713 1907 1747 πάσχειν

278 1762 340 1794 'nr,
359 1769 410 1790 nec
428 1762 544 1797 jucundi
566 1767 614 1790 aut
639 1763 748 1790 molesti
771 1762 836 1797 quid
860 1763 1001 1798 patiuntur
1014 1769 1074 1790 cum

1130 1763 1216 1795 αὐτὰς
1238 1762 1308 1798 μετά
1323 1763 1459 1799 σωμάτων
1472 1763 1507 1790 τὰ
1525 1762 1592 1798 ἡδέα
1608 1762 1664 1788 εἴτε
1683 1760 1809 1796 λυπηρά·
1822 1757 1878 1785 οὔτε
1891 1757 1906 1792 ἠ

276 1808 459 1844 corporibus;
484 1816 574 1843 neque
593 1808 728 1846 sensualis
745 1813 774 1836 et
800 1808 973 1836 irrationalis
987 1816 1076 1842 amor,

276 1854 323 1889 qui
345 1854 453 1882 animas
475 1854 586 1889 quidem
600 1854 714 1881 dimittit
731 1854 758 1881 in
776 1853 912 1881 infernum
924 1873 932 1887 ,
959 1861 1075 1890 corpora

278 1903 368 1927 autem
379 1900 405 1927 in
421 1903 540 1935 quatuor
552 1900 685 1928 elementa
698 1899 839 1932 dissolvit,
855 1900 934 1935 quasi
947 1907 997 1936 per
1012 1907 1072 1928 eam

277 1945 310 1972 ad
327 1949 442 1972 mortem
456 1945 603 1973 damnatus
620 1945 702 1973 fuerit
725 1945 821 1979 homo;
841 1953 930 1981 neque
956 1953 989 1974 ex
1008 1953 1077 1982 qua.

278 1997 340 2018 tuor
362 1990 423 2019 istis
445 1991 588 2019 clementis
605 1991 647 2018 vel
670 1999 719 2019 aer
736 1996 892 2020 commotus
907 1999 939 2020 ac
956 1991 1077 2020 turbans

279 2044 380 2072 aquas;
398 2037 440 2064 vel
461 2040 534 2063 terra
558 2036 635 2063 arida
659 2036 738 2072 aquis
755 2045 809 2064 non
829 2036 944 2072 irrigata
959 2041 988 2064 et
1010 2044 1078 2072 pro-

279 2083 366 2118 priam
394 2082 522 2118 rcjiciens
544 2082 720 2116 aviditatem;
748 2082 791 2110 vel
819 2090 890 2117 aqua
918 2082 997 2117 ipsa,
1030 2090 1078 2120 aut

279 2130 351 2164 ignis
366 2149 374 2162 ,
390 2133 484 2156 mutua
500 2129 679 2163 corruptione
691 2129 901 2161 saturabuntur,
917 2127 1075 2163 usquedum

280 2176 306 2202 in
322 2175 528 2203 resurrectione
539 2174 702 2207 universali,
716 2174 886 2209 incorruptio
896 2178 922 2201 et
937 2174 1075 2202 stabilitas

279 2224 304 2247 et
320 2220 443 2246 ninnium
459 2227 474 2246 a
489 2219 637 2247 mutatione
651 2218 808 2247 immunitas
824 2219 964 2246 adveniat.

315 2265 400 2297 Vens.
415 2265 459 2293 i7.
479 2265 591 2292 Oculum
608 2265 652 2301 qui
667 2266 815 2292 subsannal
834 2270 936 2300 patrem
948 2270 972 2292 et
983 2265 1074 2301 despi-

279 2312 314 2338 cit
329 2316 488 2339 senectutem
498 2311 604 2343 matris,
619 2311 746 2345 elfodiant
762 2319 821 2338 eum
835 2311 906 2338 corvi
922 2311 955 2338 de
974 2316 1077 2339 torren—

281 2358 364 2390 tibus,
383 2362 408 2384 et
432 2357 571 2384 comedunt
591 2361 648 2384 eum
664 2356 715 2389 ﬁlii
735 2356 841 2391 aquilw.
860 2357 1075 2384 Intellectualem

280 2404 378 2431 animat
392 2403 514 2436 oculum,
525 2403 572 2438 qni
595 2402 680 2430 Deum
699 2402 821 2429 onmium
837 2407 978 2430 auctorem
1006 2410 1073 2430 con-

1131 1810 1191 1837 κατ’
1217 1810 1344 1845 αἴσθησιν
1370 1810 1467 1844 ἄλογος
1488 1809 1589 1844 ὄρεξις,
1603 1809 1667 1844 ἥτις
1691 1808 1740 1839 τὰς
1760 1807 1807 1842 μὲν
1826 1803 1907 1840 ψυχὰς

1130 1855 1313 1891 παραπέμπει
1328 1855 1367 1892 τῷ
1380 1855 1441 1892 ᾅδῃ,
1459 1855 1494 1882 τὰ
1512 1855 1541 1882 δὲ
1555 1854 1672 1890 σώματα
1688 1855 1730 1886 εἰς
1746 1853 1779 1880 τὰ
1797 1852 1909 1884 τέσσαρα

1131 1902 1243 1929 ἀνελύει
1256 1903 1389 1937 στοιχεῖα,
1405 1901 1443 1933 ὼς
1456 1900 1490 1928 δι’
1509 1900 1596 1936 αὐτὴν
1607 1900 1653 1927 τοῦ
1675 1899 1817 1935 ἀνθρώπου
1830 1903 1907 1925 κατι-

1130 1948 1273 1983 κριθὲντος
1288 1947 1396 1983 θανάτῳ
1406 1956 1413 1962 ·
1425 1947 1488 1974 οὗτε
1501 1946 1554 1983 μὴν
1569 1947 1599 1979 ἐξ
1611 1946 1704 1974 αὐτῶν
1714 1946 1766 1972 τῶν
1780 1943 1908 1978 τεσσάρων

1131 1994 1282 2030 στοιχείων,
1298 1994 1315 2030 ἢ
1333 1993 1388 2030 ἀὴρ
1405 1992 1567 2029 κινούμενος
1583 1992 1632 2019 καὶ
1645 1992 1793 2029 ταράσσων
1806 1991 1838 2017 τὰ
1855 1989 1907 2016 ὕδι-

1131 2049 1175 2072 τα,
1189 2040 1205 2075 ἢ
1219 2040 1254 2075 γῆ
1273 2039 1344 2075 ξηρὰ
1364 2039 1402 2075 μὴ
1421 2039 1553 2075 δευομένη
1567 2040 1624 2071 τοῖς
1643 2038 1736 2070 ὕδασι,
1755 2037 1801 2065 καὶ
1815 2037 1861 2072 τὴν
1874 2036 1909 2063 oio

1130 2085 1208 2113 κείαν
1229 2085 1438 2121 ἀποὸαλ).ομένη
1465 2084 1646 2121 ξηρότητα,ἢ
1667 2085 1699 2111 τὸ
1721 2085 1793 2119 ὓδωρ
1806 2082 1875 2115 αὐτὸ,
1893 2081 1908 2115 ἦ

1130 2131 1161 2158 τὸ
1175 2131 1242 2166 πῦρ,
1253 2131 1304 2166 τῆς
1319 2131 1463 2166 διαλλήλου
1481 2130 1587 2167 φθορᾶς
1601 2129 1851 2166 ὲμπλησθήσονται,
1862 2127 1908 2158 ἕως

1129 2175 1303 2211 τῆςηπάντων
1317 2175 1388 2203 κατά
1405 2175 1456 2211 τὴν
1477 2175 1625 2203 ἀνάστασιν
1639 2175 1794 2212 ἀφθαρσίας
1800 2174 1844 2201 καὶ
1858 2172 1908 2198 δια-

1130 2223 1224 2256 μονῆς,
1241 2221 1351 2256 καὶτῆς
1365 2220 1413 2248 τοῦ
1430 2221 1562 2257 φέρεσθαι
1583 2220 1716 2252 στάσεως.

1166 2265 1209 2298 ιζ’.
1235 2266 1406 2301 Ὀφθαλμὸν
1418 2265 1630 2301 καταγελῶντα
1649 2265 1775 2300 πατρὸς,
1789 2264 1836 2291 καί
1855 2262 1909 2290 dn-

1128 2311 1257 2347 μάζαντα
1270 2312 1365 2347 γῆρας
1381 2312 1506 2347 μητρὸς,
1518 2312 1711 2346 ἐκκόψαισιιν
1725 2310 1818 2339 αὑτὸν
1832 2309 1909 2342 κόρα-

1130 2366 1181 2390 κες
1194 2357 1229 2384 ἐκ
1246 2357 1305 2384 τῶν
1321 2357 1491 2393 φαράγγων,
1509 2358 1558 2384 καὶ
1582 2356 1809 2391 καταφάγοισαν
1826 2353 1909 2380 aim‘r

1128 2403 1253 2430 ’νεοσσοὶ
1271 2403 1376 2431 ἀετῶν.
1393 2403 1496 2439 Νοερδν
1519 2404 1598 2439 δμμα
1618 2403 1718 2439 ψυχῆς,
1736 2398 1908 2436 καταφρονοῦν

281 2449 388 2482 temnit,
405 2453 578 2484 veteremque
596 2455 628 2476 ac
649 2448 701 2483 ipsi
717 2453 881 2476 coaaternam
897 2448 1014 2483 despicit
1031 2455 1073 2476 sa-

1126 2449 1172 2476 τοῦ
1196 2450 1305 2476 πάντων
1327 2450 1416 2476 αἰτίου
1441 2449 1529 2483 Θεοῦ,
1550 2450 1598 2477 καὶ
1618 2450 1669 2481 τὴν
1692 2448 1823 2475 συναῖδιον
1842 2443 1908 2479 αὑτῴ

281 2495 422 2530 picntiam.
441 2495 634 2523 universorum
648 2501 772 2528 causam,
785 2494 951 2522 naturalium
968 2499 995 2522 et
1011 2500 1075 2523 tem-

283 2539 415 2574 poralium
428 2539 597 2575 apparentiis
610 2538 781 2567 immorando
793 2543 820 2567 et
833 2547 887 2567 non
899 2539 1074 2568 ascendendo

281 2587 315 2612 ad
330 2585 439 2613 illorum
456 2585 589 2617 rationes,
603 2592 673 2620 quas
686 2589 748 2612 ante
764 2585 866 2613 saecula
880 2586 996 2613 salutari
1011 2593 1074 2614 con-

281 2632 344 2660 silio
360 2631 432 2659 Dens
451 2631 594 2659 constituit
607 2636 636 2658 et
652 2631 804 2659 secundum
821 2639 890 2667 quas
905 2632 1074 2660 creationem

280 2684 338 2706 tum
358 2678 506 2711 visibilemI
528 2682 585 2705 tum
611 2678 776 2706 invisibilem
796 2685 812 2706 ο
827 2678 914 2707 nihilo
939 2678 1062 2706 condidit

281 2728 380 2752 cuncta
392 2724 464 2751 enim
479 2724 586 2752 ratione
601 2729 629 2752 et
639 2724 775 2760 sapientia
794 2725 822 2752 in
839 2729 962 2760 tempore
975 2732 1078 2760 oppor-

280 2776 348 2798 tuno
362 2769 427 2798 fecit
435 2777 467 2797 ac
478 2769 553 2802 facit,
563 2770 639 2797 ὶΙΙιιιη
652 2770 762 2798 oculum
774 2772 954 2799 excaacabunt
965 2771 1077 2807 quidem

280 2823 451 2844 trrreuorum
467 2814 564 2843 allectu
574 2815 721 2844 immunda:
730 2824 762 2844 ac
775 2817 881 2845 vitiosa:
892 2817 1076 2853 cogitationes

280 2861 570 2890 ascrmleutesecarnc
578 2862 672 2890 multis
684 2862 842 2898 passionum
869 2863 978 2891 ﬂuentis
997 2872 1081 2892 exca-

283 2910 343 2934 ὶόιιῦ
353 2910 378 2935 et
386 2906 494 2936 revulsa
503 2915 517 2935 il
527 2908 692 2938 COlIiBl'Cltliil
701 2913 727 2936 Cl.
736 2908 906 2937 εοηηριὶοηθ
916 2917 978 2937 CUI“
989 2910 1079 2938 anima

1053 2951 1086 2977 ο

1126 2494 1295 2530 ἀρχαιότητα
1318 2495 1369 2530 τῆς
1393 2495 1557 2527 πανταιτίας
1578 2494 1676 2530 σοφίας
1696 2490 1799 2520 ’τούτου
1826 2498 1908 2525 παρα-

1126 2540 1304 2576 σλεπόμενον,
1321 2542 1351 2568 ὲν
1370 2541 1410 2576 τῷ
1429 2541 1611 2576 ὲναπομὲνειν
1625 2542 1687 2572 ταῖς
1707 2539 1761 2567 ὑπὸ
1775 2537 1853 2574 φύσιν
1867 2535 1908 2563 καὶ

1126 2587 1222 2622 χρόνον
1247 2587 1420 2622 ἐπιφανείαις
1445 2587 1500 2614 τῶν
1519 2586 1617 2620 ὅντων,
1635 2586 1684 2613 καὶ
1704 2585 1742 2622 μὴ
1768 2583 1834 2619 πρὸς
1852 2582 1908 2611 τοὺς

1127 2633 1225 2667 λόγους
1247 2633 1339 2660 αὐτῶν
1352 2632 1512 2665 διαϐαίνειν,
1527 2631 1576 2664 οὓς
1591 2633 1607 2659 ὁ
1625 2632 1692 2664 Θεὸς
1708 2631 1777 2666 ἔχων
1797 2628 1847 2664 πρὸ
1860 2627 1908 2653 τῶν

1133 2678 1250 2712 αἰώνων,
1262 2679 1388 2714 βουλήσει
1400 2678 1490 2714 ἀγαθῇ
1504 2677 1730 2714 προῦφεστῶτας,
1744 2674 1804 2703 κατ’
1818 2672 1908 2702 αὐτοὺς
1929 2683 1932 2691 '

1132 2725 1180 2760 τήν
1196 2733 1227 2752 τε
1247 2724 1350 2761 όρατὴν
1367 2725 1415 2752 καὶ
1437 2725 1487 2760 τὴν
1510 2725 1627 2761 ἀόρατον
1652 2723 1684 2750 ὲκ
1708 2721 1755 2749 τοῦ
1782 2720 1818 2756 μὴ
1839 2719 1908 2748 δντος

1132 2770 1306 2806 ὑπεστήσατο
1318 2771 1418 2804 κτίσιν,
1433 2770 1506 2806 λόγῳ
1523 2771 1572 2796 καὶ
1593 2769 1675 2805 σοφία
1691 2767 1725 2794 τὰ
1742 2766 1828 2793 πάντα
1845 2762 1909 2790 κατὰ

1131 2816 1177 2844 τὸν
1187 2816 1281 2844 δέοντα
1290 2817 1386 2853 χρόνον
1398 2817 1516 2853 ποιήσας
1531 2825 1560 2843 τε
1579 2816 1627 2843 καὶ
1640 2814 1737 2847 ποιῶν,
1753 2813 1784 2840 τὸ
1797 2809 1909 2838 τοιοῦτον

1135 2864 1211 2899 ὄμμα
1223 2863 1427 2898 ὲκτυφλώσουσι
1440 2863 1490 2899 μὲν
1502 2862 1557 2890 τῶν
1568 2862 1732 2898 ἀκαθάρτων
1744 2856 1875 2894 λογισμῶν
1886 2853 1908 2880 οῖ

1135 2911 1195 2938 κατ’
1212 2910 1329 2946 ἔλλειψιν
1343 2910 1391 2945 τῆς
1412 2909 1515 2945 ἀρετῆς
1531 2908 1721 2939 ἁναῦαἱνοντες
1738 2905 1791 2934 ἀπὸ
1809 2904 1854 2938 τῆς
1871 2901 1905 2934 τῲ
