2072 3161
171 196 240 230 1529
699 197 969 228 COMMENTAIUI
982 198 1025 229 IN
1042 198 1273 232 PROVERBIA.
1747 205 1815 240 i530

168 255 259 291 πολλῷ
271 255 388 291 ῥεύματι
398 254 453 283 τῶν
466 253 560 282 παθῶν
572 254 836 291 ἐκχαραδρωοείσης
847 256 958 289 σαρκδς,

1013 255 1164 284 secundum
1178 259 1264 293 legem
1280 258 1327 286 Dei
1340 259 1387 295 qui
1400 260 1460 289 illas
1470 260 1722 296 simulconjunxit;
1739 263 1816 291 illum

168 304 216 331 καὶ
228 302 427 339 διατμηθείσης
441 302 492 337 τὴν
506 302 575 338 πρὸς
593 302 644 338 τὴν
657 301 748 337 ψυχὴν
760 303 833 328 κατὰ
848 301 894 327 τὸν
909 301 957 327 τοῦ

1013 305 1105 328 autem
1128 305 1484 340 eonsumenteogi=ationes
1496 315 1546 342 per
1557 315 1706 335 excessum
1725 308 1816 336 virtu-

171 349 354 385 συνδήσαντος
364 348 432 375 Θεοῦ
444 348 538 383 νόμον,
550 347 742 383 πνευματικὴν
755 346 897 382 συνέχειαν
911 345 958 373 καὶ

1013 347 1049 374 tis
1070 355 1140 382 quas
1156 350 1183 376 in
1202 351 1291 377 anima
1308 352 1419 386 pariunt
1430 353 1505 388 pravi
1520 353 1634 388 spiritus
1648 362 1726 381 more
1739 355 1818 390 aqui-

169 395 329 431 συνάφειαν,
345 394 383 427 ὡς
401 395 573 428 σκοτίζοντες
583 394 650 421 αὺτδ
664 394 698 429 τῇ
715 393 807 428 σχέσει
824 393 879 419 τῶν
901 392 958 418 ὑλι-

1014 395 1102 421 larum
1115 395 1315 424 altivolantium
1335 398 1361 425 in
1377 398 1549 427 altitudinem
1559 400 1724 436 arrogantia:
1739 401 1816 430 elati.

167 442 238 470 κῶν·
256 441 481 469 καταναλώσουσι
495 441 524 468 δέ
534 441 561 468 οἱ
575 440 637 468 καθ⁹
653 440 809 476 ὑπερδολὴν
825 439 876 474 τῆς
892 438 958 474 ἁρε-

1014 439 1143 470 liteenim
1163 444 1342 479 cogitationes
1362 446 1547 481 speculativas
1569 448 1668 475 anima:
1679 449 1818 484 potentias

166 489 227 523 τῆς,
243 488 275 514 ἐκ
291 488 346 514 τῶν
362 487 441 523 δίκην
456 486 597 522 ὑψιπετῶν
611 485 699 514 ἀετῶν
715 486 756 517 εἰς
783 484 850 520 ὕψος
870 484 958 520 ὑπερ-

1013 492 1082 514 vana
1100 489 1278 518 meditatione
1288 491 1448 521 absumunt.

167 535 285 569 πφανίας
300 534 455 570 αἰρομένων
466 534 516 570 τῆς
529 533 664 569 πονηρίας
675 532 850 568 πνευμάτων,
865 530 1106 568 ἐναποτικτόμενοι
1125 537 1158 571 τῇ
1169 536 1242 573 ψυχῇ
1260 537 1406 574 λογισμοί.
1427 539 1466 571 ὡς
1480 539 1512 566 τι)
1532 540 1636 576 ταύτης
1654 542 1688 576 τῇ
1712 539 1815 577 ματαίᾳ

167 581 254 615 οἰήσει
273 580 468 615 ἐπινεμόμενοι
479 579 661 615 θεωρητικόν.

204 632 250 665 ιη’,
272 628 315 656 ιθ¹.
339 628 408 663 Τρία
427 627 461 654 δέ
476 627 563 654 ἐστιν
580 626 733 655 ἀδύνατόν
758 635 808 661 μοι
834 624 959 660 νοῆσαι.

167 674 216 702 καὶ
241 674 274 701 τὸ
294 674 439 709 τέταρτον
455 675 512 701 οὐκ
535 673 739 708 ὲπιτινώσκω·
771 673 841 707 ἴχνη
870 670 960 699 ἀετοῦ

167 720 345 755 πετομένου,
373 719 423 747 και
444 719 535 753 ὀδοὺς
563 719 660 754 ὄφεως
687 718 738 746 ἐπὶ
761 719 884 750 πέτρας,
909 717 958 744 καὶ

166 767 288 801 τρίϐους
298 765 373 800 νηὸς
386 766 651 799 ποντοπορούσης,
670 764 720 791 καὶ
736 763 826 796 ὀδοὺς
846 762 960 797 ἀνδρὸς

165 813 202 840 ἐν
223 813 353 847 νεότητι.
369 813 476 849 Ὠσπερ
502 811 633 839 ἀδύνατόν
658 820 705 846 μοι
729 811 764 837 τὰ
781 810 846 846 τρία
873 809 960 836 ταῦτα

166 859 332 887 καταλαϐεῖν
342 867 350 874 θ
367 859 515 894 ίπταμένου
532 867 561 885 τε
576 857 658 886 ἀετοῦ
671 857 744 893 ἴχνη,
762 857 810 884 καὶ
827 856 960 892 ἓρποντος

167 906 215 933 ἐπὶ
240 905 346 941 πέτρας
364 905 455 939 ὖφεως
469 905 562 937 ὀδοὺς,
591 904 639 931 καὶ
656 902 880 938 ποντοπορούσης
895 901 960 936 νηὺς

168 952 292 989 τρίϐους,
304 951 398 986 ἐπειδὴ
410 951 498 979 ταῦτα
519 951 610 978 πάντα
631 950 812 986 ἀνύπαρκτα·
825 949 897 976 οὕτω
913 957 958 984 μοι

167 997 216 1024 καὶ
231 997 262 1024 sb
275 997 411 1033 τέταρτον
424 997 576 1031 ἄγνωστον,
590 998 618 1024 αἱ
635 996 683 1024 τοῦ
697 997 734 1032 μὴ
746 996 820 1023 τετε)
826 995 958 1031 ειωμένου

166 1043 216 1080 τὴν
233 1043 423 1079 πνευματικὴν
439 1043 548 1079 ἠλικίαν
564 1043 624 1075 νοὸς
637 1043 751 1071 ἄστατοι
766 1043 877 1069 ἔννοιαι.

201 1093 236 1118 κ’.
261 1090 385 1123 Τοιαύτη
399 1089 470 1122 ὁδὸς
485 1089 629 1124 γυναικὸς
641 1088 832 1124 μοιχαλίδος,
846 1087 865 1127 ἢ
886 1087 960 1115 ὅταν

165 1136 279 1170 πράξῃ,
306 1135 537 1170 ἀπονιψαμένη,
558 1135 650 1162 οὐδέν
669 1143 745 1170 φησι
773 1135 959 1169 πεπραχέναι

166 1181 291 1208 ἄτοπον.
311 1178 360 1212 Ai;
373 1180 454 1216 ὁμοία
464 1181 481 1216 ὴ
495 1181 545 1216 τῆς
561 1180 658 1216 πόρῤω
672 1180 720 1207 τοῦ
731 1180 813 1215 λόγου
827 1180 959 1216 νευούσης

167 1227 269 1264 σαρκὸς
280 1228 328 1255 καὶ
345 1228 410 1263 περὶ
424 1227 458 1254 τὰ
473 1226 594 1262 αἰσθητὰ
617 1226 798 1263 πλανωμένης
813 1227 939 1260 ἐνέργεια
950 1234 956 1241 ·

165 1273 227 1308 ἥτις
251 1271 320 1306 σὰρξ
340 1272 411 1308 μετὰ
433 1272 483 1308 τὴν
505 1271 656 1308 ἁμαρτίαν,
678 1272 724 1298 τὸν
759 1271 831 1298 κατὰ
854 1271 958 1307 ταύτην

167 1317 253 1353 ῥύπον
272 1317 387 1353 δάκρυσι
418 1316 565 1352 μετανοίας
588 1315 759 1349 ἐκπλύνασα,
783 1315 958 1343 ἀποδεικνύει

166 1364 268 1400 ἑαυτὴν
279 1363 475 1399 ἀναμάρτητον
487 1372 494 1379 ·
512 1356 609 1390 στάσιν
623 1362 808 1398 λαμὸἀνοντος
823 1362 870 1389 τοῦ
886 1362 958 1394 νοὸς,

165 1411 198 1447 τῇ
215 1410 280 1446 περὶ
295 1410 326 1437 τὸ
337 1409 423 1442 ὅντως
435 1409 538 1444 ἀγαθὸν
553 1409 652 1445 ἁληθεῖ
665 1409 778 1446 θεωρίᾳ.

199 1460 255 1485 κα’.
275 1457 329 1484 Διὰ
351 1456 442 1492 τριῶν
465 1457 579 1484 σείεται
593 1457 613 1490 ἠ
628 1455 685 1491 τῆο
709 1455 743 1483 τὸ
761 1455 795 1483 δὲ
816 1455 960 1490 τέταρτον

164 1504 201 1531 οὐ
218 1504 345 1531 δύναται
360 1503 474 1538 φέρειν.
491 1503 542 1529 Διὰ
558 1502 662 1530 τούτων
678 1503 734 1530 τῶν
757 1502 841 1538 τριῶν
856 1502 895 1534 ὡς
914 1502 960 1529 διά

165 1558 239 1581 τινος
254 1549 368 1585 σεισμοῦ
381 1549 539 1581 διιστῶντος
551 1549 586 1576 τὰ
601 1549 713 1584 συνεχῆ,
729 1548 909 1584 διασπωμένη
925 1549 958 1585 τῇ

164 1597 261 1632 λογικῇ
274 1596 412 1632 διακρίσει
434 1597 451 1632 ή
467 1596 645 1624 πυκνωθεῖσα
657 1596 714 1628 ἕξις
731 1596 765 1632 τῇ
781 1597 813 1623 ἐκ
827 1595 883 1623 τῶν
896 1595 958 1622 καθ’

165 1643 263 1680 ἡδονὴν
282 1644 330 1670 καὶ
340 1643 439 1678 ὀδύνην
457 1643 588 1670 ἐναντίων
605 1644 655 1678 τῆς
669 1642 771 1674 κακίας
785 1642 878 1677 μερῶν
891 1650 958 1676 ουγο

166 1690 282 1726 κειμένῃ
299 1690 452 1726 μοχθηρίᾳ’
471 1690 502 1716 τὸ
511 1689 540 1716 δέ
554 1689 688 1725 τέταρτον
701 1689 796 1724 φέρειν
813 1689 882 1721 ὅλως
895 1689 960 1716 ἀδυ-

164 1737 293 1769 νατοῦσα,
313 1737 406 1763 τέλεον
422 1736 474 1772 τῆς
494 1736 593 1768 κακίας
605 1736 755 1770 ἐξίσταται.

199 1783 252 1820 κβ’.
277 1784 349 1811 Ἐὰν
368 1784 489 1817 οίκέτης
504 1783 692 1818 βασιλεύσῃ.
712 1783 777 1811 Ἐὰν
796 1784 810 1810 ὁ
826 1782 962 1810 δουλεύων

166 1831 250 1866 σαρκὶ
266 1831 307 1862 είς
323 1830 498 1866 παραλόγους
516 1829 678 1866 ἐπιθυμίας,
697 1830 868 1866 ἐπιστατήσῃ
885 1829 961 1857 ἐννόσ

167 1885 226 1911 μως
242 1875 311 1910 αὐτῇ
324 1875 393 1901 κατὰ
410 1874 522 1910 πρᾶξιν,
539 1875 587 1901 καὶ
602 1874 712 1911 καθάρῃ
731 1874 818 1909 αὐτὴν
831 1873 898 1908 θείῳ
912 1873 961 1907 φύ-

165 1922 206 1956 6ῳ
220 1921 276 1949 ἀπὸ
290 1921 390 1953 παντὸς
405 1919 539 1956 λογισμοῦ
555 1920 605 1955 τῆς
629 1919 689 1946 κατ’
706 1919 851 1955 ἐνέργειαν
871 1919 962 1955 ἁμαρ-

167 1966 239 1998 τίας.

200 2012 254 2040 Καὶ
271 2012 374 2047 ἄφρων
390 2010 517 2047 πλησθῇ
533 2011 651 2039 σιτίων.
664 2010 721 2039 Καὶ
731 2011 779 2039 ἐὰν
794 2011 808 2038 ὁ
822 2010 860 2047 μὴ
873 2011 958 2046 ἐγνω-

164 2058 222 2091 κὼς
237 2058 315 2091 Θεὸν,
334 2058 477 2094 ἐμφορηθῇ
493 2058 548 2085 τῶν
564 2059 594 2085 ἐν
611 2058 749 2094 πνεύματι
767 2057 959 2095 θεωρημάτων

164 2104 266 2138 αὑτοῦ,
284 2104 381 2136 διαϐὰς
401 2104 453 2136 τὰς
479 2104 540 2131 κατ’
555 2103 686 2140 αἴσθησιν
714 2104 876 2140 ἐπιφανείας
903 2103 959 2131 τῶν

164 2151 288 2188 ὁρατῶν·
308 2152 355 2179 καὶ
369 2152 427 2184 τοῖς
441 2151 532 2186 λόγοις
547 2151 652 2178 τούτων
666 2150 816 2186 φωτισθεὶς
830 2150 869 2183 ὥς
885 2159 958 2178 τισιν

165 2200 257 2226 ἀκτῖσι
270 2197 319 2225 τοῦ
330 2199 379 2234 τῆς
393 2197 568 2233 δικαιοσύνης
579 2197 670 2233 ἡλίου,
686 2197 734 2224 καὶ
745 2197 828 2225 αὐτὸν
842 2197 890 2225 τὸν
907 2196 957 2224 τοῦ

165 2246 267 2278 παντὸς
281 2246 366 2273 αἴτιον
377 2245 454 2277 Θεὸν,
465 2246 497 2272 ἐκ
508 2243 563 2271 τῶν
578 2244 676 2271 τούτου
691 2244 855 2280 ποιημάτων
869 2253 957 2272 κατα-

165 2292 267 2320 λαὸών.

1050 623 1133 652 νεηε.
1152 625 1194 656 18,
1213 626 1255 653 19.
1270 627 1335 654 Tria
1352 632 1415 654 sunt
1426 627 1545 661 difﬁcilia
1560 628 1635 662 mini,
1655 633 1814 663 etquartum

1012 674 1116 705 penitus
1136 673 1228 707 ignora
1246 681 1255 700 :
1271 674 1380 709 vestigia
1397 675 1495 708 aquilm
1508 675 1633 708 volantis,
1643 680 1668 702 et
1681 677 1736 702 vias
1754 683 1812 702 ser-

1013 720 1134 753 pentisin
1147 726 1239 754 petra,
1255 725 1281 747 et
1299 721 1408 748 semitas
1430 722 1505 749 navis
1529 722 1694 757 naniganlis.
1718 727 1743 749 et
1757 722 1814 749 vias

1013 765 1063 793 viri
1090 766 1117 793 in
1140 766 1331 794 adolescentia.
1365 767 1604 800 Quemadmodum
1640 768 1813 803 itnpossibilc

1014 812 1082 839 mihi
1107 812 1160 839 tria
1177 812 1234 840 haec
1247 821 1345 847 capere
1364 823 1370 841 :
1387 821 1414 841 et
1433 815 1550 841 volantis
1566 814 1666 849 aquilae
1682 815 1811 850 vestigia,

1013 862 1041 885 et
1059 859 1181 893 repentis
1194 859 1299 887 colubri
1313 860 1372 887 vias
1396 860 1424 887 in
1445 864 1531 895 petra,
1547 864 1574 887 et
1595 860 1751 895 navigantis
1767 868 1813 887 na-

1012 904 1056 932 vis
1074 907 1198 939 setnitas,
1216 906 1280 940 quia
1306 906 1364 934 haec
1387 907 1477 934 omnia
1504 914 1558 933 non
1575 906 1752 939 subsistunt;
1770 906 1807 933 ita

1013 954 1041 978 et
1060 955 1187 986 quartum
1216 952 1283 979 mihi
1306 954 1445 988 ignotum,
1462 952 1607 979 instabiles
1628 952 1812 987 cogitationes

976 988 997 1015 Β
1011 998 1113 1025 mentis
1128 1006 1189 1033 quae
1204 999 1237 1026 ad
1249 998 1397 1034 perfectam
1428 1003 1536 1026 aetatem
1559 999 1730 1034 spiritualem
1746 1006 1812 1026 non-

1014 1044 1080 1070 dtun
1094 1045 1228 1078 pervenit.

1043 1088 1179 1118 VEns.20.
1193 1089 1267 1118 Talis
1285 1096 1322 1118 est
1341 1090 1382 1118 uia
1398 1090 1517 1117 mulieris
1532 1090 1810 1123 adullerte,qttodcnn-

1009 1142 1059 1169 que
1066 1135 1156 1170 egerit,
1170 1135 1235 1167 lota.
1249 1136 1287 1162 ait
1296 1144 1322 1163 se
1334 1135 1400 1163 nihil
1410 1136 1474 1163 mali
1485 1136 1589 1170 fecisse.
1601 1136 1649 1163 His
1658 1135 1757 1163 similis
1767 1139 1808 1161 est

1010 1182 1134 1215 operatio
1148 1190 1209 1217 qua:
1232 1182 1310 1217 longe
1329 1190 1344 1209 a
1364 1182 1471 1210 ratione
1486 1182 1597 1210 aberrat
1613 1185 1640 1209 et
1664 1186 1805 1208 annuente

1010 1235 1105 1259 carne,
1122 1227 1155 1255 ad
1169 1227 1309 1255 sensibilia
1325 1232 1453 1263 vagatur;
1472 1235 1533 1263 quae
1546 1235 1611 1254 caro
1629 1225 1692 1261 poet
1709 1234 1807 1262 pecca-

1010 1279 1079 1306 tum.
1096 1283 1158 1302 cum
1187 1276 1291 1310 peccati
1306 1275 1403 1303 sordes
1426 1275 1512 1301 abluit
1541 1282 1589 1309 per
1606 1273 1806 1308 paenitentiam.

1009 1321 1130 1349 ostendit
1144 1321 1264 1356 seipsam
1279 1320 1384 1355 peccati
1408 1324 1558 1356 expertem.
1574 1318 1651 1346 Mens
1675 1318 1806 1353 stabilita-

1012 1372 1066 1394 lcm
1091 1367 1194 1402 accipit
1217 1375 1266 1402 per
1283 1374 1373 1394 veram
1399 1367 1433 1394 de
1461 1374 1525 1393 vero
1545 1365 1618 1393 bono
1642 1364 1808 1400 contempla-

1010 1413 1124 1440 tionem.

1045 1459 1128 1487 Vtztts.
1143 1459 1188 1486 2L
1206 1458 1258 1486 Per
1272 1459 1324 1486 tria
1339 1463 1457 1486 movetur
1472 1462 1543 1485 terra
1554 1478 1562 1489 ,
1575 1461 1600 1485 et
1613 1461 1739 1493 quartum
1755 1465 1806 1484 non

1008 1509 1092 1540 potest
1104 1505 1243 1533 sustinere.
1261 1505 1312 1532 Per
1327 1505 1379 1532 tria
1396 1505 1452 1532 lucc
1468 1504 1547 1540 quasi
1560 1507 1808 1538 terrmmotu,quo-

1009 1552 1072 1580 dam
1087 1551 1183 1588 juncta
1203 1551 1390 1587 disjungcnte,
1403 1552 1494 1579 anima
1510 1551 1650 1578 divellitur
1666 1549 1805 1586 spirituali

1010 1599 1189 1632 discretione,
1204 1607 1265 1634 quae
1293 1599 1448 1626 incrassata
1473 1600 1532 1625 erat
1557 1597 1733 1632 improbitate
1746 1603 1807 1631 qua:

1012 1646 1136 1683 procedit
1149 1654 1164 1674 a
1179 1646 1319 1681 voluptate
1339 1650 1367 1673 et
1389 1645 1484 1672 dolore
1505 1645 1532 1672 in
1550 1644 1618 1671 vitio
1639 1651 1669 1671 se
1690 1643 1806 1670 invicem

1015 1691 1267 1728 propugnantibus.
1284 1691 1419 1725 Quartum
1439 1695 1531 1718 autem
1548 1689 1623 1725 quod
1645 1690 1718 1717 ferre
1732 1687 1806 1716 nullo

1014 1739 1096 1766 modo
1113 1741 1214 1773 potest,
1229 1737 1335 1765 scilicet
1347 1745 1362 1764 a
1374 1736 1445 1764 malo
1463 1744 1580 1772 prorsus
1597 1735 1684 1763 exire.

1048 1783 1134 1813 Vens.
1149 1784 1194 1812 2‘2.
1215 1783 1244 1812 Si
1265 1783 1384 1819 famulus
1410 1787 1510 1819 regnet.
1527 1781 1557 1810 Si
1583 1782 1628 1810 ille
1648 1781 1695 1816 qui
1717 1779 1803 1808 servit

1012 1833 1090 1860 carni
1108 1834 1135 1859 in
1157 1831 1298 1867 improbas
1313 1830 1565 1867 concupiscentias,
1586 1829 1623 1856 illi
1640 1827 1760 1863 legitime
1775 1826 1802 1854 in

1012 1879 1121 1906 actibus
1132 1878 1283 1912 praefuerit,
1298 1879 1428 1913 illamque
1448 1876 1635 1912 puriﬁcaverit
1657 1882 1706 1910 per
1719 1873 1801 1901 timo-

1012 1933 1070 1952 rem
1085 1924 1132 1952 Dei
1147 1925 1182 1952 ab
1198 1924 1272 1952 omni
1290 1924 1483 1959 peccaminosa
1498 1921 1678 1958 cogitatione.

1047 2008 1082 2037 Et
1101 2009 1254 2044 imprudens
1277 2013 1415 2037 saturatas
1429 2009 1509 2044 fuerit
1534 2008 1612 2036 cibis.
1635 2007 1666 2036 Si
1691 2008 1735 2036 ille
1760 2009 1807 2044 qui

1011 2056 1095 2084 Deum
1121 2056 1248 2091 ignorat,
1264 2056 1410 2091 praeceptis
1423 2055 1483 2091 ejus
1496 2055 1524 2082 in
1549 2055 1647 2090 spiritu
1665 2055 1748 2082 fuerit
1760 2055 1810 2082 im-

1012 2094 1115 2140 pletus,
1128 2103 1274 2131 sensibiles
1289 2103 1439 2130 visibilium
1449 2101 1624 2137 apparentias
1644 2105 1808 2136 pnetergre—

1010 2150 1108 2183 dicns;
1124 2153 1151 2177 et
1172 2149 1195 2177 si
1221 2149 1374 2177 rationibus
1397 2156 1491 2178 eorum
1518 2148 1690 2176 illuminatus
1723 2147 1802 2183 quasi

1009 2196 1094 2224 radiis
1106 2195 1178 2224 Solis
1191 2195 1315 2231 justitize.
1336 2195 1419 2224 Deum
1438 2196 1527 2231 ipsum
1543 2195 1734 2223 universorum
1745 2201 1810 2221 cau-

1009 2252 1068 2273 sam
1096 2252 1129 2272 ex
1145 2244 1275 2280 operibus
1287 2244 1348 2279 ejus
1361 2243 1538 2273 intellexerit.

201 2341 252 2373 κγ’.
277 2337 331 2365 Καὶ
348 2337 468 2371 οἰκέτις,
488 2337 543 2365 ἐὰν
560 2336 674 2372 ἐκϐάλῃ
691 2337 750 2372 τὴν
772 2337 883 2372 ἑαυτῆς
903 2348 958 2366 κυ-

1046 2332 1132 2362 Vt-zlts.
1147 2332 1195 2360 23.
1210 2331 1243 2359 Et
1252 2332 1358 2360 ancilla
1374 2333 1398 2361 si
1411 2333 1517 2369 ejeceri:
1527 2333 1665 2362 dominam
1676 2343 1763 2363 suam.
1776 2335 1810 2362 Et

161 2387 242 2421 ρίαν.
255 2385 309 2413 Καὶ
323 2385 372 2412 ἐὰν
385 2386 403 2420 ἡ
417 2385 489 2412 κατὰ
502 2383 622 2411 διάνοιαν
636 2383 802 2411 δουλεύουσα
815 2384 848 2420 τῇ
864 2384 956 2420 ἁμαρ-

166 2433 212 2468 τία
227 2432 300 2468 ψυχὴ
316 2431 442 2468 ἀπελάσῃ
458 2430 563 2465 ταύτην
578 2429 678 2466 αὐτῆς.

202 2479 258 2506 Καὶ
275 2478 391 2514 μισητὴ
413 2477 503 2513 γυνὴ,
525 2478 581 2505 ἐὰν
599 2477 677 2512 τύχῃ
702 2476 813 2512 ἀνδρὸς
832 2477 958 2513 ἀγαθοῦ.

167 2524 239 2560 Πρὸς
248 2524 288 2556 δὲ,
304 2524 351 2551 καὶ
366 2523 414 2551 ἐὰν
427 2523 616 2556 τελειωοεϊσα,
631 2523 766 2559 ἐπιτυχὴς
779 2522 894 2559 γένηται
906 2522 954 2550 τοῦ

166 2570 270 2606 ἀγαθοῦ
281 2570 401 2606 νυμφίου
411 2570 497 2605 αὐτῆς
506 2569 574 2597 Θεοῦ
585 2569 686 2604 Λόγου·
699 2568 862 2605 κολληθεῖσα
872 2569 958 2605 αὐτῷ,

167 2618 214 2646 καὶ
239 2617 350 2654 πνεῦμα
374 2616 404 2643 ἐν
427 2616 582 2652 γενομένη,
612 2615 847 2652 ἀποστρεφομένῳ
875 2615 960 2651 αὐτὴν

168 2663 312 2700 πρότερον,
327 2663 372 2690 διὰ
384 2662 416 2690 τὸ
430 2662 572 2698 ἐγκεῖσθαι
594 2661 696 2697 ταύτην
709 2661 850 2696 ἐπιμελῶς
864 2662 905 2693 είς
925 2661 961 2689 τὰ

167 2710 283 2747 πονηρὰ,
297 2709 359 2737 οὐδὲ
371 2709 502 2744 λογισμὸν
517 2708 631 2744 ἐμπαθῆ
644 2708 712 2741 ὅλως
732 2707 773 2735 ἐτι
783 2707 961 2741 ἐπιδέξασθαι

167 2755 289 2789 δύναται,
311 2755 355 2782 διὰ
375 2755 407 2782 τὸ
421 2754 548 2789 γενέσθαι
572 2754 637 2790 ὃλην
656 2754 704 2781 τοῦ
725 2754 891 2789 πνεύματος,
913 2755 962 2782 καὶ

168 2800 299 2828 τετάσθαι
317 2801 347 2827 τὸ
361 2799 560 2836 ἐπιθυμητικὸν
574 2799 660 2836 αὐτῆς
675 2799 737 2827 ὅλον
756 2799 825 2836 πρὸς
841 2799 958 2836 Κύριον.

204 2890 254 2918 κδ’.
277 2890 413 2926 Τέσσαρα
427 2891 461 2918 δέ
472 2891 558 2921 ἐστιν
577 2892 727 2927 ἐλάχιστα
748 2892 797 2920 ἐπὶ
813 2893 869 2927 τῆς
883 2893 941 2928 γῆς
952 2902 959 2910 ·

171 2935 264 2965 ταῦτα
278 2937 312 2964 δέ
324 2937 553 2974 ἐστισοςρώτερα
571 2939 630 2966 τῶν
653 2939 766 2974 σοφῶν.
781 2940 822 2968 Τὰ
840 2939 960 2977 τέσσαρα

1009 2380 1032 2408 si
1052 2379 1144 2407 anima
1166 2387 1226 2414 quae
1253 2383 1368 2414 peccato
1399 2384 1492 2408 mente
1515 2380 1668 2414 serviebat,
1694 2381 1763 2409 illud
1793 2389 1808 2408 a

1009 2432 1101 2456 mente
1118 2427 1267 2463 expulerit.

1046 2474 1080 2502 Et
1098 2474 1205 2502 odibilis
1229 2475 1324 2502 mulier
1348 2475 1372 2502 si
1382 2475 1479 2503 sortita
1499 2474 1580 2510 fuerit
1598 2475 1685 2503 virum
1701 2475 1808 2503 bonum.

1011 2521 1125 2556 Insuper
1137 2526 1164 2549 el.
1181 2520 1205 2548 si
1215 2528 1276 2548 cum
1292 2521 1326 2548 ad
1341 2525 1449 2548 aetatem
1467 2520 1616 2556 perfectam
1640 2522 1808 2556 pervenerit,

1010 2568 1143 2596 sortiatur
1166 2567 1267 2595 bonum
1285 2567 1346 2600 eius
1360 2575 1495 2604 sponsum
1518 2568 1566 2596 Dei
1586 2568 1713 2600 verbum.
1741 2576 1810 2596 con-

1011 2614 1143 2650 glutinata
1162 2613 1213 2646 illi.
1233 2622 1266 2642 ac
1282 2622 1355 2642 unus
1372 2614 1471 2643 ell‘eeta
1493 2615 1608 2650 spiritus
1629 2622 1693 2643 cuin
1707 2621 1742 2642 eo
1761 2615 1809 2650 qui

1011 2661 1088 2696 prius
1103 2661 1177 2689 illam
1194 2661 1330 2696 rejecerat
1343 2662 1380 2689 ob
1400 2662 1594 2696 cogitationem
1611 2662 1686 2690 illius
1698 2662 1733 2690 ad
1751 2669 1810 2689 ma-

1014 2707 1068 2733 lum
1090 2706 1243 2740 intentam;
1262 2706 1286 2734 si
1302 2707 1405 2734 nullam
1429 2714 1547 2742 prcrsus
1569 2707 1746 2743 passionibus
1762 2707 1811 2734 ob-

1013 2752 1122 2780 noxiam
1146 2751 1340 2786 eogitationem
1365 2752 1510 2780 admittere
1536 2755 1636 2788 possit.
1655 2752 1720 2787 quia
1751 2755 1809 2779 tota

1013 2798 1129 2834 spiritus
1141 2797 1213 2825 facta
1229 2802 1284 2831 est,
1305 2801 1333 2824 et
1349 2805 1458 2826 omnem
1482 2798 1544 2834 ejus
1560 2797 1809 2834 eoncupiscibilem

1013 2845 1164 2880 appetitum
1176 2845 1314 2872 convertit
1326 2844 1359 2872 ad
1372 2844 1470 2873 Deum.

1051 2885 1135 2919 “ius.
1150 2890 1196 2918 24.
1215 2890 1336 2923 Quatuor
1354 2895 1416 2918 sunt
1433 2891 1543 2918 minima
1573 2896 1660 2922 trrrm,
1688 2895 1712 2918 ct
1741 2891 1811 2923 ipsa,

1019 2942 1080 2966 sunl
1096 2937 1257 2973 sapientiora
1272 2937 1445 2972 sapientibus.
1467 2937 1591 2971 Quatuor
1611 2937 1670 2964 lucc
1692 2936 1720 2964 iu
1738 2941 1810 2964 terra
