  <div class='ocr_page' id='page_1' title='image "/cluster/home/n/w/nwhite01/storage/ocr_20150623/87, pt.1/njp.32101013202641/773.png"; bbox 0 0 2072 3161; ppageno 0'>
   <div class='ocr_carea' id='block_1_1' title="bbox 262 202 1904 244">
    <p class='ocr_par' dir='ltr' id='par_1_1' title="bbox 262 202 1904 244">
     <span class='ocr_line' id='line_1_1' title="bbox 262 202 1904 244; baseline -0.001 -9"><span class='ocrx_word' id='word_1_1' title='bbox 262 202 328 244; x_wconf 69' lang='lat' dir='ltr'><strong>153i</strong></span> <span class='ocrx_word' id='word_1_2' title='bbox 931 203 1107 234; x_wconf 79' lang='lat' dir='ltr'><strong>PROCOI’lI</strong></span> <span class='ocrx_word' id='word_1_3' title='bbox 1127 202 1250 233; x_wconf 63' lang='lat' dir='ltr'><strong>GAZJEI</strong></span> <span class='ocrx_word' id='word_1_4' title='bbox 1834 202 1904 235; x_wconf 51' lang='lat'><strong>1532</strong></span> 
     </span>
    </p>
   </div>
   <div class='ocr_carea' id='block_1_2' title="bbox 261 257 1051 296">
    <p class='ocr_par' dir='ltr' id='par_1_2' title="bbox 261 257 1051 293">
     <span class='ocr_line' id='line_1_2' title="bbox 261 257 1051 293; baseline 0.001 -7"><span class='ocrx_word' id='word_1_5' title='bbox 261 258 385 291; x_wconf 85' lang='lat' dir='ltr'><strong>lmmilia,</strong></span> <span class='ocrx_word' id='word_1_6' title='bbox 417 257 587 293; x_wconf 75' lang='lat' dir='ltr'><strong>sapientiora</strong></span> <span class='ocrx_word' id='word_1_7' title='bbox 615 257 800 286; x_wconf 71' lang='lat' dir='ltr'><strong>oscendentur</strong></span> <span class='ocrx_word' id='word_1_8' title='bbox 822 258 982 287; x_wconf 83' lang='lat' dir='ltr'><strong>hominibus</strong></span> <span class='ocrx_word' id='word_1_9' title='bbox 1007 261 1051 293; x_wconf 88' lang='lat' dir='ltr'><strong>qui</strong></span> 
     </span>
    </p>
   </div>
   <div class='ocr_carea' id='block_1_3' title="bbox 1103 257 1903 296">
    <p class='ocr_par' dir='ltr' id='par_1_3' title="bbox 1107 258 1903 295">
     <span class='ocr_line' id='line_1_3' title="bbox 1107 258 1903 295; baseline -0.001 -9"><span class='ocrx_word' id='word_1_10' title='bbox 1107 259 1155 286; x_wconf 72' lang='grc' dir='ltr'>ἐπὶ</span> <span class='ocrx_word' id='word_1_11' title='bbox 1172 261 1222 295; x_wconf 85' lang='grc' dir='ltr'>τῆς</span> <span class='ocrx_word' id='word_1_12' title='bbox 1236 258 1289 294; x_wconf 81' lang='grc' dir='ltr'>γῆς</span> <span class='ocrx_word' id='word_1_13' title='bbox 1303 258 1401 294; x_wconf 77' lang='grc' dir='ltr'>εὐτελῆ</span> <span class='ocrx_word' id='word_1_14' title='bbox 1422 258 1520 291; x_wconf 85' lang='grc' dir='ltr'>ταῦτα,</span> <span class='ocrx_word' id='word_1_15' title='bbox 1541 259 1687 294; x_wconf 80' lang='grc' dir='ltr'>σοφώτερα</span> <span class='ocrx_word' id='word_1_16' title='bbox 1706 259 1761 286; x_wconf 81' lang='grc' dir='ltr'><strong>τῶν</strong></span> <span class='ocrx_word' id='word_1_17' title='bbox 1786 259 1817 285; x_wconf 77' lang='grc' dir='ltr'><strong>ἐκ</strong></span> <span class='ocrx_word' id='word_1_18' title='bbox 1832 259 1903 286; x_wconf 80' lang='grc' dir='ltr'>θεοῦ</span> 
     </span>
    </p>
   </div>
   <div class='ocr_carea' id='block_1_4' title="bbox 260 303 1056 340">
    <p class='ocr_par' dir='ltr' id='par_1_4' title="bbox 260 303 1056 340">
     <span class='ocr_line' id='line_1_4' title="bbox 260 303 1056 340; baseline 0.003 -10"><span class='ocrx_word' id='word_1_19' title='bbox 260 311 275 330; x_wconf 89' lang='lat' dir='ltr'><strong>a</strong></span> <span class='ocrx_word' id='word_1_20' title='bbox 299 303 355 331; x_wconf 82' lang='lat' dir='ltr'><strong>Deo</strong></span> <span class='ocrx_word' id='word_1_21' title='bbox 375 303 486 339; x_wconf 78' lang='lat' dir='ltr'><strong>quidem</strong></span> <span class='ocrx_word' id='word_1_22' title='bbox 516 305 652 332; x_wconf 83' lang='lat' dir='ltr'><strong>rationem</strong></span> <span class='ocrx_word' id='word_1_23' title='bbox 685 309 713 332; x_wconf 85' lang='lat' dir='ltr'><strong>et</strong></span> <span class='ocrx_word' id='word_1_24' title='bbox 738 305 881 339; x_wconf 72' lang='lat' dir='ltr'><strong>sapientia:</strong></span> <span class='ocrx_word' id='word_1_25' title='bbox 903 306 1056 340; x_wconf 82' lang='lat' dir='ltr'><strong>potentiam</strong></span> 
     </span>
    </p>
   </div>
   <div class='ocr_carea' id='block_1_5' title="bbox 261 353 912 384">
    <p class='ocr_par' dir='ltr' id='par_1_5' title="bbox 261 353 912 384">
     <span class='ocr_line' id='line_1_5' title="bbox 261 353 912 384; baseline 0.003 -8"><span class='ocrx_word' id='word_1_26' title='bbox 261 353 439 384; x_wconf 81' lang='lat' dir='ltr'><strong>acceperunt,</strong></span> <span class='ocrx_word' id='word_1_27' title='bbox 454 353 557 377; x_wconf 89' lang='lat' dir='ltr'><strong>temere</strong></span> <span class='ocrx_word' id='word_1_28' title='bbox 579 354 671 378; x_wconf 87' lang='lat' dir='ltr'><strong>autem</strong></span> <span class='ocrx_word' id='word_1_29' title='bbox 697 356 912 378; x_wconf 82' lang='lat' dir='ltr'><strong>conversatttur.</strong></span> 
     </span>
    </p>
   </div>
   <div class='ocr_carea' id='block_1_6' title="bbox 299 395 1057 432">
    <p class='ocr_par' dir='ltr' id='par_1_6' title="bbox 299 395 1057 432">
     <span class='ocr_line' id='line_1_6' title="bbox 299 395 1057 432; baseline 0.003 -10"><span class='ocrx_word' id='word_1_30' title='bbox 299 395 379 424; x_wconf 74' lang='lat' dir='ltr'><strong>Vens.</strong></span> <span class='ocrx_word' id='word_1_31' title='bbox 398 396 445 423; x_wconf 69' lang='grc'><strong>25.</strong></span> <span class='ocrx_word' id='word_1_32' title='bbox 466 395 613 429; x_wconf 68' lang='lat' dir='ltr'><strong>Formiae,</strong></span> <span class='ocrx_word' id='word_1_33' title='bbox 629 397 722 432; x_wconf 71' lang='lat' dir='ltr'><strong>quibus</strong></span> <span class='ocrx_word' id='word_1_34' title='bbox 738 405 789 424; x_wconf 85' lang='lat' dir='ltr'><strong>non</strong></span> <span class='ocrx_word' id='word_1_35' title='bbox 805 402 842 424; x_wconf 73' lang='lat' dir='ltr'><strong>est</strong></span> <span class='ocrx_word' id='word_1_36' title='bbox 857 397 949 430; x_wconf 86' lang='lat' dir='ltr'><strong>robur,</strong></span> <span class='ocrx_word' id='word_1_37' title='bbox 965 401 990 424; x_wconf 86' lang='lat' dir='ltr'><strong>et</strong></span> <span class='ocrx_word' id='word_1_38' title='bbox 1006 405 1057 432; x_wconf 84' lang='lat' dir='ltr'><strong>pa-</strong></span> 
     </span>
    </p>
   </div>
   <div class='ocr_carea' id='block_1_7' title="bbox 261 442 1056 479">
    <p class='ocr_par' dir='ltr' id='par_1_7' title="bbox 261 442 1056 479">
     <span class='ocr_line' id='line_1_7' title="bbox 261 442 1056 479; baseline 0.004 -12"><span class='ocrx_word' id='word_1_39' title='bbox 261 447 323 468; x_wconf 81' lang='lat' dir='ltr'><strong>rant</strong></span> <span class='ocrx_word' id='word_1_40' title='bbox 339 442 366 468; x_wconf 81' lang='lat' dir='ltr'><strong>in</strong></span> <span class='ocrx_word' id='word_1_41' title='bbox 384 450 466 469; x_wconf 72' lang='lat' dir='ltr'><strong>messe</strong></span> <span class='ocrx_word' id='word_1_42' title='bbox 486 442 572 469; x_wconf 73' lang='lat' dir='ltr'><strong>cibum</strong></span> <span class='ocrx_word' id='word_1_43' title='bbox 588 443 649 470; x_wconf 70' lang='lat' dir='ltr'><strong>sibi.</strong></span> <span class='ocrx_word' id='word_1_44' title='bbox 675 442 820 476; x_wconf 56' lang='lat' dir='ltr'><strong>Formica,</strong></span> <span class='ocrx_word' id='word_1_45' title='bbox 837 444 954 479; x_wconf 87' lang='lat' dir='ltr'><strong>populus</strong></span> <span class='ocrx_word' id='word_1_46' title='bbox 978 444 1056 471; x_wconf 87' lang='lat' dir='ltr'><strong>inlir-</strong></span> 
     </span>
    </p>
   </div>
   <div class='ocr_carea' id='block_1_8' title="bbox 261 489 1057 526">
    <p class='ocr_par' dir='ltr' id='par_1_8' title="bbox 261 489 1057 526">
     <span class='ocr_line' id='line_1_8' title="bbox 261 489 1057 526; baseline 0.005 -12"><span class='ocrx_word' id='word_1_47' title='bbox 261 497 333 521; x_wconf 85' lang='lat' dir='ltr'><strong>mus,</strong></span> <span class='ocrx_word' id='word_1_48' title='bbox 353 489 380 516; x_wconf 90' lang='lat' dir='ltr'><strong>in</strong></span> <span class='ocrx_word' id='word_1_49' title='bbox 402 492 498 517; x_wconf 75' lang='lat' dir='ltr'><strong>testate</strong></span> <span class='ocrx_word' id='word_1_50' title='bbox 509 489 608 516; x_wconf 88' lang='lat' dir='ltr'><strong>hiemis</strong></span> <span class='ocrx_word' id='word_1_51' title='bbox 624 490 716 516; x_wconf 84' lang='lat' dir='ltr'><strong>cibum</strong></span> <span class='ocrx_word' id='word_1_52' title='bbox 741 494 850 524; x_wconf 79' lang='lat' dir='ltr'><strong>parant,</strong></span> <span class='ocrx_word' id='word_1_53' title='bbox 870 497 915 523; x_wconf 83' lang='lat' dir='ltr'><strong>ne.</strong></span> <span class='ocrx_word' id='word_1_54' title='bbox 933 494 1057 526; x_wconf 84' lang='lat' dir='ltr'><strong>tempore</strong></span> 
     </span>
    </p>
   </div>
   <div class='ocr_carea' id='block_1_9' title="bbox 261 535 854 572">
    <p class='ocr_par' dir='ltr' id='par_1_9' title="bbox 261 535 854 572">
     <span class='ocr_line' id='line_1_9' title="bbox 261 535 854 572; baseline 0.002 -10"><span class='ocrx_word' id='word_1_55' title='bbox 261 535 369 564; x_wconf 72' lang='lat' dir='ltr'><strong>fzuctus</strong></span> <span class='ocrx_word' id='word_1_56' title='bbox 383 536 531 572; x_wconf 77' lang='lat' dir='ltr'><strong>colligendi</strong></span> <span class='ocrx_word' id='word_1_57' title='bbox 550 536 700 571; x_wconf 70' lang='lat' dir='ltr'><strong>praeterito,</strong></span> <span class='ocrx_word' id='word_1_58' title='bbox 716 538 854 564; x_wconf 83' lang='lat' dir='ltr'><strong>esuriant.</strong></span> 
     </span>
    </p>
   </div>
   <div class='ocr_carea' id='block_1_10' title="bbox 296 678 1057 715">
    <p class='ocr_par' dir='ltr' id='par_1_10' title="bbox 296 678 1057 715">
     <span class='ocr_line' id='line_1_10' title="bbox 296 678 1057 715; baseline 0.004 -10"><span class='ocrx_word' id='word_1_59' title='bbox 296 679 379 705; x_wconf 65' lang='lat' dir='ltr'><strong>Vens.</strong></span> <span class='ocrx_word' id='word_1_60' title='bbox 394 679 440 706; x_wconf 73' lang='lat'><strong>26.</strong></span> <span class='ocrx_word' id='word_1_61' title='bbox 457 678 644 714; x_wconf 73' lang='lat' dir='ltr'><strong>Cltwrogrylli,</strong></span> <span class='ocrx_word' id='word_1_62' title='bbox 667 688 729 715; x_wconf 75' lang='lat' dir='ltr'><strong>gens</strong></span> <span class='ocrx_word' id='word_1_63' title='bbox 746 688 797 706; x_wconf 83' lang='lat' dir='ltr'><strong>non</strong></span> <span class='ocrx_word' id='word_1_64' title='bbox 810 679 910 711; x_wconf 80' lang='lat' dir='ltr'><strong>valida,</strong></span> <span class='ocrx_word' id='word_1_65' title='bbox 927 681 973 714; x_wconf 79' lang='lat' dir='ltr'><strong>qui</strong></span> <span class='ocrx_word' id='word_1_66' title='bbox 987 680 1057 715; x_wconf 76' lang='lat' dir='ltr'><strong>feu-</strong></span> 
     </span>
    </p>
   </div>
   <div class='ocr_carea' id='block_1_11' title="bbox 260 724 1055 762">
    <p class='ocr_par' dir='ltr' id='par_1_11' title="bbox 260 724 1055 762">
     <span class='ocr_line' id='line_1_11' title="bbox 260 724 1055 762; baseline 0.004 -11"><span class='ocrx_word' id='word_1_67' title='bbox 260 732 321 752; x_wconf 81' lang='lat' dir='ltr'><strong>runt</strong></span> <span class='ocrx_word' id='word_1_68' title='bbox 333 725 360 751; x_wconf 80' lang='lat' dir='ltr'><strong>in</strong></span> <span class='ocrx_word' id='word_1_69' title='bbox 379 725 459 758; x_wconf 72' lang='lat' dir='ltr'><strong>petris</strong></span> <span class='ocrx_word' id='word_1_70' title='bbox 473 724 565 752; x_wconf 70' lang='lat' dir='ltr'><strong>domos</strong></span> <span class='ocrx_word' id='word_1_71' title='bbox 586 734 661 752; x_wconf 68' lang='lat' dir='ltr'><strong>tuas.</strong></span> <span class='ocrx_word' id='word_1_72' title='bbox 675 725 827 761; x_wconf 84' lang='lat' dir='ltr'><strong>llystriccs,</strong></span> <span class='ocrx_word' id='word_1_73' title='bbox 843 726 992 754; x_wconf 85' lang='lat' dir='ltr'><strong>invalidum</strong></span> <span class='ocrx_word' id='word_1_74' title='bbox 1009 735 1055 762; x_wconf 83' lang='lat' dir='ltr'><strong>ge-</strong></span> 
     </span>
    </p>
   </div>
   <div class='ocr_carea' id='block_1_12' title="bbox 259 770 1055 808">
    <p class='ocr_par' dir='ltr' id='par_1_12' title="bbox 259 770 1055 808">
     <span class='ocr_line' id='line_1_12' title="bbox 259 770 1055 808; baseline 0.004 -11"><span class='ocrx_word' id='word_1_75' title='bbox 259 778 324 803; x_wconf 83' lang='lat' dir='ltr'><strong>nus,</strong></span> <span class='ocrx_word' id='word_1_76' title='bbox 341 770 439 798; x_wconf 79' lang='lat' dir='ltr'><strong>domos</strong></span> <span class='ocrx_word' id='word_1_77' title='bbox 458 770 508 798; x_wconf 82' lang='lat' dir='ltr'><strong>sibi</strong></span> <span class='ocrx_word' id='word_1_78' title='bbox 530 771 557 797; x_wconf 87' lang='lat' dir='ltr'><strong>in</strong></span> <span class='ocrx_word' id='word_1_79' title='bbox 575 771 660 806; x_wconf 84' lang='lat' dir='ltr'><strong>petris</strong></span> <span class='ocrx_word' id='word_1_80' title='bbox 675 771 812 799; x_wconf 75' lang='lat' dir='ltr'><strong>etiodiuut</strong></span> <span class='ocrx_word' id='word_1_81' title='bbox 833 777 862 800; x_wconf 86' lang='lat' dir='ltr'><strong>ut</strong></span> <span class='ocrx_word' id='word_1_82' title='bbox 877 772 946 807; x_wconf 80' lang='lat' dir='ltr'><strong>ipsis</strong></span> <span class='ocrx_word' id='word_1_83' title='bbox 962 777 1055 808; x_wconf 86' lang='lat' dir='ltr'><strong>prote-</strong></span> 
     </span>
    </p>
   </div>
   <div class='ocr_carea' id='block_1_13' title="bbox 259 821 370 852">
    <p class='ocr_par' dir='ltr' id='par_1_13' title="bbox 259 821 370 852">
     <span class='ocr_line' id='line_1_13' title="bbox 259 821 370 852; baseline 0.009 -9"><span class='ocrx_word' id='word_1_84' title='bbox 259 821 370 852; x_wconf 72' lang='lat' dir='ltr'><strong>gantur.</strong></span> 
     </span>
    </p>
   </div>
   <div class='ocr_carea' id='block_1_14' title="bbox 293 898 1054 956">
    <p class='ocr_par' dir='ltr' id='par_1_14' title="bbox 293 898 1054 956">
     <span class='ocr_line' id='line_1_14' title="bbox 293 898 1054 956; baseline 0.008 -13"><span class='ocrx_word' id='word_1_85' title='bbox 293 916 376 944; x_wconf 63' lang='lat' dir='ltr'><strong>Vsus.</strong></span> <span class='ocrx_word' id='word_1_86' title='bbox 391 898 435 944; x_wconf 57' lang='grc'><strong>27.</strong></span> <span class='ocrx_word' id='word_1_87' title='bbox 459 917 552 952; x_wconf 76' lang='lat' dir='ltr'><strong>Regem</strong></span> <span class='ocrx_word' id='word_1_88' title='bbox 577 918 680 945; x_wconf 67' lang='lat' dir='ltr'><strong>locusta</strong></span> <span class='ocrx_word' id='word_1_89' title='bbox 697 928 749 946; x_wconf 86' lang='lat' dir='ltr'><strong>mm</strong></span> <span class='ocrx_word' id='word_1_90' title='bbox 771 919 860 952; x_wconf 74' lang='lat' dir='ltr'><strong>habet.</strong></span> <span class='ocrx_word' id='word_1_91' title='bbox 878 926 903 948; x_wconf 82' lang='lat' dir='ltr'><strong>et</strong></span> <span class='ocrx_word' id='word_1_92' title='bbox 919 922 1054 956; x_wconf 72' lang='lat' dir='ltr'><strong>egreditur</strong></span> 
     </span>
    </p>
   </div>
   <div class='ocr_carea' id='block_1_15' title="bbox 1110 304 1902 341">
    <p class='ocr_par' dir='ltr' id='par_1_15' title="bbox 1110 304 1902 341">
     <span class='ocr_line' id='line_1_15' title="bbox 1110 304 1902 341; baseline 0 -9"><span class='ocrx_word' id='word_1_93' title='bbox 1110 306 1160 341; x_wconf 80' lang='grc' dir='ltr'>μὲν</span> <span class='ocrx_word' id='word_1_94' title='bbox 1171 305 1268 340; x_wconf 82' lang='grc' dir='ltr'>σοφίας</span> <span class='ocrx_word' id='word_1_95' title='bbox 1277 305 1395 340; x_wconf 80' lang='grc' dir='ltr'>δύναμιν</span> <span class='ocrx_word' id='word_1_96' title='bbox 1405 305 1545 332; x_wconf 86' lang='grc' dir='ltr'>λαϐόντων</span> <span class='ocrx_word' id='word_1_97' title='bbox 1554 305 1707 340; x_wconf 78' lang='grc' dir='ltr'>ἀνθρώπων</span> <span class='ocrx_word' id='word_1_98' title='bbox 1722 304 1761 338; x_wconf 85' lang='grc' dir='ltr'><strong>ὡς</strong></span> <span class='ocrx_word' id='word_1_99' title='bbox 1773 305 1902 340; x_wconf 80' lang='grc' dir='ltr'><strong>λογικῶν,</strong></span> 
     </span>
    </p>
   </div>
   <div class='ocr_carea' id='block_1_16' title="bbox 1108 349 1689 386">
    <p class='ocr_par' dir='ltr' id='par_1_16' title="bbox 1108 349 1689 386">
     <span class='ocr_line' id='line_1_16' title="bbox 1108 349 1689 386; baseline 0.003 -9"><span class='ocrx_word' id='word_1_100' title='bbox 1108 349 1221 382; x_wconf 79' lang='grc' dir='ltr'>ζώντων</span> <span class='ocrx_word' id='word_1_101' title='bbox 1237 350 1266 378; x_wconf 81' lang='grc' dir='ltr'>δὲ</span> <span class='ocrx_word' id='word_1_102' title='bbox 1280 349 1319 382; x_wconf 86' lang='grc' dir='ltr'><strong>ὡς</strong></span> <span class='ocrx_word' id='word_1_103' title='bbox 1334 351 1443 386; x_wconf 74' lang='grc' dir='ltr'>ἔτυχεν,</span> <span class='ocrx_word' id='word_1_104' title='bbox 1462 350 1689 379; x_wconf 78' lang='grc' dir='ltr'><strong>ἀποδείκνυνται.</strong></span> 
     </span>
    </p>
   </div>
   <div class='ocr_carea' id='block_1_17' title="bbox 1142 395 1903 432">
    <p class='ocr_par' dir='ltr' id='par_1_17' title="bbox 1142 395 1903 432">
     <span class='ocr_line' id='line_1_17' title="bbox 1142 395 1903 432; baseline 0.001 -8"><span class='ocrx_word' id='word_1_105' title='bbox 1142 400 1194 424; x_wconf 82' lang='grc' dir='ltr'>κε’.</span> <span class='ocrx_word' id='word_1_106' title='bbox 1215 398 1248 424; x_wconf 87' lang='lat' dir='ltr'><strong>Ol</strong></span> <span class='ocrx_word' id='word_1_107' title='bbox 1257 398 1423 432; x_wconf 78' lang='grc' dir='ltr'>μύρμηκες.</span> <span class='ocrx_word' id='word_1_108' title='bbox 1436 395 1482 430; x_wconf 79' lang='grc' dir='ltr'>οἷς</span> <span class='ocrx_word' id='word_1_109' title='bbox 1493 397 1538 432; x_wconf 79' lang='grc' dir='ltr'>μὴ</span> <span class='ocrx_word' id='word_1_110' title='bbox 1550 397 1638 424; x_wconf 78' lang='grc' dir='ltr'>ἐστιν</span> <span class='ocrx_word' id='word_1_111' title='bbox 1649 397 1752 432; x_wconf 68' lang='grc' dir='ltr'>ἰσχὺς,</span> <span class='ocrx_word' id='word_1_112' title='bbox 1763 397 1813 424; x_wconf 77' lang='grc' dir='ltr'>καὶ</span> <span class='ocrx_word' id='word_1_113' title='bbox 1827 397 1903 425; x_wconf 82' lang='grc' dir='ltr'>ἐτοι-</span> 
     </span>
    </p>
   </div>
   <div class='ocr_carea' id='block_1_18' title="bbox 1104 439 1902 478">
    <p class='ocr_par' dir='ltr' id='par_1_18' title="bbox 1104 439 1902 478">
     <span class='ocr_line' id='line_1_18' title="bbox 1104 439 1902 478; baseline 0.003 -11"><span class='ocrx_word' id='word_1_114' title='bbox 1104 439 1247 474; x_wconf 79' lang='grc' dir='ltr'>μάζοντιιι</span> <span class='ocrx_word' id='word_1_115' title='bbox 1266 441 1375 475; x_wconf 82' lang='grc' dir='ltr'><strong>θέρους</strong></span> <span class='ocrx_word' id='word_1_116' title='bbox 1399 441 1457 472; x_wconf 83' lang='grc' dir='ltr'>τὴν</span> <span class='ocrx_word' id='word_1_117' title='bbox 1473 441 1600 476; x_wconf 62' lang='grc' dir='ltr'>τροφήν.</span> <span class='ocrx_word' id='word_1_118' title='bbox 1628 441 1662 468; x_wconf 85' lang='grc' dir='ltr'>οἴ</span> <span class='ocrx_word' id='word_1_119' title='bbox 1683 450 1713 468; x_wconf 79' lang='grc' dir='ltr'><strong>τε</strong></span> <span class='ocrx_word' id='word_1_120' title='bbox 1743 441 1902 478; x_wconf 81' lang='grc' dir='ltr'><strong>μύρμηκες,</strong></span> 
     </span>
    </p>
   </div>
   <div class='ocr_carea' id='block_1_19' title="bbox 1107 485 1901 524">
    <p class='ocr_par' dir='ltr' id='par_1_19' title="bbox 1107 485 1901 524">
     <span class='ocr_line' id='line_1_19' title="bbox 1107 485 1901 524; baseline 0.003 -12"><span class='ocrx_word' id='word_1_121' title='bbox 1107 485 1179 512; x_wconf 86' lang='grc' dir='ltr'>πάνυ</span> <span class='ocrx_word' id='word_1_122' title='bbox 1207 486 1391 522; x_wconf 83' lang='grc' dir='ltr'><strong>τυγχάνοντες</strong></span> <span class='ocrx_word' id='word_1_123' title='bbox 1418 487 1553 519; x_wconf 82' lang='grc' dir='ltr'>ἀσθενεῖς.</span> <span class='ocrx_word' id='word_1_124' title='bbox 1573 488 1603 514; x_wconf 79' lang='grc' dir='ltr'><strong>ἐν</strong></span> <span class='ocrx_word' id='word_1_125' title='bbox 1626 487 1702 522; x_wconf 81' lang='grc' dir='ltr'><strong>θέρει</strong></span> <span class='ocrx_word' id='word_1_126' title='bbox 1728 487 1757 514; x_wconf 76' lang='grc' dir='ltr'>δὲ</span> <span class='ocrx_word' id='word_1_127' title='bbox 1780 488 1830 524; x_wconf 86' lang='grc' dir='ltr'>τὴν</span> <span class='ocrx_word' id='word_1_128' title='bbox 1854 488 1901 515; x_wconf 88' lang='grc' dir='ltr'><strong>τοῦ</strong></span> 
     </span>
    </p>
   </div>
   <div class='ocr_carea' id='block_1_20' title="bbox 1106 532 1901 569">
    <p class='ocr_par' dir='ltr' id='par_1_20' title="bbox 1106 532 1901 569">
     <span class='ocr_line' id='line_1_20' title="bbox 1106 532 1901 569; baseline 0.005 -11"><span class='ocrx_word' id='word_1_129' title='bbox 1106 532 1242 568; x_wconf 82' lang='grc' dir='ltr'>χειμῶνος</span> <span class='ocrx_word' id='word_1_130' title='bbox 1259 533 1363 569; x_wconf 83' lang='grc' dir='ltr'>τροφὴν</span> <span class='ocrx_word' id='word_1_131' title='bbox 1384 533 1595 569; x_wconf 74' lang='grc' dir='ltr'>εὐτρεπίζοντες</span> <span class='ocrx_word' id='word_1_132' title='bbox 1607 542 1614 549; x_wconf 91' lang='grc'>·</span> <span class='ocrx_word' id='word_1_133' title='bbox 1631 534 1706 566; x_wconf 84' lang='grc' dir='ltr'>ὅπως</span> <span class='ocrx_word' id='word_1_134' title='bbox 1724 535 1762 569; x_wconf 86' lang='grc' dir='ltr'>μὴ</span> <span class='ocrx_word' id='word_1_135' title='bbox 1775 535 1822 562; x_wconf 88' lang='grc' dir='ltr'><strong>τοῦ</strong></span> <span class='ocrx_word' id='word_1_136' title='bbox 1838 544 1901 562; x_wconf 69' lang='grc' dir='ltr'>καιρ</span> 
     </span>
    </p>
   </div>
   <div class='ocr_carea' id='block_1_21' title="bbox 1108 578 1902 616">
    <p class='ocr_par' dir='ltr' id='par_1_21' title="bbox 1108 578 1902 616">
     <span class='ocr_line' id='line_1_21' title="bbox 1108 578 1902 616; baseline 0.003 -11"><span class='ocrx_word' id='word_1_137' title='bbox 1108 578 1156 614; x_wconf 85' lang='grc' dir='ltr'><strong>ροῦ</strong></span> <span class='ocrx_word' id='word_1_138' title='bbox 1171 579 1221 615; x_wconf 84' lang='grc' dir='ltr'><strong>τῆς</strong></span> <span class='ocrx_word' id='word_1_139' title='bbox 1238 579 1293 606; x_wconf 85' lang='grc' dir='ltr'><strong>τῶν</strong></span> <span class='ocrx_word' id='word_1_140' title='bbox 1307 579 1423 616; x_wconf 82' lang='grc' dir='ltr'>καρπῶν</span> <span class='ocrx_word' id='word_1_141' title='bbox 1445 579 1579 615; x_wconf 82' lang='grc' dir='ltr'><strong>συλλογῆς</strong></span> <span class='ocrx_word' id='word_1_142' title='bbox 1596 580 1790 615; x_wconf 73' lang='grc' dir='ltr'><strong>παρελθόντος,</strong></span> <span class='ocrx_word' id='word_1_143' title='bbox 1813 581 1902 616; x_wconf 86' lang='grc' dir='ltr'>λιμώ-</span> 
     </span>
    </p>
   </div>
   <div class='ocr_carea' id='block_1_22' title="bbox 1107 624 1202 658">
    <p class='ocr_par' dir='ltr' id='par_1_22' title="bbox 1107 624 1202 658">
     <span class='ocr_line' id='line_1_22' title="bbox 1107 624 1202 658; baseline 0.011 -6"><span class='ocrx_word' id='word_1_144' title='bbox 1107 624 1202 658; x_wconf 70' lang='lat' dir='ltr'><strong>Eme-tv.</strong></span> 
     </span>
    </p>
   </div>
   <div class='ocr_carea' id='block_1_23' title="bbox 1140 681 1902 719">
    <p class='ocr_par' dir='ltr' id='par_1_23' title="bbox 1140 681 1902 719">
     <span class='ocr_line' id='line_1_23' title="bbox 1140 681 1902 719; baseline 0.003 -9"><span class='ocrx_word' id='word_1_145' title='bbox 1140 681 1198 715; x_wconf 61' lang='grc' dir='ltr'><strong>κέ.</strong></span> <span class='ocrx_word' id='word_1_146' title='bbox 1220 683 1255 710; x_wconf 72' lang='grc' dir='ltr'><strong>οι</strong></span> <span class='ocrx_word' id='word_1_147' title='bbox 1274 683 1506 718; x_wconf 65' lang='grc' dir='ltr'>χοιρογρύλλιοι,</span> <span class='ocrx_word' id='word_1_148' title='bbox 1534 683 1623 717; x_wconf 78' lang='grc' dir='ltr'>ἕθνος</span> <span class='ocrx_word' id='word_1_149' title='bbox 1640 685 1697 711; x_wconf 79' lang='grc' dir='ltr'>οὐκ</span> <span class='ocrx_word' id='word_1_150' title='bbox 1719 685 1856 719; x_wconf 65' lang='grc' dir='ltr'>ισχιζρὸν.</span> <span class='ocrx_word' id='word_1_151' title='bbox 1872 684 1902 711; x_wconf 80' lang='lat' dir='ltr'><strong>ot</strong></span> 
     </span>
    </p>
   </div>
   <div class='ocr_carea' id='block_1_24' title="bbox 1105 728 1900 763">
    <p class='ocr_par' dir='ltr' id='par_1_24' title="bbox 1105 728 1900 763">
     <span class='ocr_line' id='line_1_24' title="bbox 1105 728 1900 763; baseline 0.004 -8"><span class='ocrx_word' id='word_1_152' title='bbox 1105 728 1301 762; x_wconf 73' lang='grc' dir='ltr'>ἐπογήσαντο</span> <span class='ocrx_word' id='word_1_153' title='bbox 1315 729 1352 756; x_wconf 77' lang='grc' dir='ltr'>ἐν</span> <span class='ocrx_word' id='word_1_154' title='bbox 1363 729 1486 763; x_wconf 79' lang='grc' dir='ltr'><strong>πέτραις</strong></span> <span class='ocrx_word' id='word_1_155' title='bbox 1501 729 1572 762; x_wconf 81' lang='grc' dir='ltr'>τοὺς</span> <span class='ocrx_word' id='word_1_156' title='bbox 1586 729 1703 757; x_wconf 77' lang='grc' dir='ltr'><strong>ἑαυτῶν</strong></span> <span class='ocrx_word' id='word_1_157' title='bbox 1717 731 1831 763; x_wconf 75' lang='grc' dir='ltr'>οἴκους.</span> <span class='ocrx_word' id='word_1_158' title='bbox 1845 731 1900 760; x_wconf 73' lang='grc' dir='ltr'><strong>Καὶ</strong></span> 
     </span>
    </p>
   </div>
   <div class='ocr_carea' id='block_1_25' title="bbox 1104 773 1900 810">
    <p class='ocr_par' dir='ltr' id='par_1_25' title="bbox 1104 773 1900 810">
     <span class='ocr_line' id='line_1_25' title="bbox 1104 773 1900 810; baseline 0.001 -10"><span class='ocrx_word' id='word_1_159' title='bbox 1104 773 1130 800; x_wconf 74' lang='grc' dir='ltr'>οἱ</span> <span class='ocrx_word' id='word_1_160' title='bbox 1146 773 1350 810; x_wconf 81' lang='grc' dir='ltr'>ἀκανθὸχοιροι,</span> <span class='ocrx_word' id='word_1_161' title='bbox 1365 774 1444 808; x_wconf 82' lang='grc' dir='ltr'>γένος</span> <span class='ocrx_word' id='word_1_162' title='bbox 1459 773 1535 806; x_wconf 73' lang='grc' dir='ltr'>ὅντες</span> <span class='ocrx_word' id='word_1_163' title='bbox 1546 773 1690 806; x_wconf 72' lang='grc' dir='ltr'>ἀδύνατον,</span> <span class='ocrx_word' id='word_1_164' title='bbox 1703 774 1812 806; x_wconf 77' lang='grc' dir='ltr'>καὶτὰς</span> <span class='ocrx_word' id='word_1_165' title='bbox 1824 775 1900 810; x_wconf 74' lang='grc' dir='ltr'>οἰκή-</span> 
     </span>
    </p>
   </div>
   <div class='ocr_carea' id='block_1_26' title="bbox 1106 819 1901 856">
    <p class='ocr_par' dir='ltr' id='par_1_26' title="bbox 1106 819 1901 856">
     <span class='ocr_line' id='line_1_26' title="bbox 1106 819 1901 856; baseline 0.003 -10"><span class='ocrx_word' id='word_1_166' title='bbox 1106 827 1163 851; x_wconf 86' lang='grc' dir='ltr'>σεις</span> <span class='ocrx_word' id='word_1_167' title='bbox 1188 821 1218 846; x_wconf 85' lang='grc' dir='ltr'><strong>ἐν</strong></span> <span class='ocrx_word' id='word_1_168' title='bbox 1240 819 1358 855; x_wconf 78' lang='grc' dir='ltr'>πέτραις</span> <span class='ocrx_word' id='word_1_169' title='bbox 1382 819 1561 856; x_wconf 83' lang='grc' dir='ltr'>ποιούμενοι,</span> <span class='ocrx_word' id='word_1_170' title='bbox 1586 820 1630 847; x_wconf 79' lang='grc' dir='ltr'>ἵνα</span> <span class='ocrx_word' id='word_1_171' title='bbox 1649 820 1827 855; x_wconf 79' lang='grc' dir='ltr'>φυλάττοιντο</span> <span class='ocrx_word' id='word_1_172' title='bbox 1848 822 1901 848; x_wconf 76' lang='grc' dir='ltr'><strong>ὑπὸ</strong></span> 
     </span>
    </p>
   </div>
   <div class='ocr_carea' id='block_1_27' title="bbox 1104 865 1403 901">
    <p class='ocr_par' dir='ltr' id='par_1_27' title="bbox 1104 865 1403 901">
     <span class='ocr_line' id='line_1_27' title="bbox 1104 865 1403 901; baseline 0.003 -9"><span class='ocrx_word' id='word_1_173' title='bbox 1104 865 1208 893; x_wconf 84' lang='grc' dir='ltr'>τούτων</span> <span class='ocrx_word' id='word_1_174' title='bbox 1224 866 1403 901; x_wconf 82' lang='grc' dir='ltr'>σκεπόμενοι.</span> 
     </span>
    </p>
   </div>
   <div class='ocr_carea' id='block_1_28' title="bbox 1139 921 1901 957">
    <p class='ocr_par' dir='ltr' id='par_1_28' title="bbox 1139 921 1901 957">
     <span class='ocr_line' id='line_1_28' title="bbox 1139 921 1901 957; baseline 0.001 -9"><span class='ocrx_word' id='word_1_175' title='bbox 1139 921 1191 954; x_wconf 77' lang='grc' dir='ltr'>κζ’.</span> <span class='ocrx_word' id='word_1_176' title='bbox 1215 921 1433 949; x_wconf 70' lang='grc' dir='ltr'>’Δϐασίλευτόν</span> <span class='ocrx_word' id='word_1_177' title='bbox 1453 921 1541 949; x_wconf 82' lang='grc' dir='ltr'>ἐστιν</span> <span class='ocrx_word' id='word_1_178' title='bbox 1557 922 1654 957; x_wconf 82' lang='grc' dir='ltr'>ἀκρὶς,</span> <span class='ocrx_word' id='word_1_179' title='bbox 1673 922 1722 949; x_wconf 76' lang='grc' dir='ltr'><strong>καὶ</strong></span> <span class='ocrx_word' id='word_1_180' title='bbox 1743 923 1901 956; x_wconf 79' lang='grc' dir='ltr'>στρατεύει</span> 
     </span>
    </p>
   </div>
   <div class='ocr_carea' id='block_1_29' title="bbox 259 958 1051 1004">
    <p class='ocr_par' dir='ltr' id='par_1_29' title="bbox 259 962 1051 1003">
     <span class='ocr_line' id='line_1_29' title="bbox 259 962 1051 1003; baseline 0.01 -15"><span class='ocrx_word' id='word_1_181' title='bbox 259 962 286 989; x_wconf 88' lang='lat' dir='ltr'><strong>in</strong></span> <span class='ocrx_word' id='word_1_182' title='bbox 301 963 358 990; x_wconf 79' lang='lat' dir='ltr'><strong>acie</strong></span> <span class='ocrx_word' id='word_1_183' title='bbox 378 963 411 990; x_wconf 89' lang='lat' dir='ltr'><strong>ab</strong></span> <span class='ocrx_word' id='word_1_184' title='bbox 427 972 478 990; x_wconf 84' lang='lat' dir='ltr'><strong>una</strong></span> <span class='ocrx_word' id='word_1_185' title='bbox 495 964 625 998; x_wconf 53' lang='lat' dir='ltr'><strong>iussione.</strong></span> <span class='ocrx_word' id='word_1_186' title='bbox 648 965 680 992; x_wconf 80' lang='lat' dir='ltr'><strong>Et</strong></span> <span class='ocrx_word' id='word_1_187' title='bbox 698 965 805 994; x_wconf 81' lang='lat' dir='ltr'><strong>lucusta</strong></span> <span class='ocrx_word' id='word_1_188' title='bbox 822 975 883 1002; x_wconf 75' lang='lat' dir='ltr'><strong>qua:</strong></span> <span class='ocrx_word' id='word_1_189' title='bbox 898 969 1051 1003; x_wconf 82' lang='lat' dir='ltr'><strong>sapientem</strong></span> 
     </span>
    </p>
   </div>
   <div class='ocr_carea' id='block_1_30' title="bbox 1103 958 1899 1004">
    <p class='ocr_par' dir='ltr' id='par_1_30' title="bbox 1104 967 1899 1004">
     <span class='ocr_line' id='line_1_30' title="bbox 1104 967 1899 1004; baseline -0.003 -8"><span class='ocrx_word' id='word_1_190' title='bbox 1104 967 1154 1003; x_wconf 68' lang='grc' dir='ltr'><strong>ἀφ’</strong></span> <span class='ocrx_word' id='word_1_191' title='bbox 1182 968 1253 1002; x_wconf 84' lang='grc' dir='ltr'>ἑνὸς</span> <span class='ocrx_word' id='word_1_192' title='bbox 1268 968 1478 1003; x_wconf 78' lang='grc' dir='ltr'><strong>κελεύσματος</strong></span> <span class='ocrx_word' id='word_1_193' title='bbox 1501 968 1663 1002; x_wconf 79' lang='grc' dir='ltr'><strong>εὐτάκτως.</strong></span> <span class='ocrx_word' id='word_1_194' title='bbox 1691 969 1746 996; x_wconf 77' lang='grc' dir='ltr'><strong>Καὶ</strong></span> <span class='ocrx_word' id='word_1_195' title='bbox 1768 969 1785 1003; x_wconf 82' lang='grc' dir='ltr'>ὴ</span> <span class='ocrx_word' id='word_1_196' title='bbox 1806 970 1899 1004; x_wconf 79' lang='grc' dir='ltr'>άκρὶς,</span> 
     </span>
    </p>
   </div>
   <div class='ocr_carea' id='block_1_31' title="bbox 258 1009 1052 1049">
    <p class='ocr_par' dir='ltr' id='par_1_31' title="bbox 258 1009 1052 1049">
     <span class='ocr_line' id='line_1_31' title="bbox 258 1009 1052 1049; baseline 0.009 -14"><span class='ocrx_word' id='word_1_197' title='bbox 258 1009 444 1036; x_wconf 87' lang='lat' dir='ltr'><strong>ordinatorem</strong></span> <span class='ocrx_word' id='word_1_198' title='bbox 467 1018 519 1037; x_wconf 88' lang='lat' dir='ltr'><strong>non</strong></span> <span class='ocrx_word' id='word_1_199' title='bbox 537 1010 630 1042; x_wconf 80' lang='lat' dir='ltr'><strong>habet,</strong></span> <span class='ocrx_word' id='word_1_200' title='bbox 655 1016 682 1038; x_wconf 90' lang='lat' dir='ltr'><strong>et</strong></span> <span class='ocrx_word' id='word_1_201' title='bbox 698 1012 804 1040; x_wconf 83' lang='lat' dir='ltr'><strong>ratione</strong></span> <span class='ocrx_word' id='word_1_202' title='bbox 823 1018 909 1046; x_wconf 88' lang='lat' dir='ltr'><strong>caret,</strong></span> <span class='ocrx_word' id='word_1_203' title='bbox 926 1014 1004 1049; x_wconf 77' lang='lat' dir='ltr'><strong>quasi</strong></span> <span class='ocrx_word' id='word_1_204' title='bbox 1017 1015 1052 1042; x_wconf 89' lang='lat' dir='ltr'><strong>ab</strong></span> 
     </span>
    </p>
   </div>
   <div class='ocr_carea' id='block_1_32' title="bbox 258 1055 925 1090">
    <p class='ocr_par' dir='ltr' id='par_1_32' title="bbox 258 1055 925 1090">
     <span class='ocr_line' id='line_1_32' title="bbox 258 1055 925 1090; baseline 0.007 -8"><span class='ocrx_word' id='word_1_205' title='bbox 258 1055 449 1090; x_wconf 78' lang='lat' dir='ltr'><strong>unajussione</strong></span> <span class='ocrx_word' id='word_1_206' title='bbox 464 1056 605 1084; x_wconf 81' lang='lat' dir='ltr'><strong>dominica</strong></span> <span class='ocrx_word' id='word_1_207' title='bbox 622 1056 648 1084; x_wconf 87' lang='lat' dir='ltr'><strong>in</strong></span> <span class='ocrx_word' id='word_1_208' title='bbox 667 1057 767 1086; x_wconf 87' lang='lat' dir='ltr'><strong>ordine</strong></span> <span class='ocrx_word' id='word_1_209' title='bbox 788 1065 925 1087; x_wconf 78' lang='lat' dir='ltr'><strong>moretur.</strong></span> 
     </span>
    </p>
   </div>
   <div class='ocr_carea' id='block_1_33' title="bbox 293 1154 1053 1198">
    <p class='ocr_par' dir='ltr' id='par_1_33' title="bbox 293 1154 1053 1198">
     <span class='ocr_line' id='line_1_33' title="bbox 293 1154 1053 1198; baseline 0.011 -16"><span class='ocrx_word' id='word_1_210' title='bbox 293 1154 378 1183; x_wconf 73' lang='lat' dir='ltr'><strong>Vens.</strong></span> <span class='ocrx_word' id='word_1_211' title='bbox 395 1155 440 1183; x_wconf 62' lang='grc' dir='ltr'>τε.</span> <span class='ocrx_word' id='word_1_212' title='bbox 460 1155 492 1183; x_wconf 84' lang='lat' dir='ltr'><strong>Et</strong></span> <span class='ocrx_word' id='word_1_213' title='bbox 510 1157 646 1186; x_wconf 74' lang='lat' dir='ltr'><strong>calabotes</strong></span> <span class='ocrx_word' id='word_1_214' title='bbox 660 1160 782 1186; x_wconf 75' lang='lat' dir='ltr'><strong>manibus</strong></span> <span class='ocrx_word' id='word_1_215' title='bbox 798 1160 914 1188; x_wconf 78' lang='lat' dir='ltr'><strong>inuitem</strong></span> <span class='ocrx_word' id='word_1_216' title='bbox 937 1168 959 1189; x_wconf 82' lang='lat' dir='ltr'><strong>et</strong></span> <span class='ocrx_word' id='word_1_217' title='bbox 971 1168 1053 1198; x_wconf 78' lang='lat' dir='ltr'><strong>captu</strong></span> 
     </span>
    </p>
   </div>
   <div class='ocr_carea' id='block_1_34' title="bbox 255 1201 1053 1243">
    <p class='ocr_par' dir='ltr' id='par_1_34' title="bbox 255 1201 1053 1243">
     <span class='ocr_line' id='line_1_34' title="bbox 255 1201 1053 1243; baseline 0.013 -15"><span class='ocrx_word' id='word_1_218' title='bbox 255 1201 357 1237; x_wconf 75' lang='lat' dir='ltr'><strong>facilia,</strong></span> <span class='ocrx_word' id='word_1_219' title='bbox 369 1203 475 1230; x_wconf 76' lang='lat' dir='ltr'><strong>habitat</strong></span> <span class='ocrx_word' id='word_1_220' title='bbox 490 1204 517 1231; x_wconf 86' lang='lat' dir='ltr'><strong>in</strong></span> <span class='ocrx_word' id='word_1_221' title='bbox 536 1206 731 1234; x_wconf 74' lang='lat' dir='ltr'><strong>munitionibus</strong></span> <span class='ocrx_word' id='word_1_222' title='bbox 755 1208 835 1243; x_wconf 74' lang='lat' dir='ltr'><strong>regis.</strong></span> <span class='ocrx_word' id='word_1_223' title='bbox 851 1208 884 1235; x_wconf 81' lang='lat' dir='ltr'><strong>Et</strong></span> <span class='ocrx_word' id='word_1_224' title='bbox 900 1210 990 1237; x_wconf 75' lang='lat' dir='ltr'><strong>stellio</strong></span> <span class='ocrx_word' id='word_1_225' title='bbox 1003 1218 1053 1238; x_wconf 84' lang='lat' dir='ltr'><strong>an-</strong></span> 
     </span>
    </p>
   </div>
   <div class='ocr_carea' id='block_1_35' title="bbox 256 1249 1053 1290">
    <p class='ocr_par' dir='ltr' id='par_1_35' title="bbox 256 1249 1053 1290">
     <span class='ocr_line' id='line_1_35' title="bbox 256 1249 1053 1290; baseline 0.013 -15"><span class='ocrx_word' id='word_1_226' title='bbox 256 1249 405 1277; x_wconf 76' lang='lat' dir='ltr'><strong>turioribus</strong></span> <span class='ocrx_word' id='word_1_227' title='bbox 421 1250 539 1285; x_wconf 85' lang='lat' dir='ltr'><strong>pedibus</strong></span> <span class='ocrx_word' id='word_1_228' title='bbox 553 1252 665 1280; x_wconf 68' lang='lat' dir='ltr'><strong>obuium</strong></span> <span class='ocrx_word' id='word_1_229' title='bbox 677 1253 813 1289; x_wconf 78' lang='lat' dir='ltr'><strong>quidquid</strong></span> <span class='ocrx_word' id='word_1_230' title='bbox 826 1255 906 1290; x_wconf 86' lang='lat' dir='ltr'><strong>quasi</strong></span> <span class='ocrx_word' id='word_1_231' title='bbox 923 1257 1053 1286; x_wconf 83' lang='lat' dir='ltr'><strong>manibus</strong></span> 
     </span>
    </p>
   </div>
   <div class='ocr_carea' id='block_1_36' title="bbox 256 1296 1052 1336">
    <p class='ocr_par' dir='ltr' id='par_1_36' title="bbox 256 1296 1052 1336">
     <span class='ocr_line' id='line_1_36' title="bbox 256 1296 1052 1336; baseline 0.013 -14"><span class='ocrx_word' id='word_1_232' title='bbox 256 1296 413 1331; x_wconf 85' lang='lat' dir='ltr'><strong>prehendit,</strong></span> <span class='ocrx_word' id='word_1_233' title='bbox 433 1297 523 1324; x_wconf 87' lang='lat' dir='ltr'><strong>llrmat</strong></span> <span class='ocrx_word' id='word_1_234' title='bbox 541 1302 625 1333; x_wconf 79' lang='lat' dir='ltr'><strong>atque</strong></span> <span class='ocrx_word' id='word_1_235' title='bbox 646 1299 740 1336; x_wconf 73' lang='lat' dir='ltr'><strong>dirigit</strong></span> <span class='ocrx_word' id='word_1_236' title='bbox 763 1308 878 1336; x_wconf 76' lang='lat' dir='ltr'><strong>gressus</strong></span> <span class='ocrx_word' id='word_1_237' title='bbox 895 1310 983 1335; x_wconf 88' lang='lat' dir='ltr'><strong>suos;</strong></span> <span class='ocrx_word' id='word_1_238' title='bbox 1003 1310 1052 1331; x_wconf 80' lang='lat' dir='ltr'><strong>ca-</strong></span> 
     </span>
    </p>
   </div>
   <div class='ocr_carea' id='block_1_37' title="bbox 255 1343 1051 1379">
    <p class='ocr_par' dir='ltr' id='par_1_37' title="bbox 255 1343 1051 1379">
     <span class='ocr_line' id='line_1_37' title="bbox 255 1343 1051 1379; baseline 0.011 -10"><span class='ocrx_word' id='word_1_239' title='bbox 255 1347 304 1378; x_wconf 66' lang='lat' dir='ltr'><strong>ptu</strong></span> <span class='ocrx_word' id='word_1_240' title='bbox 320 1343 409 1371; x_wconf 79' lang='lat' dir='ltr'><strong>facilis</strong></span> <span class='ocrx_word' id='word_1_241' title='bbox 423 1344 458 1371; x_wconf 93' lang='lat' dir='ltr'><strong>ob</strong></span> <span class='ocrx_word' id='word_1_242' title='bbox 474 1344 703 1379; x_wconf 76' lang='lat' dir='ltr'><strong>imbecillitatem,</strong></span> <span class='ocrx_word' id='word_1_243' title='bbox 729 1347 755 1374; x_wconf 92' lang='lat' dir='ltr'><strong>in</strong></span> <span class='ocrx_word' id='word_1_244' title='bbox 779 1348 946 1377; x_wconf 85' lang='lat' dir='ltr'><strong>firmissimis</strong></span> <span class='ocrx_word' id='word_1_245' title='bbox 968 1351 1051 1378; x_wconf 87' lang='lat' dir='ltr'><strong>etiam</strong></span> 
     </span>
    </p>
   </div>
   <div class='ocr_carea' id='block_1_38' title="bbox 255 1388 1053 1427">
    <p class='ocr_par' dir='ltr' id='par_1_38' title="bbox 255 1388 1053 1427">
     <span class='ocr_line' id='line_1_38' title="bbox 255 1388 1053 1427; baseline 0.01 -13"><span class='ocrx_word' id='word_1_246' title='bbox 255 1388 383 1416; x_wconf 81' lang='lat' dir='ltr'><strong>domibus</strong></span> <span class='ocrx_word' id='word_1_247' title='bbox 399 1396 494 1423; x_wconf 73' lang='lat' dir='ltr'><strong>regum</strong></span> <span class='ocrx_word' id='word_1_248' title='bbox 515 1389 631 1417; x_wconf 82' lang='lat' dir='ltr'><strong>habitat.</strong></span> <span class='ocrx_word' id='word_1_249' title='bbox 656 1391 697 1418; x_wconf 86' lang='lat' dir='ltr'><strong>Ad</strong></span> <span class='ocrx_word' id='word_1_250' title='bbox 724 1392 782 1420; x_wconf 69' lang='lat' dir='ltr'><strong>haec</strong></span> <span class='ocrx_word' id='word_1_251' title='bbox 807 1394 892 1427; x_wconf 74' lang='lat' dir='ltr'><strong>igitur</strong></span> <span class='ocrx_word' id='word_1_252' title='bbox 915 1395 967 1422; x_wconf 89' lang='lat' dir='ltr'><strong>etsi</strong></span> <span class='ocrx_word' id='word_1_253' title='bbox 991 1396 1053 1422; x_wconf 90' lang='lat' dir='ltr'><strong>ani-</strong></span> 
     </span>
    </p>
   </div>
   <div class='ocr_carea' id='block_1_39' title="bbox 255 1434 1053 1476">
    <p class='ocr_par' dir='ltr' id='par_1_39' title="bbox 255 1434 1053 1476">
     <span class='ocr_line' id='line_1_39' title="bbox 255 1434 1053 1476; baseline 0.009 -14"><span class='ocrx_word' id='word_1_254' title='bbox 255 1434 340 1462; x_wconf 85' lang='lat' dir='ltr'><strong>malia</strong></span> <span class='ocrx_word' id='word_1_255' title='bbox 360 1434 468 1462; x_wconf 77' lang='lat' dir='ltr'><strong>ratione</strong></span> <span class='ocrx_word' id='word_1_256' title='bbox 488 1436 611 1463; x_wconf 87' lang='lat' dir='ltr'><strong>carentia</strong></span> <span class='ocrx_word' id='word_1_257' title='bbox 632 1438 751 1473; x_wconf 82' lang='lat' dir='ltr'><strong>respice,</strong></span> <span class='ocrx_word' id='word_1_258' title='bbox 769 1439 863 1471; x_wconf 83' lang='lat' dir='ltr'><strong>homo.</strong></span> <span class='ocrx_word' id='word_1_259' title='bbox 885 1441 932 1476; x_wconf 87' lang='lat' dir='ltr'><strong>qui</strong></span> <span class='ocrx_word' id='word_1_260' title='bbox 947 1442 1053 1470; x_wconf 85' lang='lat' dir='ltr'><strong>ratione</strong></span> 
     </span>
    </p>
   </div>
   <div class='ocr_carea' id='block_1_40' title="bbox 255 1482 1053 1524">
    <p class='ocr_par' dir='ltr' id='par_1_40' title="bbox 255 1482 1053 1524">
     <span class='ocr_line' id='line_1_40' title="bbox 255 1482 1053 1524; baseline 0.01 -15"><span class='ocrx_word' id='word_1_261' title='bbox 255 1482 405 1511; x_wconf 88' lang='lat' dir='ltr'><strong>honoratus</strong></span> <span class='ocrx_word' id='word_1_262' title='bbox 421 1490 461 1515; x_wconf 78' lang='lat' dir='ltr'><strong>es.</strong></span> <span class='ocrx_word' id='word_1_263' title='bbox 478 1488 505 1511; x_wconf 90' lang='lat' dir='ltr'><strong>et</strong></span> <span class='ocrx_word' id='word_1_264' title='bbox 535 1488 565 1511; x_wconf 94' lang='lat' dir='ltr'><strong>ut</strong></span> <span class='ocrx_word' id='word_1_265' title='bbox 597 1485 687 1521; x_wconf 76' lang='lat' dir='ltr'><strong>imago</strong></span> <span class='ocrx_word' id='word_1_266' title='bbox 714 1485 761 1514; x_wconf 86' lang='lat' dir='ltr'><strong>Dei</strong></span> <span class='ocrx_word' id='word_1_267' title='bbox 786 1487 964 1524; x_wconf 85' lang='lat' dir='ltr'><strong>archetypum</strong></span> <span class='ocrx_word' id='word_1_268' title='bbox 981 1490 1053 1524; x_wconf 87' lang='lat' dir='ltr'><strong>aspi-</strong></span> 
     </span>
    </p>
   </div>
   <div class='ocr_carea' id='block_1_41' title="bbox 254 1529 1053 1571">
    <p class='ocr_par' dir='ltr' id='par_1_41' title="bbox 254 1529 1053 1571">
     <span class='ocr_line' id='line_1_41' title="bbox 254 1529 1053 1571; baseline 0.009 -15"><span class='ocrx_word' id='word_1_269' title='bbox 254 1536 318 1557; x_wconf 81' lang='lat' dir='ltr'><strong>cere</strong></span> <span class='ocrx_word' id='word_1_270' title='bbox 342 1529 438 1564; x_wconf 85' lang='lat' dir='ltr'><strong>jussus</strong></span> <span class='ocrx_word' id='word_1_271' title='bbox 456 1539 497 1562; x_wconf 68' lang='lat' dir='ltr'><strong>es,</strong></span> <span class='ocrx_word' id='word_1_272' title='bbox 526 1538 560 1558; x_wconf 90' lang='lat' dir='ltr'><strong>ne</strong></span> <span class='ocrx_word' id='word_1_273' title='bbox 582 1532 675 1559; x_wconf 88' lang='lat' dir='ltr'><strong>carnis</strong></span> <span class='ocrx_word' id='word_1_274' title='bbox 699 1531 914 1561; x_wconf 86' lang='lat' dir='ltr'><strong>imbecillitatem</strong></span> <span class='ocrx_word' id='word_1_275' title='bbox 929 1535 962 1562; x_wconf 86' lang='lat' dir='ltr'><strong>ad</strong></span> <span class='ocrx_word' id='word_1_276' title='bbox 988 1535 1053 1571; x_wconf 80' lang='lat' dir='ltr'><strong>reji-</strong></span> 
     </span>
    </p>
   </div>
   <div class='ocr_carea' id='block_1_42' title="bbox 255 1575 1052 1618">
    <p class='ocr_par' dir='ltr' id='par_1_42' title="bbox 255 1575 1052 1618">
     <span class='ocr_line' id='line_1_42' title="bbox 255 1575 1052 1618; baseline 0.011 -17"><span class='ocrx_word' id='word_1_277' title='bbox 255 1575 383 1602; x_wconf 71' lang='lat' dir='ltr'><strong>t-iendum</strong></span> <span class='ocrx_word' id='word_1_278' title='bbox 402 1575 448 1604; x_wconf 87' lang='lat' dir='ltr'><strong>Dei</strong></span> <span class='ocrx_word' id='word_1_279' title='bbox 474 1578 635 1605; x_wconf 86' lang='lat' dir='ltr'><strong>mandatum</strong></span> <span class='ocrx_word' id='word_1_280' title='bbox 650 1579 775 1607; x_wconf 87' lang='lat' dir='ltr'><strong>causeris</strong></span> <span class='ocrx_word' id='word_1_281' title='bbox 790 1600 797 1613; x_wconf 82' lang='lat'><strong>.</strong></span> <span class='ocrx_word' id='word_1_282' title='bbox 816 1581 864 1608; x_wconf 86' lang='lat' dir='ltr'><strong>sed</strong></span> <span class='ocrx_word' id='word_1_283' title='bbox 888 1581 914 1608; x_wconf 88' lang='lat' dir='ltr'><strong>in</strong></span> <span class='ocrx_word' id='word_1_284' title='bbox 928 1586 1052 1618; x_wconf 88' lang='lat' dir='ltr'><strong>tempore</strong></span> 
     </span>
    </p>
   </div>
   <div class='ocr_carea' id='block_1_43' title="bbox 1103 1014 1900 1050">
    <p class='ocr_par' dir='ltr' id='par_1_43' title="bbox 1103 1014 1900 1050">
     <span class='ocr_line' id='line_1_43' title="bbox 1103 1014 1900 1050; baseline 0.001 -10"><span class='ocrx_word' id='word_1_285' title='bbox 1103 1015 1150 1042; x_wconf 84' lang='grc' dir='ltr'><strong>τὸν</strong></span> <span class='ocrx_word' id='word_1_286' title='bbox 1175 1014 1298 1050; x_wconf 75' lang='grc' dir='ltr'>ἐννόμως</span> <span class='ocrx_word' id='word_1_287' title='bbox 1319 1014 1521 1042; x_wconf 73' lang='grc' dir='ltr'>ἐπιστατοῦντα</span> <span class='ocrx_word' id='word_1_288' title='bbox 1551 1015 1588 1050; x_wconf 83' lang='grc' dir='ltr'>μὴ</span> <span class='ocrx_word' id='word_1_289' title='bbox 1614 1014 1725 1050; x_wconf 76' lang='grc' dir='ltr'>ἔχουσα,</span> <span class='ocrx_word' id='word_1_290' title='bbox 1755 1015 1803 1042; x_wconf 74' lang='grc' dir='ltr'>ἅτε</span> <span class='ocrx_word' id='word_1_291' title='bbox 1829 1014 1900 1047; x_wconf 77' lang='grc' dir='ltr'>ζῶον</span> 
     </span>
    </p>
   </div>
   <div class='ocr_carea' id='block_1_44' title="bbox 1103 1059 1898 1095">
    <p class='ocr_par' dir='ltr' id='par_1_44' title="bbox 1103 1059 1898 1095">
     <span class='ocr_line' id='line_1_44' title="bbox 1103 1059 1898 1095; baseline 0.001 -9"><span class='ocrx_word' id='word_1_292' title='bbox 1103 1060 1278 1095; x_wconf 82' lang='grc' dir='ltr'>τυγχάνουσα</span> <span class='ocrx_word' id='word_1_293' title='bbox 1290 1060 1398 1094; x_wconf 76' lang='grc' dir='ltr'>ἄλογον,</span> <span class='ocrx_word' id='word_1_294' title='bbox 1409 1060 1457 1087; x_wconf 75' lang='grc' dir='ltr'>καὶ</span> <span class='ocrx_word' id='word_1_295' title='bbox 1470 1059 1509 1091; x_wconf 79' lang='grc' dir='ltr'>ὡς</span> <span class='ocrx_word' id='word_1_296' title='bbox 1522 1060 1570 1094; x_wconf 82' lang='grc' dir='ltr'><strong>ἀφ’</strong></span> <span class='ocrx_word' id='word_1_297' title='bbox 1587 1060 1647 1092; x_wconf 81' lang='grc' dir='ltr'>ἐνὸς</span> <span class='ocrx_word' id='word_1_298' title='bbox 1666 1060 1714 1086; x_wconf 87' lang='grc' dir='ltr'><strong>τοῦ</strong></span> <span class='ocrx_word' id='word_1_299' title='bbox 1730 1060 1898 1087; x_wconf 80' lang='grc' dir='ltr'>Δεσποτικοῦ</span> 
     </span>
    </p>
   </div>
   <div class='ocr_carea' id='block_1_45' title="bbox 1104 1105 1658 1142">
    <p class='ocr_par' dir='ltr' id='par_1_45' title="bbox 1104 1105 1658 1142">
     <span class='ocr_line' id='line_1_45' title="bbox 1104 1105 1658 1142; baseline 0.002 -10"><span class='ocrx_word' id='word_1_300' title='bbox 1104 1105 1245 1139; x_wconf 80' lang='grc' dir='ltr'><strong>εὐτάκτως</strong></span> <span class='ocrx_word' id='word_1_301' title='bbox 1261 1105 1412 1142; x_wconf 83' lang='grc' dir='ltr'>κινουμένῃ</span> <span class='ocrx_word' id='word_1_302' title='bbox 1430 1105 1658 1142; x_wconf 84' lang='grc' dir='ltr'>προστάγματος.</span> 
     </span>
    </p>
   </div>
   <div class='ocr_carea' id='block_1_46' title="bbox 1138 1162 1897 1200">
    <p class='ocr_par' dir='ltr' id='par_1_46' title="bbox 1138 1162 1897 1200">
     <span class='ocr_line' id='line_1_46' title="bbox 1138 1162 1897 1200; baseline -0.001 -10"><span class='ocrx_word' id='word_1_303' title='bbox 1138 1166 1193 1200; x_wconf 84' lang='grc' dir='ltr'>κη’.</span> <span class='ocrx_word' id='word_1_304' title='bbox 1212 1163 1267 1191; x_wconf 78' lang='lat' dir='ltr'><strong>Kal</strong></span> <span class='ocrx_word' id='word_1_305' title='bbox 1286 1162 1464 1197; x_wconf 73' lang='grc' dir='ltr'>καλαϐώτης</span> <span class='ocrx_word' id='word_1_306' title='bbox 1487 1163 1596 1198; x_wconf 75' lang='grc' dir='ltr'>χερσιν</span> <span class='ocrx_word' id='word_1_307' title='bbox 1623 1163 1823 1197; x_wconf 72' lang='grc' dir='ltr'>ἐρειδόμενος.</span> <span class='ocrx_word' id='word_1_308' title='bbox 1847 1163 1897 1190; x_wconf 80' lang='grc' dir='ltr'>καὶ</span> 
     </span>
    </p>
   </div>
   <div class='ocr_carea' id='block_1_47' title="bbox 1103 1208 1896 1244">
    <p class='ocr_par' dir='ltr' id='par_1_47' title="bbox 1103 1208 1896 1244">
     <span class='ocr_line' id='line_1_47' title="bbox 1103 1208 1896 1244; baseline 0 -8"><span class='ocrx_word' id='word_1_309' title='bbox 1103 1208 1255 1241; x_wconf 77' lang='grc' dir='ltr'>εὐάλωτος</span> <span class='ocrx_word' id='word_1_310' title='bbox 1267 1208 1320 1242; x_wconf 82' lang='grc' dir='ltr'>ὢν,</span> <span class='ocrx_word' id='word_1_311' title='bbox 1341 1208 1477 1236; x_wconf 76' lang='grc' dir='ltr'>κατοικεῖ</span> <span class='ocrx_word' id='word_1_312' title='bbox 1488 1209 1524 1236; x_wconf 78' lang='grc' dir='ltr'><strong>ἐν</strong></span> <span class='ocrx_word' id='word_1_313' title='bbox 1542 1209 1714 1244; x_wconf 79' lang='grc' dir='ltr'><strong>ὀχυρώμασι</strong></span> <span class='ocrx_word' id='word_1_314' title='bbox 1731 1208 1896 1242; x_wconf 69' lang='grc' dir='ltr'>βασιλέως.</span> 
     </span>
    </p>
   </div>
   <div class='ocr_carea' id='block_1_48' title="bbox 1103 1252 1897 1291">
    <p class='ocr_par' dir='ltr' id='par_1_48' title="bbox 1103 1252 1897 1291">
     <span class='ocr_line' id='line_1_48' title="bbox 1103 1252 1897 1291; baseline -0.001 -9"><span class='ocrx_word' id='word_1_315' title='bbox 1103 1255 1159 1283; x_wconf 79' lang='grc' dir='ltr'><strong>Καὶ</strong></span> <span class='ocrx_word' id='word_1_316' title='bbox 1175 1256 1190 1282; x_wconf 93' lang='lat'><strong>6</strong></span> <span class='ocrx_word' id='word_1_317' title='bbox 1202 1257 1260 1287; x_wconf 89' lang='grc' dir='ltr'>τοῖς</span> <span class='ocrx_word' id='word_1_318' title='bbox 1275 1255 1456 1291; x_wconf 71' lang='grc' dir='ltr'>ἐμπροσθίοις</span> <span class='ocrx_word' id='word_1_319' title='bbox 1473 1255 1555 1282; x_wconf 74' lang='grc' dir='ltr'>ποσὶν</span> <span class='ocrx_word' id='word_1_320' title='bbox 1568 1252 1613 1282; x_wconf 74' lang='grc' dir='ltr'>οἷα</span> <span class='ocrx_word' id='word_1_321' title='bbox 1629 1255 1720 1290; x_wconf 83' lang='grc' dir='ltr'>χερσὶ,</span> <span class='ocrx_word' id='word_1_322' title='bbox 1742 1254 1791 1281; x_wconf 87' lang='grc' dir='ltr'><strong>τοῦ</strong></span> <span class='ocrx_word' id='word_1_323' title='bbox 1808 1263 1897 1290; x_wconf 78' lang='grc' dir='ltr'>παρα-</span> 
     </span>
    </p>
   </div>
   <div class='ocr_carea' id='block_1_49' title="bbox 1102 1301 1897 1337">
    <p class='ocr_par' dir='ltr' id='par_1_49' title="bbox 1102 1301 1897 1337">
     <span class='ocr_line' id='line_1_49' title="bbox 1102 1301 1897 1337; baseline -0.003 -8"><span class='ocrx_word' id='word_1_324' title='bbox 1102 1302 1231 1337; x_wconf 82' lang='grc' dir='ltr'>τυχόντος</span> <span class='ocrx_word' id='word_1_325' title='bbox 1248 1301 1444 1337; x_wconf 83' lang='grc' dir='ltr'>δραττόμενος,</span> <span class='ocrx_word' id='word_1_326' title='bbox 1461 1301 1612 1328; x_wconf 83' lang='grc' dir='ltr'>κάντεῦθεν</span> <span class='ocrx_word' id='word_1_327' title='bbox 1625 1301 1834 1337; x_wconf 79' lang='grc' dir='ltr'>στηριζόμενος,</span> <span class='ocrx_word' id='word_1_328' title='bbox 1851 1301 1897 1328; x_wconf 63' lang='grc' dir='ltr'><strong>καὶ</strong></span> 
     </span>
    </p>
   </div>
   <div class='ocr_carea' id='block_1_50' title="bbox 1103 1348 1898 1385">
    <p class='ocr_par' dir='ltr' id='par_1_50' title="bbox 1103 1348 1898 1385">
     <span class='ocr_line' id='line_1_50' title="bbox 1103 1348 1898 1385; baseline -0.004 -8"><span class='ocrx_word' id='word_1_329' title='bbox 1103 1349 1197 1381; x_wconf 85' lang='grc' dir='ltr'>καλῶς</span> <span class='ocrx_word' id='word_1_330' title='bbox 1212 1349 1262 1382; x_wconf 80' lang='grc' dir='ltr'><strong>τὰς</strong></span> <span class='ocrx_word' id='word_1_331' title='bbox 1276 1349 1372 1385; x_wconf 81' lang='grc' dir='ltr'>βάσεις</span> <span class='ocrx_word' id='word_1_332' title='bbox 1390 1348 1554 1384; x_wconf 83' lang='grc' dir='ltr'>ποιούμενος</span> <span class='ocrx_word' id='word_1_333' title='bbox 1565 1348 1718 1384; x_wconf 79' lang='grc' dir='ltr'>γαλεώτης.</span> <span class='ocrx_word' id='word_1_334' title='bbox 1735 1348 1898 1383; x_wconf 75' lang='grc' dir='ltr'>εὐχείρωτος</span> 
     </span>
    </p>
   </div>
   <div class='ocr_carea' id='block_1_51' title="bbox 1103 1395 1898 1432">
    <p class='ocr_par' dir='ltr' id='par_1_51' title="bbox 1103 1395 1898 1432">
     <span class='ocr_line' id='line_1_51' title="bbox 1103 1395 1898 1432; baseline -0.003 -10"><span class='ocrx_word' id='word_1_335' title='bbox 1103 1396 1147 1423; x_wconf 76' lang='grc' dir='ltr'><strong>διὰ</strong></span> <span class='ocrx_word' id='word_1_336' title='bbox 1165 1396 1215 1432; x_wconf 83' lang='grc' dir='ltr'>τὴν</span> <span class='ocrx_word' id='word_1_337' title='bbox 1232 1396 1338 1423; x_wconf 78' lang='grc' dir='ltr'>οἰκείαν</span> <span class='ocrx_word' id='word_1_338' title='bbox 1355 1396 1490 1431; x_wconf 82' lang='grc' dir='ltr'>ὑπάρχων</span> <span class='ocrx_word' id='word_1_339' title='bbox 1515 1395 1672 1426; x_wconf 81' lang='grc' dir='ltr'>ἀσθένειαν,</span> <span class='ocrx_word' id='word_1_340' title='bbox 1687 1395 1735 1421; x_wconf 77' lang='grc' dir='ltr'>καὶ</span> <span class='ocrx_word' id='word_1_341' title='bbox 1757 1395 1787 1421; x_wconf 85' lang='grc' dir='ltr'><strong>ἐν</strong></span> <span class='ocrx_word' id='word_1_342' title='bbox 1807 1395 1898 1426; x_wconf 74' lang='grc' dir='ltr'>αὐτοῖς</span> 
     </span>
    </p>
   </div>
   <div class='ocr_carea' id='block_1_52' title="bbox 1103 1440 1898 1478">
    <p class='ocr_par' dir='ltr' id='par_1_52' title="bbox 1103 1440 1898 1478">
     <span class='ocr_line' id='line_1_52' title="bbox 1103 1440 1898 1478; baseline -0.004 -9"><span class='ocrx_word' id='word_1_343' title='bbox 1103 1442 1159 1474; x_wconf 84' lang='grc' dir='ltr'>τοῖς</span> <span class='ocrx_word' id='word_1_344' title='bbox 1197 1441 1384 1478; x_wconf 79' lang='grc' dir='ltr'>ὀχυρωτάτοις</span> <span class='ocrx_word' id='word_1_345' title='bbox 1417 1441 1504 1472; x_wconf 86' lang='grc' dir='ltr'>οῐκοις</span> <span class='ocrx_word' id='word_1_346' title='bbox 1540 1441 1594 1467; x_wconf 87' lang='grc' dir='ltr'><strong>τῶν</strong></span> <span class='ocrx_word' id='word_1_347' title='bbox 1628 1440 1762 1476; x_wconf 83' lang='grc' dir='ltr'>βασιλέων</span> <span class='ocrx_word' id='word_1_348' title='bbox 1799 1440 1898 1467; x_wconf 66' lang='lat' dir='ltr'><strong>alucin-</strong></span> 
     </span>
    </p>
   </div>
   <div class='ocr_carea' id='block_1_53' title="bbox 1103 1485 1899 1523">
    <p class='ocr_par' dir='ltr' id='par_1_53' title="bbox 1103 1485 1899 1523">
     <span class='ocr_line' id='line_1_53' title="bbox 1103 1485 1899 1523; baseline -0.003 -9"><span class='ocrx_word' id='word_1_349' title='bbox 1103 1487 1250 1523; x_wconf 84' lang='grc' dir='ltr'>τοιγαροῦν</span> <span class='ocrx_word' id='word_1_350' title='bbox 1279 1487 1350 1522; x_wconf 74' lang='grc' dir='ltr'>πρὸς</span> <span class='ocrx_word' id='word_1_351' title='bbox 1375 1486 1479 1519; x_wconf 85' lang='grc' dir='ltr'>ταῦτα,</span> <span class='ocrx_word' id='word_1_352' title='bbox 1509 1486 1561 1514; x_wconf 79' lang='grc' dir='ltr'>κᾶν</span> <span class='ocrx_word' id='word_1_353' title='bbox 1586 1486 1620 1513; x_wconf 75' lang='grc' dir='ltr'><strong>τὰ</strong></span> <span class='ocrx_word' id='word_1_354' title='bbox 1642 1486 1728 1520; x_wconf 78' lang='grc' dir='ltr'>ἄλογα</span> <span class='ocrx_word' id='word_1_355' title='bbox 1754 1485 1813 1518; x_wconf 80' lang='grc' dir='ltr'>ζῶα</span> <span class='ocrx_word' id='word_1_356' title='bbox 1841 1485 1899 1521; x_wconf 80' lang='grc' dir='ltr'>βλέ-</span> 
     </span>
    </p>
   </div>
   <div class='ocr_carea' id='block_1_54' title="bbox 1105 1531 1900 1569">
    <p class='ocr_par' dir='ltr' id='par_1_54' title="bbox 1105 1531 1900 1569">
     <span class='ocr_line' id='line_1_54' title="bbox 1105 1531 1900 1569; baseline -0.003 -9"><span class='ocrx_word' id='word_1_357' title='bbox 1105 1542 1174 1566; x_wconf 83' lang='grc' dir='ltr'>πων,</span> <span class='ocrx_word' id='word_1_358' title='bbox 1204 1533 1350 1569; x_wconf 82' lang='grc' dir='ltr'>ἄνθρωπε,</span> <span class='ocrx_word' id='word_1_359' title='bbox 1381 1533 1395 1559; x_wconf 95' lang='lat'><strong>6</strong></span> <span class='ocrx_word' id='word_1_360' title='bbox 1411 1532 1484 1567; x_wconf 82' lang='grc' dir='ltr'>λόγῳ</span> <span class='ocrx_word' id='word_1_361' title='bbox 1511 1532 1657 1567; x_wconf 78' lang='grc' dir='ltr'>τιμηθεὶς,</span> <span class='ocrx_word' id='word_1_362' title='bbox 1680 1532 1728 1558; x_wconf 73' lang='grc' dir='ltr'>καὶ</span> <span class='ocrx_word' id='word_1_363' title='bbox 1752 1532 1792 1564; x_wconf 83' lang='grc' dir='ltr'><strong>ὡς</strong></span> <span class='ocrx_word' id='word_1_364' title='bbox 1817 1531 1900 1558; x_wconf 79' lang='grc' dir='ltr'>εἰκὼν</span> 
     </span>
    </p>
   </div>
   <div class='ocr_carea' id='block_1_55' title="bbox 1104 1578 1901 1614">
    <p class='ocr_par' dir='ltr' id='par_1_55' title="bbox 1104 1578 1901 1614">
     <span class='ocr_line' id='line_1_55' title="bbox 1104 1578 1901 1614; baseline -0.004 -8"><span class='ocrx_word' id='word_1_365' title='bbox 1104 1578 1174 1606; x_wconf 88' lang='grc' dir='ltr'>Θεοῦ</span> <span class='ocrx_word' id='word_1_366' title='bbox 1196 1579 1266 1614; x_wconf 74' lang='grc' dir='ltr'>πρὸς</span> <span class='ocrx_word' id='word_1_367' title='bbox 1292 1578 1321 1605; x_wconf 78' lang='grc' dir='ltr'>τὸ</span> <span class='ocrx_word' id='word_1_368' title='bbox 1345 1579 1501 1614; x_wconf 84' lang='grc' dir='ltr'>ἀρχέτυπον</span> <span class='ocrx_word' id='word_1_369' title='bbox 1517 1579 1584 1614; x_wconf 73' lang='grc' dir='ltr'>ὸρᾷν</span> <span class='ocrx_word' id='word_1_370' title='bbox 1607 1578 1775 1610; x_wconf 76' lang='grc' dir='ltr'>κελευσθεὶς,</span> <span class='ocrx_word' id='word_1_371' title='bbox 1792 1578 1830 1613; x_wconf 81' lang='grc' dir='ltr'>μὴ</span> <span class='ocrx_word' id='word_1_372' title='bbox 1850 1578 1901 1612; x_wconf 70' lang='grc' dir='ltr'><strong>τὴν</strong></span> 
     </span>
    </p>
   </div>
   <div class='ocr_carea' id='block_1_56' title="bbox 257 1623 1051 1660">
    <p class='ocr_par' dir='ltr' id='par_1_56' title="bbox 257 1623 1051 1659">
     <span class='ocr_line' id='line_1_56' title="bbox 257 1623 1051 1659; baseline 0.01 -11"><span class='ocrx_word' id='word_1_373' title='bbox 257 1623 388 1656; x_wconf 52' lang='lat' dir='ltr'><strong>praesenti</strong></span> <span class='ocrx_word' id='word_1_374' title='bbox 415 1624 601 1658; x_wconf 86' lang='lat' dir='ltr'><strong>operationis,</strong></span> <span class='ocrx_word' id='word_1_375' title='bbox 621 1632 745 1659; x_wconf 66' lang='lat' dir='ltr'><strong>praepara</strong></span> <span class='ocrx_word' id='word_1_376' title='bbox 763 1625 813 1653; x_wconf 87' lang='lat' dir='ltr'><strong>tibi</strong></span> <span class='ocrx_word' id='word_1_377' title='bbox 830 1626 857 1653; x_wconf 90' lang='lat' dir='ltr'><strong>in</strong></span> <span class='ocrx_word' id='word_1_378' title='bbox 873 1626 968 1655; x_wconf 78' lang='lat' dir='ltr'><strong>fitturo</strong></span> <span class='ocrx_word' id='word_1_379' title='bbox 982 1627 1051 1656; x_wconf 71' lang='lat' dir='ltr'><strong>frui~</strong></span> 
     </span>
    </p>
   </div>
   <div class='ocr_carea' id='block_1_57' title="bbox 1103 1623 1901 1660">
    <p class='ocr_par' dir='ltr' id='par_1_57' title="bbox 1104 1623 1901 1660">
     <span class='ocr_line' id='line_1_57' title="bbox 1104 1623 1901 1660; baseline -0.004 -8"><span class='ocrx_word' id='word_1_380' title='bbox 1104 1625 1247 1652; x_wconf 79' lang='grc' dir='ltr'>ἀσθένειαν</span> <span class='ocrx_word' id='word_1_381' title='bbox 1281 1625 1333 1660; x_wconf 83' lang='grc' dir='ltr'>τῆς</span> <span class='ocrx_word' id='word_1_382' title='bbox 1372 1624 1475 1659; x_wconf 83' lang='grc' dir='ltr'>σαρκὸς</span> <span class='ocrx_word' id='word_1_383' title='bbox 1509 1625 1549 1656; x_wconf 80' lang='grc' dir='ltr'><strong>εἰς</strong></span> <span class='ocrx_word' id='word_1_384' title='bbox 1583 1623 1714 1659; x_wconf 76' lang='grc' dir='ltr'><strong>ἀθέτησιν</strong></span> <span class='ocrx_word' id='word_1_385' title='bbox 1745 1623 1901 1659; x_wconf 69' lang='grc' dir='ltr'>προϐάλλω.»</span> 
     </span>
    </p>
   </div>
   <div class='ocr_carea' id='block_1_58' title="bbox 257 1667 1051 1708">
    <p class='ocr_par' dir='ltr' id='par_1_58' title="bbox 257 1667 1051 1708">
     <span class='ocr_line' id='line_1_58' title="bbox 257 1667 1051 1708; baseline 0.01 -15"><span class='ocrx_word' id='word_1_386' title='bbox 257 1667 369 1699; x_wconf 78' lang='lat' dir='ltr'><strong>tionem,</strong></span> <span class='ocrx_word' id='word_1_387' title='bbox 393 1671 421 1694; x_wconf 81' lang='lat' dir='ltr'><strong>et</strong></span> <span class='ocrx_word' id='word_1_388' title='bbox 447 1667 474 1694; x_wconf 89' lang='lat' dir='ltr'><strong>in</strong></span> <span class='ocrx_word' id='word_1_389' title='bbox 505 1669 690 1696; x_wconf 85' lang='lat' dir='ltr'><strong>tentationum</strong></span> <span class='ocrx_word' id='word_1_390' title='bbox 712 1669 882 1703; x_wconf 85' lang='lat' dir='ltr'><strong>incursibus.</strong></span> <span class='ocrx_word' id='word_1_391' title='bbox 912 1671 975 1708; x_wconf 79' lang='lat' dir='ltr'><strong>fuge</strong></span> <span class='ocrx_word' id='word_1_392' title='bbox 998 1673 1051 1701; x_wconf 83' lang='lat' dir='ltr'><strong>sub</strong></span> 
     </span>
    </p>
   </div>
   <div class='ocr_carea' id='block_1_59' title="bbox 256 1713 1051 1754">
    <p class='ocr_par' dir='ltr' id='par_1_59' title="bbox 256 1713 1051 1754">
     <span class='ocr_line' id='line_1_59' title="bbox 256 1713 1051 1754; baseline 0.01 -15"><span class='ocrx_word' id='word_1_393' title='bbox 256 1717 378 1740; x_wconf 83' lang='lat' dir='ltr'><strong>tutamen</strong></span> <span class='ocrx_word' id='word_1_394' title='bbox 394 1713 550 1748; x_wconf 85' lang='lat' dir='ltr'><strong>spiritualis</strong></span> <span class='ocrx_word' id='word_1_395' title='bbox 560 1719 657 1749; x_wconf 69' lang='lat' dir='ltr'><strong>petrae,</strong></span> <span class='ocrx_word' id='word_1_396' title='bbox 676 1723 737 1750; x_wconf 73' lang='lat' dir='ltr'><strong>qum</strong></span> <span class='ocrx_word' id='word_1_397' title='bbox 749 1721 791 1744; x_wconf 88' lang='lat' dir='ltr'><strong>est</strong></span> <span class='ocrx_word' id='word_1_398' title='bbox 803 1717 948 1752; x_wconf 81' lang='lat' dir='ltr'><strong>Christus;</strong></span> <span class='ocrx_word' id='word_1_399' title='bbox 964 1718 1051 1754; x_wconf 90' lang='lat' dir='ltr'><strong>Spiri-</strong></span> 
     </span>
    </p>
   </div>
   <div class='ocr_carea' id='block_1_60' title="bbox 255 1758 1051 1800">
    <p class='ocr_par' dir='ltr' id='par_1_60' title="bbox 255 1758 1051 1800">
     <span class='ocr_line' id='line_1_60' title="bbox 255 1758 1051 1800; baseline 0.01 -16"><span class='ocrx_word' id='word_1_400' title='bbox 255 1763 300 1785; x_wconf 86' lang='lat' dir='ltr'><strong>tus</strong></span> <span class='ocrx_word' id='word_1_401' title='bbox 317 1758 405 1786; x_wconf 85' lang='lat' dir='ltr'><strong>sancti</strong></span> <span class='ocrx_word' id='word_1_402' title='bbox 420 1763 589 1786; x_wconf 86' lang='lat' dir='ltr'><strong>armaturam</strong></span> <span class='ocrx_word' id='word_1_403' title='bbox 609 1760 734 1794; x_wconf 89' lang='lat' dir='ltr'><strong>iudutus,</strong></span> <span class='ocrx_word' id='word_1_404' title='bbox 751 1762 824 1788; x_wconf 89' lang='lat' dir='ltr'><strong>bono</strong></span> <span class='ocrx_word' id='word_1_405' title='bbox 843 1763 942 1792; x_wconf 88' lang='lat' dir='ltr'><strong>ordine</strong></span> <span class='ocrx_word' id='word_1_406' title='bbox 959 1772 1051 1800; x_wconf 74' lang='lat' dir='ltr'><strong>pugna</strong></span> 
     </span>
    </p>
   </div>
   <div class='ocr_carea' id='block_1_61' title="bbox 257 1805 1051 1845">
    <p class='ocr_par' dir='ltr' id='par_1_61' title="bbox 257 1805 1051 1845">
     <span class='ocr_line' id='line_1_61' title="bbox 257 1805 1051 1845; baseline 0.009 -14"><span class='ocrx_word' id='word_1_407' title='bbox 257 1805 390 1833; x_wconf 80' lang='lat' dir='ltr'><strong>adversus</strong></span> <span class='ocrx_word' id='word_1_408' title='bbox 419 1806 526 1834; x_wconf 79' lang='lat' dir='ltr'><strong>hostem</strong></span> <span class='ocrx_word' id='word_1_409' title='bbox 560 1807 696 1834; x_wconf 88' lang='lat' dir='ltr'><strong>malorum</strong></span> <span class='ocrx_word' id='word_1_410' title='bbox 730 1813 902 1842; x_wconf 81' lang='lat' dir='ltr'><strong>auctorem;</strong></span> <span class='ocrx_word' id='word_1_411' title='bbox 932 1810 1051 1845; x_wconf 89' lang='lat' dir='ltr'><strong>primum</strong></span> 
     </span>
    </p>
   </div>
   <div class='ocr_carea' id='block_1_62' title="bbox 255 1851 1050 1890">
    <p class='ocr_par' dir='ltr' id='par_1_62' title="bbox 255 1851 1050 1890">
     <span class='ocr_line' id='line_1_62' title="bbox 255 1851 1050 1890; baseline 0.009 -13"><span class='ocrx_word' id='word_1_412' title='bbox 255 1851 366 1886; x_wconf 85' lang='lat' dir='ltr'><strong>quidem</strong></span> <span class='ocrx_word' id='word_1_413' title='bbox 384 1852 518 1880; x_wconf 83' lang='lat' dir='ltr'><strong>mundare</strong></span> <span class='ocrx_word' id='word_1_414' title='bbox 531 1852 576 1880; x_wconf 84' lang='lat' dir='ltr'><strong>Dei</strong></span> <span class='ocrx_word' id='word_1_415' title='bbox 591 1853 707 1887; x_wconf 86' lang='lat' dir='ltr'><strong>timore;</strong></span> <span class='ocrx_word' id='word_1_416' title='bbox 726 1854 825 1883; x_wconf 84' lang='lat' dir='ltr'><strong>deinde</strong></span> <span class='ocrx_word' id='word_1_417' title='bbox 848 1863 897 1890; x_wconf 89' lang='lat' dir='ltr'><strong>spe</strong></span> <span class='ocrx_word' id='word_1_418' title='bbox 915 1857 1050 1884; x_wconf 84' lang='lat' dir='ltr'><strong>bonorum</strong></span> 
     </span>
    </p>
   </div>
   <div class='ocr_carea' id='block_1_63' title="bbox 257 1897 1053 1938">
    <p class='ocr_par' dir='ltr' id='par_1_63' title="bbox 257 1897 1053 1938">
     <span class='ocr_line' id='line_1_63' title="bbox 257 1897 1053 1938; baseline 0.008 -13"><span class='ocrx_word' id='word_1_419' title='bbox 257 1897 415 1925; x_wconf 90' lang='lat' dir='ltr'><strong>futurorum</strong></span> <span class='ocrx_word' id='word_1_420' title='bbox 429 1899 612 1932; x_wconf 87' lang='lat' dir='ltr'><strong>illuminatus,</strong></span> <span class='ocrx_word' id='word_1_421' title='bbox 627 1901 764 1929; x_wconf 86' lang='lat' dir='ltr'><strong>charitate</strong></span> <span class='ocrx_word' id='word_1_422' title='bbox 782 1903 892 1930; x_wconf 81' lang='lat' dir='ltr'><strong>tandem</strong></span> <span class='ocrx_word' id='word_1_423' title='bbox 911 1903 944 1930; x_wconf 90' lang='lat' dir='ltr'><strong>ad</strong></span> <span class='ocrx_word' id='word_1_424' title='bbox 959 1903 1053 1938; x_wconf 88' lang='lat' dir='ltr'><strong>perfe-</strong></span> 
     </span>
    </p>
   </div>
   <div class='ocr_carea' id='block_1_64' title="bbox 256 1945 1051 1984">
    <p class='ocr_par' dir='ltr' id='par_1_64' title="bbox 256 1945 1051 1984">
     <span class='ocr_line' id='line_1_64' title="bbox 256 1945 1051 1984; baseline 0.005 -12"><span class='ocrx_word' id='word_1_425' title='bbox 256 1945 375 1972; x_wconf 87' lang='lat' dir='ltr'><strong>ctionem</strong></span> <span class='ocrx_word' id='word_1_426' title='bbox 395 1946 549 1980; x_wconf 81' lang='lat' dir='ltr'><strong>pervenies.</strong></span> <span class='ocrx_word' id='word_1_427' title='bbox 567 1945 700 1974; x_wconf 85' lang='lat' dir='ltr'><strong>Practicis</strong></span> <span class='ocrx_word' id='word_1_428' title='bbox 721 1947 821 1975; x_wconf 73' lang='lat' dir='ltr'><strong>anima:</strong></span> <span class='ocrx_word' id='word_1_429' title='bbox 838 1952 892 1975; x_wconf 76' lang='lat' dir='ltr'><strong>[me</strong></span> <span class='ocrx_word' id='word_1_430' title='bbox 909 1949 1051 1984; x_wconf 89' lang='lat' dir='ltr'><strong>potentiis,</strong></span> 
     </span>
    </p>
   </div>
   <div class='ocr_carea' id='block_1_65' title="bbox 256 1991 1051 2030">
    <p class='ocr_par' dir='ltr' id='par_1_65' title="bbox 256 1991 1051 2030">
     <span class='ocr_line' id='line_1_65' title="bbox 256 1991 1051 2030; baseline 0.006 -12"><span class='ocrx_word' id='word_1_431' title='bbox 256 1991 379 2027; x_wconf 84' lang='lat' dir='ltr'><strong>appetitu</strong></span> <span class='ocrx_word' id='word_1_432' title='bbox 403 1992 506 2020; x_wconf 85' lang='lat' dir='ltr'><strong>scilicet</strong></span> <span class='ocrx_word' id='word_1_433' title='bbox 518 1993 730 2028; x_wconf 88' lang='lat' dir='ltr'><strong>concupiscibili</strong></span> <span class='ocrx_word' id='word_1_434' title='bbox 746 1997 773 2021; x_wconf 86' lang='lat' dir='ltr'><strong>et</strong></span> <span class='ocrx_word' id='word_1_435' title='bbox 789 1993 922 2022; x_wconf 84' lang='lat' dir='ltr'><strong>irascibili</strong></span> <span class='ocrx_word' id='word_1_436' title='bbox 938 2015 946 2027; x_wconf 87' lang='lat'><strong>.</strong></span> <span class='ocrx_word' id='word_1_437' title='bbox 971 1995 1051 2030; x_wconf 86' lang='lat' dir='ltr'><strong>quasi</strong></span> 
     </span>
    </p>
   </div>
   <div class='ocr_carea' id='block_1_66' title="bbox 255 2038 1051 2074">
    <p class='ocr_par' dir='ltr' id='par_1_66' title="bbox 255 2038 1051 2074">
     <span class='ocr_line' id='line_1_66' title="bbox 255 2038 1051 2074; baseline 0.005 -9"><span class='ocrx_word' id='word_1_438' title='bbox 255 2038 420 2074; x_wconf 86' lang='lat' dir='ltr'><strong>quibusdam</strong></span> <span class='ocrx_word' id='word_1_439' title='bbox 436 2039 575 2072; x_wconf 90' lang='lat' dir='ltr'><strong>manibus,</strong></span> <span class='ocrx_word' id='word_1_440' title='bbox 591 2039 723 2073; x_wconf 89' lang='lat' dir='ltr'><strong>innitens,</strong></span> <span class='ocrx_word' id='word_1_441' title='bbox 741 2046 817 2068; x_wconf 82' lang='lat' dir='ltr'><strong>recte</strong></span> <span class='ocrx_word' id='word_1_442' title='bbox 833 2041 941 2068; x_wconf 88' lang='lat' dir='ltr'><strong>ambula</strong></span> <span class='ocrx_word' id='word_1_443' title='bbox 962 2042 989 2069; x_wconf 93' lang='lat' dir='ltr'><strong>in</strong></span> <span class='ocrx_word' id='word_1_444' title='bbox 1003 2041 1051 2069; x_wconf 88' lang='lat' dir='ltr'><strong>Dei</strong></span> 
     </span>
    </p>
   </div>
   <div class='ocr_carea' id='block_1_67' title="bbox 257 2084 1053 2120">
    <p class='ocr_par' dir='ltr' id='par_1_67' title="bbox 257 2084 1053 2120">
     <span class='ocr_line' id='line_1_67' title="bbox 257 2084 1053 2120; baseline 0.006 -10"><span class='ocrx_word' id='word_1_445' title='bbox 257 2084 406 2118; x_wconf 86' lang='lat' dir='ltr'><strong>mandatis,</strong></span> <span class='ocrx_word' id='word_1_446' title='bbox 423 2090 465 2118; x_wconf 87' lang='lat' dir='ltr'><strong>ut,</strong></span> <span class='ocrx_word' id='word_1_447' title='bbox 478 2085 608 2120; x_wconf 82' lang='lat' dir='ltr'><strong>quamvis</strong></span> <span class='ocrx_word' id='word_1_448' title='bbox 624 2086 659 2113; x_wconf 88' lang='lat' dir='ltr'><strong>ab</strong></span> <span class='ocrx_word' id='word_1_449' title='bbox 679 2087 791 2114; x_wconf 89' lang='lat' dir='ltr'><strong>inimico</strong></span> <span class='ocrx_word' id='word_1_450' title='bbox 802 2087 837 2114; x_wconf 87' lang='lat' dir='ltr'><strong>ob</strong></span> <span class='ocrx_word' id='word_1_451' title='bbox 858 2088 953 2115; x_wconf 88' lang='lat' dir='ltr'><strong>carnis</strong></span> <span class='ocrx_word' id='word_1_452' title='bbox 976 2087 1053 2115; x_wconf 84' lang='lat' dir='ltr'><strong>infir-</strong></span> 
     </span>
    </p>
   </div>
   <div class='ocr_carea' id='block_1_68' title="bbox 257 2131 1053 2170">
    <p class='ocr_par' dir='ltr' id='par_1_68' title="bbox 257 2131 1053 2170">
     <span class='ocr_line' id='line_1_68' title="bbox 257 2131 1053 2170; baseline 0.006 -13"><span class='ocrx_word' id='word_1_453' title='bbox 257 2131 378 2158; x_wconf 86' lang='lat' dir='ltr'><strong>mitatem</strong></span> <span class='ocrx_word' id='word_1_454' title='bbox 403 2131 484 2158; x_wconf 79' lang='lat' dir='ltr'><strong>facile</strong></span> <span class='ocrx_word' id='word_1_455' title='bbox 513 2131 573 2166; x_wconf 71' lang='lat' dir='ltr'><strong>capi</strong></span> <span class='ocrx_word' id='word_1_456' title='bbox 604 2133 714 2166; x_wconf 81' lang='lat' dir='ltr'><strong>possis,</strong></span> <span class='ocrx_word' id='word_1_457' title='bbox 740 2133 965 2169; x_wconf 74' lang='lat' dir='ltr'><strong>inexpugnabilis</strong></span> <span class='ocrx_word' id='word_1_458' title='bbox 1000 2135 1053 2170; x_wconf 78' lang='lat' dir='ltr'><strong>ipsi</strong></span> 
     </span>
    </p>
   </div>
   <div class='ocr_carea' id='block_1_69' title="bbox 257 2177 1054 2214">
    <p class='ocr_par' dir='ltr' id='par_1_69' title="bbox 257 2177 1054 2214">
     <span class='ocr_line' id='line_1_69' title="bbox 257 2177 1054 2214; baseline 0.009 -13"><span class='ocrx_word' id='word_1_459' title='bbox 257 2183 368 2204; x_wconf 85' lang='lat' dir='ltr'><strong>maneas</strong></span> <span class='ocrx_word' id='word_1_460' title='bbox 381 2177 409 2203; x_wconf 91' lang='lat' dir='ltr'><strong>in</strong></span> <span class='ocrx_word' id='word_1_461' title='bbox 425 2177 527 2204; x_wconf 79' lang='lat' dir='ltr'><strong>divinis</strong></span> <span class='ocrx_word' id='word_1_462' title='bbox 542 2178 697 2213; x_wconf 69' lang='lat' dir='ltr'><strong>praeceptis.</strong></span> <span class='ocrx_word' id='word_1_463' title='bbox 717 2178 743 2205; x_wconf 92' lang='lat' dir='ltr'><strong>in</strong></span> <span class='ocrx_word' id='word_1_464' title='bbox 757 2179 858 2214; x_wconf 88' lang='lat' dir='ltr'><strong>quibus</strong></span> <span class='ocrx_word' id='word_1_465' title='bbox 877 2187 1054 2208; x_wconf 88' lang='lat' dir='ltr'><strong>commoran-</strong></span> 
     </span>
    </p>
   </div>
   <div class='ocr_carea' id='block_1_70' title="bbox 256 2217 1053 2261">
    <p class='ocr_par' dir='ltr' id='par_1_70' title="bbox 256 2217 1053 2261">
     <span class='ocr_line' id='line_1_70' title="bbox 256 2217 1053 2261; baseline 0.009 -15"><span class='ocrx_word' id='word_1_466' title='bbox 256 2223 302 2247; x_wconf 93' lang='lat' dir='ltr'><strong>tur</strong></span> <span class='ocrx_word' id='word_1_467' title='bbox 313 2222 452 2256; x_wconf 82' lang='lat' dir='ltr'><strong>sapientes</strong></span> <span class='ocrx_word' id='word_1_468' title='bbox 477 2222 660 2257; x_wconf 80' lang='lat' dir='ltr'><strong>cogitationes</strong></span> <span class='ocrx_word' id='word_1_469' title='bbox 690 2231 751 2258; x_wconf 78' lang='lat' dir='ltr'><strong>qua:</strong></span> <span class='ocrx_word' id='word_1_470' title='bbox 780 2217 903 2260; x_wconf 78' lang='lat' dir='ltr'><strong>legitime</strong></span> <span class='ocrx_word' id='word_1_471' title='bbox 929 2225 1053 2261; x_wconf 67' lang='lat' dir='ltr'><strong>praefatis</strong></span> 
     </span>
    </p>
   </div>
   <div class='ocr_carea' id='block_1_71' title="bbox 257 2267 536 2302">
    <p class='ocr_par' dir='ltr' id='par_1_71' title="bbox 257 2267 536 2302">
     <span class='ocr_line' id='line_1_71' title="bbox 257 2267 536 2302; baseline 0.011 -10"><span class='ocrx_word' id='word_1_472' title='bbox 257 2267 390 2301; x_wconf 75' lang='lat' dir='ltr'><strong>potentiis</strong></span> <span class='ocrx_word' id='word_1_473' title='bbox 405 2273 536 2302; x_wconf 65' lang='lat' dir='ltr'><strong>prazsunt.</strong></span> 
     </span>
    </p>
   </div>
   <div class='ocr_carea' id='block_1_72' title="bbox 1102 1669 1902 1707">
    <p class='ocr_par' dir='ltr' id='par_1_72' title="bbox 1102 1669 1902 1707">
     <span class='ocr_line' id='line_1_72' title="bbox 1102 1669 1902 1707; baseline -0.004 -8"><span class='ocrx_word' id='word_1_474' title='bbox 1102 1672 1154 1707; x_wconf 84' lang='grc' dir='ltr'>τῆς</span> <span class='ocrx_word' id='word_1_475' title='bbox 1182 1671 1231 1698; x_wconf 91' lang='grc' dir='ltr'><strong>τοῦ</strong></span> <span class='ocrx_word' id='word_1_476' title='bbox 1256 1671 1324 1698; x_wconf 85' lang='grc' dir='ltr'>Θεοῦ</span> <span class='ocrx_word' id='word_1_477' title='bbox 1350 1670 1481 1705; x_wconf 81' lang='grc' dir='ltr'>ἐντολῆς·</span> <span class='ocrx_word' id='word_1_478' title='bbox 1510 1670 1570 1697; x_wconf 77' lang='grc' dir='ltr'>ἀλλ’</span> <span class='ocrx_word' id='word_1_479' title='bbox 1589 1671 1619 1697; x_wconf 86' lang='grc' dir='ltr'><strong>ἐν</strong></span> <span class='ocrx_word' id='word_1_480' title='bbox 1643 1670 1684 1705; x_wconf 84' lang='grc' dir='ltr'>τῷ</span> <span class='ocrx_word' id='word_1_481' title='bbox 1710 1670 1827 1705; x_wconf 79' lang='grc' dir='ltr'>παρόντι</span> <span class='ocrx_word' id='word_1_482' title='bbox 1849 1669 1902 1704; x_wconf 72' lang='grc' dir='ltr'>τῆς</span> 
     </span>
    </p>
   </div>
   <div class='ocr_carea' id='block_1_73' title="bbox 1104 1715 1902 1753">
    <p class='ocr_par' dir='ltr' id='par_1_73' title="bbox 1104 1715 1902 1753">
     <span class='ocr_line' id='line_1_73' title="bbox 1104 1715 1902 1753; baseline -0.004 -9"><span class='ocrx_word' id='word_1_483' title='bbox 1104 1717 1236 1752; x_wconf 77' lang='grc' dir='ltr'>ἐργασίας</span> <span class='ocrx_word' id='word_1_484' title='bbox 1260 1716 1371 1753; x_wconf 83' lang='grc' dir='ltr'>καιρῷ,</span> <span class='ocrx_word' id='word_1_485' title='bbox 1400 1715 1546 1751; x_wconf 78' lang='grc' dir='ltr'>εὐτρέπιζε</span> <span class='ocrx_word' id='word_1_486' title='bbox 1575 1715 1684 1751; x_wconf 88' lang='grc' dir='ltr'>σεαυτῷ</span> <span class='ocrx_word' id='word_1_487' title='bbox 1717 1716 1768 1751; x_wconf 79' lang='grc' dir='ltr'>τὴν</span> <span class='ocrx_word' id='word_1_488' title='bbox 1803 1716 1843 1746; x_wconf 80' lang='grc' dir='ltr'>εἰς</span> <span class='ocrx_word' id='word_1_489' title='bbox 1871 1715 1902 1741; x_wconf 65' lang='grc' dir='ltr'>τὶ</span> 
     </span>
    </p>
   </div>
   <div class='ocr_carea' id='block_1_74' title="bbox 1104 1761 1902 1800">
    <p class='ocr_par' dir='ltr' id='par_1_74' title="bbox 1104 1761 1902 1800">
     <span class='ocr_line' id='line_1_74' title="bbox 1104 1761 1902 1800; baseline -0.004 -10"><span class='ocrx_word' id='word_1_490' title='bbox 1104 1763 1203 1800; x_wconf 82' lang='grc' dir='ltr'>μέλλον</span> <span class='ocrx_word' id='word_1_491' title='bbox 1231 1763 1400 1790; x_wconf 83' lang='grc' dir='ltr'>ἀπόλαυσιν·</span> <span class='ocrx_word' id='word_1_492' title='bbox 1426 1763 1474 1790; x_wconf 76' lang='grc' dir='ltr'>καὶ</span> <span class='ocrx_word' id='word_1_493' title='bbox 1501 1764 1530 1789; x_wconf 80' lang='grc' dir='ltr'><strong>ἐν</strong></span> <span class='ocrx_word' id='word_1_494' title='bbox 1559 1764 1619 1794; x_wconf 79' lang='grc' dir='ltr'>ταῖς</span> <span class='ocrx_word' id='word_1_495' title='bbox 1653 1762 1709 1788; x_wconf 83' lang='grc' dir='ltr'><strong>τῶν</strong></span> <span class='ocrx_word' id='word_1_496' title='bbox 1739 1761 1902 1797; x_wconf 80' lang='grc' dir='ltr'>πειρασμῶν</span> 
     </span>
    </p>
   </div>
   <div class='ocr_carea' id='block_1_75' title="bbox 1103 1807 1902 1846">
    <p class='ocr_par' dir='ltr' id='par_1_75' title="bbox 1103 1807 1902 1846">
     <span class='ocr_line' id='line_1_75' title="bbox 1103 1807 1902 1846; baseline -0.003 -10"><span class='ocrx_word' id='word_1_497' title='bbox 1103 1808 1281 1846; x_wconf 86' lang='grc' dir='ltr'>προσϐολαῖς,</span> <span class='ocrx_word' id='word_1_498' title='bbox 1308 1808 1362 1835; x_wconf 77' lang='grc' dir='ltr'><strong>ὑπὸ</strong></span> <span class='ocrx_word' id='word_1_499' title='bbox 1386 1808 1437 1843; x_wconf 87' lang='grc' dir='ltr'>τὴν</span> <span class='ocrx_word' id='word_1_500' title='bbox 1460 1807 1566 1843; x_wconf 81' lang='grc' dir='ltr'>σκέπην</span> <span class='ocrx_word' id='word_1_501' title='bbox 1593 1808 1642 1843; x_wconf 87' lang='grc' dir='ltr'>τῆς</span> <span class='ocrx_word' id='word_1_502' title='bbox 1673 1808 1772 1842; x_wconf 81' lang='grc' dir='ltr'>νοητῆς</span> <span class='ocrx_word' id='word_1_503' title='bbox 1797 1808 1902 1842; x_wconf 76' lang='grc' dir='ltr'>πέτρας</span> 
     </span>
    </p>
   </div>
   <div class='ocr_carea' id='block_1_76' title="bbox 1103 1852 1902 1891">
    <p class='ocr_par' dir='ltr' id='par_1_76' title="bbox 1103 1852 1902 1891">
     <span class='ocr_line' id='line_1_76' title="bbox 1103 1852 1902 1891; baseline -0.005 -8"><span class='ocrx_word' id='word_1_504' title='bbox 1103 1856 1257 1891; x_wconf 83' lang='grc' dir='ltr'>κατάφυγε,</span> <span class='ocrx_word' id='word_1_505' title='bbox 1275 1855 1336 1891; x_wconf 80' lang='grc' dir='ltr'>ἥτις</span> <span class='ocrx_word' id='word_1_506' title='bbox 1366 1855 1442 1881; x_wconf 77' lang='grc' dir='ltr'>ἐστὶν</span> <span class='ocrx_word' id='word_1_507' title='bbox 1464 1855 1479 1881; x_wconf 91' lang='lat'><strong>6</strong></span> <span class='ocrx_word' id='word_1_508' title='bbox 1506 1854 1641 1889; x_wconf 78' lang='grc' dir='ltr'>Χριστός¹</span> <span class='ocrx_word' id='word_1_509' title='bbox 1668 1854 1715 1880; x_wconf 73' lang='grc' dir='ltr'>καὶ</span> <span class='ocrx_word' id='word_1_510' title='bbox 1728 1852 1902 1885; x_wconf 78' lang='grc' dir='ltr'>αὒτεξούσιος</span> 
     </span>
    </p>
   </div>
   <div class='ocr_carea' id='block_1_77' title="bbox 1103 1898 1902 1936">
    <p class='ocr_par' dir='ltr' id='par_1_77' title="bbox 1103 1898 1902 1936">
     <span class='ocr_line' id='line_1_77' title="bbox 1103 1898 1902 1936; baseline -0.005 -7"><span class='ocrx_word' id='word_1_511' title='bbox 1103 1901 1153 1935; x_wconf 86' lang='grc' dir='ltr'>ὢν,</span> <span class='ocrx_word' id='word_1_512' title='bbox 1165 1902 1233 1928; x_wconf 77' lang='grc' dir='ltr'>ἐπου</span> <span class='ocrx_word' id='word_1_513' title='bbox 1246 1901 1286 1936; x_wconf 85' lang='grc' dir='ltr'>τῷ</span> <span class='ocrx_word' id='word_1_514' title='bbox 1300 1900 1367 1936; x_wconf 85' lang='grc' dir='ltr'>θείῳ</span> <span class='ocrx_word' id='word_1_515' title='bbox 1386 1900 1581 1936; x_wconf 78' lang='grc' dir='ltr'>προστάγματι</span> <span class='ocrx_word' id='word_1_516' title='bbox 1593 1907 1600 1915; x_wconf 90' lang='grc'><strong>·</strong></span> <span class='ocrx_word' id='word_1_517' title='bbox 1613 1899 1664 1935; x_wconf 84' lang='grc' dir='ltr'><strong>τὴν</strong></span> <span class='ocrx_word' id='word_1_518' title='bbox 1679 1898 1834 1926; x_wconf 76' lang='grc' dir='ltr'>πανοπλίαν</span> <span class='ocrx_word' id='word_1_519' title='bbox 1853 1898 1902 1925; x_wconf 76' lang='grc' dir='ltr'><strong>τοῦ</strong></span> 
     </span>
    </p>
   </div>
   <div class='ocr_carea' id='block_1_78' title="bbox 1104 1944 1902 1983">
    <p class='ocr_par' dir='ltr' id='par_1_78' title="bbox 1104 1944 1902 1983">
     <span class='ocr_line' id='line_1_78' title="bbox 1104 1944 1902 1983; baseline -0.005 -8"><span class='ocrx_word' id='word_1_520' title='bbox 1104 1947 1265 1983; x_wconf 79' lang='grc' dir='ltr'>Πνεῦματος</span> <span class='ocrx_word' id='word_1_521' title='bbox 1291 1947 1495 1982; x_wconf 84' lang='grc' dir='ltr'>ἐνδυσάμενος,</span> <span class='ocrx_word' id='word_1_522' title='bbox 1521 1946 1572 1973; x_wconf 74' lang='grc' dir='ltr'>καὶ</span> <span class='ocrx_word' id='word_1_523' title='bbox 1589 1945 1731 1977; x_wconf 76' lang='grc' dir='ltr'>εὐτάκτως</span> <span class='ocrx_word' id='word_1_524' title='bbox 1759 1944 1798 1980; x_wconf 88' lang='grc' dir='ltr'>τῷ</span> <span class='ocrx_word' id='word_1_525' title='bbox 1820 1945 1902 1981; x_wconf 82' lang='grc' dir='ltr'>ἀρχι-</span> 
     </span>
    </p>
   </div>
   <div class='ocr_carea' id='block_1_79' title="bbox 1104 1991 1901 2029">
    <p class='ocr_par' dir='ltr' id='par_1_79' title="bbox 1104 1991 1901 2029">
     <span class='ocr_line' id='line_1_79' title="bbox 1104 1991 1901 2029; baseline -0.004 -8"><span class='ocrx_word' id='word_1_526' title='bbox 1104 1993 1182 2029; x_wconf 85' lang='grc' dir='ltr'>κάκῳ</span> <span class='ocrx_word' id='word_1_527' title='bbox 1194 1993 1285 2029; x_wconf 84' lang='grc' dir='ltr'>ἐχθρῷ</span> <span class='ocrx_word' id='word_1_528' title='bbox 1303 1992 1570 2028; x_wconf 79' lang='grc' dir='ltr'>ἀνταγωνιζόμενος,</span> <span class='ocrx_word' id='word_1_529' title='bbox 1584 1993 1614 2018; x_wconf 83' lang='grc' dir='ltr'><strong>ἐν</strong></span> <span class='ocrx_word' id='word_1_530' title='bbox 1628 1992 1667 2027; x_wconf 84' lang='grc' dir='ltr'>τῷ</span> <span class='ocrx_word' id='word_1_531' title='bbox 1680 1991 1792 2027; x_wconf 87' lang='grc' dir='ltr'>πρῶτον</span> <span class='ocrx_word' id='word_1_532' title='bbox 1805 1992 1855 2027; x_wconf 91' lang='grc' dir='ltr'><strong>μέν</strong></span> <span class='ocrx_word' id='word_1_533' title='bbox 1871 1999 1901 2018; x_wconf 86' lang='grc' dir='ltr'><strong>σε</strong></span> 
     </span>
    </p>
   </div>
   <div class='ocr_carea' id='block_1_80' title="bbox 1103 2037 1901 2076">
    <p class='ocr_par' dir='ltr' id='par_1_80' title="bbox 1103 2037 1901 2076">
     <span class='ocr_line' id='line_1_80' title="bbox 1103 2037 1901 2076; baseline -0.004 -9"><span class='ocrx_word' id='word_1_534' title='bbox 1103 2040 1144 2076; x_wconf 81' lang='grc' dir='ltr'>τῷ</span> <span class='ocrx_word' id='word_1_535' title='bbox 1162 2039 1209 2067; x_wconf 85' lang='grc' dir='ltr'><strong>τοῦ</strong></span> <span class='ocrx_word' id='word_1_536' title='bbox 1222 2040 1291 2066; x_wconf 85' lang='grc' dir='ltr'>Θεοῦ</span> <span class='ocrx_word' id='word_1_537' title='bbox 1302 2039 1378 2074; x_wconf 86' lang='grc' dir='ltr'>φόϐῳ</span> <span class='ocrx_word' id='word_1_538' title='bbox 1391 2037 1577 2074; x_wconf 77' lang='grc' dir='ltr'>καθαίρεσθαι</span> <span class='ocrx_word' id='word_1_539' title='bbox 1589 2046 1596 2054; x_wconf 73' lang='grc' dir='ltr'><strong>ο</strong></span> <span class='ocrx_word' id='word_1_540' title='bbox 1609 2038 1708 2065; x_wconf 75' lang='grc' dir='ltr'>ἔπειτα</span> <span class='ocrx_word' id='word_1_541' title='bbox 1724 2038 1753 2065; x_wconf 83' lang='grc' dir='ltr'>δὲ</span> <span class='ocrx_word' id='word_1_542' title='bbox 1765 2040 1798 2073; x_wconf 88' lang='grc' dir='ltr'>τῇ</span> <span class='ocrx_word' id='word_1_543' title='bbox 1813 2037 1901 2065; x_wconf 76' lang='grc' dir='ltr'>ἐλπίδι</span> 
     </span>
    </p>
   </div>
   <div class='ocr_carea' id='block_1_81' title="bbox 1104 2084 1901 2122">
    <p class='ocr_par' dir='ltr' id='par_1_81' title="bbox 1104 2084 1901 2122">
     <span class='ocr_line' id='line_1_81' title="bbox 1104 2084 1901 2122; baseline -0.005 -8"><span class='ocrx_word' id='word_1_544' title='bbox 1104 2087 1158 2114; x_wconf 85' lang='grc' dir='ltr'><strong>τῶν</strong></span> <span class='ocrx_word' id='word_1_545' title='bbox 1176 2086 1331 2122; x_wconf 85' lang='grc' dir='ltr'>μελλόντων</span> <span class='ocrx_word' id='word_1_546' title='bbox 1357 2085 1469 2119; x_wconf 84' lang='grc' dir='ltr'>ἀγαθῶν</span> <span class='ocrx_word' id='word_1_547' title='bbox 1494 2084 1675 2120; x_wconf 79' lang='grc' dir='ltr'>φωτίζεσθαι,</span> <span class='ocrx_word' id='word_1_548' title='bbox 1698 2085 1746 2111; x_wconf 80' lang='grc' dir='ltr'>καὶ</span> <span class='ocrx_word' id='word_1_549' title='bbox 1769 2084 1842 2111; x_wconf 72' lang='grc' dir='ltr'>οὕτω</span> <span class='ocrx_word' id='word_1_550' title='bbox 1867 2085 1901 2120; x_wconf 82' lang='grc' dir='ltr'><strong>τῇ</strong></span> 
     </span>
    </p>
   </div>
   <div class='ocr_carea' id='block_1_82' title="bbox 1104 2131 1902 2169">
    <p class='ocr_par' dir='ltr' id='par_1_82' title="bbox 1104 2131 1902 2169">
     <span class='ocr_line' id='line_1_82' title="bbox 1104 2131 1902 2169; baseline -0.003 -9"><span class='ocrx_word' id='word_1_551' title='bbox 1104 2133 1200 2169; x_wconf 77' lang='grc' dir='ltr'>ἀγάπῃ</span> <span class='ocrx_word' id='word_1_552' title='bbox 1215 2131 1340 2167; x_wconf 85' lang='grc' dir='ltr'>γίνεσθαι</span> <span class='ocrx_word' id='word_1_553' title='bbox 1361 2131 1484 2158; x_wconf 85' lang='grc' dir='ltr'>τέλειον·</span> <span class='ocrx_word' id='word_1_554' title='bbox 1508 2131 1556 2157; x_wconf 74' lang='grc' dir='ltr'>καὶ</span> <span class='ocrx_word' id='word_1_555' title='bbox 1575 2131 1636 2162; x_wconf 84' lang='grc' dir='ltr'>ταῖς</span> <span class='ocrx_word' id='word_1_556' title='bbox 1661 2131 1831 2165; x_wconf 78' lang='grc' dir='ltr'>πρακτικαῖς</span> <span class='ocrx_word' id='word_1_557' title='bbox 1852 2131 1902 2164; x_wconf 79' lang='grc' dir='ltr'>τῆς</span> 
     </span>
    </p>
   </div>
   <div class='ocr_carea' id='block_1_83' title="bbox 1103 2173 1902 2215">
    <p class='ocr_par' dir='ltr' id='par_1_83' title="bbox 1103 2173 1902 2215">
     <span class='ocr_line' id='line_1_83' title="bbox 1103 2173 1902 2215; baseline -0.004 -10"><span class='ocrx_word' id='word_1_558' title='bbox 1103 2179 1194 2215; x_wconf 72' lang='grc' dir='ltr'>ψυχῆς</span> <span class='ocrx_word' id='word_1_559' title='bbox 1205 2178 1350 2214; x_wconf 84' lang='grc' dir='ltr'>δυνάμεσι,</span> <span class='ocrx_word' id='word_1_560' title='bbox 1369 2179 1403 2213; x_wconf 85' lang='grc' dir='ltr'><strong>τῇ</strong></span> <span class='ocrx_word' id='word_1_561' title='bbox 1419 2186 1448 2204; x_wconf 87' lang='grc' dir='ltr'><strong>τε</strong></span> <span class='ocrx_word' id='word_1_562' title='bbox 1466 2176 1602 2212; x_wconf 83' lang='grc' dir='ltr'>ἐπιθυμίᾳ</span> <span class='ocrx_word' id='word_1_563' title='bbox 1623 2177 1671 2203; x_wconf 60' lang='grc' dir='ltr'><strong>κα)⁵</strong></span> <span class='ocrx_word' id='word_1_564' title='bbox 1687 2176 1728 2212; x_wconf 78' lang='grc' dir='ltr'><strong>τῷ</strong></span> <span class='ocrx_word' id='word_1_565' title='bbox 1745 2175 1838 2211; x_wconf 79' lang='grc' dir='ltr'>θυμῷ,</span> <span class='ocrx_word' id='word_1_566' title='bbox 1857 2173 1902 2202; x_wconf 72' lang='grc' dir='ltr'>οἶά</span> 
     </span>
    </p>
   </div>
   <div class='ocr_carea' id='block_1_84' title="bbox 1104 2221 1901 2260">
    <p class='ocr_par' dir='ltr' id='par_1_84' title="bbox 1104 2221 1901 2260">
     <span class='ocr_line' id='line_1_84' title="bbox 1104 2221 1901 2260; baseline -0.005 -8"><span class='ocrx_word' id='word_1_567' title='bbox 1104 2233 1160 2252; x_wconf 83' lang='grc' dir='ltr'>τισι</span> <span class='ocrx_word' id='word_1_568' title='bbox 1175 2225 1256 2260; x_wconf 81' lang='grc' dir='ltr'>χερσὶ</span> <span class='ocrx_word' id='word_1_569' title='bbox 1281 2223 1490 2260; x_wconf 77' lang='grc' dir='ltr'>στηριζόμενος,</span> <span class='ocrx_word' id='word_1_570' title='bbox 1508 2222 1601 2254; x_wconf 87' lang='grc' dir='ltr'>καλῶς</span> <span class='ocrx_word' id='word_1_571' title='bbox 1625 2222 1700 2257; x_wconf 78' lang='grc' dir='ltr'>βαῖνε</span> <span class='ocrx_word' id='word_1_572' title='bbox 1721 2222 1765 2248; x_wconf 77' lang='grc' dir='ltr'><strong>διὰ</strong></span> <span class='ocrx_word' id='word_1_573' title='bbox 1781 2221 1837 2248; x_wconf 81' lang='grc' dir='ltr'><strong>τῶν</strong></span> <span class='ocrx_word' id='word_1_574' title='bbox 1854 2221 1901 2248; x_wconf 85' lang='grc' dir='ltr'><strong>τοῦ</strong></span> 
     </span>
    </p>
   </div>
   <div class='ocr_carea' id='block_1_85' title="bbox 1107 2268 1902 2305">
    <p class='ocr_par' dir='ltr' id='par_1_85' title="bbox 1107 2268 1902 2305">
     <span class='ocr_line' id='line_1_85' title="bbox 1107 2268 1902 2305; baseline -0.004 -7"><span class='ocrx_word' id='word_1_575' title='bbox 1107 2271 1176 2298; x_wconf 87' lang='grc' dir='ltr'>Θεοῦ</span> <span class='ocrx_word' id='word_1_576' title='bbox 1203 2270 1337 2298; x_wconf 89' lang='grc' dir='ltr'>ἐντολῶν·</span> <span class='ocrx_word' id='word_1_577' title='bbox 1366 2270 1400 2297; x_wconf 80' lang='grc' dir='ltr'><strong>ἶν’</strong></span> <span class='ocrx_word' id='word_1_578' title='bbox 1423 2270 1448 2296; x_wconf 80' lang='lat' dir='ltr'><strong>ei</strong></span> <span class='ocrx_word' id='word_1_579' title='bbox 1469 2269 1518 2297; x_wconf 72' lang='grc' dir='ltr'>καὶ.</span> <span class='ocrx_word' id='word_1_580' title='bbox 1542 2269 1678 2305; x_wconf 80' lang='grc' dir='ltr'>ὑπάρχεις</span> <span class='ocrx_word' id='word_1_581' title='bbox 1701 2268 1839 2301; x_wconf 77' lang='grc' dir='ltr'>εὐάλωτος</span> <span class='ocrx_word' id='word_1_582' title='bbox 1864 2268 1902 2303; x_wconf 82' lang='grc' dir='ltr'>τῷ</span> 
     </span>
    </p>
   </div>
   <div class='ocr_carea' id='block_1_86' title="bbox 255 2312 1900 2354">
    <p class='ocr_par' dir='ltr' id='par_1_86' title="bbox 255 2312 1900 2354">
     <span class='ocr_line' id='line_1_86' title="bbox 255 2312 1900 2354; baseline 0.002 -14"><span class='ocrx_word' id='word_1_583' title='bbox 255 2313 344 2349; x_wconf 85' lang='grc' dir='ltr'>ἐχθρῷ</span> <span class='ocrx_word' id='word_1_584' title='bbox 358 2313 402 2340; x_wconf 79' lang='grc' dir='ltr'><strong>διὰ</strong></span> <span class='ocrx_word' id='word_1_585' title='bbox 416 2314 465 2350; x_wconf 75' lang='grc' dir='ltr'>τὴν</span> <span class='ocrx_word' id='word_1_586' title='bbox 479 2314 622 2343; x_wconf 79' lang='grc' dir='ltr'>ἀσθένειαν</span> <span class='ocrx_word' id='word_1_587' title='bbox 632 2315 682 2350; x_wconf 82' lang='grc' dir='ltr'>τῆς</span> <span class='ocrx_word' id='word_1_588' title='bbox 694 2315 806 2351; x_wconf 78' lang='grc' dir='ltr'>σαρκὸς,</span> <span class='ocrx_word' id='word_1_589' title='bbox 822 2317 1049 2349; x_wconf 84' lang='grc' dir='ltr'>ἀνεπιϐούλευτος</span> <span class='ocrx_word' id='word_1_590' title='bbox 1064 2318 1139 2354; x_wconf 75' lang='grc' dir='ltr'>αὐτῷ</span> <span class='ocrx_word' id='word_1_591' title='bbox 1154 2317 1288 2354; x_wconf 84' lang='grc' dir='ltr'>διαμένῃς</span> <span class='ocrx_word' id='word_1_592' title='bbox 1306 2317 1335 2344; x_wconf 79' lang='grc' dir='ltr'>ὲν</span> <span class='ocrx_word' id='word_1_593' title='bbox 1349 2317 1407 2348; x_wconf 84' lang='grc' dir='ltr'>τοῖς</span> <span class='ocrx_word' id='word_1_594' title='bbox 1421 2316 1506 2348; x_wconf 84' lang='grc' dir='ltr'>θείοις</span> <span class='ocrx_word' id='word_1_595' title='bbox 1538 2315 1751 2351; x_wconf 81' lang='grc' dir='ltr'>προστάγμασιν</span> <span class='ocrx_word' id='word_1_596' title='bbox 1763 2322 1771 2330; x_wconf 85' lang='grc'><strong>”</strong></span> <span class='ocrx_word' id='word_1_597' title='bbox 1794 2315 1826 2342; x_wconf 82' lang='grc' dir='ltr'><strong>ἐν</strong></span> <span class='ocrx_word' id='word_1_598' title='bbox 1858 2312 1900 2344; x_wconf 75' lang='grc' dir='ltr'>οἷς</span> 
     </span>
    </p>
   </div>
   <div class='ocr_carea' id='block_1_87' title="bbox 255 2360 1644 2399">
    <p class='ocr_par' dir='ltr' id='par_1_87' title="bbox 255 2360 1644 2399">
     <span class='ocr_line' id='line_1_87' title="bbox 255 2360 1644 2399; baseline 0.001 -11"><span class='ocrx_word' id='word_1_599' title='bbox 255 2361 447 2397; x_wconf 83' lang='grc' dir='ltr'>παραμένουσι</span> <span class='ocrx_word' id='word_1_600' title='bbox 461 2361 508 2388; x_wconf 79' lang='grc' dir='ltr'>καὶ</span> <span class='ocrx_word' id='word_1_601' title='bbox 527 2361 551 2388; x_wconf 83' lang='grc' dir='ltr'>οἱ</span> <span class='ocrx_word' id='word_1_602' title='bbox 565 2361 776 2393; x_wconf 83' lang='grc' dir='ltr'>ἐπιστατοῦντες</span> <span class='ocrx_word' id='word_1_603' title='bbox 794 2362 916 2397; x_wconf 78' lang='grc' dir='ltr'>ἐννόμως</span> <span class='ocrx_word' id='word_1_604' title='bbox 931 2364 990 2395; x_wconf 88' lang='grc' dir='ltr'>ταῖς</span> <span class='ocrx_word' id='word_1_605' title='bbox 1006 2363 1170 2399; x_wconf 78' lang='grc' dir='ltr'>εἰρημέναις</span> <span class='ocrx_word' id='word_1_606' title='bbox 1182 2363 1332 2399; x_wconf 78' lang='grc' dir='ltr'>δυνάμεσιν</span> <span class='ocrx_word' id='word_1_607' title='bbox 1346 2361 1485 2398; x_wconf 78' lang='grc' dir='ltr'>ἔμφρονες</span> <span class='ocrx_word' id='word_1_608' title='bbox 1502 2360 1644 2396; x_wconf 83' lang='grc' dir='ltr'>λογισμοί.</span> 
     </span>
    </p>
   </div>
   <div class='ocr_carea' id='block_1_88' title="bbox 283 2413 1051 2456">
    <p class='ocr_par' dir='ltr' id='par_1_88' title="bbox 283 2418 1051 2456">
     <span class='ocr_line' id='line_1_88' title="bbox 283 2418 1051 2456; baseline 0.001 -10"><span class='ocrx_word' id='word_1_609' title='bbox 283 2418 364 2447; x_wconf 76' lang='lat' dir='ltr'><strong>Vens.</strong></span> <span class='ocrx_word' id='word_1_610' title='bbox 373 2419 420 2451; x_wconf 74' lang='lat'><strong>9.9,</strong></span> <span class='ocrx_word' id='word_1_611' title='bbox 427 2419 472 2447; x_wconf 78' lang='grc'><strong>50.</strong></span> <span class='ocrx_word' id='word_1_612' title='bbox 486 2419 547 2446; x_wconf 82' lang='grc' dir='ltr'><strong>Τνία</strong></span> <span class='ocrx_word' id='word_1_613' title='bbox 555 2424 616 2446; x_wconf 75' lang='lat' dir='ltr'><strong>sunt</strong></span> <span class='ocrx_word' id='word_1_614' title='bbox 624 2427 682 2454; x_wconf 68' lang='lat' dir='ltr'><strong>quae</strong></span> <span class='ocrx_word' id='word_1_615' title='bbox 690 2420 751 2446; x_wconf 84' lang='lat' dir='ltr'><strong>bene</strong></span> <span class='ocrx_word' id='word_1_616' title='bbox 759 2419 931 2454; x_wconf 85' lang='lat' dir='ltr'><strong>gradiuntur,</strong></span> <span class='ocrx_word' id='word_1_617' title='bbox 941 2425 965 2447; x_wconf 88' lang='lat' dir='ltr'><strong>et</strong></span> <span class='ocrx_word' id='word_1_618' title='bbox 973 2428 1051 2456; x_wconf 59' lang='lat' dir='ltr'><strong>quan</strong></span> 
     </span>
    </p>
   </div>
   <div class='ocr_carea' id='block_1_89' title="bbox 1103 2413 1900 2456">
    <p class='ocr_par' dir='ltr' id='par_1_89' title="bbox 1141 2418 1900 2455">
     <span class='ocr_line' id='line_1_89' title="bbox 1141 2418 1900 2455; baseline -0.003 -7"><span class='ocrx_word' id='word_1_619' title='bbox 1141 2420 1237 2454; x_wconf 85' lang='grc' dir='ltr'>κθ’,λ’.</span> <span class='ocrx_word' id='word_1_620' title='bbox 1256 2421 1326 2455; x_wconf 80' lang='grc' dir='ltr'>Τρία</span> <span class='ocrx_word' id='word_1_621' title='bbox 1343 2419 1378 2447; x_wconf 75' lang='grc' dir='ltr'><strong>δέ</strong></span> <span class='ocrx_word' id='word_1_622' title='bbox 1388 2420 1476 2447; x_wconf 83' lang='grc' dir='ltr'>ἐστιν</span> <span class='ocrx_word' id='word_1_623' title='bbox 1494 2418 1514 2447; x_wconf 80' lang='grc' dir='ltr'>ἅ</span> <span class='ocrx_word' id='word_1_624' title='bbox 1527 2419 1640 2452; x_wconf 81' lang='grc' dir='ltr'>εὐόδως</span> <span class='ocrx_word' id='word_1_625' title='bbox 1656 2418 1828 2453; x_wconf 81' lang='grc' dir='ltr'>πορεύεται,</span> <span class='ocrx_word' id='word_1_626' title='bbox 1851 2419 1900 2446; x_wconf 74' lang='grc' dir='ltr'>καὶ</span> 
     </span>
    </p>
   </div>
   <div class='ocr_carea' id='block_1_90' title="bbox 255 2464 1048 2500">
    <p class='ocr_par' dir='ltr' id='par_1_90' title="bbox 255 2464 1048 2500">
     <span class='ocr_line' id='line_1_90' title="bbox 255 2464 1048 2500; baseline 0.001 -9"><span class='ocrx_word' id='word_1_627' title='bbox 255 2466 391 2500; x_wconf 76' lang='lat' dir='ltr'><strong>(autquod</strong></span> <span class='ocrx_word' id='word_1_628' title='bbox 404 2465 500 2492; x_wconf 79' lang='lat' dir='ltr'><strong>incedit</strong></span> <span class='ocrx_word' id='word_1_629' title='bbox 511 2465 645 2500; x_wconf 81' lang='lat' dir='ltr'><strong>feliciter:</strong></span> <span class='ocrx_word' id='word_1_630' title='bbox 663 2464 775 2492; x_wconf 70' lang='lat' dir='ltr'><strong>Catulus</strong></span> <span class='ocrx_word' id='word_1_631' title='bbox 787 2465 870 2492; x_wconf 75' lang='lat' dir='ltr'><strong>leonis</strong></span> <span class='ocrx_word' id='word_1_632' title='bbox 883 2465 1048 2500; x_wconf 67' lang='lat' dir='ltr'><strong>fortissimus</strong></span> 
     </span>
    </p>
   </div>
   <div class='ocr_carea' id='block_1_91' title="bbox 255 2511 1047 2546">
    <p class='ocr_par' dir='ltr' id='par_1_91' title="bbox 255 2511 1047 2546">
     <span class='ocr_line' id='line_1_91' title="bbox 255 2511 1047 2546; baseline 0.001 -9"><span class='ocrx_word' id='word_1_633' title='bbox 255 2511 411 2544; x_wconf 71' lang='lat' dir='ltr'><strong>bestiarum,</strong></span> <span class='ocrx_word' id='word_1_634' title='bbox 424 2512 468 2546; x_wconf 85' lang='lat' dir='ltr'><strong>qui</strong></span> <span class='ocrx_word' id='word_1_635' title='bbox 491 2520 543 2539; x_wconf 82' lang='lat' dir='ltr'><strong>non</strong></span> <span class='ocrx_word' id='word_1_636' title='bbox 556 2511 685 2538; x_wconf 81' lang='lat' dir='ltr'><strong>avertitur</strong></span> <span class='ocrx_word' id='word_1_637' title='bbox 709 2519 790 2546; x_wconf 83' lang='lat' dir='ltr'><strong>neque</strong></span> <span class='ocrx_word' id='word_1_638' title='bbox 807 2511 897 2538; x_wconf 81' lang='lat' dir='ltr'><strong>horret</strong></span> <span class='ocrx_word' id='word_1_639' title='bbox 924 2511 1047 2538; x_wconf 73' lang='lat' dir='ltr'><strong>bestiam.</strong></span> 
     </span>
    </p>
   </div>
   <div class='ocr_carea' id='block_1_92' title="bbox 254 2557 1049 2592">
    <p class='ocr_par' dir='ltr' id='par_1_92' title="bbox 254 2557 1049 2592">
     <span class='ocr_line' id='line_1_92' title="bbox 254 2557 1049 2592; baseline 0.003 -9"><span class='ocrx_word' id='word_1_640' title='bbox 254 2557 491 2590; x_wconf 81' lang='lat' dir='ltr'><strong>Quemadmodum</strong></span> <span class='ocrx_word' id='word_1_641' title='bbox 508 2557 560 2584; x_wconf 90' lang='lat' dir='ltr'><strong>tria</strong></span> <span class='ocrx_word' id='word_1_642' title='bbox 582 2557 640 2584; x_wconf 63' lang='lat' dir='ltr'><strong>huic</strong></span> <span class='ocrx_word' id='word_1_643' title='bbox 663 2557 724 2584; x_wconf 87' lang='lat' dir='ltr'><strong>sine</strong></span> <span class='ocrx_word' id='word_1_644' title='bbox 744 2557 892 2585; x_wconf 89' lang='lat' dir='ltr'><strong>obstaculo</strong></span> <span class='ocrx_word' id='word_1_645' title='bbox 917 2558 1049 2592; x_wconf 81' lang='lat' dir='ltr'><strong>gradiun-</strong></span> 
     </span>
    </p>
   </div>
   <div class='ocr_carea' id='block_1_93' title="bbox 255 2603 1050 2638">
    <p class='ocr_par' dir='ltr' id='par_1_93' title="bbox 255 2603 1050 2638">
     <span class='ocr_line' id='line_1_93' title="bbox 255 2603 1050 2638; baseline 0.003 -8"><span class='ocrx_word' id='word_1_646' title='bbox 255 2610 310 2634; x_wconf 77' lang='lat' dir='ltr'><strong>tur.</strong></span> <span class='ocrx_word' id='word_1_647' title='bbox 322 2607 349 2630; x_wconf 81' lang='lat' dir='ltr'><strong>et</strong></span> <span class='ocrx_word' id='word_1_648' title='bbox 362 2607 489 2638; x_wconf 82' lang='lat' dir='ltr'><strong>quartum</strong></span> <span class='ocrx_word' id='word_1_649' title='bbox 508 2603 624 2631; x_wconf 82' lang='lat' dir='ltr'><strong>feliciter</strong></span> <span class='ocrx_word' id='word_1_650' title='bbox 636 2604 738 2631; x_wconf 79' lang='lat' dir='ltr'><strong>incedit</strong></span> <span class='ocrx_word' id='word_1_651' title='bbox 754 2613 760 2631; x_wconf 94' lang='lat'><strong>:</strong></span> <span class='ocrx_word' id='word_1_652' title='bbox 779 2608 805 2632; x_wconf 84' lang='lat' dir='ltr'><strong>et</strong></span> <span class='ocrx_word' id='word_1_653' title='bbox 825 2604 933 2631; x_wconf 86' lang='lat' dir='ltr'><strong>catulus</strong></span> <span class='ocrx_word' id='word_1_654' title='bbox 950 2604 1050 2635; x_wconf 78' lang='lat' dir='ltr'><strong>leonis.</strong></span> 
     </span>
    </p>
   </div>
   <div class='ocr_carea' id='block_1_94' title="bbox 254 2649 1050 2686">
    <p class='ocr_par' dir='ltr' id='par_1_94' title="bbox 254 2649 1050 2686">
     <span class='ocr_line' id='line_1_94' title="bbox 254 2649 1050 2686; baseline 0.003 -10"><span class='ocrx_word' id='word_1_655' title='bbox 254 2649 424 2677; x_wconf 77' lang='lat' dir='ltr'><strong>fortissimus</strong></span> <span class='ocrx_word' id='word_1_656' title='bbox 452 2649 604 2677; x_wconf 85' lang='lat' dir='ltr'><strong>bestiarqu</strong></span> <span class='ocrx_word' id='word_1_657' title='bbox 635 2658 668 2677; x_wconf 84' lang='lat' dir='ltr'><strong>ac</strong></span> <span class='ocrx_word' id='word_1_658' title='bbox 680 2650 714 2677; x_wconf 90' lang='lat' dir='ltr'><strong>ab</strong></span> <span class='ocrx_word' id='word_1_659' title='bbox 731 2649 824 2685; x_wconf 82' lang='lat' dir='ltr'><strong>aliqua</strong></span> <span class='ocrx_word' id='word_1_660' title='bbox 849 2650 938 2678; x_wconf 84' lang='lat' dir='ltr'><strong>bestia</strong></span> <span class='ocrx_word' id='word_1_661' title='bbox 959 2658 1050 2686; x_wconf 92' lang='lat' dir='ltr'><strong>neque</strong></span> 
     </span>
    </p>
   </div>
   <div class='ocr_carea' id='block_1_95' title="bbox 256 2694 1050 2731">
    <p class='ocr_par' dir='ltr' id='par_1_95' title="bbox 256 2694 1050 2731">
     <span class='ocr_line' id='line_1_95' title="bbox 256 2694 1050 2731; baseline 0.004 -10"><span class='ocrx_word' id='word_1_662' title='bbox 256 2694 368 2722; x_wconf 84' lang='lat' dir='ltr'><strong>territus</strong></span> <span class='ocrx_word' id='word_1_663' title='bbox 389 2702 479 2729; x_wconf 89' lang='lat' dir='ltr'><strong>neque</strong></span> <span class='ocrx_word' id='word_1_664' title='bbox 493 2695 584 2722; x_wconf 84' lang='lat' dir='ltr'><strong>victus</strong></span> <span class='ocrx_word' id='word_1_665' title='bbox 600 2703 607 2728; x_wconf 87' lang='lat'><strong>;</strong></span> <span class='ocrx_word' id='word_1_666' title='bbox 625 2699 652 2722; x_wconf 89' lang='lat' dir='ltr'><strong>et</strong></span> <span class='ocrx_word' id='word_1_667' title='bbox 677 2696 765 2730; x_wconf 80' lang='lat' dir='ltr'><strong>gallus</strong></span> <span class='ocrx_word' id='word_1_668' title='bbox 784 2695 949 2731; x_wconf 85' lang='lat' dir='ltr'><strong>impavidus,</strong></span> <span class='ocrx_word' id='word_1_669' title='bbox 976 2696 1050 2724; x_wconf 88' lang='lat' dir='ltr'><strong>inter</strong></span> 
     </span>
    </p>
   </div>
   <div class='ocr_carea' id='block_1_96' title="bbox 255 2741 1050 2779">
    <p class='ocr_par' dir='ltr' id='par_1_96' title="bbox 255 2741 1050 2779">
     <span class='ocr_line' id='line_1_96' title="bbox 255 2741 1050 2779; baseline 0.004 -12"><span class='ocrx_word' id='word_1_670' title='bbox 255 2741 372 2776; x_wconf 76' lang='lat' dir='ltr'><strong>gallinas</strong></span> <span class='ocrx_word' id='word_1_671' title='bbox 387 2741 588 2775; x_wconf 86' lang='lat' dir='ltr'><strong>deambulans;</strong></span> <span class='ocrx_word' id='word_1_672' title='bbox 606 2746 632 2769; x_wconf 88' lang='lat' dir='ltr'><strong>et</strong></span> <span class='ocrx_word' id='word_1_673' title='bbox 655 2741 750 2770; x_wconf 80' lang='lat' dir='ltr'><strong>hircus</strong></span> <span class='ocrx_word' id='word_1_674' title='bbox 765 2749 924 2778; x_wconf 87' lang='lat' dir='ltr'><strong>caprarum,</strong></span> <span class='ocrx_word' id='word_1_675' title='bbox 939 2751 1050 2779; x_wconf 77' lang='lat' dir='ltr'><strong>gregem</strong></span> 
     </span>
    </p>
   </div>
   <div class='ocr_carea' id='block_1_97' title="bbox 255 2787 1051 2824">
    <p class='ocr_par' dir='ltr' id='par_1_97' title="bbox 255 2787 1051 2824">
     <span class='ocr_line' id='line_1_97' title="bbox 255 2787 1051 2824; baseline 0.003 -10"><span class='ocrx_word' id='word_1_676' title='bbox 255 2789 282 2815; x_wconf 92' lang='lat' dir='ltr'><strong>in</strong></span> <span class='ocrx_word' id='word_1_677' title='bbox 301 2787 355 2815; x_wconf 84' lang='lat' dir='ltr'><strong>alta</strong></span> <span class='ocrx_word' id='word_1_678' title='bbox 384 2787 442 2814; x_wconf 89' lang='lat' dir='ltr'><strong>loca</strong></span> <span class='ocrx_word' id='word_1_679' title='bbox 463 2787 495 2813; x_wconf 89' lang='lat' dir='ltr'><strong>ad</strong></span> <span class='ocrx_word' id='word_1_680' title='bbox 514 2787 611 2822; x_wconf 83' lang='lat' dir='ltr'><strong>pabula</strong></span> <span class='ocrx_word' id='word_1_681' title='bbox 635 2787 787 2821; x_wconf 88' lang='lat' dir='ltr'><strong>deducens;</strong></span> <span class='ocrx_word' id='word_1_682' title='bbox 819 2787 934 2824; x_wconf 88' lang='lat' dir='ltr'><strong>insuper</strong></span> <span class='ocrx_word' id='word_1_683' title='bbox 951 2792 979 2816; x_wconf 89' lang='lat' dir='ltr'><strong>et</strong></span> <span class='ocrx_word' id='word_1_684' title='bbox 1002 2796 1051 2816; x_wconf 83' lang='lat' dir='ltr'><strong>rex</strong></span> 
     </span>
    </p>
   </div>
   <div class='ocr_carea' id='block_1_98' title="bbox 255 2833 1051 2870">
    <p class='ocr_par' dir='ltr' id='par_1_98' title="bbox 255 2833 1051 2870">
     <span class='ocr_line' id='line_1_98' title="bbox 255 2833 1051 2870; baseline 0.003 -9"><span class='ocrx_word' id='word_1_685' title='bbox 255 2834 386 2870; x_wconf 87' lang='lat' dir='ltr'><strong>populum</strong></span> <span class='ocrx_word' id='word_1_686' title='bbox 406 2833 571 2869; x_wconf 82' lang='lat' dir='ltr'><strong>sibimetipsi</strong></span> <span class='ocrx_word' id='word_1_687' title='bbox 599 2833 737 2861; x_wconf 88' lang='lat' dir='ltr'><strong>subditum</strong></span> <span class='ocrx_word' id='word_1_688' title='bbox 762 2834 884 2868; x_wconf 83' lang='lat' dir='ltr'><strong>docens;</strong></span> <span class='ocrx_word' id='word_1_689' title='bbox 907 2835 944 2862; x_wconf 84' lang='lat' dir='ltr'><strong>ita</strong></span> <span class='ocrx_word' id='word_1_690' title='bbox 959 2843 1051 2863; x_wconf 78' lang='lat' dir='ltr'><strong>sermo</strong></span> 
     </span>
    </p>
   </div>
   <div class='ocr_carea' id='block_1_99' title="bbox 254 2878 1047 2915">
    <p class='ocr_par' dir='ltr' id='par_1_99' title="bbox 254 2878 1047 2915">
     <span class='ocr_line' id='line_1_99' title="bbox 254 2878 1047 2915; baseline 0.003 -9"><span class='ocrx_word' id='word_1_691' title='bbox 254 2880 301 2915; x_wconf 87' lang='lat' dir='ltr'><strong>qui</strong></span> <span class='ocrx_word' id='word_1_692' title='bbox 320 2887 336 2908; x_wconf 87' lang='lat' dir='ltr'><strong>e</strong></span> <span class='ocrx_word' id='word_1_693' title='bbox 355 2884 446 2908; x_wconf 87' lang='lat' dir='ltr'><strong>mente</strong></span> <span class='ocrx_word' id='word_1_694' title='bbox 462 2879 541 2914; x_wconf 86' lang='lat' dir='ltr'><strong>cujus</strong></span> <span class='ocrx_word' id='word_1_695' title='bbox 571 2878 754 2914; x_wconf 83' lang='lat' dir='ltr'><strong>principatum</strong></span> <span class='ocrx_word' id='word_1_696' title='bbox 791 2880 834 2908; x_wconf 92' lang='lat' dir='ltr'><strong>leo</strong></span> <span class='ocrx_word' id='word_1_697' title='bbox 860 2880 1047 2913; x_wconf 79' lang='lat' dir='ltr'><strong>subostendit.</strong></span> 
     </span>
    </p>
   </div>
   <div class='ocr_carea' id='block_1_100' title="bbox 257 2925 1051 2963">
    <p class='ocr_par' dir='ltr' id='par_1_100' title="bbox 257 2925 1051 2963">
     <span class='ocr_line' id='line_1_100' title="bbox 257 2925 1051 2963; baseline 0.004 -10"><span class='ocrx_word' id='word_1_698' title='bbox 257 2925 393 2962; x_wconf 81' lang='lat' dir='ltr'><strong>procedit.</strong></span> <span class='ocrx_word' id='word_1_699' title='bbox 409 2925 537 2963; x_wconf 77' lang='lat' dir='ltr'><strong>graditur</strong></span> <span class='ocrx_word' id='word_1_700' title='bbox 552 2925 579 2954; x_wconf 94' lang='lat' dir='ltr'><strong>in</strong></span> <span class='ocrx_word' id='word_1_701' title='bbox 598 2925 737 2960; x_wconf 88' lang='lat' dir='ltr'><strong>virtutem,</strong></span> <span class='ocrx_word' id='word_1_702' title='bbox 750 2933 799 2955; x_wconf 85' lang='lat' dir='ltr'><strong>nec</strong></span> <span class='ocrx_word' id='word_1_703' title='bbox 815 2926 891 2955; x_wconf 85' lang='lat' dir='ltr'><strong>timet</strong></span> <span class='ocrx_word' id='word_1_704' title='bbox 907 2927 1051 2963; x_wconf 79' lang='lat' dir='ltr'><strong>passiones</strong></span> 
     </span>
    </p>
   </div>
   <div class='ocr_carea' id='block_1_101' title="bbox 1098 2464 1898 2501">
    <p class='ocr_par' dir='ltr' id='par_1_101' title="bbox 1098 2464 1898 2501">
     <span class='ocr_line' id='line_1_101' title="bbox 1098 2464 1898 2501; baseline -0.005 -7"><span class='ocrx_word' id='word_1_705' title='bbox 1098 2466 1241 2501; x_wconf 80' lang='grc' dir='ltr'>τέταρτον</span> <span class='ocrx_word' id='word_1_706' title='bbox 1265 2466 1281 2493; x_wconf 84' lang='lat'><strong>6</strong></span> <span class='ocrx_word' id='word_1_707' title='bbox 1301 2466 1403 2499; x_wconf 76' lang='grc' dir='ltr'>καλῶς</span> <span class='ocrx_word' id='word_1_708' title='bbox 1423 2465 1570 2493; x_wconf 75' lang='grc' dir='ltr'>διαϐαίνει</span> <span class='ocrx_word' id='word_1_709' title='bbox 1582 2473 1589 2480; x_wconf 74' lang='grc' dir='ltr'><strong>ι</strong></span> <span class='ocrx_word' id='word_1_710' title='bbox 1603 2464 1743 2498; x_wconf 81' lang='grc' dir='ltr'>σκύμνος</span> <span class='ocrx_word' id='word_1_711' title='bbox 1763 2464 1898 2497; x_wconf 73' lang='grc' dir='ltr'>λέοντος,</span> 
     </span>
    </p>
   </div>
   <div class='ocr_carea' id='block_1_102' title="bbox 1100 2509 1900 2548">
    <p class='ocr_par' dir='ltr' id='par_1_102' title="bbox 1100 2509 1900 2548">
     <span class='ocr_line' id='line_1_102' title="bbox 1100 2509 1900 2548; baseline -0.004 -8"><span class='ocrx_word' id='word_1_712' title='bbox 1100 2513 1297 2548; x_wconf 72' lang='grc' dir='ltr'>ἰσχυρότερος</span> <span class='ocrx_word' id='word_1_713' title='bbox 1307 2512 1445 2545; x_wconf 78' lang='grc' dir='ltr'>κτηνῶν·</span> <span class='ocrx_word' id='word_1_714' title='bbox 1463 2511 1498 2544; x_wconf 83' lang='grc' dir='ltr'>ὃς</span> <span class='ocrx_word' id='word_1_715' title='bbox 1515 2512 1571 2538; x_wconf 84' lang='grc' dir='ltr'>οὐκ</span> <span class='ocrx_word' id='word_1_716' title='bbox 1584 2509 1900 2545; x_wconf 53' lang='grc' dir='ltr'>ἀποστρέφεταιβῠδὲ</span> 
     </span>
    </p>
   </div>
   <div class='ocr_carea' id='block_1_103' title="bbox 1100 2554 1899 2591">
    <p class='ocr_par' dir='ltr' id='par_1_103' title="bbox 1100 2554 1899 2591">
     <span class='ocr_line' id='line_1_103' title="bbox 1100 2554 1899 2591; baseline -0.004 -7"><span class='ocrx_word' id='word_1_717' title='bbox 1100 2557 1308 2590; x_wconf 80' lang='grc' dir='ltr'>καταπτήσσει</span> <span class='ocrx_word' id='word_1_718' title='bbox 1321 2555 1444 2591; x_wconf 79' lang='grc' dir='ltr'>κτῆνος.</span> <span class='ocrx_word' id='word_1_719' title='bbox 1456 2555 1591 2590; x_wconf 80' lang='grc' dir='ltr'>Καθάπερ</span> <span class='ocrx_word' id='word_1_720' title='bbox 1599 2555 1633 2582; x_wconf 72' lang='grc' dir='ltr'>τὰ</span> <span class='ocrx_word' id='word_1_721' title='bbox 1645 2555 1708 2591; x_wconf 83' lang='grc' dir='ltr'>τρία</span> <span class='ocrx_word' id='word_1_722' title='bbox 1719 2554 1815 2587; x_wconf 84' lang='grc' dir='ltr'>ταῦτα,</span> <span class='ocrx_word' id='word_1_723' title='bbox 1825 2555 1899 2582; x_wconf 80' lang='grc' dir='ltr'><strong>ἀχω-</strong></span> 
     </span>
    </p>
   </div>
   <div class='ocr_carea' id='block_1_104' title="bbox 1101 2600 1899 2638">
    <p class='ocr_par' dir='ltr' id='par_1_104' title="bbox 1101 2600 1899 2638">
     <span class='ocr_line' id='line_1_104' title="bbox 1101 2600 1899 2638; baseline -0.003 -8"><span class='ocrx_word' id='word_1_724' title='bbox 1101 2603 1188 2635; x_wconf 80' lang='grc' dir='ltr'>λύτως</span> <span class='ocrx_word' id='word_1_725' title='bbox 1197 2603 1347 2638; x_wconf 83' lang='grc' dir='ltr'>διέρχεται,</span> <span class='ocrx_word' id='word_1_726' title='bbox 1366 2602 1455 2629; x_wconf 77' lang='grc' dir='ltr'>καὶτὸ</span> <span class='ocrx_word' id='word_1_727' title='bbox 1467 2601 1601 2637; x_wconf 82' lang='grc' dir='ltr'>τέταρτον</span> <span class='ocrx_word' id='word_1_728' title='bbox 1614 2600 1748 2627; x_wconf 81' lang='grc' dir='ltr'>διαϐαίνει</span> <span class='ocrx_word' id='word_1_729' title='bbox 1761 2600 1854 2632; x_wconf 86' lang='grc' dir='ltr'>καλῶς</span> <span class='ocrx_word' id='word_1_730' title='bbox 1867 2608 1873 2615; x_wconf 89' lang='grc'>·</span> <span class='ocrx_word' id='word_1_731' title='bbox 1885 2602 1899 2628; x_wconf 83' lang='grc' dir='ltr'>ὃ</span> 
     </span>
    </p>
   </div>
   <div class='ocr_carea' id='block_1_105' title="bbox 1101 2647 1898 2685">
    <p class='ocr_par' dir='ltr' id='par_1_105' title="bbox 1101 2647 1898 2685">
     <span class='ocr_line' id='line_1_105' title="bbox 1101 2647 1898 2685; baseline -0.004 -8"><span class='ocrx_word' id='word_1_732' title='bbox 1101 2659 1131 2678; x_wconf 87' lang='grc' dir='ltr'><strong>τε</strong></span> <span class='ocrx_word' id='word_1_733' title='bbox 1151 2649 1272 2685; x_wconf 83' lang='grc' dir='ltr'>σκύμνος</span> <span class='ocrx_word' id='word_1_734' title='bbox 1284 2648 1331 2676; x_wconf 85' lang='grc' dir='ltr'><strong>τοῦ</strong></span> <span class='ocrx_word' id='word_1_735' title='bbox 1347 2649 1465 2681; x_wconf 81' lang='grc' dir='ltr'>λέοντος,</span> <span class='ocrx_word' id='word_1_736' title='bbox 1481 2648 1614 2684; x_wconf 83' lang='grc' dir='ltr'>ὑπάρχων</span> <span class='ocrx_word' id='word_1_737' title='bbox 1631 2647 1687 2674; x_wconf 82' lang='grc' dir='ltr'><strong>τῶν</strong></span> <span class='ocrx_word' id='word_1_738' title='bbox 1702 2648 1810 2683; x_wconf 81' lang='grc' dir='ltr'>κτηνῶν</span> <span class='ocrx_word' id='word_1_739' title='bbox 1824 2648 1898 2683; x_wconf 69' lang='lat' dir='ltr'><strong>laxu-</strong></span> 
     </span>
    </p>
   </div>
   <div class='ocr_carea' id='block_1_106' title="bbox 1104 2693 1897 2732">
    <p class='ocr_par' dir='ltr' id='par_1_106' title="bbox 1104 2693 1897 2732">
     <span class='ocr_line' id='line_1_106' title="bbox 1104 2693 1897 2732; baseline -0.003 -9"><span class='ocrx_word' id='word_1_740' title='bbox 1104 2696 1227 2732; x_wconf 82' lang='grc' dir='ltr'>ρότερος,</span> <span class='ocrx_word' id='word_1_741' title='bbox 1240 2695 1290 2723; x_wconf 71' lang='grc' dir='ltr'>καὶ</span> <span class='ocrx_word' id='word_1_742' title='bbox 1303 2696 1372 2731; x_wconf 85' lang='grc' dir='ltr'>μήτε</span> <span class='ocrx_word' id='word_1_743' title='bbox 1384 2693 1551 2730; x_wconf 86' lang='grc' dir='ltr'>πτοούμενος</span> <span class='ocrx_word' id='word_1_744' title='bbox 1563 2694 1674 2729; x_wconf 78' lang='grc' dir='ltr'>κτῆνος,</span> <span class='ocrx_word' id='word_1_745' title='bbox 1691 2694 1759 2730; x_wconf 83' lang='grc' dir='ltr'>μήτε</span> <span class='ocrx_word' id='word_1_746' title='bbox 1771 2695 1826 2722; x_wconf 74' lang='grc' dir='ltr'><strong>άπὸ</strong></span> <span class='ocrx_word' id='word_1_747' title='bbox 1837 2695 1897 2721; x_wconf 83' lang='grc' dir='ltr'>τού-</span> 
     </span>
    </p>
   </div>
   <div class='ocr_carea' id='block_1_107' title="bbox 1102 2740 1894 2778">
    <p class='ocr_par' dir='ltr' id='par_1_107' title="bbox 1102 2740 1894 2778">
     <span class='ocr_line' id='line_1_107' title="bbox 1102 2740 1894 2778; baseline -0.003 -9"><span class='ocrx_word' id='word_1_748' title='bbox 1102 2751 1150 2770; x_wconf 88' lang='grc' dir='ltr'><strong>του</strong></span> <span class='ocrx_word' id='word_1_749' title='bbox 1162 2743 1321 2778; x_wconf 84' lang='grc' dir='ltr'>ἡττώμενος</span> <span class='ocrx_word' id='word_1_750' title='bbox 1331 2749 1339 2757; x_wconf 93' lang='grc'><strong>·</strong></span> <span class='ocrx_word' id='word_1_751' title='bbox 1353 2741 1401 2768; x_wconf 78' lang='grc' dir='ltr'>καὶ</span> <span class='ocrx_word' id='word_1_752' title='bbox 1411 2741 1425 2767; x_wconf 98' lang='lat'><strong>6</strong></span> <span class='ocrx_word' id='word_1_753' title='bbox 1437 2740 1597 2776; x_wconf 83' lang='grc' dir='ltr'>ἁλεκτρυὼν</span> <span class='ocrx_word' id='word_1_754' title='bbox 1610 2740 1641 2767; x_wconf 72' lang='grc' dir='ltr'><strong>ἐν</strong></span> <span class='ocrx_word' id='word_1_755' title='bbox 1652 2740 1808 2776; x_wconf 79' lang='grc' dir='ltr'>άλεκτορίσι</span> <span class='ocrx_word' id='word_1_756' title='bbox 1820 2749 1894 2776; x_wconf 84' lang='grc' dir='ltr'>περι-</span> 
     </span>
    </p>
   </div>
   <div class='ocr_carea' id='block_1_108' title="bbox 1103 2785 1898 2821">
    <p class='ocr_par' dir='ltr' id='par_1_108' title="bbox 1103 2785 1898 2821">
     <span class='ocr_line' id='line_1_108' title="bbox 1103 2785 1898 2821; baseline -0.003 -7"><span class='ocrx_word' id='word_1_757' title='bbox 1103 2786 1196 2814; x_wconf 84' lang='grc' dir='ltr'>πατῶν</span> <span class='ocrx_word' id='word_1_758' title='bbox 1212 2786 1314 2821; x_wconf 68' lang='grc' dir='ltr'>ἄφοϐος</span> <span class='ocrx_word' id='word_1_759' title='bbox 1326 2794 1332 2801; x_wconf 94' lang='grc'><strong>·</strong></span> <span class='ocrx_word' id='word_1_760' title='bbox 1364 2786 1413 2813; x_wconf 85' lang='grc' dir='ltr'>καὶ</span> <span class='ocrx_word' id='word_1_761' title='bbox 1440 2787 1454 2813; x_wconf 91' lang='lat'><strong>6</strong></span> <span class='ocrx_word' id='word_1_762' title='bbox 1468 2786 1581 2821; x_wconf 77' lang='grc' dir='ltr'>τράγος,</span> <span class='ocrx_word' id='word_1_763' title='bbox 1602 2785 1704 2821; x_wconf 77' lang='grc' dir='ltr'>ἀγέλης</span> <span class='ocrx_word' id='word_1_764' title='bbox 1728 2786 1816 2820; x_wconf 83' lang='grc' dir='ltr'>αἰγῶν</span> <span class='ocrx_word' id='word_1_765' title='bbox 1830 2786 1898 2821; x_wconf 81' lang='grc' dir='ltr'>πρὸς</span> 
     </span>
    </p>
   </div>
   <div class='ocr_carea' id='block_1_109' title="bbox 1103 2831 1895 2868">
    <p class='ocr_par' dir='ltr' id='par_1_109' title="bbox 1103 2831 1895 2868">
     <span class='ocr_line' id='line_1_109' title="bbox 1103 2831 1895 2868; baseline -0.001 -9"><span class='ocrx_word' id='word_1_766' title='bbox 1103 2832 1154 2866; x_wconf 82' lang='grc' dir='ltr'>τὰς</span> <span class='ocrx_word' id='word_1_767' title='bbox 1172 2833 1201 2859; x_wconf 80' lang='grc' dir='ltr'><strong>ἐν</strong></span> <span class='ocrx_word' id='word_1_768' title='bbox 1214 2833 1271 2864; x_wconf 81' lang='grc' dir='ltr'>τοῖς</span> <span class='ocrx_word' id='word_1_769' title='bbox 1285 2832 1462 2868; x_wconf 77' lang='grc' dir='ltr'>ὑψηλοτέροις</span> <span class='ocrx_word' id='word_1_770' title='bbox 1474 2831 1567 2863; x_wconf 87' lang='grc' dir='ltr'>τόποις</span> <span class='ocrx_word' id='word_1_771' title='bbox 1578 2832 1664 2867; x_wconf 86' lang='grc' dir='ltr'>νομὰς</span> <span class='ocrx_word' id='word_1_772' title='bbox 1676 2831 1895 2867; x_wconf 68' lang='grc' dir='ltr'>προηγούμενος</span> 
     </span>
    </p>
   </div>
   <div class='ocr_carea' id='block_1_110' title="bbox 1104 2877 1896 2914">
    <p class='ocr_par' dir='ltr' id='par_1_110' title="bbox 1104 2877 1896 2914">
     <span class='ocr_line' id='line_1_110' title="bbox 1104 2877 1896 2914; baseline -0.003 -9"><span class='ocrx_word' id='word_1_773' title='bbox 1104 2879 1174 2914; x_wconf 73' lang='grc' dir='ltr'>πρὸς</span> <span class='ocrx_word' id='word_1_774' title='bbox 1184 2878 1223 2911; x_wconf 81' lang='grc' dir='ltr'>δὲ,</span> <span class='ocrx_word' id='word_1_775' title='bbox 1232 2879 1279 2905; x_wconf 80' lang='grc' dir='ltr'>καὶ</span> <span class='ocrx_word' id='word_1_776' title='bbox 1294 2877 1430 2913; x_wconf 72' lang='grc' dir='ltr'>βασιλεὺς,</span> <span class='ocrx_word' id='word_1_777' title='bbox 1444 2879 1458 2905; x_wconf 92' lang='lat'><strong>6</strong></span> <span class='ocrx_word' id='word_1_778' title='bbox 1468 2877 1556 2912; x_wconf 83' lang='grc' dir='ltr'>δῆμον</span> <span class='ocrx_word' id='word_1_779' title='bbox 1563 2877 1657 2909; x_wconf 74' lang='grc' dir='ltr'>ἔθνους</span> <span class='ocrx_word' id='word_1_780' title='bbox 1672 2877 1795 2913; x_wconf 76' lang='grc' dir='ltr'>ὑπηκόου</span> <span class='ocrx_word' id='word_1_781' title='bbox 1808 2878 1896 2913; x_wconf 74' lang='grc' dir='ltr'>ἐαυτῷ</span> 
     </span>
    </p>
   </div>
   <div class='ocr_carea' id='block_1_111' title="bbox 1100 2920 1895 2960">
    <p class='ocr_par' dir='ltr' id='par_1_111' title="bbox 1100 2920 1895 2960">
     <span class='ocr_line' id='line_1_111' title="bbox 1100 2920 1895 2960; baseline -0.003 -8"><span class='ocrx_word' id='word_1_782' title='bbox 1100 2925 1248 2960; x_wconf 79' lang='grc' dir='ltr'>διδάσκων,</span> <span class='ocrx_word' id='word_1_783' title='bbox 1262 2923 1334 2952; x_wconf 79' lang='grc' dir='ltr'>οὓτω</span> <span class='ocrx_word' id='word_1_784' title='bbox 1352 2924 1399 2951; x_wconf 75' lang='grc' dir='ltr'>καὶ</span> <span class='ocrx_word' id='word_1_785' title='bbox 1411 2925 1425 2952; x_wconf 90' lang='lat'><strong>6</strong></span> <span class='ocrx_word' id='word_1_786' title='bbox 1439 2924 1471 2951; x_wconf 76' lang='grc' dir='ltr'>ὲκ</span> <span class='ocrx_word' id='word_1_787' title='bbox 1487 2923 1536 2951; x_wconf 87' lang='grc' dir='ltr'><strong>τοῦ</strong></span> <span class='ocrx_word' id='word_1_788' title='bbox 1550 2924 1620 2958; x_wconf 76' lang='grc' dir='ltr'>νοὸς,</span> <span class='ocrx_word' id='word_1_789' title='bbox 1634 2920 1666 2952; x_wconf 77' lang='grc' dir='ltr'><strong>οῦ</strong></span> <span class='ocrx_word' id='word_1_790' title='bbox 1681 2924 1712 2951; x_wconf 72' lang='grc' dir='ltr'><strong>τὸ</strong></span> <span class='ocrx_word' id='word_1_791' title='bbox 1731 2924 1895 2959; x_wconf 71' lang='grc' dir='ltr'>ὴγεμονικῦν</span> 
     </span>
    </p>
   </div>
  </div>
