2072 3161
198 201 212 235 1
218 203 270 235 533

695 212 963 244 COMMENTARII
992 214 1033 245 IN
1060 215 1285 249 PROVERBIA.

1764 224 1775 257 1
1781 223 1834 256 5M

192 258 358 294 ὓπεμφαίνει
369 262 382 288 ὁ
398 261 476 296 λέων,
490 264 650 300 τικτόμενος
664 266 752 301 λόγος,
768 268 907 304 διέρχεται
924 269 981 297 κατ

193 306 294 318 1.---Ξ..,
310 307 408 318 λιμκένκ
461 317 467 318 κ
488 310 499 318 ς
682 313 687 318 Ι
790 314 796 318 .
821 315 834 318 .-
916 314 922 318 .
943 314 963 318 ..μ

1037 279 1086 306 per
1100 272 1236 300 defectum
1262 278 1308 300 aut
1331 282 1378 310 per
1402 283 1548 305 excessum
1571 278 1622 314 ipsi
1640 279 1831 318 adhaerentes;

191 306 294 342 ἀρετὴν
307 307 442 344 ἀπτόητος
457 310 513 342 τοῖς
531 313 747 347 παρακειμένοις
767 314 837 350 αὐτῇ
861 314 922 341 κατ’
942 314 985 342 ἔλ-

191 351 280 387 λειψιν
296 354 344 380 καὶ
359 355 514 392 ὑπερϐολὴν
535 357 652 385 πάθεσι·
672 359 721 386 κα)⁵
745 360 822 392 τέλος
841 360 897 387 τῶν
914 370 986 399 πρα-

193 399 264 425 κτῶν
278 400 401 435 εὑρίσκει
413 402 443 428 τὸ
460 403 574 437 ἀγαθόν.

226 445 277 473 λα’.
294 446 349 474 Καὶ
361 447 496 483 ἀλέκτωρ
518 449 727 485 ἐμπεριπατῶν
743 454 877 488 θηλείαις
891 455 986 490 εὔψυ-

191 500 256 524 χος.
272 492 326 519 Καὶ
341 493 424 526 αὐτὸς
435 495 463 522 δὲ
478 496 493 522 ὁ
509 496 583 529 νοῦς,
598 496 628 529 ὃς
640 498 690 530 τὰς
707 498 753 525 τοῦ
777 499 854 535 ἡλίου
876 502 927 536 τῆς
947 501 986 528 δι-

192 538 338 575 καιοσύνης
353 540 477 574 ἀκτῖνας,
496 539 540 569 οἷά.
554 551 597 575 τις
613 544 773 580 ἀλεκτρυὼν
792 548 908 583 προορᾷ,
926 548 987 580 ταῖς

192 583 351 620 αἰσθήσεσιν
374 586 562 623 ἐνδιατρίϐων,
579 589 627 616 καὶ
651 591 719 626 προς
733 592 797 623 τοὺς
820 592 917 627 λόγους
931 593 986 620 τῶν

191 630 275 657 ὅντων
288 631 445 665 διαϐαίνων,
460 634 507 660 καὶ
532 635 610 667 τέλος
629 636 683 663 τῶν
703 638 833 671 γνωστῶν
851 639 986 674 εὑρίσκων

190 676 240 711 τὴν
256 677 397 712 ἀλήθειαν,
416 680 446 706 οὐ
464 679 567 708 δέδοικε
580 681 631 713 τὰς
646 684 834 716 κατασπὼσας
849 686 882 719 τῇ
894 685 986 720 σχέσει

190 722 245 750 τῶν
259 723 360 752 ὑλικῶν
377 727 539 760 ἐπιφανείας
552 728 607 755 τῶν
621 729 739 764 ὁρατῶν.

225 769 280 796 Kal
296 769 403 805 τράγος
422 772 591 808 ἡγούμενος
600 775 757 802 αἰπολίου·
772 776 821 803 κιιῖ
834 777 986 811 βασιλεὺς

189 814 367 850 δημηγορῶν
386 816 421 843 ἐν
435 817 526 845 ἔθνει.
547 819 577 846 '0
590 819 613 846 δ’
628 819 715 852 οὕτως
726 820 843 858 ἔμφρονι
855 822 928 859 λόγῳ
938 824 986 850 καὶ

189 860 240 894 νοῒ,
252 863 322 889 κατὰ
333 863 434 898 πρᾶξιν
447 865 496 891 καὶ
506 864 624 901 θεωρίαν
635 865 756 900 ἐνεργῶν
767 866 817 902 τὴν
828 868 931 904 ἀρετὴν
939 870 986 896 καὶ

189 906 238 942 τὴν
251 907 362 941 γνῶσιν,
381 908 493 943 βεϐαίαν
503 918 532 936 τε
548 909 617 945 ἔχων
635 910 828 946 πληροφορίαν
853 912 900 938 τοῦ
917 914 986 947 ἀγα-

1037 322 1065 346 et
1081 318 1163 346 tinent
1184 320 1351 355 agendorum
1369 321 1471 350 invenit
1488 323 1601 353 bonum.

1075 453 1158 482 Vens.
1177 455 1222 482 3i.
1247 454 1282 482 Et
1306 456 1394 490 gallus
1422 456 1599 485 deambulans
1621 458 1690 485 inter
1715 459 1830 494 gallinas

1039 501 1138 528 alacer.
1160 500 1236 528 Meus
1253 506 1343 529 autem
1356 500 1428 537 ‘qute
1447 503 1526 538 quasi
1545 503 1635 538 gallus
1647 505 1760 540 quidam
1780 505 1830 533 So-

1038 547 1072 575 lis
1093 547 1209 582 justitim
1233 547 1325 575 radios
1343 549 1474 584 prospicit
1491 570 1499 583 ,
1521 550 1649 577 sensibus
1666 551 1829 583 immoraris.

1038 594 1071 621 ad
1088 593 1210 621 rationes
1224 601 1316 621 rerum
1334 594 1500 628 ascendens,
1516 600 1544 623 et
1560 596 1707 624 terminum
1725 605 1830 632 cogno-

1037 639 1201 668 suendorum
1225 640 1371 668 inveniens
1387 642 1544 674 veritatem,
1561 650 1615 669 non
1640 643 1717 670 timet
1731 643 1830 671 visibi-

1037 686 1103 714 lium
1117 686 1291 721 appat'entias
1305 686 1403 714 aﬂ'eclu
1418 688 1794 719 terrenarumdistraltentes.

1074 775 1109 802 Et
1135 775 1225 802 hircus
1240 775 1337 803 ducens
1363 785 1508 812 caprarum
1528 786 1654 812 gregem;
1675 783 1699 805 et
1721 787 1769 806 rea:
1784 779 1831 814 qui

1036 823 1209 850 coucionatur
1224 823 1251 849 iu
1267 828 1355 858 gente.
1382 823 1428 850 Sic
1443 827 1534 850 autem
1556 824 1604 859 qui
1628 825 1771 860 sapienter
1797 833 1830 854 ae

1037 869 1185 905 prudenter
1213 870 1344 899 virtutem
1372 870 1480 897 actibus
1511 874 1653 905 operatur,
1682 871 1828 900 scientiam

1037 916 1214 944 meditatione
1233 916 1360 951 acquirit,
1385 917 1490 943 lirmam
1513 916 1618 944 habens
1633 921 1662 944 et
1680 917 1745 945 boni
1767 925 1828 946 cer-

190 951 249 984 οοῦ,
267 953 315 980 καὶ
330 954 446 989 ἅληστον
460 955 564 989 γνῶσιν
579 956 629 992 τῆς
647 956 791 992 ἀληθείας·
820 959 981 994 προηγεῖται

1040 961 1227 994 tiorationem,
1241 968 1269 990 et
1285 969 1339 989 non
1356 961 1569 989 oblitterandam
1585 963 1711 991 veritatis
1733 964 1829 999 cogni-

189 998 243 1025 τῶν
257 999 306 1034 τῆς
321 1001 472 1037 ἀριστερᾶς
481 1001 527 1029 διὰ
541 1002 591 1037 τὴν
603 1003 743 1038 ἁμαρτίαν
758 1003 843 1030 ὄντων
860 1005 986 1039 μερίδος⁸

188 1045 334 1080 ἐπανάγων
346 1046 458 1079 τούτους
469 1048 523 1074 ἀπὸ
533 1047 589 1075 τῶν
600 1050 676 1075 κάτω
689 1049 737 1076 καὶ
752 1050 905 1084 σαρκικῶν,
918 1051 987 1086 πρὸς

188 1089 224 1116 τὰ
238 1091 413 1126 πνευματικὰ
428 1093 477 1120 καὶ
490 1093 622 1129 οὐράνια·
640 1093 687 1120 καὶ
702 1093 752 1125 τὰς
764 1094 811 1121 τοῦ
834 1094 987 1130 μαθητευθ-

190 1137 272 1172 μένου
288 1139 364 1175 αὐτῷ
383 1139 502 1175 πλήθους
528 1140 701 1177 θεωρητικὰς
716 1150 747 1168 τε
763 1143 810 1168 καὶ
834 1143 985 1178 ὀρεκτικὰς

187 1183 328 1219 δυνάμεις,
345 1185 416 1213 κατὰ
439 1185 520 1221 λόγον
533 1187 680 1222 ῥυθμίζει·
705 1187 753 1214 καὶ¹
775 1188 866 1216 πείθει
890 1189 928 1226 μὴ
945 1190 983 1223 ὡς

188 1230 269 1265 ἔτυχε
282 1231 426 1266 φέρεσθαι.

222 1275 272 1311 λβ¹.
297 1276 369 1305 Ἐὰν
388 1278 465 1313 πρόῃ
484 1279 616 1307 σεαυτὸν
637 1281 681 1314 εἰς
703 1283 911 1318 εὐφροσύνην,
932 1284 981 1311 καί

186 1321 324 1358 ἐκτείνῃς
338 1323 396 1358 τὴν
406 1325 490 1359 χεῖρά
503 1334 561 1353 σου
569 1327 646 1361 μετὰ
653 1327 764 1363 μάχης.
776 1330 980 1366 ἀτιμασθήσῃ.

228 1369 290 1395 Ἐὰν
303 1369 375 1396 κατὰ
385 1370 414 1396 τὸ
427 1370 627 1407 ἐπιθυμητικὸν
639 1374 688 1409 τῆς
702 1375 792 1410 ψυχῆς
817 1384 875 1408 σου,
895 1376 982 1412 ὲκδῷς

187 1415 301 1443 σεαυτὸν
315 1417 376 1448 ταῖς
391 1419 538 1453 σαρκικαῖς
562 1419 673 1453 ἡδοναῖς
684 1442 691 1452 ,
710 1420 759 1448 καὶ
778 1421 809 1447 τὺ
831 1421 878 1448 τοῦ
893 1422 980 1458 θυμοῦ

185 1461 331 1496 δραστικὸν
344 1463 417 1489 κατὰ
430 1463 487 1490 τῶν
501 1464 632 1500 ὁμοφυῶν
642 1465 768 1503 ὁπλίσῃς,
780 1468 838 1499 τοῖς
854 1468 980 1504 ἀνοήτοις

185 1507 315 1542 κτήνεσιν
334 1508 488 1543 ὀμοιωθεὶς,
507 1509 672 1547 ὑϐρισθήσῃ,
683 1511 722 1544 ὠς
735 1512 828 1540 δοῦλον
844 1513 939 1541 παθῶν
949 1514 980 1542 τὸ

184 1553 339 1588 λογιστικὸν
354 1556 543 1592 καταστήσας.

218 1645 270 1679 λγ’.
280 1646 409 1682 "Attat-rs
419 1647 507 1682 γάλα,
514 1649 562 1675 καὶ
571 1649 657 1677 ἔσται
663 1650 826 1685 βούτυρον.
835 1651 897 1688 [cod
902 1673 908 1679 .
915 1661 974 1681 σου

184 1692 298 1728 τινρόν].
308 1693 454 1728 ’Υποδέχου
463 1693 500 1725 ὡς
506 1695 586 1728 γάλα,
594 1696 684 1723 πίστει
691 1696 827 1734 ἀπλῇ.τὴν
835 1698 889 1725 τῶν
898 1699 978 1726 θείων

184 1737 282 1770 λογίων
290 1738 478 1766 διδασκαλίαν·
489 1741 536 1767 καὶ
549 1741 757 1776 συλλέγοντι,τδν
768 1742 828 1770 νοῦν
837 1744 939 1779 ταύτης
950 1746 978 1772 ἐν

184 1783 328 1817 πνεύματι,
346 1785 462 1821 ὑπάρξει
478 1795 518 1812 σοι
532 1786 603 1814 οὕτω
615 1788 713 1824 στερεὰ
729 1789 777 1815 καὶ
794 1789 864 1817 πίων
878 1791 977 1827 τροφή.

227 1829 298 1856 Ἐὰν
311 1830 346 1857 δὲ
360 1831 499 1866 ἐκπιέζῃς
507 1833 675 1868 μυκτῆρας,
687 1835 881 1867 ἐξελεύσεται
896 1835 976 1872 αἷμα·

183 1875 239 1902 ἐὰν
263 1875 298 1902 δὲ
323 1876 453 1912 ἐξέλκῃς
474 1878 604 1913 λόγους,
629 1880 845 1911 ἐξελεύσονται
863 1883 979 1917 κρίσεις

184 1922 234 1948 καὶ
250 1922 356 1957 μάχαι.
373 1924 479 1960 Ὥσπερ
501 1925 529 1951 δὲ
545 1926 569 1952 εἰ
596 1926 711 1962 ὲκϐιάζῃ
737 1927 891 1963 μυκτῆρας,
908 1927 979 1964 αἷμα

184 1967 403 2004 ἐξενεχθήσεται,
424 1969 496 1997 οὕτω
513 1971 561 1997 καὶ
584 1971 757 2004 διστάζοντός
774 1982 822 2000 σου
843 1975 908 2010 περὶ
928 1976 978 2011 τὴν

183 2013 287 2047 πίστιν,
303 2015 350 2041 καὶ
365 2015 460 2049 λόγους
475 2017 655 2050 ἀπαιτοῦντος
667 2019 856 2052 διαλεκτικῶς,
869 2020 976 2057 ἐξενεχ-

185 2061 315 2097 θήσονται
329 2063 457 2096 διενέξεις
473 2064 520 2090 καὶ
534 2064 633 2100 ἔριδες.

474 2132 601 2160 ΚΕΦΑΛ.
623 2134 688 2162 AA'.

219 2201 254 2230 α’,
266 2198 298 2234 β’.
315 2199 347 2225 Ol
360 2198 425 2233 ἐμοὶ
443 2200 528 2234 λόγοι
545 2200 680 2236 εἴρηνται
694 2202 754 2230 ὑπὸ
775 2203 861 2237 Θεοῦ,
883 2204 978 2237 ,βασι-

183 2243 260 2277 λέως
272 2245 479 2280 χρηματισμὸς
489 2245 525 2272 ὃν
534 2246 718 2275 ἐπαίδευσεν
727 2248 746 2282 ὴ
763 2249 864 2284 μήτηρ
873 2251 978 2278 αὐτοῦ·

1039 1007 1152 1038 tionem,
1167 1005 1243 1034 ducit
1266 1013 1315 1034 e05
1338 1006 1383 1041 qui
1398 1006 1433 1034 ob
1454 1010 1596 1041 peccatum
1623 1007 1657 1035 ad
1681 1008 1825 1036 sinistram

1039 1057 1143 1088 partem
1170 1052 1320 1088 pertinent,
1349 1052 1410 1080 illos
1428 1052 1549 1080 educens
1574 1053 1608 1081 ab
1631 1054 1780 1082 humilibus
1800 1059 1828 1082 et

1036 1098 1195 1125 carnalibus
1212 1098 1246 1125 ad
1268 1097 1424 1132 spiritualia
1439 1101 1466 1125 et
1482 1097 1618 1125 coelestia.
1645 1097 1827 1127 Multitudinis

1036 1153 1117 1179 quam
1134 1145 1213 1172 docet
1239 1144 1376 1179 potentias
1400 1144 1586 1179 speculativas
1610 1148 1640 1171 et
1655 1146 1827 1180 concupisci-

1035 1190 1104 1218 bilcs
1121 1189 1272 1217 secundtnn
1296 1190 1430 1217 rationem
1463 1189 1568 1225 dirigit,
1586 1189 1705 1226 illosque
1722 1192 1822 1219 suadet

1034 1244 1088 1264 non
1107 1241 1209 1264 temere
1229 1243 1262 1263 ac
1279 1235 1394 1263 fortuito
1414 1236 1526 1262 mtttari.

1070 1279 1153 1307 Vens.
1170 1279 1216 1306 52.
1235 1278 1265 1306 Si
1281 1278 1433 1314 profuderit:
1454 1283 1478 1305 te
1494 1279 1521 1304 iu
1537 1278 1631 1305 lwlitia
1642 1297 1651 1311 ,
1668 1283 1692 1306 et
1702 1279 1826 1306 extende-

1032 1326 1070 1352 ris
1090 1333 1199 1352 "ianum
1218 1330 1292 1352 luam
1309 1333 1369 1352 cum
1386 1325 1459 1359 rixa,
1489 1325 1701 1353 inhonoraberis.
1722 1326 1750 1354 Si
1779 1335 1824 1354 se-

1031 1371 1152 1399 cundum
1182 1371 1282 1398 anima:
1311 1376 1366 1398 tum
1396 1371 1644 1406 concupiscibilem
1674 1372 1824 1407 appetitum

1031 1418 1207 1452 temetipsum
1235 1417 1393 1444 carnalibus
1432 1417 1621 1452 voluptatibus
1658 1418 1824 1450 tradideris,

1030 1466 1058 1490 ct
1072 1461 1222 1490 irascibilis
1234 1461 1372 1498 appetitus
1387 1461 1537 1489 eilicaciam
1554 1465 1651 1489 contra
1666 1462 1824 1497 proximum

1029 1509 1193 1540 armaveris,
1225 1508 1438 1535 irrationalibus
1465 1507 1563 1536 bestiis
1585 1508 1684 1536 similis
1722 1509 1823 1540 iactus.

1030 1554 1243 1581 inltonoraberis
1258 1558 1354 1589 utpote
1372 1554 1419 1589 qui
1444 1553 1580 1581 rationem
1610 1554 1663 1582 sub
1691 1554 1825 1582 servitute

1028 1600 1191 1636 passionum
1211 1600 1360 1635 redegeris.

1065 1645 1150 1673 Vens.
1172 1645 1218 1672 3'5.
1235 1644 1324 1681 Mulge
1345 1645 1387 1673 lac
1400 1651 1425 1673 et
1447 1646 1497 1673 erit
1523 1645 1659 1682 butyrum.
1677 1645 1778 1681 Accipe
1793 1651 1825 1675 ttt

1030 1692 1083 1723 lac.
1101 1692 1128 1718 in
1149 1691 1326 1726 simplicitate
1339 1692 1413 1724 ﬁdei,
1428 1692 1587 1719 divinorum
1603 1700 1763 1720 sermonum
1774 1691 1824 1719 do-

1030 1739 1158 1766 ctrinam.
1175 1737 1319 1773 Colligenti
1340 1739 1400 1771 ejus
1420 1746 1532 1766 sensum
1542 1738 1570 1766 in
1587 1742 1695 1771 mente,
1719 1738 1824 1766 solidus

1030 1785 1078 1812 tibi
1090 1788 1118 1812 et
1140 1785 1249 1820 pinguis
1263 1785 1359 1812 evadet
1375 1785 1465 1812 cibus.

1066 1829 1096 1857 Si
1112 1835 1201 1857 autem
1221 1831 1382 1864 expresseris
1410 1837 1508 1862 nares,
1529 1829 1611 1857 exibit
1640 1829 1773 1864 unguis:
1799 1829 1824 1856 si

1031 1881 1118 1903 autem
1139 1877 1288 1904 extraxeris
1311 1884 1463 1909 sermones,
1489 1875 1598 1902 exibunt
1625 1875 1684 1903 lites
1706 1880 1731 1903 et
1745 1875 1820 1903 riae.

1030 1921 1267 1955 Quemadmodum
1291 1926 1381 1949 autem
1397 1922 1420 1949 si
1437 1930 1519 1949 nares
1532 1922 1715 1957 expresseris,
1735 1922 1822 1949 exibit

1031 1969 1154 2002 sanguis,
1170 1968 1207 1994 ita
1226 1968 1248 1996 si
1266 1968 1300 1995 de
1322 1968 1374 1995 lide
1387 1968 1559 1996 dubitaveris
1574 1972 1602 1995 et
1618 1968 1763 1996 dialectice
1778 1976 1823 1996 re-

1032 2014 1144 2050 petieris
1165 2014 1298 2047 rationes,
1316 2014 1432 2042 exibunt
1448 2014 1510 2042 lites
1527 2018 1555 2042 et
1569 2014 1645 2041 rixae.

1323 2130 1401 2159 CAP.
1429 2130 1527 2159 XXXI.

1068 2197 1150 2225 Vens.
1168 2198 1230 2231 1,2.
1240 2197 1323 2225 Verba
1342 2205 1398 2224 nica
1414 2197 1488 2224 dicta
1499 2202 1560 2224 sunt
1574 2205 1590 2224 a
1606 2196 1669 2231 Deo,
1688 2197 1754 2233 regis
1772 2197 1824 2224 ad-

1031 2245 1142 2272 monitio
1152 2252 1227 2280 quem
1236 2244 1348 2272 erudiuit
1373 2247 1458 2271 mater
1476 2251 1536 2271 sua.
1561 2243 1643 2276 Ouid,
1667 2244 1718 2278 ﬁli,
1736 2252 1824 2271 serva-

183 2289 222 2323 τί,
234 2289 350 2322 τέκνον,
362 2290 519 2324 τηρήσεις
531 2292 559 2318 τί
565 2292 647 2324 ;’¹Απε
651 2302 667 2329 ρ
676 2303 718 2321 σοι
727 2295 809 2327 αὐτὸς
815 2296 980 2331 ἀπαγγέλλω

1033 2290 1094 2318 bis?
1109 2289 1198 2323 Quid?
1212 2289 1278 2323 Quae
1294 2289 1342 2317 tibi
1357 2289 1417 2325 ipse
1433 2289 1572 2317 annuntio
1595 2290 1716 2324 eloquia,
1740 2290 1823 2317 didici

183 2335 272 2370 λόγια,
294 2335 444 2371 μεμάθηκα
455 2336 541 2364 ταῦτα
557 2338 634 2373 παρὰ
653 2338 739 2366 Θεοῦ·
755 2340 773 2367 ἆ
790 2342 843 2368 εισι
861 2341 978 2374 πλοῦτος

183 2381 250 2416 ἐμοῦ
269 2381 315 2408 τοῦ
336 2382 466 2417 λαχόντος
494 2383 616 2418 ἐννόμως
643 2385 799 2421 ἀνθρώποις
821 2388 978 2415 ἐπιστατεῖν

184 2427 260 2461 παρὰ
271 2427 320 2462 τῆς
336 2427 415 2463 δίκην
432 2428 534 2464 μητρὸς
551 2429 725 2466 θρεψαμένης
742 2433 858 2466 σοφίας·
880 2433 907 2460 τί
921 2433 979 2460 λοι-

184 2472 235 2498 πὸν
249 2472 388 2506 φυλάξεις,
402 2473 463 2507 uié;
480 2474 617 2509 φύλασσον
628 2476 663 2502 τὰ
676 2476 731 2511 ἐμὰ
744 2477 833 2512 λόγια.

225 2518 344 2553 Ῥήσεις
353 2519 438 2553 Θεοῦ,
451 2523 647 2556 πρωτογενὲς,
659 2522 708 2549 σοὶ
716 2523 804 2558 λέγω,
813 2524 873 2552 υἰέ·
882 2525 922 2559 τί,
930 2526 978 2553 τέ-

184 2573 258 2592 κνον
274 2565 349 2600 ἐμῆς
365 2567 503 2600 κοιλίας;
521 2568 557 2594 Ἦ
570 2568 650 2602 λόγια
677 2569 786 2601 πάντως
809 2571 894 2605 Θεοῦ;
910 2571 978 2608 πρὸς

185 2611 215 2637 σὲ
226 2612 355 2648 ποιοῦμαι
368 2613 414 2640 τὸν
429 2613 520 2648 λόγον,
533 2615 585 2645 ue.
598 2615 629 2646 ὃς
644 2615 677 2641 ἃν
691 2615 738 2642 καὶ
758 2615 828 2651 εἴης,
848 2617 894 2644 τὸν
908 2618 978 2644 ἀπο-

184 2658 315 2694 τεχθέντα
328 2668 373 2695 μοι
390 2660 461 2686 κατὰ
475 2660 524 2696 τὴν
533 2660 646 2697 πρώτην
659 2662 706 2688 καὶ
715 2663 906 2700 πνευματικὴν
917 2665 980 2699 γέν-

185 2712 277 2739 νησιν·
295 2705 332 2739 τί,
353 2705 458 2739 τέκνον,
484 2706 498 2734 ὂ
512 2708 572 2739 ταῖς
587 2707 637 2742 τῆς
650 2708 720 2744 ὲμῆς
739 2709 861 2742 διανοίας
885 2711 979 2738 ὠδῖσιν

185 2752 319 2788 ἐγέννησα
332 2753 549 2788 διδασκαλικῶς;

220 2796 255 2832 γ’.
271 2799 310 2829 Τί,
320 2799 428 2826 τέκνον
437 2799 518 2835 ἐμῶν
528 2800 644 2835 εὐχῶν-ς
655 2801 698 2834 Τί,
707 2801 811 2836 τέκνον,
823 2802 879 2830 οἴου
887 2805 979 2840 τυχεῖν

186 2844 358 2880 παρεκάλουν
372 2845 450 2879 Θεὸν,
467 2847 599 2883 τηρήσεις
608 2856 615 2880 ;

221 2932 269 2966 Μὴ
287 2933 340 2967 δὺς
359 2935 475 2969 γυναιξὶ
493 2935 552 2963 σὸν
571 2937 715 2965 πλοῦτον.
733 2937 780 2975 Μὴ
804 2938 849 2987 r’i/v
866 2938 979 2968 πλοῦτον

1030 2343 1044 2363 a
1061 2335 1116 2364 Deo
1131 2345 1138 2364 :
1155 2336 1213 2363 haec
1226 2339 1290 2363 sunt
1301 2343 1371 2364 meae
1384 2336 1488 2364 divitia:
1499 2336 1545 2371 qui
1560 2335 1675 2363 sortitus
1687 2343 1748 2363 sum
1761 2335 1823 2370 jure

1030 2381 1188 2409 hominibus
1216 2388 1335 2416 praeesse
1362 2381 1397 2408 ob
1416 2380 1577 2416 sapientiam
1606 2379 1685 2415 quasi
1707 2384 1823 2407 matrem

1030 2428 1205 2456 nulrieutem.
1217 2427 1289 2461 Quid
1304 2427 1394 2455 adhuc
1409 2426 1543 2460 servabis,
1553 2425 1610 2453 ﬁli?
1622 2433 1701 2453 serva
1713 2425 1824 2460 eloquia

1029 2482 1101 2502 mea.

1061 2521 1198 2548 Dictiones
1213 2519 1272 2552 Dei,
1283 2519 1518 2556 primagenite,tibi
1533 2518 1651 2554 dicm/ili
1666 2518 1769 2551 :Quid,
1784 2517 1825 2552 ﬁli

1029 2567 1080 2594 mei
1095 2566 1320 2595 centris?Nonne
1343 2567 1436 2594 omnia
1450 2566 1559 2602 eloquia
1578 2565 1649 2593 Dei?
1667 2565 1708 2592 Ad
1720 2569 1747 2593 te
1762 2573 1824 2592 ver-

1029 2614 1094 2642 bum
1111 2613 1193 2648 facio,
1211 2614 1246 2641 [ili
1258 2633 1265 2646 ,
1279 2614 1410 2650 quisquis
1426 2614 1477 2646 sis,
1494 2614 1542 2646 qui
1557 2621 1572 2640 a
1598 2620 1640 2640 me
1661 2612 1770 2648 genitus
1789 2619 1820 2639 es

1030 2660 1182 2689 secundum
1210 2661 1327 2696 primatu
1351 2665 1380 2687 et
1405 2660 1578 2696 spiritualem
1606 2659 1822 2695 generationem.

1029 2708 1118 2742 Quid,
1138 2707 1175 2735 liii
1189 2729 1197 2741 ,
1214 2715 1296 2743 quem
1324 2707 1500 2743 cogitationis
1525 2715 1592 2735 mete
1609 2707 1751 2734 doloribus
1775 2706 1824 2733 dou

1029 2754 1116 2782 cendo
1131 2754 1235 2789 genui?

1064 2800 1150 2828 Vsus.
1167 2801 1193 2828 5.
1216 2799 1295 2833 Quid,
1309 2800 1351 2835 ﬁli
1362 2808 1481 2827 mearum
1499 2800 1672 2827 orationum?
1687 2797 1757 2832 Quid
1772 2799 1824 2825 ob-

1032 2847 1167 2879 servabis,
1195 2847 1242 2879 liii,
1263 2847 1519 2884 qualgmnbtincre
1549 2847 1633 2874 Deum
1659 2845 1823 2880 deprecatus

1031 2893 1113 2920 sum?

1069 2938 1109 2967 Nc
1125 2939 1227 2968 dederis
1246 2939 1399 2968 mulieribus
1415 2940 1594 2967 substantiam
1616 2945 1697 2968 tuam.
1723 2938 1825 2967 ltttelli.
