2072 3161
257 173 327 207 1535

907 173 1087 206 PROCOPII
1107 172 1229 205 GAZ.‘EI

1835 178 1902 211 1536

255 234 355 265 genitae
370 234 423 259 tuae
437 229 548 259 divitias
562 229 590 258 in
607 230 817 259 irrationalibus
846 231 1041 266 concupisccn'

1103 229 1158 255 σῶν
1170 229 1280 265 φρενῶν
1294 230 1355 261 ταῖς
1370 229 1481 264 ἀλόγοις
1495 230 1657 266 ἐπιθυμίαις
1667 231 1717 266 τῆς
1733 232 1795 259 κατ’
1806 233 1903 269 αἴσθη-

255 278 303 306 tiis
324 284 458 305 sensuum
473 277 625 312 voluptatis
651 285 685 305 ne
703 277 864 313 impendas;
884 279 979 305 varios
995 282 1053 305 tan-

255 328 314 352 tum
333 323 416 358 hujus
439 323 537 351 modos
561 324 732 359 recogitans.

291 368 326 396 Et
342 373 454 397 mentem
474 374 548 396 tuam
564 374 588 396 et
609 370 690 397 uitam
710 370 738 396 in
753 377 842 397 seram
869 370 976 398 consilii
991 378 1051 397 mu-

255 416 394 444 tationem.
425 414 520 451 Neque
549 417 650 445 nientis
680 421 733 443 ttae
761 417 990 452 speculationem,
1023 420 1051 445 et

254 463 327 490 circa
348 463 432 489 vitam
457 462 484 490 in
501 469 586 490 carne
601 468 627 490 et
652 463 755 496 mumlo
781 463 937 496 acti0nem;
956 463 1050 491 tradas

255 508 283 536 in
302 507 502 544 experientiam
530 508 610 540 mali,
633 508 714 543 cujus
742 508 891 544 aliquando
906 512 933 537 te
959 509 1049 544 paeni-

255 555 333 583 tcbit.

291 601 376 629 Vens.
398 602 424 629 ιί.
452 601 517 629 Cum
534 602 646 629 consitio
670 602 759 629 omnia
779 602 839 637 fac;
854 610 913 628 cum
936 601 1048 629 consilio

254 648 345 675 vinum
361 653 433 682 pota.
459 647 597 675 Rationali
623 648 795 676 discretione
812 648 907 684 accipe
932 652 1048 675 natura-

255 694 308 721 lem
325 694 517 722 cxsistentium
527 694 788 729 contemplationem
797 702 859 729 quae
870 694 943 722 sicut
953 695 1046 722 vinum

254 740 437 774 Spiritualiter
472 748 521 768 cor
557 740 688 768 lmtiiicat.
718 740 769 774 Qui
798 739 949 768 cﬂreuatus
984 745 1046 774 est,

253 790 373 813 mentem
397 794 412 813 a
434 788 550 816 veritate
569 787 697 815 excidere
716 786 795 820 facit,
819 792 847 815 et
869 789 897 815 in
920 788 1048 824 praecipi-

254 832 293 859 tiu
299 841 323 859 In
343 832 440 861 fertur.

289 877 374 906 Vens.
403 880 429 906 5.
458 880 581 908 Potentes
599 881 722 908 iracundi
743 885 803 909 sunt
818 889 828 913 ;
844 882 933 908 vinum
956 886 1044 908 autem

252 934 305 954 non
327 926 429 961 bibant,
444 936 476 955 ne
493 928 610 956 bibentes
636 929 827 957 obliviscantur
843 929 993 963 sapientiw,
1017 936 1041 955 et

252 977 322 999 recte
352 980 404 1000 non
422 974 527 1007 possint
543 974 670 1009 judicare
690 975 848 1002 imbecilles.
866 975 919 1008 Qui
936 975 1043 1010 passio-

251 1025 301 1046 nes
320 1020 491 1055 subegerunt
507 1024 534 1048 et
555 1021 686 1049 moralem
714 1025 789 1049 recte
808 1021 958 1049 observant
979 1020 1042 1056 phi-

251 1064 416 1100 losophiam,
429 1067 526 1094 armati
545 1072 609 1094 sunt
626 1071 722 1094 contra
735 1071 892 1103 serpentem
913 1067 1043 1102 spiritua-

251 1111 314 1139 lem.
339 1112 467 1141 Attamen
497 1114 593 1141 laudes
620 1114 762 1141 hominum
786 1122 835 1142 eos
852 1114 924 1142 sicut
946 1114 1040 1141 vinum

251 1157 422 1186 iaetiticautes
439 1167 472 1187 ne
491 1160 650 1195 accipiant,
666 1168 700 1188 ne
713 1160 890 1195 accipientes,
912 1164 1042 1188 avertan-

250 1205 296 1229 tur
308 1210 322 1229 a
339 1204 473 1238 sapientia
486 1224 494 1236 .
522 1205 603 1240 cujus
627 1206 769 1240 proprium
785 1210 828 1233 est
845 1206 1040 1233 exultationem

250 1246 277 1273 in
296 1247 451 1276 humilitate
464 1250 630 1284 ostendere;
649 1258 683 1278 ne.
694 1250 847 1279 elevatione
862 1259 895 1279 ex
912 1250 1041 1278 laudibus

248 1293 377 1320 cxctecati
394 1301 534 1329 nequeant
548 1297 725 1325 considerare
738 1297 900 1325 inﬁrmitate
916 1297 1039 1330 indutos,

248 1344 351 1372 eosque
380 1343 457 1368 recte
486 1340 613 1376 judicare
626 1346 655 1369 et
686 1349 811 1378 congruo
843 1343 952 1378 dignari
982 1350 1043 1370 ser-

248 1383 328 1412 vitio.

283 1527 367 1557 Vens.
395 1529 422 1557 6.
441 1529 509 1558 Date
531 1531 683 1560 ebrietatem
709 1534 742 1560 iis
764 1534 852 1569 quiin
871 1535 1037 1562 "meroribus.

1106 284 1147 302 σιν
1171 275 1278 311 ἡδονῆς,
1307 277 1523 313 καταναλώσῃςσ
1554 278 1654 313 μόνους
1673 279 1736 311 τοὺς
1762 279 1902 313 ποικίλους

1102 321 1206 358 ταύτης
1221 323 1341 358 τρόπους
1356 323 1482 351 ἐπινοῶν.

1141 369 1198 396 Τὸν
1224 370 1284 396 σὸν
1311 369 1388 397 νοῦν
1407 370 1457 397 καὶ
1474 371 1547 403 βίον
1573 371 1618 405 εἰς
1649 372 1901 406 ὑστεροσουλίαν.

1102 414 1180 450 Μηδὲ
1193 415 1225 442 τὸ
1239 415 1289 442 τοῦ
1300 416 1360 448 νοός
1380 425 1428 443 σου
1444 417 1624 452 θεωρητικὸν,
1644 419 1693 445 καὶ
1719 418 1750 445 τὸ
1774 419 1838 454 περὶ
1851 418 1902 454 τὴν

1101 461 1131 488 ὲν
1143 462 1227 496 σαρκὶ
1243 463 1289 489 καὶ
1307 463 1403 498 κόσμῳ
1415 463 1509 499 βιοτήν
1527 472 1575 490 σου
1591 464 1760 498 πρακτικὸν,
1782 466 1822 497 είς
1839 467 1901 492 πεῖ-

1102 516 1152 544 ραν
1164 509 1250 544 ἐκδῷς
1266 509 1314 536 τοῦ
1339 510 1444 537 κακοῦ·
1470 510 1500 544 ἐξ
1516 506 1547 536 οὗ
1576 511 1618 537 σοί
1636 520 1702 538 ποτε
1728 512 1901 547 συμὸήσεται

1101 555 1317 590 μεταμέλεσθαι.

1135 601 1169 628 δ’.
1188 601 1270 629 Μετὰ
1289 601 1414 636 ,βουλῆς
1435 602 1537 629 πάντα
1564 603 1658 630 ποίει·
1682 604 1759 637 μετὰ
1776 604 1899 638 ,ϐουλῆς
1942 623 1945 624 ν

1099 647 1259 674 οινοπύτει.
1281 648 1360 675 Μετὰ
1376 648 1491 683 λογικῆς
1514 648 1678 684 διακρίσεως
1704 649 1898 685 μεταλὰμδανε

1098 692 1149 727 τῆς
1166 692 1243 728 δίκην
1260 693 1331 720 οἴνου
1343 694 1545 730 εὐφραινούσης
1567 695 1682 727 καρδίαν
1701 696 1898 731 πνευματικῶς

1098 739 1218 774 φυσικῆς
1233 739 1351 774 Θεωρίας
1373 740 1427 766 τῶν
1453 740 1556 767 ὅντων·
1583 741 1646 776 ἥτις
1669 742 1716 768 ἐὰν
1731 742 1898 777 ἀχαλίνωτος

1097 783 1126 821 ᾖ,
1139 784 1186 812 τὸν
1199 785 1262 812 νοῦν
1273 785 1323 821 τῆς
1337 785 1467 821 ἀληθείας
1483 786 1645 822 μεθίστησι,
1669 787 1717 814 καὶ
1732 788 1811 823 φέρει
1826 789 1898 816 κατὰ

1097 831 1237 868 κρημνοῦ.

1131 881 1162 905 ε’.
1172 879 1206 904 Ol
1217 878 1365 905 δυνάσται
1380 878 1527 912 θυμὼδεις
1542 880 1634 912 εἰσὶν,
1651 878 1737 908 οἶνον
1752 881 1796 916 μὴ
1810 882 1896 908 πινέ-

1096 932 1210 956 τωσαν,
1227 925 1279 951 ἵνα
1288 924 1331 959 μὴ
1345 925 1477 958 πιόντες,
1489 925 1692 953 ἐπιλάθωνται
1704 927 1757 961 τῆς
1770 928 1895 962 σοφίας,

1093 971 1142 997 καὶ
1158 970 1230 1004 ὀρθὰ
1247 970 1346 1005 κρῖναι
1365 972 1402 998 οὺ
1416 971 1460 1006 μὴ
1476 971 1626 999 δύνωνται
1648 973 1721 1006 τοὺς
1742 973 1894 1008 ἀσθενεῖς.

1093 1017 1126 1044 Οί
1139 1017 1350 1049 δυναστεύοντες
1367 1018 1439 1045 κατὰ
1463 1018 1519 1045 τῶν
1543 1019 1650 1052 παθῶν,
1672 1020 1719 1046 καὶ
1733 1020 1782 1055 τὴν
1795 1020 1895 1056 ἠθικὴν

1093 1063 1292 1099 κατορθοῦντες
1307 1063 1482 1099 φιλοσοφίαν,
1500 1064 1670 1101 ὡπλισμένοι
1687 1067 1743 1093 εἰσὶ
1763 1066 1803 1102 τῷ
1815 1067 1896 1104 ουμῷ

1092 1110 1163 1137 κατὰ
1179 1109 1227 1137 τοῦ
1244 1110 1341 1145 νοητοῦ
1355 1110 1445 1145 ὄφεως
1458 1118 1465 1125 ·
1480 1110 1574 1138 λοιπδν
1594 1111 1641 1138 τοῦ
1663 1112 1728 1147 παρ’
1740 1113 1895 1149 ἀνθρώπων

1091 1156 1216 1188 ἐπαίνου,
1233 1155 1281 1183 τοῦ
1300 1156 1380 1192 δίκην
1395 1156 1470 1184 οἴνου
1491 1156 1604 1189 τούτους
1626 1157 1831 1193 εὐφραίνοντος.
1855 1158 1893 1194 μὴ

1093 1201 1380 1237 μεταλαμϐανέτωσαν
1391 1209 1398 1217 ·
1419 1201 1495 1233 ὅπως
1512 1201 1551 1237 μὴ
1578 1202 1782 1237 μεταλαϐόντες
1797 1203 1894 1235 αὐτοῦ,

1091 1247 1274 1275 ἐπιλάθωνται
1287 1249 1338 1284 τῆς
1359 1248 1457 1282 σοφίας
1470 1256 1478 1264 ο
1501 1245 1537 1283 ἧς
1559 1248 1625 1276 [διον
1644 1249 1675 1276 τὸ
1688 1250 1893 1278 ἐπιδείκνυσθαι

1090 1294 1122 1320 τὸ
1138 1294 1242 1330 ὑψηλὸν
1265 1296 1294 1322 ὲν
1320 1294 1360 1330 τῷ
1386 1294 1526 1330 ταπεινῷ·
1548 1295 1597 1322 και
1614 1296 1804 1328 σκοτισθέντες
1814 1299 1846 1332 τῇ
1860 1297 1893 1324 ὲκ

1091 1339 1146 1366 τῶν
1166 1340 1285 1367 ἐπαίνων
1302 1340 1431 1376 ὲπάρσει,
1449 1341 1659 1376 ἀδυνατήσωσιν
1675 1343 1892 1371 ἐπισκέπτεσθαι

1090 1394 1121 1412 τε
1137 1386 1202 1418 τοὺς
1227 1387 1440 1422 περικειμένους
1465 1387 1621 1420 ἀσθένειαν,
1649 1388 1698 1414 καὶ
1715 1388 1750 1415 τὰ
1766 1390 1826 1416 κατ’
1841 1390 1892 1417 αὐ-

1090 1433 1154 1465 τοὺς
1169 1433 1317 1469 διακρίνειν
1334 1434 1434 1468 καλῶς,
1447 1435 1495 1461 καὶ⁴
1510 1435 1561 1470 τῆς
1584 1435 1781 1472 προσηκούσης
1797 1436 1893 1469 ἀξιοῦν

1092 1480 1252 1516 θεραπείας.

1128 1526 1165 1559 ς’.
1181 1526 1284 1554 Διὸοτε
1290 1527 1387 1562 μέθην
1397 1526 1459 1561 τοῖς
1475 1527 1511 1554 ἐν
1529 1528 1651 1562 λύπαις.
1677 1528 1818 1564 Παρέχετε
1841 1528 1892 1563 τὴν

249 1573 315 1602 Date
331 1576 452 1604 lmtitiam
468 1585 502 1604 ex
523 1578 652 1607 laudibus
674 1579 708 1606 iis
734 1581 781 1615 qui
804 1588 894 1616 neque
920 1582 1037 1616 gloriam

1093 1573 1124 1598 ἐκ
1136 1572 1190 1599 τῶν
1205 1573 1324 1601 ἐπαίνων
1340 1573 1515 1609 εὐφροσύνην
1527 1576 1583 1607 τοῖς
1604 1575 1827 1610 ἀποτυγχάνουσι
1840 1575 1891 1610 τῆς

246 1621 391 1655 caducam,
414 1630 505 1658 neque
526 1624 666 1659 perituras
683 1625 796 1655 divitias
822 1628 1037 1656 concupiscunt.

284 1710 317 1739 Et
334 1713 422 1740 uinum
440 1714 526 1742 (libere
546 1715 579 1742 iis
598 1716 645 1751 qui
667 1716 695 1743 in
719 1716 868 1744 doloribus.
896 1716 1040 1746 Laudibus

246 1758 395 1794 diguamini
415 1768 464 1788 eos
478 1761 524 1796 qui
537 1767 602 1789 sunt
623 1762 651 1789 in
664 1762 808 1791 doloribus
826 1763 965 1798 corporis.

258 1798 261 1803 ’
283 1804 365 1833 Vens.
384 1805 410 1834 7.
431 1805 465 1833 Ut
482 1806 671 1835 obliviscantur
688 1810 857 1843 paupertatis
873 1814 897 1836 et
913 1809 1038 1837 laborum

246 1859 298 1877 rum
319 1852 491 1880 recordentur
509 1853 593 1882 ultra.
615 1853 651 1882 Ut
666 1854 705 1882 illi
723 1855 924 1884 obliviscantur
939 1864 1038 1884 neces-

245 1896 383 1924 sariorum
407 1897 507 1934 inopiae
527 1906 590 1933 quae
606 1901 726 1928 conterit
744 1909 810 1935 eos;
827 1905 855 1929 et
869 1909 924 1929 non
943 1909 1039 1930 recor-

245 1944 348 1972 dentur
363 1945 456 1974 carnis
473 1945 596 1975 dolores.

280 2031 364 2062 Vens.
376 2034 404 2061 8.
417 2034 496 2070 Aperi
511 2044 540 2063 os
556 2040 630 2063 tuum
645 2037 722 2072 verbo
737 2037 794 2071 Dei,
809 2043 834 2066 et
841 2039 936 2074 judica
947 2048 1038 2068 omne:

244 2083 323 2107 recte.
346 2081 394 2108 Dei
415 2082 555 2111 mandatis
569 2083 646 2118 aperi
667 2084 746 2118 quasi
762 2092 794 2112 os
810 2086 910 2114 mentis
928 2090 981 2113 tute
996 2087 1040 2114 in-

244 2126 394 2158 tellectum,
412 2131 441 2154 ut
458 2135 556 2162 panem
572 2136 588 2155 a
601 2129 891 2158 cmlodescendentem
905 2132 1036 2167 excipiat,

243 2177 271 2200 et
285 2177 386 2201 cuncta
403 2178 480 2201 recte
495 2173 601 2208 judica.

1095 1618 1159 1654 περὶ
1170 1618 1219 1654 τὴν
1234 1619 1369 1655 ἐπίκηρον
1378 1619 1471 1652 δόξαν,
1488 1621 1536 1648 καὶ
1548 1620 1594 1648 τὸν
1610 1621 1793 1657 φϋειρὸμενον
1807 1620 1891 1648 πλοῦο

1093 1673 1139 1691 τον
1154 1665 1321 1700 ἐπιθυμίας-

1130 1709 1184 1736 Καὶ
1199 1708 1283 1737 οἶνον
1293 1710 1394 1749 tritum-
1405 1711 1465 1745 τοῖς
1474 1711 1509 1738 ἐν
1520 1711 1655 1746 ὀδύναις.
1672 1713 1727 1739 Καὶ
1741 1713 1891 1749 ἐγκωμίων

1092 1753 1201 1787 ἀξιοῦτε
1211 1755 1274 1786 τοὺς
1290 1755 1319 1782 ὲν
1326 1746 1441 1788 ἲδύναις
1455 1758 1636 1792 σωματικαῖς.

1128 1798 1161 1831 ζ’.
1177 1799 1239 1826 Ἵνα
1256 1799 1456 1828 ὲπιίάθωνται
1481 1800 1536 1834 τῆς
1546 1801 1670 1835 πενίης.
1691 1801 1740 1829 καί
1757 1799 1814 1827 τῶν
1829 1800 1885 1828 πό-

1092 1854 1154 1872 νων
1162 1845 1205 1880 μὴ
1220 1845 1401 1880 μνησθῶσιν
1420 1846 1475 1874 ἐτι.
1493 1847 1588 1879 Ὅπως
1601 1848 1701 1874 ἐκεῖνοι
1713 1847 1763 1882 μὲν
1776 1847 1807 1874 ὲν
1818 1846 1889 1882 λήθη

1092 1892 1225 1926 γένωνται
1244 1892 1294 1927 τῆς
1309 1892 1459 1929 πιεζοὺσης
1475 1893 1588 1925 τούτους
1607 1892 1712 1925 ἐνδείας
1728 1892 1783 1919 τῶν
1804 1894 1889 1926 ἀναγ-

1092 1938 1178 1966 καίων
1189 1947 1196 1953 ·
1213 1935 1286 1966 οὗτοι
1298 1938 1327 1966 δὲ
1340 1940 1559 1975 ἀμνημονήσωσι
1573 1939 1627 1966 τῶν
1641 1939 1743 1966 ὀδυνῶν
1756 1939 1807 1973 τῆς
1821 1947 1889 1973 cap—

1093 1985 1152 2017 κός.

1125 2031 1162 2067 η’.
1183 2032 1297 2068 Ἀνοιγε
1323 2032 1382 2060 σὸν
1406 2033 1505 2067 στόμα
1518 2033 1600 2067 λόγῳ
1628 2031 1714 2064 Θεοῦ.
1739 2032 1789 2058 καὶ
1804 2032 1888 2066 κρῖνε

1092 2077 1191 2105 πάντα
1202 2078 1301 2113 ὑγιῶς.
1317 2079 1439 2105 Πλάτυνε
1457 2079 1489 2106 τὸ
1506 2079 1585 2115 δίκην
1607 2078 1742 2114 στόματος
1762 2078 1889 2106 δεκτικὸν

1091 2124 1138 2151 τοῦ
1152 2125 1185 2151 ὲκ
1205 2124 1252 2152 τοῦ
1277 2125 1393 2160 οὐρανοῦ
1421 2125 1589 2157 καταϐάντος
1605 2125 1701 2161 ἄρτου,
1728 2126 1822 2161 νοερὸν
1836 2125 1888 2161 τῆς

1091 2170 1180 2206 ψυχῆς
1196 2179 1253 2204 σου,
1270 2171 1357 2203 θείαις
1369 2171 1501 2204 ἐννοίαις·
1518 2172 1564 2199 καὶ
1577 2171 1701 2207 διάκρινε
1724 2171 1815 2199 πάντα
1836 2179 1887 2198 κα-

1091 2215 1157 2248 λώς.

278 2263 365 2293 Vens.
384 2265 412 2293 9.
430 2265 510 2299 Aperi
523 2275 552 2294 os
569 2271 653 2300 tuum,
666 2271 691 2293 et
700 2267 775 2301 juste
783 2268 888 2303 judico.
908 2269 990 2304 Aperi
1002 2277 1035 2298 os

1122 2262 1155 2289 θ’.
1176 2263 1297 2297 Ἀνοιγε
1312 2262 1371 2290 σὸν
1386 2263 1497 2297 στόμα,
1510 2261 1558 2289 καί
1573 2262 1657 2297 κρίνε
1668 2262 1802 2295 δικαίως.
1813 2262 1887 2290 Πλά-

244 2315 321 2340 tuum
338 2312 411 2348 quod
432 2317 546 2348 apparet
561 2314 593 2340 ad
609 2315 780 2342 enuntianda
801 2315 849 2344 Dei
864 2317 992 2353 eloquia;
1009 2321 1036 2345 et

245 2358 394 2395 unicuique
411 2359 496 2388 redde
510 2360 584 2396 quod
601 2362 654 2397 ipsi
668 2362 810 2397 competit.

280 2445 403 2481 Dijudica
429 2453 518 2474 autem
541 2453 684 2481 pauperem
706 2452 730 2475 et
756 2448 904 2482 inﬁrmum.
929 2449 967 2478 'l'e
987 2451 1036 2478 ad-

244 2493 340 2521 hortor
363 2498 393 2521 ut
420 2499 495 2522 recte
515 2494 625 2529 iudices
654 2495 847 2523 necessitatem
874 2495 982 2531 inopis,
1008 2500 1036 2524 et

242 2539 436 2567 necessitatem
448 2539 510 2574 ejus
523 2539 570 2575 qui
581 2539 726 2568 doloribus
737 2540 865 2576 corporis
877 2545 1034 2577 torquetur,

241 2590 269 2613 et
284 2584 383 2612 exinde
399 2585 551 2614 remedium
568 2587 640 2621 quod
659 2586 767 2622 utrique
785 2587 928 2615 convenit.

278 2629 363 2658 Vens.
386 2631 429 2662 10.
454 2630 593 2659 Mulierem
620 2633 714 2668 fortem
739 2633 798 2668 quis
824 2633 933 2661 inueniet
948 2632 1032 2662 ?Sibi

242 2675 366 2709 sociam,
394 2675 514 2704 invisum
543 2677 648 2706 doloris
675 2679 894 2712 experimentum
926 2678 1036 2707 fortiter

243 2723 417 2755 tolerantem,
436 2726 464 2749 et
483 2721 607 2757 jucunda
624 2723 765 2760 voluptate
785 2733 839 2752 non
859 2726 1034 2760 vincendam,

242 2769 407 2805 sapientiam
435 2769 585 2805 perfectam
611 2770 695 2798 homo
722 2779 785 2798 raro
811 2772 929 2800 assumit
948 2782 954 2800 :
973 2780 1034 2800 rara

241 2816 313 2843 cnim
332 2819 374 2843 est
392 2819 420 2842 et
442 2814 526 2843 ardua
547 2815 610 2844 boni
630 2817 791 2851 acquisitio,
808 2819 917 2847 etiamsi
935 2827 1035 2855 magna

244 2861 284 2889 vis
303 2860 400 2890 invitet
413 2865 440 2889 et
457 2861 572 2890 alliciat.

1086 2317 1150 2335 τυνε
1171 2309 1218 2335 καὶ
1246 2309 1313 2336 αὖτὸ
1332 2317 1380 2336 σου
1393 2309 1424 2335 τὸ
1441 2308 1607 2344 φαινόμενον
1640 2309 1740 2344 στόμα,
1762 2310 1887 2346 προφορᾷ

1086 2355 1167 2382 Θείων
1184 2355 1332 2391 ῥημάτων*
1359 2354 1408 2382 καὶ
1428 2355 1557 2382 ἀποδίδου
1582 2355 1691 2391 ἑκάστῳ
1713 2355 1745 2383 τὸ
1763 2356 1886 2392 πρόσφο-

1088 2409 1145 2436 ρον.

1121 2446 1258 2481 Διάιιρινε
1270 2446 1305 2473 δὲ
1322 2447 1438 2480 πένητα
1456 2447 1505 2474 καὶ
1527 2447 1657 2483 ἀσθενῆ.
1676 2448 1833 2484 Διακρίνειν
1854 2449 1884 2476 δὲ

1085 2491 1177 2523 καλῶς
1194 2500 1236 2519 σοι
1250 2492 1486 2528 παρακελεύομαι,
1500 2492 1550 2528 τήν
1565 2501 1595 2519 τε
1609 2493 1656 2520 τοῦ
1672 2493 1780 2526 ἐνδεοῦς
1796 2494 1884 2528 ἀνάγ-

1085 2546 1149 2573 κην,
1162 2538 1212 2564 καὶ
1226 2538 1277 2573 τὴν
1292 2537 1339 2565 τοῦ
1355 2537 1463 2570 ὀδύναις
1492 2540 1674 2574 συνεχομένου
1694 2541 1864 2575 σωματικαῖς
1875 2549 1883 2557 ·

1084 2583 1233 2611 κάντεῦθεν
1254 2583 1377 2617 πάντως,
1395 2583 1500 2612 τούτων
1526 2585 1652 2621 ἐκατέρῳ
1669 2585 1700 2612 τὸ
1712 2585 1883 2622 κατάλληλον

1086 2629 1244 2666 φάρμακον.
1696 2630 1698 2632 ’
1715 2625 1719 2628 ’

1121 2679 1147 2704 ι’.
1162 2675 1298 2703 Γυναῖκα
1308 2674 1451 2710 ἀνδρείαν
1467 2676 1515 2709 τίς
1531 2675 1669 2711 semidei;
1681 2676 1819 2709 Σύνοικον,
1835 2677 1885 2713 τὴν

1083 2722 1149 2754 τοὺς
1164 2722 1214 2757 μὲν
1226 2722 1287 2749 κατ’
1297 2721 1394 2757 ὀδύνην
1406 2722 1554 2755 ἀκουσίους
1566 2722 1740 2759 πειρασμοὺς
1751 2723 1885 2757 γενναίως

1085 2769 1287 2804 ὑπομένουσαν,
1305 2769 1363 2800 τοῖς
1377 2768 1406 2795 δὲ
1423 2768 1484 2795 καθ’
1500 2769 1598 2803 ἡδονὴν
1612 2769 1749 2801 ἑκουσίοις
1764 2769 1802 2805 μὴ
1817 2769 1885 2796 ὑπο-

1086 2815 1252 2848 πίπτουσαν,
1262 2814 1430 2842 τελειοποιὴν
1440 2815 1546 2849 σοφίαν,
1557 2815 1680 2847 σπανίως
1698 2815 1761 2848 νοῦς
1778 2815 1886 2851 ἀνθρὼο

1087 2871 1165 2894 πινος
1179 2862 1330 2897 κτήσεται·
1351 2861 1393 2888 ὅτι
1421 2862 1535 2889 σπάνιον
1554 2862 1571 2897 ἡ
1585 2862 1631 2889 τοῦ
1651 2861 1758 2896 ἀγαθοῦ
1773 2863 1882 2897 κτῆσις,

1088 2910 1136 2937 καὶ
1151 2909 1319 2944 πρόσαντες*
1335 2907 1386 2936 κᾶν
1404 2907 1470 2935 πολὺ
1494 2908 1523 2935 τὸ
1540 2909 1671 2944 μεθέλκον
1690 2910 1732 2946 εἴη
1750 2909 1797 2937 καὶ
1812 2917 1882 2946 προ-

1088 2956 1171 2985 καλού
1177 2965 1209 2993 με
1215 2965 1265 2985 νον.
