  <div class='ocr_page' id='page_1' title='image "/cluster/home/n/w/nwhite01/storage/ocr_20150623/87, pt.1/njp.32101013202641/777.png"; bbox 0 0 2072 3161; ppageno 0'>
   <div class='ocr_carea' id='block_1_1' title="bbox 256 127 1893 162">
    <p class='ocr_par' dir='ltr' id='par_1_1' title="bbox 256 127 1893 162">
     <span class='ocr_line' id='line_1_1' title="bbox 256 127 1893 162; baseline 0.006 -10"><span class='ocrx_word' id='word_1_1' title='bbox 256 127 322 161; x_wconf 73' lang='lat'><strong>1539</strong></span> <span class='ocrx_word' id='word_1_2' title='bbox 906 127 1081 157; x_wconf 78' lang='lat' dir='ltr'><strong>PROCOPII</strong></span> <span class='ocrx_word' id='word_1_3' title='bbox 1100 127 1223 158; x_wconf 51' lang='lat' dir='ltr'><strong>GAZi’El</strong></span> <span class='ocrx_word' id='word_1_4' title='bbox 1825 131 1893 162; x_wconf 63' lang='grc'><strong>1540</strong></span> 
     </span>
    </p>
   </div>
   <div class='ocr_carea' id='block_1_2' title="bbox 256 184 1047 222">
    <p class='ocr_par' dir='ltr' id='par_1_2' title="bbox 256 184 1047 221">
     <span class='ocr_line' id='line_1_2' title="bbox 256 184 1047 221; baseline -0.001 -8"><span class='ocrx_word' id='word_1_5' title='bbox 256 186 366 214; x_wconf 80' lang='lat' dir='ltr'><strong>fortiter</strong></span> <span class='ocrx_word' id='word_1_6' title='bbox 390 185 524 221; x_wconf 74' lang='lat' dir='ltr'><strong>alligavit,</strong></span> <span class='ocrx_word' id='word_1_7' title='bbox 544 185 595 212; x_wconf 90' lang='lat' dir='ltr'><strong>has</strong></span> <span class='ocrx_word' id='word_1_8' title='bbox 616 184 765 213; x_wconf 84' lang='lat' dir='ltr'><strong>facultates</strong></span> <span class='ocrx_word' id='word_1_9' title='bbox 786 185 891 212; x_wconf 75' lang='lat' dir='ltr'><strong>artivas</strong></span> <span class='ocrx_word' id='word_1_10' title='bbox 911 192 926 211; x_wconf 89' lang='lat' dir='ltr'><strong>a</strong></span> <span class='ocrx_word' id='word_1_11' title='bbox 947 192 978 212; x_wconf 88' lang='lat' dir='ltr'><strong>se</strong></span> <span class='ocrx_word' id='word_1_12' title='bbox 993 193 1047 212; x_wconf 90' lang='lat' dir='ltr'><strong>mo-</strong></span> 
     </span>
    </p>
   </div>
   <div class='ocr_carea' id='block_1_3' title="bbox 1098 184 1895 222">
    <p class='ocr_par' dir='ltr' id='par_1_3' title="bbox 1100 185 1895 222">
     <span class='ocr_line' id='line_1_3' title="bbox 1100 185 1895 222; baseline 0.005 -10"><span class='ocrx_word' id='word_1_13' title='bbox 1100 187 1278 222; x_wconf 83' lang='grc' dir='ltr'>προσκαιρων</span> <span class='ocrx_word' id='word_1_14' title='bbox 1289 185 1415 220; x_wconf 79' lang='grc' dir='ltr'><strong>ὀρέξεως,</strong></span> <span class='ocrx_word' id='word_1_15' title='bbox 1433 187 1482 213; x_wconf 77' lang='grc' dir='ltr'>καὶ</span> <span class='ocrx_word' id='word_1_16' title='bbox 1496 187 1701 222; x_wconf 78' lang='grc' dir='ltr'>περισφίγξασα</span> <span class='ocrx_word' id='word_1_17' title='bbox 1710 187 1813 222; x_wconf 83' lang='grc' dir='ltr'>ταύτην</span> <span class='ocrx_word' id='word_1_18' title='bbox 1824 191 1895 217; x_wconf 80' lang='grc' dir='ltr'><strong>κατά</strong></span> 
     </span>
    </p>
   </div>
   <div class='ocr_carea' id='block_1_4' title="bbox 255 230 1049 266">
    <p class='ocr_par' dir='ltr' id='par_1_4' title="bbox 255 230 1049 266">
     <span class='ocr_line' id='line_1_4' title="bbox 255 230 1049 266; baseline -0.004 -6"><span class='ocrx_word' id='word_1_19' title='bbox 255 232 370 265; x_wconf 82' lang='lat' dir='ltr'><strong>vendas,</strong></span> <span class='ocrx_word' id='word_1_20' title='bbox 387 232 415 259; x_wconf 91' lang='lat' dir='ltr'><strong>in</strong></span> <span class='ocrx_word' id='word_1_21' title='bbox 437 231 631 259; x_wconf 87' lang='lat' dir='ltr'><strong>ohservalionc</strong></span> <span class='ocrx_word' id='word_1_22' title='bbox 651 231 844 258; x_wconf 73' lang='lat' dir='ltr'><strong>mandatorum</strong></span> <span class='ocrx_word' id='word_1_23' title='bbox 863 230 911 258; x_wconf 86' lang='lat' dir='ltr'><strong>Dei</strong></span> <span class='ocrx_word' id='word_1_24' title='bbox 927 230 1049 266; x_wconf 82' lang='lat' dir='ltr'><strong>pruden-</strong></span> 
     </span>
    </p>
   </div>
   <div class='ocr_carea' id='block_1_5' title="bbox 257 276 1048 311">
    <p class='ocr_par' dir='ltr' id='par_1_5' title="bbox 257 276 1048 311">
     <span class='ocr_line' id='line_1_5' title="bbox 257 276 1048 311; baseline -0.005 -4"><span class='ocrx_word' id='word_1_25' title='bbox 257 284 300 307; x_wconf 84' lang='lat' dir='ltr'><strong>ter</strong></span> <span class='ocrx_word' id='word_1_26' title='bbox 324 279 479 306; x_wconf 82' lang='lat' dir='ltr'><strong>confirmat.</strong></span> <span class='ocrx_word' id='word_1_27' title='bbox 496 277 537 305; x_wconf 82' lang='lat' dir='ltr'><strong>Ad</strong></span> <span class='ocrx_word' id='word_1_28' title='bbox 565 277 712 304; x_wconf 89' lang='lat' dir='ltr'><strong>amandqu</strong></span> <span class='ocrx_word' id='word_1_29' title='bbox 738 276 823 304; x_wconf 89' lang='lat' dir='ltr'><strong>Deum</strong></span> <span class='ocrx_word' id='word_1_30' title='bbox 848 280 875 304; x_wconf 89' lang='lat' dir='ltr'><strong>et</strong></span> <span class='ocrx_word' id='word_1_31' title='bbox 892 276 1048 311; x_wconf 82' lang='lat' dir='ltr'><strong>proximum</strong></span> 
     </span>
    </p>
   </div>
   <div class='ocr_carea' id='block_1_6' title="bbox 256 322 1050 359">
    <p class='ocr_par' dir='ltr' id='par_1_6' title="bbox 256 322 1050 359">
     <span class='ocr_line' id='line_1_6' title="bbox 256 322 1050 359; baseline -0.003 -8"><span class='ocrx_word' id='word_1_32' title='bbox 256 325 395 359; x_wconf 74' lang='lat' dir='ltr'><strong>cupiditas</strong></span> <span class='ocrx_word' id='word_1_33' title='bbox 426 331 534 358; x_wconf 84' lang='lat' dir='ltr'><strong>semper</strong></span> <span class='ocrx_word' id='word_1_34' title='bbox 559 327 695 355; x_wconf 81' lang='lat' dir='ltr'><strong>movetur.</strong></span> <span class='ocrx_word' id='word_1_35' title='bbox 717 323 757 350; x_wconf 91' lang='lat' dir='ltr'><strong>ira</strong></span> <span class='ocrx_word' id='word_1_36' title='bbox 780 330 844 350; x_wconf 81' lang='lat' dir='ltr'><strong>vero</strong></span> <span class='ocrx_word' id='word_1_37' title='bbox 867 322 900 350; x_wconf 87' lang='lat' dir='ltr'><strong>ad</strong></span> <span class='ocrx_word' id='word_1_38' title='bbox 923 329 1050 357; x_wconf 75' lang='lat' dir='ltr'><strong>pugnan-</strong></span> 
     </span>
    </p>
   </div>
   <div class='ocr_carea' id='block_1_7' title="bbox 256 367 1048 403">
    <p class='ocr_par' dir='ltr' id='par_1_7' title="bbox 256 367 1048 403">
     <span class='ocr_line' id='line_1_7' title="bbox 256 367 1048 403; baseline -0.003 -7"><span class='ocrx_word' id='word_1_39' title='bbox 256 369 322 396; x_wconf 86' lang='lat' dir='ltr'><strong>dum</strong></span> <span class='ocrx_word' id='word_1_40' title='bbox 340 374 437 396; x_wconf 83' lang='lat' dir='ltr'><strong>contra</strong></span> <span class='ocrx_word' id='word_1_41' title='bbox 453 373 609 403; x_wconf 74' lang='lat' dir='ltr'><strong>serpentem</strong></span> <span class='ocrx_word' id='word_1_42' title='bbox 625 373 758 400; x_wconf 85' lang='lat' dir='ltr'><strong>astutum.</strong></span> <span class='ocrx_word' id='word_1_43' title='bbox 775 368 821 402; x_wconf 87' lang='lat' dir='ltr'><strong>qui</strong></span> <span class='ocrx_word' id='word_1_44' title='bbox 843 367 868 395; x_wconf 94' lang='lat' dir='ltr'><strong>ei</strong></span> <span class='ocrx_word' id='word_1_45' title='bbox 890 367 1048 395; x_wconf 77' lang='lat' dir='ltr'><strong>insidiatur.</strong></span> 
     </span>
    </p>
   </div>
   <div class='ocr_carea' id='block_1_8' title="bbox 257 413 1047 450">
    <p class='ocr_par' dir='ltr' id='par_1_8' title="bbox 257 413 1047 450">
     <span class='ocr_line' id='line_1_8' title="bbox 257 413 1047 450; baseline -0.001 -8"><span class='ocrx_word' id='word_1_46' title='bbox 257 415 296 442; x_wconf 82' lang='lat' dir='ltr'><strong>Ex</strong></span> <span class='ocrx_word' id='word_1_47' title='bbox 313 415 422 442; x_wconf 76' lang='lat' dir='ltr'><strong>actibus</strong></span> <span class='ocrx_word' id='word_1_48' title='bbox 445 415 573 450; x_wconf 79' lang='lat' dir='ltr'><strong>probavit</strong></span> <span class='ocrx_word' id='word_1_49' title='bbox 600 415 760 442; x_wconf 88' lang='lat' dir='ltr'><strong>intellectus</strong></span> <span class='ocrx_word' id='word_1_50' title='bbox 786 415 888 442; x_wconf 90' lang='lat' dir='ltr'><strong>bonum</strong></span> <span class='ocrx_word' id='word_1_51' title='bbox 912 421 975 442; x_wconf 86' lang='lat' dir='ltr'><strong>esse</strong></span> <span class='ocrx_word' id='word_1_52' title='bbox 1000 413 1047 442; x_wconf 88' lang='lat' dir='ltr'><strong>Dei</strong></span> 
     </span>
    </p>
   </div>
   <div class='ocr_carea' id='block_1_9' title="bbox 256 460 1047 495">
    <p class='ocr_par' dir='ltr' id='par_1_9' title="bbox 256 460 1047 495">
     <span class='ocr_line' id='line_1_9' title="bbox 256 460 1047 495; baseline -0.003 -7"><span class='ocrx_word' id='word_1_53' title='bbox 256 460 395 489; x_wconf 79' lang='lat' dir='ltr'><strong>mandatis</strong></span> <span class='ocrx_word' id='word_1_54' title='bbox 421 461 545 488; x_wconf 85' lang='lat' dir='ltr'><strong>obedire.</strong></span> <span class='ocrx_word' id='word_1_55' title='bbox 571 460 603 487; x_wconf 86' lang='lat' dir='ltr'><strong>Et</strong></span> <span class='ocrx_word' id='word_1_56' title='bbox 627 461 719 488; x_wconf 85' lang='lat' dir='ltr'><strong>lumen</strong></span> <span class='ocrx_word' id='word_1_57' title='bbox 744 461 870 488; x_wconf 71' lang='lat' dir='ltr'><strong>scientiae</strong></span> <span class='ocrx_word' id='word_1_58' title='bbox 896 460 923 487; x_wconf 93' lang='lat' dir='ltr'><strong>in</strong></span> <span class='ocrx_word' id='word_1_59' title='bbox 946 460 1007 495; x_wconf 86' lang='lat' dir='ltr'><strong>ipso</strong></span> <span class='ocrx_word' id='word_1_60' title='bbox 1031 467 1047 486; x_wconf 86' lang='lat' dir='ltr'><strong>a</strong></span> 
     </span>
    </p>
   </div>
   <div class='ocr_carea' id='block_1_10' title="bbox 257 503 1048 543">
    <p class='ocr_par' dir='ltr' id='par_1_10' title="bbox 257 503 1048 543">
     <span class='ocr_line' id='line_1_10' title="bbox 257 503 1048 543; baseline -0.001 -9"><span class='ocrx_word' id='word_1_61' title='bbox 257 508 362 543; x_wconf 84' lang='lat' dir='ltr'><strong>Spiritu</strong></span> <span class='ocrx_word' id='word_1_62' title='bbox 392 507 581 535; x_wconf 83' lang='lat' dir='ltr'><strong>illuminatum</strong></span> <span class='ocrx_word' id='word_1_63' title='bbox 610 507 643 534; x_wconf 88' lang='lat' dir='ltr'><strong>ad</strong></span> <span class='ocrx_word' id='word_1_64' title='bbox 673 507 821 542; x_wconf 73' lang='lat' dir='ltr'><strong>agendum,</strong></span> <span class='ocrx_word' id='word_1_65' title='bbox 842 503 950 541; x_wconf 69' lang='lat' dir='ltr'><strong>semper</strong></span> <span class='ocrx_word' id='word_1_66' title='bbox 978 506 1048 533; x_wconf 83' lang='lat' dir='ltr'><strong>luci-</strong></span> 
     </span>
    </p>
   </div>
   <div class='ocr_carea' id='block_1_11' title="bbox 256 552 1049 588">
    <p class='ocr_par' dir='ltr' id='par_1_11' title="bbox 256 552 1049 588">
     <span class='ocr_line' id='line_1_11' title="bbox 256 552 1049 588; baseline -0.003 -7"><span class='ocrx_word' id='word_1_67' title='bbox 256 553 322 582; x_wconf 91' lang='lat' dir='ltr'><strong>dum</strong></span> <span class='ocrx_word' id='word_1_68' title='bbox 340 556 442 586; x_wconf 79' lang='lat' dir='ltr'><strong>servat,</strong></span> <span class='ocrx_word' id='word_1_69' title='bbox 459 553 511 579; x_wconf 90' lang='lat' dir='ltr'><strong>hoc</strong></span> <span class='ocrx_word' id='word_1_70' title='bbox 528 557 582 584; x_wconf 78' lang='lat' dir='ltr'><strong>est,</strong></span> <span class='ocrx_word' id='word_1_71' title='bbox 602 554 688 588; x_wconf 76' lang='lat' dir='ltr'><strong>legem</strong></span> <span class='ocrx_word' id='word_1_72' title='bbox 707 553 823 588; x_wconf 81' lang='lat' dir='ltr'><strong>spiritus</strong></span> <span class='ocrx_word' id='word_1_73' title='bbox 840 553 947 587; x_wconf 75' lang='lat' dir='ltr'><strong>fulgore</strong></span> <span class='ocrx_word' id='word_1_74' title='bbox 963 552 1049 580; x_wconf 84' lang='lat' dir='ltr'><strong>bono-</strong></span> 
     </span>
    </p>
   </div>
   <div class='ocr_carea' id='block_1_12' title="bbox 257 597 1047 634">
    <p class='ocr_par' dir='ltr' id='par_1_12' title="bbox 257 597 1047 634">
     <span class='ocr_line' id='line_1_12' title="bbox 257 597 1047 634; baseline -0.001 -8"><span class='ocrx_word' id='word_1_75' title='bbox 257 606 318 626; x_wconf 91' lang='lat' dir='ltr'><strong>rum</strong></span> <span class='ocrx_word' id='word_1_76' title='bbox 331 606 445 632; x_wconf 84' lang='lat' dir='ltr'><strong>operum</strong></span> <span class='ocrx_word' id='word_1_77' title='bbox 459 597 608 632; x_wconf 77' lang='lat' dir='ltr'><strong>fulgentem</strong></span> <span class='ocrx_word' id='word_1_78' title='bbox 625 603 652 625; x_wconf 88' lang='lat' dir='ltr'><strong>et</strong></span> <span class='ocrx_word' id='word_1_79' title='bbox 666 599 796 626; x_wconf 85' lang='lat' dir='ltr'><strong>tenebras</strong></span> <span class='ocrx_word' id='word_1_80' title='bbox 809 603 926 626; x_wconf 67' lang='lat' dir='ltr'><strong>terrena:</strong></span> <span class='ocrx_word' id='word_1_81' title='bbox 942 599 1047 634; x_wconf 86' lang='lat' dir='ltr'><strong>sapien-</strong></span> 
     </span>
    </p>
   </div>
   <div class='ocr_carea' id='block_1_13' title="bbox 257 645 650 680">
    <p class='ocr_par' dir='ltr' id='par_1_13' title="bbox 257 645 650 680">
     <span class='ocr_line' id='line_1_13' title="bbox 257 645 650 680; baseline -0.005 -6"><span class='ocrx_word' id='word_1_82' title='bbox 257 647 303 674; x_wconf 67' lang='lat' dir='ltr'><strong>tia:</strong></span> <span class='ocrx_word' id='word_1_83' title='bbox 318 646 344 673; x_wconf 93' lang='lat' dir='ltr'><strong>in</strong></span> <span class='ocrx_word' id='word_1_84' title='bbox 362 653 444 672; x_wconf 85' lang='lat' dir='ltr'><strong>carne</strong></span> <span class='ocrx_word' id='word_1_85' title='bbox 460 645 650 680; x_wconf 87' lang='lat' dir='ltr'><strong>dissipantem.</strong></span> 
     </span>
    </p>
   </div>
   <div class='ocr_carea' id='block_1_14' title="bbox 1102 231 1894 270">
    <p class='ocr_par' dir='ltr' id='par_1_14' title="bbox 1102 231 1894 270">
     <span class='ocr_line' id='line_1_14' title="bbox 1102 231 1894 270; baseline 0.004 -12"><span class='ocrx_word' id='word_1_86' title='bbox 1102 231 1188 267; x_wconf 82' lang='grc' dir='ltr'>θυμδν</span> <span class='ocrx_word' id='word_1_87' title='bbox 1204 232 1350 268; x_wconf 76' lang='grc' dir='ltr'><strong>ἀνδρικῶς,</strong></span> <span class='ocrx_word' id='word_1_88' title='bbox 1378 232 1507 269; x_wconf 72' lang='grc' dir='ltr'>ὶστήριξε</span> <span class='ocrx_word' id='word_1_89' title='bbox 1530 233 1632 265; x_wconf 83' lang='grc' dir='ltr'>ταύτας</span> <span class='ocrx_word' id='word_1_90' title='bbox 1643 233 1693 266; x_wconf 84' lang='grc' dir='ltr'><strong>τὰς</strong></span> <span class='ocrx_word' id='word_1_91' title='bbox 1715 233 1790 270; x_wconf 47' lang='grc' dir='ltr'>παρ’,</span> <span class='ocrx_word' id='word_1_92' title='bbox 1809 234 1894 270; x_wconf 77' lang='grc' dir='ltr'>αὐτῆς</span> 
     </span>
    </p>
   </div>
   <div class='ocr_carea' id='block_1_15' title="bbox 1101 278 1893 315">
    <p class='ocr_par' dir='ltr' id='par_1_15' title="bbox 1101 278 1893 315">
     <span class='ocr_line' id='line_1_15' title="bbox 1101 278 1893 315; baseline 0.004 -11"><span class='ocrx_word' id='word_1_93' title='bbox 1101 278 1266 312; x_wconf 83' lang='grc' dir='ltr'><strong>κινουμένας</strong></span> <span class='ocrx_word' id='word_1_94' title='bbox 1278 278 1435 313; x_wconf 76' lang='grc' dir='ltr'>πρακτικὰς</span> <span class='ocrx_word' id='word_1_95' title='bbox 1448 279 1588 314; x_wconf 79' lang='grc' dir='ltr'>δυνάμεις,</span> <span class='ocrx_word' id='word_1_96' title='bbox 1599 280 1660 306; x_wconf 84' lang='grc' dir='ltr'>κατ’</span> <span class='ocrx_word' id='word_1_97' title='bbox 1669 279 1792 315; x_wconf 78' lang='grc' dir='ltr'>ἔμφρονα</span> <span class='ocrx_word' id='word_1_98' title='bbox 1803 280 1893 314; x_wconf 83' lang='grc' dir='ltr'>λόγον,</span> 
     </span>
    </p>
   </div>
   <div class='ocr_carea' id='block_1_16' title="bbox 1100 324 1894 361">
    <p class='ocr_par' dir='ltr' id='par_1_16' title="bbox 1100 324 1894 361">
     <span class='ocr_line' id='line_1_16' title="bbox 1100 324 1894 361; baseline 0.003 -11"><span class='ocrx_word' id='word_1_99' title='bbox 1100 324 1130 350; x_wconf 83' lang='grc' dir='ltr'>ὲν</span> <span class='ocrx_word' id='word_1_100' title='bbox 1147 325 1179 359; x_wconf 84' lang='grc' dir='ltr'>τῇ</span> <span class='ocrx_word' id='word_1_101' title='bbox 1195 324 1313 360; x_wconf 73' lang='grc' dir='ltr'>ἐργασίᾳ</span> <span class='ocrx_word' id='word_1_102' title='bbox 1328 325 1384 351; x_wconf 83' lang='grc' dir='ltr'><strong>τῶν</strong></span> <span class='ocrx_word' id='word_1_103' title='bbox 1398 325 1446 351; x_wconf 84' lang='grc' dir='ltr'><strong>τοῦ</strong></span> <span class='ocrx_word' id='word_1_104' title='bbox 1461 325 1529 352; x_wconf 85' lang='grc' dir='ltr'>Θεοῦ</span> <span class='ocrx_word' id='word_1_105' title='bbox 1542 325 1657 353; x_wconf 70' lang='grc' dir='ltr'>ἐντολῶν</span> <span class='ocrx_word' id='word_1_106' title='bbox 1670 335 1677 342; x_wconf 91' lang='grc'>·</span> <span class='ocrx_word' id='word_1_107' title='bbox 1691 326 1721 352; x_wconf 75' lang='grc' dir='ltr'>τὸ</span> <span class='ocrx_word' id='word_1_108' title='bbox 1734 327 1783 361; x_wconf 78' lang='grc' dir='ltr'>μὲν</span> <span class='ocrx_word' id='word_1_109' title='bbox 1800 326 1894 353; x_wconf 81' lang='grc' dir='ltr'>ἐπιθυ-</span> 
     </span>
    </p>
   </div>
   <div class='ocr_carea' id='block_1_17' title="bbox 1103 370 1894 407">
    <p class='ocr_par' dir='ltr' id='par_1_17' title="bbox 1103 370 1894 407">
     <span class='ocr_line' id='line_1_17' title="bbox 1103 370 1894 407; baseline 0.003 -10"><span class='ocrx_word' id='word_1_110' title='bbox 1103 370 1229 406; x_wconf 77' lang='grc' dir='ltr'>μητικὸν,</span> <span class='ocrx_word' id='word_1_111' title='bbox 1244 371 1312 406; x_wconf 73' lang='grc' dir='ltr'>πρὺς</span> <span class='ocrx_word' id='word_1_112' title='bbox 1323 370 1373 406; x_wconf 82' lang='grc' dir='ltr'>τὴν</span> <span class='ocrx_word' id='word_1_113' title='bbox 1384 371 1432 398; x_wconf 84' lang='grc' dir='ltr'><strong>τοῦ</strong></span> <span class='ocrx_word' id='word_1_114' title='bbox 1448 370 1516 398; x_wconf 84' lang='grc' dir='ltr'><strong>Θεοῦ</strong></span> <span class='ocrx_word' id='word_1_115' title='bbox 1531 371 1638 398; x_wconf 77' lang='grc' dir='ltr'>καὶτοῦ</span> <span class='ocrx_word' id='word_1_116' title='bbox 1654 371 1770 407; x_wconf 84' lang='grc' dir='ltr'><strong>πλησίον</strong></span> <span class='ocrx_word' id='word_1_117' title='bbox 1783 372 1894 407; x_wconf 75' lang='grc' dir='ltr'>ἀγάπην</span> 
     </span>
    </p>
   </div>
   <div class='ocr_carea' id='block_1_18' title="bbox 1101 416 1894 452">
    <p class='ocr_par' dir='ltr' id='par_1_18' title="bbox 1101 416 1894 452">
     <span class='ocr_line' id='line_1_18' title="bbox 1101 416 1894 452; baseline -0.001 -9"><span class='ocrx_word' id='word_1_118' title='bbox 1101 416 1240 452; x_wconf 84' lang='grc' dir='ltr'>ὲπιμόνως</span> <span class='ocrx_word' id='word_1_119' title='bbox 1255 417 1393 450; x_wconf 77' lang='grc' dir='ltr'><strong>κινήσασα</strong></span> <span class='ocrx_word' id='word_1_120' title='bbox 1403 425 1410 432; x_wconf 71' lang='grc' dir='ltr'><strong>ο</strong></span> <span class='ocrx_word' id='word_1_121' title='bbox 1425 416 1456 443; x_wconf 77' lang='grc' dir='ltr'>τὸ</span> <span class='ocrx_word' id='word_1_122' title='bbox 1470 416 1498 443; x_wconf 80' lang='grc' dir='ltr'>δὲ</span> <span class='ocrx_word' id='word_1_123' title='bbox 1510 416 1637 451; x_wconf 75' lang='grc' dir='ltr'>θυμικὸν,</span> <span class='ocrx_word' id='word_1_124' title='bbox 1654 417 1725 444; x_wconf 81' lang='grc' dir='ltr'><strong>κατά</strong></span> <span class='ocrx_word' id='word_1_125' title='bbox 1737 417 1786 443; x_wconf 90' lang='grc' dir='ltr'><strong>τοῦ</strong></span> <span class='ocrx_word' id='word_1_126' title='bbox 1801 417 1894 444; x_wconf 80' lang='grc' dir='ltr'>ποικί-</span> 
     </span>
    </p>
   </div>
   <div class='ocr_carea' id='block_1_19' title="bbox 1101 461 1894 498">
    <p class='ocr_par' dir='ltr' id='par_1_19' title="bbox 1101 461 1894 498">
     <span class='ocr_line' id='line_1_19' title="bbox 1101 461 1894 498; baseline 0 -10"><span class='ocrx_word' id='word_1_127' title='bbox 1101 462 1154 494; x_wconf 90' lang='grc' dir='ltr'><strong>λως</strong></span> <span class='ocrx_word' id='word_1_128' title='bbox 1171 461 1257 497; x_wconf 80' lang='grc' dir='ltr'>ταύτῃ</span> <span class='ocrx_word' id='word_1_129' title='bbox 1270 461 1495 493; x_wconf 72' lang='grc' dir='ltr'>ἐπιϐουλεύοντος</span> <span class='ocrx_word' id='word_1_130' title='bbox 1513 461 1609 497; x_wconf 81' lang='grc' dir='ltr'>νοητοῦ</span> <span class='ocrx_word' id='word_1_131' title='bbox 1622 462 1710 496; x_wconf 81' lang='grc' dir='ltr'>δφεως</span> <span class='ocrx_word' id='word_1_132' title='bbox 1735 462 1783 489; x_wconf 82' lang='grc' dir='ltr'>καὶ</span> <span class='ocrx_word' id='word_1_133' title='bbox 1802 462 1894 498; x_wconf 75' lang='grc' dir='ltr'>ἔργοις</span> 
     </span>
    </p>
   </div>
   <div class='ocr_carea' id='block_1_20' title="bbox 1101 507 1893 543">
    <p class='ocr_par' dir='ltr' id='par_1_20' title="bbox 1101 507 1893 543">
     <span class='ocr_line' id='line_1_20' title="bbox 1101 507 1893 543; baseline 0.003 -10"><span class='ocrx_word' id='word_1_134' title='bbox 1101 508 1195 538; x_wconf 84' lang='grc' dir='ltr'>αὐτοῖς</span> <span class='ocrx_word' id='word_1_135' title='bbox 1210 507 1282 534; x_wconf 80' lang='grc' dir='ltr'><strong>κατά</strong></span> <span class='ocrx_word' id='word_1_136' title='bbox 1294 507 1357 534; x_wconf 83' lang='grc' dir='ltr'>νοῦν</span> <span class='ocrx_word' id='word_1_137' title='bbox 1368 508 1514 543; x_wconf 77' lang='grc' dir='ltr'>ἐπειράθη,</span> <span class='ocrx_word' id='word_1_138' title='bbox 1528 508 1569 534; x_wconf 83' lang='grc' dir='ltr'>ὅτι</span> <span class='ocrx_word' id='word_1_139' title='bbox 1591 507 1694 541; x_wconf 77' lang='grc' dir='ltr'>ἀγαθὸν</span> <span class='ocrx_word' id='word_1_140' title='bbox 1703 508 1735 534; x_wconf 73' lang='grc' dir='ltr'><strong>τὸ</strong></span> <span class='ocrx_word' id='word_1_141' title='bbox 1757 510 1843 535; x_wconf 78' lang='grc' dir='ltr'>ποιεῖν</span> <span class='ocrx_word' id='word_1_142' title='bbox 1859 509 1893 535; x_wconf 74' lang='grc' dir='ltr'><strong>τὰ</strong></span> 
     </span>
    </p>
   </div>
   <div class='ocr_carea' id='block_1_21' title="bbox 1102 552 1894 588">
    <p class='ocr_par' dir='ltr' id='par_1_21' title="bbox 1102 552 1894 588">
     <span class='ocr_line' id='line_1_21' title="bbox 1102 552 1894 588; baseline 0.003 -9"><span class='ocrx_word' id='word_1_143' title='bbox 1102 552 1163 580; x_wconf 84' lang='grc' dir='ltr'>θεῖα</span> <span class='ocrx_word' id='word_1_144' title='bbox 1178 554 1398 587; x_wconf 79' lang='grc' dir='ltr'>προστάγματα·</span> <span class='ocrx_word' id='word_1_145' title='bbox 1421 554 1469 580; x_wconf 77' lang='grc' dir='ltr'>καὶ</span> <span class='ocrx_word' id='word_1_146' title='bbox 1495 553 1672 588; x_wconf 83' lang='grc' dir='ltr'>διαφυλάττει</span> <span class='ocrx_word' id='word_1_147' title='bbox 1697 553 1829 581; x_wconf 78' lang='grc' dir='ltr'>ἄσῦεστον</span> <span class='ocrx_word' id='word_1_148' title='bbox 1848 554 1894 581; x_wconf 58' lang='grc' dir='ltr'><strong>τὶν</strong></span> 
     </span>
    </p>
   </div>
   <div class='ocr_carea' id='block_1_22' title="bbox 1100 597 1895 637">
    <p class='ocr_par' dir='ltr' id='par_1_22' title="bbox 1100 597 1895 637">
     <span class='ocr_line' id='line_1_22' title="bbox 1100 597 1895 637; baseline 0.003 -12"><span class='ocrx_word' id='word_1_149' title='bbox 1100 597 1167 634; x_wconf 79' lang='grc' dir='ltr'>παρ’</span> <span class='ocrx_word' id='word_1_150' title='bbox 1183 599 1270 633; x_wconf 85' lang='grc' dir='ltr'>αὐτῆς</span> <span class='ocrx_word' id='word_1_151' title='bbox 1290 600 1324 635; x_wconf 80' lang='grc' dir='ltr'>τῇ</span> <span class='ocrx_word' id='word_1_152' title='bbox 1340 599 1414 635; x_wconf 77' lang='grc' dir='ltr'>ψυχῇ</span> <span class='ocrx_word' id='word_1_153' title='bbox 1429 600 1634 635; x_wconf 87' lang='grc' dir='ltr'>πυρσευόμενον</span> <span class='ocrx_word' id='word_1_154' title='bbox 1651 600 1722 627; x_wconf 86' lang='grc' dir='ltr'><strong>κατά</strong></span> <span class='ocrx_word' id='word_1_155' title='bbox 1748 600 1848 637; x_wconf 79' lang='grc' dir='ltr'>πρᾶξιν</span> <span class='ocrx_word' id='word_1_156' title='bbox 1864 601 1895 627; x_wconf 78' lang='grc' dir='ltr'>ἑν</span> 
     </span>
    </p>
   </div>
   <div class='ocr_carea' id='block_1_23' title="bbox 1100 644 1893 681">
    <p class='ocr_par' dir='ltr' id='par_1_23' title="bbox 1100 644 1893 681">
     <span class='ocr_line' id='line_1_23' title="bbox 1100 644 1893 681; baseline 0.003 -10"><span class='ocrx_word' id='word_1_157' title='bbox 1100 644 1237 679; x_wconf 87' lang='grc' dir='ltr'>πνεύματι</span> <span class='ocrx_word' id='word_1_158' title='bbox 1251 645 1331 679; x_wconf 76' lang='grc' dir='ltr'>λόγον</span> <span class='ocrx_word' id='word_1_159' title='bbox 1345 646 1395 680; x_wconf 79' lang='grc' dir='ltr'>τῆς</span> <span class='ocrx_word' id='word_1_160' title='bbox 1407 645 1550 679; x_wconf 88' lang='grc' dir='ltr'>γνώσεως·</span> <span class='ocrx_word' id='word_1_161' title='bbox 1577 646 1664 681; x_wconf 73' lang='grc' dir='ltr'>ἦγουν</span> <span class='ocrx_word' id='word_1_162' title='bbox 1683 646 1729 673; x_wconf 88' lang='grc' dir='ltr'><strong>τδν</strong></span> <span class='ocrx_word' id='word_1_163' title='bbox 1750 646 1832 681; x_wconf 87' lang='grc' dir='ltr'>νόμον</span> <span class='ocrx_word' id='word_1_164' title='bbox 1845 646 1893 673; x_wconf 88' lang='grc' dir='ltr'><strong>τοῦ</strong></span> 
     </span>
    </p>
   </div>
   <div class='ocr_carea' id='block_1_24' title="bbox 256 690 1894 728">
    <p class='ocr_par' dir='ltr' id='par_1_24' title="bbox 256 690 1894 728">
     <span class='ocr_line' id='line_1_24' title="bbox 256 690 1894 728; baseline -0.001 -9"><span class='ocrx_word' id='word_1_165' title='bbox 256 693 422 727; x_wconf 68' lang='grc' dir='ltr'>πνεύιματος,</span> <span class='ocrx_word' id='word_1_166' title='bbox 436 691 579 726; x_wconf 82' lang='grc' dir='ltr'>λάμποντα</span> <span class='ocrx_word' id='word_1_167' title='bbox 593 692 653 722; x_wconf 89' lang='grc' dir='ltr'>ταῖς</span> <span class='ocrx_word' id='word_1_168' title='bbox 666 691 821 726; x_wconf 80' lang='grc' dir='ltr'>ἀστραπαῖς</span> <span class='ocrx_word' id='word_1_169' title='bbox 831 691 885 717; x_wconf 88' lang='grc' dir='ltr'><strong>τῶν</strong></span> <span class='ocrx_word' id='word_1_170' title='bbox 896 690 984 726; x_wconf 79' lang='grc' dir='ltr'>ἔργων</span> <span class='ocrx_word' id='word_1_171' title='bbox 993 690 1043 726; x_wconf 82' lang='grc' dir='ltr'>τῆς</span> <span class='ocrx_word' id='word_1_172' title='bbox 1058 690 1246 726; x_wconf 80' lang='grc' dir='ltr'>δικαιοσύνης,</span> <span class='ocrx_word' id='word_1_173' title='bbox 1263 691 1311 718; x_wconf 79' lang='grc' dir='ltr'><strong>καὶ</strong></span> <span class='ocrx_word' id='word_1_174' title='bbox 1340 691 1402 718; x_wconf 80' lang='grc' dir='ltr'>ὅλον</span> <span class='ocrx_word' id='word_1_175' title='bbox 1416 691 1627 723; x_wconf 73' lang='grc' dir='ltr'>διασκεδάζοντα</span> <span class='ocrx_word' id='word_1_176' title='bbox 1661 691 1707 718; x_wconf 73' lang='grc' dir='ltr'><strong>τὸν</strong></span> <span class='ocrx_word' id='word_1_177' title='bbox 1740 691 1894 728; x_wconf 80' lang='grc' dir='ltr'>σκοτασμδν</span> 
     </span>
    </p>
   </div>
   <div class='ocr_carea' id='block_1_25' title="bbox 255 737 785 773">
    <p class='ocr_par' dir='ltr' id='par_1_25' title="bbox 255 737 785 773">
     <span class='ocr_line' id='line_1_25' title="bbox 255 737 785 773; baseline -0.002 -8"><span class='ocrx_word' id='word_1_178' title='bbox 255 739 302 766; x_wconf 83' lang='grc' dir='ltr'><strong>τοῦ</strong></span> <span class='ocrx_word' id='word_1_179' title='bbox 316 737 409 773; x_wconf 73' lang='grc' dir='ltr'>χοῖκοῦ</span> <span class='ocrx_word' id='word_1_180' title='bbox 421 738 595 772; x_wconf 80' lang='grc' dir='ltr'>φρονήματος</span> <span class='ocrx_word' id='word_1_181' title='bbox 609 737 659 772; x_wconf 86' lang='grc' dir='ltr'>τῆς</span> <span class='ocrx_word' id='word_1_182' title='bbox 673 737 785 772; x_wconf 83' lang='grc' dir='ltr'>σαρκός.</span> 
     </span>
    </p>
   </div>
   <div class='ocr_carea' id='block_1_26' title="bbox 292 783 1047 815">
    <p class='ocr_par' dir='ltr' id='par_1_26' title="bbox 292 783 1047 815">
     <span class='ocr_line' id='line_1_26' title="bbox 292 783 1047 815; baseline 0 -4"><span class='ocrx_word' id='word_1_183' title='bbox 292 783 376 811; x_wconf 68' lang='lat' dir='ltr'><strong>Vsus.</strong></span> <span class='ocrx_word' id='word_1_184' title='bbox 391 783 434 810; x_wconf 76' lang='lat' dir='ltr'><strong>i9.</strong></span> <span class='ocrx_word' id='word_1_185' title='bbox 454 783 562 810; x_wconf 78' lang='lat' dir='ltr'><strong>Cubitos</strong></span> <span class='ocrx_word' id='word_1_186' title='bbox 577 792 639 811; x_wconf 64' lang='lat' dir='ltr'><strong>suos</strong></span> <span class='ocrx_word' id='word_1_187' title='bbox 653 785 770 811; x_wconf 70' lang='lat' dir='ltr'><strong>extendit</strong></span> <span class='ocrx_word' id='word_1_188' title='bbox 787 786 822 811; x_wconf 80' lang='lat' dir='ltr'><strong>ad</strong></span> <span class='ocrx_word' id='word_1_189' title='bbox 834 784 923 815; x_wconf 81' lang='lat' dir='ltr'><strong>utilia,</strong></span> <span class='ocrx_word' id='word_1_190' title='bbox 941 788 967 811; x_wconf 83' lang='lat' dir='ltr'><strong>et</strong></span> <span class='ocrx_word' id='word_1_191' title='bbox 988 793 1047 811; x_wconf 83' lang='lat' dir='ltr'><strong>ma-</strong></span> 
     </span>
    </p>
   </div>
   <div class='ocr_carea' id='block_1_27' title="bbox 257 830 1048 866">
    <p class='ocr_par' dir='ltr' id='par_1_27' title="bbox 257 830 1048 866">
     <span class='ocr_line' id='line_1_27' title="bbox 257 830 1048 866; baseline 0.001 -8"><span class='ocrx_word' id='word_1_192' title='bbox 257 839 305 858; x_wconf 75' lang='lat' dir='ltr'><strong>nus</strong></span> <span class='ocrx_word' id='word_1_193' title='bbox 329 838 391 857; x_wconf 65' lang='lat' dir='ltr'><strong>sua;</strong></span> <span class='ocrx_word' id='word_1_194' title='bbox 413 830 504 864; x_wconf 77' lang='lat' dir='ltr'><strong>ﬁrmat</strong></span> <span class='ocrx_word' id='word_1_195' title='bbox 523 830 557 856; x_wconf 82' lang='lat' dir='ltr'><strong>ad</strong></span> <span class='ocrx_word' id='word_1_196' title='bbox 576 830 676 865; x_wconf 75' lang='lat' dir='ltr'><strong>fusum.</strong></span> <span class='ocrx_word' id='word_1_197' title='bbox 695 830 842 866; x_wconf 85' lang='lat' dir='ltr'><strong>Proprium</strong></span> <span class='ocrx_word' id='word_1_198' title='bbox 858 831 993 866; x_wconf 88' lang='lat' dir='ltr'><strong>judicium</strong></span> <span class='ocrx_word' id='word_1_199' title='bbox 1014 832 1048 859; x_wconf 89' lang='lat' dir='ltr'><strong>de</strong></span> 
     </span>
    </p>
   </div>
   <div class='ocr_carea' id='block_1_28' title="bbox 1138 781 1892 818">
    <p class='ocr_par' dir='ltr' id='par_1_28' title="bbox 1138 781 1892 818">
     <span class='ocr_line' id='line_1_28' title="bbox 1138 781 1892 818; baseline 0 -8"><span class='ocrx_word' id='word_1_200' title='bbox 1138 783 1181 811; x_wconf 84' lang='grc' dir='ltr'><strong>ιθ’.</strong></span> <span class='ocrx_word' id='word_1_201' title='bbox 1198 783 1273 816; x_wconf 74' lang='grc' dir='ltr'>Τοὺς</span> <span class='ocrx_word' id='word_1_202' title='bbox 1287 782 1396 817; x_wconf 78' lang='grc' dir='ltr'><strong>πήχεις</strong></span> <span class='ocrx_word' id='word_1_203' title='bbox 1412 782 1508 817; x_wconf 83' lang='grc' dir='ltr'>αὐτῆς</span> <span class='ocrx_word' id='word_1_204' title='bbox 1520 782 1645 810; x_wconf 82' lang='grc' dir='ltr'>ἐκτείνει</span> <span class='ocrx_word' id='word_1_205' title='bbox 1662 781 1711 810; x_wconf 78' lang='grc' dir='ltr'><strong>ἐπὶ</strong></span> <span class='ocrx_word' id='word_1_206' title='bbox 1730 782 1766 809; x_wconf 83' lang='grc' dir='ltr'>τὰ</span> <span class='ocrx_word' id='word_1_207' title='bbox 1775 783 1892 818; x_wconf 70' lang='grc' dir='ltr'>συμφέ-</span> 
     </span>
    </p>
   </div>
   <div class='ocr_carea' id='block_1_29' title="bbox 1098 828 1892 864">
    <p class='ocr_par' dir='ltr' id='par_1_29' title="bbox 1098 828 1892 864">
     <span class='ocr_line' id='line_1_29' title="bbox 1098 828 1892 864; baseline 0.001 -8"><span class='ocrx_word' id='word_1_208' title='bbox 1098 838 1193 863; x_wconf 83' lang='grc' dir='ltr'>ροντα</span> <span class='ocrx_word' id='word_1_209' title='bbox 1202 837 1209 844; x_wconf 87' lang='grc'><em>’</em></span> <span class='ocrx_word' id='word_1_210' title='bbox 1227 829 1280 862; x_wconf 79' lang='grc' dir='ltr'>τὰς</span> <span class='ocrx_word' id='word_1_211' title='bbox 1295 828 1329 855; x_wconf 79' lang='grc' dir='ltr'>δὲ</span> <span class='ocrx_word' id='word_1_212' title='bbox 1338 829 1440 864; x_wconf 83' lang='grc' dir='ltr'>χεῖρας</span> <span class='ocrx_word' id='word_1_213' title='bbox 1449 828 1547 863; x_wconf 82' lang='grc' dir='ltr'>αὐτῆς</span> <span class='ocrx_word' id='word_1_214' title='bbox 1560 828 1666 863; x_wconf 76' lang='grc' dir='ltr'><strong>ἐρείδει</strong></span> <span class='ocrx_word' id='word_1_215' title='bbox 1679 830 1723 862; x_wconf 72' lang='grc' dir='ltr'>εἷς</span> <span class='ocrx_word' id='word_1_216' title='bbox 1733 829 1892 863; x_wconf 74' lang='grc' dir='ltr'>ἄτρακτον.</span> 
     </span>
    </p>
   </div>
   <div class='ocr_carea' id='block_1_30' title="bbox 257 869 1047 912">
    <p class='ocr_par' dir='ltr' id='par_1_30' title="bbox 257 877 1047 912">
     <span class='ocr_line' id='line_1_30' title="bbox 257 877 1047 912; baseline 0.001 -8"><span class='ocrx_word' id='word_1_217' title='bbox 257 878 410 905; x_wconf 83' lang='lat' dir='ltr'><strong>virtutibus</strong></span> <span class='ocrx_word' id='word_1_218' title='bbox 426 885 486 912; x_wconf 77' lang='lat' dir='ltr'><strong>qua:</strong></span> <span class='ocrx_word' id='word_1_219' title='bbox 501 877 607 904; x_wconf 87' lang='lat' dir='ltr'><strong>salvant</strong></span> <span class='ocrx_word' id='word_1_220' title='bbox 625 878 745 910; x_wconf 87' lang='lat' dir='ltr'><strong>animas,</strong></span> <span class='ocrx_word' id='word_1_221' title='bbox 764 878 807 905; x_wconf 90' lang='lat' dir='ltr'><strong>his</strong></span> <span class='ocrx_word' id='word_1_222' title='bbox 824 878 972 905; x_wconf 73' lang='lat' dir='ltr'><strong>sententiis</strong></span> <span class='ocrx_word' id='word_1_223' title='bbox 989 885 1047 905; x_wconf 90' lang='lat' dir='ltr'><strong>om-</strong></span> 
     </span>
    </p>
   </div>
   <div class='ocr_carea' id='block_1_31' title="bbox 1098 869 1891 912">
    <p class='ocr_par' dir='ltr' id='par_1_31' title="bbox 1099 875 1891 911">
     <span class='ocr_line' id='line_1_31' title="bbox 1099 875 1891 911; baseline 0.001 -10"><span class='ocrx_word' id='word_1_224' title='bbox 1099 875 1155 906; x_wconf 89' lang='grc' dir='ltr'><strong>Τάς</strong></span> <span class='ocrx_word' id='word_1_225' title='bbox 1166 875 1273 910; x_wconf 79' lang='grc' dir='ltr'>κρίσεις</span> <span class='ocrx_word' id='word_1_226' title='bbox 1288 875 1399 910; x_wconf 80' lang='grc' dir='ltr'>ἑαυτῆς,</span> <span class='ocrx_word' id='word_1_227' title='bbox 1420 875 1489 911; x_wconf 82' lang='grc' dir='ltr'>πρὸς</span> <span class='ocrx_word' id='word_1_228' title='bbox 1499 875 1548 907; x_wconf 85' lang='grc' dir='ltr'><strong>τὰς</strong></span> <span class='ocrx_word' id='word_1_229' title='bbox 1570 875 1760 907; x_wconf 82' lang='grc' dir='ltr'>συντεινούσας</span> <span class='ocrx_word' id='word_1_230' title='bbox 1777 876 1818 907; x_wconf 79' lang='grc' dir='ltr'>εἰς</span> <span class='ocrx_word' id='word_1_231' title='bbox 1839 884 1891 903; x_wconf 87' lang='grc' dir='ltr'>σω-</span> 
     </span>
    </p>
   </div>
   <div class='ocr_carea' id='block_1_32' title="bbox 257 923 1047 956">
    <p class='ocr_par' dir='ltr' id='par_1_32' title="bbox 257 923 1047 956">
     <span class='ocr_line' id='line_1_32' title="bbox 257 923 1047 956; baseline 0.001 -5"><span class='ocrx_word' id='word_1_232' title='bbox 257 924 322 951; x_wconf 91' lang='lat' dir='ltr'><strong>nino</strong></span> <span class='ocrx_word' id='word_1_233' title='bbox 345 923 494 955; x_wconf 84' lang='lat' dir='ltr'><strong>submittit,</strong></span> <span class='ocrx_word' id='word_1_234' title='bbox 516 923 600 950; x_wconf 89' lang='lat' dir='ltr'><strong>veluti</strong></span> <span class='ocrx_word' id='word_1_235' title='bbox 637 932 773 952; x_wconf 74' lang='lat' dir='ltr'><strong>mensurae</strong></span> <span class='ocrx_word' id='word_1_236' title='bbox 803 925 928 956; x_wconf 86' lang='lat' dir='ltr'><strong>cubitali.</strong></span> <span class='ocrx_word' id='word_1_237' title='bbox 949 925 1047 952; x_wconf 86' lang='lat' dir='ltr'><strong>dextro</strong></span> 
     </span>
    </p>
   </div>
   <div class='ocr_carea' id='block_1_33' title="bbox 257 969 1047 1004">
    <p class='ocr_par' dir='ltr' id='par_1_33' title="bbox 257 969 1047 1004">
     <span class='ocr_line' id='line_1_33' title="bbox 257 969 1047 1004; baseline 0.001 -7"><span class='ocrx_word' id='word_1_238' title='bbox 257 970 363 997; x_wconf 84' lang='lat' dir='ltr'><strong>scilicet</strong></span> <span class='ocrx_word' id='word_1_239' title='bbox 378 974 405 997; x_wconf 89' lang='lat' dir='ltr'><strong>et</strong></span> <span class='ocrx_word' id='word_1_240' title='bbox 420 969 546 1001; x_wconf 85' lang='lat' dir='ltr'><strong>sinistro,</strong></span> <span class='ocrx_word' id='word_1_241' title='bbox 563 969 596 996; x_wconf 88' lang='lat' dir='ltr'><strong>ad</strong></span> <span class='ocrx_word' id='word_1_242' title='bbox 616 969 793 1004; x_wconf 81' lang='lat' dir='ltr'><strong>iudicandam</strong></span> <span class='ocrx_word' id='word_1_243' title='bbox 813 971 945 997; x_wconf 87' lang='lat' dir='ltr'><strong>virtutum</strong></span> <span class='ocrx_word' id='word_1_244' title='bbox 969 979 1047 999; x_wconf 89' lang='lat' dir='ltr'><strong>men-</strong></span> 
     </span>
    </p>
   </div>
   <div class='ocr_carea' id='block_1_34' title="bbox 257 1014 1047 1051">
    <p class='ocr_par' dir='ltr' id='par_1_34' title="bbox 257 1014 1047 1051">
     <span class='ocr_line' id='line_1_34' title="bbox 257 1014 1047 1051; baseline 0.001 -9"><span class='ocrx_word' id='word_1_245' title='bbox 257 1022 363 1047; x_wconf 88' lang='lat' dir='ltr'><strong>suram,</strong></span> <span class='ocrx_word' id='word_1_246' title='bbox 382 1020 409 1042; x_wconf 88' lang='lat' dir='ltr'><strong>et</strong></span> <span class='ocrx_word' id='word_1_247' title='bbox 434 1014 508 1049; x_wconf 80' lang='lat' dir='ltr'><strong>quod</strong></span> <span class='ocrx_word' id='word_1_248' title='bbox 528 1015 604 1042; x_wconf 79' lang='lat' dir='ltr'><strong>deest</strong></span> <span class='ocrx_word' id='word_1_249' title='bbox 624 1015 657 1042; x_wconf 90' lang='lat' dir='ltr'><strong>ad</strong></span> <span class='ocrx_word' id='word_1_250' title='bbox 685 1014 836 1048; x_wconf 75' lang='lat' dir='ltr'><strong>dexteram,</strong></span> <span class='ocrx_word' id='word_1_251' title='bbox 854 1016 926 1051; x_wconf 89' lang='lat' dir='ltr'><strong>quod</strong></span> <span class='ocrx_word' id='word_1_252' title='bbox 949 1016 984 1043; x_wconf 89' lang='lat' dir='ltr'><strong>ad</strong></span> <span class='ocrx_word' id='word_1_253' title='bbox 1008 1017 1047 1044; x_wconf 88' lang='lat' dir='ltr'><strong>si-</strong></span> 
     </span>
    </p>
   </div>
   <div class='ocr_carea' id='block_1_35' title="bbox 257 1061 1049 1096">
    <p class='ocr_par' dir='ltr' id='par_1_35' title="bbox 257 1061 1049 1096">
     <span class='ocr_line' id='line_1_35' title="bbox 257 1061 1049 1096; baseline 0.003 -8"><span class='ocrx_word' id='word_1_254' title='bbox 257 1063 373 1089; x_wconf 89' lang='lat' dir='ltr'><strong>nistram</strong></span> <span class='ocrx_word' id='word_1_255' title='bbox 400 1061 525 1093; x_wconf 77' lang='lat' dir='ltr'><strong>excedit,</strong></span> <span class='ocrx_word' id='word_1_256' title='bbox 550 1062 798 1096; x_wconf 87' lang='lat' dir='ltr'><strong>compensandum.</strong></span> <span class='ocrx_word' id='word_1_257' title='bbox 819 1062 872 1089; x_wconf 76' lang='lat' dir='ltr'><strong>lllze</strong></span> <span class='ocrx_word' id='word_1_258' title='bbox 886 1062 983 1090; x_wconf 70' lang='lat' dir='ltr'><strong>activa:</strong></span> <span class='ocrx_word' id='word_1_259' title='bbox 1007 1063 1049 1090; x_wconf 91' lang='lat' dir='ltr'><strong>fa-</strong></span> 
     </span>
    </p>
   </div>
   <div class='ocr_carea' id='block_1_36' title="bbox 257 1107 1047 1142">
    <p class='ocr_par' dir='ltr' id='par_1_36' title="bbox 257 1107 1047 1142">
     <span class='ocr_line' id='line_1_36' title="bbox 257 1107 1047 1142; baseline 0.003 -8"><span class='ocrx_word' id='word_1_260' title='bbox 257 1107 375 1135; x_wconf 84' lang='lat' dir='ltr'><strong>cultates</strong></span> <span class='ocrx_word' id='word_1_261' title='bbox 400 1107 438 1134; x_wconf 88' lang='lat' dir='ltr'><strong>ita</strong></span> <span class='ocrx_word' id='word_1_262' title='bbox 462 1115 476 1134; x_wconf 88' lang='lat' dir='ltr'><strong>a</strong></span> <span class='ocrx_word' id='word_1_263' title='bbox 498 1115 528 1135; x_wconf 86' lang='lat' dir='ltr'><strong>se</strong></span> <span class='ocrx_word' id='word_1_264' title='bbox 553 1111 643 1138; x_wconf 71' lang='lat' dir='ltr'><strong>motte.</strong></span> <span class='ocrx_word' id='word_1_265' title='bbox 662 1111 691 1134; x_wconf 90' lang='lat' dir='ltr'><strong>ut</strong></span> <span class='ocrx_word' id='word_1_266' title='bbox 708 1112 812 1135; x_wconf 92' lang='lat' dir='ltr'><strong>temere</strong></span> <span class='ocrx_word' id='word_1_267' title='bbox 834 1116 890 1135; x_wconf 89' lang='lat' dir='ltr'><strong>non</strong></span> <span class='ocrx_word' id='word_1_268' title='bbox 911 1107 1047 1142; x_wconf 82' lang='lat' dir='ltr'><strong>ferantur,</strong></span> 
     </span>
    </p>
   </div>
   <div class='ocr_carea' id='block_1_37' title="bbox 257 1153 1049 1188">
    <p class='ocr_par' dir='ltr' id='par_1_37' title="bbox 257 1153 1049 1188">
     <span class='ocr_line' id='line_1_37' title="bbox 257 1153 1049 1188; baseline 0.001 -7"><span class='ocrx_word' id='word_1_269' title='bbox 257 1158 463 1181; x_wconf 86' lang='lat' dir='ltr'><strong>connectuntur</strong></span> <span class='ocrx_word' id='word_1_270' title='bbox 478 1161 539 1180; x_wconf 88' lang='lat' dir='ltr'><strong>eum</strong></span> <span class='ocrx_word' id='word_1_271' title='bbox 556 1160 587 1180; x_wconf 88' lang='lat' dir='ltr'><strong>ea</strong></span> <span class='ocrx_word' id='word_1_272' title='bbox 600 1153 784 1188; x_wconf 68' lang='lat' dir='ltr'><strong>rationequaz,</strong></span> <span class='ocrx_word' id='word_1_273' title='bbox 801 1157 830 1180; x_wconf 92' lang='lat' dir='ltr'><strong>ut</strong></span> <span class='ocrx_word' id='word_1_274' title='bbox 847 1153 935 1185; x_wconf 85' lang='lat' dir='ltr'><strong>fusus.</strong></span> <span class='ocrx_word' id='word_1_275' title='bbox 952 1161 1049 1182; x_wconf 85' lang='lat' dir='ltr'><strong>sensa-</strong></span> 
     </span>
    </p>
   </div>
   <div class='ocr_carea' id='block_1_38' title="bbox 257 1198 1047 1235">
    <p class='ocr_par' dir='ltr' id='par_1_38' title="bbox 257 1198 1047 1235">
     <span class='ocr_line' id='line_1_38' title="bbox 257 1198 1047 1235; baseline 0.003 -9"><span class='ocrx_word' id='word_1_276' title='bbox 257 1199 348 1226; x_wconf 82' lang='lat' dir='ltr'><strong>tiones</strong></span> <span class='ocrx_word' id='word_1_277' title='bbox 370 1199 519 1226; x_wconf 84' lang='lat' dir='ltr'><strong>intellectui</strong></span> <span class='ocrx_word' id='word_1_278' title='bbox 537 1198 646 1230; x_wconf 85' lang='lat' dir='ltr'><strong>nniunt.</strong></span> <span class='ocrx_word' id='word_1_279' title='bbox 663 1207 725 1226; x_wconf 85' lang='lat' dir='ltr'><strong>eum</strong></span> <span class='ocrx_word' id='word_1_280' title='bbox 747 1199 876 1226; x_wconf 85' lang='lat' dir='ltr'><strong>meditata</strong></span> <span class='ocrx_word' id='word_1_281' title='bbox 892 1200 1047 1235; x_wconf 83' lang='lat' dir='ltr'><strong>perceptio.</strong></span> 
     </span>
    </p>
   </div>
   <div class='ocr_carea' id='block_1_39' title="bbox 257 1245 1048 1282">
    <p class='ocr_par' dir='ltr' id='par_1_39' title="bbox 257 1245 1048 1282">
     <span class='ocr_line' id='line_1_39' title="bbox 257 1245 1048 1282; baseline 0.004 -10"><span class='ocrx_word' id='word_1_282' title='bbox 257 1253 272 1278; x_wconf 85' lang='lat' dir='ltr'><strong>a</strong></span> <span class='ocrx_word' id='word_1_283' title='bbox 296 1246 426 1273; x_wconf 83' lang='lat' dir='ltr'><strong>sensibus</strong></span> <span class='ocrx_word' id='word_1_284' title='bbox 445 1249 571 1280; x_wconf 84' lang='lat' dir='ltr'><strong>accepta,</strong></span> <span class='ocrx_word' id='word_1_285' title='bbox 593 1245 626 1272; x_wconf 92' lang='lat' dir='ltr'><strong>ad</strong></span> <span class='ocrx_word' id='word_1_286' title='bbox 652 1245 776 1274; x_wconf 78' lang='lat' dir='ltr'><strong>veritatis</strong></span> <span class='ocrx_word' id='word_1_287' title='bbox 795 1247 982 1282; x_wconf 77' lang='lat' dir='ltr'><strong>cognitionem</strong></span> <span class='ocrx_word' id='word_1_288' title='bbox 1003 1246 1048 1275; x_wconf 94' lang='lat' dir='ltr'><strong>in-</strong></span> 
     </span>
    </p>
   </div>
   <div class='ocr_carea' id='block_1_40' title="bbox 257 1292 550 1320">
    <p class='ocr_par' dir='ltr' id='par_1_40' title="bbox 257 1292 550 1320">
     <span class='ocr_line' id='line_1_40' title="bbox 257 1292 550 1320; baseline -0.003 0"><span class='ocrx_word' id='word_1_289' title='bbox 257 1293 396 1320; x_wconf 84' lang='lat' dir='ltr'><strong>tellectqu</strong></span> <span class='ocrx_word' id='word_1_290' title='bbox 413 1292 550 1319; x_wconf 79' lang='lat' dir='ltr'><strong>perducit.</strong></span> 
     </span>
    </p>
   </div>
   <div class='ocr_carea' id='block_1_41' title="bbox 295 1380 1048 1418">
    <p class='ocr_par' dir='ltr' id='par_1_41' title="bbox 295 1380 1048 1418">
     <span class='ocr_line' id='line_1_41' title="bbox 295 1380 1048 1418; baseline 0.003 -10"><span class='ocrx_word' id='word_1_291' title='bbox 295 1381 375 1408; x_wconf 70' lang='lat' dir='ltr'><strong>Vens.</strong></span> <span class='ocrx_word' id='word_1_292' title='bbox 394 1382 440 1408; x_wconf 60' lang='grc' dir='ltr'>το.</span> <span class='ocrx_word' id='word_1_293' title='bbox 464 1380 562 1408; x_wconf 76' lang='lat' dir='ltr'><strong>Manus</strong></span> <span class='ocrx_word' id='word_1_294' title='bbox 582 1387 668 1408; x_wconf 78' lang='lat' dir='ltr'><strong>autent</strong></span> <span class='ocrx_word' id='word_1_295' title='bbox 687 1386 746 1409; x_wconf 67' lang='lat' dir='ltr'><strong>tua:</strong></span> <span class='ocrx_word' id='word_1_296' title='bbox 765 1383 870 1417; x_wconf 80' lang='lat' dir='ltr'><strong>aperuit</strong></span> <span class='ocrx_word' id='word_1_297' title='bbox 888 1383 1008 1418; x_wconf 78' lang='lat' dir='ltr'><strong>pauperi.</strong></span> <span class='ocrx_word' id='word_1_298' title='bbox 1023 1388 1048 1410; x_wconf 79' lang='lat' dir='ltr'><strong>et</strong></span> 
     </span>
    </p>
   </div>
   <div class='ocr_carea' id='block_1_42' title="bbox 256 1427 1049 1464">
    <p class='ocr_par' dir='ltr' id='par_1_42' title="bbox 256 1427 1049 1464">
     <span class='ocr_line' id='line_1_42' title="bbox 256 1427 1049 1464; baseline 0.005 -12"><span class='ocrx_word' id='word_1_299' title='bbox 256 1428 361 1462; x_wconf 75' lang='lat' dir='ltr'><strong>palmus</strong></span> <span class='ocrx_word' id='word_1_300' title='bbox 378 1427 495 1453; x_wconf 68' lang='lat' dir='ltr'><strong>extendit</strong></span> <span class='ocrx_word' id='word_1_301' title='bbox 517 1427 602 1461; x_wconf 80' lang='lat' dir='ltr'><strong>inopi.</strong></span> <span class='ocrx_word' id='word_1_302' title='bbox 618 1427 767 1463; x_wconf 84' lang='lat' dir='ltr'><strong>Postquam</strong></span> <span class='ocrx_word' id='word_1_303' title='bbox 787 1433 897 1463; x_wconf 87' lang='lat' dir='ltr'><strong>operata</strong></span> <span class='ocrx_word' id='word_1_304' title='bbox 913 1435 954 1456; x_wconf 85' lang='lat' dir='ltr'><strong>est</strong></span> <span class='ocrx_word' id='word_1_305' title='bbox 969 1429 1049 1464; x_wconf 82' lang='lat' dir='ltr'><strong>juxta</strong></span> 
     </span>
    </p>
   </div>
   <div class='ocr_carea' id='block_1_43' title="bbox 258 1472 1048 1505">
    <p class='ocr_par' dir='ltr' id='par_1_43' title="bbox 258 1472 1048 1505">
     <span class='ocr_line' id='line_1_43' title="bbox 258 1472 1048 1505; baseline 0.001 -5"><span class='ocrx_word' id='word_1_306' title='bbox 258 1473 403 1500; x_wconf 78' lang='lat' dir='ltr'><strong>scientiam</strong></span> <span class='ocrx_word' id='word_1_307' title='bbox 426 1477 505 1500; x_wconf 85' lang='lat' dir='ltr'><strong>actus</strong></span> <span class='ocrx_word' id='word_1_308' title='bbox 529 1472 673 1505; x_wconf 85' lang='lat' dir='ltr'><strong>virtutum,</strong></span> <span class='ocrx_word' id='word_1_309' title='bbox 696 1473 742 1500; x_wconf 86' lang='lat' dir='ltr'><strong>illa</strong></span> <span class='ocrx_word' id='word_1_310' title='bbox 763 1481 877 1501; x_wconf 81' lang='lat' dir='ltr'><strong>suarum</strong></span> <span class='ocrx_word' id='word_1_311' title='bbox 902 1474 1048 1502; x_wconf 88' lang='lat' dir='ltr'><strong>moralium</strong></span> 
     </span>
    </p>
   </div>
   <div class='ocr_carea' id='block_1_44' title="bbox 257 1518 1048 1555">
    <p class='ocr_par' dir='ltr' id='par_1_44' title="bbox 257 1518 1048 1555">
     <span class='ocr_line' id='line_1_44' title="bbox 257 1518 1048 1555; baseline 0 -9"><span class='ocrx_word' id='word_1_312' title='bbox 257 1518 417 1546; x_wconf 86' lang='lat' dir='ltr'><strong>divitiarum</strong></span> <span class='ocrx_word' id='word_1_313' title='bbox 441 1518 603 1554; x_wconf 87' lang='lat' dir='ltr'><strong>participem</strong></span> <span class='ocrx_word' id='word_1_314' title='bbox 625 1518 707 1546; x_wconf 84' lang='lat' dir='ltr'><strong>eilicil</strong></span> <span class='ocrx_word' id='word_1_315' title='bbox 726 1526 850 1552; x_wconf 87' lang='lat' dir='ltr'><strong>carnem,</strong></span> <span class='ocrx_word' id='word_1_316' title='bbox 865 1527 920 1555; x_wconf 89' lang='lat' dir='ltr'><strong>qua</strong></span> <span class='ocrx_word' id='word_1_317' title='bbox 940 1520 1048 1547; x_wconf 87' lang='lat' dir='ltr'><strong>ratione</strong></span> 
     </span>
    </p>
   </div>
   <div class='ocr_carea' id='block_1_45' title="bbox 257 1564 1046 1601">
    <p class='ocr_par' dir='ltr' id='par_1_45' title="bbox 257 1564 1046 1601">
     <span class='ocr_line' id='line_1_45' title="bbox 257 1564 1046 1601; baseline 0.001 -10"><span class='ocrx_word' id='word_1_318' title='bbox 257 1565 366 1601; x_wconf 85' lang='lat' dir='ltr'><strong>privata</strong></span> <span class='ocrx_word' id='word_1_319' title='bbox 388 1564 491 1592; x_wconf 86' lang='lat' dir='ltr'><strong>eisdem</strong></span> <span class='ocrx_word' id='word_1_320' title='bbox 513 1565 655 1600; x_wconf 75' lang='lat' dir='ltr'><strong>indigebat</strong></span> <span class='ocrx_word' id='word_1_321' title='bbox 670 1574 676 1592; x_wconf 91' lang='lat'><strong>:</strong></span> <span class='ocrx_word' id='word_1_322' title='bbox 693 1565 767 1592; x_wconf 89' lang='lat' dir='ltr'><strong>illam</strong></span> <span class='ocrx_word' id='word_1_323' title='bbox 787 1565 894 1593; x_wconf 80' lang='lat' dir='ltr'><strong>ratione</strong></span> <span class='ocrx_word' id='word_1_324' title='bbox 908 1565 1046 1598; x_wconf 78' lang='lat' dir='ltr'><strong>formavit,</strong></span> 
     </span>
    </p>
   </div>
   <div class='ocr_carea' id='block_1_46' title="bbox 257 1609 1049 1646">
    <p class='ocr_par' dir='ltr' id='par_1_46' title="bbox 257 1609 1049 1646">
     <span class='ocr_line' id='line_1_46' title="bbox 257 1609 1049 1646; baseline -0.001 -8"><span class='ocrx_word' id='word_1_325' title='bbox 257 1614 342 1646; x_wconf 85' lang='lat' dir='ltr'><strong>atque</strong></span> <span class='ocrx_word' id='word_1_326' title='bbox 361 1618 377 1638; x_wconf 92' lang='lat' dir='ltr'><strong>e</strong></span> <span class='ocrx_word' id='word_1_327' title='bbox 391 1610 585 1646; x_wconf 73' lang='lat' dir='ltr'><strong>voluptatibus</strong></span> <span class='ocrx_word' id='word_1_328' title='bbox 607 1610 773 1646; x_wconf 77' lang='lat' dir='ltr'><strong>corruptela:</strong></span> <span class='ocrx_word' id='word_1_329' title='bbox 795 1610 901 1638; x_wconf 83' lang='lat' dir='ltr'><strong>eduxit.</strong></span> <span class='ocrx_word' id='word_1_330' title='bbox 917 1609 1049 1638; x_wconf 60' lang='lat' dir='ltr'><strong>Gentem.</strong></span> 
     </span>
    </p>
   </div>
   <div class='ocr_carea' id='block_1_47' title="bbox 259 1656 1048 1693">
    <p class='ocr_par' dir='ltr' id='par_1_47' title="bbox 259 1656 1048 1693">
     <span class='ocr_line' id='line_1_47' title="bbox 259 1656 1048 1693; baseline -0.001 -9"><span class='ocrx_word' id='word_1_331' title='bbox 259 1657 411 1693; x_wconf 81' lang='lat' dir='ltr'><strong>plationem</strong></span> <span class='ocrx_word' id='word_1_332' title='bbox 437 1665 452 1684; x_wconf 88' lang='lat' dir='ltr'><strong>e</strong></span> <span class='ocrx_word' id='word_1_333' title='bbox 476 1664 529 1692; x_wconf 86' lang='lat' dir='ltr'><strong>qua</strong></span> <span class='ocrx_word' id='word_1_334' title='bbox 556 1657 658 1692; x_wconf 82' lang='lat' dir='ltr'><strong>pendet</strong></span> <span class='ocrx_word' id='word_1_335' title='bbox 681 1657 793 1692; x_wconf 89' lang='lat' dir='ltr'><strong>praxis,</strong></span> <span class='ocrx_word' id='word_1_336' title='bbox 818 1656 895 1684; x_wconf 88' lang='lat' dir='ltr'><strong>velut</strong></span> <span class='ocrx_word' id='word_1_337' title='bbox 919 1663 935 1684; x_wconf 86' lang='lat' dir='ltr'><strong>a</strong></span> <span class='ocrx_word' id='word_1_338' title='bbox 958 1656 1048 1684; x_wconf 85' lang='lat' dir='ltr'><strong>fructu</strong></span> 
     </span>
    </p>
   </div>
   <div class='ocr_carea' id='block_1_48' title="bbox 258 1703 1050 1738">
    <p class='ocr_par' dir='ltr' id='par_1_48' title="bbox 258 1703 1050 1738">
     <span class='ocr_line' id='line_1_48' title="bbox 258 1703 1050 1738; baseline 0.001 -8"><span class='ocrx_word' id='word_1_339' title='bbox 258 1710 367 1734; x_wconf 89' lang='lat' dir='ltr'><strong>manus,</strong></span> <span class='ocrx_word' id='word_1_340' title='bbox 382 1703 475 1730; x_wconf 84' lang='lat' dir='ltr'><strong>docuit</strong></span> <span class='ocrx_word' id='word_1_341' title='bbox 493 1703 676 1735; x_wconf 83' lang='lat' dir='ltr'><strong>intellectum,</strong></span> <span class='ocrx_word' id='word_1_342' title='bbox 694 1703 740 1738; x_wconf 86' lang='lat' dir='ltr'><strong>qui</strong></span> <span class='ocrx_word' id='word_1_343' title='bbox 764 1703 799 1730; x_wconf 92' lang='lat' dir='ltr'><strong>ob</strong></span> <span class='ocrx_word' id='word_1_344' title='bbox 820 1710 943 1731; x_wconf 86' lang='lat' dir='ltr'><strong>amorem</strong></span> <span class='ocrx_word' id='word_1_345' title='bbox 964 1707 1050 1731; x_wconf 82' lang='lat' dir='ltr'><strong>mate-</strong></span> 
     </span>
    </p>
   </div>
   <div class='ocr_carea' id='block_1_49' title="bbox 259 1747 1048 1783">
    <p class='ocr_par' dir='ltr' id='par_1_49' title="bbox 259 1747 1048 1783">
     <span class='ocr_line' id='line_1_49' title="bbox 259 1747 1048 1783; baseline 0.001 -9"><span class='ocrx_word' id='word_1_346' title='bbox 259 1748 307 1774; x_wconf 69' lang='lat' dir='ltr'><strong>ria:</strong></span> <span class='ocrx_word' id='word_1_347' title='bbox 324 1748 413 1782; x_wconf 82' lang='lat' dir='ltr'><strong>ipsum</strong></span> <span class='ocrx_word' id='word_1_348' title='bbox 436 1755 502 1775; x_wconf 89' lang='lat' dir='ltr'><strong>vere</strong></span> <span class='ocrx_word' id='word_1_349' title='bbox 524 1748 625 1774; x_wconf 89' lang='lat' dir='ltr'><strong>bonum</strong></span> <span class='ocrx_word' id='word_1_350' title='bbox 641 1747 796 1783; x_wconf 71' lang='lat' dir='ltr'><strong>ignorabat,</strong></span> <span class='ocrx_word' id='word_1_351' title='bbox 812 1747 887 1775; x_wconf 92' lang='lat' dir='ltr'><strong>illum</strong></span> <span class='ocrx_word' id='word_1_352' title='bbox 909 1749 1048 1781; x_wconf 81' lang='lat' dir='ltr'><strong>excitavit,</strong></span> 
     </span>
    </p>
   </div>
   <div class='ocr_carea' id='block_1_50' title="bbox 259 1793 915 1828">
    <p class='ocr_par' dir='ltr' id='par_1_50' title="bbox 259 1793 915 1828">
     <span class='ocr_line' id='line_1_50' title="bbox 259 1793 915 1828; baseline 0 -8"><span class='ocrx_word' id='word_1_353' title='bbox 259 1795 477 1828; x_wconf 80' lang='lat' dir='ltr'><strong>prolapsumquc</strong></span> <span class='ocrx_word' id='word_1_354' title='bbox 492 1794 591 1826; x_wconf 85' lang='lat' dir='ltr'><strong>erexit,</strong></span> <span class='ocrx_word' id='word_1_355' title='bbox 604 1797 698 1828; x_wconf 88' lang='lat' dir='ltr'><strong>utpote</strong></span> <span class='ocrx_word' id='word_1_356' title='bbox 711 1793 772 1828; x_wconf 76' lang='lat' dir='ltr'><strong>ejus</strong></span> <span class='ocrx_word' id='word_1_357' title='bbox 786 1793 915 1828; x_wconf 89' lang='lat' dir='ltr'><strong>adjutrix.</strong></span> 
     </span>
    </p>
   </div>
   <div class='ocr_carea' id='block_1_51' title="bbox 297 1881 1048 1917">
    <p class='ocr_par' dir='ltr' id='par_1_51' title="bbox 297 1881 1048 1917">
     <span class='ocr_line' id='line_1_51' title="bbox 297 1881 1048 1917; baseline -0.001 -8"><span class='ocrx_word' id='word_1_358' title='bbox 297 1881 382 1910; x_wconf 73' lang='lat' dir='ltr'><strong>Vitas.</strong></span> <span class='ocrx_word' id='word_1_359' title='bbox 401 1882 447 1909; x_wconf 70' lang='grc'><strong>21.</strong></span> <span class='ocrx_word' id='word_1_360' title='bbox 468 1882 529 1908; x_wconf 82' lang='lat' dir='ltr'><strong>Non</strong></span> <span class='ocrx_word' id='word_1_361' title='bbox 544 1885 583 1909; x_wconf 67' lang='lat' dir='ltr'><strong>est</strong></span> <span class='ocrx_word' id='word_1_362' title='bbox 599 1881 728 1908; x_wconf 67' lang='lat' dir='ltr'><strong>sollicitus</strong></span> <span class='ocrx_word' id='word_1_363' title='bbox 744 1881 776 1909; x_wconf 80' lang='lat' dir='ltr'><strong>de</strong></span> <span class='ocrx_word' id='word_1_364' title='bbox 792 1882 825 1909; x_wconf 78' lang='lat' dir='ltr'><strong>iis</strong></span> <span class='ocrx_word' id='word_1_365' title='bbox 841 1890 899 1917; x_wconf 78' lang='lat' dir='ltr'><strong>qua:</strong></span> <span class='ocrx_word' id='word_1_366' title='bbox 923 1882 950 1909; x_wconf 85' lang='lat' dir='ltr'><strong>in</strong></span> <span class='ocrx_word' id='word_1_367' title='bbox 970 1881 1048 1909; x_wconf 76' lang='lat' dir='ltr'><strong>dante</strong></span> 
     </span>
    </p>
   </div>
   <div class='ocr_carea' id='block_1_52' title="bbox 257 1927 1049 1964">
    <p class='ocr_par' dir='ltr' id='par_1_52' title="bbox 257 1927 1049 1964">
     <span class='ocr_line' id='line_1_52' title="bbox 257 1927 1049 1964; baseline -0.001 -8"><span class='ocrx_word' id='word_1_368' title='bbox 257 1929 298 1957; x_wconf 73' lang='lat' dir='ltr'><strong>uir</strong></span> <span class='ocrx_word' id='word_1_369' title='bbox 307 1930 376 1964; x_wconf 65' lang='lat' dir='ltr'><strong>ejus,</strong></span> <span class='ocrx_word' id='word_1_370' title='bbox 388 1927 473 1955; x_wconf 72' lang='lat' dir='ltr'><strong>sicubi</strong></span> <span class='ocrx_word' id='word_1_371' title='bbox 487 1932 606 1954; x_wconf 74' lang='lat' dir='ltr'><strong>moratus</strong></span> <span class='ocrx_word' id='word_1_372' title='bbox 615 1927 707 1962; x_wconf 79' lang='lat' dir='ltr'><strong>fuerit,</strong></span> <span class='ocrx_word' id='word_1_373' title='bbox 721 1936 810 1954; x_wconf 79' lang='lat' dir='ltr'><strong>omnes</strong></span> <span class='ocrx_word' id='word_1_374' title='bbox 821 1928 891 1955; x_wconf 79' lang='lat' dir='ltr'><strong>enim</strong></span> <span class='ocrx_word' id='word_1_375' title='bbox 901 1928 946 1963; x_wconf 82' lang='lat' dir='ltr'><strong>qui</strong></span> <span class='ocrx_word' id='word_1_376' title='bbox 959 1928 1008 1957; x_wconf 70' lang='lat' dir='ltr'><strong>sub</strong></span> <span class='ocrx_word' id='word_1_377' title='bbox 1017 1937 1049 1955; x_wconf 82' lang='lat' dir='ltr'><strong>ea</strong></span> 
     </span>
    </p>
   </div>
   <div class='ocr_carea' id='block_1_53' title="bbox 258 1973 1048 2009">
    <p class='ocr_par' dir='ltr' id='par_1_53' title="bbox 258 1973 1048 2009">
     <span class='ocr_line' id='line_1_53' title="bbox 258 1973 1048 2009; baseline -0.003 -7"><span class='ocrx_word' id='word_1_378' title='bbox 258 1975 344 2003; x_wconf 77' lang='lat' dir='ltr'><strong>induti</strong></span> <span class='ocrx_word' id='word_1_379' title='bbox 365 1979 439 2002; x_wconf 76' lang='lat' dir='ltr'><strong>sunt.</strong></span> <span class='ocrx_word' id='word_1_380' title='bbox 462 1973 500 2002; x_wconf 83' lang='lat' dir='ltr'><strong>De</strong></span> <span class='ocrx_word' id='word_1_381' title='bbox 520 1973 662 2001; x_wconf 88' lang='lat' dir='ltr'><strong>doloribus</strong></span> <span class='ocrx_word' id='word_1_382' title='bbox 688 1974 791 2006; x_wconf 85' lang='lat' dir='ltr'><strong>carnis,</strong></span> <span class='ocrx_word' id='word_1_383' title='bbox 808 1974 835 2001; x_wconf 92' lang='lat' dir='ltr'><strong>in</strong></span> <span class='ocrx_word' id='word_1_384' title='bbox 855 1982 909 2009; x_wconf 81' lang='lat' dir='ltr'><strong>qua</strong></span> <span class='ocrx_word' id='word_1_385' title='bbox 933 1974 1048 2008; x_wconf 80' lang='lat' dir='ltr'><strong>habitat,</strong></span> 
     </span>
    </p>
   </div>
   <div class='ocr_carea' id='block_1_54' title="bbox 258 2019 1049 2055">
    <p class='ocr_par' dir='ltr' id='par_1_54' title="bbox 258 2019 1049 2055">
     <span class='ocr_line' id='line_1_54' title="bbox 258 2019 1049 2055; baseline -0.004 -6"><span class='ocrx_word' id='word_1_386' title='bbox 258 2029 313 2049; x_wconf 90' lang='lat' dir='ltr'><strong>non</strong></span> <span class='ocrx_word' id='word_1_387' title='bbox 330 2025 372 2048; x_wconf 88' lang='lat' dir='ltr'><strong>est</strong></span> <span class='ocrx_word' id='word_1_388' title='bbox 391 2020 529 2048; x_wconf 86' lang='lat' dir='ltr'><strong>sollicitus</strong></span> <span class='ocrx_word' id='word_1_389' title='bbox 555 2019 725 2052; x_wconf 82' lang='lat' dir='ltr'><strong>intellectus,</strong></span> <span class='ocrx_word' id='word_1_390' title='bbox 740 2019 850 2054; x_wconf 91' lang='lat' dir='ltr'><strong>quando</strong></span> <span class='ocrx_word' id='word_1_391' title='bbox 871 2019 897 2046; x_wconf 93' lang='lat' dir='ltr'><strong>in</strong></span> <span class='ocrx_word' id='word_1_392' title='bbox 916 2019 1049 2055; x_wconf 86' lang='lat' dir='ltr'><strong>spiritua-</strong></span> 
     </span>
    </p>
   </div>
   <div class='ocr_carea' id='block_1_55' title="bbox 258 2064 1048 2100">
    <p class='ocr_par' dir='ltr' id='par_1_55' title="bbox 258 2064 1048 2100">
     <span class='ocr_line' id='line_1_55' title="bbox 258 2064 1048 2100; baseline -0.001 -7"><span class='ocrx_word' id='word_1_393' title='bbox 258 2066 332 2093; x_wconf 90' lang='lat' dir='ltr'><strong>libus</strong></span> <span class='ocrx_word' id='word_1_394' title='bbox 356 2064 636 2099; x_wconf 81' lang='lat' dir='ltr'><strong>contemplatiouibus</strong></span> <span class='ocrx_word' id='word_1_395' title='bbox 666 2067 816 2091; x_wconf 86' lang='lat' dir='ltr'><strong>moratur:</strong></span> <span class='ocrx_word' id='word_1_396' title='bbox 835 2072 951 2100; x_wconf 50' lang='lat' dir='ltr'><strong>quaeque</strong></span> <span class='ocrx_word' id='word_1_397' title='bbox 974 2066 1048 2092; x_wconf 79' lang='lat' dir='ltr'><strong>enim</strong></span> 
     </span>
    </p>
   </div>
   <div class='ocr_carea' id='block_1_56' title="bbox 258 2109 1046 2145">
    <p class='ocr_par' dir='ltr' id='par_1_56' title="bbox 258 2109 1046 2145">
     <span class='ocr_line' id='line_1_56' title="bbox 258 2109 1046 2145; baseline -0.003 -6"><span class='ocrx_word' id='word_1_398' title='bbox 258 2111 418 2139; x_wconf 80' lang='lat' dir='ltr'><strong>considerat</strong></span> <span class='ocrx_word' id='word_1_399' title='bbox 437 2110 512 2138; x_wconf 92' lang='lat' dir='ltr'><strong>illum</strong></span> <span class='ocrx_word' id='word_1_400' title='bbox 528 2110 674 2145; x_wconf 83' lang='lat' dir='ltr'><strong>prudentia</strong></span> <span class='ocrx_word' id='word_1_401' title='bbox 689 2114 716 2137; x_wconf 82' lang='lat' dir='ltr'><strong>et</strong></span> <span class='ocrx_word' id='word_1_402' title='bbox 731 2109 893 2137; x_wconf 81' lang='lat' dir='ltr'><strong>fortitudine</strong></span> <span class='ocrx_word' id='word_1_403' title='bbox 907 2110 1046 2144; x_wconf 90' lang='lat' dir='ltr'><strong>muniunt,</strong></span> 
     </span>
    </p>
   </div>
   <div class='ocr_carea' id='block_1_57' title="bbox 258 2156 1048 2193">
    <p class='ocr_par' dir='ltr' id='par_1_57' title="bbox 258 2156 1048 2193">
     <span class='ocr_line' id='line_1_57' title="bbox 258 2156 1048 2193; baseline -0.001 -8"><span class='ocrx_word' id='word_1_404' title='bbox 258 2165 294 2185; x_wconf 89' lang='lat' dir='ltr'><strong>ne</strong></span> <span class='ocrx_word' id='word_1_405' title='bbox 310 2157 430 2193; x_wconf 88' lang='lat' dir='ltr'><strong>patiatur</strong></span> <span class='ocrx_word' id='word_1_406' title='bbox 445 2157 535 2192; x_wconf 68' lang='lat' dir='ltr'><strong>ignem</strong></span> <span class='ocrx_word' id='word_1_407' title='bbox 552 2156 726 2192; x_wconf 87' lang='lat' dir='ltr'><strong>probationis</strong></span> <span class='ocrx_word' id='word_1_408' title='bbox 737 2156 868 2191; x_wconf 59' lang='lat' dir='ltr'><strong>jucunda;</strong></span> <span class='ocrx_word' id='word_1_409' title='bbox 885 2161 913 2184; x_wconf 84' lang='lat' dir='ltr'><strong>et</strong></span> <span class='ocrx_word' id='word_1_410' title='bbox 924 2157 1048 2193; x_wconf 89' lang='lat' dir='ltr'><strong>volupta-</strong></span> 
     </span>
    </p>
   </div>
   <div class='ocr_carea' id='block_1_58' title="bbox 258 2202 751 2239">
    <p class='ocr_par' dir='ltr' id='par_1_58' title="bbox 258 2202 751 2239">
     <span class='ocr_line' id='line_1_58' title="bbox 258 2202 751 2239; baseline -0.002 -8"><span class='ocrx_word' id='word_1_411' title='bbox 258 2203 305 2238; x_wconf 86' lang='lat' dir='ltr'><strong>tis,</strong></span> <span class='ocrx_word' id='word_1_412' title='bbox 321 2204 362 2231; x_wconf 90' lang='lat' dir='ltr'><strong>vel</strong></span> <span class='ocrx_word' id='word_1_413' title='bbox 378 2202 465 2239; x_wconf 75' lang='lat' dir='ltr'><strong>l&#39;rigus</strong></span> <span class='ocrx_word' id='word_1_414' title='bbox 483 2203 579 2230; x_wconf 69' lang='lat' dir='ltr'><strong>invisa:</strong></span> <span class='ocrx_word' id='word_1_415' title='bbox 594 2207 622 2230; x_wconf 90' lang='lat' dir='ltr'><strong>et</strong></span> <span class='ocrx_word' id='word_1_416' title='bbox 636 2202 751 2230; x_wconf 72' lang='lat' dir='ltr'><strong>doloris.</strong></span> 
     </span>
    </p>
   </div>
   <div class='ocr_carea' id='block_1_59' title="bbox 293 2291 1049 2328">
    <p class='ocr_par' dir='ltr' id='par_1_59' title="bbox 293 2291 1049 2328">
     <span class='ocr_line' id='line_1_59' title="bbox 293 2291 1049 2328; baseline -0.004 -6"><span class='ocrx_word' id='word_1_417' title='bbox 293 2293 378 2322; x_wconf 76' lang='lat' dir='ltr'><strong>Vsus.</strong></span> <span class='ocrx_word' id='word_1_418' title='bbox 403 2293 449 2321; x_wconf 71' lang='lat'><strong>22.</strong></span> <span class='ocrx_word' id='word_1_419' title='bbox 474 2292 597 2328; x_wconf 73' lang='lat' dir='ltr'><strong>Duplices</strong></span> <span class='ocrx_word' id='word_1_420' title='bbox 622 2297 705 2320; x_wconf 70' lang='lat' dir='ltr'><strong>uestes</strong></span> <span class='ocrx_word' id='word_1_421' title='bbox 730 2293 792 2328; x_wconf 80' lang='lat' dir='ltr'><strong>fecit</strong></span> <span class='ocrx_word' id='word_1_422' title='bbox 812 2293 867 2320; x_wconf 83' lang='lat' dir='ltr'><strong>viro</strong></span> <span class='ocrx_word' id='word_1_423' title='bbox 883 2301 942 2320; x_wconf 78' lang='lat' dir='ltr'><strong>mo.</strong></span> <span class='ocrx_word' id='word_1_424' title='bbox 966 2291 1049 2320; x_wconf 88' lang='lat' dir='ltr'><strong>Socio</strong></span> 
     </span>
    </p>
   </div>
   <div class='ocr_carea' id='block_1_60' title="bbox 257 2338 1049 2374">
    <p class='ocr_par' dir='ltr' id='par_1_60' title="bbox 257 2338 1049 2374">
     <span class='ocr_line' id='line_1_60' title="bbox 257 2338 1049 2374; baseline -0.005 -6"><span class='ocrx_word' id='word_1_425' title='bbox 257 2347 308 2368; x_wconf 87' lang='lat' dir='ltr'><strong>suo</strong></span> <span class='ocrx_word' id='word_1_426' title='bbox 331 2339 483 2367; x_wconf 87' lang='lat' dir='ltr'><strong>intellectui</strong></span> <span class='ocrx_word' id='word_1_427' title='bbox 508 2339 536 2365; x_wconf 94' lang='lat' dir='ltr'><strong>in</strong></span> <span class='ocrx_word' id='word_1_428' title='bbox 561 2339 696 2366; x_wconf 89' lang='lat' dir='ltr'><strong>theoriam</strong></span> <span class='ocrx_word' id='word_1_429' title='bbox 719 2343 746 2366; x_wconf 90' lang='lat' dir='ltr'><strong>et</strong></span> <span class='ocrx_word' id='word_1_430' title='bbox 767 2339 795 2366; x_wconf 93' lang='lat' dir='ltr'><strong>in</strong></span> <span class='ocrx_word' id='word_1_431' title='bbox 816 2339 922 2374; x_wconf 77' lang='lat' dir='ltr'><strong>praxim</strong></span> <span class='ocrx_word' id='word_1_432' title='bbox 943 2338 1049 2373; x_wconf 86' lang='lat' dir='ltr'><strong>paravit</strong></span> 
     </span>
    </p>
   </div>
   <div class='ocr_carea' id='block_1_61' title="bbox 257 2385 1049 2419">
    <p class='ocr_par' dir='ltr' id='par_1_61' title="bbox 257 2385 1049 2419">
     <span class='ocr_line' id='line_1_61' title="bbox 257 2385 1049 2419; baseline -0.004 -5"><span class='ocrx_word' id='word_1_433' title='bbox 257 2387 312 2414; x_wconf 90' lang='lat' dir='ltr'><strong>duo</strong></span> <span class='ocrx_word' id='word_1_434' title='bbox 325 2387 500 2419; x_wconf 82' lang='lat' dir='ltr'><strong>vestimenta,</strong></span> <span class='ocrx_word' id='word_1_435' title='bbox 512 2389 539 2412; x_wconf 91' lang='lat' dir='ltr'><strong>et</strong></span> <span class='ocrx_word' id='word_1_436' title='bbox 560 2385 677 2412; x_wconf 84' lang='lat' dir='ltr'><strong>scientia</strong></span> <span class='ocrx_word' id='word_1_437' title='bbox 691 2392 796 2418; x_wconf 86' lang='lat' dir='ltr'><strong>rerum,</strong></span> <span class='ocrx_word' id='word_1_438' title='bbox 809 2389 837 2412; x_wconf 85' lang='lat' dir='ltr'><strong>et</strong></span> <span class='ocrx_word' id='word_1_439' title='bbox 848 2385 958 2412; x_wconf 85' lang='lat' dir='ltr'><strong>virtutis</strong></span> <span class='ocrx_word' id='word_1_440' title='bbox 972 2392 1049 2412; x_wconf 79' lang='lat' dir='ltr'><strong>exer-</strong></span> 
     </span>
    </p>
   </div>
   <div class='ocr_carea' id='block_1_62' title="bbox 257 2433 546 2460">
    <p class='ocr_par' dir='ltr' id='par_1_62' title="bbox 257 2433 546 2460">
     <span class='ocr_line' id='line_1_62' title="bbox 257 2433 546 2460; baseline -0.003 0"><span class='ocrx_word' id='word_1_441' title='bbox 257 2433 390 2460; x_wconf 85' lang='lat' dir='ltr'><strong>citatione</strong></span> <span class='ocrx_word' id='word_1_442' title='bbox 406 2436 546 2459; x_wconf 87' lang='lat' dir='ltr'><strong>contexta.</strong></span> 
     </span>
    </p>
   </div>
   <div class='ocr_carea' id='block_1_63' title="bbox 297 2528 1047 2564">
    <p class='ocr_par' dir='ltr' id='par_1_63' title="bbox 297 2528 1047 2564">
     <span class='ocr_line' id='line_1_63' title="bbox 297 2528 1047 2564; baseline 0.001 -8"><span class='ocrx_word' id='word_1_443' title='bbox 297 2529 333 2556; x_wconf 76' lang='lat' dir='ltr'><strong>De</strong></span> <span class='ocrx_word' id='word_1_444' title='bbox 349 2529 425 2564; x_wconf 68' lang='lat' dir='ltr'><strong>bysso</strong></span> <span class='ocrx_word' id='word_1_445' title='bbox 446 2533 534 2556; x_wconf 79' lang='lat' dir='ltr'><strong>autent</strong></span> <span class='ocrx_word' id='word_1_446' title='bbox 552 2532 578 2556; x_wconf 75' lang='lat' dir='ltr'><strong>et</strong></span> <span class='ocrx_word' id='word_1_447' title='bbox 599 2536 720 2563; x_wconf 81' lang='lat' dir='ltr'><strong>purpura</strong></span> <span class='ocrx_word' id='word_1_448' title='bbox 734 2528 785 2555; x_wconf 68' lang='lat' dir='ltr'><strong>sibi</strong></span> <span class='ocrx_word' id='word_1_449' title='bbox 804 2528 968 2556; x_wconf 83' lang='lat' dir='ltr'><strong>indumenta.</strong></span> <span class='ocrx_word' id='word_1_450' title='bbox 990 2529 1047 2557; x_wconf 88' lang='lat' dir='ltr'><strong>Sibi</strong></span> 
     </span>
    </p>
   </div>
   <div class='ocr_carea' id='block_1_64' title="bbox 257 2573 1049 2610">
    <p class='ocr_par' dir='ltr' id='par_1_64' title="bbox 257 2573 1049 2610">
     <span class='ocr_line' id='line_1_64' title="bbox 257 2573 1049 2610; baseline 0.001 -9"><span class='ocrx_word' id='word_1_451' title='bbox 257 2581 323 2602; x_wconf 88' lang='lat' dir='ltr'><strong>vero</strong></span> <span class='ocrx_word' id='word_1_452' title='bbox 341 2574 415 2602; x_wconf 89' lang='lat' dir='ltr'><strong>velut</strong></span> <span class='ocrx_word' id='word_1_453' title='bbox 429 2573 576 2610; x_wconf 86' lang='lat' dir='ltr'><strong>quamdam</strong></span> <span class='ocrx_word' id='word_1_454' title='bbox 601 2580 704 2601; x_wconf 74' lang='lat' dir='ltr'><strong>restem</strong></span> <span class='ocrx_word' id='word_1_455' title='bbox 729 2574 835 2609; x_wconf 86' lang='lat' dir='ltr'><strong>paravit</strong></span> <span class='ocrx_word' id='word_1_456' title='bbox 858 2574 985 2609; x_wconf 78' lang='lat' dir='ltr'><strong>dogmata</strong></span> <span class='ocrx_word' id='word_1_457' title='bbox 1006 2583 1049 2602; x_wconf 91' lang='lat' dir='ltr'><strong>re-</strong></span> 
     </span>
    </p>
   </div>
   <div class='ocr_carea' id='block_1_65' title="bbox 258 2620 1048 2656">
    <p class='ocr_par' dir='ltr' id='par_1_65' title="bbox 258 2620 1048 2656">
     <span class='ocr_line' id='line_1_65' title="bbox 258 2620 1048 2656; baseline 0.001 -9"><span class='ocrx_word' id='word_1_458' title='bbox 258 2620 470 2655; x_wconf 86' lang='lat' dir='ltr'><strong>demptionis,et</strong></span> <span class='ocrx_word' id='word_1_459' title='bbox 480 2620 623 2655; x_wconf 66' lang='lat' dir='ltr'><strong>theologia:</strong></span> <span class='ocrx_word' id='word_1_460' title='bbox 634 2620 931 2656; x_wconf 85' lang='lat' dir='ltr'><strong>incomprehensibilis.</strong></span> <span class='ocrx_word' id='word_1_461' title='bbox 945 2620 1048 2656; x_wconf 87' lang='lat' dir='ltr'><strong>Byssus</strong></span> 
     </span>
    </p>
   </div>
   <div class='ocr_carea' id='block_1_66' title="bbox 258 2664 1048 2701">
    <p class='ocr_par' dir='ltr' id='par_1_66' title="bbox 258 2664 1048 2701">
     <span class='ocr_line' id='line_1_66' title="bbox 258 2664 1048 2701; baseline 0.003 -10"><span class='ocrx_word' id='word_1_462' title='bbox 258 2665 330 2691; x_wconf 87' lang='lat' dir='ltr'><strong>enim</strong></span> <span class='ocrx_word' id='word_1_463' title='bbox 353 2664 399 2699; x_wconf 90' lang='lat' dir='ltr'><strong>qui</strong></span> <span class='ocrx_word' id='word_1_464' title='bbox 424 2672 440 2692; x_wconf 95' lang='lat' dir='ltr'><strong>e</strong></span> <span class='ocrx_word' id='word_1_465' title='bbox 463 2668 538 2692; x_wconf 85' lang='lat' dir='ltr'><strong>terra</strong></span> <span class='ocrx_word' id='word_1_466' title='bbox 563 2665 651 2692; x_wconf 90' lang='lat' dir='ltr'><strong>oritur</strong></span> <span class='ocrx_word' id='word_1_467' title='bbox 672 2670 715 2693; x_wconf 85' lang='lat' dir='ltr'><strong>est</strong></span> <span class='ocrx_word' id='word_1_468' title='bbox 739 2666 829 2701; x_wconf 76' lang='lat' dir='ltr'><strong>imago</strong></span> <span class='ocrx_word' id='word_1_469' title='bbox 852 2665 1048 2701; x_wconf 73' lang='lat' dir='ltr'><strong>redemptionis</strong></span> 
     </span>
    </p>
   </div>
   <div class='ocr_carea' id='block_1_67' title="bbox 258 2709 1046 2746">
    <p class='ocr_par' dir='ltr' id='par_1_67' title="bbox 258 2709 1046 2746">
     <span class='ocr_line' id='line_1_67' title="bbox 258 2709 1046 2746; baseline 0.003 -9"><span class='ocrx_word' id='word_1_470' title='bbox 258 2709 343 2737; x_wconf 75' lang='lat' dir='ltr'><strong>Verbi</strong></span> <span class='ocrx_word' id='word_1_471' title='bbox 359 2709 406 2737; x_wconf 88' lang='lat' dir='ltr'><strong>Dei</strong></span> <span class='ocrx_word' id='word_1_472' title='bbox 421 2710 556 2737; x_wconf 89' lang='lat' dir='ltr'><strong>incarnati</strong></span> <span class='ocrx_word' id='word_1_473' title='bbox 568 2718 576 2739; x_wconf 87' lang='lat'><strong>:</strong></span> <span class='ocrx_word' id='word_1_474' title='bbox 590 2718 711 2746; x_wconf 87' lang='lat' dir='ltr'><strong>purpura</strong></span> <span class='ocrx_word' id='word_1_475' title='bbox 724 2715 814 2738; x_wconf 89' lang='lat' dir='ltr'><strong>autem</strong></span> <span class='ocrx_word' id='word_1_476' title='bbox 832 2719 892 2746; x_wconf 78' lang='lat' dir='ltr'><strong>quae</strong></span> <span class='ocrx_word' id='word_1_477' title='bbox 907 2711 981 2746; x_wconf 68' lang='lat' dir='ltr'><strong>regia</strong></span> <span class='ocrx_word' id='word_1_478' title='bbox 994 2717 1046 2744; x_wconf 87' lang='lat' dir='ltr'><strong>est,</strong></span> 
     </span>
    </p>
   </div>
   <div class='ocr_carea' id='block_1_68' title="bbox 259 2755 1046 2792">
    <p class='ocr_par' dir='ltr' id='par_1_68' title="bbox 259 2755 1046 2792">
     <span class='ocr_line' id='line_1_68' title="bbox 259 2755 1046 2792; baseline 0.004 -10"><span class='ocrx_word' id='word_1_479' title='bbox 259 2755 412 2783; x_wconf 87' lang='lat' dir='ltr'><strong>divinitatis</strong></span> <span class='ocrx_word' id='word_1_480' title='bbox 425 2755 507 2783; x_wconf 87' lang='lat' dir='ltr'><strong>trium</strong></span> <span class='ocrx_word' id='word_1_481' title='bbox 520 2763 700 2792; x_wconf 86' lang='lat' dir='ltr'><strong>personarum</strong></span> <span class='ocrx_word' id='word_1_482' title='bbox 717 2757 791 2784; x_wconf 89' lang='lat' dir='ltr'><strong>omni</strong></span> <span class='ocrx_word' id='word_1_483' title='bbox 809 2761 944 2785; x_wconf 70' lang='lat' dir='ltr'><strong>creaturae</strong></span> <span class='ocrx_word' id='word_1_484' title='bbox 956 2757 1046 2786; x_wconf 75' lang='lat' dir='ltr'><strong>domi-</strong></span> 
     </span>
    </p>
   </div>
   <div class='ocr_carea' id='block_1_69' title="bbox 259 2803 364 2831">
    <p class='ocr_par' dir='ltr' id='par_1_69' title="bbox 259 2803 364 2831">
     <span class='ocr_line' id='line_1_69' title="bbox 259 2803 364 2831; baseline -0.01 0"><span class='ocrx_word' id='word_1_485' title='bbox 259 2803 364 2831; x_wconf 86' lang='lat' dir='ltr'><strong>nantis.</strong></span> 
     </span>
    </p>
   </div>
   <div class='ocr_carea' id='block_1_70' title="bbox 297 2848 1042 2885">
    <p class='ocr_par' dir='ltr' id='par_1_70' title="bbox 297 2848 1042 2885">
     <span class='ocr_line' id='line_1_70' title="bbox 297 2848 1042 2885; baseline 0.004 -10"><span class='ocrx_word' id='word_1_486' title='bbox 297 2848 380 2876; x_wconf 65' lang='lat' dir='ltr'><strong>Vnus.</strong></span> <span class='ocrx_word' id='word_1_487' title='bbox 397 2848 441 2877; x_wconf 72' lang='lat'><strong>2&#39;5.</strong></span> <span class='ocrx_word' id='word_1_488' title='bbox 460 2848 623 2883; x_wconf 67' lang='lat' dir='ltr'><strong>Couspiruux</strong></span> <span class='ocrx_word' id='word_1_489' title='bbox 639 2854 723 2877; x_wconf 83' lang='lat' dir='ltr'><strong>autem</strong></span> <span class='ocrx_word' id='word_1_490' title='bbox 738 2850 766 2885; x_wconf 80' lang='lat' dir='ltr'><strong>ﬁt</strong></span> <span class='ocrx_word' id='word_1_491' title='bbox 783 2850 821 2877; x_wconf 85' lang='lat' dir='ltr'><strong>rir</strong></span> <span class='ocrx_word' id='word_1_492' title='bbox 834 2850 890 2885; x_wconf 71' lang='lat' dir='ltr'><strong>ejus</strong></span> <span class='ocrx_word' id='word_1_493' title='bbox 907 2851 933 2878; x_wconf 84' lang='lat' dir='ltr'><strong>in</strong></span> <span class='ocrx_word' id='word_1_494' title='bbox 947 2851 1042 2885; x_wconf 80' lang='lat' dir='ltr'><strong>portis,</strong></span> 
     </span>
    </p>
   </div>
   <div class='ocr_carea' id='block_1_71' title="bbox 1098 920 1894 957">
    <p class='ocr_par' dir='ltr' id='par_1_71' title="bbox 1098 920 1894 957">
     <span class='ocr_line' id='line_1_71' title="bbox 1098 920 1894 957; baseline 0 -9"><span class='ocrx_word' id='word_1_495' title='bbox 1098 921 1196 956; x_wconf 81' lang='grc' dir='ltr'>τηρίαν</span> <span class='ocrx_word' id='word_1_496' title='bbox 1206 920 1301 956; x_wconf 79' lang='grc' dir='ltr'>ψυχῶν</span> <span class='ocrx_word' id='word_1_497' title='bbox 1318 921 1431 957; x_wconf 79' lang='grc' dir='ltr'>ἀρετὰς,</span> <span class='ocrx_word' id='word_1_498' title='bbox 1446 921 1568 956; x_wconf 82' lang='grc' dir='ltr'>ὑφαπλοῖ</span> <span class='ocrx_word' id='word_1_499' title='bbox 1578 921 1692 952; x_wconf 84' lang='grc' dir='ltr'>ταύταις</span> <span class='ocrx_word' id='word_1_500' title='bbox 1709 921 1818 952; x_wconf 80' lang='grc' dir='ltr'>πάντως</span> <span class='ocrx_word' id='word_1_501' title='bbox 1833 922 1894 953; x_wconf 88' lang='grc' dir='ltr'>ταῖς</span> 
     </span>
    </p>
   </div>
   <div class='ocr_carea' id='block_1_72' title="bbox 1098 967 1892 1004">
    <p class='ocr_par' dir='ltr' id='par_1_72' title="bbox 1098 967 1892 1004">
     <span class='ocr_line' id='line_1_72' title="bbox 1098 967 1892 1004; baseline 0 -10"><span class='ocrx_word' id='word_1_502' title='bbox 1098 967 1281 1004; x_wconf 83' lang='grc' dir='ltr'>διακρίσεσιν.</span> <span class='ocrx_word' id='word_1_503' title='bbox 1293 967 1331 999; x_wconf 82' lang='grc' dir='ltr'>ὣς</span> <span class='ocrx_word' id='word_1_504' title='bbox 1342 976 1398 995; x_wconf 86' lang='grc' dir='ltr'>τισι</span> <span class='ocrx_word' id='word_1_505' title='bbox 1416 968 1521 1003; x_wconf 79' lang='grc' dir='ltr'>πήχεσι</span> <span class='ocrx_word' id='word_1_506' title='bbox 1540 968 1622 1004; x_wconf 79' lang='grc' dir='ltr'>δεξιῷ</span> <span class='ocrx_word' id='word_1_507' title='bbox 1637 977 1666 996; x_wconf 82' lang='grc' dir='ltr'><strong>τε</strong></span> <span class='ocrx_word' id='word_1_508' title='bbox 1684 968 1731 995; x_wconf 78' lang='grc' dir='ltr'>καὶ</span> <span class='ocrx_word' id='word_1_509' title='bbox 1747 967 1892 1003; x_wconf 75' lang='grc' dir='ltr'>εὐωνύμῳ,</span> 
     </span>
    </p>
   </div>
   <div class='ocr_carea' id='block_1_73' title="bbox 1100 1011 1893 1050">
    <p class='ocr_par' dir='ltr' id='par_1_73' title="bbox 1100 1011 1893 1050">
     <span class='ocr_line' id='line_1_73' title="bbox 1100 1011 1893 1050; baseline 0 -10"><span class='ocrx_word' id='word_1_510' title='bbox 1100 1013 1239 1049; x_wconf 76' lang='grc' dir='ltr'>μετροῦσα</span> <span class='ocrx_word' id='word_1_511' title='bbox 1251 1013 1301 1046; x_wconf 81' lang='grc' dir='ltr'><strong>τὰς</strong></span> <span class='ocrx_word' id='word_1_512' title='bbox 1314 1014 1370 1040; x_wconf 87' lang='grc' dir='ltr'>τῶν</span> <span class='ocrx_word' id='word_1_513' title='bbox 1386 1011 1493 1050; x_wconf 74' lang='grc' dir='ltr'>ἀρετῶν</span> <span class='ocrx_word' id='word_1_514' title='bbox 1507 1013 1693 1049; x_wconf 83' lang='grc' dir='ltr'>συμμετρίας·</span> <span class='ocrx_word' id='word_1_515' title='bbox 1712 1014 1758 1040; x_wconf 75' lang='grc' dir='ltr'>καὶ</span> <span class='ocrx_word' id='word_1_516' title='bbox 1781 1023 1893 1050; x_wconf 82' lang='grc' dir='ltr'>περιαι-</span> 
     </span>
    </p>
   </div>
   <div class='ocr_carea' id='block_1_74' title="bbox 1101 1058 1894 1095">
    <p class='ocr_par' dir='ltr' id='par_1_74' title="bbox 1101 1058 1894 1095">
     <span class='ocr_line' id='line_1_74' title="bbox 1101 1058 1894 1095; baseline 0.003 -10"><span class='ocrx_word' id='word_1_517' title='bbox 1101 1058 1186 1094; x_wconf 89' lang='grc' dir='ltr'>ροῦσα</span> <span class='ocrx_word' id='word_1_518' title='bbox 1198 1058 1248 1091; x_wconf 84' lang='grc' dir='ltr'><strong>τὰς</strong></span> <span class='ocrx_word' id='word_1_519' title='bbox 1264 1060 1297 1086; x_wconf 81' lang='grc' dir='ltr'>ὲκ</span> <span class='ocrx_word' id='word_1_520' title='bbox 1311 1059 1407 1091; x_wconf 77' lang='grc' dir='ltr'>δεξιῶν</span> <span class='ocrx_word' id='word_1_521' title='bbox 1420 1059 1585 1095; x_wconf 73' lang='grc' dir='ltr'>ὑπερϐολὰς,</span> <span class='ocrx_word' id='word_1_522' title='bbox 1604 1060 1653 1087; x_wconf 79' lang='grc' dir='ltr'>καὶ</span> <span class='ocrx_word' id='word_1_523' title='bbox 1673 1059 1722 1091; x_wconf 73' lang='grc' dir='ltr'>τὰς</span> <span class='ocrx_word' id='word_1_524' title='bbox 1739 1060 1769 1093; x_wconf 80' lang='grc' dir='ltr'>ἐξ</span> <span class='ocrx_word' id='word_1_525' title='bbox 1790 1060 1894 1087; x_wconf 78' lang='grc' dir='ltr'>εὐωνύ-</span> 
     </span>
    </p>
   </div>
   <div class='ocr_carea' id='block_1_75' title="bbox 1100 1104 1892 1141">
    <p class='ocr_par' dir='ltr' id='par_1_75' title="bbox 1100 1104 1892 1141">
     <span class='ocr_line' id='line_1_75' title="bbox 1100 1104 1892 1141; baseline 0.004 -11"><span class='ocrx_word' id='word_1_526' title='bbox 1100 1113 1160 1139; x_wconf 87' lang='grc' dir='ltr'>μων</span> <span class='ocrx_word' id='word_1_527' title='bbox 1174 1104 1310 1139; x_wconf 78' lang='grc' dir='ltr'>ὲλλείψεις</span> <span class='ocrx_word' id='word_1_528' title='bbox 1324 1104 1416 1132; x_wconf 81' lang='grc' dir='ltr'>αὐτῶν</span> <span class='ocrx_word' id='word_1_529' title='bbox 1426 1113 1433 1121; x_wconf 90' lang='grc'><strong>·</strong></span> <span class='ocrx_word' id='word_1_530' title='bbox 1447 1105 1497 1137; x_wconf 86' lang='grc' dir='ltr'><strong>τὰς</strong></span> <span class='ocrx_word' id='word_1_531' title='bbox 1514 1105 1543 1132; x_wconf 76' lang='grc' dir='ltr'>δὲ</span> <span class='ocrx_word' id='word_1_532' title='bbox 1554 1105 1717 1141; x_wconf 85' lang='grc' dir='ltr'>κινουμένας</span> <span class='ocrx_word' id='word_1_533' title='bbox 1733 1106 1779 1133; x_wconf 78' lang='grc' dir='ltr'><strong>ὑπ’</strong></span> <span class='ocrx_word' id='word_1_534' title='bbox 1793 1106 1892 1141; x_wconf 83' lang='grc' dir='ltr'>αὐτῆς,</span> 
     </span>
    </p>
   </div>
   <div class='ocr_carea' id='block_1_76' title="bbox 1099 1149 1893 1187">
    <p class='ocr_par' dir='ltr' id='par_1_76' title="bbox 1099 1149 1893 1187">
     <span class='ocr_line' id='line_1_76' title="bbox 1099 1149 1893 1187; baseline 0.001 -10"><span class='ocrx_word' id='word_1_535' title='bbox 1099 1149 1170 1177; x_wconf 85' lang='grc' dir='ltr'>ὥστε</span> <span class='ocrx_word' id='word_1_536' title='bbox 1183 1151 1220 1186; x_wconf 83' lang='grc' dir='ltr'>μὴ</span> <span class='ocrx_word' id='word_1_537' title='bbox 1232 1150 1337 1185; x_wconf 83' lang='grc' dir='ltr'>ἀλόγως</span> <span class='ocrx_word' id='word_1_538' title='bbox 1349 1151 1482 1186; x_wconf 79' lang='grc' dir='ltr'>φέρεσθαι</span> <span class='ocrx_word' id='word_1_539' title='bbox 1496 1151 1654 1187; x_wconf 86' lang='grc' dir='ltr'>πρακτικὰς</span> <span class='ocrx_word' id='word_1_540' title='bbox 1669 1152 1808 1186; x_wconf 84' lang='grc' dir='ltr'>δυνάμεις,</span> <span class='ocrx_word' id='word_1_541' title='bbox 1828 1160 1893 1186; x_wconf 88' lang='grc' dir='ltr'>στη-</span> 
     </span>
    </p>
   </div>
   <div class='ocr_carea' id='block_1_77' title="bbox 1099 1196 1892 1233">
    <p class='ocr_par' dir='ltr' id='par_1_77' title="bbox 1099 1196 1892 1233">
     <span class='ocr_line' id='line_1_77' title="bbox 1099 1196 1892 1233; baseline 0.003 -11"><span class='ocrx_word' id='word_1_542' title='bbox 1099 1196 1170 1232; x_wconf 75' lang='grc' dir='ltr'>ρίξει</span> <span class='ocrx_word' id='word_1_543' title='bbox 1185 1197 1224 1229; x_wconf 83' lang='grc' dir='ltr'><strong>είς</strong></span> <span class='ocrx_word' id='word_1_544' title='bbox 1241 1196 1287 1224; x_wconf 87' lang='grc' dir='ltr'><strong>τδν</strong></span> <span class='ocrx_word' id='word_1_545' title='bbox 1301 1197 1380 1233; x_wconf 87' lang='grc' dir='ltr'>δίκην</span> <span class='ocrx_word' id='word_1_546' title='bbox 1395 1197 1532 1232; x_wconf 83' lang='grc' dir='ltr'>ἀτράκτου</span> <span class='ocrx_word' id='word_1_547' title='bbox 1545 1197 1737 1233; x_wconf 82' lang='grc' dir='ltr'>συμπλέκοντα</span> <span class='ocrx_word' id='word_1_548' title='bbox 1752 1198 1831 1232; x_wconf 86' lang='grc' dir='ltr'>λόγον</span> <span class='ocrx_word' id='word_1_549' title='bbox 1842 1197 1892 1233; x_wconf 82' lang='grc' dir='ltr'>τὴν</span> 
     </span>
    </p>
   </div>
   <div class='ocr_carea' id='block_1_78' title="bbox 1098 1242 1891 1278">
    <p class='ocr_par' dir='ltr' id='par_1_78' title="bbox 1098 1242 1891 1278">
     <span class='ocr_line' id='line_1_78' title="bbox 1098 1242 1891 1278; baseline 0.001 -9"><span class='ocrx_word' id='word_1_550' title='bbox 1098 1242 1226 1278; x_wconf 77' lang='grc' dir='ltr'>αἴσθησιν</span> <span class='ocrx_word' id='word_1_551' title='bbox 1239 1242 1279 1278; x_wconf 85' lang='grc' dir='ltr'><strong>τῷ</strong></span> <span class='ocrx_word' id='word_1_552' title='bbox 1294 1242 1345 1275; x_wconf 82' lang='grc' dir='ltr'>νοτ,</span> <span class='ocrx_word' id='word_1_553' title='bbox 1369 1244 1399 1270; x_wconf 75' lang='grc' dir='ltr'>ἑν</span> <span class='ocrx_word' id='word_1_554' title='bbox 1414 1242 1454 1278; x_wconf 83' lang='grc' dir='ltr'>τῷ</span> <span class='ocrx_word' id='word_1_555' title='bbox 1466 1243 1530 1275; x_wconf 80' lang='grc' dir='ltr'>τοὺς</span> <span class='ocrx_word' id='word_1_556' title='bbox 1556 1243 1617 1270; x_wconf 85' lang='grc' dir='ltr'>κατ’</span> <span class='ocrx_word' id='word_1_557' title='bbox 1637 1243 1764 1278; x_wconf 74' lang='grc' dir='ltr'>αἴσθησιν</span> <span class='ocrx_word' id='word_1_558' title='bbox 1788 1243 1891 1275; x_wconf 81' lang='grc' dir='ltr'>τύπους</span> 
     </span>
    </p>
   </div>
   <div class='ocr_carea' id='block_1_79' title="bbox 1099 1288 1891 1325">
    <p class='ocr_par' dir='ltr' id='par_1_79' title="bbox 1099 1288 1891 1325">
     <span class='ocr_line' id='line_1_79' title="bbox 1099 1288 1891 1325; baseline 0.001 -10"><span class='ocrx_word' id='word_1_559' title='bbox 1099 1289 1169 1324; x_wconf 78' lang='grc' dir='ltr'>πρὸς</span> <span class='ocrx_word' id='word_1_560' title='bbox 1183 1289 1233 1325; x_wconf 84' lang='grc' dir='ltr'>τὴν</span> <span class='ocrx_word' id='word_1_561' title='bbox 1255 1289 1326 1316; x_wconf 84' lang='grc' dir='ltr'><strong>κατά</strong></span> <span class='ocrx_word' id='word_1_562' title='bbox 1344 1288 1407 1317; x_wconf 84' lang='grc' dir='ltr'>νοῦν</span> <span class='ocrx_word' id='word_1_563' title='bbox 1427 1290 1540 1325; x_wconf 78' lang='grc' dir='ltr'>ἀνάγειν</span> <span class='ocrx_word' id='word_1_564' title='bbox 1557 1289 1689 1325; x_wconf 81' lang='grc' dir='ltr'>ἀλήθειαν</span> <span class='ocrx_word' id='word_1_565' title='bbox 1714 1291 1774 1322; x_wconf 85' lang='grc' dir='ltr'>ταῖς</span> <span class='ocrx_word' id='word_1_566' title='bbox 1793 1290 1891 1317; x_wconf 76' lang='grc' dir='ltr'>ἑαυτοῦ</span> 
     </span>
    </p>
   </div>
   <div class='ocr_carea' id='block_1_80' title="bbox 1100 1336 1276 1371">
    <p class='ocr_par' dir='ltr' id='par_1_80' title="bbox 1100 1336 1276 1371">
     <span class='ocr_line' id='line_1_80' title="bbox 1100 1336 1276 1371; baseline -0.006 -9"><span class='ocrx_word' id='word_1_567' title='bbox 1100 1336 1276 1371; x_wconf 83' lang='grc' dir='ltr'>συστροφαῖς.</span> 
     </span>
    </p>
   </div>
   <div class='ocr_carea' id='block_1_81' title="bbox 1134 1380 1892 1415">
    <p class='ocr_par' dir='ltr' id='par_1_81' title="bbox 1134 1380 1892 1415">
     <span class='ocr_line' id='line_1_81' title="bbox 1134 1380 1892 1415; baseline 0.001 -8"><span class='ocrx_word' id='word_1_568' title='bbox 1134 1383 1169 1409; x_wconf 89' lang='grc' dir='ltr'><strong>κ’.</strong></span> <span class='ocrx_word' id='word_1_569' title='bbox 1190 1381 1296 1414; x_wconf 72' lang='grc' dir='ltr'>Χεῖρας</span> <span class='ocrx_word' id='word_1_570' title='bbox 1311 1380 1406 1414; x_wconf 81' lang='grc' dir='ltr'>αὐτῆς</span> <span class='ocrx_word' id='word_1_571' title='bbox 1420 1380 1554 1414; x_wconf 77' lang='grc' dir='ltr'>διήνοιξε</span> <span class='ocrx_word' id='word_1_572' title='bbox 1571 1380 1694 1415; x_wconf 78' lang='grc' dir='ltr'>πένητι’</span> <span class='ocrx_word' id='word_1_573' title='bbox 1719 1381 1836 1415; x_wconf 78' lang='grc' dir='ltr'>καρπὸν</span> <span class='ocrx_word' id='word_1_574' title='bbox 1856 1381 1892 1408; x_wconf 79' lang='grc' dir='ltr'>δὲ</span> 
     </span>
    </p>
   </div>
   <div class='ocr_carea' id='block_1_82' title="bbox 1098 1425 1892 1462">
    <p class='ocr_par' dir='ltr' id='par_1_82' title="bbox 1098 1425 1892 1462">
     <span class='ocr_line' id='line_1_82' title="bbox 1098 1425 1892 1462; baseline 0.001 -10"><span class='ocrx_word' id='word_1_575' title='bbox 1098 1426 1228 1458; x_wconf 79' lang='grc' dir='ltr'>ἐξέτεινε</span> <span class='ocrx_word' id='word_1_576' title='bbox 1244 1425 1362 1461; x_wconf 83' lang='grc' dir='ltr'>πτωχῷ.</span> <span class='ocrx_word' id='word_1_577' title='bbox 1383 1426 1510 1460; x_wconf 78' lang='grc' dir='ltr'>Δαψιλῶς</span> <span class='ocrx_word' id='word_1_578' title='bbox 1523 1427 1584 1458; x_wconf 87' lang='grc' dir='ltr'>ταῖς</span> <span class='ocrx_word' id='word_1_579' title='bbox 1600 1426 1660 1453; x_wconf 70' lang='grc' dir='ltr'>κατ’</span> <span class='ocrx_word' id='word_1_580' title='bbox 1673 1427 1830 1462; x_wconf 69' lang='grc' dir='ltr'>ἐπιστήμην</span> <span class='ocrx_word' id='word_1_581' title='bbox 1841 1428 1892 1453; x_wconf 81' lang='grc' dir='ltr'><strong>αὺ-</strong></span> 
     </span>
    </p>
   </div>
   <div class='ocr_carea' id='block_1_83' title="bbox 1099 1472 1891 1511">
    <p class='ocr_par' dir='ltr' id='par_1_83' title="bbox 1099 1472 1891 1511">
     <span class='ocr_line' id='line_1_83' title="bbox 1099 1472 1891 1511; baseline 0.001 -13"><span class='ocrx_word' id='word_1_582' title='bbox 1099 1472 1148 1507; x_wconf 78' lang='grc' dir='ltr'>τῆς</span> <span class='ocrx_word' id='word_1_583' title='bbox 1160 1472 1313 1511; x_wconf 76' lang='grc' dir='ltr'>ἐνεργείαις</span> <span class='ocrx_word' id='word_1_584' title='bbox 1328 1472 1383 1498; x_wconf 83' lang='grc' dir='ltr'>τῶν</span> <span class='ocrx_word' id='word_1_585' title='bbox 1399 1472 1459 1499; x_wconf 81' lang='grc' dir='ltr'>κατ’</span> <span class='ocrx_word' id='word_1_586' title='bbox 1470 1473 1572 1508; x_wconf 83' lang='grc' dir='ltr'>ἀρετὴν</span> <span class='ocrx_word' id='word_1_587' title='bbox 1581 1472 1700 1508; x_wconf 79' lang='grc' dir='ltr'>τρόπων,</span> <span class='ocrx_word' id='word_1_588' title='bbox 1712 1472 1761 1499; x_wconf 82' lang='grc' dir='ltr'><strong>τοῦ</strong></span> <span class='ocrx_word' id='word_1_589' title='bbox 1773 1472 1891 1500; x_wconf 74' lang='grc' dir='ltr'>πλούτου</span> 
     </span>
    </p>
   </div>
   <div class='ocr_carea' id='block_1_84' title="bbox 1102 1515 1889 1554">
    <p class='ocr_par' dir='ltr' id='par_1_84' title="bbox 1102 1515 1889 1554">
     <span class='ocr_line' id='line_1_84' title="bbox 1102 1515 1889 1554; baseline 0.003 -12"><span class='ocrx_word' id='word_1_590' title='bbox 1102 1516 1238 1551; x_wconf 81' lang='grc' dir='ltr'>μετέδωκε</span> <span class='ocrx_word' id='word_1_591' title='bbox 1254 1515 1302 1543; x_wconf 84' lang='grc' dir='ltr'><strong>τοῦ</strong></span> <span class='ocrx_word' id='word_1_592' title='bbox 1317 1517 1388 1544; x_wconf 79' lang='grc' dir='ltr'>κατὰ</span> <span class='ocrx_word' id='word_1_593' title='bbox 1399 1517 1499 1552; x_wconf 77' lang='grc' dir='ltr'>πρᾶξιν</span> <span class='ocrx_word' id='word_1_594' title='bbox 1509 1517 1602 1552; x_wconf 75' lang='grc' dir='ltr'>ἧθους,</span> <span class='ocrx_word' id='word_1_595' title='bbox 1614 1517 1654 1552; x_wconf 83' lang='grc' dir='ltr'>τῷ</span> <span class='ocrx_word' id='word_1_596' title='bbox 1665 1517 1846 1552; x_wconf 83' lang='grc' dir='ltr'>συντραφέντι</span> <span class='ocrx_word' id='word_1_597' title='bbox 1856 1519 1889 1554; x_wconf 82' lang='grc' dir='ltr'>τῇ</span> 
     </span>
    </p>
   </div>
   <div class='ocr_carea' id='block_1_85' title="bbox 1099 1563 1891 1600">
    <p class='ocr_par' dir='ltr' id='par_1_85' title="bbox 1099 1563 1891 1600">
     <span class='ocr_line' id='line_1_85' title="bbox 1099 1563 1891 1600; baseline 0.003 -10"><span class='ocrx_word' id='word_1_598' title='bbox 1099 1563 1195 1591; x_wconf 70' lang='grc' dir='ltr'>τούτου</span> <span class='ocrx_word' id='word_1_599' title='bbox 1217 1564 1307 1600; x_wconf 70' lang='grc' dir='ltr'>ἐνδείᾳ</span> <span class='ocrx_word' id='word_1_600' title='bbox 1322 1564 1355 1591; x_wconf 73' lang='grc' dir='ltr'>δι’</span> <span class='ocrx_word' id='word_1_601' title='bbox 1368 1565 1483 1599; x_wconf 83' lang='grc' dir='ltr'>ἀλογίαν</span> <span class='ocrx_word' id='word_1_602' title='bbox 1495 1564 1614 1600; x_wconf 62' lang='grc' dir='ltr'>σαρκίῳφ</span> <span class='ocrx_word' id='word_1_603' title='bbox 1628 1565 1700 1592; x_wconf 85' lang='grc' dir='ltr'>κατὰ</span> <span class='ocrx_word' id='word_1_604' title='bbox 1712 1565 1792 1599; x_wconf 86' lang='grc' dir='ltr'>λόγον</span> <span class='ocrx_word' id='word_1_605' title='bbox 1811 1565 1891 1592; x_wconf 81' lang='grc' dir='ltr'>τοῦτο</span> 
     </span>
    </p>
   </div>
   <div class='ocr_carea' id='block_1_86' title="bbox 1099 1608 1890 1645">
    <p class='ocr_par' dir='ltr' id='par_1_86' title="bbox 1099 1608 1890 1645">
     <span class='ocr_line' id='line_1_86' title="bbox 1099 1608 1890 1645; baseline 0.004 -10"><span class='ocrx_word' id='word_1_606' title='bbox 1099 1608 1270 1644; x_wconf 70' lang='grc' dir='ltr'>ρυθμίσασα⁴</span> <span class='ocrx_word' id='word_1_607' title='bbox 1297 1610 1346 1637; x_wconf 81' lang='grc' dir='ltr'>καὶ</span> <span class='ocrx_word' id='word_1_608' title='bbox 1360 1609 1410 1645; x_wconf 85' lang='grc' dir='ltr'>τῆς</span> <span class='ocrx_word' id='word_1_609' title='bbox 1428 1609 1591 1645; x_wconf 82' lang='grc' dir='ltr'>φθοροποιοῦ</span> <span class='ocrx_word' id='word_1_610' title='bbox 1607 1610 1777 1645; x_wconf 79' lang='grc' dir='ltr'>ἡδυπαθείας</span> <span class='ocrx_word' id='word_1_611' title='bbox 1791 1611 1890 1644; x_wconf 55' lang='lat' dir='ltr'><strong>{Euva-</strong></span> 
     </span>
    </p>
   </div>
   <div class='ocr_carea' id='block_1_87' title="bbox 1099 1652 1876 1693">
    <p class='ocr_par' dir='ltr' id='par_1_87' title="bbox 1099 1652 1876 1693">
     <span class='ocr_line' id='line_1_87' title="bbox 1099 1652 1876 1693; baseline 0.004 -12"><span class='ocrx_word' id='word_1_612' title='bbox 1099 1655 1224 1689; x_wconf 83' lang='grc' dir='ltr'>στήσασα</span> <span class='ocrx_word' id='word_1_613' title='bbox 1234 1663 1242 1670; x_wconf 90' lang='grc'><strong>·</strong></span> <span class='ocrx_word' id='word_1_614' title='bbox 1258 1655 1289 1682; x_wconf 76' lang='grc' dir='ltr'><strong>τὸ</strong></span> <span class='ocrx_word' id='word_1_615' title='bbox 1301 1655 1330 1682; x_wconf 76' lang='grc' dir='ltr'>δὲ</span> <span class='ocrx_word' id='word_1_616' title='bbox 1339 1655 1515 1692; x_wconf 68' lang='grc' dir='ltr'>θεωρητικὸν,</span> <span class='ocrx_word' id='word_1_617' title='bbox 1526 1652 1556 1682; x_wconf 86' lang='grc' dir='ltr'><strong>οῦ</strong></span> <span class='ocrx_word' id='word_1_618' title='bbox 1568 1656 1717 1692; x_wconf 80' lang='grc' dir='ltr'>ἐξήρτηται</span> <span class='ocrx_word' id='word_1_619' title='bbox 1731 1656 1762 1683; x_wconf 79' lang='grc' dir='ltr'><strong>τὺ</strong></span> <span class='ocrx_word' id='word_1_620' title='bbox 1775 1666 1876 1693; x_wconf 80' lang='grc' dir='ltr'>πρακτι</span> 
     </span>
    </p>
   </div>
   <div class='ocr_carea' id='block_1_88' title="bbox 1098 1698 1890 1737">
    <p class='ocr_par' dir='ltr' id='par_1_88' title="bbox 1098 1698 1890 1737">
     <span class='ocr_line' id='line_1_88' title="bbox 1098 1698 1890 1737; baseline 0.001 -9"><span class='ocrx_word' id='word_1_621' title='bbox 1098 1700 1147 1728; x_wconf 84' lang='grc' dir='ltr'><strong>κδν</strong></span> <span class='ocrx_word' id='word_1_622' title='bbox 1160 1698 1204 1728; x_wconf 75' lang='grc' dir='ltr'>οἷα</span> <span class='ocrx_word' id='word_1_623' title='bbox 1220 1701 1327 1737; x_wconf 84' lang='grc' dir='ltr'>καρποῦ</span> <span class='ocrx_word' id='word_1_624' title='bbox 1343 1702 1414 1737; x_wconf 77' lang='grc' dir='ltr'>χεὶρ,</span> <span class='ocrx_word' id='word_1_625' title='bbox 1430 1701 1570 1737; x_wconf 80' lang='grc' dir='ltr'>ἑξήπλωσε</span> <span class='ocrx_word' id='word_1_626' title='bbox 1585 1701 1656 1729; x_wconf 89' lang='grc' dir='ltr'><strong>κατά</strong></span> <span class='ocrx_word' id='word_1_627' title='bbox 1670 1701 1782 1736; x_wconf 83' lang='grc' dir='ltr'>γνῶσιν,</span> <span class='ocrx_word' id='word_1_628' title='bbox 1796 1702 1835 1737; x_wconf 79' lang='grc' dir='ltr'>τῷ</span> <span class='ocrx_word' id='word_1_629' title='bbox 1850 1704 1890 1734; x_wconf 80' lang='grc' dir='ltr'>εἰς</span> 
     </span>
    </p>
   </div>
   <div class='ocr_carea' id='block_1_89' title="bbox 1098 1746 1890 1782">
    <p class='ocr_par' dir='ltr' id='par_1_89' title="bbox 1098 1746 1890 1782">
     <span class='ocr_line' id='line_1_89' title="bbox 1098 1746 1890 1782; baseline 0 -8"><span class='ocrx_word' id='word_1_630' title='bbox 1098 1748 1211 1782; x_wconf 74' lang='grc' dir='ltr'>ἄγνοιαν</span> <span class='ocrx_word' id='word_1_631' title='bbox 1237 1747 1285 1774; x_wconf 84' lang='grc' dir='ltr'><strong>τοῦ</strong></span> <span class='ocrx_word' id='word_1_632' title='bbox 1313 1747 1399 1779; x_wconf 74' lang='grc' dir='ltr'>ὅντως</span> <span class='ocrx_word' id='word_1_633' title='bbox 1416 1746 1514 1777; x_wconf 81' lang='grc' dir='ltr'>καλοῦ.</span> <span class='ocrx_word' id='word_1_634' title='bbox 1533 1746 1578 1773; x_wconf 77' lang='grc' dir='ltr'><strong>διὰ</strong></span> <span class='ocrx_word' id='word_1_635' title='bbox 1591 1746 1642 1782; x_wconf 81' lang='grc' dir='ltr'>τὴν</span> <span class='ocrx_word' id='word_1_636' title='bbox 1658 1747 1727 1782; x_wconf 81' lang='grc' dir='ltr'>πρὸς</span> <span class='ocrx_word' id='word_1_637' title='bbox 1750 1747 1785 1774; x_wconf 88' lang='grc' dir='ltr'><strong>τά</strong></span> <span class='ocrx_word' id='word_1_638' title='bbox 1809 1747 1890 1774; x_wconf 77' lang='grc' dir='ltr'>ῦλικὰ</span> 
     </span>
    </p>
   </div>
   <div class='ocr_carea' id='block_1_90' title="bbox 1099 1792 1891 1830">
    <p class='ocr_par' dir='ltr' id='par_1_90' title="bbox 1099 1792 1891 1830">
     <span class='ocr_line' id='line_1_90' title="bbox 1099 1792 1891 1830; baseline -0.001 -9"><span class='ocrx_word' id='word_1_639' title='bbox 1099 1794 1192 1829; x_wconf 85' lang='grc' dir='ltr'>σχέσιν</span> <span class='ocrx_word' id='word_1_640' title='bbox 1203 1794 1381 1830; x_wconf 84' lang='grc' dir='ltr'>περιπεσόντι</span> <span class='ocrx_word' id='word_1_641' title='bbox 1391 1795 1430 1821; x_wconf 81' lang='grc' dir='ltr'>νοτ</span> <span class='ocrx_word' id='word_1_642' title='bbox 1438 1801 1445 1808; x_wconf 95' lang='grc'><strong>·</strong></span> <span class='ocrx_word' id='word_1_643' title='bbox 1456 1792 1687 1828; x_wconf 82' lang='grc' dir='ltr'>ἀνακαλεσαμένη</span> <span class='ocrx_word' id='word_1_644' title='bbox 1699 1793 1745 1819; x_wconf 74' lang='grc' dir='ltr'>καὶ</span> <span class='ocrx_word' id='word_1_645' title='bbox 1757 1792 1891 1828; x_wconf 81' lang='grc' dir='ltr'>ἐγείρασα</span> 
     </span>
    </p>
   </div>
   <div class='ocr_carea' id='block_1_91' title="bbox 1098 1838 1729 1875">
    <p class='ocr_par' dir='ltr' id='par_1_91' title="bbox 1098 1838 1729 1875">
     <span class='ocr_line' id='line_1_91' title="bbox 1098 1838 1729 1875; baseline -0.003 -8"><span class='ocrx_word' id='word_1_646' title='bbox 1098 1840 1192 1867; x_wconf 83' lang='grc' dir='ltr'>τοῦτον</span> <span class='ocrx_word' id='word_1_647' title='bbox 1210 1840 1257 1867; x_wconf 85' lang='grc' dir='ltr'><strong>τοῦ</strong></span> <span class='ocrx_word' id='word_1_648' title='bbox 1277 1840 1440 1875; x_wconf 82' lang='grc' dir='ltr'>πτώματος,</span> <span class='ocrx_word' id='word_1_649' title='bbox 1460 1840 1497 1871; x_wconf 86' lang='grc' dir='ltr'>ὼς</span> <span class='ocrx_word' id='word_1_650' title='bbox 1516 1838 1599 1866; x_wconf 78' lang='grc' dir='ltr'>αὑτοῦ</span> <span class='ocrx_word' id='word_1_651' title='bbox 1621 1838 1729 1874; x_wconf 83' lang='grc' dir='ltr'>βοηθός.</span> 
     </span>
    </p>
   </div>
   <div class='ocr_carea' id='block_1_92' title="bbox 1132 1883 1888 1921">
    <p class='ocr_par' dir='ltr' id='par_1_92' title="bbox 1132 1883 1888 1921">
     <span class='ocr_line' id='line_1_92' title="bbox 1132 1883 1888 1921; baseline -0.004 -8"><span class='ocrx_word' id='word_1_652' title='bbox 1132 1889 1186 1914; x_wconf 77' lang='grc' dir='ltr'>κα’.</span> <span class='ocrx_word' id='word_1_653' title='bbox 1209 1887 1250 1913; x_wconf 84' lang='grc' dir='ltr'><strong>Οὐ</strong></span> <span class='ocrx_word' id='word_1_654' title='bbox 1265 1885 1412 1921; x_wconf 66' lang='grc' dir='ltr'>φροντίζει</span> <span class='ocrx_word' id='word_1_655' title='bbox 1428 1885 1488 1912; x_wconf 84' lang='grc' dir='ltr'>τῶν</span> <span class='ocrx_word' id='word_1_656' title='bbox 1508 1885 1543 1912; x_wconf 82' lang='grc' dir='ltr'>ὲν</span> <span class='ocrx_word' id='word_1_657' title='bbox 1559 1885 1632 1917; x_wconf 82' lang='grc' dir='ltr'>οῑκφ</span> <span class='ocrx_word' id='word_1_658' title='bbox 1653 1886 1670 1912; x_wconf 81' lang='grc' dir='ltr'><em>ὁ</em></span> <span class='ocrx_word' id='word_1_659' title='bbox 1681 1884 1759 1918; x_wconf 78' lang='grc' dir='ltr'>ἀνὴρ</span> <span class='ocrx_word' id='word_1_660' title='bbox 1783 1883 1888 1916; x_wconf 77' lang='grc' dir='ltr'>αὐτῆς,</span> 
     </span>
    </p>
   </div>
   <div class='ocr_carea' id='block_1_93' title="bbox 1098 1928 1888 1965">
    <p class='ocr_par' dir='ltr' id='par_1_93' title="bbox 1098 1928 1888 1965">
     <span class='ocr_line' id='line_1_93' title="bbox 1098 1928 1888 1965; baseline -0.004 -7"><span class='ocrx_word' id='word_1_661' title='bbox 1098 1931 1172 1958; x_wconf 78' lang='grc' dir='ltr'>ὅταν</span> <span class='ocrx_word' id='word_1_662' title='bbox 1188 1939 1248 1958; x_wconf 83' lang='grc' dir='ltr'><strong>που</strong></span> <span class='ocrx_word' id='word_1_663' title='bbox 1263 1930 1398 1965; x_wconf 75' lang='grc' dir='ltr'>χρονίζῃ·</span> <span class='ocrx_word' id='word_1_664' title='bbox 1413 1930 1525 1964; x_wconf 78' lang='grc' dir='ltr'>πάντες</span> <span class='ocrx_word' id='word_1_665' title='bbox 1546 1930 1601 1965; x_wconf 76' lang='grc' dir='ltr'>γὰρ</span> <span class='ocrx_word' id='word_1_666' title='bbox 1613 1931 1641 1957; x_wconf 86' lang='grc' dir='ltr'>οι</span> <span class='ocrx_word' id='word_1_667' title='bbox 1654 1929 1723 1963; x_wconf 81' lang='grc' dir='ltr'>παρ’</span> <span class='ocrx_word' id='word_1_668' title='bbox 1742 1928 1820 1963; x_wconf 74' lang='grc' dir='ltr'>αὐτῇ</span> <span class='ocrx_word' id='word_1_669' title='bbox 1840 1930 1888 1955; x_wconf 83' lang='grc' dir='ltr'><strong>ὲν-</strong></span> 
     </span>
    </p>
   </div>
   <div class='ocr_carea' id='block_1_94' title="bbox 1098 1973 1888 2011">
    <p class='ocr_par' dir='ltr' id='par_1_94' title="bbox 1098 1973 1888 2011">
     <span class='ocr_line' id='line_1_94' title="bbox 1098 1973 1888 2011; baseline -0.004 -8"><span class='ocrx_word' id='word_1_670' title='bbox 1098 1976 1304 2003; x_wconf 76' lang='grc' dir='ltr'>ἃιδύσκονται.</span> <span class='ocrx_word' id='word_1_671' title='bbox 1325 1976 1363 2002; x_wconf 82' lang='grc' dir='ltr'>Οῠ</span> <span class='ocrx_word' id='word_1_672' title='bbox 1390 1976 1511 2011; x_wconf 82' lang='grc' dir='ltr'>μεριμνᾷ</span> <span class='ocrx_word' id='word_1_673' title='bbox 1532 1976 1547 2002; x_wconf 84' lang='grc' dir='ltr'><strong>ὁ</strong></span> <span class='ocrx_word' id='word_1_674' title='bbox 1565 1974 1654 2011; x_wconf 82' lang='grc' dir='ltr'>ταύτῃ</span> <span class='ocrx_word' id='word_1_675' title='bbox 1677 1973 1800 2006; x_wconf 84' lang='grc' dir='ltr'>σύνοικος</span> <span class='ocrx_word' id='word_1_676' title='bbox 1826 1973 1888 2005; x_wconf 86' lang='grc' dir='ltr'>νοῦς</span> 
     </span>
    </p>
   </div>
   <div class='ocr_carea' id='block_1_95' title="bbox 1098 2020 1886 2057">
    <p class='ocr_par' dir='ltr' id='par_1_95' title="bbox 1098 2020 1886 2057">
     <span class='ocr_line' id='line_1_95' title="bbox 1098 2020 1886 2057; baseline -0.003 -9"><span class='ocrx_word' id='word_1_677' title='bbox 1098 2022 1227 2057; x_wconf 75' lang='grc' dir='ltr'>περὶτῶν</span> <span class='ocrx_word' id='word_1_678' title='bbox 1238 2022 1267 2048; x_wconf 83' lang='grc' dir='ltr'>ὲν</span> <span class='ocrx_word' id='word_1_679' title='bbox 1280 2021 1318 2057; x_wconf 80' lang='grc' dir='ltr'>τῷ</span> <span class='ocrx_word' id='word_1_680' title='bbox 1331 2021 1483 2056; x_wconf 85' lang='grc' dir='ltr'>οἰκητηρίῳ</span> <span class='ocrx_word' id='word_1_681' title='bbox 1496 2020 1577 2048; x_wconf 80' lang='grc' dir='ltr'>αὐτοῦ</span> <span class='ocrx_word' id='word_1_682' title='bbox 1589 2020 1695 2056; x_wconf 80' lang='grc' dir='ltr'>σαρκίῳ</span> <span class='ocrx_word' id='word_1_683' title='bbox 1706 2020 1886 2056; x_wconf 79' lang='grc' dir='ltr'>παθημάτων,</span> 
     </span>
    </p>
   </div>
   <div class='ocr_carea' id='block_1_96' title="bbox 1098 2066 1886 2102">
    <p class='ocr_par' dir='ltr' id='par_1_96' title="bbox 1098 2066 1886 2102">
     <span class='ocr_line' id='line_1_96' title="bbox 1098 2066 1886 2102; baseline -0.001 -9"><span class='ocrx_word' id='word_1_684' title='bbox 1098 2066 1200 2093; x_wconf 74' lang='grc' dir='ltr'>ὁπόταν</span> <span class='ocrx_word' id='word_1_685' title='bbox 1227 2067 1287 2098; x_wconf 85' lang='grc' dir='ltr'>ταῖς</span> <span class='ocrx_word' id='word_1_686' title='bbox 1311 2067 1512 2102; x_wconf 83' lang='grc' dir='ltr'>πνευματικαῖς</span> <span class='ocrx_word' id='word_1_687' title='bbox 1535 2066 1664 2102; x_wconf 80' lang='grc' dir='ltr'>θεωρίαις</span> <span class='ocrx_word' id='word_1_688' title='bbox 1687 2066 1886 2101; x_wconf 78' lang='grc' dir='ltr'>ἐνασχολῆται·</span> 
     </span>
    </p>
   </div>
   <div class='ocr_carea' id='block_1_97' title="bbox 1098 2111 1888 2148">
    <p class='ocr_par' dir='ltr' id='par_1_97' title="bbox 1098 2111 1888 2148">
     <span class='ocr_line' id='line_1_97' title="bbox 1098 2111 1888 2148; baseline 0 -10"><span class='ocrx_word' id='word_1_689' title='bbox 1098 2111 1198 2142; x_wconf 75' lang='grc' dir='ltr'>πάντες</span> <span class='ocrx_word' id='word_1_690' title='bbox 1212 2112 1267 2147; x_wconf 86' lang='grc' dir='ltr'><strong>γὰρ</strong></span> <span class='ocrx_word' id='word_1_691' title='bbox 1280 2112 1304 2138; x_wconf 83' lang='grc' dir='ltr'><strong>οί</strong></span> <span class='ocrx_word' id='word_1_692' title='bbox 1318 2111 1413 2138; x_wconf 78' lang='grc' dir='ltr'>τούτου</span> <span class='ocrx_word' id='word_1_693' title='bbox 1427 2113 1455 2138; x_wconf 82' lang='grc' dir='ltr'>ὲν</span> <span class='ocrx_word' id='word_1_694' title='bbox 1468 2111 1542 2147; x_wconf 80' lang='grc' dir='ltr'>αὐτῷ</span> <span class='ocrx_word' id='word_1_695' title='bbox 1556 2111 1691 2146; x_wconf 75' lang='grc' dir='ltr'>λογισμοὶ.</span> <span class='ocrx_word' id='word_1_696' title='bbox 1710 2112 1888 2148; x_wconf 75' lang='grc' dir='ltr'>περιϐάλλον-</span> 
     </span>
    </p>
   </div>
   <div class='ocr_carea' id='block_1_98' title="bbox 1097 2157 1887 2193">
    <p class='ocr_par' dir='ltr' id='par_1_98' title="bbox 1097 2157 1887 2193">
     <span class='ocr_line' id='line_1_98' title="bbox 1097 2157 1887 2193; baseline 0.001 -9"><span class='ocrx_word' id='word_1_697' title='bbox 1097 2167 1142 2184; x_wconf 83' lang='grc' dir='ltr'><strong>ται</strong></span> <span class='ocrx_word' id='word_1_698' title='bbox 1167 2158 1211 2185; x_wconf 79' lang='grc' dir='ltr'><strong>διὰ</strong></span> <span class='ocrx_word' id='word_1_699' title='bbox 1235 2157 1413 2193; x_wconf 78' lang='grc' dir='ltr'>σωφροσύνην</span> <span class='ocrx_word' id='word_1_700' title='bbox 1435 2158 1483 2184; x_wconf 77' lang='grc' dir='ltr'>καὶ</span> <span class='ocrx_word' id='word_1_701' title='bbox 1507 2157 1650 2193; x_wconf 84' lang='grc' dir='ltr'>ἀνδρείαν,</span> <span class='ocrx_word' id='word_1_702' title='bbox 1678 2157 1710 2184; x_wconf 86' lang='grc' dir='ltr'><strong>τδ</strong></span> <span class='ocrx_word' id='word_1_703' title='bbox 1731 2157 1764 2184; x_wconf 75' lang='grc' dir='ltr'>ἐκ</span> <span class='ocrx_word' id='word_1_704' title='bbox 1789 2166 1819 2184; x_wconf 89' lang='grc' dir='ltr'><strong>τε</strong></span> <span class='ocrx_word' id='word_1_705' title='bbox 1840 2157 1887 2185; x_wconf 84' lang='grc' dir='ltr'><strong>τοῦ</strong></span> 
     </span>
    </p>
   </div>
   <div class='ocr_carea' id='block_1_99' title="bbox 1063 2202 1888 2245">
    <p class='ocr_par' dir='ltr' id='par_1_99' title="bbox 1063 2202 1888 2245">
     <span class='ocr_line' id='line_1_99' title="bbox 1063 2202 1888 2245; baseline 0.001 -16"><span class='ocrx_word' id='word_1_706' title='bbox 1063 2217 1084 2245; x_wconf 76' lang='lat' dir='ltr'>D</span> <span class='ocrx_word' id='word_1_707' title='bbox 1099 2203 1221 2238; x_wconf 78' lang='grc' dir='ltr'>φλογμοῦ</span> <span class='ocrx_word' id='word_1_708' title='bbox 1239 2203 1294 2229; x_wconf 85' lang='grc' dir='ltr'><strong>τῶν</strong></span> <span class='ocrx_word' id='word_1_709' title='bbox 1312 2202 1373 2229; x_wconf 74' lang='grc' dir='ltr'>καθ’</span> <span class='ocrx_word' id='word_1_710' title='bbox 1388 2202 1486 2238; x_wconf 80' lang='grc' dir='ltr'>ἡδονὴν</span> <span class='ocrx_word' id='word_1_711' title='bbox 1502 2202 1634 2229; x_wconf 77' lang='grc' dir='ltr'>ἑκουσίων</span> <span class='ocrx_word' id='word_1_712' title='bbox 1646 2202 1823 2238; x_wconf 82' lang='grc' dir='ltr'>πειρασμῶν,</span> <span class='ocrx_word' id='word_1_713' title='bbox 1840 2203 1888 2230; x_wconf 71' lang='grc' dir='ltr'>καὶ</span> 
     </span>
    </p>
   </div>
   <div class='ocr_carea' id='block_1_100' title="bbox 1098 2248 1834 2286">
    <p class='ocr_par' dir='ltr' id='par_1_100' title="bbox 1098 2248 1834 2286">
     <span class='ocr_line' id='line_1_100' title="bbox 1098 2248 1834 2286; baseline -0.001 -10"><span class='ocrx_word' id='word_1_714' title='bbox 1098 2249 1145 2276; x_wconf 88' lang='grc' dir='ltr'><strong>τοῦ</strong></span> <span class='ocrx_word' id='word_1_715' title='bbox 1163 2249 1270 2286; x_wconf 84' lang='grc' dir='ltr'>κρυμοῦ</span> <span class='ocrx_word' id='word_1_716' title='bbox 1289 2249 1343 2276; x_wconf 85' lang='grc' dir='ltr'>τῶν</span> <span class='ocrx_word' id='word_1_717' title='bbox 1362 2249 1422 2276; x_wconf 83' lang='grc' dir='ltr'>κατ’</span> <span class='ocrx_word' id='word_1_718' title='bbox 1436 2248 1532 2284; x_wconf 82' lang='grc' dir='ltr'>ὀδύνην</span> <span class='ocrx_word' id='word_1_719' title='bbox 1551 2248 1696 2280; x_wconf 84' lang='grc' dir='ltr'>ἀκουσίων,</span> <span class='ocrx_word' id='word_1_720' title='bbox 1717 2248 1834 2280; x_wconf 72' lang='grc' dir='ltr'>ἀπαθές.</span> 
     </span>
    </p>
   </div>
   <div class='ocr_carea' id='block_1_101' title="bbox 1134 2292 1886 2331">
    <p class='ocr_par' dir='ltr' id='par_1_101' title="bbox 1134 2292 1886 2331">
     <span class='ocr_line' id='line_1_101' title="bbox 1134 2292 1886 2331; baseline -0.004 -8"><span class='ocrx_word' id='word_1_721' title='bbox 1134 2295 1187 2331; x_wconf 81' lang='grc' dir='ltr'><strong>κβ’.</strong></span> <span class='ocrx_word' id='word_1_722' title='bbox 1207 2295 1322 2328; x_wconf 82' lang='grc' dir='ltr'>Δισσὰς</span> <span class='ocrx_word' id='word_1_723' title='bbox 1337 2295 1466 2329; x_wconf 73' lang='grc' dir='ltr'>χλαίνας</span> <span class='ocrx_word' id='word_1_724' title='bbox 1482 2295 1607 2328; x_wconf 77' lang='grc' dir='ltr'>ἐποίησε</span> <span class='ocrx_word' id='word_1_725' title='bbox 1626 2294 1666 2327; x_wconf 88' lang='grc' dir='ltr'>τῷ</span> <span class='ocrx_word' id='word_1_726' title='bbox 1684 2294 1770 2328; x_wconf 76' lang='grc' dir='ltr'>ἀνδρί</span> <span class='ocrx_word' id='word_1_727' title='bbox 1781 2292 1886 2327; x_wconf 80' lang='grc' dir='ltr'>αὐτῆς.</span> 
     </span>
    </p>
   </div>
   <div class='ocr_carea' id='block_1_102' title="bbox 1098 2339 1888 2375">
    <p class='ocr_par' dir='ltr' id='par_1_102' title="bbox 1098 2339 1888 2375">
     <span class='ocr_line' id='line_1_102' title="bbox 1098 2339 1888 2375; baseline -0.004 -7"><span class='ocrx_word' id='word_1_728' title='bbox 1098 2340 1292 2368; x_wconf 82' lang='grc' dir='ltr'>Κατεσκεύασε</span> <span class='ocrx_word' id='word_1_729' title='bbox 1305 2340 1345 2375; x_wconf 84' lang='grc' dir='ltr'>τῷ</span> <span class='ocrx_word' id='word_1_730' title='bbox 1360 2339 1475 2375; x_wconf 82' lang='grc' dir='ltr'>συνοίκῳ</span> <span class='ocrx_word' id='word_1_731' title='bbox 1489 2339 1574 2375; x_wconf 78' lang='grc' dir='ltr'>αὐτῆς</span> <span class='ocrx_word' id='word_1_732' title='bbox 1585 2339 1636 2370; x_wconf 82' lang='grc' dir='ltr'>νοῒ,</span> <span class='ocrx_word' id='word_1_733' title='bbox 1648 2339 1721 2366; x_wconf 84' lang='grc' dir='ltr'><strong>κατά</strong></span> <span class='ocrx_word' id='word_1_734' title='bbox 1730 2347 1760 2365; x_wconf 86' lang='grc' dir='ltr'><strong>τε</strong></span> <span class='ocrx_word' id='word_1_735' title='bbox 1773 2339 1888 2374; x_wconf 82' lang='grc' dir='ltr'>οεωρίαν</span> 
     </span>
    </p>
   </div>
   <div class='ocr_carea' id='block_1_103' title="bbox 1098 2384 1888 2422">
    <p class='ocr_par' dir='ltr' id='par_1_103' title="bbox 1098 2384 1888 2422">
     <span class='ocr_line' id='line_1_103' title="bbox 1098 2384 1888 2422; baseline -0.004 -9"><span class='ocrx_word' id='word_1_736' title='bbox 1098 2387 1146 2414; x_wconf 77' lang='grc' dir='ltr'>καὶ</span> <span class='ocrx_word' id='word_1_737' title='bbox 1168 2386 1269 2422; x_wconf 81' lang='grc' dir='ltr'>πρᾶξιν</span> <span class='ocrx_word' id='word_1_738' title='bbox 1285 2385 1362 2412; x_wconf 86' lang='grc' dir='ltr'>διττὰ</span> <span class='ocrx_word' id='word_1_739' title='bbox 1387 2385 1594 2420; x_wconf 76' lang='grc' dir='ltr'>περιϐλήματα·</span> <span class='ocrx_word' id='word_1_740' title='bbox 1612 2386 1667 2416; x_wconf 81' lang='grc' dir='ltr'>τοῖς</span> <span class='ocrx_word' id='word_1_741' title='bbox 1689 2384 1779 2418; x_wconf 84' lang='grc' dir='ltr'>λόγοις</span> <span class='ocrx_word' id='word_1_742' title='bbox 1802 2384 1888 2410; x_wconf 83' lang='grc' dir='ltr'>ταῦτα</span> 
     </span>
    </p>
   </div>
   <div class='ocr_carea' id='block_1_104' title="bbox 1098 2429 1887 2466">
    <p class='ocr_par' dir='ltr' id='par_1_104' title="bbox 1098 2429 1887 2466">
     <span class='ocr_line' id='line_1_104' title="bbox 1098 2429 1887 2466; baseline -0.005 -7"><span class='ocrx_word' id='word_1_743' title='bbox 1098 2431 1152 2459; x_wconf 84' lang='grc' dir='ltr'><strong>τῶν</strong></span> <span class='ocrx_word' id='word_1_744' title='bbox 1171 2432 1266 2465; x_wconf 79' lang='grc' dir='ltr'>όντων,</span> <span class='ocrx_word' id='word_1_745' title='bbox 1286 2432 1334 2458; x_wconf 78' lang='grc' dir='ltr'>καὶ</span> <span class='ocrx_word' id='word_1_746' title='bbox 1360 2433 1418 2463; x_wconf 84' lang='grc' dir='ltr'>τοῖς</span> <span class='ocrx_word' id='word_1_747' title='bbox 1444 2431 1557 2466; x_wconf 84' lang='grc' dir='ltr'>τρόποις</span> <span class='ocrx_word' id='word_1_748' title='bbox 1583 2430 1636 2456; x_wconf 85' lang='grc' dir='ltr'><strong>τῶν</strong></span> <span class='ocrx_word' id='word_1_749' title='bbox 1662 2430 1767 2466; x_wconf 79' lang='grc' dir='ltr'>ἀρετῶν</span> <span class='ocrx_word' id='word_1_750' title='bbox 1787 2429 1887 2463; x_wconf 72' lang='grc' dir='ltr'>ἐξυφα-</span> 
     </span>
    </p>
   </div>
   <div class='ocr_carea' id='block_1_105' title="bbox 1098 2490 1177 2509">
    <p class='ocr_par' dir='ltr' id='par_1_105' title="bbox 1098 2490 1177 2509">
     <span class='ocr_line' id='line_1_105' title="bbox 1098 2490 1177 2509; baseline -0.013 0"><span class='ocrx_word' id='word_1_751' title='bbox 1098 2490 1177 2509; x_wconf 89' lang='grc' dir='ltr'>νασα.</span> 
     </span>
    </p>
   </div>
   <div class='ocr_carea' id='block_1_106' title="bbox 1139 2523 1886 2560">
    <p class='ocr_par' dir='ltr' id='par_1_106' title="bbox 1139 2523 1886 2560">
     <span class='ocr_line' id='line_1_106' title="bbox 1139 2523 1886 2560; baseline -0.007 -5"><span class='ocrx_word' id='word_1_752' title='bbox 1139 2529 1190 2556; x_wconf 74' lang='grc' dir='ltr'>Ἐκ</span> <span class='ocrx_word' id='word_1_753' title='bbox 1200 2527 1235 2554; x_wconf 81' lang='grc' dir='ltr'>δὲ</span> <span class='ocrx_word' id='word_1_754' title='bbox 1242 2527 1368 2560; x_wconf 82' lang='grc' dir='ltr'>βύσσου</span> <span class='ocrx_word' id='word_1_755' title='bbox 1379 2526 1427 2553; x_wconf 73' lang='grc' dir='ltr'>καὶ</span> <span class='ocrx_word' id='word_1_756' title='bbox 1440 2526 1596 2560; x_wconf 74' lang='grc' dir='ltr'>πορφύρας</span> <span class='ocrx_word' id='word_1_757' title='bbox 1620 2523 1713 2558; x_wconf 78' lang='grc' dir='ltr'>ἑαυτῇ</span> <span class='ocrx_word' id='word_1_758' title='bbox 1725 2524 1886 2558; x_wconf 81' lang='grc' dir='ltr'>ἐνδύματα.</span> 
     </span>
    </p>
   </div>
   <div class='ocr_carea' id='block_1_107' title="bbox 1137 2569 1888 2608">
    <p class='ocr_par' dir='ltr' id='par_1_107' title="bbox 1137 2569 1888 2608">
     <span class='ocr_line' id='line_1_107' title="bbox 1137 2569 1888 2608; baseline -0.005 -9"><span class='ocrx_word' id='word_1_759' title='bbox 1137 2573 1237 2608; x_wconf 80' lang='grc' dir='ltr'>Ἐαυτῇ</span> <span class='ocrx_word' id='word_1_760' title='bbox 1252 2572 1280 2599; x_wconf 79' lang='grc' dir='ltr'>δὲ</span> <span class='ocrx_word' id='word_1_761' title='bbox 1297 2569 1342 2598; x_wconf 80' lang='grc' dir='ltr'><strong>οἷά</strong></span> <span class='ocrx_word' id='word_1_762' title='bbox 1355 2580 1416 2599; x_wconf 91' lang='grc' dir='ltr'>τινα</span> <span class='ocrx_word' id='word_1_763' title='bbox 1431 2571 1604 2606; x_wconf 75' lang='grc' dir='ltr'>περιϐόλαια,</span> <span class='ocrx_word' id='word_1_764' title='bbox 1619 2572 1652 2597; x_wconf 80' lang='grc' dir='ltr'>τὰ</span> <span class='ocrx_word' id='word_1_765' title='bbox 1666 2569 1728 2604; x_wconf 82' lang='grc' dir='ltr'>περί</span> <span class='ocrx_word' id='word_1_766' title='bbox 1743 2577 1773 2596; x_wconf 83' lang='grc' dir='ltr'><strong>τε</strong></span> <span class='ocrx_word' id='word_1_767' title='bbox 1787 2570 1838 2605; x_wconf 84' lang='grc' dir='ltr'>τῆς</span> <span class='ocrx_word' id='word_1_768' title='bbox 1851 2570 1888 2596; x_wconf 80' lang='grc' dir='ltr'><strong>οἰ-</strong></span> 
     </span>
    </p>
   </div>
   <div class='ocr_carea' id='block_1_108' title="bbox 1097 2615 1888 2654">
    <p class='ocr_par' dir='ltr' id='par_1_108' title="bbox 1097 2615 1888 2654">
     <span class='ocr_line' id='line_1_108' title="bbox 1097 2615 1888 2654; baseline -0.005 -9"><span class='ocrx_word' id='word_1_769' title='bbox 1097 2619 1226 2654; x_wconf 81' lang='grc' dir='ltr'>κονομίας</span> <span class='ocrx_word' id='word_1_770' title='bbox 1238 2619 1286 2644; x_wconf 83' lang='grc' dir='ltr'>καὶ</span> <span class='ocrx_word' id='word_1_771' title='bbox 1296 2618 1346 2652; x_wconf 86' lang='grc' dir='ltr'>τῆς</span> <span class='ocrx_word' id='word_1_772' title='bbox 1359 2617 1497 2651; x_wconf 87' lang='grc' dir='ltr'>θεολογίας</span> <span class='ocrx_word' id='word_1_773' title='bbox 1513 2616 1583 2651; x_wconf 75' lang='grc' dir='ltr'>ὑπὲρ</span> <span class='ocrx_word' id='word_1_774' title='bbox 1597 2616 1660 2643; x_wconf 85' lang='grc' dir='ltr'>νοῦν</span> <span class='ocrx_word' id='word_1_775' title='bbox 1674 2615 1798 2651; x_wconf 82' lang='grc' dir='ltr'>δόγματα</span> <span class='ocrx_word' id='word_1_776' title='bbox 1810 2623 1817 2630; x_wconf 91' lang='grc'><strong>·</strong></span> <span class='ocrx_word' id='word_1_777' title='bbox 1837 2623 1888 2642; x_wconf 64' lang='grc' dir='ltr'>παι</span> 
     </span>
    </p>
   </div>
   <div class='ocr_carea' id='block_1_109' title="bbox 1098 2661 1886 2701">
    <p class='ocr_par' dir='ltr' id='par_1_109' title="bbox 1098 2661 1886 2701">
     <span class='ocr_line' id='line_1_109' title="bbox 1098 2661 1886 2701; baseline -0.005 -10"><span class='ocrx_word' id='word_1_778' title='bbox 1098 2665 1211 2701; x_wconf 84' lang='grc' dir='ltr'>ραδηλοῖ</span> <span class='ocrx_word' id='word_1_779' title='bbox 1233 2664 1287 2700; x_wconf 82' lang='grc' dir='ltr'>γὰρ</span> <span class='ocrx_word' id='word_1_780' title='bbox 1306 2663 1405 2699; x_wconf 84' lang='grc' dir='ltr'>βύσσος</span> <span class='ocrx_word' id='word_1_781' title='bbox 1419 2663 1464 2690; x_wconf 83' lang='grc' dir='ltr'><strong>διὰ</strong></span> <span class='ocrx_word' id='word_1_782' title='bbox 1478 2664 1508 2690; x_wconf 84' lang='grc' dir='ltr'><strong>τὺ</strong></span> <span class='ocrx_word' id='word_1_783' title='bbox 1523 2662 1578 2689; x_wconf 77' lang='grc' dir='ltr'>ἀπὸ</span> <span class='ocrx_word' id='word_1_784' title='bbox 1589 2663 1640 2697; x_wconf 81' lang='grc' dir='ltr'>γῆς</span> <span class='ocrx_word' id='word_1_785' title='bbox 1657 2663 1730 2697; x_wconf 73' lang='grc' dir='ltr'>ἔχειν</span> <span class='ocrx_word' id='word_1_786' title='bbox 1748 2661 1798 2697; x_wconf 79' lang='grc' dir='ltr'>τὴν</span> <span class='ocrx_word' id='word_1_787' title='bbox 1811 2661 1886 2696; x_wconf 83' lang='grc' dir='ltr'>γένε-</span> 
     </span>
    </p>
   </div>
   <div class='ocr_carea' id='block_1_110' title="bbox 1098 2707 1887 2745">
    <p class='ocr_par' dir='ltr' id='par_1_110' title="bbox 1098 2707 1887 2745">
     <span class='ocr_line' id='line_1_110' title="bbox 1098 2707 1887 2745; baseline -0.006 -8"><span class='ocrx_word' id='word_1_788' title='bbox 1098 2719 1154 2742; x_wconf 81' lang='grc' dir='ltr'>σιν,</span> <span class='ocrx_word' id='word_1_789' title='bbox 1169 2710 1202 2736; x_wconf 84' lang='grc' dir='ltr'><strong>τά</strong></span> <span class='ocrx_word' id='word_1_790' title='bbox 1219 2710 1283 2745; x_wconf 75' lang='grc' dir='ltr'>περὶ</span> <span class='ocrx_word' id='word_1_791' title='bbox 1296 2709 1346 2744; x_wconf 84' lang='grc' dir='ltr'>τῆς</span> <span class='ocrx_word' id='word_1_792' title='bbox 1359 2708 1406 2735; x_wconf 89' lang='grc' dir='ltr'><strong>τοῦ</strong></span> <span class='ocrx_word' id='word_1_793' title='bbox 1420 2708 1488 2735; x_wconf 79' lang='grc' dir='ltr'>Θεοῦ</span> <span class='ocrx_word' id='word_1_794' title='bbox 1502 2709 1588 2742; x_wconf 85' lang='grc' dir='ltr'>Λόγου</span> <span class='ocrx_word' id='word_1_795' title='bbox 1601 2708 1631 2734; x_wconf 75' lang='grc' dir='ltr'>ὲν</span> <span class='ocrx_word' id='word_1_796' title='bbox 1639 2707 1721 2743; x_wconf 78' lang='grc' dir='ltr'>σαρκὶ</span> <span class='ocrx_word' id='word_1_797' title='bbox 1733 2707 1887 2742; x_wconf 77' lang='grc' dir='ltr'>οἰκονομίας</span> 
     </span>
    </p>
   </div>
   <div class='ocr_carea' id='block_1_111' title="bbox 1097 2753 1887 2792">
    <p class='ocr_par' dir='ltr' id='par_1_111' title="bbox 1097 2753 1887 2792">
     <span class='ocr_line' id='line_1_111' title="bbox 1097 2753 1887 2792; baseline -0.006 -9"><span class='ocrx_word' id='word_1_798' title='bbox 1097 2757 1220 2792; x_wconf 84' lang='grc' dir='ltr'>δόγματα</span> <span class='ocrx_word' id='word_1_799' title='bbox 1230 2763 1237 2772; x_wconf 76' lang='grc'><strong><em>⁸</em></strong></span> <span class='ocrx_word' id='word_1_800' title='bbox 1255 2756 1272 2791; x_wconf 84' lang='grc' dir='ltr'><strong>ἠ</strong></span> <span class='ocrx_word' id='word_1_801' title='bbox 1289 2755 1319 2782; x_wconf 77' lang='grc' dir='ltr'>δὲ</span> <span class='ocrx_word' id='word_1_802' title='bbox 1335 2755 1479 2790; x_wconf 77' lang='grc' dir='ltr'>πορφύρα,</span> <span class='ocrx_word' id='word_1_803' title='bbox 1496 2754 1541 2782; x_wconf 78' lang='grc' dir='ltr'><strong>διὰ</strong></span> <span class='ocrx_word' id='word_1_804' title='bbox 1557 2753 1588 2780; x_wconf 83' lang='grc' dir='ltr'><strong>τδ</strong></span> <span class='ocrx_word' id='word_1_805' title='bbox 1603 2753 1758 2788; x_wconf 66' lang='grc' dir='ltr'>βασιλικὸν,</span> <span class='ocrx_word' id='word_1_806' title='bbox 1774 2753 1808 2779; x_wconf 88' lang='grc' dir='ltr'><strong>τά</strong></span> <span class='ocrx_word' id='word_1_807' title='bbox 1823 2754 1887 2787; x_wconf 71' lang='grc' dir='ltr'>περ).</span> 
     </span>
    </p>
   </div>
   <div class='ocr_carea' id='block_1_112' title="bbox 1097 2798 1841 2838">
    <p class='ocr_par' dir='ltr' id='par_1_112' title="bbox 1097 2798 1841 2838">
     <span class='ocr_line' id='line_1_112' title="bbox 1097 2798 1841 2838; baseline -0.008 -8"><span class='ocrx_word' id='word_1_808' title='bbox 1097 2803 1146 2838; x_wconf 80' lang='grc' dir='ltr'>τῆς</span> <span class='ocrx_word' id='word_1_809' title='bbox 1162 2802 1272 2830; x_wconf 81' lang='grc' dir='ltr'>πάντων</span> <span class='ocrx_word' id='word_1_810' title='bbox 1291 2800 1447 2832; x_wconf 78' lang='grc' dir='ltr'>δεσπότιδος</span> <span class='ocrx_word' id='word_1_811' title='bbox 1467 2799 1686 2835; x_wconf 76' lang='grc' dir='ltr'>τρισυποστάτου</span> <span class='ocrx_word' id='word_1_812' title='bbox 1696 2798 1841 2833; x_wconf 76' lang='grc' dir='ltr'>Θεότητος.</span> 
     </span>
    </p>
   </div>
   <div class='ocr_carea' id='block_1_113' title="bbox 1131 2843 1885 2884">
    <p class='ocr_par' dir='ltr' id='par_1_113' title="bbox 1131 2843 1885 2884">
     <span class='ocr_line' id='line_1_113' title="bbox 1131 2843 1885 2884; baseline -0.009 -8"><span class='ocrx_word' id='word_1_813' title='bbox 1131 2853 1184 2884; x_wconf 83' lang='grc' dir='ltr'>κγ’.</span> <span class='ocrx_word' id='word_1_814' title='bbox 1206 2849 1407 2882; x_wconf 68' lang='grc' dir='ltr'>Περίσλεπτος</span> <span class='ocrx_word' id='word_1_815' title='bbox 1421 2846 1455 2874; x_wconf 79' lang='grc' dir='ltr'>δὲ</span> <span class='ocrx_word' id='word_1_816' title='bbox 1473 2847 1584 2882; x_wconf 74' lang='grc' dir='ltr'>γίνεται</span> <span class='ocrx_word' id='word_1_817' title='bbox 1599 2846 1634 2874; x_wconf 81' lang='grc' dir='ltr'>ἐν</span> <span class='ocrx_word' id='word_1_818' title='bbox 1647 2846 1759 2878; x_wconf 77' lang='grc' dir='ltr'>πύλαις</span> <span class='ocrx_word' id='word_1_819' title='bbox 1776 2846 1792 2872; x_wconf 80' lang='grc' dir='ltr'><em>ὀ</em></span> <span class='ocrx_word' id='word_1_820' title='bbox 1810 2843 1885 2877; x_wconf 74' lang='grc' dir='ltr'>ἀνὴρ</span> 
     </span>
    </p>
   </div>
   <div class='ocr_carea' id='block_1_114' title="bbox 2034 86 2063 232">
    <p class='ocr_par' dir='ltr' id='par_1_114' title="bbox 2034 86 2063 232">
     <span class='ocr_line' id='line_1_114' title="bbox 2034 86 2063 176; baseline 0 -7"><span class='ocrx_word' id='word_1_821' title='bbox 2034 86 2063 176; x_wconf 59' lang='grc' dir='ltr'>ἐὲ</span> 
     </span>
     <span class='ocr_line' id='line_1_115' title="bbox 2055 180 2063 232; baseline 0 0"><span class='ocrx_word' id='word_1_822' title='bbox 2055 180 2063 232; x_wconf 71' lang='lat'>1</span> 
     </span>
    </p>
   </div>
   <div class='ocr_carea' id='block_1_115' title="bbox 2016 3097 2055 3110">
    <p class='ocr_par' dir='ltr' id='par_1_115' title="bbox 2016 3097 2055 3110">
     <span class='ocr_line' id='line_1_116' title="bbox 2016 3097 2055 3110; baseline 0 0"><span class='ocrx_word' id='word_1_823' title='bbox 2016 3097 2055 3110; x_wconf 56' lang='grc' dir='ltr'><strong>-ᾙ</strong></span> 
     </span>
    </p>
   </div>
  </div>
