4010 6212
401 303 516 368 525
1497 301 2030 364 COMMENTARII
2077 303 2158 362 IN
2199 301 2540 362 EXODUM.
3547 304 3655 368 52¢",

401 432 593 489 μενος,
627 413 861 481 ἄγγελος
895 413 952 467 δὲ
993 414 1024 467 ὁ
1077 413 1154 481 τῷ
1212 411 1343 482 θείῳ
1373 412 1517 484 λόγῳ
1539 413 1982 483 διακονούμενος.

2091 412 2144 466 in
2213 410 2552 482 legislatione
2603 409 2849 480 loquitur
2910 409 3236 479 Scriptura:
3294 429 3311 461 ι
3348 411 3512 469 Visus
3569 427 3654 470 est

399 510 519 565 Καὶ
545 505 668 560 οὐδὲ
695 504 843 570 ἅπαξ
883 503 1068 576 εὕροις
1100 504 1168 557 δι’
1215 503 1345 574 ὅλης
1392 505 1490 574 τῆς
1517 502 1839 574 νομοθεσίας
1887 504 1982 575 τὴν

2094 501 2354 556 Dominus
2398 499 2558 554 Mosi.
2593 499 2648 553 ld
2682 501 2828 554 enim
2865 541 2880 567 ,
2927 500 3083 571 quasi
3133 501 3348 570 signum
3383 505 3655 570 quoddam

399 602 633 672 Γραφὴν
666 597 1092 667 σημειουμένην,
1117 597 1199 649 ὅτι
1247 595 1312 666 δὴ
1377 614 1396 648 ι
1431 596 1606 666 Ὠφθη
1636 596 1664 648 ὁ
1694 596 1847 661 Θεὸς,
1899 595 1931 664 ἢ
1959 597 1982 648 ὸ

2090 591 2424 646 excellentia
2455 591 2522 646 de
2555 592 2688 647 solis
2715 592 2892 647 tribus
2926 591 3261 660 praedicatur
3303 594 3654 660 patriarchis.

401 691 616 760 Κύριος
644 685 722 757 τῷ
743 689 938 757 Μωσῇ.
974 706 993 740 ι
1033 687 1210 756 Ὅπερ
1235 686 1517 754 ἐξαίρετον
1545 686 1636 738 ἐπὶ
1679 685 1839 753 μόνον
1879 685 1984 738 τῶν

2090 681 2164 736 Ex
2194 681 2394 750 quibus
2420 681 2677 736 omnibus
2719 693 2870 736 certo
2905 681 3186 751 colligitur
3230 682 3394 753 leges,
3435 699 3558 754 qua
3603 686 3655 740 in

398 780 575 851 τριῶν
605 777 956 848 πατριαρχῶν
997 777 1286 846 εἰρημένον
1313 775 1583 844 φαίνεται.
1645 774 1734 839 Ὡς
1767 776 1830 828 ὲκ
1862 774 1981 828 τού-

2087 772 2384 827 solitudine
2412 773 2765 842 promulgata
2795 781 2951 836 sunt,
2985 773 3132 828 latas
3178 789 3301 829 esse
3330 774 3398 828 ab
3427 777 3657 846 angelis.

399 890 516 925 των
542 866 683 923 εἶναι
709 868 976 940 πρόδηλον
994 867 1094 939 τὴν
1124 869 1305 921 πᾶσαν
1343 866 1661 937 νομοθεσίαν
1706 868 1818 930 τοῖς
1843 865 1982 919 κατὰ

2092 863 2250 934 quasi
2284 863 2593 934 padagogis
2644 873 2698 918 et
2749 864 3226 934 procuratoribus.
3291 863 3461 919 Erant
3507 867 3655 920 enim

399 964 505 1032 τὴν
531 961 762 1031 ἔρημον,
793 953 884 1012 οἶα
917 958 980 1028 δὴ
1010 959 1225 1028 νηπίοις
1253 957 1353 1022 τὰς
1375 956 1576 1028 ψυχὰς,
1617 957 1712 1011 καὶ
1767 958 1982 1024 εἰσαγο-

2091 953 2262 1010 Judaei
2283 969 2346 1011 ea
2375 945 2694 1025 tempestate
2721 971 2904 1012 rerum
2933 957 3179 1012 omnium
3199 957 3364 1012 rudes
3386 968 3440 1012 et
3460 956 3658 1027 ignari.

404 1054 592 1124 μένοις
631 1051 822 1122 ὥσπερ
858 1051 947 1105 διὰ
984 1048 1354 1117 παιδαγωγῶν
1405 1049 1501 1105 καὶ
1545 1048 1844 1118 οἰκονόμων
1877 1046 1987 1100 τῶν

2091 1045 2328 1102 Proinde
2381 1062 2505 1101 cum
2561 1047 2645 1101 his
2676 1061 2773 1103 ceu
2830 1063 2955 1102 cum
3005 1047 3190 1118 pueris
3247 1047 3659 1104 balbutiendum

401 1146 655 1215 ἀγγέλων
689 1143 823 1216 (69),
854 1139 1272 1214 παραδεδόσθαι.

646 1163 655 1194 ν
689 1143 823 1216 (69),
854 1139 1272 1214 παραδεδόσθαι.
2092 1143 2229 1190 erat.

478 1276 712 1345 Quidam
744 1277 899 1331 aiunt
927 1276 1120 1340 Deum,
1157 1285 1216 1328 ut
1247 1273 1340 1344 qui
1382 1272 1566 1328 futura
1607 1271 1920 1333 annuntiet‘,
1961 1269 2155 1326 merito
2199 1269 2305 1324 dici
2349 1269 2627 1340 angelum,
2662 1270 2714 1324 id
2744 1279 2828 1325 est
2865 1270 3141 1326 nuntium.

476 1386 909 1459 Παρατηρητέον
941 1386 1022 1451 δὲ,
1046 1386 1131 1440 ὅτι
1154 1386 1214 1440 οὐ
1242 1385 1357 1456 πῦρ
1395 1384 1545 1438 λαλεῖ
1576 1383 1653 1453 τῷ
1694 1385 1869 1454 Μωσῇ
1929 1384 1988 1436 ὲν

2161 1381 2426 1436 Caterum
2461 1381 2627 1452 ignis,
2663 1383 2755 1451 qui
2781 1382 3062 1438 insederat
3098 1383 3321 1447 rubum,
3374 1397 3484 1437 non
3524 1382 3661 1457 allo-

401 1483 473 1551 τῇ
508 1480 678 1550 βάτῳ,
730 1478 852 1532 οὐδὲ
905 1477 1017 1547 πῦρ
1059 1475 1343 1546 νομοθετεῖ
1387 1474 1466 1546 τῷ
1503 1473 1616 1544 λαῷ
1659 1477 1716 1528 ἐν
1737 1473 1814 1544 τῷ
1847 1472 1984 1544 opst,

2088 1472 2277 1543 quitur
2331 1471 2540 1528 Mosen.
2584 1471 2696 1528 Nec
2753 1473 2899 1542 leges
2952 1473 3096 1528 idem
3161 1474 3303 1544 ignis
3349 1471 3661 1527 Judaorum

401 1572 524 1624 ἀλλ’
553 1574 582 1625 δ
610 1571 744 1634 Θεὸς
781 1571 841 1622 ὲν
892 1567 1049 1640 πυρί.
1099 1568 1264 1620 Ὥστε
1307 1568 1438 1622 ὅταν
1496 1565 1630 1637 λέγῃ
1670 1563 1984 1634 κατωτέρω,

2118 1565 2296 1634 ιοριιιο
2332 1564 2535 1620 sancit.
2571 1564 2737 1628 Deus,
2786 1564 2882 1634 qui
2927 1565 2981 1620 in
3021 1564 3145 1634 igne
3182 1572 3323 1630 erat,
3366 1563 3482 1618 hac
3519 1578 3663 1632 pra-
3699 1616 3701 1620 .

409 1680 431 1714 ι
466 1662 586 1732 Πῦρ
645 1659 1043 1716 καταναλίσκον
1092 1659 1297 1730 Κύριος
1347 1661 1378 1712 ὁ
1432 1657 1587 1723 Θεὸς,
1618 1675 1637 1708 ι
1663 1655 1780 1734 ,τὴν
1806 1655 1988 1708 αἰτίαν

2091 1663 2223 1713 stat.
2284 1654 2471 1727 Itaque
2523 1671 2648 1711 cum
2700 1657 2841 1711 infra
2899 1657 3126 1728 inquit:
3186 1677 3205 1710 ‹
3267 1657 3410 1728 ignis
3467 1671 3665 1712 consu-

405 1753 628 1821 ιπάγει,
649 1751 715 1805 δι’
737 1752 806 1822 ἢν
830 1749 994 1804 αὐτὸν
1023 1750 1226 1821 Κύριον
1257 1750 1604 1820 ἐπωνόμασε.
1642 1765 1660 1798 t
1704 1746 1836 1808 Θεὸς
1855 1745 1987 1815 γὰρ,

2093 1763 2246 1802 mens
2278 1757 2362 1803 est
2397 1747 2544 1803 Deus
2573 1749 2616 1781 ³⁸
2647 1789 2661 1815 ,
2723 1767 2742 1800 ι
2778 1757 2912 1814 etc.,
2963 1749 3113 1804 illico
3174 1763 3398 1804 causam
3459 1746 3663 1811 subdit,

404 1845 568 1914 φησι,
625 1841 896 1913 ζηλωτὴς,
951 1859 971 1892 ι
1043 1839 1364 1912 [τουτέστιν]
1408 1841 1438 1892 δ
1495 1838 1661 1908 ζῆλος
1705 1835 1800 1890 τοῦ
1846 1833 1987 1888 Θεοῦ

2086 1840 2393 1909 inquiens:
2447 1839 2588 1896 Deus
2639 1841 2867 1899 zelotes.
2901 1860 2920 1894 ι
2981 1841 3036 1897 id
3073 1850 3177 1908 est,
3215 1842 3366 1896 zelus
3411 1838 3505 1895 Dei
3565 1853 3666 1909 pro

405 1935 550 2004 ὑπὲρ
604 1932 715 2004 (70)
753 1932 930 2003 ἡμῶν,
979 1932 1098 2002 ἦτοι
1149 1929 1272 1985 καθ’
1314 1929 1472 2000 ἡμῶν
1517 1931 1768 2000 σφοδρὸς,
1797 1927 1987 1997 ὥσπερ

2094 1933 2274 1999 vobis,
2315 1938 2409 1987 aut
2438 1940 2629 1988 contra
2653 1949 2751 1990 vos
2768 1933 3062 1990 vehemens
3094 1940 3200 1997 est,
3230 1941 3285 1988 et
3312 1932 3486 1987 instar
3523 1931 3666 2002 ignis

404 2027 518 2099 πῦρ
550 2024 966 2080 καταναλίσκον.

2098 2021 2372 2078 devorans
2398 2033 2452 2077 et
2484 2039 2819 2104 consumens
2845 2024 3110 2096 quidquid
3151 2025 3449 2081 obstiterit.

481 2138 726 2193 Mirabile
755 2138 944 2192 “autem
980 2143 1036 2192 et
1079 2136 1240 2207 plane
1287 2134 1634 2204 peregrinum
1687 2143 1808 2189 erat
1866 2136 2264 2204 spectaculum,
2315 2137 2503 2192 videre
2554 2145 2808 2192 naturam
2869 2147 3278 2196 concertantem
3329 2140 3474 2196 inter
3508 2155 3652 2198 sese.
3745 2127 3750 2130 ’

409 2226 558 2296 Ignis
589 2225 746 2279 facile
775 2223 1062 2279 incendit:
1103 2223 1276 2279 rubus
1309 2229 1429 2279 erat
1464 2237 1564 2278 sua
1613 2229 1814 2278 natura
1861 2222 1936 2277 ita
1983 2231 2354 2292 comparatus,
2391 2231 2451 2278 ut
2491 2223 2653 2280 facile
2706 2226 2775 2280 ab
2809 2226 2934 2295 igne
2986 2227 3392 2282 absumeretur.
3454 2227 3659 2283 Verum

408 2314 646 2368 mirifica
677 2313 770 2366 illa
807 2321 861 2367 et
905 2311 1224 2382 prodigiosa
1273 2311 1587 2382 spectacula
1621 2312 1860 2367 maxime
1894 2310 2176 2365 hominum
2211 2318 2423 2365 mentes
2461 2311 2770 2380 pervadunt
2807 2320 2861 2366 ct
2908 2320 3246 2382 permovent.
3306 2313 3655 2385 Quapropter

409 2399 557 2452 haud
617 2399 892 2453 immerito
931 2405 986 2454 et
1039 2397 1220 2454 Moses
1259 2399 1512 2464 miratur,
1543 2407 1598 2454 et
1655 2398 1788 2468 quid
1862 2398 1941 2453 rei
1987 2398 2079 2460 sit,
2118 2404 2175 2450 nt
2206 2397 2365 2462 visat,
2419 2398 2757 2467 perpellitur.
2799 2397 3111 2457 Judaorum
3164 2409 3347 2459 autem
3381 2405 3530 2475 genti
3565 2418 3666 2460 ceu

410 2495 828 2540 monumentum
873 2485 1059 2540 datum
1089 2495 1175 2542 est
1233 2487 1336 2541 hoc
1374 2486 1708 2557 exemplum,
1749 2500 1816 2540 ne
1845 2486 2112 2539 absonum
2145 2483 2404 2552 deinceps
2439 2484 2740 2539 arbitretur
2786 2494 2839 2540 et
2866 2487 2935 2540 ab
2962 2501 3136 2544 sacra
3182 2487 3479 2558 Scriptura
3512 2506 3666 2546 more

409 2573 678 2636 alienum,
709 2574 753 2627 si
787 2573 1020 2640 aspiciat
1070 2572 1238 2628 Deum
1276 2573 1524 2628 habitare
1573 2573 1626 2627 in
1689 2587 1874 2636 carne,
1930 2585 2032 2626 nec
2088 2570 2308 2624 interim
2371 2585 2593 2625 carnem
2663 2570 2892 2626 Deitatis
2939 2576 3263 2631 excellentia
3320 2577 3662 2633 labefactari.

409 2659 679 2724 Quamvis
708 2661 762 2714 in
803 2657 1021 2728 Virgine
1054 2659 1419 2723 habitaverat,
1454 2666 1637 2712 tamen
1680 2657 1905 2711 illasam
1950 2657 2302 2730 conservavit
2334 2655 2613 2727 Virginem
2642 2657 3068 2732 Divinitatisque
3113 2677 3372 2732 capacem
3403 2663 3662 2721 reddidit.

412 2743 707 2815 Signiﬁcat
742 2745 886 2800 idem
923 2750 1096 2801 rubus
1128 2745 1377 2799 omnium
1431 2745 1658 2814 injuriis
1687 2745 1971 2814 expositos
2009 2751 2063 2797 et
2121 2750 2462 2812 Opportnnos
2511 2743 2685 2801 fuisse
2738 2745 2998 2803 llebraos
3049 2764 3282 2804 :verum
3337 2761 3578 2806 assertos
3612 2761 3666 2807 et

412 2832 677 2889 liberatos
711 2847 856 2897 esse,
891 2834 1051 2904 quasi
1083 2849 1148 2889 ex
1195 2831 1385 2903 ignitis
1414 2830 1799 2903 Egyptiorum
1836 2829 2251 2884 afﬂictionibus.
2296 2828 2436 2886 Fore
2488 2829 2750 2900 deinceps
2807 2841 2868 2886 ut
2915 2849 3025 2888 non
3087 2835 3311 2905 impune
3361 2837 3663 2905 ladantur,

414 2920 512 2976 sed
547 2920 706 2990 quasi
733 2920 1066 2989 quibusdam
1103 2920 1282 2988 spinis
1312 2919 1507 2973 muniti
1547 2918 1818 2972 adeuntes
1843 2917 1956 2972 sint
2000 2918 2299 2986 repnlsuri.
2346 2918 2438 2972 Sic
2484 2919 2634 2996 enim
2677 2928 2916 2975 testatur
2947 2921 3236 2992 Scriptura
3267 2939 3282 2978 :
3317 2944 3336 2977 ι
3372 2924 3521 2982 Pone
3553 2941 3666 2983 me-

413 3014 554 3071 ttttn,
597 3016 777 3060 tecum
807 3022 952 3061 sum.
992 3005 1149 3061 Nulla
1185 3014 1238 3060 te
1278 3007 1566 3060 comburet
1611 3005 1852 3058 ﬂamma.
1892 3022 1910 3054 ι
1943 3005 2160 3058 initium
2197 3005 2592 3059 miraculorum
2629 3020 2726 3075 per
2756 3006 2963 3078 lignum
3001 3008 3082 3072 lit,
3113 3010 3263 3077 quod
3291 3011 3427 3067 Novi
3465 3011 3664 3069 Testa-

412 3097 582 3150 menti
631 3111 853 3152 crucem
892 3095 1166 3166 praedicit.
1225 3093 1292 3150 lit
1326 3102 1508 3150 autem
1550 3093 1881 3148 miraculum
1913 3091 2228 3147 mirabilius
2262 3091 2528 3156 videatur,
2577 3099 2803 3162 prastat
2844 3094 3131 3150 materiam
3167 3097 3315 3162 rubi,
3350 3114 3474 3170 qua
3504 3099 3668 3155 facile

413 3183 594 3254 ignem
624 3178 888 3253 concipit.
925 3182 1196 3236 Praterea
1228 3190 1287 3236 ut
1319 3182 1572 3251 gliscenti
1606 3180 1938 3235 idololatria
1963 3187 2303 3244 occurreret,
2337 3177 2393 3231 in
2441 3192 2552 3247 qua
2594 3178 2738 3250 apud
2779 3179 3068 3252 Egyptios
3113 3186 3341 3240 enutriti
3372 3195 3559 3251 erant,
3603 3187 3665 3244 in

411 3271 554 3326 rubo
587 3279 831 3340 apparet.
866 3268 944 3324 Ne
974 3269 1185 3324 scilicet
1213 3283 1283 3322 ex
1323 3269 1428 3322 ista
1461 3269 1680 3332 arbore,
1733 3277 1922 3338 utpote
1973 3267 2041 3321 ad
2090 3281 2212 3320 eam
2265 3279 2381 3319 rem
2426 3265 2632 3331 inutili,
2668 3267 3029 3323 simulacrum
3079 3271 3402 3337 conficeret,
3443 3275 3574 3345 quia
3610 3277 3664 3330 itt

412 3358 539 3428 ipso
565 3359 718 3412 visus
751 3364 901 3412 esset
928 3355 1096 3410 Deus.
1126 3352 1269 3408 Idem
1313 3356 1479 3410 etiam
1512 3356 1688 3411 rubus
1717 3356 1950 3410 docebat
1981 3352 2259 3408 lsraelitas
2289 3350 2462 3407 fuisse
2505 3354 2726 3423 penitus
2772 3354 3031 3410 arborem
3068 3356 3382 3414 silvestrem
3414 3368 3470 3415 et
3496 3363 3664 3416 steri-

414 3445 544 3508 lem,
570 3455 624 3499 et
665 3443 988 3514 planissime
1021 3442 1270 3496 caruisse
1300 3441 1617 3498 mitioribus
1660 3442 1895 3512 justitia
1949 3440 2242 3495 fructibus.
2273 3439 2410 3494 Nam
2443 3442 2628 3496 adhuc
2667 3443 2964 3498 servabant
2991 3444 3220 3500 odorem
3251 3446 3662 3519 Egyptiacum,

411 3546 527 3600 quo
560 3532 754 3586 imbuti
799 3537 978 3586 erant.
1015 3526 1126 3584 Lex
1156 3528 1403 3598 quidem,
1435 3543 1559 3599 qua
1589 3529 1678 3586 his
1712 3529 1952 3584 dabatur
1986 3541 2158 3598 opera
2202 3527 2524 3596 angelorum
2572 3528 2846 3585 sulliciens
2885 3529 3085 3588 fuisset
3119 3533 3189 3588 ad
3239 3533 3662 3592 illuminandum

415 3607 782 3680 intellectum,
815 3614 864 3670 si
895 3615 1024 3685 quis
1056 3615 1360 3670 secundum
1408 3615 1665 3686 spiritum
1714 3615 1862 3670 hunc
1893 3619 2224 3686 accepisset.
2270 3615 2544 3672 Caterum
2602 3616 2871 3688 Hebraeis,
2917 3623 3127 3693 quibus
3157 3625 3456 3694 plurimum
3493 3627 3664 3698 Egy-

415 3704 613 3773 ptiaca
636 3701 949 3757 adharebat
989 3701 1160 3765 facis,
1195 3701 1361 3771 plane
1406 3701 1711 3771 apparebat
1745 3703 1937 3758 stulta.
1992 3702 2134 3769 Quia
2189 3707 2455 3761 carebant
2511 3707 2660 3772 luce,
2699 3724 2822 3779 qua
2873 3720 3112 3768 mentem
3153 3715 3441 3770 illustrat:
3501 3717 3663 3772 sicuti

418 3805 522 3846 nec
548 3791 692 3862 ignis
719 3789 858 3844 rubo
890 3787 1164 3844 inferebat
1203 3788 1398 3844 urendi
1441 3803 1688 3845 sensum.
1732 3787 1846 3845 Hos
1880 3791 2078 3845 aﬂ'atur
2106 3791 2378 3860 Salvator,
2427 3795 2621 3851 dicens
2655 3814 2668 3851 :
2703 3816 2722 3850 ‹
2764 3799 3103 3855 Scrutamini
3150 3799 3491 3869 Scripturas.
3521 3803 3662 3870 Quia

416 3893 516 3934 vos
547 3879 810 3932 videmini
854 3878 910 3931 in
949 3877 1062 3932 illis
1093 3877 1264 3932 vitam
1317 3887 1578 3931 aeternam
1615 3876 1836 3932 habere.
1872 3877 1939 3930 Et
1974 3878 2082 3934 illa
2105 3889 2254 3946 sunt,
2289 3895 2412 3950 qua
2449 3882 2518 3936 de
2551 3898 2640 3938 me
2693 3893 2965 3941 testantur
2993 3887 3061 3943 ⁵⁸.
3103 3905 3122 3938 ι
3167 3888 3436 3944 Caterum
3479 3889 3663 3947 Moses

419 3966 679 4020 continuo
709 3963 991 4036 perspexit
1019 3961 1334 4018 Judaorum
1367 3971 1648 4050 stuporem
1681 3971 1736 4018 et
1767 3964 2058 4020 ruditatem
2099 3967 2204 4022 sub
2257 3976 2386 4038 typo
2431 3969 2594 4040 222
2653 3972 2796 4035 rubi,
2843 3974 2940 4044 qui
2983 3989 3092 4030 non
3127 3975 3472 4032 adurebatur
3511 3979 3657 4050 igne.

413 4051 574 4120 Quod
603 4067 731 4107 vero
760 4053 894 4106 illud
925 4051 1250 4106 miraculum
1293 4049 1592 4106 denotahat
1629 4051 1956 4136 mysterium
2005 4053 2410 4111 incarnationis
2451 4056 2682 4122 Christi,
2710 4058 2794 4114 vel
2835 4061 2961 4116 inde
2989 4069 3163 4130 patet,
3195 4065 3342 4133 quod
3377 4049 3666 4136 Scriptura

419 4153 574 4194 sacra
607 4138 850 4192 divinam
885 4145 1140 4192 naturam
1169 4143 1454 4207 comparat
1483 4136 1614 4206 igni.
1663 4135 1810 4192 Deus
1843 4138 1989 4193 enim
2029 4142 2232 4196 veritas
2255 4150 2339 4198 est
2375 4159 2389 4195 :
2420 4149 2475 4199 et
2521 4146 2726 4201 veritas
2754 4154 2840 4202 est
2889 4147 3002 4201 lux.
3036 4149 3350 4208 Arboribus
3390 4162 3446 4209 et
3473 4135 3662 4212 herbis

419 4227 534 4296 agri
566 4225 845 4312 hominem
872 4225 1160 4312 assimulat
1193 4222 1699 4312 eadem‘Scriptura
1725 4231 2026 4280 terrenum.
2068 4226 2283 4283 Alicubi
2313 4243 2552 4300 namque
2579 4231 2744 4287 habet
2780 4234 3072 4304 Scriptura
3105 4253 3118 4290 :
3153 4254 3172 4288 ι
3205 4236 3348 4298 Deus
3391 4248 3478 4295 est
3517 4242 3665 4312 ignis

419 4327 754 4367 consumens
768 4311 838 4365 “.
877 4329 896 4362 ι
932 4309 1086 4376 Quod
1127 4311 1347 4380 quidem
1381 4308 1557 4364 fertur
1584 4319 1811 4381 propter
1835 4312 2218 4369 excellentiam
2248 4317 2490 4382 virtutis,
2515 4333 2626 4387 qua
2651 4319 2963 4376 illuminat:
2998 4330 3052 4377 et
3083 4332 3310 4395 propter
3337 4308 3664 4383 immensam

421 4399 631 4470 peccati
665 4397 969 4452 materiam.
1006 4395 1142 4451 Nam
1167 4398 1460 4466 Scriptura
1483 4408 1770 4468 peccatum
1796 4408 1958 4454 vocat
1995 4400 2291 4469 aliquando
2311 4405 2522 4474 spinas,
2551 4406 2851 4476 aliquando
2876 4424 3089 4464 ramum
3124 4413 3490 4476 senticosum,
3515 4424 3574 4470 ut
3610 4417 3665 4472 in

422 4488 638 4558 psalmo
681 4484 1144 4555 quinquagesimo
1185 4486 1425 4555 septimo
1464 4503 1478 4538 :
1515 4503 1533 4537 ι
1572 4484 1904 4556 Priusquam
1938 4487 2310 4559 intelligerent
2341 4492 2512 4559 spina
2540 4502 2735 4549 vestra
2760 4509 2998 4562 ramum,
3030 4498 3174 4552 sicut
3209 4499 3456 4558 viventes
3498 4503 3581 4558 sie
3610 4505 3665 4559 ιιι

423 4576 504 4630 ira
533 4574 791 4629 absorbet
834 4588 932 4628 eos
961 4571 1029 4626 δ’.
1070 4591 1089 4624 ι
1123 4571 1189 4626 Ει
1216 4574 1346 4626 alibi
1382 4590 1394 4627 :
1429 4590 1449 4625 ι
1481 4572 1797 4630 Conversus
1855 4591 1976 4631 sum
2020 4575 2074 4630 in
2125 4578 2428 4644 miseriam,
2466 4579 2595 4635 dum
2647 4581 2804 4652 spina
2838 4583 2974 4637 mihi
3023 4584 3267 4655 infigitur
3293 4588 3361 4642 ".
3399 4607 3416 4640 ι
3451 4590 3666 4646 Alicubi

423 4661 499 4714 ait
537 4679 552 4714 :
590 4678 609 4712 ι
653 4660 822 4714 Homo
855 4666 940 4713 est
969 4658 1126 4728 quasi
1165 4673 1414 4728 gramen,
1437 4658 1554 4716 dies
1583 4661 1705 4731 ejus
1733 4669 1792 4716 ut
1825 4660 1923 4717 llos
1947 4662 2087 4732 agri,
2113 4662 2195 4719 sic
2221 4663 2530 4723 ellioreseet
2561 4667 2606 4700 “
2632 4685 2644 4720 :
2685 4687 2703 4720 ι
2735 4667 2804 4724 Ut
2851 4669 2994 4741 ignis
3027 4670 3202 4742 spinis
3233 4682 3319 4729 est
3345 4675 3671 4734 intolerabi-

426 4749 515 4807 lis.
549 4747 634 4803 sic
668 4744 849 4800 Deitas
890 4745 1241 4800 humanitati.

496 4834 701 4889 Verum
729 4834 783 4887 in
822 4831 1046 4887 Christo
1073 4833 1188 4887 hac
1218 4831 1401 4886 omnia
1424 4831 1568 4889 facta
1600 4843 1731 4890 sunt
1793 4834 2124 4892 tolerabilia.
2161 4838 2295 4894 Nam
2339 4841 2394 4897 in
2431 4841 2537 4897 hoc
2573 4842 2841 4898 habitavit
2872 4847 3129 4903 universa
3175 4849 3456 4917 plenitudo
3489 4851 3669 4908 Deita-

424 4926 497 4980 tis
522 4925 886 4995 corporaliter
915 4925 983 4978 δ’.
1021 4922 1085 4980 Ει
1110 4924 1204 4994 qui
1235 4923 1414 4979 lucem
1449 4925 1640 4979 incolit
1663 4926 2010 4983 inaccessam
2049 4926 2104 4980 in
2144 4924 2384 4996 Virginis
2423 4930 2629 4999 templo
2661 4931 3003 4987 domicilium
3035 4933 3250 5002 habuit,
3279 4935 3577 4995 d'emittens
3611 4957 3669 4997 se

424 5013 494 5066 ad
549 5025 830 5081 nunquam
889 5011 1028 5066 satis
1079 5010 1486 5082 suspiciendam
1544 5014 2047 5082 mansuetudinem,
2079 5026 2133 5072 et
2181 5019 2338 5088 quasi
2381 5021 2684 5077 retundens
2725 5030 2781 5077 et
2808 5021 3074 5082 ltebetans
3102 5027 3477 5085 vehementem
3505 5045 3668 5086 suum

425 5106 713 5172 impetum,
749 5103 911 5158 sicuti
951 5111 1006 5158 et
1031 5103 1170 5190 ignis
1205 5103 1453 5190 pepercit
1485 5105 1647 5160 rubo.
1687 5103 1952 5164 Versatus
1980 5103 2255 5176 siquidem
2284 5115 2370 5161 est
2394 5107 2537 5162 inter
2575 5123 2680 5164 nos
2719 5125 2828 5165 non
2869 5113 3167 5170 crudeliter
3191 5131 3385 5186 panes
3419 5118 3670 5190 exigens,

423 5192 591 5246 sicuti
625 5191 742 5260 ipse
772 5190 906 5244 dicit
943 5209 956 5243 :
995 5189 1168 5280 ciNon
1205 5190 1356 5245 misit
1390 5188 1534 5280 Deus
1563 5191 1762 5247 Filium
1803 5194 1858 5248 in
1893 5195 2182 5264 mundum,
2210 5206 2269 5252 ut
2294 5198 2504 5268 judicet
2534 5202 2827 5269 mundum,
2865 5205 2959 5260 sed
2991 5214 3052 5261 ut
3091 5208 3332 5266 mundus
3365 5225 3464 5280 per
3490 5188 3668 5280 ipsum

429 5289 684 5334 servetur
706 5280 772 5333 “.
812 5297 832 5330 ι
862 5279 1146 5337 Accedens
1171 5279 1356 5336 Moses
1387 5279 1442 5333 in
1471 5293 1828 5354 conspectum
1862 5283 1980 5353 Dei,
2021 5287 2177 5342 audit
2218 5305 2231 5342 :
2268 5305 2286 5338 ι
2330 5287 2494 5341 Solve
2528 5288 2965 5347 ealceamentum
2993 5309 3024 5348 e
3053 5294 3286 5365 pedibus
3321 5279 3455 5363 tuis,
3503 5279 3523 5349 ι
3557 5306 3666 5352 etc.

503 5432 547 5465 ⁸⁸
580 5429 880 5516 gemam;
897 5432 988 5516 2‘4.
1063 5433 1108 5466 ⁸⁸
1148 5432 1309 5516 Ιοέιιι.
1346 5453 1400 5516 v2
1613 5437 1655 5467 “
1691 5435 1858 5516 Heb_r_.
1893 5456 1987 5511 xu,
2043 5440 2086 5495 ετ

2083 5442 2134 5496 9.
2213 5441 2259 5472 δ’
2294 5439 2435 5496 Psal.
2477 5458 2616 5505 LVII,
2653 5443 2739 5499 10.
2849 5447 2896 5478 ⁸³
2941 5445 3086 5502 Psal.
3115 5466 3262 5516 xxxi,
3296 5450 3328 5504 4
3440 5450 3484 5481 ⁸⁸
3513 5447 3666 5506 Psal.

428 5516 534 5567 cn,
575 5503 658 5584 l5.
759 5501 806 5534 "
841 5502 1062 5558 Coloss.
1099 5519 1171 5569 ιι,
1205 5503 1259 5559 9.
1355 5507 1402 5537 “
1437 5506 1596 5561 Joan.
1661 5520 1757 5573 ιιι,
1793 5509 1883 5562 l7.

1950 5595 2173 5655 NOTE.

507 5685 621 5760 (69)
658 5689 736 5742 Δι’
756 5688 1026 5757 ἀγγέλων.
1080 5689 1138 5744 'o
1168 5691 1292 5744 αὐτ.
2061 5667 2065 5670 ’
2184 5696 2296 5766 (70)
2327 5696 2386 5750 Ὀ
2419 5697 2560 5770 ὑπὲρ
2594 5698 2745 5770 ὑμῶν
2770 5698 2801 5769 ἢ
2827 5700 2946 5754 καθ’
2984 5700 3232 5772 ὑμῶν.⁹0
3258 5701 3381 5756 αὐτ.
