4010 6212
327 291 427 356 5‘17
1619 291 1974 356 PROCOPII
2015 289 2260 357 GAZ/EI'
2744 297 2746 300 ’
3475 295 3581 362 επ

328 405 563 474 Quidam
595 405 894 475 opinantur
927 403 1015 461 his
1053 402 1236 459 verbis
1259 403 1442 474 juberi
1497 403 1683 462 Mosen
1719 407 1997 463 dimittere
2032 424 2280 464 uxorem.
2322 406 2584 478 Subjecta
2637 405 2783 465 enim
2831 414 2914 464 est
2961 421 3101 463 uxor
3147 405 3291 463 viro.
3334 406 3493 474 Quod
3527 411 3576 466 si

328 513 515 552 verum
550 506 654 562 est,
685 497 778 566 qui
819 495 876 550 ﬁt
901 495 1047 565 quod
1089 495 1232 550 idem
1276 497 1479 552 dicitur
1506 507 1562 552 ct
1589 499 1656 552 ad
1683 495 1907 554 losuam
1929 497 1951 548 ?
1975 495 2053 551 Ne
2085 505 2140 551 et
2170 496 2326 567 ipsus
2354 495 2564 550 scilicet
2590 511 2820 552 uxorem
2856 511 3043 551 secum
3072 494 3347 551 duceret?
3395 495 3576 554 Iratus

327 584 546 654 quidem
579 592 868 654 propterea
916 581 1112 649 fuerat,
1146 583 1296 654 quod
1333 584 1689 654 proﬁciscens
1723 586 1790 640 ad
1827 571 2172 642 liberandum
2225 587 2508 658 populum,
2541 585 2770 642 comites
2805 594 3049 642 sumeret
3094 600 3324 640 uxorem
3355 594 3411 642 et
3441 587 3575 642 libe-

285 693 440 733 'I'OS.
470 676 540 730 At
573 691 720 730 nunc
755 691 861 730 non
902 676 972 730 ob
1024 676 1075 730 id
1127 675 1465 746 indignatur.
1521 675 1753 743 Quidam
1801 676 2149 750 aiuntnhanc
2189 675 2664 747 prannonitionem
2726 674 2899 729 fuisse
2955 682 3372 730 monumentum
3439 673 3575 746 Iegis

326 764 537 827 dandae,
571 761 874 818 secundum
913 776 1076 832 quam
1131 763 1450 818 sacerdotes
1481 763 1800 818 discalceati
1837 779 1952 818 rem
1983 764 2223 820 divinam
2263 765 2506 821 Iacerent
2549 766 2620 820 ob
2674 765 2897 830 sordes,
2932 781 3055 835 quae
3089 767 3415 835 plerumque
3461 765 3578 820 cal-

326 852 626 909 ceamentis
661 851 884 908 adsunt.
908 850 1007 905 Ne
1039 860 1216 905 tamen
1263 852 1542 920 putaveris
1573 851 2005 906 calceamentum
2054 863 2341 924 propterea
2381 869 2504 909 esse
2530 869 2642 909 rem
2678 853 3124 909 abominabilem.
3153 851 3298 907 Idem
3328 854 3577 922 praecipit

325 938 526 1003 Josuae,
569 939 716 1009 quod
751 953 896 993 nunc
931 937 1092 1004 Mosi,
1142 938 1330 992 volens
1382 938 1713 992 conlirmare
1743 947 1796 991 et
1831 939 2077 994 stabilire
2129 941 2328 1010 legem.
2365 940 2605 1006 Quidam
2636 940 2832 994 volunt
2878 939 3049 995 Deum
3084 940 3231 994 istud
3268 940 3575 1009 imperasse

327 1027 484 1094 Mosi,
510 1039 568 1082 ut
595 1027 840 1093 Iudaeos,
869 1027 964 1097 qui
995 1034 1106 1080 tum
1156 1034 1316 1080 erant
1351 1026 1757 1090 catechumeni,
1802 1025 2080 1081 discerent
2119 1028 2328 1097 majore
2359 1027 2574 1083 cautela
2601 1028 2812 1084 versari
2847 1037 2902 1082 et
2932 1027 3219 1082 ambulare
3245 1043 3430 1081 coram
3466 1027 3574 1082 Do-

325 1117 518 1169 mino:
565 1125 619 1169 et
672 1129 782 1183 quo
815 1115 867 1168 id
905 1114 1124 1168 facilius
1188 1113 1360 1178 ﬁeret,
1412 1114 1659 1167 carnalia
1697 1121 1969 1182 praecepta
2029 1115 2290 1184 suggerit.
2329 1113 2563 1181 Quidam
2624 1124 2854 1170 censent
2908 1116 3080 1170 Deum
3116 1114 3223 1169 sub
3283 1114 3388 1168 hoc
3440 1125 3572 1186 typo

325 1203 636 1274 signiﬁcare
670 1201 830 1267 Mosi,
870 1201 986 1256 fore
1018 1211 1076 1256 ut
1105 1207 1352 1269 proterat
1382 1209 1436 1255 et
1475 1201 1766 1256 conculcet
1790 1199 2079 1271 Egyptios
2117 1220 2128 1254 :
2167 1208 2220 1256 et
2251 1201 2450 1258 deinde
2493 1202 2601 1257 huc
2645 1217 2900 1258 reversus
2932 1201 3346 1258 sacriﬁcaturus
3375 1203 3447 1256 sit
3477 1203 3568 1256 hic

321 1291 608 1361 magniﬁce
639 1289 899 1344 Domino.
937 1287 1327 1354 Sicallocutus
1363 1297 1446 1343 est
1478 1296 1531 1344 et
1562 1287 1795 1343 'Josuam
1827 1288 2194 1356 trajicientem
2217 1286 2536 1356 Iordanem,
2573 1297 2633 1344 ut
2665 1289 2810 1343 bello
2840 1297 3050 1360 peteret
3081 1298 3271 1360 gentes
3309 1289 3562 1346 hostiles.

322 1379 474 1444 Quod
507 1379 552 1432 si
587 1393 772 1433 verum
805 1385 908 1440 est,
963 1391 1062 1429 cur
1094 1391 1203 1429 non
1239 1379 1421 1446 potius
1456 1364 1833 1445 inqtiithiga,
1863 1382 1918 1429 et
1946 1390 2056 1430 non
2098 1375 2270 1431 Solve.
2301 1375 2572 1432 Praeterea
2603 1377 2828 1447 quidam
2880 1380 3037 1432 docet
3084 1377 3227 1432 solve
3266 1393 3372 1432 non
3407 1380 3558 1432 acci-

323 1465 579 1534 piendum
639 1479 758 1520 esse
799 1478 906 1533 pro
939 1463 1049 1515 ima
1077 1472 1232 1534 parte
1284 1462 1445 1516 solre.
1483 1462 1598 1516 Non
1632 1461 1780 1516 enim
1823 1462 1879 1515 in
1938 1461 2048 1517 ima
2094 1475 2248 1534 parte
2311 1465 2495 1520 solvit.
2556 1464 2756 1520 Verum
2807 1477 3004 1520 neuter
3037 1464 3234 1519 horum
3271 1467 3567 1520 verborum

320 1555 595 1608 occultum
637 1563 929 1608 assecutus
961 1559 1047 1606 est
1096 1567 1344 1606 sensum.
1379 1550 1550 1606 Infert
1603 1551 1749 1606 alius
1803 1549 2051 1620 quidam,
2105 1552 2200 1621 qui
2252 1551 2358 1606 sub
2407 1551 2787 1606 calceamento
2815 1550 3071 1621 intelligit
3131 1550 3344 1621 pedem,
3408 1552 3565 1621 quasi

321 1641 462 1696 Deus
515 1641 722 1695 diceret
751 1657 764 1693 :
793 1639 973 1693 "Move
1007 1638 1200 1708 pedem
1231 1647 1386 1691 tuum
1436 1647 1631 1692 contra
1653 1637 1886 1702 hostes,
1912 1637 2076 1692 sicuti
2134 1638 2335 1693 alicubi
2375 1639 2557 1708 inquit
2585 1657 2599 1692 ε
2631 1656 2655 1690 ι
2712 1639 3014 1693 Extendam
3047 1649 3243 1693 contra
3277 1638 3565 1693 Iduntaram

319 1727 507 1801 pedem
549 1745 730 1785 meum
760 1730 844 1794 ‘7,
880 1750 899 1782 ι
942 1729 995 1784 id
1048 1723 1528 1800 esu-proculcabo
1555 1729 1872 1784 Idumaeam.
1923 1725 2312 1782 Verumtamen
2360 1723 2507 1780 Deus
2563 1725 2679 1793 ipse
2736 1723 2927 1780 subdit
2973 1739 3223 1790 causam,
3262 1725 3565 1792 inquiens:

321 1839 338 1869 l
372 1817 552 1874 Locus
597 1818 651 1872 in
684 1833 794 1889 quo
833 1825 1152 1881 stas,~terra
1201 1825 1388 1873 sancta
1442 1825 1547 1872 est.
1584 1835 1604 1869 ›
1644 1818 1715 1872 At
1769 1815 1900 1886 qttid
1946 1812 2270 1886 inquinabat
2309 1813 2740 1871 calceamentum
2795 1823 3038 1870 sanctam
3073 1812 3316 1868 terram?
3347 1814 3567 1881 Annon,

319 1906 408 1961 ubi
452 1907 756 1962 detractum
781 1915 921 1972 erat,
956 1907 1157 1961 iterum
1203 1905 1354 1959 humi
1397 1903 1814 1960 collocabatur?

389 2014 520 2079 Sed,
549 2015 728 2077 aiunt,
758 2028 880 2069 mos
911 2022 996 2068 est
1023 2011 1344 2082 Scripturae,
1400 2011 1509 2066 alia
1539 2011 1762 2083 quidem
1815 2025 1997 2082 agere,
2031 2016 2086 2066 et
2141 2008 2251 2064 alia
2290 2010 2396 2066 sub
2429 2009 2517 2066 his
2571 2009 2908 2083 signiﬁcare.
2971 2009 3030 2066 ln
3077 2011 3283 2068 itinere
3340 2021 3567 2084 apparet

316 2103 537 2172 quidem
563 2102 814 2172 angelus,
848 2100 1005 2170 quasi
1036 2099 1326 2155 occisurus
1354 2097 1563 2154 Mosen.
1595 2097 1869 2153 Caeterum
1919 2097 2069 2152 aliud
2105 2097 2216 2152 -hic
2241 2097 2526 2170 quidpiam
2573 2100 2890 2170 gerebatur.
2941 2093 3078 2153 Nam
3130 2100 3306 2168 ipsum
3335 2101 3566 2156 interfeo

317 2193 507 2256 cisset,
534 2190 579 2243 si
613 2203 676 2242 ea
707 2187 882 2258 gratia
913 2185 1205 2242 adfuisset.
1270 2185 1624 2241 Similiter-et
1653 2185 1724 2240 ad
1757 2185 2070 2239 Balaamum
2124 2185 2306 2256 inquit
2344 2186 2573 2257 angelus
2597 2204 2615 2238 :
2647 2203 2666 2238 ι
2719 2185 2835 2241 Nisi
2881 2187 3074 2241 asinus
3107 2186 3465 2255 declinasset,
3515 2199 3566 2244 te

315 2275 684 2332 conlodissem
715 2283 769 2328 et
803 2274 1172 2344 pepercissem
1217 2273 1386 2328 asino
1426 2272 1498 2329 ⁸⁸.
1537 2291 1558 2326 ι
1597 2271 1689 2328 Sic
1715 2280 1770 2328 et
1814 2271 1905 2327 hic
1933 2287 2029 2342 per
2060 2273 2397 2328 solutionem
2443 2274 2801 2330 calceamenti
2833 2273 3174 2329 demonstrat
3207 2277 3387 2330 sancti
3423 2292 3566 2346 prae-

315 2367 569 2419 sentiam.
613 2364 679 2416 Et
704 2362 820 2417 vult
868 2361 1048 2431 ipsum
1076 2374 1414 2431 cognoscere
1441 2374 1504 2414 ex
1538 2359 1658 2430 ipso
1706 2359 1850 2424 loco,
1883 2359 1976 2414 ubi
2023 2359 2239 2414 scilicet
2286 2361 2603 2416 constiterit
2638 2359 2806 2425 Deus,
2838 2360 2964 2429 quis
2992 2357 3195 2431 praesto
3231 2361 3418 2418 fuerit.
3452 2363 3557 2418 Alii

315 2460 526 2523 putant,
560 2465 686 2504 cum
738 2450 874 2518 legis
908 2448 1092 2502 cultus
1137 2462 1244 2501 non
1271 2447 1498 2500 omnino
1542 2446 1969 2516 reprehensione
2005 2447 2266 2510 caruerit,
2303 2447 2546 2502 ostendit
2581 2448 2708 2504 vitae
2750 2461 2998 2511 cursum,
3037 2449 3131 2517 qui
3169 2450 3224 2502 in
3278 2449 3397 2519 lege
3437 2466 3558 2520 per-

317 2541 520 2608 agitur,
585 2551 692 2589 non
727 2549 979 2604 aprorsus
1036 2547 1232 2588 vacare
1291 2533 1643 2601 corruptione
1705 2542 1760 2586 et
1813 2540 2006 2586 morte.
2065 2531 2234 2602 quue
2289 2532 2608 2589 declaratur
2660 2550 2690 2588 a
2748 2533 2859 2588 ritu
2902 2534 3216 2590 Graecorum
3277 2537 3562 2593 sacriﬁcu-

312 2629 513 2690 lorum,
547 2621 707 2692 223
735 2624 829 2692 qui
862 2621 1181 2675 discalceati
1207 2621 1274 2674 ad
1305 2634 1461 2674 sacra
1491 2619 1897 2678 commeabant.
1932 2617 2000 2671 Et
2027 2633 2130 2674 nos
2166 2621 2330 2674 simul
2383 2621 2580 2677 edocet
2615 2636 2724 2675 non
2771 2619 2857 2676 fas
2909 2637 3032 2676 esse
3079 2623 3230 2676 illum
3265 2630 3562 2694 appropin-

308 2729 479 2785 quare
510 2712 644 2775 Deo,
687 2713 740 2764 in
773 2725 885 2779 quo
918 2717 1140 2764 exstent
1185 2706 1367 2761 adhuc
1417 2706 1667 2775 reliquiae
1719 2706 2096 2773 mortalitatis,
2131 2723 2196 2761 ev
2253 2723 2362 2776 qua
2411 2725 2512 2764 nos
2567 2709 2822 2764 liberavit
2854 2725 2962 2764 non
3003 2709 3112 2775 icx,
3157 2712 3254 2766 sed
3285 2713 3558 2770 Christus.

314 2823 333 2857 ι
369 2802 504 2855 Nam
539 2799 882 2868 impossibile
915 2806 1056 2859 erat,
1095 2803 1152 2850 ut
1192 2798 1420 2865 sanguis
1455 2803 1741 2850 taurorum
1773 2802 1828 2848 et
1861 2795 2138 2849 hircorum
2170 2795 2385 2850 tolleret
2436 2804 2663 2866 peccata
2693 2796 2762 2851 “.
2796 2815 2815 2848 ι
2854 2795 3024 2853 Nemo
3056 2799 3205 2853 enim
3257 2815 3354 2869 per
3388 2801 3556 2870 legem

304 2883 660 2953 justiﬁcatur.
695 2881 932 2936 Peccato
955 2889 1136 2934 autem
1168 2879 1604 2933 nondumiri'ito
1646 2877 1813 2943 facto,
1842 2878 2022 2934 adhuc
2052 2882 2464 2952 corruptionem
2506 2884 2691 2954 vigere
2747 2893 2802 2939 et
2833 2893 3067 2940 mortem
3127 2887 3403 2942 dominari
3436 2905 3562 2959 pec-

307 2979 433 3025 cato
466 2969 771 3039 inquinatis
802 2981 1028 3021 necesse
1060 2975 1165 3020 est.
1201 2964 1338 3019 Eum
1377 2965 1564 3031 igitur,
1593 2965 1688 3033 qui
1728 2965 1876 3020 volet
1921 2966 2230 3036 sejungere
2280 2969 2525 3034 Christo,
2573 2979 2790 3038 oportet
2837 2970 3115 3040 deponere
3162 2973 3298 3040 legis
3326 2978 3557 3042 cultum,

308 3059 402 3128 qui
441 3067 602 3128 typos
631 3065 682 3110 et
719 3055 946 3109 umbras
975 3052 1319 3107 continebat.
1351 3050 1444 3106 Sic
1475 3053 1620 3106 enim
1655 3052 1992 3107 introiturin
2016 3065 2219 3108 terram
2252 3065 2522 3124 sanctam,
2557 3058 2609 3112 id
2643 3066 2729 3113 est
2783 3057 3111 3121 Eeclesiam.
3161 3063 3316 3131 prius
3349 3078 3558 3120 vastam

307 3146 492 3199 divino
524 3153 576 3197 et
608 3143 854 3196 humano
883 3141 1039 3195 cultu
1070 3147 1125 3192 et
1151 3139 1334 3208 spinis
1375 3138 1637 3201 obsitam,
1671 3147 1862 3208 utpote
1899 3140 1949 3193 in
1973 3157 2083 3210 qua
2115 3140 2258 3197 foret
2289 3145 2486 3199 rubus.
2518 3144 2671 3199 Talis
2695 3153 2817 3200 erat
2839 3147 2996 3201 initio
3011 3149 3261 3214 gentium
3288 3150 3556 3219 Ecclesia,

307 3232 373 3287 ad
405 3246 568 3300 quam
601 3231 714 3284 haec
731 3227 1104 3298 proferuntur
1128 3227 1295 3280 verba
1332 3243 1346 3280 :
1386 3225 1650 3289 tl.a:tare,
1670 3227 1921 3282 solitudo
1949 3229 2235 3284 siticulosa
2264 3240 2318 3286 et
2349 3233 2525 3286 arida.
2552 3231 2802 3287 Exsultet
2827 3235 3067 3290 solitudo
3081 3249 3271 3304 vasta,
3293 3252 3346 3296 et
3368 3241 3560 3297 ﬂoreat

307 3321 475 3374 sicuti
506 3317 681 3372 lilium
711 3317 778 3369 ⁸ο.
815 3335 838 3367 ο
867 3316 1166 3369 Poliicetur
1196 3321 1250 3367 et
1282 3311 1428 3366 Deus
1456 3328 1516 3366 se
1549 3327 1946 3370 conversurum
1983 3321 2337 3376 solitudinem
2376 3321 2430 3376 in
2462 3323 2712 3392 paludes,
2748 3333 2804 3379 et
2835 3325 3178 3395 siticulosam
3208 3331 3274 3384 in
3318 3335 3558 3386 scaturi-

307 3409 462 3478 gines
495 3418 782 3476 aquarum.
811 3401 946 3456 Nam
975 3400 1282 3456 Ecclesium
1315 3399 1458 3454 Deus
1487 3415 1590 3454 suo
1633 3417 1890 3460 sermone
1923 3405 2174 3478 irrigavit
2208 3409 2447 3473 abunde,
2474 3417 2533 3464 et
2559 3425 2664 3466 nos
2701 3411 2776 3463 ita
2823 3412 3089 3476 excoluit,
3119 3421 3180 3468 ut
3203 3395 3386 3470 simus
3412 3426 3557 3473 terra

307 3490 522 3552 sanct‘a.
563 3493 754 3548 Omnis
776 3491 926 3546 enim
961 3490 1114 3544 locus
1175 3490 1230 3543 in
1265 3503 1378 3559 quo
1413 3488 1580 3542 fuerit
1617 3487 1898 3559 Christus,
1933 3494 2091 3550 locus
2124 3497 2611 3568 sacerjudicatur.
2645 3497 2802 3564 Quod
2841 3514 2971 3555 vero
3004 3501 3088 3556 lex
3121 3505 3426 3573 nequiverit
3446 3521 3556 3561 nos

312 3583 606 3648 viviﬁCare,
643 3581 780 3636 satis
814 3578 1014 3633 alicubi
1052 3577 1377 3648 comprobat
1399 3575 1675 3642 Christus,
1709 3577 1898 3636 dicens
1933 3583 2204 3650 “Amen,
2231 3599 2390 3638 amen
2420 3583 2547 3640 dico
2569 3587 2752 3650 vobis,
2789 3586 2896 3642 nisi
2925 3590 3151 3644 ederitis
3177 3605 3400 3647 Carnem
3433 3593 3554 3648 Filii

309 3670 572 3731 hominis,
606 3676 662 3722 et
693 3667 947 3722 biberitis
985 3665 1106 3735 ejus
1135 3665 1490 3735 sanguinem,
1513 3679 1622 3718 non
1657 3664 1875 3722 habetis
1899 3671 2066 3724 vitam
2103 3672 2158 3726 in
2193 3673 2605 3742 vobismetipsis
2639 3673 2708 3727 ".
2743 3694 2763 3728 ι
2797 3675 2878 3729 Ad
2905 3676 3046 3731 hanc
3077 3679 3461 3736 celsitudinem
3499 3691 3552 3738 οι

307 3760 480 3813 lucem
509 3755 741 3811 Deitatis
772 3769 882 3808 non
911 3754 1040 3808 licet
1088 3755 1354 3808 scandere
1397 3751 1665 3822 pedibus,
1721 3770 1861 3823 quos
1897 3759 2284 3814 {calceamenta
2319 3769 2558 3815 onerant
2627 3758 2935 3818 Solvendus
2961 3773 3016 3817 et
3064 3766 3430 3822 removendus
3467 3777 3554 3824 est

303 3847 562 3909 utiiictus,
595 3843 692 3913 qui
730 3847 950 3896 constat
981 3855 1045 3894 ex
1078 3840 1312 3894 terrenis
1337 3846 1392 3894 et
1417 3841 1651 3895 mortuis
1679 3842 1962 3910 pellibus»:
1990 3854 2052 3898 ut
2081 3846 2254 3901 libere
2289 3855 2458 3917 queat
2487 3847 2672 3901 anima
2701 3849 2954 3918 spatiari.
2991 3850 3263 3915 Amictus,
3300 3854 3545 3923 inquam,

303 3933 414 3992 ille,
441 3945 553 4001 quo
577 3929 961 3984 velati-sumus
993 3934 1216 3997 pr0pter
1251 3934 1626 3996 contemptum
1661 3938 1994 3998 praceptum
2027 3931 2146 3993 Dei,
2178 3949 2302 3988 cum
2325 3949 2578 3990 essemus
2611 3935 2829 3990 nudi'in
2873 3938 3154 4005 paradiso.
3197 3940 3289 3994 Sic
3325 3958 3426 3997 nos
3456 3958 3551 3996 co-

303 4019 589 4072 mitabitur
626 4015 718 4070 Dei
743 4015 971 4079 notitia,
1007 4029 1128 4083 quae
1163 4007 1396 4069 subinde
1427 4015 1719 4084 augebitur
1767 4016 1968 4072 divinis
2001 4020 2450 4077 meditationibus
2497 4030 2552 4077 et
2591 4023 3064 4092 speculationibus
3125 4027 3421 4096 tranquille
3464 4030 3549 4083 in-

301 4106 688 4168 euinbens,et
719 4103 1042 4174 experietur
1065 4103 1242 4156 solum
1278 4099 1448 4156 Deum
1485 4116 1677 4156 revera
1708 4117 1833 4158 esse
1871 4102 1983 4158 Ens
2002 4105 2564 4176 principalissimum,
2601 4109 2764 4178 cujus
2798 4111 3218 4180 participatione
3253 4123 3386 4168 sunt
3417 4117 3548 4170 reli-

299 4210 406 4264 qua
435 4195 604 4257 entia,
637 4193 910 4262 cujusque
937 4189 1367 4260 participatione
1397 4196 1584 4256 egent,
1613 4196 1672 4243 ut
1695 4190 1998 4258 perdurare
2032 4193 2268 4261 possint.
2314 4193 2429 4250 Hoc
2462 4195 2575 4250 Ens
2598 4197 2777 4251 solum
2812 4199 3155 4253 immutabile
3181 4210 3288 4267 est,
3323 4210 3377 4256 et
3403 4218 3552 4258 sum-

299 4298 444 4338 mum
473 4282 674 4337 bonum
700 4287 806 4344 est,
840 4293 940 4333 nec
965 4292 1206 4346 unquam
1237 4275 1306 4330 ad
1333 4275 1536 4339 malum
1563 4287 1830 4332 movetur.
1863 4279 1964 4334 lllo
1995 4281 2074 4334 nil
2104 4282 2259 4338 dabis
2297 4285 2380 4340 vel
2417 4284 2612 4355 purius
2642 4287 2730 4341 vel
2766 4287 2983 4343 melius.

366 4393 537 4450 Vens.
571 4393 729 4448 6-15.
765 4390 834 4444 Et
860 4391 998 4443 dixit
1020 4391 1106 4443 ei:
1137 4388 1398 4458 Ego-sum
1444 4387 1585 4441 Deus
1627 4390 1800 4456 patris
1837 4390 2236 4461 tuiAbrahhm,
2279 4403 2412 4461 etc.,
2442 4398 2626 4467 usque
2665 4396 2734 4452 ad
2771 4397 2920 4452 hunc
2953 4397 3132 4454 locum
3163 4415 3177 4452 :
3210 4399 3332 4455 ‘Hac
3363 4419 3550 4458 nomen

295 4483 423 4534 mihi
435 4491 520 4535 est
563 4482 621 4533 in
643 4487 928 4540 internum,
957 4488 1004 4529 et
1039 4475 1137 4529 hoc
1161 4474 1469 4528 memoriale
1497 4476 1752 4530 meum-in
1776 4481 2116 4546 generatione
2165 4491 2217 4536 et
2250 4485 2664 4553 generationem.
2695 4484 2992 4552 Obstupuit
3029 4495 3084 4540 et
3137 4493 3288 4542 totus
3325 4491 3552 4545 horruit

298 4567 802 4622 'iiosesa‘dbibitns
828 4563 956 4616 huic
986 4559 1539 4647 spectaculoaiMagis
1553 4577 1690 4616 vero
1713 4566 1943 4632 perculit
1970 4567 2247 4625 hominem
2279 4571 2472 4627 audire
2498 4571 2832 4628 vocem-Dei.
2857 4570 3144 4628 Gaudebat
3179 4579 3322 4643 quod
3350 4577 3550 4647 dignus

293 4665 440 4709 esset
475 4654 698 4707 habitus
731 4649 926 4705 audire
961 4664 1150 4704 vocem
1187 4646 1282 4701 Dei
1334 4646 1533 4702 Verum
1565 4658 1748 4704 metus
1768 4650 1912 4705 illam
1941 4655 2274 4727 voluptatem
2294 4661 3059 4732 conturbabant.Quapropter
3080 4664 3279 4717 avertit
3312 4646 3547 4729 vultum,

296 4758 403 4796 non
438 4743 723 4797 sustinens
753 4741 958 4794 intueri
992 4738 1192 4792 Deum.
1234 4734 1370 4789 Nam
1403 4736 1730 4807 abjicientes
1753 4741 1936 4795 carnis
1967 4759 2138 4814 opera
2167 4747 2477 4814 mortifera,
2513 4759 2563 4803 et
2591 4765 2729 4820 puro
2758 4749 3204 4819 liberoque'pede
3233 4753 3549 4810 incedentes

293 4831 662 4902 inrepublica
695 4829 920 4894 Christi,
951 4828 1532 4898 appropinquabimus
1570 4826 1991 4898 Deo-spiritua’ii
2031 4835 2250 4900 cupula,
2289 4849 2399 4889 non
2438 4836 2544 4890 loci
2582 4836 2894 4892 intervallo.
2943 4836 3018 4890 Et
3049 4837 3103 4891 in
3137 4839 3548 4910 nobismetipsis

292 4922 620 4992 colligemus
644 4920 900 4973 notitiam
934 4918 1050 4979 Dei,
1092 4918 1255 4971 Patre
1279 4931 1341 4971 se
1377 4916 1539 4972 nobis
1567 4919 1892 4973 ostendente
1942 4920 1996 4974 in
2041 4919 2216 4974 Filio:
2255 4922 2555 4994 ipsumque
2587 4935 2744 4978 certo
2774 4926 3298 4995 contemplabimur,
3332 4936 3386 4982 et
3433 4929 3548 4983 evi-

293 5009 513 5062 dentius
549 5022 712 5077 quam
747 5006 965 5076 priscus
1000 5005 1262 5075 populus,
1296 5003 1412 5073 qui,
1439 5004 1571 5058 dum
1607 5019 1666 5058 se
1696 5007 1978 5063 avertebat
2009 5024 2037 5063 a
2072 5009 2210 5066 facie
2263 5011 2452 5078 Musis,
2506 5014 2646 5068 satis
2689 5014 3004 5069 declarabat
3045 5027 3269 5071 men-tes
3301 5016 3544 5083 illorum,

292 5112 432 5167 quos
462 5095 640 5152 Moses
666 5094 955 5150 erudiebat
997 5094 1050 5146 in
1079 5095 1216 5162 lege,
1247 5107 1376 5149 esse
1405 5091 1680 5159 inﬁrmas,
1712 5093 1880 5148 sicuti
1933 5092 2133 5164 legitur
2167 5095 2492 5151 in'Psahnis
2522 5112 2591 5148 :1
2628 5096 2990 5152 Occaacentur
3025 5099 3174 5153 oculi
3221 5100 3441 5154 illorum
3478 5118 3546 5159 ne

293 5185 614 5239 videant".
660 5203 679 5235 ι
717 5183 860 5236 Idem
895 5183 948 5235 in
998 5181 1280 5250 prophetis
1337 5180 1614 5236 habetur:
1660 5200 1678 5232 ‹
1708 5181 1866 5236 ιΕουε
1915 5183 2150 5252 populus
2189 5181 2391 5238 stultus
2447 5191 2504 5238 et
2549 5197 2767 5239 vecors.
2820 5183 3025 5240 Oculos
3059 5187 3284 5251 habent,
3334 5199 3390 5242 et
3433 5203 3545 5244 non

287 5271 569 5328 vident".
591 5289 628 5322 ·›
659 5272 727 5324 At
759 5282 863 5324 nos
910 5276 1118 5324 retecta
1173 5267 1316 5324 faeie
1352 5268 1408 5323 in
1459 5267 1607 5323 Filio
1639 5267 1824 5324 Patris
1858 5269 2245 5338 conspicamur
2291 5270 2781 5339 pulchritudinem.
2833 5271 2989 5338 Nam,
3025 5274 3224 5342 inquit,
3263 5293 3283 5325 ‹
3316 5273 3423 5342 Qui
3457 5291 3545 5329 me

292 5361 451 5426 vidit,
489 5359 624 5413 vidit
651 5357 869 5411 Patrem
901 5356 986 5422 “,
1023 5374 1041 5407 ι
1077 5356 1174 5426 (ιιιί
1224 5371 1322 5426 per
1367 5370 1426 5410 se
1458 5366 1544 5411 est
1587 5357 2013 5426 inconspicuus.
2047 5354 2114 5408 Et
2155 5355 2352 5410 iterum
2384 5375 2397 5411 :
2444 5376 2464 5410 α
2511 5356 2686 5414 Nemo
2741 5361 2893 5415 novit
2941 5361 3068 5431 quis
3103 5363 3173 5415 sit
3203 5360 3396 5423 Filius,
3435 5364 3544 5417 nisi

293 5448 497 5514 Pater;
540 5459 716 5517 neque
765 5444 1059 5514 quisquam
1109 5443 1262 5498 novit
1295 5441 1516 5498 Patrem
1561 5443 1689 5514 quis
1726 5445 1830 5513 sit,
1864 5444 1970 5501 nisi
2008 5441 2213 5509 'Filius,
2255 5453 2310 5500 et
2353 5445 2440 5500 cui
2473 5446 2712 5501 voluerit
2761 5447 2936 5503 Filius
2961 5450 3209 5504 revelare
3234 5450 3302 5504 ⁸⁸.
3343 5467 3362 5500 ι
3407 5448 3540 5503 Nam

361 5621 556 5697 ’.ψειιιζ
576 5620 841 5697 _cvlt_,_I_0.
917 5620 961 5652 "
998 5616 1164 5697 bium.
1197 5621 1476 5697 xxtt,_33.
1552 5621 1597 5654 ⁸³
1633 5619 1800 5697 Hebr.
1819 5619 1944 5697 3,1

1954 5651 1981 5675 ι.
2033 5620 2110 5697 _'°
2141 5618 2456 5697 Isatgxxv,
2501 5625 2552 5694 I,
2583 5624 2637 5682 2.
2740 5624 2784 5658 ⁸¹
2818 5622 2977 5681 Joan.
3011 5641 3062 5680 vr
3091 5664 3105 5692 ,
3142 5624 3231 5682 fit.
3286 5624 3354 5697 ,τ’
3385 5622 3537 5679 Psal.

291 5707 484 5759 vam,
524 5692 615 5748 Ξῖ.
691 5693 736 5725 ⁸³
768 5691 875 5749 Isa.
903 5707 978 5756 vt,
1011 5690 1067 5760 9,
1105 5693 1191 5747 10.
1269 5691 1314 5726 ⁸⁸
1339 5689 1502 5748 'Joan.
1539 5707 1655 5762 xw,
1679 5692 1738 5750 9.
1816 5691 1865 5725 ”

1972 5689 2335 5762 itth.x1,27.
2441 5689 2451 5696 ⁷
2539 5689 2548 5694 ⁷
3287 5689 3355 5743 Ti-
3546 5704 3555 5712 -
