4010 6212
427 343 541 408 δερ
1525 356 2072 420 COMMENTARII
2108 355 2190 418 1N
2229 353 2573 418 exosum.
2888 309 2902 316 θ’
3565 345 3667 409 530

417 451 640 507 Itaruch
677 452 812 509 dicit
849 469 864 508 :
906 473 924 506 ι
957 453 1087 512 Post
1114 457 1218 512 hoc
1247 457 1302 522 in
1341 465 1486 516 terra
1515 465 1669 520 visus
1696 473 1805 530 est,
1836 475 1892 521 et
1928 473 2298 520 conversatus
2342 471 2428 520 est
2466 477 2588 517 cum
2643 457 2958 514 hominibus
3001 454 3070 508 ⁵¹¹.
3110 471 3128 504 ι
3167 451 3388 507 Davidis
3422 452 3676 510 testimo-

391 541 574 593 -nium
605 541 963 612 hucquoque
987 543 1120 599 facit
1147 565 1160 600 :
1205 565 1224 598 ι
1263 546 1409 603 Deus
1439 550 1666 606 deorum
1697 538 1968 608 Dominus
1993 552 2213 608 locutus
2249 561 2352 617 est,
2389 559 2442 606 et
2472 549 2691 603 vocavit
2721 555 2920 601 terram
2949 561 2962 597 :
3003 543 3072 597 ab
3121 549 3246 596 ortu
3281 553 3458 610 usque
3488 540 3552 594 ad
3584 555 3678 596 oc-

415 641 614 682 casum
646 632 784 686 solis
817 633 984 688 decor
1014 635 1444 702 pulchritudinis
1465 641 1606 709 ejus.
1639 640 1780 697 D‘eus
1803 641 2100 695 manifesto
2121 637 2324 703 veniet,
2353 635 2520 699 Deus,
2550 635 2796 704 inquam,
2829 639 3038 692 noster,
3063 639 3122 683 et
3141 644 3248 684 non
3280 627 3553 682 tacebitur
3571 629 3670 682 ⁵⁷.»

415 716 850 772 Arbitrabantur
879 719 1052 775 Judaei
1089 737 1147 776 se
1178 725 1536 793 coiispexisse
1571 725 1744 782 Deum
1779 736 2136 798 apparentem
2171 729 2226 782 in
2263 728 2389 798 igne
2419 727 2474 780 in
2515 725 2647 780 Sina
2684 729 2889 786 monte,
2913 729 2969 777 ct
2995 721 3160 777 etiam
3187 719 3466 775 audivisse
3487 733 3673 774 vocem

419 805 566 874 ejus.
604 805 712 860 Sed
755 805 1012 864 Christus
1045 823 1143 864 eos
1171 811 1455 882 redarguit
1489 812 1544 867 in
1589 813 1702 868 haec
1745 815 1914 870 verba
1947 833 1961 870 ς
1989 833 2009 867 ε
2046 813 2243 878 Amen,
2276 829 2434 868 amen
2465 811 2591 866 dico
2636 809 2818 874 vobis,
2850 823 2950 863 nec
2980 821 3171 862 vocem
3197 805 3318 875 ejus
3343 805 3636 860 audivistis
3659 844 3674 868 ,

421 905 529 945 nec
563 891 686 957 ejus
721 891 955 948 formam
991 895 1230 952 vidistis.
1261 896 1326 950 Et
1353 913 1664 954 sermonem
1696 899 1820 970 ejus
1853 917 1960 956 non
2015 901 2236 958 habetis
2270 903 2324 956 in
2366 899 2524 954 vobis
2558 906 2888 952 manentem.
2919 894 3060 962 Quia
3092 907 3254 963 quem
3291 892 3440 946 misit
3468 892 3580 956 ille,
3621 891 3678 946 in

423 981 572 1036 hunc
597 981 762 1054 224
799 997 899 1038 vos
929 999 1039 1040 non
1074 986 1305 1042 creditis
1335 987 1403 1040 ⁸⁸.
1443 987 1668 1060 rlgitur
1693 1005 1817 1054 nos,
1846 991 1893 1046 si
1919 990 2319 1046 crediderimus
2349 987 2422 1050 ei,
2447 985 2687 1040 vidimus
2727 983 2779 1036 in
2811 981 2950 1036 Filio
2987 981 3205 1034 Patrem
3258 986 3314 1032 et
3365 993 3675 1034 sermonem

419 1068 548 1138 ejus
577 1069 630 1122 in
659 1070 820 1125 nobis
855 1071 1144 1129 habemus.
1183 1073 1369 1128 Voluit
1401 1075 1622 1144 quidem
1657 1075 1806 1132 Deus
1848 1093 1908 1133 se
1951 1079 2066 1134 illis
2105 1075 2404 1132 videndum
2454 1069 2740 1134 exhibere,
2781 1065 3246 1138 quemadmodum
3278 1063 3437 1120 Mosi.
3483 1062 3589 1118 Sed
3622 1074 3680 1117 ut

347 1151 350 1154 ί
415 1165 890 1213 commonstraret
927 1159 1066 1228 legis
1099 1161 1564 1226 imbecillitatem,
1595 1164 1797 1218 avertit
1835 1165 2069 1228 vultum,
2130 1161 2294 1218 sicuti
2333 1159 2412 1213 illi
2441 1157 2680 1212 aversati
2710 1163 2842 1210 sunt
2869 1153 3178 1218 Christum,
3215 1151 3306 1221 qui
3349 1151 3499 1221 ipsos
3525 1153 3680 1205 ant‘e-

417 1241 632 1297 ferebat
655 1245 939 1313 gentibus.
963 1245 1337 1318 Quapropter,
1381 1249 1565 1319 inquit
1605 1268 1618 1304 :
1659 1269 1677 1301 ι
1713 1252 1980 1307 Inventus
2029 1265 2152 1307 sum
2198 1249 2304 1312 his,
2349 1246 2442 1316 qui
2466 1259 2554 1299 me
2592 1259 2701 1299 non
2738 1241 3096 1312 quaerebant:
3131 1237 3462 1292 manifestus
3499 1237 3680 1291 lactus

415 1345 538 1384 sum
569 1330 677 1396 his,
714 1333 804 1400 qui
831 1333 898 1387 de
927 1349 1014 1388 me
1046 1349 1155 1388 non
1188 1343 1604 1404 percontantur.
1638 1337 1762 1392 Dixi
1795 1356 1809 1392 :
1843 1339 1988 1394 Ecce
2011 1335 2225 1392 innotui
2257 1334 2428 1404 genti,
2465 1345 2591 1401 qua:
2635 1344 2719 1383 me
2765 1327 3082 1398 ignorabat.
3129 1323 3269 1377 Toto
3321 1321 3408 1376 die
3461 1321 3678 1375 extendi

415 1431 614 1472 manus
646 1433 800 1473 meas
833 1419 902 1474 ad
936 1423 1198 1490 populum
1232 1422 1646 1479 inobedientem
1677 1433 1732 1479 et
1767 1424 2260 1479 contradicentetn
2297 1420 2362 1472 '9.
2394 1437 2412 1470 ι
2440 1417 2786 1486 Quapropter
2831 1427 2944 1466 non
2995 1415 3398 1478 conspexerunt
3451 1407 3678 1477 gloriam

411 1501 652 1557 Christi.
685 1503 827 1560 Hinc
867 1520 965 1574 per
993 1507 1318 1577 prOphetam
1349 1510 1599 1582 loquitur
1633 1529 1646 1565 :
1685 1530 1704 1563 ι
1747 1510 2043 1566 Verterunt
2075 1511 2144 1564 ad
2177 1523 2264 1563 me
2295 1513 2446 1574 terga
2477 1519 2581 1558 nec
2605 1503 2793 1556 vultus
2819 1513 3012 1554 eorum
3043 1497 3109 1550 °°.
3145 1515 3165 1548 ι
3203 1495 3301 1550 llis
3343 1493 3680 1563 astipulator-

414 1585 644 1652 Paulus,
670 1589 875 1646 alicubi
908 1591 1102 1648 dicens
1141 1610 1154 1646 :
1187 1613 1204 1646 ι
1245 1595 1354 1650 Sed
1380 1596 1448 1650 ad
1477 1597 1626 1652 hunc
1665 1613 1842 1668 usque
1869 1599 2038 1664 diem,
2081 1612 2204 1652 cum
2231 1593 2431 1663 legitur
2461 1590 2664 1652 Moses,
2699 1589 2949 1644 velamen
2979 1585 3238 1656 cordibus
3263 1583 3483 1638 illorum
3503 1583 3680 1652 impo-

409 1675 579 1729 situm
612 1685 718 1732 est.
743 1677 811 1731 At
839 1693 941 1734 nos
967 1693 1163 1736 omnes
1199 1691 1408 1738 retecta
1439 1684 1578 1740 facie
1602 1685 1836 1756 gloriam
1872 1685 2090 1742 Domini
2117 1683 2170 1736 in
2204 1681 2428 1751 speculo
2453 1681 2922 1749 repraesentantes
2957 1673 3042 1738 ⁶¹“,
3087 1690 3108 1724 ι
3143 1679 3254 1726 etc.

486 1805 627 1861 Τίδέ
649 1826 784 1882 φησι
810 1812 950 1882 πρὸς
965 1813 1055 1868 τὸν
1085 1815 1327 1886 Μωῦσῆν
1355 1816 1384 1868 ὁ
1423 1815 1595 1880 Θεόςς
1627 1834 1646 1869 ι
1689 1811 1847 1870 Εἶδον
1896 1817 1991 1872 καὶ
2021 1821 2068 1877 Λ

2164 1815 2436 1870 Caeterum
2469 1827 2591 1883 quae
2626 1817 2712 1866 est
2753 1809 2848 1863 illa
2880 1808 3059 1864 oratio
3083 1847 3097 1873 ,
3139 1821 3304 1877 quam
3345 1819 3471 1860 cum
3531 1802 3679 1858 Mosa

411 1897 626 1966 ἥκουσα
665 1900 764 1971 τὴν
788 1903 1037 1958 κάκωσιν
1090 1905 1184 1960 τοῦ
1225 1907 1378 1961 λαοῦ.
1417 1926 1436 1960 ι
1484 1907 1629 1961 Ὠσεὶ
1661 1909 1870 1978 ἔλεγεν,
1896 1908 1994 1964 Ἦν

2103 1906 2267 1962 habet
2299 1904 2484 1959 Deus?
2535 1921 2552 1954 ι
2591 1901 2714 1956 Vidi
2767 1901 2978 1956 scilicet
3021 1907 3077 1954 et
3121 1897 3305 1953 audivi
3333 1896 3679 1950 albiction‘em

411 1989 512 2040 καὶ
563 1991 628 2043 σὺ
681 1986 842 2059 εῖδες,
897 1995 992 2048 καὶ
1042 1997 1305 2067 ἤκουσας.
1367 1999 1503 2052 οὐδὲ
1548 1998 1658 2070 γὰρ
1701 2000 1786 2054 σοὶ
1817 1999 1994 2055 ταῦτα

2102 1998 2317 2070 populi,
2353 2015 2372 2048 ι
2402 2003 2510 2050 etc.
2547 1993 2758 2048 Sensus
2788 2001 2909 2048 est:
2947 1989 3096 2056 Vidi,
3127 1991 3376 2060 inquam,
3406 2003 3681 2044 aerumnas

413 2076 618 2146 ήρεσεν
643 2080 1031 2138 ἀποκτείναντι
1047 2086 1138 2139 τὸν
1173 2085 1497 2155 Αίγύπτιον.

2101 2099 2156 2145 ει
2191 2089 2411 2144 labores
2443 2087 2650 2158 populi,
2710 2099 2852 2155 quos
2901 2093 2955 2138 et
2987 2090 3046 2136 tu
3085 2084 3339 2152 cognitos
3383 2088 3438 2136 et
3465 2081 3683 2150 penitus

417 2175 734 2244 exploratos
791 2178 981 2234 habes.
1021 2180 1134 2237 Nec
1173 2183 1268 2238 tibi
1319 2183 1445 2238 illos
1501 2183 1743 2252 labores,
1791 2185 1994 2256 quibus
2031 2185 2270 2257 p0pulus
2318 2198 2472 2239 meus
2548 2181 2836 2248 obruitur,
2883 2179 3100 2250 placere
3179 2178 3315 2233 satis
3359 2177 3682 2247 praeclarum

421 2265 620 2323 dedisti
643 2269 1057 2337 documentum,
1077 2273 1207 2329 dum
1237 2290 1324 2330 me
1349 2279 1692 2347 praeveniens
1740 2281 2031 2336 scelestum
2072 2279 2351 2352 peremisti
2384 2276 2730 2349 Egyptium.

495 2377 763 2433 Caeterum
799 2395 900 2451 ego
927 2383 992 2436 ad
1023 2382 1128 2438 boc
1163 2384 1392 2442 honoris
1423 2386 1704 2458 fastigium
1755 2401 1806 2446 te
1838 2392 2102 2460 proveho,
2139 2402 2197 2446 ut
2238 2389 2494 2460 fungaris
2525 2388 2683 2443 ducis
2709 2401 2938 2442 munere
2963 2425 2979 2452 ,
3011 2387 3067 2440 in
3103 2385 3404 2441 asserenda
3450 2384 3504 2438 in
3539 2383 3682 2438 anti-

426 2479 592 2533 quam
625 2465 938 2522 libertatem
963 2471 1166 2540 populo
1199 2471 1532 2529 Israelitico.
1565 2477 1803 2533 Proinde
1838 2479 1948 2532 noli
1985 2478 2148 2545 hanc,
2175 2494 2339 2548 quam
2366 2477 2466 2531 tibi
2495 2475 2719 2540 mando,
2757 2489 3018 2530 recusare
3041 2473 3380 2544 provinciam
3423 2480 3682 2526 causatus

430 2551 619 2619 populi
647 2553 1047 2610 intractabilem
1084 2557 1370 2616 duritiem.
1405 2561 1517 2616 lmo
1541 2552 1588 2618 si
1622 2564 1935 2633 petulanter
1962 2571 2016 2619 et
2047 2573 2302 2635 proterve
2335 2563 2684 2618 intonuerint
2715 2580 2729 2618 :
2767 2580 2786 2613 ι
2829 2559 2966 2628 Quis
2993 2568 3045 2616 te
3078 2560 3242 2616 nobis
3275 2559 3577 2629 principem
3629 2566 3683 2612 et

425 2637 664 2703 judicem
693 2638 884 2694 dedit?
926 2661 944 2694 ι
985 2640 1276 2714 Responde
1307 2648 1458 2702 nulla
1482 2649 1816 2706 circuitione
1847 2660 2028 2716 utens,
2057 2662 2110 2708 et
2141 2651 2312 2706 libere
2343 2649 2510 2705 dicito
2547 2665 2562 2703 :
2593 2665 2614 2703 ι
2642 2647 2790 2703 Deus
2821 2655 3039 2720 patrum
3069 2655 3390 2702 nostrorum
3427 2645 3495 2699 ad
3538 2645 3685 2700 hunc

431 2725 656 2781 honoris
683 2729 895 2796 apicem
931 2745 1018 2787 me
1043 2732 1312 2788 scandere
1342 2731 1495 2790 fecit.
1539 2755 1558 2787 ι

507 2855 706 2910 Ἤθελε
769 2859 868 2928 μὲν
921 2861 1015 2915 οὖν
1062 2864 1157 2917 καὶ
1209 2865 1452 2934 Μωῦσῆς
1500 2865 1870 2938 ἐλευθερῶσαι
1912 2866 2004 2920 τὸν

2183 2864 2386 2929 Moses,
2418 2859 2526 2918 non
2557 2864 2784 2920 dubium
2823 2871 2930 2928 est,
2959 2863 3262 2920 imo-certe
3293 2869 3532 2924 constat,
3567 2859 3683 2915 dies

446 2945 684 3016 Ἰσραὴλ,
717 2951 744 3000 ὁ
773 2951 868 3003 καὶ
897 2951 988 3005 τὸν
1017 2952 1153 3007 Θεὸν
1183 2956 1472 3027 προλαϐών
1491 2975 1506 2988 ·
1539 2957 1691 3029 πόσῳ
1709 2974 1772 3026 γε
1806 2957 2006 3028 μᾶλλον

2114 2967 2414 3026 noctesque
2457 2956 2512 3010 id
2559 2957 2784 3028 agebat,
2826 2970 2935 3024 quo
2985 2961 3144 3025 pacto
3189 2961 3372 3023 posset
3400 2951 3685 3008 servitutis

435 3033 498 3098 ὲξ
526 3036 736 3091 ἐκείνου
770 3043 1170 3112 πεμπόμενος-ς
1214 3045 1440 3118 Ἠπόρει
1465 3047 1524 3100 δὲ
1558 3047 1676 3110 πῶς
1721 3047 1832 3117 ἄρα
1887 3047 2009 3100 τού-

2113 3047 2474 3102 intolerandae
2492 3047 2685 3118 jugum
2719 3046 2938 3100 demere
2967 3045 3168 3115 populo
3193 3043 3516 3098 Israelitico.
3549 3041 3687 3096 Cum

435 3139 563 3188 τους
593 3129 688 3181 καὶ
721 3131 981 3189 πείσειεν.
1009 3135 1083 3189 Οὐ
1104 3135 1310 3190 δέδοικε
1349 3137 1470 3193 λίαν
1501 3137 1630 3202 τοὺς
1653 3137 2008 3206 Αἰγυπτίους,

2116 3154 2214 3210 per
2246 3152 2305 3194 se
2349 3139 2406 3193 id
2458 3137 2838 3204 meditaretur,
2891 3136 3018 3207 quis
3063 3135 3280 3191 dubitat
3334 3147 3525 3206 porro,
3553 3132 3687 3202 quin

439 3215 530 3320 διὰ
557 3217 614 3270 δὲ
636 3219 858 3287 τούτους
881 3225 1157 3298 σκληροὺς
1184 3227 1342 3292 ὄντας
1367 3229 1719 3299 ταράττεται.
1775 3231 2012 3302 Τοιγαρ-

2117 3230 2352 3285 libenter
2387 3229 2634 3300 paruerit
2659 3228 2768 3282 Deo
2789 3228 3064 3283 mittenti?
3092 3225 3294 3282 Verum
3326 3227 3430 3281 hoc
3454 3223 3689 3289 angebat

433 3308 532 3362 οὖν
553 3312 612 3364 οὺ
641 3317 769 3386 περὶ
798 3317 1042 3383 ἐκείνων,
1078 3320 1208 3390 περὶ
1243 3319 1301 3372 δὲ
1340 3320 1544 3376 τούτων
1569 3323 1760 3393 φησὶν,
1795 3322 2013 3394 Ἐροῦσί

2119 3321 2321 3386 virum,
2347 3335 2583 3391 eumque
2615 3319 2970 3391 tergiversari
3004 3318 3386 3390 compellebat,
3417 3316 3560 3387 quod
3589 3329 3689 3385 pa-

437 3419 552 3470 μοι,
577 3405 643 3458 Τί
669 3407 843 3480 ὄνομα
865 3410 1050 3482 αὐτῷς

2117 3426 2238 3466 rum
2289 3411 2579 3466 constabat
2626 3411 2827 3480 quibus
2863 3410 3208 3481 argumentis
3240 3405 3688 3464 lidemlacturus

433 3503 582 3548 esset
613 3499 813 3567 pepulo
841 3499 940 3567 illi,
971 3516 1033 3558 se
1067 3517 1099 3558 a
1134 3504 1241 3559 Deo
1270 3511 1331 3558 ut
1361 3503 1630 3560 vindicem
1671 3511 1726 3560 et
1757 3511 2086 3561 assertorem
2117 3503 2348 3558 missum
2379 3517 2524 3558 esse.
2581 3499 2706 3556 Non.
2759 3501 3054 3557 verebatur
3117 3499 3405 3571 [Egyptios
3431 3515 3448 3550 :
3497 3497 3691 3552 -intra-

433 3585 634 3642 ctabile
659 3604 773 3644 suae
801 3591 980 3660 gentis
1007 3591 1286 3662 ingenium
1313 3595 1516 3650 bonum
1549 3597 1730 3650 virum
1766 3594 2099 3652 deterrebat.
2161 3594 2402 3650 Proinde
2434 3594 2532 3661 ait,
2573 3608 2686 3648 non
2737 3591 2806 3650 de
2871 3591 3145 3664 Egyptiis
3213 3593 3380 3648 verba
3458 3589 3686 3654 faciens,

432 3678 530 3732 sed
561 3679 629 3734 de
675 3679 943 3752 Hebraeis,
995 3683 1225 3742 dicens:
1266 3704 1286 3738 ι
1323 3687 1800 3744 Percontabuntur
1853 3686 1999 3759 quod
2039 3686 2137 3743 tibi
2160 3687 2231 3743 sit
2257 3701 2544 3742 nomen”.

509 3815 672 3874 Hisce
725 3819 907 3876 verbis
932 3823 1284 3892 conspicuam
1307 3823 1418 3892 jam
1459 3833 1572 3879 tum
1608 3823 1788 3879 reddit
1815 3821 2126 3877 Iudaeorum
2162 3821 2606 3877 incredulitatem
2639 3819 2836 3885 Meses,
2867 3835 3030 3890 quem
3061 3833 3164 3874 nos
3195 3817 3260 3872 ad
3283 3817 3688 3872 aemulationem

439 3913 829 3972 provocantes,
860 3924 1006 3964 nunc
1031 3919 1385 3978 venerantur,
1438 3911 1568 3966 licet
1606 3913 1785 3980 ipsum
1829 3909 2147 3986 recusarint
2193 3908 2527 3978 principem,
2572 3916 2628 3964 et
2674 3907 2952 3976 lapidibus
2977 3907 3215 3960 obruere
3249 3904 3547 3959 voluerint.
3581 3904 3688 3960 Sed

437 3991 545 4044 hoc
575 3991 633 4045 ﬁt
663 4003 974 4064 propterea,
1007 3995 1154 4068 quod
1178 3995 1383 4052 dictum
1404 4007 1490 4053 est
1522 4013 1535 4049 ε
1569 4015 1588 4049 i
1613 3997 1691 4052 Ad
1716 3995 2121 4051 amulationem
2143 3995 2388 4050 incitabo
2407 4010 2504 4050 vos
2539 3996 2594 4049 in
2619 4009 2682 4050 ea
2715 4003 2898 4066 gente,
2927 4009 3048 4064 quae
3077 4009 3190 4047 non
3209 4001 3294 4047 est
3321 4007 3484 4062 gens,
3519 4011 3538 4043 ι
3579 4003 3686 4047 etc.

439 4075 566 4132 Haec
609 4082 774 4134 verba
822 4091 882 4135 ut
936 4079 990 4136 in
1044 4083 1300 4140 eﬂ‘ectum
1337 4085 1736 4154 perducantur,
1772 4082 1977 4138 accidit
2027 4089 2089 4136 ut
2114 4081 2299 4137 Mosen
2327 4089 2386 4138 et‘
2412 4084 2892 4152 proph‘etas,quos
2918 4081 3218 4136 crudeliter
3248 4081 3366 4134 neci
3394 4079 3686 4144 dederunt,

443 4163 1032 4226 honoriﬁce-tractent.
1070 4171 1474 4226 Abstinuerunt
1499 4173 1688 4226 eadem
1727 4171 1795 4226 de
1825 4183 1994 4224 causa
2027 4169 2095 4224 ab
2127 4181 2393 4224 consueta
2431 4168 2772 4224 idololatria.
2803 4165 3009 4222 Horum
3037 4167 3406 4238 pervicaciam
3440 4167 3689 4222 animad-

438 4261 666 4308 vertens
687 4251 888 4321 Moses,
919 4269 1147 4313 excusat
1168 4259 1370 4330 linguae
1403 4259 1674 4314 defectum
1707 4258 1852 4328 apud
1894 4257 2088 4321 Deum,
2113 4255 2210 4324 qui
2242 4255 2482 4325 linguam
2533 4243 2824 4324 totumque
2875 4261 3161 4308 creaverat
3197 4253 3404 4307 Mosen.
3453 4253 3690 4308 Proinde

441 4349 656 4410 poterat
687 4351 740 4396 et
777 4343 972 4414 lingme
1007 4345 1286 4402 defectum
1325 4347 1627 4416 corrigere.
1659 4345 1800 4412 Quia
1839 4345 2010 4415 igitur
2057 4343 2222 4399 etiam
2276 4341 2455 4398 Moses
2501 4341 2752 4396 nonnihil
2783 4343 3054 4412 pendebat
3091 4341 3294 4407 animi,
3335 4340 3511 4418 noluit
3543 4339 3689 4395 Deus

444 4427 647 4495 lingua:
677 4431 798 4498 ejus
827 4433 1125 4488 emendare
1160 4434 1350 4488 vitium
1378 4450 1391 4486 :
1423 4433 1518 4488 sed
1551 4433 1763 4488 addidit
1790 4433 1840 4488 ei
1875 4432 2262 4502 interpretem,
2290 4451 2396 4489 non
2421 4435 2650 4490 honoris
2673 4437 2848 4506 gratia
2872 4477 2888 4503 ,
2920 4435 3014 4490 sed
3047 4445 3108 4490 ut
3129 4436 3392 4496 disceret.
3424 4433 3689 4487 obedien~

443 4517 572 4569 dum
603 4531 726 4572 esse
758 4516 892 4581 Deo,
923 4519 1130 4590 illaque
1162 4521 1478 4578 obedientia
1508 4523 1586 4576 nil
1622 4520 1933 4577 ducendum
1965 4521 2266 4592 antiquius.
2297 4522 2503 4589 Quaerit
2553 4538 2752 4576 nomen
2805 4522 2918 4580 Dei.
2953 4521 3154 4577 Verum
3201 4522 3324 4592 quis
3381 4521 3692 4574 nominavit

443 4601 656 4657 Deum?
681 4615 776 4658 aut
805 4605 932 4674 quis
965 4607 1115 4676 prior
1142 4608 1424 4664 exsistens
1455 4608 1594 4676 Deo,
1621 4610 1669 4663 ei
1704 4623 1905 4662 nomen
1937 4609 2242 4679 imposuit?
2271 4610 2442 4664 Recte
2471 4611 2691 4680 quidem
2723 4611 2896 4667 sentis
2929 4627 2943 4662 :
2971 4609 3066 4664 sed
3099 4610 3264 4663 rudes
3291 4617 3458 4674 sunt,
3488 4609 3692 4678 quibus

443 4691 612 4745 dictio
642 4691 892 4760 quaedam
927 4693 1050 4749 loco
1078 4695 1325 4751 nominis
1349 4697 1694 4767 proponitur.
1729 4693 1864 4750 Esto
1904 4697 2050 4751 enim
2077 4697 2191 4752 sive
2222 4695 2331 4750 Ens
2361 4711 2470 4750 non
2506 4711 2704 4752 nomen
2743 4705 2846 4762 est,
2877 4696 2971 4750 sed
3017 4711 3130 4750 rem
3160 4694 3460 4764 significat,
3504 4701 3694 4764 utpote

443 4793 592 4841 eum,
621 4781 716 4848 qui
747 4795 844 4849 per
874 4794 936 4835 se
967 4781 1210 4851 exsistit,
1243 4798 1346 4838 nec
1375 4784 1442 4838 ab
1465 4785 1574 4839 alio
1601 4783 1904 4838 essentiam
1953 4784 2184 4852 accepit,
2245 4784 2339 4838 sed
2367 4783 2510 4838 hanc
2531 4783 2790 4838 omnibus
2837 4782 3230 4852 suppeditavit.
3285 4781 3496 4851 Ecquid
3539 4782 3694 4837 vides

443 4865 698 4933 angelum
733 4879 881 4932 esse,
917 4868 1012 4938 qui
1049 4871 1323 4940 apparuit,
1357 4880 1410 4926 et
1435 4869 1604 4926 Deum
1639 4885 1762 4926 esse
1791 4869 1887 4939 qui
1914 4869 2157 4938 loquitur
2187 4885 2200 4921 :
2232 4878 2286 4924 et
2323 4871 2469 4940 quod
2515 4869 2728 4926 Jacobo
2766 4885 2875 4922 non
2927 4870 3211 4934 indicavit,
3273 4869 3510 4924 id‘nunc
3558 4867 3694 4923 Mosi

443 4954 679 5020 aperuit.
713 4953 850 5008 Nam
884 4956 1146 5025 paulatim
1179 4957 1610 5031 succedentibus
1643 4957 2100 5028 generationibus
2132 4959 2489 5027 semetipsum
2527 4959 2900 5013 manifestavit
2937 4957 3222 5013 Dominus.
3261 4959 3351 5013 Sic
3397 4959 3486 5014 ubi
3545 4959 3695 5013 venit.

445 5039 730 5106 plenitudo
755 5043 1020 5112 temporis
1048 5084 1063 5109 ,
1093 5045 1422 5115 signiﬁcavit
1450 5061 1510 5102 se
1533 5061 1654 5101 esse
1691 5043 2035 5111 FiliumlDei.
2067 5043 2372 5106 Christum,
2411 5045 2580 5100 Deum
2614 5045 2958 5100 Sermonem.
3001 5045 3156 5110 Quod
3195 5047 3482 5115 pollicetur
3535 5062 3693 5101 suam

445 5128 816 5194 praesentiam,
850 5129 1084 5185 dicens:
1125 5149 1144 5183 ‹
1179 5132 1288 5188 Ero
1324 5142 1531 5199 tecum,
1571 5151 1589 5185 ι
1619 5141 1726 5186 etc.
1757 5170 1772 5195 ,
1809 5133 2102 5186 conlirinat
2151 5147 2251 5202 per
2284 5140 2460 5186 totum
2505 5131 2866 5199 legislationis
2912 5141 3152 5202 tempus.
3195 5133 3426 5203 Semper
3467 5134 3614 5187 enim
3639 5141 3694 5188 et

447 5212 651 5283 ubique
685 5215 734 5269 ei
757 5225 958 5284 praesto
989 5219 1092 5272 fuit
1117 5219 1210 5275 Dei
1236 5219 1398 5290 225
1423 5219 1599 5276 Filius
1627 5227 1821 5276 exacto
1849 5219 2087 5291 quodam
2119 5219 2428 5288 praesentiae
2467 5226 2617 5289 typo.
2647 5217 2762 5274 Hoc
2789 5220 2932 5274 idem
2981 5229 3214 5274 testatur
3244 5219 3462 5274 Moses:
3511 5237 3530 5272 ε
3559 5219 3694 5274 Pro—

447 5300 665 5370 phetam
703 5304 862 5359 vobis
895 5306 1188 5361 suscitabit
1215 5306 1480 5364 Dominus
1503 5307 1646 5364 Deus
1673 5317 1860 5364 vester
1879 5323 1944 5363 ex
1979 5307 2245 5361 fratribus
2275 5303 2498 5370 vestris,
2529 5306 2690 5360 sicuti
2725 5321 2811 5361 me
2837 5307 2904 5360 ⁶¹.
2937 5325 2956 5358 ι
2985 5306 3175 5377 Itaque
3201 5323 3266 5360 ne
3295 5309 3420 5374 quis
3437 5307 3685 5370 miretur,

445 5389 492 5442 si
525 5387 704 5446 Moses
727 5393 904 5446 tenuit
925 5395 1339 5463 appellationem
1368 5393 1487 5450 Dei.
1515 5395 1700 5450 Dixit:
1737 5395 2034 5451 Exsistens.
2065 5391 2174 5448 Sed
2207 5392 2336 5462 quia
2369 5391 2540 5460 hujus
2591 5393 2976 5462 appellationis
3027 5394 3134 5448 vim
3183 5395 3492 5463 intelligere
3543 5394 3686 5447 haud

447 5476 706 5545 quibam,
743 5479 989 5549 adjecit:
1033 5499 1050 5532 ι
1088 5479 1230 5538 Deus
1277 5483 1553 5537 Abraham
1580 5522 1594 5548 ,
1639 5501 1658 5535 ι
1704 5491 1848 5548 ειε.,
1878 5489 1936 5536 ut
1984 5497 2050 5537 ex
2101 5481 2220 5537 suis
2265 5479 2576 5535 cultoribus
2625 5491 3043 5551 cognoscerent,
3081 5499 3242 5552 quem
3281 5499 3374 5554 per
3405 5497 3464 5536 se
3501 5483 3552 5535 in
3589 5497 3688 5536 sua

453 5655 570 5744 η
603 5653 814 5744 Earnch
872 5657 1072 5744 ἔρ,
1163 5655 1774 5744 ηιξὶΡεειΑιιιηέ-δ,
1891 5661 1934 5694 Ia
1959 5658 2036 5736 ιω

2105 5699 2116 5714 .
2153 5675 2204 5728 v,
2242 5659 2460 5724 57,58.
2560 5659 2606 5694 ”
2641 5659 2746 5717 lsa.
2785 5676 2906 5726 ειν,
2943 5659 2992 5726 -l,
3021 5659 3076 5713 2.
3191 5659 3236 5690 ⁶⁰
3267 5656 3468 5714 Jcrcm.
3498 5671 3558 5721 ιι,
3593 5653 3683 5710 Ἦ.

531 5723 572 5777 ll
604 5723 712 5782 Cor
761 5739 840 5795 tit,
869 5729 956 5796 l5,
996 5728 1082 5784 l8.
1163 5729 1206 5762 "
1239 5726 1396 5784 Deut.
1431 5723 1708 5796 κνημίὸ.
