  <div class='ocr_page' id='page_1' title='image "/cluster/home/n/w/nwhite01/storage/ocr_20150623/87:1/hvd.32044073502353/272.png"; bbox 0 0 2005 3106; ppageno 0'>
   <div class='ocr_carea' id='block_1_1' title="bbox 1486 70 1501 89">
    <p class='ocr_par' dir='ltr' id='par_1_1' title="bbox 1486 70 1501 89">
     <span class='ocr_line' id='line_1_1' title="bbox 1486 70 1501 89; baseline 0 0"><span class='ocrx_word' id='word_1_1' title='bbox 1486 70 1501 89; x_wconf 82' lang='grc' dir='ltr'><em>Ι</em></span> 
     </span>
    </p>
   </div>
   <div class='ocr_carea' id='block_1_2' title="bbox 157 128 1788 184">
    <p class='ocr_par' dir='ltr' id='par_1_2' title="bbox 157 128 1788 184">
     <span class='ocr_line' id='line_1_2' title="bbox 157 128 1788 184; baseline -0.001 0"><span class='ocrx_word' id='word_1_2' title='bbox 157 151 212 184; x_wconf 84' lang='lat'><strong>533</strong></span> <span class='ocrx_word' id='word_1_3' title='bbox 707 152 977 184; x_wconf 79' lang='lat' dir='ltr'><strong>COMMENTARII</strong></span> <span class='ocrx_word' id='word_1_4' title='bbox 998 152 1039 182; x_wconf 82' lang='lat' dir='ltr'>IN</span> <span class='ocrx_word' id='word_1_5' title='bbox 1058 151 1235 182; x_wconf 76' lang='lat' dir='ltr'><strong>uxoouu.</strong></span> <span class='ocrx_word' id='word_1_6' title='bbox 1501 128 1504 134; x_wconf 32' lang='grc' dir='ltr'><strong>λ</strong></span> <span class='ocrx_word' id='word_1_7' title='bbox 1735 149 1788 183; x_wconf 72' lang='grc'><strong>534</strong></span> 
     </span>
    </p>
   </div>
   <div class='ocr_carea' id='block_1_3' title="bbox 151 204 1791 244">
    <p class='ocr_par' dir='ltr' id='par_1_3' title="bbox 151 204 1791 244">
     <span class='ocr_line' id='line_1_3' title="bbox 151 204 1791 244; baseline -0.001 -9"><span class='ocrx_word' id='word_1_8' title='bbox 151 210 214 244; x_wconf 82' lang='lat' dir='ltr'><strong>jam</strong></span> <span class='ocrx_word' id='word_1_9' title='bbox 232 210 298 237; x_wconf 88' lang='lat' dir='ltr'><strong>olim</strong></span> <span class='ocrx_word' id='word_1_10' title='bbox 317 209 391 244; x_wconf 90' lang='lat' dir='ltr'><strong>lepra</strong></span> <span class='ocrx_word' id='word_1_11' title='bbox 410 208 621 240; x_wconf 73' lang='lat' dir='ltr'><strong>infestabamur,</strong></span> <span class='ocrx_word' id='word_1_12' title='bbox 636 212 744 242; x_wconf 91' lang='lat' dir='ltr'><strong>etopus</strong></span> <span class='ocrx_word' id='word_1_13' title='bbox 762 208 931 235; x_wconf 90' lang='lat' dir='ltr'><strong>habebanms</strong></span> <span class='ocrx_word' id='word_1_14' title='bbox 945 207 1003 235; x_wconf 85' lang='lat' dir='ltr'><strong>solo</strong></span> <span class='ocrx_word' id='word_1_15' title='bbox 1023 206 1086 238; x_wconf 70' lang='lat' dir='ltr'><strong>Deo,</strong></span> <span class='ocrx_word' id='word_1_16' title='bbox 1104 207 1151 241; x_wconf 92' lang='lat' dir='ltr'><strong>qui</strong></span> <span class='ocrx_word' id='word_1_17' title='bbox 1166 206 1247 234; x_wconf 82' lang='lat' dir='ltr'><strong>nobis</strong></span> <span class='ocrx_word' id='word_1_18' title='bbox 1266 204 1417 233; x_wconf 81' lang='lat' dir='ltr'><strong>remedium</strong></span> <span class='ocrx_word' id='word_1_19' title='bbox 1429 205 1582 236; x_wconf 77' lang='lat' dir='ltr'><strong>adhiberet,</strong></span> <span class='ocrx_word' id='word_1_20' title='bbox 1601 205 1644 232; x_wconf 88' lang='lat' dir='ltr'><strong>eui</strong></span> <span class='ocrx_word' id='word_1_21' title='bbox 1661 206 1713 233; x_wconf 87' lang='lat' dir='ltr'><strong>soli</strong></span> <span class='ocrx_word' id='word_1_22' title='bbox 1728 214 1791 242; x_wconf 90' lang='lat' dir='ltr'><strong>pos-</strong></span> 
     </span>
    </p>
   </div>
   <div class='ocr_carea' id='block_1_4' title="bbox 153 248 1791 285">
    <p class='ocr_par' dir='ltr' id='par_1_4' title="bbox 153 248 1791 285">
     <span class='ocr_line' id='line_1_4' title="bbox 153 248 1791 285; baseline -0.001 -6"><span class='ocrx_word' id='word_1_23' title='bbox 153 251 263 282; x_wconf 82' lang='lat' dir='ltr'><strong>sibilia,</strong></span> <span class='ocrx_word' id='word_1_24' title='bbox 280 258 341 285; x_wconf 70' lang='lat' dir='ltr'><strong>qua:</strong></span> <span class='ocrx_word' id='word_1_25' title='bbox 357 249 461 277; x_wconf 79' lang='lat' dir='ltr'><strong>homini</strong></span> <span class='ocrx_word' id='word_1_26' title='bbox 474 255 539 277; x_wconf 87' lang='lat' dir='ltr'><strong>sunt</strong></span> <span class='ocrx_word' id='word_1_27' title='bbox 551 249 746 284; x_wconf 84' lang='lat' dir='ltr'><strong>impossibilia.</strong></span> <span class='ocrx_word' id='word_1_28' title='bbox 770 248 858 276; x_wconf 86' lang='lat' dir='ltr'><strong>Simul</strong></span> <span class='ocrx_word' id='word_1_29' title='bbox 876 256 985 284; x_wconf 85' lang='lat' dir='ltr'><strong>quoque</strong></span> <span class='ocrx_word' id='word_1_30' title='bbox 1002 249 1203 278; x_wconf 90' lang='lat' dir='ltr'><strong>demonstravit</strong></span> <span class='ocrx_word' id='word_1_31' title='bbox 1220 249 1366 281; x_wconf 78' lang='lat' dir='ltr'><strong>lsraelitis,</strong></span> <span class='ocrx_word' id='word_1_32' title='bbox 1384 249 1430 283; x_wconf 88' lang='lat' dir='ltr'><strong>qui</strong></span> <span class='ocrx_word' id='word_1_33' title='bbox 1451 248 1602 276; x_wconf 84' lang='lat' dir='ltr'><strong>credebant</strong></span> <span class='ocrx_word' id='word_1_34' title='bbox 1621 249 1791 283; x_wconf 80' lang='lat' dir='ltr'><strong>impossibile</strong></span> 
     </span>
    </p>
   </div>
   <div class='ocr_carea' id='block_1_5' title="bbox 153 292 1824 328">
    <p class='ocr_par' dir='ltr' id='par_1_5' title="bbox 153 292 1824 328">
     <span class='ocr_line' id='line_1_5' title="bbox 153 292 1824 328; baseline -0.001 -6"><span class='ocrx_word' id='word_1_35' title='bbox 153 302 222 322; x_wconf 79' lang='lat' dir='ltr'><strong>esse</strong></span> <span class='ocrx_word' id='word_1_36' title='bbox 243 299 272 321; x_wconf 91' lang='lat' dir='ltr'><strong>ut</strong></span> <span class='ocrx_word' id='word_1_37' title='bbox 289 294 462 328; x_wconf 90' lang='lat' dir='ltr'><strong>eriperentur</strong></span> <span class='ocrx_word' id='word_1_38' title='bbox 474 294 604 328; x_wconf 70' lang='lat' dir='ltr'><strong>praesenti</strong></span> <span class='ocrx_word' id='word_1_39' title='bbox 619 294 756 324; x_wconf 88' lang='lat' dir='ltr'><strong>servituti,</strong></span> <span class='ocrx_word' id='word_1_40' title='bbox 774 292 832 320; x_wconf 90' lang='lat' dir='ltr'><strong>fore</strong></span> <span class='ocrx_word' id='word_1_41' title='bbox 866 298 893 319; x_wconf 93' lang='lat' dir='ltr'><strong>ut</strong></span> <span class='ocrx_word' id='word_1_42' title='bbox 920 294 1022 320; x_wconf 79' lang='lat' dir='ltr'><strong>auxilio</strong></span> <span class='ocrx_word' id='word_1_43' title='bbox 1047 294 1094 321; x_wconf 81' lang='lat' dir='ltr'><strong>Dei</strong></span> <span class='ocrx_word' id='word_1_44' title='bbox 1123 293 1227 328; x_wconf 81' lang='lat' dir='ltr'><strong>adjutis</strong></span> <span class='ocrx_word' id='word_1_45' title='bbox 1247 293 1416 320; x_wconf 82' lang='lat' dir='ltr'><strong>adimeretur</strong></span> <span class='ocrx_word' id='word_1_46' title='bbox 1433 299 1553 327; x_wconf 59' lang='lat' dir='ltr'><strong>praesens</strong></span> <span class='ocrx_word' id='word_1_47' title='bbox 1579 292 1700 319; x_wconf 83' lang='lat' dir='ltr'><strong>miseria.</strong></span> <span class='ocrx_word' id='word_1_48' title='bbox 1723 293 1791 321; x_wconf 89' lang='lat' dir='ltr'><strong>Nam</strong></span> <span class='ocrx_word' id='word_1_49' title='bbox 1817 314 1824 322; x_wconf 97' lang='lat'><strong>.</strong></span> 
     </span>
    </p>
   </div>
   <div class='ocr_carea' id='block_1_6' title="bbox 153 335 1792 374">
    <p class='ocr_par' dir='ltr' id='par_1_6' title="bbox 153 335 1792 374">
     <span class='ocr_line' id='line_1_6' title="bbox 153 335 1792 374; baseline -0.001 -10"><span class='ocrx_word' id='word_1_50' title='bbox 153 339 237 374; x_wconf 85' lang='lat' dir='ltr'><strong>quasi</strong></span> <span class='ocrx_word' id='word_1_51' title='bbox 250 339 326 373; x_wconf 90' lang='lat' dir='ltr'><strong>lepra</strong></span> <span class='ocrx_word' id='word_1_52' title='bbox 338 337 532 373; x_wconf 68' lang='lat' dir='ltr'><strong>Egyptiorum</strong></span> <span class='ocrx_word' id='word_1_53' title='bbox 563 337 681 365; x_wconf 89' lang='lat' dir='ltr'><strong>nefariis</strong></span> <span class='ocrx_word' id='word_1_54' title='bbox 702 337 825 364; x_wconf 87' lang='lat' dir='ltr'><strong>moribus</strong></span> <span class='ocrx_word' id='word_1_55' title='bbox 851 337 1020 371; x_wconf 78' lang='lat' dir='ltr'><strong>inquinatas,</strong></span> <span class='ocrx_word' id='word_1_56' title='bbox 1038 342 1065 364; x_wconf 90' lang='lat' dir='ltr'><strong>et</strong></span> <span class='ocrx_word' id='word_1_57' title='bbox 1082 345 1097 364; x_wconf 90' lang='lat' dir='ltr'><strong>a</strong></span> <span class='ocrx_word' id='word_1_58' title='bbox 1122 343 1231 372; x_wconf 90' lang='lat' dir='ltr'><strong>patrum</strong></span> <span class='ocrx_word' id='word_1_59' title='bbox 1256 337 1316 365; x_wconf 86' lang='lat' dir='ltr'><strong>sive</strong></span> <span class='ocrx_word' id='word_1_60' title='bbox 1347 336 1481 371; x_wconf 85' lang='lat' dir='ltr'><strong>majorum</strong></span> <span class='ocrx_word' id='word_1_61' title='bbox 1508 336 1608 371; x_wconf 83' lang='lat' dir='ltr'><strong>pietate</strong></span> <span class='ocrx_word' id='word_1_62' title='bbox 1640 335 1792 370; x_wconf 79' lang='lat' dir='ltr'><strong>digressos,</strong></span> 
     </span>
    </p>
   </div>
   <div class='ocr_carea' id='block_1_7' title="bbox 155 379 1792 416">
    <p class='ocr_par' dir='ltr' id='par_1_7' title="bbox 155 379 1792 416">
     <span class='ocr_line' id='line_1_7' title="bbox 155 379 1792 416; baseline -0.002 -7"><span class='ocrx_word' id='word_1_63' title='bbox 155 387 341 416; x_wconf 83' lang='lat' dir='ltr'><strong>mortuosque</strong></span> <span class='ocrx_word' id='word_1_64' title='bbox 360 381 396 408; x_wconf 95' lang='lat' dir='ltr'><strong>ob</strong></span> <span class='ocrx_word' id='word_1_65' title='bbox 413 388 512 407; x_wconf 87' lang='lat' dir='ltr'><strong>vanam</strong></span> <span class='ocrx_word' id='word_1_66' title='bbox 536 380 699 415; x_wconf 74' lang='lat' dir='ltr'><strong>religionem</strong></span> <span class='ocrx_word' id='word_1_67' title='bbox 719 379 859 415; x_wconf 88' lang='lat' dir='ltr'><strong>impiaque</strong></span> <span class='ocrx_word' id='word_1_68' title='bbox 880 379 1004 407; x_wconf 80' lang='lat' dir='ltr'><strong>facinora</strong></span> <span class='ocrx_word' id='word_1_69' title='bbox 1037 380 1147 415; x_wconf 90' lang='lat' dir='ltr'><strong>(mortis</strong></span> <span class='ocrx_word' id='word_1_70' title='bbox 1167 381 1241 408; x_wconf 90' lang='lat' dir='ltr'><strong>enim</strong></span> <span class='ocrx_word' id='word_1_71' title='bbox 1260 381 1368 415; x_wconf 76' lang='lat' dir='ltr'><strong>signum</strong></span> <span class='ocrx_word' id='word_1_72' title='bbox 1390 384 1433 407; x_wconf 87' lang='lat' dir='ltr'><strong>est</strong></span> <span class='ocrx_word' id='word_1_73' title='bbox 1452 380 1550 415; x_wconf 76' lang='lat' dir='ltr'><strong>lepra),</strong></span> <span class='ocrx_word' id='word_1_74' title='bbox 1573 385 1745 407; x_wconf 85' lang='lat' dir='ltr'><strong>recurrentes</strong></span> <span class='ocrx_word' id='word_1_75' title='bbox 1760 381 1792 407; x_wconf 86' lang='lat' dir='ltr'><strong>ad</strong></span> 
     </span>
    </p>
   </div>
   <div class='ocr_carea' id='block_1_8' title="bbox 155 423 1792 460">
    <p class='ocr_par' dir='ltr' id='par_1_8' title="bbox 155 423 1792 460">
     <span class='ocr_line' id='line_1_8' title="bbox 155 423 1792 460; baseline -0.001 -8"><span class='ocrx_word' id='word_1_76' title='bbox 155 425 246 453; x_wconf 85' lang='lat' dir='ltr'><strong>Deum</strong></span> <span class='ocrx_word' id='word_1_77' title='bbox 263 426 298 452; x_wconf 85' lang='lat' dir='ltr'><strong>ab</strong></span> <span class='ocrx_word' id='word_1_78' title='bbox 315 424 444 452; x_wconf 90' lang='lat' dir='ltr'><strong>omnibus</strong></span> <span class='ocrx_word' id='word_1_79' title='bbox 461 423 541 451; x_wconf 84' lang='lat' dir='ltr'><strong>malis</strong></span> <span class='ocrx_word' id='word_1_80' title='bbox 557 432 618 451; x_wconf 88' lang='lat' dir='ltr'><strong>esse</strong></span> <span class='ocrx_word' id='word_1_81' title='bbox 631 423 800 451; x_wconf 90' lang='lat' dir='ltr'><strong>liberandos.</strong></span> <span class='ocrx_word' id='word_1_82' title='bbox 816 423 868 450; x_wconf 89' lang='lat' dir='ltr'><strong>Sed</strong></span> <span class='ocrx_word' id='word_1_83' title='bbox 882 423 1027 453; x_wconf 77' lang='lat' dir='ltr'><strong>redeamus</strong></span> <span class='ocrx_word' id='word_1_84' title='bbox 1039 425 1072 452; x_wconf 95' lang='lat' dir='ltr'><strong>ad</strong></span> <span class='ocrx_word' id='word_1_85' title='bbox 1088 425 1290 460; x_wconf 86' lang='lat' dir='ltr'><strong>expositionem</strong></span> <span class='ocrx_word' id='word_1_86' title='bbox 1307 425 1397 452; x_wconf 89' lang='lat' dir='ltr'><strong>baculi</strong></span> <span class='ocrx_word' id='word_1_87' title='bbox 1410 425 1468 453; x_wconf 87' lang='lat' dir='ltr'><strong>sive</strong></span> <span class='ocrx_word' id='word_1_88' title='bbox 1480 425 1575 458; x_wconf 69' lang='grc' dir='ltr'><strong>γίνεαι,</strong></span> <span class='ocrx_word' id='word_1_89' title='bbox 1591 424 1663 451; x_wconf 89' lang='lat' dir='ltr'><strong>unde</strong></span> <span class='ocrx_word' id='word_1_90' title='bbox 1678 424 1792 459; x_wconf 79' lang='lat' dir='ltr'><strong>digressi</strong></span> 
     </span>
    </p>
   </div>
   <div class='ocr_carea' id='block_1_9' title="bbox 157 467 1797 502">
    <p class='ocr_par' dir='ltr' id='par_1_9' title="bbox 157 467 1797 502">
     <span class='ocr_line' id='line_1_9' title="bbox 157 467 1797 502; baseline -0.001 -6"><span class='ocrx_word' id='word_1_91' title='bbox 157 477 270 500; x_wconf 87' lang='lat' dir='ltr'><strong>sumus,</strong></span> <span class='ocrx_word' id='word_1_92' title='bbox 288 475 315 496; x_wconf 91' lang='lat' dir='ltr'><strong>et</strong></span> <span class='ocrx_word' id='word_1_93' title='bbox 329 468 454 496; x_wconf 73' lang='lat' dir='ltr'><strong>exactius</strong></span> <span class='ocrx_word' id='word_1_94' title='bbox 469 467 561 494; x_wconf 89' lang='lat' dir='ltr'><strong>omnia</strong></span> <span class='ocrx_word' id='word_1_95' title='bbox 575 467 765 502; x_wconf 76' lang='lat' dir='ltr'><strong>explanemus.</strong></span> <span class='ocrx_word' id='word_1_96' title='bbox 781 467 858 500; x_wconf 88' lang='lat' dir='ltr'><strong>Quod</strong></span> <span class='ocrx_word' id='word_1_97' title='bbox 873 474 927 494; x_wconf 87' lang='lat' dir='ltr'><strong>non</strong></span> <span class='ocrx_word' id='word_1_98' title='bbox 945 468 981 495; x_wconf 90' lang='lat' dir='ltr'><strong>sit</strong></span> <span class='ocrx_word' id='word_1_99' title='bbox 993 469 1034 495; x_wconf 91' lang='lat' dir='ltr'><strong>vel</strong></span> <span class='ocrx_word' id='word_1_100' title='bbox 1051 469 1185 495; x_wconf 88' lang='lat' dir='ltr'><strong>absonum</strong></span> <span class='ocrx_word' id='word_1_101' title='bbox 1209 468 1250 496; x_wconf 85' lang='lat' dir='ltr'><strong>vel</strong></span> <span class='ocrx_word' id='word_1_102' title='bbox 1268 468 1418 495; x_wconf 86' lang='lat' dir='ltr'><strong>absurdum</strong></span> <span class='ocrx_word' id='word_1_103' title='bbox 1443 468 1546 500; x_wconf 85' lang='lat' dir='ltr'><strong>dicere,</strong></span> <span class='ocrx_word' id='word_1_104' title='bbox 1570 475 1619 502; x_wconf 68' lang='lat' dir='ltr'><strong>per</strong></span> <span class='ocrx_word' id='word_1_105' title='bbox 1638 471 1797 502; x_wconf 78' lang='lat' dir='ltr'><strong>Serpentem</strong></span> 
     </span>
    </p>
   </div>
   <div class='ocr_carea' id='block_1_10' title="bbox 159 510 1795 548">
    <p class='ocr_par' dir='ltr' id='par_1_10' title="bbox 159 510 1795 548">
     <span class='ocr_line' id='line_1_10' title="bbox 159 510 1795 548; baseline -0.002 -8"><span class='ocrx_word' id='word_1_106' title='bbox 159 512 310 548; x_wconf 74' lang='lat' dir='ltr'><strong>signiﬁcari</strong></span> <span class='ocrx_word' id='word_1_107' title='bbox 330 511 473 539; x_wconf 90' lang='lat' dir='ltr'><strong>Sermonis</strong></span> <span class='ocrx_word' id='word_1_108' title='bbox 490 511 724 543; x_wconf 85' lang='lat' dir='ltr'><strong>incarnationem,</strong></span> <span class='ocrx_word' id='word_1_109' title='bbox 737 511 831 538; x_wconf 91' lang='lat' dir='ltr'><strong>docuit</strong></span> <span class='ocrx_word' id='word_1_110' title='bbox 844 510 972 538; x_wconf 78' lang='lat' dir='ltr'><strong>Christus</strong></span> <span class='ocrx_word' id='word_1_111' title='bbox 988 512 1058 547; x_wconf 81' lang='lat' dir='ltr'><strong>ipse,</strong></span> <span class='ocrx_word' id='word_1_112' title='bbox 1075 512 1172 540; x_wconf 87' lang='lat' dir='ltr'><strong>dicens</strong></span> <span class='ocrx_word' id='word_1_113' title='bbox 1190 520 1196 538; x_wconf 92' lang='lat'>:</span> <span class='ocrx_word' id='word_1_114' title='bbox 1215 521 1225 537; x_wconf 72' lang='grc' dir='ltr'><strong><em>ο</em></strong></span> <span class='ocrx_word' id='word_1_115' title='bbox 1242 511 1479 545; x_wconf 88' lang='lat' dir='ltr'><strong>Quemadmodum</strong></span> <span class='ocrx_word' id='word_1_116' title='bbox 1500 511 1572 538; x_wconf 88' lang='lat' dir='ltr'><strong>enim</strong></span> <span class='ocrx_word' id='word_1_117' title='bbox 1589 510 1678 537; x_wconf 90' lang='lat' dir='ltr'><strong>Moses</strong></span> <span class='ocrx_word' id='word_1_118' title='bbox 1691 511 1795 538; x_wconf 87' lang='lat' dir='ltr'><strong>exalta-</strong></span> 
     </span>
    </p>
   </div>
   <div class='ocr_carea' id='block_1_11' title="bbox 160 554 1793 592">
    <p class='ocr_par' dir='ltr' id='par_1_11' title="bbox 160 554 1793 592">
     <span class='ocr_line' id='line_1_11' title="bbox 160 554 1793 592; baseline -0.002 -9"><span class='ocrx_word' id='word_1_119' title='bbox 160 558 200 585; x_wconf 79' lang='lat' dir='ltr'><strong>vit</strong></span> <span class='ocrx_word' id='word_1_120' title='bbox 216 559 372 592; x_wconf 80' lang='lat' dir='ltr'><strong>serpentem</strong></span> <span class='ocrx_word' id='word_1_121' title='bbox 390 556 419 583; x_wconf 90' lang='lat' dir='ltr'><strong>in</strong></span> <span class='ocrx_word' id='word_1_122' title='bbox 436 559 513 582; x_wconf 88' lang='lat' dir='ltr'><strong>vasta</strong></span> <span class='ocrx_word' id='word_1_123' title='bbox 532 554 684 583; x_wconf 86' lang='lat' dir='ltr'><strong>solitudine</strong></span> <span class='ocrx_word' id='word_1_124' title='bbox 702 563 708 581; x_wconf 95' lang='lat'>:</span> <span class='ocrx_word' id='word_1_125' title='bbox 727 554 767 582; x_wconf 91' lang='lat' dir='ltr'><strong>sic</strong></span> <span class='ocrx_word' id='word_1_126' title='bbox 781 554 897 582; x_wconf 75' lang='lat' dir='ltr'><strong>exaltari</strong></span> <span class='ocrx_word' id='word_1_127' title='bbox 921 559 1028 589; x_wconf 88' lang='lat' dir='ltr'><strong>oportet</strong></span> <span class='ocrx_word' id='word_1_128' title='bbox 1046 554 1146 582; x_wconf 84' lang='lat' dir='ltr'><strong>Filium</strong></span> <span class='ocrx_word' id='word_1_129' title='bbox 1166 555 1287 582; x_wconf 87' lang='lat' dir='ltr'><strong>hominis</strong></span> <span class='ocrx_word' id='word_1_130' title='bbox 1304 555 1336 582; x_wconf 81' lang='lat'><strong>°’.</strong></span> <span class='ocrx_word' id='word_1_131' title='bbox 1358 565 1367 580; x_wconf 75' lang='grc' dir='ltr'><strong>ι</strong></span> <span class='ocrx_word' id='word_1_132' title='bbox 1388 554 1416 582; x_wconf 89' lang='lat' dir='ltr'><strong>Si</strong></span> <span class='ocrx_word' id='word_1_133' title='bbox 1441 555 1515 582; x_wconf 89' lang='lat' dir='ltr'><strong>enim</strong></span> <span class='ocrx_word' id='word_1_134' title='bbox 1543 554 1647 589; x_wconf 85' lang='lat' dir='ltr'><strong>peccati</strong></span> <span class='ocrx_word' id='word_1_135' title='bbox 1674 557 1751 587; x_wconf 86' lang='lat' dir='ltr'><strong>pater</strong></span> <span class='ocrx_word' id='word_1_136' title='bbox 1767 554 1793 580; x_wconf 91' lang='lat' dir='ltr'><strong>in</strong></span> 
     </span>
    </p>
   </div>
   <div class='ocr_carea' id='block_1_12' title="bbox 161 598 1794 636">
    <p class='ocr_par' dir='ltr' id='par_1_12' title="bbox 161 598 1794 636">
     <span class='ocr_line' id='line_1_12' title="bbox 161 598 1794 636; baseline -0.002 -8"><span class='ocrx_word' id='word_1_137' title='bbox 161 601 306 636; x_wconf 85' lang='lat' dir='ltr'><strong>Scriptura</strong></span> <span class='ocrx_word' id='word_1_138' title='bbox 323 607 438 634; x_wconf 86' lang='lat' dir='ltr'><strong>serpens</strong></span> <span class='ocrx_word' id='word_1_139' title='bbox 451 604 478 626; x_wconf 89' lang='lat' dir='ltr'><strong>et</strong></span> <span class='ocrx_word' id='word_1_140' title='bbox 489 602 532 626; x_wconf 88' lang='lat' dir='ltr'><strong>est</strong></span> <span class='ocrx_word' id='word_1_141' title='bbox 544 602 571 626; x_wconf 93' lang='lat' dir='ltr'><strong>et</strong></span> <span class='ocrx_word' id='word_1_142' title='bbox 587 599 758 631; x_wconf 78' lang='lat' dir='ltr'><strong>nominatur,</strong></span> <span class='ocrx_word' id='word_1_143' title='bbox 781 603 808 626; x_wconf 87' lang='lat' dir='ltr'><strong>et</strong></span> <span class='ocrx_word' id='word_1_144' title='bbox 830 598 965 633; x_wconf 90' lang='lat' dir='ltr'><strong>quidquid</strong></span> <span class='ocrx_word' id='word_1_145' title='bbox 987 606 1020 626; x_wconf 89' lang='lat' dir='ltr'><strong>ex</strong></span> <span class='ocrx_word' id='word_1_146' title='bbox 1044 602 1172 634; x_wconf 86' lang='lat' dir='ltr'><strong>serpente</strong></span> <span class='ocrx_word' id='word_1_147' title='bbox 1193 599 1368 633; x_wconf 87' lang='lat' dir='ltr'><strong>pronascitur</strong></span> <span class='ocrx_word' id='word_1_148' title='bbox 1390 599 1502 628; x_wconf 85' lang='lat' dir='ltr'><strong>omnino</strong></span> <span class='ocrx_word' id='word_1_149' title='bbox 1523 605 1638 632; x_wconf 77' lang='lat' dir='ltr'><strong>serpens</strong></span> <span class='ocrx_word' id='word_1_150' title='bbox 1657 601 1699 624; x_wconf 88' lang='lat' dir='ltr'><strong>est</strong></span> <span class='ocrx_word' id='word_1_151' title='bbox 1715 604 1721 622; x_wconf 89' lang='lat'><strong>:</strong></span> <span class='ocrx_word' id='word_1_152' title='bbox 1740 604 1794 624; x_wconf 90' lang='lat' dir='ltr'><strong>non</strong></span> 
     </span>
    </p>
   </div>
   <div class='ocr_carea' id='block_1_13' title="bbox 163 642 1796 682">
    <p class='ocr_par' dir='ltr' id='par_1_13' title="bbox 163 642 1796 682">
     <span class='ocr_line' id='line_1_13' title="bbox 163 642 1796 682; baseline -0.003 -9"><span class='ocrx_word' id='word_1_153' title='bbox 163 647 246 682; x_wconf 69' lang='lat' dir='ltr'><strong>igitur</strong></span> <span class='ocrx_word' id='word_1_154' title='bbox 264 646 364 673; x_wconf 88' lang='lat' dir='ltr'><strong>merito</strong></span> <span class='ocrx_word' id='word_1_155' title='bbox 378 644 484 671; x_wconf 88' lang='lat' dir='ltr'><strong>dicetur</strong></span> <span class='ocrx_word' id='word_1_156' title='bbox 504 644 628 670; x_wconf 89' lang='lat' dir='ltr'><strong>eamdem</strong></span> <span class='ocrx_word' id='word_1_157' title='bbox 652 651 714 671; x_wconf 89' lang='lat' dir='ltr'><strong>cum</strong></span> <span class='ocrx_word' id='word_1_158' title='bbox 732 647 808 677; x_wconf 87' lang='lat' dir='ltr'><strong>patre</strong></span> <span class='ocrx_word' id='word_1_159' title='bbox 833 647 975 677; x_wconf 87' lang='lat' dir='ltr'><strong>peceatutn</strong></span> <span class='ocrx_word' id='word_1_160' title='bbox 1002 644 1103 671; x_wconf 85' lang='lat' dir='ltr'><strong>habere</strong></span> <span class='ocrx_word' id='word_1_161' title='bbox 1129 643 1361 678; x_wconf 86' lang='lat' dir='ltr'><strong>appellationem?</strong></span> <span class='ocrx_word' id='word_1_162' title='bbox 1383 643 1434 671; x_wconf 82' lang='lat' dir='ltr'><strong>Sed</strong></span> <span class='ocrx_word' id='word_1_163' title='bbox 1456 648 1568 677; x_wconf 81' lang='lat' dir='ltr'><strong>propter</strong></span> <span class='ocrx_word' id='word_1_164' title='bbox 1585 650 1650 674; x_wconf 79' lang='lat' dir='ltr'><strong>nos,</strong></span> <span class='ocrx_word' id='word_1_165' title='bbox 1660 646 1690 669; x_wconf 90' lang='lat' dir='ltr'><strong>ut</strong></span> <span class='ocrx_word' id='word_1_166' title='bbox 1704 642 1796 675; x_wconf 88' lang='lat' dir='ltr'><strong>inquit</strong></span> 
     </span>
    </p>
   </div>
   <div class='ocr_carea' id='block_1_14' title="bbox 161 685 1795 725">
    <p class='ocr_par' dir='ltr' id='par_1_14' title="bbox 161 685 1795 725">
     <span class='ocr_line' id='line_1_14' title="bbox 161 685 1795 725; baseline -0.004 -8"><span class='ocrx_word' id='word_1_167' title='bbox 161 690 274 718; x_wconf 87' lang='lat' dir='ltr'><strong>divinus</strong></span> <span class='ocrx_word' id='word_1_168' title='bbox 285 688 436 723; x_wconf 84' lang='lat' dir='ltr'><strong>Apostolus</strong></span> <span class='ocrx_word' id='word_1_169' title='bbox 451 688 487 719; x_wconf 83' lang='lat'><strong>&#39;°,</strong></span> <span class='ocrx_word' id='word_1_170' title='bbox 506 693 648 722; x_wconf 88' lang='lat' dir='ltr'><strong>peccatum</strong></span> <span class='ocrx_word' id='word_1_171' title='bbox 669 687 797 725; x_wconf 90' lang='lat' dir='ltr'><strong>permisit</strong></span> <span class='ocrx_word' id='word_1_172' title='bbox 821 686 878 714; x_wconf 83' lang='lat' dir='ltr'><strong>fieri</strong></span> <span class='ocrx_word' id='word_1_173' title='bbox 897 687 1054 720; x_wconf 90' lang='lat' dir='ltr'><strong>Dominum,</strong></span> <span class='ocrx_word' id='word_1_174' title='bbox 1069 688 1252 722; x_wconf 89' lang='lat' dir='ltr'><strong>peccatricem</strong></span> <span class='ocrx_word' id='word_1_175' title='bbox 1283 692 1404 714; x_wconf 88' lang='lat' dir='ltr'><strong>nostram</strong></span> <span class='ocrx_word' id='word_1_176' title='bbox 1428 691 1556 714; x_wconf 87' lang='lat' dir='ltr'><strong>naturam</strong></span> <span class='ocrx_word' id='word_1_177' title='bbox 1578 685 1727 713; x_wconf 80' lang='lat' dir='ltr'><strong>induendo.</strong></span> <span class='ocrx_word' id='word_1_178' title='bbox 1744 685 1795 712; x_wconf 84' lang='lat' dir='ltr'><strong>Se—</strong></span> 
     </span>
    </p>
   </div>
   <div class='ocr_carea' id='block_1_15' title="bbox 161 729 1796 766">
    <p class='ocr_par' dir='ltr' id='par_1_15' title="bbox 161 729 1796 766">
     <span class='ocr_line' id='line_1_15' title="bbox 161 729 1796 766; baseline -0.004 -4"><span class='ocrx_word' id='word_1_179' title='bbox 161 734 285 762; x_wconf 86' lang='lat' dir='ltr'><strong>cundum</strong></span> <span class='ocrx_word' id='word_1_180' title='bbox 301 739 458 760; x_wconf 89' lang='lat' dir='ltr'><strong>sermonem</strong></span> <span class='ocrx_word' id='word_1_181' title='bbox 475 731 558 766; x_wconf 77' lang='lat' dir='ltr'><strong>igitur</strong></span> <span class='ocrx_word' id='word_1_182' title='bbox 575 732 704 766; x_wconf 80' lang='lat' dir='ltr'><strong>congruit</strong></span> <span class='ocrx_word' id='word_1_183' title='bbox 724 729 838 758; x_wconf 91' lang='lat' dir='ltr'><strong>Domino</strong></span> <span class='ocrx_word' id='word_1_184' title='bbox 866 732 983 765; x_wconf 67' lang='lat' dir='ltr'><strong>aenigma</strong></span> <span class='ocrx_word' id='word_1_185' title='bbox 1002 731 1079 758; x_wconf 87' lang='lat' dir='ltr'><strong>illud.</strong></span> <span class='ocrx_word' id='word_1_186' title='bbox 1107 731 1158 763; x_wconf 89' lang='lat' dir='ltr'><strong>Qui</strong></span> <span class='ocrx_word' id='word_1_187' title='bbox 1172 731 1245 758; x_wconf 90' lang='lat' dir='ltr'><strong>enim</strong></span> <span class='ocrx_word' id='word_1_188' title='bbox 1264 730 1353 758; x_wconf 87' lang='lat' dir='ltr'><strong>factus</strong></span> <span class='ocrx_word' id='word_1_189' title='bbox 1371 735 1413 758; x_wconf 87' lang='lat' dir='ltr'><strong>est</strong></span> <span class='ocrx_word' id='word_1_190' title='bbox 1434 734 1597 764; x_wconf 75' lang='lat' dir='ltr'><strong>peccaturo,</strong></span> <span class='ocrx_word' id='word_1_191' title='bbox 1617 733 1730 763; x_wconf 86' lang='lat' dir='ltr'><strong>propter</strong></span> <span class='ocrx_word' id='word_1_192' title='bbox 1747 736 1796 755; x_wconf 80' lang='lat' dir='ltr'><strong>nos</strong></span> 
     </span>
    </p>
   </div>
   <div class='ocr_carea' id='block_1_16' title="bbox 162 773 1797 813">
    <p class='ocr_par' dir='ltr' id='par_1_16' title="bbox 162 773 1797 813">
     <span class='ocr_line' id='line_1_16' title="bbox 162 773 1797 813; baseline -0.005 -7"><span class='ocrx_word' id='word_1_193' title='bbox 162 786 281 813; x_wconf 82' lang='lat' dir='ltr'><strong>serpens</strong></span> <span class='ocrx_word' id='word_1_194' title='bbox 297 777 388 804; x_wconf 87' lang='lat' dir='ltr'><strong>factus</strong></span> <span class='ocrx_word' id='word_1_195' title='bbox 403 781 456 803; x_wconf 88' lang='lat' dir='ltr'><strong>est.</strong></span> <span class='ocrx_word' id='word_1_196' title='bbox 473 775 577 803; x_wconf 87' lang='lat' dir='ltr'><strong>Deinde</strong></span> <span class='ocrx_word' id='word_1_197' title='bbox 592 776 638 803; x_wconf 94' lang='lat' dir='ltr'><strong>ubi</strong></span> <span class='ocrx_word' id='word_1_198' title='bbox 656 775 799 802; x_wconf 79' lang='lat' dir='ltr'><strong>devoravit</strong></span> <span class='ocrx_word' id='word_1_199' title='bbox 819 780 846 802; x_wconf 91' lang='lat' dir='ltr'><strong>et</strong></span> <span class='ocrx_word' id='word_1_200' title='bbox 861 775 1011 809; x_wconf 70' lang='lat' dir='ltr'><strong>assumpsit</strong></span> <span class='ocrx_word' id='word_1_201' title='bbox 1035 774 1213 810; x_wconf 65' lang='lat' dir='ltr'><strong>[Egyptiacos</strong></span> <span class='ocrx_word' id='word_1_202' title='bbox 1231 778 1387 809; x_wconf 80' lang='lat' dir='ltr'><strong>serpentes,</strong></span> <span class='ocrx_word' id='word_1_203' title='bbox 1412 781 1482 808; x_wconf 90' lang='lat' dir='ltr'><strong>quos</strong></span> <span class='ocrx_word' id='word_1_204' title='bbox 1507 773 1720 808; x_wconf 66' lang='lat' dir='ltr'><strong>praestigiatorcs</strong></span> <span class='ocrx_word' id='word_1_205' title='bbox 1738 773 1797 799; x_wconf 89' lang='lat' dir='ltr'><strong>suis</strong></span> 
     </span>
    </p>
   </div>
   <div class='ocr_carea' id='block_1_17' title="bbox 162 816 1798 853">
    <p class='ocr_par' dir='ltr' id='par_1_17' title="bbox 162 816 1798 853">
     <span class='ocr_line' id='line_1_17' title="bbox 162 816 1798 853; baseline -0.005 -4"><span class='ocrx_word' id='word_1_206' title='bbox 162 821 400 849; x_wconf 83' lang='lat' dir='ltr'><strong>incantationibus</strong></span> <span class='ocrx_word' id='word_1_207' title='bbox 414 819 605 851; x_wconf 86' lang='lat' dir='ltr'><strong>conciverant,</strong></span> <span class='ocrx_word' id='word_1_208' title='bbox 624 819 715 846; x_wconf 87' lang='lat' dir='ltr'><strong>denuo</strong></span> <span class='ocrx_word' id='word_1_209' title='bbox 729 818 755 845; x_wconf 91' lang='lat' dir='ltr'><strong>in</strong></span> <span class='ocrx_word' id='word_1_210' title='bbox 770 818 899 846; x_wconf 88' lang='lat' dir='ltr'><strong>baculum</strong></span> <span class='ocrx_word' id='word_1_211' title='bbox 913 819 955 845; x_wconf 88' lang='lat' dir='ltr'><strong>vel</strong></span> <span class='ocrx_word' id='word_1_212' title='bbox 971 818 1075 853; x_wconf 74' lang='lat' dir='ltr'><strong>virgam</strong></span> <span class='ocrx_word' id='word_1_213' title='bbox 1089 821 1290 850; x_wconf 83' lang='lat' dir='ltr'><strong>commutatur,</strong></span> <span class='ocrx_word' id='word_1_214' title='bbox 1307 825 1356 852; x_wconf 90' lang='lat' dir='ltr'><strong>per</strong></span> <span class='ocrx_word' id='word_1_215' title='bbox 1373 824 1454 851; x_wconf 89' lang='lat' dir='ltr'><strong>quam</strong></span> <span class='ocrx_word' id='word_1_216' title='bbox 1474 816 1651 850; x_wconf 83' lang='lat' dir='ltr'><strong>corriguntur</strong></span> <span class='ocrx_word' id='word_1_217' title='bbox 1670 820 1798 849; x_wconf 84' lang='lat' dir='ltr'><strong>peceato-</strong></span> 
     </span>
    </p>
   </div>
   <div class='ocr_carea' id='block_1_18' title="bbox 164 858 1797 900">
    <p class='ocr_par' dir='ltr' id='par_1_18' title="bbox 164 858 1797 900">
     <span class='ocr_line' id='line_1_18' title="bbox 164 858 1797 900; baseline -0.006 -6"><span class='ocrx_word' id='word_1_218' title='bbox 164 864 264 894; x_wconf 82' lang='lat' dir='ltr'><strong>res.ln</strong></span> <span class='ocrx_word' id='word_1_219' title='bbox 280 866 331 893; x_wconf 88' lang='lat' dir='ltr'><strong>hac</strong></span> <span class='ocrx_word' id='word_1_220' title='bbox 341 866 417 900; x_wconf 76' lang='lat' dir='ltr'><strong>virga</strong></span> <span class='ocrx_word' id='word_1_221' title='bbox 437 864 626 899; x_wconf 83' lang='lat' dir='ltr'><strong>requiescunt,</strong></span> <span class='ocrx_word' id='word_1_222' title='bbox 650 863 696 898; x_wconf 87' lang='lat' dir='ltr'><strong>qui</strong></span> <span class='ocrx_word' id='word_1_223' title='bbox 713 863 845 890; x_wconf 87' lang='lat' dir='ltr'><strong>acclivem</strong></span> <span class='ocrx_word' id='word_1_224' title='bbox 861 869 888 890; x_wconf 82' lang='lat' dir='ltr'><strong>et</strong></span> <span class='ocrx_word' id='word_1_225' title='bbox 905 861 1041 890; x_wconf 83' lang='lat' dir='ltr'><strong>diﬂicilem</strong></span> <span class='ocrx_word' id='word_1_226' title='bbox 1061 862 1171 890; x_wconf 85' lang='lat' dir='ltr'><strong>virtutis</strong></span> <span class='ocrx_word' id='word_1_227' title='bbox 1194 862 1292 890; x_wconf 86' lang='lat' dir='ltr'><strong>collem</strong></span> <span class='ocrx_word' id='word_1_228' title='bbox 1311 861 1515 896; x_wconf 76' lang='lat' dir='ltr'><strong>ingrediuntur,</strong></span> <span class='ocrx_word' id='word_1_229' title='bbox 1539 859 1600 886; x_wconf 84' lang='lat' dir='ltr'><strong>fulti</strong></span> <span class='ocrx_word' id='word_1_230' title='bbox 1621 859 1719 886; x_wconf 87' lang='lat' dir='ltr'><strong>baculo</strong></span> <span class='ocrx_word' id='word_1_231' title='bbox 1737 858 1797 885; x_wconf 90' lang='lat' dir='ltr'><strong>lidei</strong></span> 
     </span>
    </p>
   </div>
   <div class='ocr_carea' id='block_1_19' title="bbox 162 901 1799 944">
    <p class='ocr_par' dir='ltr' id='par_1_19' title="bbox 162 901 1799 944">
     <span class='ocr_line' id='line_1_19' title="bbox 162 901 1799 944; baseline -0.006 -6"><span class='ocrx_word' id='word_1_232' title='bbox 162 915 191 938; x_wconf 87' lang='lat' dir='ltr'><strong>et</strong></span> <span class='ocrx_word' id='word_1_233' title='bbox 204 910 276 944; x_wconf 80' lang='lat' dir='ltr'><strong>bona</strong></span> <span class='ocrx_word' id='word_1_234' title='bbox 289 916 338 944; x_wconf 86' lang='lat' dir='ltr'><strong>spe</strong></span> <span class='ocrx_word' id='word_1_235' title='bbox 354 908 492 936; x_wconf 81' lang='lat' dir='ltr'><strong>instructi.</strong></span> <span class='ocrx_word' id='word_1_236' title='bbox 510 916 519 933; x_wconf 88' lang='grc'><em>‹</em></span> <span class='ocrx_word' id='word_1_237' title='bbox 540 907 588 935; x_wconf 86' lang='lat' dir='ltr'><strong>Est</strong></span> <span class='ocrx_word' id='word_1_238' title='bbox 601 907 674 934; x_wconf 87' lang='lat' dir='ltr'><strong>enim</strong></span> <span class='ocrx_word' id='word_1_239' title='bbox 689 907 756 934; x_wconf 86' lang='lat' dir='ltr'><strong>fides</strong></span> <span class='ocrx_word' id='word_1_240' title='bbox 773 906 981 933; x_wconf 80' lang='lat' dir='ltr'><strong>fundamentum</strong></span> <span class='ocrx_word' id='word_1_241' title='bbox 999 913 1092 933; x_wconf 87' lang='lat' dir='ltr'><strong>rerum</strong></span> <span class='ocrx_word' id='word_1_242' title='bbox 1114 906 1316 940; x_wconf 90' lang='lat' dir='ltr'><strong>sperandarum</strong></span> <span class='ocrx_word' id='word_1_243' title='bbox 1333 905 1367 931; x_wconf 64' lang='lat'><strong>7&#39;.</strong></span> <span class='ocrx_word' id='word_1_244' title='bbox 1388 914 1397 931; x_wconf 75' lang='grc' dir='ltr'><strong>ι</strong></span> <span class='ocrx_word' id='word_1_245' title='bbox 1414 904 1470 931; x_wconf 90' lang='lat' dir='ltr'><strong>Nos</strong></span> <span class='ocrx_word' id='word_1_246' title='bbox 1484 904 1650 931; x_wconf 86' lang='lat' dir='ltr'><strong>admisimus</strong></span> <span class='ocrx_word' id='word_1_247' title='bbox 1668 901 1799 936; x_wconf 75' lang='lat' dir='ltr'><strong>Unigeni-</strong></span> 
     </span>
    </p>
   </div>
   <div class='ocr_carea' id='block_1_20' title="bbox 132 945 1798 986">
    <p class='ocr_par' dir='ltr' id='par_1_20' title="bbox 132 945 1798 986">
     <span class='ocr_line' id='line_1_20' title="bbox 132 945 1798 986; baseline -0.007 -4"><span class='ocrx_word' id='word_1_248' title='bbox 132 962 137 966; x_wconf 88' lang='grc'>·</span> <span class='ocrx_word' id='word_1_249' title='bbox 164 959 226 982; x_wconf 87' lang='lat' dir='ltr'><strong>tum</strong></span> <span class='ocrx_word' id='word_1_250' title='bbox 244 953 291 981; x_wconf 91' lang='lat' dir='ltr'><strong>Dei</strong></span> <span class='ocrx_word' id='word_1_251' title='bbox 309 953 342 980; x_wconf 89' lang='lat' dir='ltr'><strong>ad</strong></span> <span class='ocrx_word' id='word_1_252' title='bbox 361 960 412 980; x_wconf 91' lang='lat' dir='ltr'><strong>nos</strong></span> <span class='ocrx_word' id='word_1_253' title='bbox 427 951 581 979; x_wconf 86' lang='lat' dir='ltr'><strong>venientem</strong></span> <span class='ocrx_word' id='word_1_254' title='bbox 597 961 603 979; x_wconf 87' lang='lat'><strong>:</strong></span> <span class='ocrx_word' id='word_1_255' title='bbox 621 955 648 978; x_wconf 81' lang='lat' dir='ltr'><strong>at</strong></span> <span class='ocrx_word' id='word_1_256' title='bbox 664 950 797 978; x_wconf 82' lang='lat' dir='ltr'><strong>Judaicus</strong></span> <span class='ocrx_word' id='word_1_257' title='bbox 813 951 929 986; x_wconf 88' lang='lat' dir='ltr'><strong>populus</strong></span> <span class='ocrx_word' id='word_1_258' title='bbox 947 957 995 985; x_wconf 91' lang='lat' dir='ltr'><strong>per</strong></span> <span class='ocrx_word' id='word_1_259' title='bbox 1011 950 1103 977; x_wconf 83' lang='lat' dir='ltr'><strong>Mosen</strong></span> <span class='ocrx_word' id='word_1_260' title='bbox 1119 950 1305 984; x_wconf 77' lang='lat' dir='ltr'><strong>legislatorem</strong></span> <span class='ocrx_word' id='word_1_261' title='bbox 1322 948 1514 980; x_wconf 87' lang='lat' dir='ltr'><strong>adttmbratus,</strong></span> <span class='ocrx_word' id='word_1_262' title='bbox 1525 947 1667 974; x_wconf 83' lang='lat' dir='ltr'><strong>Christum</strong></span> <span class='ocrx_word' id='word_1_263' title='bbox 1687 945 1798 979; x_wconf 71' lang='lat' dir='ltr'><strong>refugit.</strong></span> 
     </span>
    </p>
   </div>
   <div class='ocr_carea' id='block_1_21' title="bbox 163 991 1800 1031">
    <p class='ocr_par' dir='ltr' id='par_1_21' title="bbox 163 991 1800 1031">
     <span class='ocr_line' id='line_1_21' title="bbox 163 991 1800 1031; baseline -0.005 -6"><span class='ocrx_word' id='word_1_264' title='bbox 163 999 236 1025; x_wconf 81' lang='lat' dir='ltr'><strong>Cum</strong></span> <span class='ocrx_word' id='word_1_265' title='bbox 253 997 325 1024; x_wconf 85' lang='lat' dir='ltr'><strong>enim</strong></span> <span class='ocrx_word' id='word_1_266' title='bbox 341 996 414 1023; x_wconf 91' lang='lat' dir='ltr'><strong>hunc</strong></span> <span class='ocrx_word' id='word_1_267' title='bbox 424 995 584 1031; x_wconf 87' lang='lat' dir='ltr'><strong>judicarent</strong></span> <span class='ocrx_word' id='word_1_268' title='bbox 601 996 715 1027; x_wconf 85' lang='lat' dir='ltr'><strong>malum,</strong></span> <span class='ocrx_word' id='word_1_269' title='bbox 728 994 829 1021; x_wconf 89' lang='lat' dir='ltr'><strong>accidit</strong></span> <span class='ocrx_word' id='word_1_270' title='bbox 843 998 873 1021; x_wconf 90' lang='lat' dir='ltr'><strong>ut</strong></span> <span class='ocrx_word' id='word_1_271' title='bbox 891 994 924 1021; x_wconf 91' lang='lat' dir='ltr'><strong>ab</strong></span> <span class='ocrx_word' id='word_1_272' title='bbox 937 994 1004 1029; x_wconf 88' lang='lat' dir='ltr'><strong>ipsis</strong></span> <span class='ocrx_word' id='word_1_273' title='bbox 1022 1000 1196 1028; x_wconf 78' lang='lat' dir='ltr'><strong>nequaquam</strong></span> <span class='ocrx_word' id='word_1_274' title='bbox 1216 993 1268 1019; x_wconf 88' lang='lat' dir='ltr'><strong>fide</strong></span> <span class='ocrx_word' id='word_1_275' title='bbox 1287 992 1434 1019; x_wconf 87' lang='lat' dir='ltr'><strong>coleretur.</strong></span> <span class='ocrx_word' id='word_1_276' title='bbox 1454 991 1589 1018; x_wconf 69' lang='lat' dir='ltr'><strong>Cancrum</strong></span> <span class='ocrx_word' id='word_1_277' title='bbox 1605 998 1657 1016; x_wconf 88' lang='lat' dir='ltr'><strong>suo</strong></span> <span class='ocrx_word' id='word_1_278' title='bbox 1675 994 1800 1022; x_wconf 78' lang='lat' dir='ltr'><strong>tempore</strong></span> 
     </span>
    </p>
   </div>
   <div class='ocr_carea' id='block_1_22' title="bbox 164 1033 1801 1073">
    <p class='ocr_par' dir='ltr' id='par_1_22' title="bbox 164 1033 1801 1073">
     <span class='ocr_line' id='line_1_22' title="bbox 164 1033 1801 1073; baseline -0.007 -4"><span class='ocrx_word' id='word_1_279' title='bbox 164 1039 397 1069; x_wconf 85' lang='lat' dir='ltr'><strong>voeiferabuntur</strong></span> <span class='ocrx_word' id='word_1_280' title='bbox 411 1044 438 1067; x_wconf 92' lang='lat' dir='ltr'><strong>et</strong></span> <span class='ocrx_word' id='word_1_281' title='bbox 449 1041 621 1073; x_wconf 77' lang='lat' dir='ltr'><strong>cognoscent</strong></span> <span class='ocrx_word' id='word_1_282' title='bbox 642 1038 733 1072; x_wconf 88' lang='lat' dir='ltr'><strong>ipsum</strong></span> <span class='ocrx_word' id='word_1_283' title='bbox 750 1046 804 1065; x_wconf 88' lang='lat' dir='ltr'><strong>non</strong></span> <span class='ocrx_word' id='word_1_284' title='bbox 821 1037 916 1068; x_wconf 79' lang='lat' dir='ltr'><strong>fuiSSe,</strong></span> <span class='ocrx_word' id='word_1_285' title='bbox 929 1043 959 1064; x_wconf 89' lang='lat' dir='ltr'><strong>ut</strong></span> <span class='ocrx_word' id='word_1_286' title='bbox 973 1037 1169 1071; x_wconf 90' lang='lat' dir='ltr'><strong>opinabantur,</strong></span> <span class='ocrx_word' id='word_1_287' title='bbox 1188 1035 1314 1062; x_wconf 85' lang='lat' dir='ltr'><strong>malum:</strong></span> <span class='ocrx_word' id='word_1_288' title='bbox 1341 1033 1389 1062; x_wconf 88' lang='lat' dir='ltr'><strong>sed</strong></span> <span class='ocrx_word' id='word_1_289' title='bbox 1406 1035 1493 1068; x_wconf 75' lang='lat' dir='ltr'><strong>magis</strong></span> <span class='ocrx_word' id='word_1_290' title='bbox 1512 1034 1628 1060; x_wconf 88' lang='lat' dir='ltr'><strong>fulcrum</strong></span> <span class='ocrx_word' id='word_1_291' title='bbox 1648 1036 1675 1059; x_wconf 86' lang='lat' dir='ltr'><strong>et</strong></span> <span class='ocrx_word' id='word_1_292' title='bbox 1693 1036 1801 1059; x_wconf 88' lang='lat' dir='ltr'><strong>susten-</strong></span> 
     </span>
    </p>
   </div>
   <div class='ocr_carea' id='block_1_23' title="bbox 165 1078 1800 1118">
    <p class='ocr_par' dir='ltr' id='par_1_23' title="bbox 165 1078 1800 1118">
     <span class='ocr_line' id='line_1_23' title="bbox 165 1078 1800 1118; baseline -0.007 -5"><span class='ocrx_word' id='word_1_293' title='bbox 165 1085 289 1113; x_wconf 84' lang='lat' dir='ltr'><strong>taculum</strong></span> <span class='ocrx_word' id='word_1_294' title='bbox 309 1084 427 1118; x_wconf 81' lang='lat' dir='ltr'><strong>piorum,</strong></span> <span class='ocrx_word' id='word_1_295' title='bbox 448 1088 476 1110; x_wconf 96' lang='lat' dir='ltr'><strong>ut</strong></span> <span class='ocrx_word' id='word_1_296' title='bbox 490 1083 589 1110; x_wconf 87' lang='lat' dir='ltr'><strong>docent</strong></span> <span class='ocrx_word' id='word_1_297' title='bbox 605 1082 729 1118; x_wconf 80' lang='lat' dir='ltr'><strong>symbola</strong></span> <span class='ocrx_word' id='word_1_298' title='bbox 756 1090 817 1117; x_wconf 62' lang='lat' dir='ltr'><strong>quae</strong></span> <span class='ocrx_word' id='word_1_299' title='bbox 833 1082 866 1108; x_wconf 83' lang='lat' dir='ltr'><strong>(le</strong></span> <span class='ocrx_word' id='word_1_300' title='bbox 883 1082 942 1116; x_wconf 90' lang='lat' dir='ltr'><strong>ipso</strong></span> <span class='ocrx_word' id='word_1_301' title='bbox 959 1085 1079 1109; x_wconf 84' lang='lat' dir='ltr'><strong>exstant.</strong></span> <span class='ocrx_word' id='word_1_302' title='bbox 1101 1080 1162 1107; x_wconf 66' lang='grc' dir='ltr'><strong>ΠἚο</strong></span> <span class='ocrx_word' id='word_1_303' title='bbox 1177 1087 1286 1114; x_wconf 90' lang='lat' dir='ltr'><strong>quoque</strong></span> <span class='ocrx_word' id='word_1_304' title='bbox 1301 1078 1458 1114; x_wconf 83' lang='lat' dir='ltr'><strong>significant</strong></span> <span class='ocrx_word' id='word_1_305' title='bbox 1469 1082 1571 1105; x_wconf 68' lang='lat' dir='ltr'><strong>nostrae</strong></span> <span class='ocrx_word' id='word_1_306' title='bbox 1587 1081 1704 1108; x_wconf 66' lang='lat' dir='ltr'><strong>natura,</strong></span> <span class='ocrx_word' id='word_1_307' title='bbox 1717 1082 1800 1110; x_wconf 91' lang='lat' dir='ltr'><strong>quam</strong></span> 
     </span>
    </p>
   </div>
   <div class='ocr_carea' id='block_1_24' title="bbox 166 1118 1801 1161">
    <p class='ocr_par' dir='ltr' id='par_1_24' title="bbox 166 1118 1801 1161">
     <span class='ocr_line' id='line_1_24' title="bbox 166 1118 1801 1161; baseline -0.007 -5"><span class='ocrx_word' id='word_1_308' title='bbox 166 1129 257 1156; x_wconf 89' lang='lat' dir='ltr'><strong>tenuit</strong></span> <span class='ocrx_word' id='word_1_309' title='bbox 271 1132 335 1156; x_wconf 86' lang='lat' dir='ltr'><strong>ante</strong></span> <span class='ocrx_word' id='word_1_310' title='bbox 350 1135 445 1155; x_wconf 90' lang='lat' dir='ltr'><strong>casum</strong></span> <span class='ocrx_word' id='word_1_311' title='bbox 463 1128 594 1159; x_wconf 80' lang='lat' dir='ltr'><strong>Adamus,</strong></span> <span class='ocrx_word' id='word_1_312' title='bbox 610 1127 637 1153; x_wconf 91' lang='lat' dir='ltr'><strong>iu</strong></span> <span class='ocrx_word' id='word_1_313' title='bbox 651 1127 788 1161; x_wconf 80' lang='lat' dir='ltr'><strong>integrum</strong></span> <span class='ocrx_word' id='word_1_314' title='bbox 800 1125 1003 1153; x_wconf 87' lang='lat' dir='ltr'><strong>restitutionem</strong></span> <span class='ocrx_word' id='word_1_315' title='bbox 1015 1128 1042 1152; x_wconf 89' lang='lat' dir='ltr'><strong>et</strong></span> <span class='ocrx_word' id='word_1_316' title='bbox 1054 1124 1290 1151; x_wconf 85' lang='lat' dir='ltr'><strong>reformationem.</strong></span> <span class='ocrx_word' id='word_1_317' title='bbox 1311 1122 1389 1157; x_wconf 75' lang='lat' dir='ltr'><strong>Virga</strong></span> <span class='ocrx_word' id='word_1_318' title='bbox 1402 1122 1504 1149; x_wconf 90' lang='lat' dir='ltr'><strong>etenim</strong></span> <span class='ocrx_word' id='word_1_319' title='bbox 1515 1118 1562 1148; x_wconf 81' lang='lat' dir='ltr'><strong>est</strong></span> <span class='ocrx_word' id='word_1_320' title='bbox 1574 1120 1648 1154; x_wconf 77' lang='lat' dir='ltr'><strong>regni</strong></span> <span class='ocrx_word' id='word_1_321' title='bbox 1658 1119 1801 1150; x_wconf 87' lang='lat' dir='ltr'><strong>indicium,</strong></span> 
     </span>
    </p>
   </div>
   <div class='ocr_carea' id='block_1_25' title="bbox 166 1162 1801 1207">
    <p class='ocr_par' dir='ltr' id='par_1_25' title="bbox 166 1162 1801 1207">
     <span class='ocr_line' id='line_1_25' title="bbox 166 1162 1801 1207; baseline -0.007 -8"><span class='ocrx_word' id='word_1_322' title='bbox 166 1178 194 1200; x_wconf 88' lang='lat' dir='ltr'><strong>et</strong></span> <span class='ocrx_word' id='word_1_323' title='bbox 209 1171 329 1207; x_wconf 86' lang='lat' dir='ltr'><strong>paradisi</strong></span> <span class='ocrx_word' id='word_1_324' title='bbox 349 1171 485 1206; x_wconf 89' lang='lat' dir='ltr'><strong>plantula.</strong></span> <span class='ocrx_word' id='word_1_325' title='bbox 503 1169 650 1197; x_wconf 85' lang='lat' dir='ltr'><strong>lustitutus</strong></span> <span class='ocrx_word' id='word_1_326' title='bbox 664 1174 756 1196; x_wconf 88' lang='lat' dir='ltr'><strong>autem</strong></span> <span class='ocrx_word' id='word_1_327' title='bbox 771 1173 830 1196; x_wconf 89' lang='lat' dir='ltr'><strong>erat</strong></span> <span class='ocrx_word' id='word_1_328' title='bbox 845 1169 978 1201; x_wconf 87' lang='lat' dir='ltr'><strong>Adanms,</strong></span> <span class='ocrx_word' id='word_1_329' title='bbox 996 1172 1026 1195; x_wconf 92' lang='lat' dir='ltr'><strong>ut</strong></span> <span class='ocrx_word' id='word_1_330' title='bbox 1047 1167 1219 1202; x_wconf 88' lang='lat' dir='ltr'><strong>imperitaret</strong></span> <span class='ocrx_word' id='word_1_331' title='bbox 1241 1171 1375 1193; x_wconf 88' lang='lat' dir='ltr'><strong>terrarqu</strong></span> <span class='ocrx_word' id='word_1_332' title='bbox 1392 1165 1463 1198; x_wconf 89' lang='lat' dir='ltr'><strong>orbi,</strong></span> <span class='ocrx_word' id='word_1_333' title='bbox 1483 1170 1510 1191; x_wconf 83' lang='lat' dir='ltr'><strong>et</strong></span> <span class='ocrx_word' id='word_1_334' title='bbox 1525 1168 1585 1191; x_wconf 85' lang='lat' dir='ltr'><strong>erat</strong></span> <span class='ocrx_word' id='word_1_335' title='bbox 1602 1165 1627 1190; x_wconf 94' lang='lat' dir='ltr'><strong>in</strong></span> <span class='ocrx_word' id='word_1_336' title='bbox 1646 1170 1728 1190; x_wconf 90' lang='lat' dir='ltr'><strong>manu</strong></span> <span class='ocrx_word' id='word_1_337' title='bbox 1742 1162 1801 1192; x_wconf 87' lang='lat' dir='ltr'><strong>Dei,</strong></span> 
     </span>
    </p>
   </div>
   <div class='ocr_carea' id='block_1_26' title="bbox 167 1205 1804 1251">
    <p class='ocr_par' dir='ltr' id='par_1_26' title="bbox 167 1205 1804 1251">
     <span class='ocr_line' id='line_1_26' title="bbox 167 1205 1804 1251; baseline -0.007 -8"><span class='ocrx_word' id='word_1_338' title='bbox 167 1205 278 1244; x_wconf 81' lang='lat' dir='ltr'><strong>scilicet</strong></span> <span class='ocrx_word' id='word_1_339' title='bbox 292 1223 340 1251; x_wconf 92' lang='lat' dir='ltr'><strong>per</strong></span> <span class='ocrx_word' id='word_1_340' title='bbox 351 1205 418 1242; x_wconf 64' lang='lat' dir='ltr'><strong>vitae</strong></span> <span class='ocrx_word' id='word_1_341' title='bbox 434 1216 619 1246; x_wconf 81' lang='lat' dir='ltr'><strong>sanctitatem,</strong></span> <span class='ocrx_word' id='word_1_342' title='bbox 636 1218 663 1240; x_wconf 89' lang='lat' dir='ltr'><strong>et</strong></span> <span class='ocrx_word' id='word_1_343' title='bbox 678 1213 757 1248; x_wconf 87' lang='lat' dir='ltr'><strong>quasi</strong></span> <span class='ocrx_word' id='word_1_344' title='bbox 780 1212 900 1247; x_wconf 80' lang='lat' dir='ltr'><strong>paradisi</strong></span> <span class='ocrx_word' id='word_1_345' title='bbox 925 1211 1047 1247; x_wconf 87' lang='lat' dir='ltr'><strong>plantula</strong></span> <span class='ocrx_word' id='word_1_346' title='bbox 1067 1210 1192 1238; x_wconf 84' lang='lat' dir='ltr'><strong>florebat.</strong></span> <span class='ocrx_word' id='word_1_347' title='bbox 1215 1208 1319 1244; x_wconf 84' lang='lat' dir='ltr'><strong>Captus</strong></span> <span class='ocrx_word' id='word_1_348' title='bbox 1340 1216 1406 1236; x_wconf 90' lang='lat' dir='ltr'><strong>vero</strong></span> <span class='ocrx_word' id='word_1_349' title='bbox 1423 1208 1521 1235; x_wconf 89' lang='lat' dir='ltr'><strong>fraude</strong></span> <span class='ocrx_word' id='word_1_350' title='bbox 1536 1211 1563 1234; x_wconf 92' lang='lat' dir='ltr'><strong>et</strong></span> <span class='ocrx_word' id='word_1_351' title='bbox 1578 1207 1641 1234; x_wconf 89' lang='lat' dir='ltr'><strong>dolo</strong></span> <span class='ocrx_word' id='word_1_352' title='bbox 1655 1205 1804 1241; x_wconf 85' lang='lat' dir='ltr'><strong>serpentis,</strong></span> 
     </span>
    </p>
   </div>
   <div class='ocr_carea' id='block_1_27' title="bbox 168 1251 1803 1294">
    <p class='ocr_par' dir='ltr' id='par_1_27' title="bbox 168 1251 1803 1294">
     <span class='ocr_line' id='line_1_27' title="bbox 168 1251 1803 1294; baseline -0.007 -8"><span class='ocrx_word' id='word_1_353' title='bbox 168 1259 284 1286; x_wconf 83' lang='lat' dir='ltr'><strong>avulsus</strong></span> <span class='ocrx_word' id='word_1_354' title='bbox 302 1262 343 1286; x_wconf 90' lang='lat' dir='ltr'><strong>est</strong></span> <span class='ocrx_word' id='word_1_355' title='bbox 358 1265 373 1285; x_wconf 84' lang='lat' dir='ltr'><strong>a</strong></span> <span class='ocrx_word' id='word_1_356' title='bbox 387 1257 478 1294; x_wconf 89' lang='lat' dir='ltr'><strong>primo</strong></span> <span class='ocrx_word' id='word_1_357' title='bbox 493 1257 566 1289; x_wconf 88' lang='lat' dir='ltr'><strong>loco,</strong></span> <span class='ocrx_word' id='word_1_358' title='bbox 582 1257 731 1291; x_wconf 88' lang='lat' dir='ltr'><strong>radiceque</strong></span> <span class='ocrx_word' id='word_1_359' title='bbox 745 1256 928 1291; x_wconf 79' lang='lat' dir='ltr'><strong>primogenia,</strong></span> <span class='ocrx_word' id='word_1_360' title='bbox 945 1254 1102 1288; x_wconf 83' lang='lat' dir='ltr'><strong>exciditque</strong></span> <span class='ocrx_word' id='word_1_361' title='bbox 1117 1261 1131 1280; x_wconf 90' lang='lat' dir='ltr'><strong>e</strong></span> <span class='ocrx_word' id='word_1_362' title='bbox 1148 1260 1229 1280; x_wconf 92' lang='lat' dir='ltr'><strong>manu</strong></span> <span class='ocrx_word' id='word_1_363' title='bbox 1246 1252 1318 1287; x_wconf 84' lang='lat' dir='ltr'><strong>ejus,</strong></span> <span class='ocrx_word' id='word_1_364' title='bbox 1342 1259 1356 1279; x_wconf 90' lang='lat' dir='ltr'><strong>a</strong></span> <span class='ocrx_word' id='word_1_365' title='bbox 1370 1260 1425 1287; x_wconf 90' lang='lat' dir='ltr'><strong>quo</strong></span> <span class='ocrx_word' id='word_1_366' title='bbox 1445 1252 1472 1278; x_wconf 94' lang='lat' dir='ltr'><strong>in</strong></span> <span class='ocrx_word' id='word_1_367' title='bbox 1489 1251 1640 1279; x_wconf 87' lang='lat' dir='ltr'><strong>sanctitate</strong></span> <span class='ocrx_word' id='word_1_368' title='bbox 1656 1256 1803 1277; x_wconf 90' lang='lat' dir='ltr'><strong>conserva-</strong></span> 
     </span>
    </p>
   </div>
   <div class='ocr_carea' id='block_1_28' title="bbox 169 1292 1803 1336">
    <p class='ocr_par' dir='ltr' id='par_1_28' title="bbox 169 1292 1803 1336">
     <span class='ocr_line' id='line_1_28' title="bbox 169 1292 1803 1336; baseline -0.007 -7"><span class='ocrx_word' id='word_1_369' title='bbox 169 1303 263 1334; x_wconf 82' lang='lat' dir='ltr'><strong>batur,</strong></span> <span class='ocrx_word' id='word_1_370' title='bbox 280 1292 429 1336; x_wconf 83' lang='lat' dir='ltr'><strong>amisitque</strong></span> <span class='ocrx_word' id='word_1_371' title='bbox 442 1301 586 1336; x_wconf 78' lang='lat' dir='ltr'><strong>imaginem</strong></span> <span class='ocrx_word' id='word_1_372' title='bbox 606 1300 653 1327; x_wconf 88' lang='lat' dir='ltr'><strong>Dei</strong></span> <span class='ocrx_word' id='word_1_373' title='bbox 678 1300 825 1335; x_wconf 89' lang='lat' dir='ltr'><strong>prolapsus</strong></span> <span class='ocrx_word' id='word_1_374' title='bbox 843 1298 930 1325; x_wconf 90' lang='lat' dir='ltr'><strong>humi.</strong></span> <span class='ocrx_word' id='word_1_375' title='bbox 953 1298 1033 1332; x_wconf 76' lang='lat'><strong>227</strong></span> <span class='ocrx_word' id='word_1_376' title='bbox 1054 1298 1083 1324; x_wconf 85' lang='lat' dir='ltr'><strong>Si</strong></span> <span class='ocrx_word' id='word_1_377' title='bbox 1103 1297 1237 1332; x_wconf 89' lang='lat' dir='ltr'><strong>respicias</strong></span> <span class='ocrx_word' id='word_1_378' title='bbox 1256 1301 1408 1324; x_wconf 77' lang='lat' dir='ltr'><strong>extremam</strong></span> <span class='ocrx_word' id='word_1_379' title='bbox 1435 1295 1579 1326; x_wconf 83' lang='lat' dir='ltr'><strong>malitiam,</strong></span> <span class='ocrx_word' id='word_1_380' title='bbox 1597 1293 1665 1321; x_wconf 89' lang='lat' dir='ltr'><strong>nihil</strong></span> <span class='ocrx_word' id='word_1_381' title='bbox 1681 1292 1772 1320; x_wconf 81' lang='lat' dir='ltr'><strong>dilfert</strong></span> <span class='ocrx_word' id='word_1_382' title='bbox 1788 1299 1803 1317; x_wconf 71' lang='grc' dir='ltr'>Α</span> 
     </span>
    </p>
   </div>
   <div class='ocr_carea' id='block_1_29' title="bbox 169 1335 1805 1381">
    <p class='ocr_par' dir='ltr' id='par_1_29' title="bbox 169 1335 1805 1381">
     <span class='ocr_line' id='line_1_29' title="bbox 169 1335 1805 1381; baseline -0.008 -7"><span class='ocrx_word' id='word_1_383' title='bbox 169 1346 309 1381; x_wconf 84' lang='lat' dir='ltr'><strong>serpentis</strong></span> <span class='ocrx_word' id='word_1_384' title='bbox 320 1335 432 1377; x_wconf 79' lang='lat' dir='ltr'><strong>natura,</strong></span> <span class='ocrx_word' id='word_1_385' title='bbox 450 1335 563 1371; x_wconf 85' lang='lat' dir='ltr'><strong>exuitur</strong></span> <span class='ocrx_word' id='word_1_386' title='bbox 577 1343 804 1379; x_wconf 88' lang='lat' dir='ltr'><strong>despoliaturque</strong></span> <span class='ocrx_word' id='word_1_387' title='bbox 820 1349 906 1377; x_wconf 79' lang='lat' dir='ltr'><strong>regno</strong></span> <span class='ocrx_word' id='word_1_388' title='bbox 918 1341 1118 1376; x_wconf 79' lang='lat' dir='ltr'><strong>dignitateque,</strong></span> <span class='ocrx_word' id='word_1_389' title='bbox 1133 1347 1194 1375; x_wconf 68' lang='lat' dir='ltr'><strong>qua:</strong></span> <span class='ocrx_word' id='word_1_390' title='bbox 1209 1340 1263 1367; x_wconf 88' lang='lat' dir='ltr'><strong>duo</strong></span> <span class='ocrx_word' id='word_1_391' title='bbox 1279 1344 1358 1366; x_wconf 84' lang='lat' dir='ltr'><strong>antea</strong></span> <span class='ocrx_word' id='word_1_392' title='bbox 1374 1338 1519 1366; x_wconf 87' lang='lat' dir='ltr'><strong>habuerat.</strong></span> <span class='ocrx_word' id='word_1_393' title='bbox 1535 1337 1709 1371; x_wconf 80' lang='lat' dir='ltr'><strong>Quapropter</strong></span> <span class='ocrx_word' id='word_1_394' title='bbox 1723 1335 1805 1370; x_wconf 79' lang='lat' dir='ltr'><strong>legis-</strong></span> 
     </span>
    </p>
   </div>
   <div class='ocr_carea' id='block_1_30' title="bbox 169 1384 1363 1424">
    <p class='ocr_par' dir='ltr' id='par_1_30' title="bbox 169 1384 1363 1424">
     <span class='ocr_line' id='line_1_30' title="bbox 169 1384 1363 1424; baseline -0.006 -7"><span class='ocrx_word' id='word_1_395' title='bbox 169 1390 245 1417; x_wconf 87' lang='lat' dir='ltr'><strong>lator</strong></span> <span class='ocrx_word' id='word_1_396' title='bbox 259 1389 350 1424; x_wconf 87' lang='lat' dir='ltr'><strong>ipsum</strong></span> <span class='ocrx_word' id='word_1_397' title='bbox 364 1388 540 1416; x_wconf 86' lang='lat' dir='ltr'><strong>abominatur</strong></span> <span class='ocrx_word' id='word_1_398' title='bbox 553 1388 605 1415; x_wconf 89' lang='lat' dir='ltr'><strong>sub</strong></span> <span class='ocrx_word' id='word_1_399' title='bbox 624 1392 687 1423; x_wconf 87' lang='lat' dir='ltr'><strong>typo</strong></span> <span class='ocrx_word' id='word_1_400' title='bbox 703 1386 788 1414; x_wconf 81' lang='lat' dir='ltr'><strong>Mosis</strong></span> <span class='ocrx_word' id='word_1_401' title='bbox 801 1386 951 1413; x_wconf 86' lang='lat' dir='ltr'><strong>resilientis</strong></span> <span class='ocrx_word' id='word_1_402' title='bbox 967 1385 999 1412; x_wconf 90' lang='lat' dir='ltr'><strong>ad</strong></span> <span class='ocrx_word' id='word_1_403' title='bbox 1012 1389 1192 1419; x_wconf 88' lang='lat' dir='ltr'><strong>conspectum</strong></span> <span class='ocrx_word' id='word_1_404' title='bbox 1213 1384 1363 1418; x_wconf 88' lang='lat' dir='ltr'><strong>serpentis.</strong></span> 
     </span>
    </p>
   </div>
   <div class='ocr_carea' id='block_1_31' title="bbox 207 1423 1806 1462">
    <p class='ocr_par' dir='ltr' id='par_1_31' title="bbox 207 1423 1806 1462">
     <span class='ocr_line' id='line_1_31' title="bbox 207 1423 1806 1462; baseline -0.008 -2"><span class='ocrx_word' id='word_1_405' title='bbox 207 1423 345 1460; x_wconf 66' lang='lat' dir='ltr'><strong>Caeterum</strong></span> <span class='ocrx_word' id='word_1_406' title='bbox 360 1428 473 1460; x_wconf 60' lang='lat' dir='ltr'><strong>coalitus</strong></span> <span class='ocrx_word' id='word_1_407' title='bbox 489 1431 573 1458; x_wconf 91' lang='lat' dir='ltr'><strong>mittil</strong></span> <span class='ocrx_word' id='word_1_408' title='bbox 591 1430 718 1458; x_wconf 74' lang='lat' dir='ltr'><strong>dextram</strong></span> <span class='ocrx_word' id='word_1_409' title='bbox 734 1429 825 1462; x_wconf 89' lang='lat' dir='ltr'><strong>Pater,</strong></span> <span class='ocrx_word' id='word_1_410' title='bbox 841 1434 867 1456; x_wconf 90' lang='lat' dir='ltr'><strong>et</strong></span> <span class='ocrx_word' id='word_1_411' title='bbox 878 1428 955 1456; x_wconf 91' lang='lat' dir='ltr'><strong>bumi</strong></span> <span class='ocrx_word' id='word_1_412' title='bbox 969 1428 1107 1462; x_wconf 76' lang='lat' dir='ltr'><strong>abiectum</strong></span> <span class='ocrx_word' id='word_1_413' title='bbox 1120 1428 1226 1456; x_wconf 81' lang='lat' dir='ltr'><strong>erexit:</strong></span> <span class='ocrx_word' id='word_1_414' title='bbox 1237 1428 1428 1461; x_wconf 89' lang='lat' dir='ltr'><strong>liberatosque</strong></span> <span class='ocrx_word' id='word_1_415' title='bbox 1439 1433 1490 1453; x_wconf 91' lang='lat' dir='ltr'><strong>nos</strong></span> <span class='ocrx_word' id='word_1_416' title='bbox 1508 1425 1542 1453; x_wconf 88' lang='lat' dir='ltr'><strong>ab</strong></span> <span class='ocrx_word' id='word_1_417' title='bbox 1553 1423 1667 1452; x_wconf 88' lang='lat' dir='ltr'><strong>immani</strong></span> <span class='ocrx_word' id='word_1_418' title='bbox 1683 1423 1806 1454; x_wconf 88' lang='lat' dir='ltr'><strong>feritate,</strong></span> 
     </span>
    </p>
   </div>
   <div class='ocr_carea' id='block_1_32' title="bbox 171 1465 1807 1512">
    <p class='ocr_par' dir='ltr' id='par_1_32' title="bbox 171 1465 1807 1512">
     <span class='ocr_line' id='line_1_32' title="bbox 171 1465 1807 1512; baseline -0.007 -8"><span class='ocrx_word' id='word_1_419' title='bbox 171 1476 331 1512; x_wconf 86' lang='lat' dir='ltr'><strong>reportavit</strong></span> <span class='ocrx_word' id='word_1_420' title='bbox 343 1483 392 1512; x_wconf 92' lang='lat' dir='ltr'><strong>per</strong></span> <span class='ocrx_word' id='word_1_421' title='bbox 403 1474 655 1503; x_wconf 86' lang='lat' dir='ltr'><strong>sanctilicationem</strong></span> <span class='ocrx_word' id='word_1_422' title='bbox 666 1473 699 1501; x_wconf 87' lang='lat' dir='ltr'><strong>ad</strong></span> <span class='ocrx_word' id='word_1_423' title='bbox 710 1473 824 1507; x_wconf 69' lang='lat' dir='ltr'><strong>regiam,</strong></span> <span class='ocrx_word' id='word_1_424' title='bbox 837 1480 893 1507; x_wconf 90' lang='lat' dir='ltr'><strong>qua</strong></span> <span class='ocrx_word' id='word_1_425' title='bbox 910 1471 1117 1503; x_wconf 82' lang='lat' dir='ltr'><strong>excideramus,</strong></span> <span class='ocrx_word' id='word_1_426' title='bbox 1129 1471 1303 1505; x_wconf 77' lang='lat' dir='ltr'><strong>dignitatem,</strong></span> <span class='ocrx_word' id='word_1_427' title='bbox 1317 1471 1400 1498; x_wconf 81' lang='lat' dir='ltr'><strong>sicuti</strong></span> <span class='ocrx_word' id='word_1_428' title='bbox 1410 1470 1547 1504; x_wconf 91' lang='lat' dir='ltr'><strong>scriptum</strong></span> <span class='ocrx_word' id='word_1_429' title='bbox 1559 1471 1603 1495; x_wconf 83' lang='lat' dir='ltr'><strong>est</strong></span> <span class='ocrx_word' id='word_1_430' title='bbox 1617 1475 1623 1494; x_wconf 91' lang='lat'><strong>:</strong></span> <span class='ocrx_word' id='word_1_431' title='bbox 1640 1466 1741 1494; x_wconf 79' lang='lat' dir='ltr'><strong>Dextra</strong></span> <span class='ocrx_word' id='word_1_432' title='bbox 1753 1465 1807 1492; x_wconf 90' lang='lat' dir='ltr'><strong>Do-</strong></span> 
     </span>
    </p>
   </div>
   <div class='ocr_carea' id='block_1_33' title="bbox 174 1509 1808 1547">
    <p class='ocr_par' dir='ltr' id='par_1_33' title="bbox 174 1509 1808 1547">
     <span class='ocr_line' id='line_1_33' title="bbox 174 1509 1808 1547; baseline -0.007 0"><span class='ocrx_word' id='word_1_433' title='bbox 174 1509 317 1547; x_wconf 79' lang='lat' dir='ltr'><strong>ntinifecit</strong></span> <span class='ocrx_word' id='word_1_434' title='bbox 329 1509 476 1547; x_wconf 80' lang='lat' dir='ltr'><strong>virtutem:</strong></span> <span class='ocrx_word' id='word_1_435' title='bbox 491 1518 586 1546; x_wconf 81' lang='lat' dir='ltr'><strong>dextra</strong></span> <span class='ocrx_word' id='word_1_436' title='bbox 598 1517 707 1545; x_wconf 87' lang='lat' dir='ltr'><strong>Domini</strong></span> <span class='ocrx_word' id='word_1_437' title='bbox 722 1516 854 1544; x_wconf 84' lang='lat' dir='ltr'><strong>exaltavit</strong></span> <span class='ocrx_word' id='word_1_438' title='bbox 867 1515 986 1542; x_wconf 63' lang='lat' dir='ltr'><strong>mem‘a</strong></span> <span class='ocrx_word' id='word_1_439' title='bbox 996 1514 1201 1542; x_wconf 87' lang='lat' dir='ltr'><strong>Nameristus</strong></span> <span class='ocrx_word' id='word_1_440' title='bbox 1213 1515 1240 1542; x_wconf 94' lang='lat' dir='ltr'><strong>in</strong></span> <span class='ocrx_word' id='word_1_441' title='bbox 1257 1514 1392 1542; x_wconf 73' lang='lat' dir='ltr'><strong>extremis</strong></span> <span class='ocrx_word' id='word_1_442' title='bbox 1409 1512 1583 1547; x_wconf 83' lang='lat' dir='ltr'><strong>temporibus</strong></span> <span class='ocrx_word' id='word_1_443' title='bbox 1594 1509 1808 1545; x_wconf 81' lang='lat' dir='ltr'><strong>apprehendens</strong></span> 
     </span>
    </p>
   </div>
   <div class='ocr_carea' id='block_1_34' title="bbox 173 1553 1809 1597">
    <p class='ocr_par' dir='ltr' id='par_1_34' title="bbox 173 1553 1809 1597">
     <span class='ocr_line' id='line_1_34' title="bbox 173 1553 1809 1597; baseline -0.007 -6"><span class='ocrx_word' id='word_1_444' title='bbox 173 1571 239 1596; x_wconf 82' lang='lat' dir='ltr'><strong>nos,</strong></span> <span class='ocrx_word' id='word_1_445' title='bbox 256 1566 288 1590; x_wconf 87' lang='lat' dir='ltr'><strong>ut</strong></span> <span class='ocrx_word' id='word_1_446' title='bbox 302 1562 418 1590; x_wconf 88' lang='lat' dir='ltr'><strong>caudam</strong></span> <span class='ocrx_word' id='word_1_447' title='bbox 437 1561 580 1597; x_wconf 75' lang='lat' dir='ltr'><strong>serpentis</strong></span> <span class='ocrx_word' id='word_1_448' title='bbox 591 1560 693 1592; x_wconf 89' lang='lat' dir='ltr'><strong>Moses,</strong></span> <span class='ocrx_word' id='word_1_449' title='bbox 714 1568 804 1595; x_wconf 84' lang='lat' dir='ltr'><strong>usque</strong></span> <span class='ocrx_word' id='word_1_450' title='bbox 825 1559 859 1586; x_wconf 93' lang='lat' dir='ltr'><strong>ad</strong></span> <span class='ocrx_word' id='word_1_451' title='bbox 881 1562 975 1594; x_wconf 88' lang='lat' dir='ltr'><strong>caput,</strong></span> <span class='ocrx_word' id='word_1_452' title='bbox 994 1558 1021 1586; x_wconf 93' lang='lat' dir='ltr'><strong>id</strong></span> <span class='ocrx_word' id='word_1_453' title='bbox 1035 1563 1088 1592; x_wconf 89' lang='lat' dir='ltr'><strong>est,</strong></span> <span class='ocrx_word' id='word_1_454' title='bbox 1103 1567 1192 1594; x_wconf 86' lang='lat' dir='ltr'><strong>usque</strong></span> <span class='ocrx_word' id='word_1_455' title='bbox 1207 1559 1403 1586; x_wconf 80' lang='lat' dir='ltr'><strong>ad-Adamum</strong></span> <span class='ocrx_word' id='word_1_456' title='bbox 1417 1557 1537 1593; x_wconf 88' lang='lat' dir='ltr'><strong>primum</strong></span> <span class='ocrx_word' id='word_1_457' title='bbox 1560 1559 1704 1590; x_wconf 88' lang='lat' dir='ltr'><strong>parentem</strong></span> <span class='ocrx_word' id='word_1_458' title='bbox 1725 1553 1809 1581; x_wconf 88' lang='lat' dir='ltr'><strong>nobis</strong></span> 
     </span>
    </p>
   </div>
   <div class='ocr_carea' id='block_1_35' title="bbox 174 1598 1808 1642">
    <p class='ocr_par' dir='ltr' id='par_1_35' title="bbox 174 1598 1808 1642">
     <span class='ocr_line' id='line_1_35' title="bbox 174 1598 1808 1642; baseline -0.007 -7"><span class='ocrx_word' id='word_1_459' title='bbox 174 1607 405 1636; x_wconf 86' lang='lat' dir='ltr'><strong>reformationem</strong></span> <span class='ocrx_word' id='word_1_460' title='bbox 416 1607 552 1642; x_wconf 72' lang='lat' dir='ltr'><strong>elargitus</strong></span> <span class='ocrx_word' id='word_1_461' title='bbox 564 1610 615 1632; x_wconf 88' lang='lat' dir='ltr'><strong>est.</strong></span> <span class='ocrx_word' id='word_1_462' title='bbox 633 1604 802 1632; x_wconf 89' lang='lat' dir='ltr'><strong>Universum</strong></span> <span class='ocrx_word' id='word_1_463' title='bbox 811 1610 935 1638; x_wconf 92' lang='lat' dir='ltr'><strong>namque</strong></span> <span class='ocrx_word' id='word_1_464' title='bbox 944 1602 1063 1630; x_wconf 87' lang='lat' dir='ltr'><strong>mortale</strong></span> <span class='ocrx_word' id='word_1_465' title='bbox 1075 1611 1173 1638; x_wconf 73' lang='lat' dir='ltr'><strong>genus,</strong></span> <span class='ocrx_word' id='word_1_466' title='bbox 1183 1603 1264 1638; x_wconf 89' lang='lat' dir='ltr'><strong>quasi</strong></span> <span class='ocrx_word' id='word_1_467' title='bbox 1277 1610 1362 1630; x_wconf 92' lang='lat' dir='ltr'><strong>unum</strong></span> <span class='ocrx_word' id='word_1_468' title='bbox 1374 1604 1553 1635; x_wconf 88' lang='lat' dir='ltr'><strong>computatur</strong></span> <span class='ocrx_word' id='word_1_469' title='bbox 1569 1599 1685 1630; x_wconf 81' lang='lat' dir='ltr'><strong>animal,</strong></span> <span class='ocrx_word' id='word_1_470' title='bbox 1695 1598 1808 1625; x_wconf 83' lang='lat' dir='ltr'><strong>initium</strong></span> 
     </span>
    </p>
   </div>
   <div class='ocr_carea' id='block_1_36' title="bbox 175 1643 1808 1687">
    <p class='ocr_par' dir='ltr' id='par_1_36' title="bbox 175 1643 1808 1687">
     <span class='ocr_line' id='line_1_36' title="bbox 175 1643 1808 1687; baseline -0.007 -7"><span class='ocrx_word' id='word_1_471' title='bbox 175 1653 283 1681; x_wconf 83' lang='lat' dir='ltr'><strong>habens</strong></span> <span class='ocrx_word' id='word_1_472' title='bbox 295 1651 526 1687; x_wconf 84' lang='lat' dir='ltr'><strong>similecapiti,et</strong></span> <span class='ocrx_word' id='word_1_473' title='bbox 534 1649 630 1678; x_wconf 78' lang='lat' dir='ltr'><strong>caudae</strong></span> <span class='ocrx_word' id='word_1_474' title='bbox 641 1649 734 1676; x_wconf 91' lang='lat' dir='ltr'><strong>finem.</strong></span> <span class='ocrx_word' id='word_1_475' title='bbox 742 1648 902 1675; x_wconf 87' lang='lat' dir='ltr'><strong>Adveniens</strong></span> <span class='ocrx_word' id='word_1_476' title='bbox 912 1648 1007 1682; x_wconf 85' lang='lat' dir='ltr'><strong>itaque</strong></span> <span class='ocrx_word' id='word_1_477' title='bbox 1016 1648 1144 1676; x_wconf 88' lang='lat' dir='ltr'><strong>Christus</strong></span> <span class='ocrx_word' id='word_1_478' title='bbox 1155 1648 1183 1674; x_wconf 91' lang='lat' dir='ltr'><strong>in</strong></span> <span class='ocrx_word' id='word_1_479' title='bbox 1193 1647 1328 1675; x_wconf 80' lang='lat' dir='ltr'><strong>extremis</strong></span> <span class='ocrx_word' id='word_1_480' title='bbox 1338 1646 1433 1674; x_wconf 64' lang='lat' dir='ltr'><strong>saeculi</strong></span> <span class='ocrx_word' id='word_1_481' title='bbox 1446 1644 1632 1680; x_wconf 88' lang='lat' dir='ltr'><strong>temporibus,</strong></span> <span class='ocrx_word' id='word_1_482' title='bbox 1644 1643 1808 1670; x_wconf 88' lang='lat' dir='ltr'><strong>universttm</strong></span> 
     </span>
    </p>
   </div>
   <div class='ocr_carea' id='block_1_37' title="bbox 176 1686 1809 1734">
    <p class='ocr_par' dir='ltr' id='par_1_37' title="bbox 176 1686 1809 1734">
     <span class='ocr_line' id='line_1_37' title="bbox 176 1686 1809 1734; baseline -0.007 -10"><span class='ocrx_word' id='word_1_483' title='bbox 176 1686 435 1734; x_wconf 21' lang='lat' dir='ltr'><strong>genushumanumr</strong></span> <span class='ocrx_word' id='word_1_484' title='bbox 448 1694 577 1723; x_wconf 87' lang='lat' dir='ltr'><strong>salvavit.</strong></span> <span class='ocrx_word' id='word_1_485' title='bbox 598 1694 666 1721; x_wconf 85' lang='lat' dir='ltr'><strong>Nam</strong></span> <span class='ocrx_word' id='word_1_486' title='bbox 683 1697 714 1720; x_wconf 89' lang='lat' dir='ltr'><strong>ut</strong></span> <span class='ocrx_word' id='word_1_487' title='bbox 724 1692 864 1720; x_wconf 70' lang='lat' dir='ltr'><strong>memoria:</strong></span> <span class='ocrx_word' id='word_1_488' title='bbox 882 1692 1023 1727; x_wconf 88' lang='lat' dir='ltr'><strong>proditum</strong></span> <span class='ocrx_word' id='word_1_489' title='bbox 1038 1695 1079 1718; x_wconf 88' lang='lat' dir='ltr'><strong>est</strong></span> <span class='ocrx_word' id='word_1_490' title='bbox 1096 1691 1264 1726; x_wconf 84' lang='lat' dir='ltr'><strong>:Propterea</strong></span> <span class='ocrx_word' id='word_1_491' title='bbox 1279 1690 1408 1717; x_wconf 79' lang='lat' dir='ltr'><strong>Christus</strong></span> <span class='ocrx_word' id='word_1_492' title='bbox 1426 1693 1554 1716; x_wconf 91' lang='lat' dir='ltr'><strong>mortuus</strong></span> <span class='ocrx_word' id='word_1_493' title='bbox 1570 1691 1623 1719; x_wconf 84' lang='lat' dir='ltr'><strong>est,</strong></span> <span class='ocrx_word' id='word_1_494' title='bbox 1642 1692 1672 1714; x_wconf 93' lang='lat' dir='ltr'><strong>ut</strong></span> <span class='ocrx_word' id='word_1_495' title='bbox 1683 1686 1809 1713; x_wconf 86' lang='lat' dir='ltr'><strong>vivorqu</strong></span> 
     </span>
    </p>
   </div>
   <div class='ocr_carea' id='block_1_38' title="bbox 176 1730 1810 1771">
    <p class='ocr_par' dir='ltr' id='par_1_38' title="bbox 176 1730 1810 1771">
     <span class='ocr_line' id='line_1_38' title="bbox 176 1730 1810 1771; baseline -0.006 -4"><span class='ocrx_word' id='word_1_496' title='bbox 176 1730 206 1768; x_wconf 56' lang='lat' dir='ltr'><strong>Et</strong></span> <span class='ocrx_word' id='word_1_497' title='bbox 221 1743 396 1767; x_wconf 88' lang='lat' dir='ltr'><strong>mortuorum</strong></span> <span class='ocrx_word' id='word_1_498' title='bbox 415 1737 608 1765; x_wconf 86' lang='lat' dir='ltr'><strong>dominaretur</strong></span> <span class='ocrx_word' id='word_1_499' title='bbox 619 1737 652 1764; x_wconf 86' lang='lat'><strong>&quot;.</strong></span> <span class='ocrx_word' id='word_1_500' title='bbox 682 1745 690 1762; x_wconf 76' lang='grc' dir='ltr'><strong>ι</strong></span> <span class='ocrx_word' id='word_1_501' title='bbox 710 1735 767 1763; x_wconf 87' lang='lat' dir='ltr'><strong>Hec</strong></span> <span class='ocrx_word' id='word_1_502' title='bbox 780 1735 852 1763; x_wconf 87' lang='lat' dir='ltr'><strong>idem</strong></span> <span class='ocrx_word' id='word_1_503' title='bbox 870 1735 1033 1763; x_wconf 89' lang='lat' dir='ltr'><strong>insinuatur</strong></span> <span class='ocrx_word' id='word_1_504' title='bbox 1046 1744 1095 1771; x_wconf 92' lang='lat' dir='ltr'><strong>per</strong></span> <span class='ocrx_word' id='word_1_505' title='bbox 1119 1743 1232 1763; x_wconf 90' lang='lat' dir='ltr'><strong>manum</strong></span> <span class='ocrx_word' id='word_1_506' title='bbox 1260 1735 1338 1770; x_wconf 89' lang='lat' dir='ltr'><strong>lepra</strong></span> <span class='ocrx_word' id='word_1_507' title='bbox 1353 1734 1539 1762; x_wconf 86' lang='lat' dir='ltr'><strong>sordidatam.</strong></span> <span class='ocrx_word' id='word_1_508' title='bbox 1554 1732 1725 1766; x_wconf 88' lang='lat' dir='ltr'><strong>Quantisper</strong></span> <span class='ocrx_word' id='word_1_509' title='bbox 1738 1730 1810 1758; x_wconf 90' lang='lat' dir='ltr'><strong>enim</strong></span> 
     </span>
    </p>
   </div>
   <div class='ocr_carea' id='block_1_39' title="bbox 177 1774 1811 1816">
    <p class='ocr_par' dir='ltr' id='par_1_39' title="bbox 177 1774 1811 1816">
     <span class='ocr_line' id='line_1_39' title="bbox 177 1774 1811 1816; baseline -0.007 -4"><span class='ocrx_word' id='word_1_510' title='bbox 177 1783 264 1812; x_wconf 83' lang='lat' dir='ltr'><strong>homo</strong></span> <span class='ocrx_word' id='word_1_511' title='bbox 283 1782 437 1811; x_wconf 84' lang='lat' dir='ltr'><strong>secundum</strong></span> <span class='ocrx_word' id='word_1_512' title='bbox 458 1780 509 1809; x_wconf 79' lang='lat' dir='ltr'><strong>Dei</strong></span> <span class='ocrx_word' id='word_1_513' title='bbox 532 1780 684 1816; x_wconf 73' lang='lat' dir='ltr'><strong>imaginem</strong></span> <span class='ocrx_word' id='word_1_514' title='bbox 697 1778 828 1807; x_wconf 89' lang='lat' dir='ltr'><strong>conditus</strong></span> <span class='ocrx_word' id='word_1_515' title='bbox 842 1779 971 1806; x_wconf 90' lang='lat' dir='ltr'><strong>manebat</strong></span> <span class='ocrx_word' id='word_1_516' title='bbox 989 1779 1015 1806; x_wconf 84' lang='lat' dir='ltr'><strong>iu</strong></span> <span class='ocrx_word' id='word_1_517' title='bbox 1034 1780 1098 1807; x_wconf 86' lang='lat' dir='ltr'><strong>sinu</strong></span> <span class='ocrx_word' id='word_1_518' title='bbox 1115 1779 1162 1806; x_wconf 87' lang='lat' dir='ltr'><strong>Dei</strong></span> <span class='ocrx_word' id='word_1_519' title='bbox 1179 1786 1296 1807; x_wconf 88' lang='lat' dir='ltr'><strong>servans</strong></span> <span class='ocrx_word' id='word_1_520' title='bbox 1312 1778 1409 1813; x_wconf 74' lang='lat' dir='ltr'><strong>legem,</strong></span> <span class='ocrx_word' id='word_1_521' title='bbox 1432 1778 1569 1812; x_wconf 86' lang='lat' dir='ltr'><strong>tantisper</strong></span> <span class='ocrx_word' id='word_1_522' title='bbox 1592 1784 1684 1815; x_wconf 83' lang='lat' dir='ltr'><strong>purus</strong></span> <span class='ocrx_word' id='word_1_523' title='bbox 1697 1779 1759 1803; x_wconf 87' lang='lat' dir='ltr'><strong>erat</strong></span> <span class='ocrx_word' id='word_1_524' title='bbox 1777 1774 1811 1801; x_wconf 89' lang='lat' dir='ltr'><strong>ab</strong></span> 
     </span>
    </p>
   </div>
   <div class='ocr_carea' id='block_1_40' title="bbox 179 1813 1859 1863">
    <p class='ocr_par' dir='ltr' id='par_1_40' title="bbox 179 1813 1859 1863">
     <span class='ocr_line' id='line_1_40' title="bbox 179 1813 1859 1863; baseline -0.007 -7"><span class='ocrx_word' id='word_1_525' title='bbox 179 1827 259 1856; x_wconf 85' lang='lat' dir='ltr'><strong>omni</strong></span> <span class='ocrx_word' id='word_1_526' title='bbox 279 1827 341 1855; x_wconf 87' lang='lat' dir='ltr'><strong>labe</strong></span> <span class='ocrx_word' id='word_1_527' title='bbox 360 1827 479 1863; x_wconf 81' lang='lat' dir='ltr'><strong>peccati.</strong></span> <span class='ocrx_word' id='word_1_528' title='bbox 500 1813 713 1860; x_wconf 76' lang='lat' dir='ltr'><strong>Quamprimum</strong></span> <span class='ocrx_word' id='word_1_529' title='bbox 741 1823 770 1850; x_wconf 94' lang='lat' dir='ltr'><strong>in</strong></span> <span class='ocrx_word' id='word_1_530' title='bbox 784 1824 872 1858; x_wconf 79' lang='lat' dir='ltr'><strong>legem</strong></span> <span class='ocrx_word' id='word_1_531' title='bbox 894 1823 1023 1858; x_wconf 81' lang='lat' dir='ltr'><strong>deliquit,</strong></span> <span class='ocrx_word' id='word_1_532' title='bbox 1046 1823 1252 1851; x_wconf 89' lang='lat' dir='ltr'><strong>immunditiem</strong></span> <span class='ocrx_word' id='word_1_533' title='bbox 1273 1822 1427 1853; x_wconf 86' lang='lat' dir='ltr'><strong>contraxit,</strong></span> <span class='ocrx_word' id='word_1_534' title='bbox 1450 1825 1479 1849; x_wconf 91' lang='lat' dir='ltr'><strong>et</strong></span> <span class='ocrx_word' id='word_1_535' title='bbox 1502 1813 1700 1848; x_wconf 88' lang='lat' dir='ltr'><strong>abominabilis</strong></span> <span class='ocrx_word' id='word_1_536' title='bbox 1721 1818 1814 1845; x_wconf 86' lang='lat' dir='ltr'><strong>factus</strong></span> <span class='ocrx_word' id='word_1_537' title='bbox 1854 1844 1859 1848; x_wconf 84' lang='grc'>,</span> 
     </span>
    </p>
   </div>
   <div class='ocr_carea' id='block_1_41' title="bbox 179 1862 1807 1912">
    <p class='ocr_par' dir='ltr' id='par_1_41' title="bbox 179 1862 1807 1912">
     <span class='ocr_line' id='line_1_41' title="bbox 179 1862 1807 1912; baseline -0.007 -12"><span class='ocrx_word' id='word_1_538' title='bbox 179 1876 235 1901; x_wconf 85' lang='lat' dir='ltr'><strong>est.</strong></span> <span class='ocrx_word' id='word_1_539' title='bbox 257 1862 396 1912; x_wconf 64' lang='lat' dir='ltr'><strong>Caleruln</strong></span> <span class='ocrx_word' id='word_1_540' title='bbox 412 1869 470 1898; x_wconf 87' lang='lat' dir='ltr'><strong>Deo</strong></span> <span class='ocrx_word' id='word_1_541' title='bbox 485 1868 568 1897; x_wconf 78' lang='lat' dir='ltr'><strong>Patre</strong></span> <span class='ocrx_word' id='word_1_542' title='bbox 583 1876 634 1896; x_wconf 89' lang='lat' dir='ltr'><strong>nos</strong></span> <span class='ocrx_word' id='word_1_543' title='bbox 651 1868 752 1896; x_wconf 87' lang='lat' dir='ltr'><strong>iterum</strong></span> <span class='ocrx_word' id='word_1_544' title='bbox 771 1867 927 1901; x_wconf 79' lang='lat' dir='ltr'><strong>excipiente</strong></span> <span class='ocrx_word' id='word_1_545' title='bbox 950 1867 978 1893; x_wconf 93' lang='lat' dir='ltr'><strong>in</strong></span> <span class='ocrx_word' id='word_1_546' title='bbox 993 1866 1116 1900; x_wconf 87' lang='lat' dir='ltr'><strong>Christo,</strong></span> <span class='ocrx_word' id='word_1_547' title='bbox 1132 1873 1159 1894; x_wconf 91' lang='lat' dir='ltr'><strong>et</strong></span> <span class='ocrx_word' id='word_1_548' title='bbox 1179 1874 1229 1895; x_wconf 90' lang='lat' dir='ltr'><strong>nos</strong></span> <span class='ocrx_word' id='word_1_549' title='bbox 1247 1866 1396 1894; x_wconf 87' lang='lat' dir='ltr'><strong>inducente</strong></span> <span class='ocrx_word' id='word_1_550' title='bbox 1411 1866 1444 1892; x_wconf 90' lang='lat' dir='ltr'><strong>ad</strong></span> <span class='ocrx_word' id='word_1_551' title='bbox 1466 1865 1596 1901; x_wconf 76' lang='lat' dir='ltr'><strong>gratiam,</strong></span> <span class='ocrx_word' id='word_1_552' title='bbox 1616 1863 1695 1898; x_wconf 90' lang='lat' dir='ltr'><strong>quasi</strong></span> <span class='ocrx_word' id='word_1_553' title='bbox 1717 1863 1745 1889; x_wconf 89' lang='lat' dir='ltr'><strong>in</strong></span> <span class='ocrx_word' id='word_1_554' title='bbox 1769 1862 1807 1888; x_wconf 81' lang='lat' dir='ltr'><strong>si-</strong></span> 
     </span>
    </p>
   </div>
   <div class='ocr_carea' id='block_1_42' title="bbox 179 1907 1808 1952">
    <p class='ocr_par' dir='ltr' id='par_1_42' title="bbox 179 1907 1808 1952">
     <span class='ocr_line' id='line_1_42' title="bbox 179 1907 1808 1952; baseline -0.009 -7"><span class='ocrx_word' id='word_1_555' title='bbox 179 1924 248 1945; x_wconf 87' lang='lat' dir='ltr'><strong>num</strong></span> <span class='ocrx_word' id='word_1_556' title='bbox 265 1923 299 1944; x_wconf 80' lang='lat' dir='ltr'><strong>ex</strong></span> <span class='ocrx_word' id='word_1_557' title='bbox 315 1907 442 1952; x_wconf 73' lang='lat' dir='ltr'><strong>pristinae</strong></span> <span class='ocrx_word' id='word_1_558' title='bbox 457 1913 662 1943; x_wconf 80' lang='lat' dir='ltr'><strong>exsecrationis</strong></span> <span class='ocrx_word' id='word_1_559' title='bbox 678 1912 824 1944; x_wconf 88' lang='lat' dir='ltr'><strong>barathro,</strong></span> <span class='ocrx_word' id='word_1_560' title='bbox 839 1912 995 1946; x_wconf 74' lang='lat' dir='ltr'><strong>abiecimus</strong></span> <span class='ocrx_word' id='word_1_561' title='bbox 1012 1910 1105 1938; x_wconf 90' lang='lat' dir='ltr'><strong>denuo</strong></span> <span class='ocrx_word' id='word_1_562' title='bbox 1122 1910 1221 1938; x_wconf 90' lang='lat' dir='ltr'><strong>mortis</strong></span> <span class='ocrx_word' id='word_1_563' title='bbox 1238 1910 1405 1945; x_wconf 87' lang='lat' dir='ltr'><strong>perieulum.</strong></span> <span class='ocrx_word' id='word_1_564' title='bbox 1420 1909 1516 1943; x_wconf 85' lang='lat' dir='ltr'><strong>Itaque</strong></span> <span class='ocrx_word' id='word_1_565' title='bbox 1533 1907 1635 1935; x_wconf 86' lang='lat' dir='ltr'><strong>servati</strong></span> <span class='ocrx_word' id='word_1_566' title='bbox 1651 1912 1748 1934; x_wconf 86' lang='lat' dir='ltr'><strong>sumus</strong></span> <span class='ocrx_word' id='word_1_567' title='bbox 1760 1912 1808 1939; x_wconf 90' lang='lat' dir='ltr'><strong>per</strong></span> 
     </span>
    </p>
   </div>
   <div class='ocr_carea' id='block_1_43' title="bbox 179 1947 1814 1995">
    <p class='ocr_par' dir='ltr' id='par_1_43' title="bbox 179 1947 1814 1995">
     <span class='ocr_line' id='line_1_43' title="bbox 179 1947 1814 1995; baseline -0.009 -7"><span class='ocrx_word' id='word_1_568' title='bbox 179 1959 296 1992; x_wconf 81' lang='lat' dir='ltr'><strong>Filium,</strong></span> <span class='ocrx_word' id='word_1_569' title='bbox 313 1947 396 1995; x_wconf 73' lang='lat' dir='ltr'><strong>quem</strong></span> <span class='ocrx_word' id='word_1_570' title='bbox 413 1958 560 1994; x_wconf 82' lang='lat' dir='ltr'><strong>Scriptura</strong></span> <span class='ocrx_word' id='word_1_571' title='bbox 576 1964 657 1985; x_wconf 85' lang='lat' dir='ltr'><strong>sacra</strong></span> <span class='ocrx_word' id='word_1_572' title='bbox 672 1956 775 1984; x_wconf 83' lang='lat' dir='ltr'><strong>assolet</strong></span> <span class='ocrx_word' id='word_1_573' title='bbox 787 1957 946 1987; x_wconf 89' lang='lat' dir='ltr'><strong>nominare,</strong></span> <span class='ocrx_word' id='word_1_574' title='bbox 965 1961 1091 1987; x_wconf 88' lang='lat' dir='ltr'><strong>manum,</strong></span> <span class='ocrx_word' id='word_1_575' title='bbox 1106 1953 1250 1981; x_wconf 90' lang='lat' dir='ltr'><strong>brachium</strong></span> <span class='ocrx_word' id='word_1_576' title='bbox 1277 1954 1463 1988; x_wconf 82' lang='lat' dir='ltr'><strong>dextramque</strong></span> <span class='ocrx_word' id='word_1_577' title='bbox 1477 1951 1581 1978; x_wconf 88' lang='lat' dir='ltr'><strong>Patris.</strong></span> <span class='ocrx_word' id='word_1_578' title='bbox 1594 1949 1713 1976; x_wconf 82' lang='lat' dir='ltr'><strong>Proinde</strong></span> <span class='ocrx_word' id='word_1_579' title='bbox 1727 1947 1814 1975; x_wconf 84' lang='lat' dir='ltr'><strong>Isaias</strong></span> 
     </span>
    </p>
   </div>
   <div class='ocr_carea' id='block_1_44' title="bbox 181 1989 1813 2038">
    <p class='ocr_par' dir='ltr' id='par_1_44' title="bbox 181 1989 1813 2038">
     <span class='ocr_line' id='line_1_44' title="bbox 181 1989 1813 2038; baseline -0.009 -7"><span class='ocrx_word' id='word_1_580' title='bbox 181 2011 247 2032; x_wconf 87' lang='lat' dir='ltr'><strong>cum</strong></span> <span class='ocrx_word' id='word_1_581' title='bbox 264 1989 487 2038; x_wconf 72' lang='lat' dir='ltr'><strong>reprehenderet</strong></span> <span class='ocrx_word' id='word_1_582' title='bbox 501 1999 612 2028; x_wconf 67' lang='lat' dir='ltr'><strong>ludieos</strong></span> <span class='ocrx_word' id='word_1_583' title='bbox 627 2000 832 2031; x_wconf 86' lang='lat' dir='ltr'><strong>iuobedientes,</strong></span> <span class='ocrx_word' id='word_1_584' title='bbox 854 1998 978 2034; x_wconf 82' lang='lat' dir='ltr'><strong>inquit&quot;</strong></span> <span class='ocrx_word' id='word_1_585' title='bbox 996 2007 1003 2025; x_wconf 87' lang='lat'><strong>:</strong></span> <span class='ocrx_word' id='word_1_586' title='bbox 1022 2007 1031 2023; x_wconf 78' lang='grc' dir='ltr'><strong>ι</strong></span> <span class='ocrx_word' id='word_1_587' title='bbox 1056 1997 1124 2030; x_wconf 88' lang='lat' dir='ltr'><strong>Quis</strong></span> <span class='ocrx_word' id='word_1_588' title='bbox 1139 1996 1260 2024; x_wconf 88' lang='lat' dir='ltr'><strong>credidit</strong></span> <span class='ocrx_word' id='word_1_589' title='bbox 1278 1996 1386 2024; x_wconf 87' lang='lat' dir='ltr'><strong>auditui</strong></span> <span class='ocrx_word' id='word_1_590' title='bbox 1404 1994 1523 2022; x_wconf 79' lang='lat' dir='ltr'><strong>nostro?</strong></span> <span class='ocrx_word' id='word_1_591' title='bbox 1539 1993 1572 2021; x_wconf 84' lang='lat' dir='ltr'><strong>Et</strong></span> <span class='ocrx_word' id='word_1_592' title='bbox 1593 1992 1736 2020; x_wconf 81' lang='lat' dir='ltr'><strong>brachium</strong></span> <span class='ocrx_word' id='word_1_593' title='bbox 1759 1989 1813 2017; x_wconf 57' lang='lat' dir='ltr'><strong>lio-</strong></span> 
     </span>
    </p>
   </div>
   <div class='ocr_carea' id='block_1_45' title="bbox 182 2035 1814 2076">
    <p class='ocr_par' dir='ltr' id='par_1_45' title="bbox 182 2035 1814 2076">
     <span class='ocr_line' id='line_1_45' title="bbox 182 2035 1814 2076; baseline -0.009 -2"><span class='ocrx_word' id='word_1_594' title='bbox 182 2047 252 2074; x_wconf 86' lang='lat' dir='ltr'><strong>mlni</strong></span> <span class='ocrx_word' id='word_1_595' title='bbox 268 2035 314 2074; x_wconf 71' lang='lat' dir='ltr'><strong>cui</strong></span> <span class='ocrx_word' id='word_1_596' title='bbox 328 2045 483 2074; x_wconf 88' lang='lat' dir='ltr'><strong>revelatum</strong></span> <span class='ocrx_word' id='word_1_597' title='bbox 499 2049 542 2073; x_wconf 86' lang='lat' dir='ltr'><strong>est</strong></span> <span class='ocrx_word' id='word_1_598' title='bbox 553 2045 564 2071; x_wconf 68' lang='grc' dir='ltr'>ἵ</span> <span class='ocrx_word' id='word_1_599' title='bbox 575 2053 584 2070; x_wconf 79' lang='grc' dir='ltr'><strong>ι</strong></span> <span class='ocrx_word' id='word_1_600' title='bbox 597 2043 629 2071; x_wconf 86' lang='grc' dir='ltr'>Ει</span> <span class='ocrx_word' id='word_1_601' title='bbox 642 2043 743 2071; x_wconf 87' lang='lat' dir='ltr'><strong>iterum</strong></span> <span class='ocrx_word' id='word_1_602' title='bbox 761 2052 767 2070; x_wconf 93' lang='lat'><strong>:</strong></span> <span class='ocrx_word' id='word_1_603' title='bbox 787 2052 796 2068; x_wconf 85' lang='grc'><strong>‹</strong></span> <span class='ocrx_word' id='word_1_604' title='bbox 807 2041 866 2076; x_wconf 79' lang='lat' dir='ltr'><strong>Ego</strong></span> <span class='ocrx_word' id='word_1_605' title='bbox 882 2050 964 2069; x_wconf 90' lang='lat' dir='ltr'><strong>manu</strong></span> <span class='ocrx_word' id='word_1_606' title='bbox 982 2049 1042 2069; x_wconf 88' lang='lat' dir='ltr'><strong>mea</strong></span> <span class='ocrx_word' id='word_1_607' title='bbox 1061 2041 1234 2070; x_wconf 88' lang='lat' dir='ltr'><strong>consolidavi</strong></span> <span class='ocrx_word' id='word_1_608' title='bbox 1253 2041 1355 2069; x_wconf 55' lang='lat' dir='ltr'><strong>caelum</strong></span> <span class='ocrx_word' id='word_1_609' title='bbox 1366 2039 1401 2066; x_wconf 67' lang='grc'><strong>⁷⁸.</strong></span> <span class='ocrx_word' id='word_1_610' title='bbox 1419 2049 1428 2065; x_wconf 76' lang='grc' dir='ltr'><strong>ι</strong></span> <span class='ocrx_word' id='word_1_611' title='bbox 1445 2038 1479 2065; x_wconf 84' lang='grc' dir='ltr'>Ει</span> <span class='ocrx_word' id='word_1_612' title='bbox 1490 2038 1591 2066; x_wconf 86' lang='lat' dir='ltr'><strong>iterum</strong></span> <span class='ocrx_word' id='word_1_613' title='bbox 1610 2047 1618 2064; x_wconf 87' lang='lat'><strong>:</strong></span> <span class='ocrx_word' id='word_1_614' title='bbox 1639 2045 1649 2063; x_wconf 74' lang='grc' dir='ltr'><strong>ι</strong></span> <span class='ocrx_word' id='word_1_615' title='bbox 1670 2036 1726 2071; x_wconf 75' lang='lat' dir='ltr'><strong>Ego</strong></span> <span class='ocrx_word' id='word_1_616' title='bbox 1741 2035 1814 2062; x_wconf 84' lang='lat' dir='ltr'><strong>enim</strong></span> 
     </span>
    </p>
   </div>
   <div class='ocr_carea' id='block_1_46' title="bbox 183 2079 1813 2118">
    <p class='ocr_par' dir='ltr' id='par_1_46' title="bbox 183 2079 1813 2118">
     <span class='ocr_line' id='line_1_46' title="bbox 183 2079 1813 2118; baseline -0.009 0"><span class='ocrx_word' id='word_1_617' title='bbox 183 2090 321 2118; x_wconf 81' lang='lat' dir='ltr'><strong>Dominus</strong></span> <span class='ocrx_word' id='word_1_618' title='bbox 334 2089 407 2118; x_wconf 84' lang='lat' dir='ltr'><strong>Deus</strong></span> <span class='ocrx_word' id='word_1_619' title='bbox 422 2093 487 2118; x_wconf 86' lang='lat' dir='ltr'><strong>tuus</strong></span> <span class='ocrx_word' id='word_1_620' title='bbox 498 2088 662 2117; x_wconf 88' lang='lat' dir='ltr'><strong>confirmavi</strong></span> <span class='ocrx_word' id='word_1_621' title='bbox 677 2091 714 2118; x_wconf 83' lang='lat' dir='ltr'><strong>te.</strong></span> <span class='ocrx_word' id='word_1_622' title='bbox 724 2091 750 2115; x_wconf 88' lang='lat' dir='ltr'><strong>et</strong></span> <span class='ocrx_word' id='word_1_623' title='bbox 761 2086 912 2114; x_wconf 84' lang='lat' dir='ltr'><strong>auxiliatus</strong></span> <span class='ocrx_word' id='word_1_624' title='bbox 929 2093 991 2114; x_wconf 91' lang='lat' dir='ltr'><strong>sum</strong></span> <span class='ocrx_word' id='word_1_625' title='bbox 1003 2086 1064 2118; x_wconf 87' lang='lat' dir='ltr'><strong>tibi,</strong></span> <span class='ocrx_word' id='word_1_626' title='bbox 1081 2090 1110 2114; x_wconf 91' lang='lat' dir='ltr'><strong>et</strong></span> <span class='ocrx_word' id='word_1_627' title='bbox 1128 2086 1154 2114; x_wconf 84' lang='lat' dir='ltr'><strong>in</strong></span> <span class='ocrx_word' id='word_1_628' title='bbox 1167 2089 1258 2113; x_wconf 89' lang='lat' dir='ltr'><strong>tutum</strong></span> <span class='ocrx_word' id='word_1_629' title='bbox 1277 2083 1415 2113; x_wconf 85' lang='lat' dir='ltr'><strong>collocavi</strong></span> <span class='ocrx_word' id='word_1_630' title='bbox 1432 2089 1459 2110; x_wconf 90' lang='lat' dir='ltr'><strong>te</strong></span> <span class='ocrx_word' id='word_1_631' title='bbox 1478 2082 1578 2110; x_wconf 87' lang='lat' dir='ltr'><strong>dextra</strong></span> <span class='ocrx_word' id='word_1_632' title='bbox 1597 2088 1658 2108; x_wconf 89' lang='lat' dir='ltr'><strong>mea</strong></span> <span class='ocrx_word' id='word_1_633' title='bbox 1674 2080 1751 2115; x_wconf 82' lang='lat' dir='ltr'><strong>justa</strong></span> <span class='ocrx_word' id='word_1_634' title='bbox 1762 2079 1813 2104; x_wconf 73' lang='lat' dir='ltr'><strong>&quot;.r</strong></span> 
     </span>
    </p>
   </div>
   <div class='ocr_carea' id='block_1_47' title="bbox 184 2123 1816 2169">
    <p class='ocr_par' dir='ltr' id='par_1_47' title="bbox 184 2123 1816 2169">
     <span class='ocr_line' id='line_1_47' title="bbox 184 2123 1816 2169; baseline -0.009 -7"><span class='ocrx_word' id='word_1_635' title='bbox 184 2134 272 2162; x_wconf 78' lang='lat' dir='ltr'><strong>Aiunt</strong></span> <span class='ocrx_word' id='word_1_636' title='bbox 295 2132 410 2169; x_wconf 86' lang='lat' dir='ltr'><strong>quidam</strong></span> <span class='ocrx_word' id='word_1_637' title='bbox 433 2133 559 2161; x_wconf 86' lang='lat' dir='ltr'><strong>dextram</strong></span> <span class='ocrx_word' id='word_1_638' title='bbox 576 2131 663 2159; x_wconf 84' lang='lat' dir='ltr'><strong>Mosis</strong></span> <span class='ocrx_word' id='word_1_639' title='bbox 688 2131 765 2166; x_wconf 85' lang='lat' dir='ltr'><strong>lepra</strong></span> <span class='ocrx_word' id='word_1_640' title='bbox 784 2137 892 2158; x_wconf 84' lang='lat' dir='ltr'><strong>erosam</strong></span> <span class='ocrx_word' id='word_1_641' title='bbox 912 2129 1011 2163; x_wconf 86' lang='lat' dir='ltr'><strong>fuisse,</strong></span> <span class='ocrx_word' id='word_1_642' title='bbox 1029 2134 1060 2157; x_wconf 91' lang='lat' dir='ltr'><strong>ut</strong></span> <span class='ocrx_word' id='word_1_643' title='bbox 1083 2129 1292 2165; x_wconf 73' lang='lat' dir='ltr'><strong>signiﬁcaretur</strong></span> <span class='ocrx_word' id='word_1_644' title='bbox 1317 2135 1420 2162; x_wconf 87' lang='lat' dir='ltr'><strong>corpus</strong></span> <span class='ocrx_word' id='word_1_645' title='bbox 1437 2134 1500 2155; x_wconf 84' lang='lat' dir='ltr'><strong>esse</strong></span> <span class='ocrx_word' id='word_1_646' title='bbox 1519 2123 1766 2159; x_wconf 86' lang='lat' dir='ltr'><strong>corrumpendum,</strong></span> <span class='ocrx_word' id='word_1_647' title='bbox 1789 2125 1816 2150; x_wconf 80' lang='lat' dir='ltr'><strong>et</strong></span> 
     </span>
    </p>
   </div>
   <div class='ocr_carea' id='block_1_48' title="bbox 184 2169 1817 2210">
    <p class='ocr_par' dir='ltr' id='par_1_48' title="bbox 184 2169 1817 2210">
     <span class='ocr_line' id='line_1_48' title="bbox 184 2169 1817 2210; baseline -0.009 -4"><span class='ocrx_word' id='word_1_648' title='bbox 184 2177 290 2206; x_wconf 81' lang='lat' dir='ltr'><strong>deinde</strong></span> <span class='ocrx_word' id='word_1_649' title='bbox 305 2177 543 2205; x_wconf 84' lang='lat' dir='ltr'><strong>resuscitandum.</strong></span> <span class='ocrx_word' id='word_1_650' title='bbox 558 2174 627 2202; x_wconf 86' lang='lat' dir='ltr'><strong>Nam</strong></span> <span class='ocrx_word' id='word_1_651' title='bbox 646 2182 700 2210; x_wconf 89' lang='lat' dir='ltr'><strong>qua</strong></span> <span class='ocrx_word' id='word_1_652' title='bbox 720 2174 831 2202; x_wconf 86' lang='lat' dir='ltr'><strong>ratione</strong></span> <span class='ocrx_word' id='word_1_653' title='bbox 843 2181 896 2201; x_wconf 90' lang='lat' dir='ltr'><strong>non</strong></span> <span class='ocrx_word' id='word_1_654' title='bbox 913 2172 1015 2201; x_wconf 81' lang='lat' dir='ltr'><strong>fuisset</strong></span> <span class='ocrx_word' id='word_1_655' title='bbox 1029 2173 1193 2206; x_wconf 89' lang='lat' dir='ltr'><strong>absurdum,</strong></span> <span class='ocrx_word' id='word_1_656' title='bbox 1218 2173 1308 2200; x_wconf 85' lang='lat' dir='ltr'><strong>locum</strong></span> <span class='ocrx_word' id='word_1_657' title='bbox 1330 2172 1421 2208; x_wconf 86' lang='lat' dir='ltr'><strong>ipsum</strong></span> <span class='ocrx_word' id='word_1_658' title='bbox 1440 2170 1528 2198; x_wconf 88' lang='lat' dir='ltr'><strong>fuisse</strong></span> <span class='ocrx_word' id='word_1_659' title='bbox 1563 2169 1668 2197; x_wconf 89' lang='lat' dir='ltr'><strong>dictum</strong></span> <span class='ocrx_word' id='word_1_660' title='bbox 1688 2169 1817 2194; x_wconf 84' lang='lat' dir='ltr'><strong>sanctum</strong></span> 
     </span>
    </p>
   </div>
   <div class='ocr_carea' id='block_1_49' title="bbox 186 2209 1819 2258">
    <p class='ocr_par' dir='ltr' id='par_1_49' title="bbox 186 2209 1819 2258">
     <span class='ocr_line' id='line_1_49' title="bbox 186 2209 1819 2258; baseline -0.01 -8"><span class='ocrx_word' id='word_1_661' title='bbox 186 2226 308 2258; x_wconf 86' lang='lat' dir='ltr'><strong>propter</strong></span> <span class='ocrx_word' id='word_1_662' title='bbox 321 2221 420 2255; x_wconf 87' lang='lat' dir='ltr'><strong>Deum,</strong></span> <span class='ocrx_word' id='word_1_663' title='bbox 439 2221 487 2257; x_wconf 84' lang='lat' dir='ltr'><strong>qui</strong></span> <span class='ocrx_word' id='word_1_664' title='bbox 502 2221 539 2248; x_wconf 89' lang='lat' dir='ltr'><strong>ibi</strong></span> <span class='ocrx_word' id='word_1_665' title='bbox 554 2209 733 2256; x_wconf 79' lang='lat' dir='ltr'><strong>apparuerat,</strong></span> <span class='ocrx_word' id='word_1_666' title='bbox 753 2226 817 2246; x_wconf 88' lang='lat' dir='ltr'><strong>eum</strong></span> <span class='ocrx_word' id='word_1_667' title='bbox 831 2218 938 2246; x_wconf 87' lang='lat' dir='ltr'><strong>diceret</strong></span> <span class='ocrx_word' id='word_1_668' title='bbox 955 2228 961 2246; x_wconf 89' lang='lat'><strong>:</strong></span> <span class='ocrx_word' id='word_1_669' title='bbox 982 2227 991 2243; x_wconf 85' lang='grc'><em>‹</em></span> <span class='ocrx_word' id='word_1_670' title='bbox 1012 2216 1094 2244; x_wconf 88' lang='lat' dir='ltr'><strong>Solve</strong></span> <span class='ocrx_word' id='word_1_671' title='bbox 1111 2216 1305 2244; x_wconf 87' lang='lat' dir='ltr'><strong>ealceamenta</strong></span> <span class='ocrx_word' id='word_1_672' title='bbox 1320 2221 1380 2248; x_wconf 84' lang='lat' dir='ltr'><strong>tua,</strong></span> <span class='ocrx_word' id='word_1_673' title='bbox 1395 2224 1404 2241; x_wconf 70' lang='lat' dir='ltr'><strong>i</strong></span> <span class='ocrx_word' id='word_1_674' title='bbox 1421 2219 1488 2246; x_wconf 87' lang='lat' dir='ltr'><strong>etc.,</strong></span> <span class='ocrx_word' id='word_1_675' title='bbox 1504 2220 1566 2241; x_wconf 90' lang='lat' dir='ltr'><strong>eum</strong></span> <span class='ocrx_word' id='word_1_676' title='bbox 1583 2209 1819 2258; x_wconf 60' lang='lat' dir='ltr'><strong>autem,qui_erat</strong></span> 
     </span>
    </p>
   </div>
   <div class='ocr_carea' id='block_1_50' title="bbox 186 2252 1820 2300">
    <p class='ocr_par' dir='ltr' id='par_1_50' title="bbox 186 2252 1820 2300">
     <span class='ocr_line' id='line_1_50' title="bbox 186 2252 1820 2300; baseline -0.01 -6"><span class='ocrx_word' id='word_1_677' title='bbox 186 2252 343 2294; x_wconf 63' lang='lat' dir='ltr'><strong>secundum</strong></span> <span class='ocrx_word' id='word_1_678' title='bbox 361 2252 458 2300; x_wconf 51' lang='lat' dir='ltr'><strong>legem-</strong></span> <span class='ocrx_word' id='word_1_679' title='bbox 469 2252 608 2300; x_wconf 70' lang='lat' dir='ltr'><strong>impurus,</strong></span> <span class='ocrx_word' id='word_1_680' title='bbox 627 2262 756 2290; x_wconf 88' lang='lat' dir='ltr'><strong>laborare</strong></span> <span class='ocrx_word' id='word_1_681' title='bbox 778 2262 853 2296; x_wconf 88' lang='lat' dir='ltr'><strong>lepra</strong></span> <span class='ocrx_word' id='word_1_682' title='bbox 867 2265 893 2288; x_wconf 91' lang='lat' dir='ltr'><strong>et</strong></span> <span class='ocrx_word' id='word_1_683' title='bbox 909 2260 963 2288; x_wconf 80' lang='lat' dir='ltr'><strong>loci</strong></span> <span class='ocrx_word' id='word_1_684' title='bbox 981 2260 1162 2288; x_wconf 87' lang='lat' dir='ltr'><strong>sanctitatem</strong></span> <span class='ocrx_word' id='word_1_685' title='bbox 1186 2268 1241 2288; x_wconf 89' lang='lat' dir='ltr'><strong>non</strong></span> <span class='ocrx_word' id='word_1_686' title='bbox 1259 2259 1370 2295; x_wconf 89' lang='lat' dir='ltr'><strong>pollui?</strong></span> <span class='ocrx_word' id='word_1_687' title='bbox 1385 2258 1523 2286; x_wconf 82' lang='lat' dir='ltr'><strong>Caeterum</strong></span> <span class='ocrx_word' id='word_1_688' title='bbox 1535 2257 1587 2284; x_wconf 87' lang='lat' dir='ltr'><strong>sub</strong></span> <span class='ocrx_word' id='word_1_689' title='bbox 1602 2255 1655 2282; x_wconf 91' lang='lat' dir='ltr'><strong>hoc</strong></span> <span class='ocrx_word' id='word_1_690' title='bbox 1667 2258 1732 2289; x_wconf 83' lang='lat' dir='ltr'><strong>typo</strong></span> <span class='ocrx_word' id='word_1_691' title='bbox 1752 2252 1820 2279; x_wconf 87' lang='lat' dir='ltr'><strong>latet</strong></span> 
     </span>
    </p>
   </div>
   <div class='ocr_carea' id='block_1_51' title="bbox 187 2296 1821 2344">
    <p class='ocr_par' dir='ltr' id='par_1_51' title="bbox 187 2296 1821 2344">
     <span class='ocr_line' id='line_1_51' title="bbox 187 2296 1821 2344; baseline -0.009 -8"><span class='ocrx_word' id='word_1_692' title='bbox 187 2309 257 2337; x_wconf 76' lang='lat' dir='ltr'><strong>illud</strong></span> <span class='ocrx_word' id='word_1_693' title='bbox 270 2308 433 2344; x_wconf 79' lang='lat' dir='ltr'><strong>mysterium</strong></span> <span class='ocrx_word' id='word_1_694' title='bbox 451 2317 458 2335; x_wconf 90' lang='lat'><strong>:</strong></span> <span class='ocrx_word' id='word_1_695' title='bbox 472 2296 590 2335; x_wconf 73' lang='lat' dir='ltr'><strong>mortem</strong></span> <span class='ocrx_word' id='word_1_696' title='bbox 601 2296 820 2342; x_wconf 17' lang='lat' dir='ltr'><strong>rpraacessuram,</strong></span> <span class='ocrx_word' id='word_1_697' title='bbox 838 2304 919 2332; x_wconf 85' lang='lat' dir='ltr'><strong>sicuti</strong></span> <span class='ocrx_word' id='word_1_698' title='bbox 937 2305 1065 2332; x_wconf 90' lang='lat' dir='ltr'><strong>innuitur</strong></span> <span class='ocrx_word' id='word_1_699' title='bbox 1082 2313 1130 2340; x_wconf 83' lang='lat' dir='ltr'><strong>per</strong></span> <span class='ocrx_word' id='word_1_700' title='bbox 1140 2305 1243 2340; x_wconf 86' lang='lat' dir='ltr'><strong>lepram</strong></span> <span class='ocrx_word' id='word_1_701' title='bbox 1255 2312 1264 2336; x_wconf 85' lang='lat'><strong><em>;</em></strong></span> <span class='ocrx_word' id='word_1_702' title='bbox 1280 2303 1381 2331; x_wconf 86' lang='lat' dir='ltr'><strong>deinde</strong></span> <span class='ocrx_word' id='word_1_703' title='bbox 1395 2307 1592 2331; x_wconf 87' lang='lat' dir='ltr'><strong>successuram</strong></span> <span class='ocrx_word' id='word_1_704' title='bbox 1606 2296 1821 2326; x_wconf 81' lang='lat' dir='ltr'><strong>renovationem</strong></span> 
     </span>
    </p>
   </div>
   <div class='ocr_carea' id='block_1_52' title="bbox 187 2341 1821 2382">
    <p class='ocr_par' dir='ltr' id='par_1_52' title="bbox 187 2341 1821 2382">
     <span class='ocr_line' id='line_1_52' title="bbox 187 2341 1821 2382; baseline -0.01 -2"><span class='ocrx_word' id='word_1_705' title='bbox 187 2358 216 2380; x_wconf 88' lang='lat' dir='ltr'><strong>et</strong></span> <span class='ocrx_word' id='word_1_706' title='bbox 230 2341 481 2382; x_wconf 75' lang='lat' dir='ltr'><strong>resurrectionem.</strong></span> <span class='ocrx_word' id='word_1_707' title='bbox 503 2341 643 2378; x_wconf 20' lang='lat' dir='ltr'><strong>Potestiet</strong></span> <span class='ocrx_word' id='word_1_708' title='bbox 662 2344 687 2377; x_wconf 87' lang='lat' dir='ltr'><strong>is</strong></span> <span class='ocrx_word' id='word_1_709' title='bbox 707 2356 808 2377; x_wconf 84' lang='lat' dir='ltr'><strong>sensus</strong></span> <span class='ocrx_word' id='word_1_710' title='bbox 825 2348 892 2375; x_wconf 86' lang='lat' dir='ltr'><strong>hinc</strong></span> <span class='ocrx_word' id='word_1_711' title='bbox 906 2348 970 2375; x_wconf 87' lang='lat' dir='ltr'><strong>elici</strong></span> <span class='ocrx_word' id='word_1_712' title='bbox 992 2358 999 2376; x_wconf 90' lang='lat'><strong>:</strong></span> <span class='ocrx_word' id='word_1_713' title='bbox 1016 2348 1114 2376; x_wconf 76' lang='lat' dir='ltr'><strong>Manus</strong></span> <span class='ocrx_word' id='word_1_714' title='bbox 1130 2348 1188 2376; x_wconf 89' lang='lat' dir='ltr'><strong>fere</strong></span> <span class='ocrx_word' id='word_1_715' title='bbox 1215 2348 1318 2382; x_wconf 87' lang='lat' dir='ltr'><strong>ubique</strong></span> <span class='ocrx_word' id='word_1_716' title='bbox 1343 2347 1452 2381; x_wconf 79' lang='lat' dir='ltr'><strong>signum</strong></span> <span class='ocrx_word' id='word_1_717' title='bbox 1479 2348 1521 2372; x_wconf 88' lang='lat' dir='ltr'><strong>est</strong></span> <span class='ocrx_word' id='word_1_718' title='bbox 1541 2350 1666 2378; x_wconf 89' lang='lat' dir='ltr'><strong>operum.</strong></span> <span class='ocrx_word' id='word_1_719' title='bbox 1684 2341 1821 2368; x_wconf 72' lang='lat' dir='ltr'><strong>Cteterum</strong></span> 
     </span>
    </p>
   </div>
   <div class='ocr_carea' id='block_1_53' title="bbox 189 2382 1821 2433">
    <p class='ocr_par' dir='ltr' id='par_1_53' title="bbox 189 2382 1821 2433">
     <span class='ocr_line' id='line_1_53' title="bbox 189 2382 1821 2433; baseline -0.01 -8"><span class='ocrx_word' id='word_1_720' title='bbox 189 2397 252 2425; x_wconf 69' lang='lat' dir='ltr'><strong>dna</strong></span> <span class='ocrx_word' id='word_1_721' title='bbox 267 2396 397 2433; x_wconf 65' lang='lat' dir='ltr'><strong>quaedam</strong></span> <span class='ocrx_word' id='word_1_722' title='bbox 414 2395 545 2431; x_wconf 71' lang='lat' dir='ltr'><strong>potentia:</strong></span> <span class='ocrx_word' id='word_1_723' title='bbox 559 2395 728 2423; x_wconf 79' lang='lat' dir='ltr'><strong>exstiterunt</strong></span> <span class='ocrx_word' id='word_1_724' title='bbox 740 2394 768 2420; x_wconf 84' lang='lat' dir='ltr'><strong>in</strong></span> <span class='ocrx_word' id='word_1_725' title='bbox 788 2393 851 2420; x_wconf 87' lang='lat' dir='ltr'><strong>sinu</strong></span> <span class='ocrx_word' id='word_1_726' title='bbox 869 2392 964 2420; x_wconf 86' lang='lat' dir='ltr'><strong>Mosis.</strong></span> <span class='ocrx_word' id='word_1_727' title='bbox 979 2392 1051 2424; x_wconf 90' lang='lat' dir='ltr'><strong>Una,</strong></span> <span class='ocrx_word' id='word_1_728' title='bbox 1068 2400 1130 2427; x_wconf 72' lang='lat' dir='ltr'><strong>quae</strong></span> <span class='ocrx_word' id='word_1_729' title='bbox 1139 2391 1292 2419; x_wconf 85' lang='lat' dir='ltr'><strong>secundum</strong></span> <span class='ocrx_word' id='word_1_730' title='bbox 1304 2390 1424 2417; x_wconf 78' lang='lat' dir='ltr'><strong>litterarii</strong></span> <span class='ocrx_word' id='word_1_731' title='bbox 1439 2393 1581 2416; x_wconf 88' lang='lat' dir='ltr'><strong>externam</strong></span> <span class='ocrx_word' id='word_1_732' title='bbox 1594 2384 1765 2419; x_wconf 80' lang='lat' dir='ltr'><strong>intelligebat</strong></span> <span class='ocrx_word' id='word_1_733' title='bbox 1780 2382 1821 2433; x_wconf 73' lang='lat' dir='ltr'><strong>le-</strong></span> 
     </span>
    </p>
   </div>
   <div class='ocr_carea' id='block_1_54' title="bbox 189 2426 1824 2476">
    <p class='ocr_par' dir='ltr' id='par_1_54' title="bbox 189 2426 1824 2476">
     <span class='ocr_line' id='line_1_54' title="bbox 189 2426 1824 2476; baseline -0.009 -8"><span class='ocrx_word' id='word_1_734' title='bbox 189 2426 577 2476; x_wconf 57' lang='lat' dir='ltr'><strong>gem,-eamqueiitteratiter</strong></span> <span class='ocrx_word' id='word_1_735' title='bbox 594 2437 813 2473; x_wconf 85' lang='lat' dir='ltr'><strong>exsequebatur.</strong></span> <span class='ocrx_word' id='word_1_736' title='bbox 834 2444 896 2471; x_wconf 85' lang='lat' dir='ltr'><strong>quae</strong></span> <span class='ocrx_word' id='word_1_737' title='bbox 913 2437 1025 2471; x_wconf 91' lang='lat' dir='ltr'><strong>quidem</strong></span> <span class='ocrx_word' id='word_1_738' title='bbox 1043 2426 1167 2472; x_wconf 81' lang='lat' dir='ltr'><strong>potentia</strong></span> <span class='ocrx_word' id='word_1_739' title='bbox 1189 2435 1308 2463; x_wconf 88' lang='lat' dir='ltr'><strong>habebat</strong></span> <span class='ocrx_word' id='word_1_740' title='bbox 1323 2442 1393 2470; x_wconf 91' lang='lat' dir='ltr'><strong>opus</strong></span> <span class='ocrx_word' id='word_1_741' title='bbox 1419 2433 1496 2467; x_wconf 84' lang='lat' dir='ltr'><strong>lepra</strong></span> <span class='ocrx_word' id='word_1_742' title='bbox 1518 2430 1748 2458; x_wconf 85' lang='lat' dir='ltr'><strong>contaminatum.</strong></span> <span class='ocrx_word' id='word_1_743' title='bbox 1773 2426 1824 2453; x_wconf 82' lang='lat' dir='ltr'><strong>Al-</strong></span> 
     </span>
    </p>
   </div>
   <div class='ocr_carea' id='block_1_55' title="bbox 191 2473 1824 2519">
    <p class='ocr_par' dir='ltr' id='par_1_55' title="bbox 191 2473 1824 2519">
     <span class='ocr_line' id='line_1_55' title="bbox 191 2473 1824 2519; baseline -0.009 -7"><span class='ocrx_word' id='word_1_744' title='bbox 191 2473 254 2512; x_wconf 62' lang='lat' dir='ltr'><strong>tera</strong></span> <span class='ocrx_word' id='word_1_745' title='bbox 269 2473 394 2519; x_wconf 77' lang='lat' dir='ltr'><strong>potentia</strong></span> <span class='ocrx_word' id='word_1_746' title='bbox 410 2490 442 2511; x_wconf 86' lang='lat' dir='ltr'><strong>ea</strong></span> <span class='ocrx_word' id='word_1_747' title='bbox 460 2488 513 2514; x_wconf 87' lang='lat' dir='ltr'><strong>est,</strong></span> <span class='ocrx_word' id='word_1_748' title='bbox 533 2488 595 2516; x_wconf 62' lang='lat' dir='ltr'><strong>qua</strong></span> <span class='ocrx_word' id='word_1_749' title='bbox 611 2482 699 2516; x_wconf 72' lang='lat' dir='ltr'><strong>legem</strong></span> <span class='ocrx_word' id='word_1_750' title='bbox 723 2480 910 2515; x_wconf 89' lang='lat' dir='ltr'><strong>spiritualiter</strong></span> <span class='ocrx_word' id='word_1_751' title='bbox 927 2480 1042 2515; x_wconf 85' lang='lat' dir='ltr'><strong>accipit,</strong></span> <span class='ocrx_word' id='word_1_752' title='bbox 1056 2486 1082 2508; x_wconf 88' lang='lat' dir='ltr'><strong>et</strong></span> <span class='ocrx_word' id='word_1_753' title='bbox 1095 2481 1158 2507; x_wconf 76' lang='lat' dir='ltr'><strong>vita:</strong></span> <span class='ocrx_word' id='word_1_754' title='bbox 1170 2479 1318 2515; x_wconf 88' lang='lat' dir='ltr'><strong>puritatem</strong></span> <span class='ocrx_word' id='word_1_755' title='bbox 1334 2479 1567 2510; x_wconf 85' lang='lat' dir='ltr'><strong>honestatemque</strong></span> <span class='ocrx_word' id='word_1_756' title='bbox 1586 2473 1701 2504; x_wconf 90' lang='lat' dir='ltr'><strong>inducit,</strong></span> <span class='ocrx_word' id='word_1_757' title='bbox 1717 2476 1824 2504; x_wconf 84' lang='lat' dir='ltr'><strong>nosque</strong></span> 
     </span>
    </p>
   </div>
   <div class='ocr_carea' id='block_1_56' title="bbox 191 2516 1825 2564">
    <p class='ocr_par' dir='ltr' id='par_1_56' title="bbox 191 2516 1825 2564">
     <span class='ocr_line' id='line_1_56' title="bbox 191 2516 1825 2564; baseline -0.01 -8"><span class='ocrx_word' id='word_1_758' title='bbox 191 2516 341 2564; x_wconf 63' lang='lat' dir='ltr'><strong>coniungit</strong></span> <span class='ocrx_word' id='word_1_759' title='bbox 358 2535 407 2564; x_wconf 86' lang='lat' dir='ltr'><strong>per</strong></span> <span class='ocrx_word' id='word_1_760' title='bbox 421 2527 514 2555; x_wconf 88' lang='lat' dir='ltr'><strong>omnia</strong></span> <span class='ocrx_word' id='word_1_761' title='bbox 528 2525 666 2553; x_wconf 87' lang='lat' dir='ltr'><strong>voluntati</strong></span> <span class='ocrx_word' id='word_1_762' title='bbox 684 2524 801 2551; x_wconf 90' lang='lat' dir='ltr'><strong>Christi.</strong></span> <span class='ocrx_word' id='word_1_763' title='bbox 816 2523 955 2550; x_wconf 75' lang='lat' dir='ltr'><strong>Cazterum</strong></span> <span class='ocrx_word' id='word_1_764' title='bbox 976 2524 1133 2564; x_wconf 81' lang='lat' dir='ltr'><strong>notandum</strong></span> <span class='ocrx_word' id='word_1_765' title='bbox 1145 2524 1288 2554; x_wconf 88' lang='lat' dir='ltr'><strong>existimo,</strong></span> <span class='ocrx_word' id='word_1_766' title='bbox 1305 2521 1380 2557; x_wconf 83' lang='lat' dir='ltr'><strong>quod</strong></span> <span class='ocrx_word' id='word_1_767' title='bbox 1399 2521 1476 2548; x_wconf 91' lang='lat' dir='ltr'><strong>illico</strong></span> <span class='ocrx_word' id='word_1_768' title='bbox 1492 2518 1576 2546; x_wconf 87' lang='lat' dir='ltr'><strong>infert</strong></span> <span class='ocrx_word' id='word_1_769' title='bbox 1593 2526 1600 2544; x_wconf 85' lang='lat'><strong>:</strong></span> <span class='ocrx_word' id='word_1_770' title='bbox 1619 2526 1628 2542; x_wconf 85' lang='grc'><strong>‹</strong></span> <span class='ocrx_word' id='word_1_771' title='bbox 1647 2516 1675 2543; x_wconf 84' lang='lat' dir='ltr'><strong>Si</strong></span> <span class='ocrx_word' id='word_1_772' title='bbox 1690 2523 1743 2542; x_wconf 91' lang='lat' dir='ltr'><strong>non</strong></span> <span class='ocrx_word' id='word_1_773' title='bbox 1759 2521 1825 2564; x_wconf 41' lang='lat' dir='ltr'><strong>pter:</strong></span> 
     </span>
    </p>
   </div>
   <div class='ocr_carea' id='block_1_57' title="bbox 193 2556 1823 2607">
    <p class='ocr_par' dir='ltr' id='par_1_57' title="bbox 193 2556 1823 2607">
     <span class='ocr_line' id='line_1_57' title="bbox 193 2556 1823 2607; baseline -0.011 -7"><span class='ocrx_word' id='word_1_774' title='bbox 193 2556 273 2600; x_wconf 48' lang='lat' dir='ltr'><strong>iungi</strong></span> <span class='ocrx_word' id='word_1_775' title='bbox 290 2556 383 2607; x_wconf 49' lang='lat' dir='ltr'><strong>{aurium</strong></span> <span class='ocrx_word' id='word_1_776' title='bbox 403 2571 486 2606; x_wconf 71' lang='lat' dir='ltr'><strong>signo</strong></span> <span class='ocrx_word' id='word_1_777' title='bbox 509 2569 559 2597; x_wconf 89' lang='lat' dir='ltr'><strong>tibi</strong></span> <span class='ocrx_word' id='word_1_778' title='bbox 579 2569 663 2596; x_wconf 81' lang='lat' dir='ltr'><strong>fidem</strong></span> <span class='ocrx_word' id='word_1_779' title='bbox 680 2568 840 2599; x_wconf 85' lang='lat' dir='ltr'><strong>habuerint,</strong></span> <span class='ocrx_word' id='word_1_780' title='bbox 855 2571 932 2595; x_wconf 88' lang='lat' dir='ltr'><strong>certe</strong></span> <span class='ocrx_word' id='word_1_781' title='bbox 954 2557 1200 2601; x_wconf 71' lang='lat' dir='ltr'><strong>persuadebuntur</strong></span> <span class='ocrx_word' id='word_1_782' title='bbox 1223 2556 1347 2593; x_wconf 84' lang='lat' dir='ltr'><strong>secundo</strong></span> <span class='ocrx_word' id='word_1_783' title='bbox 1369 2564 1461 2600; x_wconf 77' lang='lat' dir='ltr'><strong>signo,</strong></span> <span class='ocrx_word' id='word_1_784' title='bbox 1484 2566 1511 2590; x_wconf 87' lang='lat' dir='ltr'><strong>et</strong></span> <span class='ocrx_word' id='word_1_785' title='bbox 1530 2561 1581 2588; x_wconf 89' lang='lat' dir='ltr'><strong>tibi</strong></span> <span class='ocrx_word' id='word_1_786' title='bbox 1603 2556 1823 2607; x_wconf 46' lang='lat' dir='ltr'><strong>credemur-Qui</strong></span> 
     </span>
    </p>
   </div>
   <div class='ocr_carea' id='block_1_58' title="bbox 193 2600 1824 2643">
    <p class='ocr_par' dir='ltr' id='par_1_58' title="bbox 193 2600 1824 2643">
     <span class='ocr_line' id='line_1_58' title="bbox 193 2600 1824 2643; baseline -0.009 0"><span class='ocrx_word' id='word_1_787' title='bbox 193 2615 269 2643; x_wconf 81' lang='lat' dir='ltr'><strong>enim</strong></span> <span class='ocrx_word' id='word_1_788' title='bbox 280 2600 338 2643; x_wconf 70' lang='lat' dir='ltr'><strong>lion</strong></span> <span class='ocrx_word' id='word_1_789' title='bbox 351 2600 448 2642; x_wconf 59' lang='lat' dir='ltr'><strong>credet</strong></span> <span class='ocrx_word' id='word_1_790' title='bbox 463 2613 561 2642; x_wconf 83' lang='lat' dir='ltr'><strong>sensui</strong></span> <span class='ocrx_word' id='word_1_791' title='bbox 578 2611 696 2640; x_wconf 88' lang='lat' dir='ltr'><strong>litterali</strong></span> <span class='ocrx_word' id='word_1_792' title='bbox 713 2611 749 2638; x_wconf 91' lang='lat' dir='ltr'><strong>ob</strong></span> <span class='ocrx_word' id='word_1_793' title='bbox 767 2610 920 2638; x_wconf 86' lang='lat' dir='ltr'><strong>immens&#39;as</strong></span> <span class='ocrx_word' id='word_1_794' title='bbox 932 2600 1019 2638; x_wconf 85' lang='lat' dir='ltr'><strong>animi</strong></span> <span class='ocrx_word' id='word_1_795' title='bbox 1035 2619 1084 2639; x_wconf 86' lang='lat' dir='ltr'><strong>seu</strong></span> <span class='ocrx_word' id='word_1_796' title='bbox 1104 2612 1205 2639; x_wconf 86' lang='lat' dir='ltr'><strong>mentis</strong></span> <span class='ocrx_word' id='word_1_797' title='bbox 1215 2611 1314 2638; x_wconf 87' lang='lat' dir='ltr'><strong>dotes:</strong></span> <span class='ocrx_word' id='word_1_798' title='bbox 1332 2610 1356 2637; x_wconf 89' lang='lat' dir='ltr'><strong>is</strong></span> <span class='ocrx_word' id='word_1_799' title='bbox 1368 2613 1444 2636; x_wconf 87' lang='lat' dir='ltr'><strong>certe</strong></span> <span class='ocrx_word' id='word_1_800' title='bbox 1460 2607 1589 2642; x_wconf 89' lang='lat' dir='ltr'><strong>capietur</strong></span> <span class='ocrx_word' id='word_1_801' title='bbox 1602 2602 1740 2638; x_wconf 89' lang='lat' dir='ltr'><strong>spirituali</strong></span> <span class='ocrx_word' id='word_1_802' title='bbox 1755 2600 1824 2635; x_wconf 80' lang='lat' dir='ltr'><strong>legis</strong></span> 
     </span>
    </p>
   </div>
   <div class='ocr_carea' id='block_1_59' title="bbox 194 2643 1824 2696">
    <p class='ocr_par' dir='ltr' id='par_1_59' title="bbox 194 2643 1824 2696">
     <span class='ocr_line' id='line_1_59' title="bbox 194 2643 1824 2696; baseline -0.01 -8"><span class='ocrx_word' id='word_1_803' title='bbox 194 2658 385 2696; x_wconf 80' lang='lat' dir='ltr'><strong>expositione.</strong></span> <span class='ocrx_word' id='word_1_804' title='bbox 403 2657 437 2686; x_wconf 87' lang='lat' dir='ltr'><strong>Ei</strong></span> <span class='ocrx_word' id='word_1_805' title='bbox 448 2665 526 2690; x_wconf 83' lang='lat' dir='ltr'><strong>vero,</strong></span> <span class='ocrx_word' id='word_1_806' title='bbox 540 2657 588 2693; x_wconf 87' lang='lat' dir='ltr'><strong>qui</strong></span> <span class='ocrx_word' id='word_1_807' title='bbox 613 2663 670 2684; x_wconf 91' lang='lat' dir='ltr'><strong>non</strong></span> <span class='ocrx_word' id='word_1_808' title='bbox 682 2655 777 2683; x_wconf 89' lang='lat' dir='ltr'><strong>credet</strong></span> <span class='ocrx_word' id='word_1_809' title='bbox 791 2655 882 2693; x_wconf 79' lang='lat' dir='ltr'><strong>primo</strong></span> <span class='ocrx_word' id='word_1_810' title='bbox 897 2655 990 2690; x_wconf 76' lang='lat' dir='ltr'><strong>signo,</strong></span> <span class='ocrx_word' id='word_1_811' title='bbox 1011 2656 1092 2691; x_wconf 90' lang='lat' dir='ltr'><strong>cujus</strong></span> <span class='ocrx_word' id='word_1_812' title='bbox 1103 2663 1175 2691; x_wconf 83' lang='lat' dir='ltr'><strong>opus</strong></span> <span class='ocrx_word' id='word_1_813' title='bbox 1192 2656 1331 2690; x_wconf 87' lang='lat' dir='ltr'><strong>leprosum</strong></span> <span class='ocrx_word' id='word_1_814' title='bbox 1349 2656 1491 2684; x_wconf 86' lang='lat' dir='ltr'><strong>censetur,</strong></span> <span class='ocrx_word' id='word_1_815' title='bbox 1527 2657 1577 2677; x_wconf 88' lang='lat' dir='ltr'><strong>nec</strong></span> <span class='ocrx_word' id='word_1_816' title='bbox 1598 2648 1731 2680; x_wconf 86' lang='lat' dir='ltr'><strong>secundo,</strong></span> <span class='ocrx_word' id='word_1_817' title='bbox 1750 2643 1824 2680; x_wconf 72' lang='lat' dir='ltr'><strong>quoi</strong></span> 
     </span>
    </p>
   </div>
   <div class='ocr_carea' id='block_1_60' title="bbox 196 2691 1826 2740">
    <p class='ocr_par' dir='ltr' id='par_1_60' title="bbox 196 2691 1826 2740">
     <span class='ocr_line' id='line_1_60' title="bbox 196 2691 1826 2740; baseline -0.011 -8"><span class='ocrx_word' id='word_1_818' title='bbox 196 2691 347 2732; x_wconf 68' lang='lat' dir='ltr'><strong>sanitatem</strong></span> <span class='ocrx_word' id='word_1_819' title='bbox 364 2703 511 2740; x_wconf 83' lang='lat' dir='ltr'><strong>pristinam</strong></span> <span class='ocrx_word' id='word_1_820' title='bbox 522 2691 626 2734; x_wconf 76' lang='lat' dir='ltr'><strong>reddit,</strong></span> <span class='ocrx_word' id='word_1_821' title='bbox 638 2702 674 2735; x_wconf 89' lang='lat' dir='ltr'><strong>ei,</strong></span> <span class='ocrx_word' id='word_1_822' title='bbox 694 2691 905 2736; x_wconf 28' lang='lat' dir='ltr'><strong>inquampaqua</strong></span> <span class='ocrx_word' id='word_1_823' title='bbox 921 2703 1100 2727; x_wconf 82' lang='lat' dir='ltr'><strong>convertetur</strong></span> <span class='ocrx_word' id='word_1_824' title='bbox 1113 2699 1139 2725; x_wconf 89' lang='lat' dir='ltr'><strong>in</strong></span> <span class='ocrx_word' id='word_1_825' title='bbox 1149 2697 1324 2734; x_wconf 77' lang='lat' dir='ltr'><strong>sanguinem.</strong></span> <span class='ocrx_word' id='word_1_826' title='bbox 1346 2696 1384 2723; x_wconf 83' lang='lat' dir='ltr'><strong>De</strong></span> <span class='ocrx_word' id='word_1_827' title='bbox 1410 2695 1462 2722; x_wconf 90' lang='lat' dir='ltr'><strong>hoc</strong></span> <span class='ocrx_word' id='word_1_828' title='bbox 1485 2693 1558 2720; x_wconf 90' lang='lat' dir='ltr'><strong>enim</strong></span> <span class='ocrx_word' id='word_1_829' title='bbox 1575 2691 1655 2725; x_wconf 72' lang='lat' dir='ltr'><strong>signo</strong></span> <span class='ocrx_word' id='word_1_830' title='bbox 1751 2694 1826 2740; x_wconf 69' lang='lat' dir='ltr'><strong>repe-</strong></span> 
     </span>
    </p>
   </div>
   <div class='ocr_carea' id='block_1_61' title="bbox 198 2730 1828 2777">
    <p class='ocr_par' dir='ltr' id='par_1_61' title="bbox 198 2730 1828 2777">
     <span class='ocr_line' id='line_1_61' title="bbox 198 2730 1828 2777; baseline -0.012 -1"><span class='ocrx_word' id='word_1_831' title='bbox 198 2750 295 2776; x_wconf 84' lang='lat' dir='ltr'><strong>tuutur</strong></span> <span class='ocrx_word' id='word_1_832' title='bbox 305 2747 353 2776; x_wconf 85' lang='lat' dir='ltr'><strong>illa</strong></span> <span class='ocrx_word' id='word_1_833' title='bbox 365 2730 454 2777; x_wconf 67' lang='lat' dir='ltr'><strong>rverba</strong></span> <span class='ocrx_word' id='word_1_834' title='bbox 470 2755 477 2774; x_wconf 92' lang='lat'>:</span> <span class='ocrx_word' id='word_1_835' title='bbox 497 2755 507 2773; x_wconf 79' lang='grc' dir='ltr'><strong>ι</strong></span> <span class='ocrx_word' id='word_1_836' title='bbox 527 2745 557 2773; x_wconf 90' lang='lat' dir='ltr'><strong>Si</strong></span> <span class='ocrx_word' id='word_1_837' title='bbox 575 2730 765 2777; x_wconf 73' lang='lat' dir='ltr'><strong>crediderunt,</strong></span> <span class='ocrx_word' id='word_1_838' title='bbox 784 2754 794 2771; x_wconf 73' lang='grc' dir='ltr'><strong>ι</strong></span> <span class='ocrx_word' id='word_1_839' title='bbox 811 2730 866 2771; x_wconf 65' lang='lat' dir='ltr'><strong>aut</strong></span> <span class='ocrx_word' id='word_1_840' title='bbox 878 2753 887 2769; x_wconf 83' lang='grc' dir='ltr'><strong>ι</strong></span> <span class='ocrx_word' id='word_1_841' title='bbox 907 2751 963 2771; x_wconf 91' lang='lat' dir='ltr'><strong>non</strong></span> <span class='ocrx_word' id='word_1_842' title='bbox 979 2743 1169 2771; x_wconf 86' lang='lat' dir='ltr'><strong>crediderunt.</strong></span> <span class='ocrx_word' id='word_1_843' title='bbox 1189 2730 1288 2768; x_wconf 48' lang='lat' dir='ltr'><strong>)‘Satis</strong></span> <span class='ocrx_word' id='word_1_844' title='bbox 1304 2746 1422 2773; x_wconf 86' lang='lat' dir='ltr'><strong>namque</strong></span> <span class='ocrx_word' id='word_1_845' title='bbox 1439 2739 1559 2766; x_wconf 77' lang='lat' dir='ltr'><strong>constat,</strong></span> <span class='ocrx_word' id='word_1_846' title='bbox 1578 2735 1629 2766; x_wconf 90' lang='lat' dir='ltr'><strong>illi,</strong></span> <span class='ocrx_word' id='word_1_847' title='bbox 1646 2732 1692 2767; x_wconf 88' lang='lat' dir='ltr'><strong>qui</strong></span> <span class='ocrx_word' id='word_1_848' title='bbox 1706 2732 1749 2758; x_wconf 83' lang='lat' dir='ltr'><strong>bis</strong></span> <span class='ocrx_word' id='word_1_849' title='bbox 1760 2730 1828 2757; x_wconf 76' lang='lat' dir='ltr'><strong>duo—</strong></span> 
     </span>
    </p>
   </div>
   <div class='ocr_carea' id='block_1_62' title="bbox 235 2816 1826 2866">
    <p class='ocr_par' dir='ltr' id='par_1_62' title="bbox 235 2816 1826 2866">
     <span class='ocr_line' id='line_1_62' title="bbox 235 2816 1826 2866; baseline -0.01 -4"><span class='ocrx_word' id='word_1_850' title='bbox 235 2836 258 2852; x_wconf 84' lang='grc'>⁶’</span> <span class='ocrx_word' id='word_1_851' title='bbox 272 2834 350 2862; x_wconf 84' lang='lat' dir='ltr'><strong>Joan.</strong></span> <span class='ocrx_word' id='word_1_852' title='bbox 371 2843 412 2866; x_wconf 85' lang='lat' dir='ltr'><strong>nt,</strong></span> <span class='ocrx_word' id='word_1_853' title='bbox 430 2834 473 2861; x_wconf 69' lang='lat' dir='ltr'><strong>llo.</strong></span> <span class='ocrx_word' id='word_1_854' title='bbox 513 2834 537 2849; x_wconf 84' lang='grc'><strong>⁷⁸</strong></span> <span class='ocrx_word' id='word_1_855' title='bbox 553 2832 650 2861; x_wconf 89' lang='lat' dir='ltr'><strong>llCor.</strong></span> <span class='ocrx_word' id='word_1_856' title='bbox 664 2840 691 2864; x_wconf 66' lang='grc' dir='ltr'><strong>ν,</strong></span> <span class='ocrx_word' id='word_1_857' title='bbox 706 2832 750 2860; x_wconf 77' lang='lat'><strong>2|.</strong></span> <span class='ocrx_word' id='word_1_858' title='bbox 788 2831 810 2848; x_wconf 86' lang='lat'><strong><em>&quot;</em></strong></span> <span class='ocrx_word' id='word_1_859' title='bbox 825 2830 907 2859; x_wconf 81' lang='lat' dir='ltr'><strong>Hebr.</strong></span> <span class='ocrx_word' id='word_1_860' title='bbox 923 2838 960 2863; x_wconf 84' lang='grc' dir='ltr'>ιιι,</span> <span class='ocrx_word' id='word_1_861' title='bbox 975 2830 1000 2858; x_wconf 83' lang='lat' dir='ltr'><strong>i.</strong></span> <span class='ocrx_word' id='word_1_862' title='bbox 1038 2829 1077 2845; x_wconf 76' lang='lat'><strong>&#39;“&quot;</strong></span> <span class='ocrx_word' id='word_1_863' title='bbox 1092 2828 1164 2856; x_wconf 63' lang='lat' dir='ltr'><strong>Psal.</strong></span> <span class='ocrx_word' id='word_1_864' title='bbox 1178 2835 1261 2861; x_wconf 43' lang='lat' dir='ltr'><strong>c‘xvu,</strong></span> <span class='ocrx_word' id='word_1_865' title='bbox 1283 2826 1323 2854; x_wconf 81' lang='lat' dir='ltr'><strong>l6.</strong></span> <span class='ocrx_word' id='word_1_866' title='bbox 1365 2825 1388 2841; x_wconf 82' lang='grc'><strong>⁷²</strong></span> <span class='ocrx_word' id='word_1_867' title='bbox 1400 2824 1479 2851; x_wconf 80' lang='lat' dir='ltr'><strong>Rom.</strong></span> <span class='ocrx_word' id='word_1_868' title='bbox 1494 2829 1549 2854; x_wconf 82' lang='lat' dir='ltr'><strong>xw,</strong></span> <span class='ocrx_word' id='word_1_869' title='bbox 1561 2820 1587 2847; x_wconf 86' lang='lat'><strong>9.</strong></span> <span class='ocrx_word' id='word_1_870' title='bbox 1625 2818 1648 2834; x_wconf 88' lang='lat'>&quot;</span> <span class='ocrx_word' id='word_1_871' title='bbox 1661 2817 1782 2849; x_wconf 80' lang='lat' dir='ltr'><strong>lsa.LlIt,</strong></span> <span class='ocrx_word' id='word_1_872' title='bbox 1804 2816 1826 2842; x_wconf 90' lang='grc'><strong>1-</strong></span> 
     </span>
    </p>
   </div>
   <div class='ocr_carea' id='block_1_63' title="bbox 206 2868 670 2905">
    <p class='ocr_par' dir='ltr' id='par_1_63' title="bbox 206 2868 670 2905">
     <span class='ocr_line' id='line_1_63' title="bbox 206 2868 670 2905; baseline -0.004 -9"><span class='ocrx_word' id='word_1_873' title='bbox 206 2871 232 2888; x_wconf 66' lang='grc'><strong>⁷⁸</strong></span> <span class='ocrx_word' id='word_1_874' title='bbox 244 2869 296 2898; x_wconf 82' lang='lat' dir='ltr'><strong>lsa.</strong></span> <span class='ocrx_word' id='word_1_875' title='bbox 314 2878 357 2905; x_wconf 70' lang='lat' dir='ltr'><strong>at,</strong></span> <span class='ocrx_word' id='word_1_876' title='bbox 377 2869 418 2896; x_wconf 76' lang='lat' dir='ltr'><strong>l2.</strong></span> <span class='ocrx_word' id='word_1_877' title='bbox 456 2869 478 2886; x_wconf 89' lang='lat'><strong>&quot;</strong></span> <span class='ocrx_word' id='word_1_878' title='bbox 495 2868 546 2896; x_wconf 86' lang='lat' dir='ltr'><strong>lsa.</strong></span> <span class='ocrx_word' id='word_1_879' title='bbox 560 2876 615 2902; x_wconf 75' lang='lat' dir='ltr'><strong>XLI,</strong></span> <span class='ocrx_word' id='word_1_880' title='bbox 630 2868 670 2895; x_wconf 91' lang='lat' dir='ltr'><strong>l0.</strong></span> 
     </span>
    </p>
   </div>
  </div>
