4028 6222
369 270 476 335 535
1667 287 2018 351 PROCOPII
2051 262 2296 348 cum
3517 278 3627 345 536

370 387 478 442 bus
507 402 616 442 non
655 389 954 448 adducitur
983 394 1185 468 signis,
1211 412 1411 471 aquam
1453 399 1522 457 de
1557 399 1790 458 flumine
1806 410 2087 472 sumptam
2116 400 2272 456 abire
2294 399 2349 455 in
2372 384 2658 461 cruorem,
2687 413 2791 455 nec
2824 383 2987 470 posse
3020 398 3094 455 ob
3121 411 3280 455 suam
3314 395 3628 453 increduli-

350 476 541 530 'tatcm
578 475 777 535 dulces
807 488 863 536 et
900 476 1181 553 potabiies
1205 485 1420 543 Christi
1458 486 1685 545 haurire
1724 487 1986 544 faucibus
2019 502 2217 557 aquas.
2246 484 2485 553 Quidam
2518 487 2783 556 inquiunt
2809 486 2913 540 hac
2945 484 3014 540 de
3050 497 3218 541 causa
3252 484 3482 555 leproste
3509 498 3629 537 ma-

373 578 479 618 nus
525 563 736 621 editum
778 569 1024 642 signum.
1054 571 1194 628 Cum
1232 589 1432 647 magna
1460 585 1515 633 et
1539 578 1813 647 stupenda
1846 576 2117 631 miracula
2133 574 2307 645 Mosis
2340 576 2534 632 dextra
2562 582 2713 631 esset
2749 574 2988 639 factura,
3022 572 3170 629 Deus
3194 587 3313 629 eam
3343 573 3498 643 prius
3530 570 3629 626 de-

372 649 557 707 hilitat
595 654 761 725 lepra
799 660 1082 731 contagio,
1119 669 1177 717 ut
1210 662 1306 718 ubi
1342 662 1528 720 Moses
1569 664 1941 734 comperisset
1970 664 2168 720 carnis
2198 663 2663 728 imbecillitatem,
2701 663 2866 718 etiam
2898 661 2992 717 Dei
3015 663 3246 732 gratiam
3277 673 3496 729 semper
3527 671 3626 713 co-

372 741 585 814 gnitam
611 752 669 798 et
696 757 1041 816 perspectam
1074 750 1331 809 haberet.
1365 751 1604 819 Quidam
1637 759 1893 810 asserunt
1923 750 2062 807 illud
2087 759 2404 821 portentum
2438 749 2764 820 contigisse,
2799 757 2861 803 ut
2887 750 3279 804 ostenderetur
3315 747 3468 817 justo
3513 760 3625 799 non

371 844 496 886 esse
529 831 703 902 legem
738 834 997 904 positam.
1035 835 1192 894 Licet
1223 839 1430 896 deinde
1466 841 1616 913 leges
1646 840 1890 905 sanciat,
1932 854 2045 909 quo
2079 845 2245 908 pacto
2274 838 2504 892 morbus
2530 837 2698 909 lepra'
2723 836 2799 892 sit
2829 835 3240 893 examinandus
3285 842 3342 889 et
3388 834 3629 887 immun-

371 917 477 973 dus
507 922 995 989 pronuntiandus:
1027 932 1215 981 tamen
1250 927 1533 998 plerasque
1567 929 1717 997 leges
1747 928 1824 982 ita
1854 927 2135 987 feruntur,
2171 926 2335 995 quasi
2361 923 2555 980 stultis
2582 932 2638 979 et
2667 923 2854 979 adhuc
2883 921 3195 978 infantibus
3225 920 3447 977 dentur.
3477 918 3627 975 Adeo

376 1005 543 1075 228
573 1007 807 1066 mirifice
837 1018 1045 1066 nostra:
1079 1012 1399 1068 infirmitati
1436 1027 1500 1069 se
1540 1013 1928 1069 accommodat
1958 1021 2013 1069 et
2044 1017 2379 1081 attemperat
2400 1010 2568 1068 Deus.

452 1095 620 1152 Vens.
650 1101 703 1156 9.
734 1102 974 1171 Accipies
1014 1104 1080 1160 de
1115 1122 1257 1176 aqua
1290 1105 1553 1175 ﬂuminis,
1584 1117 1634 1161 et
1666 1105 1909 1174 effunde:
1933 1121 2092 1176 super
2123 1104 2356 1171 aridam,
2385 1115 2433 1159 et
2466 1104 2565 1158 erit
2613 1121 2776 1175 aqua,
2802 1122 2963 1178 quam
3017 1105 3081 1160 de
3113 1103 3334 1174 ﬂumine
3363 1100 3628 1166 hauseris,

378 1187 598 1255 sanguis
632 1202 789 1256 super
818 1191 998 1246 arida.
1027 1192 1273 1247 Tertium
1297 1192 1402 1247 hoc
1448 1193 1670 1269 signum
1701 1194 1759 1247 in
1800 1193 2124 1249 memoriam
2163 1201 2395 1247 revocat
2427 1198 2486 1247 et
2516 1192 2819 1247 annuntiat
2857 1192 3156 1247 infantium
3196 1191 3250 1244 in
3291 1189 3495 1243 flumen
3528 1186 3629 1240 ab-

375 1270 694 1339 jectionem.
729 1274 984 1333 Subsunt
1023 1294 1248 1350 quoque
1282 1279 1576 1352 mysteria.
1605 1278 1837 1336 Necnon
1899 1281 2020 1351 ipse
2043 1283 2326 1340 ternarius
2357 1284 2686 1354 perhibetur
2708 1285 3004 1357 mysticus.
3040 1280 3177 1338 Nam
3202 1280 3384 1336 Moses
3407 1279 3473 1335 ad
3504 1292 3631 1334 eum

381 1357 604 1414 modum
634 1361 928 1433 accipiens
960 1365 1066 1420 tria
1106 1367 1287 1437 signa,
1328 1367 1548 1424 scilicet
1582 1382 1679 1437 per
1709 1368 1945 1439 virgam,
1980 1385 2079 1440 per
2104 1372 2592 1429 mortificationem
2615 1379 2672 1428 et
2696 1373 3195 1437 resurrectionem,
3219 1384 3317 1440 per
3343 1382 3544 1439 aquam
3576 1372 3634 1422 et

379 1448 738 1520 sanguinem,
767 1455 924 1521 quasi
959 1456 1240 1525 primitias
1284 1457 1677 1529 mysteriorum
1706 1458 1935 1527 obiecit.
1975 1457 2223 1514 Primum
2272 1474 2514 1531 namque
2564 1461 2893 1533 mysterium
2944 1470 3031 1517 est
3065 1475 3231 1524 crux,
3275 1458 3502 1513 tertium
3546 1462 3634 1509 est

380 1550 551 1591 cruor
601 1540 696 1607 qui
762 1539 920 1598 fluxit
971 1558 1037 1599 ex
1097 1545 1273 1600 latere
1328 1545 1573 1611 Christi,
1636 1545 1878 1601 medium
1928 1562 2026 1618 per
2094 1562 2154 1603 se
2204 1554 2378 1619 patet.
2434 1547 2617 1619 Atque
2676 1550 2796 1605 haec
2872 1549 3054 1604 latent
3101 1546 3211 1603 sub
3278 1546 3459 1600 tribus
3519 1541 3635 1597 illis

350 1625 557 1694 signis
591 1628 880 1697 mysteria.
915 1628 1189 1685 Caeterum
1237 1633 1354 1686 haec
1392 1632 1580 1687 omnia
1620 1631 1923 1689 manifeste
1958 1633 2246 1691 declarant
2286 1635 2721 1691 inobedientiam
2769 1634 3113 1701 Iudaeorum,
3155 1647 3297 1704 quos
3324 1631 3474 1686 nulla
3511 1643 3632 1683 mo-

382 1727 515 1767 vere
547 1713 849 1782 quiverunt
881 1716 1162 1787 prodigia.
1206 1717 1310 1773 Vix
1351 1717 1576 1773 tandem
1605 1717 1772 1774 te’rtio
1800 1720 1964 1790 signo
1984 1721 2214 1792 quidam
2241 1722 2492 1789 illorum,
2525 1736 2722 1795 nempe
2755 1723 3012 1790 reliquiae
3038 1721 3345 1778 secundum
3372 1719 3633 1790 gratiam,

387 1799 551 1856 fidem
580 1803 1011 1860 accommodare
1037 1805 1093 1859 in
1128 1808 1375 1861 animum
1409 1805 1702 1863 induxere.
1741 1804 1849 1861 Sed
1878 1807 1971 1863 hic
2002 1807 2225 1864 videtur
2271 1824 2442 1875 mors,
2474 1825 2639 1881 quam
2672 1809 2900 1865 denotat
2927 1807 3157 1878 sanguis
3189 1815 3284 1862 :et
3327 1806 3511 1859 vicina
3541 1817 3632 1856 re-

383 1889 682 1957 surrectio,
715 1906 839 1961 quae
862 1892 977 1949 duo
1013 1892 1193 1949 instar
1222 1895 1511 1964 signorum
1543 1893 1675 1948 data
1701 1904 1837 1950 sunt
1862 1895 1995 1953 filiis
2030 1896 2225 1963 lsraei,
2245 1899 2469 1955 dicente
2505 1899 2824 1955 Salvatore:
2860 1917 2878 1950 ι
2907 1897 3203 1954 Generatio
3228 1896 3369 1950 mala
3397 1902 3450 1948 et
3474 1890 3634 1946 adul-

383 1985 499 2031 tera
532 1978 752 2048 signum
777 1979 1053 2049 exquirit;
1087 1987 1145 2035 et
1166 1980 1385 2051 signum
1421 1994 1534 2035 non
1566 1979 1792 2035 dabitur
1823 1981 1929 2048 illi,
1964 1982 2076 2038 nisi
2113 1986 2331 2056 signum
2360 1984 2514 2042 Jonae
2544 1987 2923 2058 prophetae";
2953 2004 2971 2038 ι
3007 1984 3213 2056 quibus
3248 1980 3431 2036 verbis
3461 1977 3635 2047 signi-

386 2062 587 2127 ficabat
621 2078 779 2120 suam
836 2074 1091 2133 mortem,
1121 2082 1227 2138 qua
1265 2083 1379 2123 non
1409 2068 1592 2123 solum
1629 2081 1697 2123 ex
1736 2065 1968 2134 Judmis,
2001 2072 2095 2126 sed
2124 2072 2292 2127 etiam
2323 2088 2391 2128 ex
2433 2075 2692 2142 gentibus
2740 2088 2904 2143 quam
2938 2072 3211 2143 plurimos
3248 2068 3633 2137 acquisiturus

386 2160 562 2214 esset,
586 2151 743 2222 juxta
768 2153 903 2209 illud
930 2174 975 2208 ει
994 2154 1231 2221 Quando
1258 2156 1536 2211 exaltatus
1561 2155 1721 2210 fuero
1739 2164 1966 2222 eterra,
1998 2172 2197 2216 omnes
2216 2161 2435 2215 traham
2462 2161 2529 2223 ad
2558 2176 2665 2216 me.
2688 2179 2707 2214 ι
2742 2160 2861 2215 iluc
2880 2159 3011 2215 facit
3034 2156 3342 2214 similitudo
3370 2156 3437 2209 de
3463 2166 3633 2225 grano

387 2238 557 2293 tritici
611 2238 679 2311 [f.
713 2240 974 2313 sinapisl.
1011 2240 1183 2299 Unius
1215 2242 1312 2299 Dei
1347 2258 1529 2298 sermo
1564 2243 2078 2315 repraesentabatur
2111 2260 2207 2316 per
2241 2261 2464 2317 aquam,
2503 2263 2627 2317 qua:
2655 2248 2778 2318 ejus
2809 2248 2889 2304 rei
2920 2246 3142 2318 signum
3183 2252 3291 2300 est.
3320 2240 3457 2296 Nam
3490 2255 3634 2310 aqua

385 2339 419 2379 ο
446 2322 678 2383 ﬂumine
712 2337 940 2399 accepta
981 2328 1318 2400 significavit
1354 2328 1558 2385 Filium
1593 2328 1843 2400 ejusdem
1874 2344 2002 2386 cum
2052 2330 2215 2391 Patre
2244 2348 2370 2391 esse
2401 2334 2750 2400 substantiae,
2781 2334 2837 2389 id
2875 2343 2982 2403 est,
3009 2331 3320 2404 ὁμοούσιον.
3356 2328 3452 2385 Est
3482 2329 3632 2384 enim

384 2413 495 2497 vita
526 2429 593 2470 ex
624 2414 758 2481 vita,
802 2425 857 2473 et
904 2418 999 2473 lux
1034 2419 1103 2475 de
1141 2418 1286 2474 luce.
1325 2418 1485 2486 Quod
1530 2433 1662 2474 vero
1701 2432 1849 2490 aqua
1895 2417 2236 2477 fundebatur
2281 2422 2459 2484 humi,
2511 2420 2779 2476 indicavit
2824 2419 3115 2476 Sermonis
3169 2417 3630 2473 incarnationem.

389 2497 497 2553 Sed
527 2514 802 2558 conversa
825 2512 909 2559 est
942 2504 997 2557 in
1024 2518 1305 2560 cruorem.
1340 2504 1543 2560 Sermo
1582 2503 1699 2571 Dei,
1733 2506 1778 2560 si
1813 2520 1912 2576 per
1932 2521 1995 2564 se
2024 2507 2436 2576 consideretur,
2465 2517 2551 2564 est
2582 2509 2717 2564 vita.
2753 2506 2896 2575 Quia
2928 2521 3062 2562 vero
3087 2513 3334 2562 nostram
3375 2511 3633 2558 naturam

386 2585 592 2654 induit,
624 2596 860 2645 mortem
897 2591 1234 2647 sustinuisse
1261 2591 1626 2663 praedicatur.
1664 2590 1777 2648 Nec
1802 2593 1950 2648 enim
1982 2606 2126 2662 aqua
2164 2594 2221 2647 in
2257 2606 2514 2649 cruorem
2551 2592 2750 2648 fuisset
2781 2606 2967 2654 versa,
3000 2590 3109 2645 nisi
3141 2590 3293 2660 prius
3325 2587 3475 2642 humi
3503 2584 3635 2639 fuis-

389 2682 474 2728 set
498 2674 696 2731 efiusa.
732 2674 850 2734 Hoc
881 2692 1016 2735 vero
1051 2680 1381 2736 miraculum
1420 2680 1497 2735 ita
1528 2679 1799 2737 alliciebat
1823 2681 1970 2751 pios,
1998 2690 2059 2735 ut
2087 2678 2381 2735 crederent
2409 2680 2691 2735 destructa
2732 2686 2911 2735 morte
2935 2686 2991 2735 et
3037 2676 3412 2747 corruptione,
3438 2673 3636 2728 humao

390 2776 515 2816 nam
557 2776 813 2820 naturam
843 2767 1065 2824 evolare
1090 2769 1143 2823 in
1173 2776 1435 2825 aeternam
1467 2770 1660 2825 vitam.
1699 2767 1770 2825 Ut
1801 2769 1948 2824 enim
1992 2769 2048 2823 in
2098 2766 2314 2821 Adamo
2374 2782 2569 2823 omnes
2618 2766 2915 2831 morimur,
2971 2767 3054 2821 sic
3094 2766 3151 2821 in
3178 2763 3407 2820 Christo
3442 2773 3637 2815 omnes

377 2848 811 2911 'viviticahimur.
832 2852 1229 2911 Verumtamen
1262 2864 1317 2911 et
1348 2855 1458 2913 hoc
1490 2862 1652 2929 signo
1682 2856 1949 2922 exhibito,
1972 2852 2203 2909 timidus
2236 2852 2415 2909 Moses
2428 2853 2839 2927 tergiversatur
2857 2861 2911 2908 et
2936 2868 3125 2908 moras
3154 2850 3351 2916 nectit,
3373 2854 3636 2904 excusat-

385 2951 497 3006 que
531 2937 750 2995 dicendi
784 2942 1139 3011 imperitiam,
1172 2958 1441 3016 suamque
1466 2943 1920 3009 imbecillitatem,
1960 2941 2240 3014 praecipue
2270 2940 2417 3012 quod
2469 2941 2776 2998 audivisset
2821 2939 2993 2996 Deum
3034 2940 3215 3010 ipsum
3253 2935 3638 2992 sermocinan-

386 3032 524 3080 tem.
554 3024 925 3085 Existimabat
956 3030 1103 3085 enim
1148 3030 1447 3086 humanam
1480 3030 1797 3088 facundiam
1822 3032 1961 3086 nihil
1988 3029 2216 3085 differre
2250 3047 2280 3085 a
2309 3030 2504 3094 mutis,
2552 3029 2600 3084 si
2638 3027 2966 3085 conferatur
3009 3044 3133 3084 cum
3166 3026 3482 3082 divinorum
3524 3022 3640 3077 elo-

385 3109 644 3178 quiorum
667 3114 931 3169 veritate.
964 3115 1235 3172 Praeterea
1275 3130 1402 3173 cum
1442 3127 1641 3189 suapte
1691 3127 1892 3173 natura
1921 3108 2221 3175 cautus'et
2252 3121 2378 3192 pius
2411 3120 2576 3184 foret,
2626 3135 2696 3175 ne
2731 3120 3017 3175 videretur
3055 3117 3164 3174 sibi
3211 3127 3475 3185 arrogare
3522 3125 3642 3165 ma-

386 3196 586 3273 gnifica
614 3199 703 3255 illa
738 3199 905 3269 facta,
935 3203 1191 3259 nonnihil
1218 3208 1612 3270 cunctabatur,
1644 3207 1954 3277 praesertim
1981 3206 2095 3263 Deo
2125 3206 2347 3262 dicente
2386 3207 2489 3278 ipsi
2522 3206 2721 3264 adesse
2753 3206 3053 3277 potentiam
3087 3213 3141 3261 et
3171 3204 3281 3258 vim
3320 3197 3641 3269 corrigendi

390 3283 470 3349 id,
499 3286 647 3357 quod
683 3288 790 3345 sibi
822 3291 1017 3348 deesse
1046 3292 1521 3363 conquerebatur.
1552 3293 1663 3349 Lex
1691 3294 1965 3364 siquidem
1998 3293 2261 3358 balbutit,
2296 3309 2401 3349 nec
2430 3294 2640 3349 diserte
2682 3292 3081 3364 promissiones
3114 3289 3428 3344 divinorum
3479 3298 3643 3339 arca-

387 3388 588 3431 norum
621 3378 879 3448 explicat.
908 3380 1167 3437 Christus
1191 3388 1275 3437 est
1304 3380 1496 3437 Levita
1527 3397 1695 3438 verus
1726 3392 1782 3438 et
1802 3380 2055 3437 Pontifex
2096 3381 2396 3446 maximus,
2427 3380 2588 3451 cujus
2623 3379 3021 3453 typum‘gessit
3044 3376 3251 3433 Aaron.
3283 3374 3395 3429 Lex
3417 3372 3641 3441 quidem

388 3461 585 3518 docuit
616 3463 972 3536 insipientes,
999 3468 1345 3539 umbrasque
1382 3468 1703 3525 futurorum
1738 3468 2041 3539 descripsit
2068 3478 2124 3525 et
2153 3468 2224 3523 ob
2257 3468 2454 3525 oculos
2482 3467 2696 3538 posuit.
2728 3466 2986 3521 Christus
3024 3462 3353 3536 planissime
3394 3461 3643 3515 disertus

389 3551 599 3607 nudam
623 3554 792 3611 nobis
820 3555 982 3611 offert
1002 3557 1318 3613 veritatem.
1339 3555 1628 3627 Sapientia
1653 3556 1801 3612 enim
1831 3555 2014 3613 Patris
2057 3565 2168 3612 est.
2196 3556 2318 3611 Non
2354 3555 2525 3627 igitur
2550 3555 2687 3612 satis
2715 3554 3007 3611 sufficiens
3039 3562 3126 3609 est
3164 3552 3250 3607 lex
3280 3549 3346 3604 ad
3376 3558 3646 3620 prastan-

389 3638 517 3693 dam
542 3640 853 3700 libertatem
892 3644 1023 3710 illis,
1059 3644 1155 3716 qui
1191 3644 1466 3716 suppositi
1489 3652 1622 3701 sunt
1654 3644 1840 3699 manui
1865 3644 2172 3700 invisibilis
2200 3643 2535 3701 Pharaonis.
2565 3644 2850 3700 Christum
2882 3643 3081 3700 adesse
3105 3648 3349 3713 oportet,
3374 3646 3429 3694 et
3456 3653 3560 3693 nos
3587 3637 3644 3691 in
3679 3667 3686 3673 -

388 3727 701 3786 libertatem
722 3745 996 3789 asserere.
1028 3731 1096 3788 Ni
1128 3726 1390 3789 enim'lex
1422 3733 1792 3804 spiritualiter
1830 3722 2203 3803 intelligatur,
2265 3731 2638 3802 Christusque
2679 3732 2840 3788 nobis
2875 3732 3093 3787 occulta
3123 3729 3356 3793 revelet,
3390 3725 3646 3811 profect'o

386 3817 752 3874 tenebrosum
776 3826 833 3875 et
861 3820 1161 3877 obscurum
1187 3821 1317 3884 erit,
1349 3821 1621 3892 quidquid
1655 3819 1713 3875 in
1749 3820 1869 3892 lege
1903 3818 2163 3874 traditur.
2191 3818 2547 3890 Quapropter
2583 3818 2791 3876 Judteis
2827 3817 3098 3874 incumbit
3127 3818 3335 3880 velum,
3366 3815 3501 3887 quia
3552 3826 3646 3867 re-

388 3912 599 3973 spuunt
632 3906 773 3979 legis
807 3907 1164 3978 interpretem
1191 3906 1495 3964 Christum.
1527 3910 1646 3979 Ipse
1677 3915 1765 3964 est
1794 3922 1861 3963 os
1891 3905 2053 3975 legis.
2087 3904 2194 3960 Sed
2221 3906 2504 3976 quomodo
2538 3907 2657 3977 ipse
2681 3905 2785 3960 fuit
2813 3905 2918 3962 sub
2939 3906 3082 3977 lege,
3108 3918 3235 3960 cum
3266 3910 3521 3973 respectu
3548 3897 3645 3953 Dei

390 3989 562 4045 fuerit
601 3995 782 4061 potior
814 4002 872 4049 et
900 3994 1155 4065 superior
1188 3995 1331 4065 iege,
1372 4003 1428 4051 et
1479 3995 1641 4065 quasi
1684 3992 2131 4065 paterfamilias?
2159 3991 2435 4049 Nimirum
2474 3995 2647 4066 quod,
2683 3994 2851 4050 sicuti
2883 3994 3138 4049 homines
3162 3991 3440 4048 obnoxius
3466 3990 3648 4043 factus

388 4089 476 4133 est
514 4079 644 4150 legi,
692 4081 912 4137 scilicet
941 4081 1264 4151 recipiendo
1299 4082 1823 4145 circumcisionem,
1855 4079 2129 4136 solvendo
2156 4079 2509 4148 didrachma,
2552 4090 2608 4137 et
2638 4082 2856 4137 edendo
2888 4081 3122 4153 pascha,
3153 4079 3283 4134 licet
3311 4077 3460 4132 foret
3487 4076 3648 4153 liber,

387 4174 579 4236 utpote
609 4166 790 4224 Filius
815 4176 869 4224 et
923 4169 1115 4239 Agnus
1156 4184 1343 4225 verus.
1376 4169 1655 4225 Cazterum
1704 4167 1883 4224 Moses
1920 4180 2031 4222 non
2072 4167 2466 4238 persuadetur,
2501 4183 2612 4240 qua
2647 4184 2710 4224 re
2757 4167 3180 4240 significabatur
3208 4163 3526 4221 Iudaeorum
3560 4160 3647 4216 fu-

388 4264 573 4311 turam
607 4256 1040 4314 inobedientiam
1067 4258 1234 4313 nullis
1262 4258 1348 4313 vel
1383 4257 1560 4327 signis
1593 4254 1679 4310 vel
1711 4254 1981 4326 prodigiis
2012 4255 2246 4327 reprimi
2282 4263 2379 4311 aut
2413 4255 2622 4312 reflecti
2654 4271 2841 4327 posse.

466 4364 631 4422 Vens.
668 4366 756 4422 Η.
791 4366 926 4433 Quis
958 4367 1081 4438 fecit
1105 4364 1329 4421 surdum
1367 4377 1462 4420 aut
1498 4366 1748 4419 mutum?
1796 4362 1961 4430 Qua-
1997 4345 2045 4401 Α

2147 4368 2242 4432 Τις
2261 4366 2515 4435 ἐποίησε
2533 4365 2981 4436 δύσκωφονηκαὶ
3011 4362 3250 4433 semper;
3280 4363 3553 4434 Ζητεῖται,
3599 4358 3648 4412 ει

390 4456 501 4513 stio
548 4455 640 4510 hic
692 4456 931 4510 vertitur
964 4474 979 4510 :
1016 4470 1084 4510 an
1139 4454 1284 4511 Deus
1315 4456 1510 4511 saltem
1563 4468 1763 4525 genera
1799 4453 1967 4524 229

2074 4454 2143 4510 τὰ
2173 4456 2440 4511 καθολικὰ
2471 4458 2633 4528 μόνον
2658 4458 2897 4528 ποιήσας
2916 4457 2958 4509 ,ὁ
2985 4454 3141 4519 Θεὸς,
3172 4453 3266 4525 ἀφ’
3298 4452 3501 4521 ἑαυτῆς
3526 4448 3653 4521 τρέ-

387 4547 506 4602 sive
539 4546 946 4602 universaliora
980 4545 1184 4600 crearit
1216 4545 1716 4615 :particuiariaque
1749 4551 1967 4599 natura:

2076 4565 2193 4620 χειν
2231 4546 2331 4620 τὴν
2352 4550 2517 4617 φύσιν
2538 4549 2798 4619 ἐποίησεν
2819 4564 2836 4580 ο
2866 4548 2901 4618 ἢ
2925 4547 3068 4601 κατὰ
3096 4546 3264 4616 μέρος
3287 4543 3504 4611 ἑκάστῳ
3541 4539 3655 4592 τῶν

387 4633 677 4693 efﬁcienda
703 4635 1045 4691 commiserit
1075 4653 1089 4690 :
1125 4642 1225 4689 aut
1257 4649 1325 4689 an
1362 4636 1483 4706 ipse
1502 4635 1671 4691 etiam
1702 4634 1957 4705 particu-

2073 4638 2411 4708 τικτομένων
2438 4639 2797 4710 παρίσταται.
2816 4638 2879 4692 Ei
2908 4638 3018 4708 γὰρ
3051 4635 3233 4697 τοῦτο.
3269 4632 3507 4703 τυφλοὺς
3556 4629 3656 4681 αὐ-

390 4728 529 4783 iaria
557 4735 710 4783 creet
743 4735 798 4783 et
815 4725 1034 4785 eiliciat.
1071 4726 1130 4781 Si
1158 4725 1263 4781 hoc
1290 4741 1483 4783 verum
1511 4732 1620 4790 est,
1647 4726 1815 4781 etiam
1853 4740 1960 4781 cae-

2074 4730 2166 4794 τδς
2192 4732 2359 4796 ποιεῖ,
2388 4731 2485 4783 καὶ
2504 4731 2748 4800 κωφοὺς,
2776 4729 2873 4784 καὶ
2900 4726 3131 4800 χωλούς.
3167 4727 3345 4794 Ὅπερ
3379 4718 3665 4791 ἁπεμφαί-

392 4836 492 4876 cos
528 4832 584 4876 et
629 4828 813 4877 mutos
868 4820 1209 4890 claudosque
1244 4817 1398 4882 facit,
1451 4818 1598 4890 quod
1648 4818 1892 4875 alienum
1923 4819 1967 4889 fa

2074 4837 2156 4876 νει
2179 4820 2337 4876 Θεοῦ.
2380 4820 2521 4874 Ἀλλ’
2546 4823 2579 4892 ἡ
2602 4822 2766 4890 φύσις
2794 4823 2927 4893 παρ’
2956 4817 3126 4874 αὐτοῦ
3155 4816 3399 4872 λαϐοῦσα
3421 4814 3511 4867 τὸν
3533 4810 3661 4879 δρό-

404 4912 517 4967 Dro
552 4911 768 4967 videtur
799 4927 944 4968 esse.
967 4910 1178 4967 Natura
1214 4926 1246 4966 a
1282 4911 1396 4967 Deo
1425 4926 1589 4967 suum
1620 4909 1967 4966 curriculum

2078 4931 2200 4986 μον,
2224 4913 2339 4969 ἐσθ’
2362 4914 2455 4968 ὅτε
2486 4914 2625 4984 πρὸς
2655 4914 2719 4969 τὸ
2744 4913 2876 4969 εὐθὺ
2923 4913 3296 4983 διακόπτεται,
3350 4902 3658 4978 πληττομέ-

393 5006 734 5077 suscipiens,
784 5006 1110 5077 plerumque
1158 5013 1309 5061 recte
1355 5004 1542 5060 omnia
1595 5000 1940 5075 peragit,vei

2079 5024 2186 5062 νων
2204 5007 2315 5061 τῶν
2346 5007 2406 5059 ὲν
2426 5005 2658 5070 κοιλίαις
2684 5006 2944 5078 ἐμϐρύων
2970 5006 3061 5061 διὰ
3103 5005 3304 5076 μάχης,
3339 5002 3373 5074 ἢ
3403 4998 3656 5071 πληγῶν,

398 5098 540 5152 laesis
597 5097 655 5150 in
814 5103 974 5151 utero
1000 5104 1254 5151 materno
1279 5094 1676 5167 embryonibus
1718 5101 1816 5148 aut
1846 5107 1970 5146 mu-

2077 5098 2111 5168 ἦ
2136 5097 2475 5169 πηδημάτων
2506 5098 2736 5169 μητρὸς.
2764 5098 2799 5170 ἦ
2845 5100 2940 5153 καὶ
2984 5096 3291 5170 βλαπτικῆς
3324 5109 3468 5155 τινος
3517 5088 3663 5160 βρώ-

396 5195 492 5241 tua
525 5182 979 5255 concertatione:
993 5196 1089 5243 aut
1114 5187 1478 5251 illisionibus,
1500 5185 1587 5241 vel
1619 5184 1969 5241 subsultante

2079 5206 2240 5256 σεως,
2268 5185 2431 5248 δι’ὧν
2457 5193 2580 5254 ταῖς
2609 5189 2751 5244 κατὰ
2785 5190 2950 5262 μέρος
2978 5188 3251 5256 ἀταξίαις,
3294 5186 3327 5254 ἢ
3364 5182 3664 5254 ῥᾳθυμίαις

399 5288 596 5346 matre,
643 5280 728 5337 vel
789 5280 917 5337 cibo
977 5280 1163 5352 aliquo
1220 5279 1409 5335 noxio.
1446 5277 1581 5344 Quae
1605 5276 1652 5332 si
1693 5273 1975 5342 accidunt,

2082 5279 2116 5349 ἠ
2152 5279 2317 5348 φύσις
2338 5281 2633 5354 ῖιηροῦται.
2655 5282 2729 5336 Τὸ
2757 5280 2876 5345 οὖν,
2901 5299 2921 5333 ι
2943 5281 3213 5351 Ἐποίησα
3241 5276 3525 5345 δύσκωφον
3559 5267 3654 5325 καὶ

400 5375 962 5446 plerumquenatura
988 5373 1232 5447 quadam
1263 5372 1594 5430 confusione
1625 5378 1682 5426 et
1710 5367 1975 5426 socordia

1954 5384 1975 5424 ι
2081 5370 2284 5440 κωφὸν,
2314 5391 2334 5425 ι
2373 5374 2434 5426 οὑ
2463 5373 2526 5427 τὸ
2549 5372 2741 5440 πάθος,
2759 5372 2895 5429 ἀλλά
2919 5372 3012 5428 τὸν
3025 5371 3348 5442 ἁνθρωπων
3375 5366 3545 5437 δηλοῐ.

399 5470 702 5525 mutilatur.
746 5467 904 5535 Quod
945 5466 1112 5540 igitur
1153 5467 1243 5523 hic
1274 5467 1348 5523 ait
1375 5482 1441 5520 ιο(
1478 5461 1630 5520 Fecit
1656 5460 1888 5520 surdum
1917 5467 1974 5517 et
2011 5470 2249 5533 mutum,
2293 5484 2313 5518 ι
2345 5472 2478 5532 etc.,
2507 5482 2622 5526 non
2646 5467 2998 5527 affectionem
3034 5468 3134 5523 sed
3156 5461 3438 5521 hominem
3470 5456 3655 5529 ipsum

1399 5641 1427 5657 λ

472 5684 516 5715 ’⁸
557 5682 750 5741 Matth.
796 5695 892 5746 xu,
927 5681 996 5738 59
