4010 6212
291 309 410 375 5‘37
1406 315 1948 378 COMMENTARII
1993 315 2076 376 IN
2114 315 2216 376 EX
2233 313 2478 378 ODUM.
3471 317 3578 380 538

313 423 804 502 I’gniiicat,sicuti
827 445 880 492 et
909 436 962 492 in
994 435 1290 510 Evangelia
1323 441 1539 511 patet"
1568 439 1635 494 de
1666 453 1811 494 casco
1838 445 1988 503 nato,
2017 451 2124 491 non
2153 437 2289 490 vitio
2311 447 2620 506 parentum,
2644 437 2738 493 sed
2760 435 2824 489 ad
2854 433 3078 506 gloriam
3099 431 3218 490 Dei.
3242 433 3352 491 Nec
3375 435 3447 490 ob
3467 437 3570 491 hoc

318 523 571 578 nascitur
605 539 808 590 caecus,
841 525 936 580 sed
971 533 1194 596 propter
1232 527 1527 598 quamdam
1571 526 1916 597 corporalem
1962 522 2370 579 confusionem.
2403 520 2560 578 Nunc
2607 539 2734 578 vero
2774 523 3066 577 sanitatem
3115 519 3345 590 adeptus
3379 533 3575 591 praeter

311 623 487 678 spem,
513 625 624 665 non
653 626 844 680 parum
875 613 1063 682 gloriae
1092 614 1353 668 conciliat
1377 613 1511 668 Deo.

374 720 492 786 Τὴν
522 721 634 791 γὰρ
659 721 884 775 ἔκϐασιν
915 725 958 793 -ή
997 723 1190 796 Γραφὴ
1230 724 1510 788 πολλάκις,
1572 725 1648 788 ὡς
1703 722 1884 775 αἰτίαν

2066 721 2332 776 Eventum
2367 721 2640 791 etquidem
2675 723 3003 792 plerumque
3029 721 3316 790 Scriptura
3354 725 3420 771 ut'
3443 731 3574 771 cau-

303 813 632 884 προΐσχεται
660 831 673 844 ·
707 813 784 878 ὡς
813 816 894 869 τό·
933 834 952 867 ι
990 819 1106 871 ἰνα
1139 818 1426 888 βλέποντες
1483 817 1558 888 μὴ
1591 818 1764 881 ῐδωσι,
1801 817 1896 869 καὶ

302 903 603 967 ἀκούοντες
645 905 718 975 μὴ
745 906 1042 962 ἀκούσωσι.
1090 928 1108 960 ι
1145 911 1398 980 Ζητεῖται
1427 910 1484 963 δὲ
1508 909 1694 974 πάλιν,
1748 910 1796 960 εἰ
1819 907 1894 970 ὡς

305 995 474 1064 σῶμα
501 995 609 1048 ἀπὸ
635 995 906 1064 σώματος,
924 996 1098 1060 οὕτως
1123 999 1230 1052 ἀπὸ
1254 999 1432 1070 ψυχῆς
1454 998 1600 1068 ψυχή
1621 1014 1636 1030 °
1661 997 1891 1068 ἢκαθά-

309 1103 418 1152 περ
479 1086 574 1138 ἐπὶ
635 1087 732 1140 τοῦ
798 1089 992 1158 Ἀδὰμ,
1020 1090 1238 1158 πρῶτον
1279 1091 1341 1143 τὸ
1371 1091 1534 1162 σῶμα
1568 1091 1689 1144 καθ’
1733 1091 1894 1144 ἑαυτὸ

309 1173 720 1240 διαπλάττεται,
753 1171 874 1228 εἶτα
904 1178 1050 1249 ψυχὴ
1077 1178 1346 1243 ἀθάνατος
1390 1181 1764 1249 ἐπεισάγεται.
1817 1179 1894 1252 μὴ

315 1264 580 1334 πρότερον
605 1261 764 1327 οὖσα,
793 1266 890 1319 νῦν
933 1268 991 1322 δὲ
1041 1270 1338 1342 κτιζομένῃ
1373 1271 1527 1340 παρὰ
1574 1271 1730 1328 Θεοῦ.
1783 1271 1894 1325 Καὶ

313 1356 516 1423 μᾶλλον
547 1357 710 1410 τοῦτο
734 1359 884 1411 δοκεῖ
911 1362 1020 1422 τοῖς
1049 1361 1286 1425 πολλοῖς,
1332 1363 1434 1426 τῆς
1477 1363 1700 1434 Γραφῆς
1757 1363 1890 1416 ποτὲ

311 1447 416 1514 μὲν
445 1447 734 1520 λεγούσης·
773 1471 792 1502 ε
839 1451 896 1504 '0
916 1451 1174 1506 πλάσσων
1205 1453 1346 1507 κατὰ
1369 1455 1536 1524 μόνας
1551 1456 1648 1518 τὰς
1669 1455 1893 1526 καρδίας

309 1538 516 1602 αὐτῶν,
562 1544 808 1596 τουτέστι
861 1545 1126 1614 ψνχὰςουι
1179 1547 1308 1598 ποτὲ
1337 1547 1418 1599 δέ·
1449 1565 1468 1598 ι
1520 1548 1578 1598 '0
1635 1547 1894 1600 πλάσσων

308 1631 536 1701 πνεῦμα
564 1633 853 1702 ἀνθρώπου
886 1639 944 1690 ὲν
965 1637 1135 1708 αὐτῷ,
1169 1657 1186 1689 ι
1220 1638 1295 1701 ὡς
1319 1641 1378 1692 ὲν
1411 1638 1490 1710 τῷ
1531 1639 1720 1710 Ἀδάμ.
1759 1637 1893 1703 Θεὸς

312 1721 414 1791 μὲν
445 1718 540 1774 οὗν
565 1723 748 1778 δίδωσι
775 1725 873 1788 τὰς
899 1726 1082 1797 ψυχάς
1101 1743 1114 1758 ο
1143 1729 1244 1796 τῆς
1266 1727 1323 1780 δὲ
1345 1729 1613 1799 μοιχείας,
1672 1729 1706 1799 ἢ
1755 1745 1892 1798 πορ·

309 1812 486 1876 vetate,
517 1813 646 1876 τοὺς
668 1816 994 1885 ἀνθρώπους
1028 1817 1424 1887 αίτιασώμεθα.
1456 1820 1596 1882 Τοὺς
1631 1819 1740 1889 γὰρ
1801 1836 1894 1872 τε-

311 1899 549 1968 χθέντας
571 1902 766 1967 οὕτως,
795 1906 1068 1976 ἐνδέχεται
1113 1907 1356 1970 εὐσεϐεῖς
1387 1905 1525 1962 εἶναι
1551 1909 1643 1961 καὶ
1683 1907 1893 1978 σώφρο-

306 2007 431 2053 νας,
462 1993 574 2054 τοῖς
597 1993 934 2064 πλημμελῶς
961 1999 1270 2066 γινομένοις
1323 1997 1666 2068 κεχρημένου
1710 1996 1892 2058 καλῶς

305 2078 404 2132 τοῦ
433 2080 595 2134 Θεοῦ.

1995 825 2112 866 sam
2147 807 2566 875 commemorat,
2594 811 2758 864 sicuti
2784 819 2836 864 et
2869 801 2972 864 hoc
3005 813 3124 866 loco
3153 829 3164 864 :
3208 831 3225 862 ι
3250 809 3320 864 Ut
3350 823 3578 862 cernen-

1995 910 2081 958 tes
2116 917 2228 956 non
2262 903 2508 968 videant,
2563 911 2618 958 et
2676 901 2966 958 audientes
3017 919 3125 956 non
3180 901 3408 955 audiant
3439 899 3504 954 ⁷⁸.
3550 918 3570 950 ι

1993 991 2198 1046 Iterum
2238 993 2406 1062 quaeri
2440 1001 2640 1062 potest,
2675 1009 2742 1047 an
2787 993 2954 1048 sicuti
2987 1008 3193 1063 corpus
3225 1009 3290 1048 ex
3320 1006 3573 1061 corpore,

1993 1085 2074 1139 sic
2107 1099 2330 1154 quoque
2360 1085 2545 1138 anima
2579 1093 2849 1138 nascatur
2877 1100 2942 1138 ex
2980 1086 3165 1138 anima
3199 1103 3211 1138 :
3248 1095 3344 1138 aut
3381 1098 3574 1150 quem-

1991 1173 2286 1228 admodum
2329 1174 2512 1226 evenit
2537 1173 2592 1225 in
2627 1175 2910 1226 creatione
2935 1173 3150 1234 Adami,
3187 1173 3420 1242 primum
3451 1185 3576 1224 cor-

1997 1278 2098 1334 pus
2157 1263 2396 1330 ﬁngatur
2454 1265 2655 1324 solum,
2715 1263 2913 1317 deinde
2968 1265 3153 1318 anima
3211 1261 3572 1325 immortalis,

1994 1354 2150 1424 prius
2190 1368 2300 1407 non
2337 1353 2634 1416 exsistens,
2670 1352 2724 1405 in
2765 1354 2870 1408 hoc
2905 1355 3206 1408 inducatur
3236 1353 3390 1422 quasi
3423 1365 3574 1406 nunc

1994 1448 2234 1515 primum
2269 1445 2513 1500 condita.
2557 1445 2690 1510 Quae
2723 1446 2946 1513 quidem
3000 1429 3266 1499 sententia
3299 1443 3572 1513 posterior

1994 1538 2172 1606 magis
2205 1537 2472 1605 probatur
2501 1538 2802 1606 plerisque,
2846 1537 3130 1605 Scriptura
3157 1551 3320 1592 sacra
3356 1535 3572 1590 dicente

1995 1643 2148 1682 nunc
2183 1646 2198 1682 :
2244 1647 2262 1678 ι
2299 1626 2404 1692 Qui
2439 1626 2675 1681 seorsim
2719 1635 2872 1682 creat
2923 1642 3116 1680 eorum
3151 1626 3319 1680 corda
3345 1626 3412 1689 τ’,
3449 1645 3467 1674 ι
3515 1625 3572 1678 id

1992 1725 2079 1774 est
2136 1718 2376 1772 animas.
2407 1717 2720 1786 Aliquando
2756 1732 2884 1772 vero
2918 1716 3110 1772 eadem
3161 1714 3448 1785 Scriptura
3489 1715 3572 1767 in-

1991 1811 2158 1881 quit:
2211 1829 2228 1860 ι
2259 1807 2532 1864 Formans
2579 1809 2838 1879 Spiritum
2891 1808 3134 1864 hominis
3185 1808 3238 1860 in
3291 1807 3408 1876 ipso
3436 1806 3508 1869 ⁸⁸,
3545 1823 3566 1858 ι

1995 1902 2158 1960 sicuti
2192 1902 2250 1954 in
2291 1901 2521 1956 Adamo.
2557 1901 2702 1956 Deus
2733 1901 2902 1971 igitur
2947 1899 3042 1954 dat
3085 1899 3414 1969 corporibus
3446 1897 3572 1950 ani-

1994 2011 2134 2052 mas.
2178 1996 2235 2050 Si
2299 2003 2482 2050 autem
2533 1997 2628 2064 qui
2689 2003 2998 2050 nascuntur
3047 2007 3158 2047 non
3215 2007 3283 2047 ex
3331 1990 3573 2055 legitimo

1921 2083 1964 2140 Β
1995 2095 2138 2153 toro,
2177 2087 2457 2151 homines,
2497 2087 2616 2141 sive
2663 2094 2923 2156 parentes
2959 2085 3216 2140 adulterii
3270 2092 3366 2136 aut
3419 2097 3574 2136 scor-

307 2173 542 2227 tationis
579 2173 984 2231 insimulemus.
1016 2175 1285 2232 Caeterum
1327 2178 1422 2248 qui
1470 2179 1608 2234 tales
1678 2181 1990 2234 sortiuntur
2059 2179 2434 2247 ortus,etiam
2499 2179 2704 2248 pietate
2769 2189 2826 2234 et
2879 2178 3217 2234 continentia
3271 2181 3572 2230 coruscant

311 2264 612 2319 interdum.
649 2265 754 2322 Sed
794 2267 936 2324 Deus
966 2283 1133 2326 causa
1163 2277 1267 2336 est,
1305 2273 1398 2342 qui
1428 2287 1712 2343 perperam
1747 2275 1893 2326 facta
1935 2275 2163 2343 pulchre
2201 2281 2442 2326 tractare
2477 2261 2668 2326 novitf

381 2378 490 2430 Καὶ
511 2379 866 2447 συμϐιϐάσω
898 2395 992 2434 σε.
1028 2381 1236 2446 Διδάξω
1264 2399 1346 2448 σε,
1381 2384 1457 2446 εἰς
1488 2383 1752 2454 ἁρμονίαν
1777 2382 1889 2450 ἄξω

309 2483 372 2520 σε
399 2467 598 2536 λόγων.
661 2528 672 2536 _

393 2644 828 2715 Ἐτελεύτησεν
859 2650 890 2702 d
929 2649 1232 2717 ,βασιλεὺς
1281 2651 1605 2719 Αίγύπτου.
1649 2653 1764 2705 Οὐκ
1790 2651 1888 2705 ἄλ-

305 2733 400 2798 λος
431 2737 458 2788 6
479 2736 808 2808 τελευτὴτας
840 2741 970 2810 πρὶν
1001 2745 1144 2812 φανῇ
1172 2744 1202 2795 ὁ
1225 2742 1358 2806 Θεὸς
1389 2745 1620 2814 Μωῦσῇ,
1665 2745 1762 2798 καὶ
1797 2743 1891 2796 ἄλ-

307 2822 396 2886 λος
422 2825 450 2877 ὀ
483 2825 626 2894 μετὰ
651 2828 827 2881 ταῦτα.
861 2847 874 2860 ·
907 2829 1043 2882 ἀλλὰ
1083 2831 1330 2902 περὶτοῦ
1361 2832 1528 2886 αὐτοῦ
1576 2831 1891 2902 ἀναλαμϐά-

307 2931 394 2968 νει
417 2915 585 2986 (70*).
609 2918 732 2972 Ὅτι
771 2919 826 2974 δὲ
849 2921 1012 2975 τοῦτὸ
1031 2922 1200 2988 ἐστιν,
1229 2923 1424 2991 ἐπάγει
1448 2925 1476 2977 ὁ
1505 2923 1636 2987 Θεὸς
1664 2939 1678 2954 ·

383 3091 593 3153 Βὰδιζε
623 3112 636 3126 ·
665 3096 992 3163 τεθνήκασι
1035 3098 1144 3168 γὰρ
1180 3102 1241 3152 οι
1269 3095 1584 3167 ζητοῦντες
1623 3100 1738 3166 τὴν
1781 3103 1894 3168 ψυ-

309 3183 437 3251 χήν
468 3200 610 3241 σου.
641 3187 728 3258 [Et
753 3188 810 3242 δὲ
827 3189 984 3252 ἄλλος
1013 3186 1082 3261 ἦν
1115 3185 1270 3252 οὗτος
1310 3191 1338 3243 ὁ
1375 3190 1731 3260 τελευτήσας,
1791 3191 1891 3246 οὐκ

291 3277 380 3350 ’ἂν
415 3275 615 3347 ἐρρέθη
643 3277 802 3331 τοῦτο
848 3281 1091 3333 κατιέναι
1134 3279 1384 3349 μέλλοντι
1431 3280 1510 3349 τῷ
1551 3281 1748 3350 Μωσῇ,
1797 3283 1894 3336 καὶ

309 3367 446 3437 περὶ
475 3369 575 3438 τὴν
601 3370 716 3423 ὁδὸν
744 3371 908 3443 δντι.]
943 3371 1114 3426 Τοῦτο
1145 3373 1202 3425 δὲ
1243 3373 1336 3426 καὶ
1370 3371 1449 3442 τῷ
1489 3371 1745 3442 μακαρίῳ
1784 3374 1894 3428 ἰω-

311 3456 430 3524 ei}?
460 3457 540 3526 τῷ
565 3458 720 3529 ἀνδρὶ
743 3462 842 3530 τῆς
871 3461 1034 3530 ἁγίας
1083 3461 1388 3532 Παρθένον,
1443 3462 1610 3529 φησὶν
1657 3466 1688 3516 ὁ
1723 3464 1891 3532 ἄγγε-

309 3545 426 3608 λος.
481 3547 572 3614 Ἐξ
587 3541 664 3602 ὧν
697 3551 950 3604 ἁπάντων
977 3551 1273 3617 δείκνὺται,
1317 3551 1400 3604 ὅτι
1437 3550 1608 3615 τύπος
1653 3553 1891 3624 ἀκριϐὴς

311 3638 342 3689 ὁ
373 3638 582 3708 Μωσῆς
619 3639 712 3692 τοῦ
743 3641 969 3712 Κυρίου.

2058 2382 2225 2438 Vens.
2261 2382 2348 2438 12.
2387 2381 2454 2436 Et
2473 2383 2704 2452 dirigam
2737 2391 2805 2436 te.
2841 2381 3060 2437 Docebo
3093 2393 3162 2445 te,
3194 2387 3245 2434 et
3268 2379 3464 2433 ducam
3491 2389 3565 2444 te.

1990 2481 2051 2525 ut
2095 2485 2380 2540 nunquam
2429 2470 2484 2522 in
2546 2485 2801 2524 sermone
2840 2471 3134 2540 impingas,
3188 2469 3272 2524 vel
3313 2467 3568 2522 facundia

1990 2562 2336 2617 destituaris.

2062 2651 2228 2706 Vens.
2264 2653 2354 2708 18.
2401 2655 2691 2723 Defunctus
2739 2661 2818 2707 est
2868 2667 2964 2706 rex
3007 2650 3252 2721 Egypti,
3297 2661 3406 2706 etc.
3445 2649 3565 2705 Non

1992 2741 2134 2798 alius
2171 2751 2277 2806 est,
2311 2745 2406 2814 qui
2431 2745 2566 2798 obiit
2599 2752 2830 2798 mortem
2862 2743 3179 2813 priusquam
3217 2741 3358 2795 Deus
3396 2755 3567 2810 appa-

1991 2836 2104 2890 ruit
2132 2835 2290 2896 Mosi,
2319 2846 2373 2891 et
2394 2837 2536 2892 alius
2565 2836 2658 2905 qui
2693 2843 2880 2906 postea
2909 2834 3205 2888 defunctus
3239 2841 3342 2888 est.
3363 2831 3564 2886 Verum

1991 2933 2076 2979 est
2098 2925 2360 2992 repetitio
2396 2925 2648 2994 quaedam
2673 2924 2742 2978 de
2765 2923 2984 2980 eodem.
3006 2921 3248 2991 Denique
3272 2929 3399 2992 post
3427 2921 3570 2976 hanc

1995 3015 2382 3084 repetitionem
2418 3015 2702 3083 subjungit
2743 3011 2886 3068 Deus
2923 3030 2938 3066 :

2063 3105 2250 3174 Perge.
2294 3106 2437 3161 Nam
2471 3106 2668 3161 mortui
2705 3115 2848 3170 sunt,
2888 3106 2980 3174 qui
3012 3102 3408 3157 insidiabantur
3449 3099 3571 3154 vita

1993 3202 2118 3248 tuan
2155 3195 2214 3249 Si
2241 3195 2388 3250 alius
2411 3195 2628 3258 fuisset,
2656 3202 2806 3250 certe
2837 3206 3184 3261 nequaquam
3221 3189 3326 3243 hoc
3359 3188 3569 3242 dictum

1991 3297 2142 3342 esset
2171 3287 2302 3342 Mosi
2331 3287 2444 3357 jam
2463 3288 2806 3344 descensura
2827 3297 2884 3342 et
2904 3284 3248 3355 profectione
3279 3289 3570 3350 occupato.

1992 3376 2138 3435 Idem
2177 3381 2282 3434 hoc
2326 3379 2556 3449 angelus
2585 3378 2839 3449 profatur
2867 3377 2934 3431 ad
2969 3376 3272 3446 Josephum
3306 3374 3566 3428 maritum

1993 3479 2198 3529 sanctae
2251 3472 2452 3526 Mariae.
2487 3470 2562 3524 Ex
2599 3471 2802 3539 quibus
2865 3469 3128 3522 omnibus
3180 3467 3444 3535 colligere
3485 3469 3572 3520 est

1995 3560 2182 3616 Mosen
2217 3559 2390 3618 fuisse
2419 3576 2520 3632 per
2543 3562 2731 3616 omnia
2765 3560 3116 3616 verissimum
3143 3557 3360 3613 Domini
3395 3557 3568 3612 nostri

1995 3661 2202 3723 typum.

389 3749 536 3803 Abiit
561 3749 763 3814 Moses,
793 3760 844 3806 et
869 3767 1108 3806 reversus
1133 3762 1214 3806 est
1240 3753 1308 3806 ad
1329 3751 1521 3808 Jethro
1548 3769 1786 3807 socerum
1815 3771 1990 3813 suum.
2029 3761 2351 3816 Destinatus
2377 3759 2556 3816 Moses
2583 3761 2797 3815 muneri
2823 3757 3149 3828 apostolico,
3185 3771 3290 3810 non
3323 3755 3573 3824 expedite

313 3852 436 3891 eam
471 3839 808 3908 provinciam
846 3841 1100 3910 suscipit.
1135 3841 1352 3896 Tribuit
1386 3843 1638 3896 nonnihil
1673 3842 1924 3898 humana:
1957 3843 2265 3916 fragilitati,
2323 3861 2533 3902 necnon
2566 3848 2752 3918 generi
2785 3853 2838 3899 et
2873 3845 3144 3898 aﬂlnitati.
3177 3842 3286 3896 Nec
3329 3844 3480 3910 prius
3517 3841 3570 3894 in

314 3923 614 3995 :Egyptum
645 3927 1042 3996 proficiscitur,
1077 3941 1244 3996 quam
1275 3929 1425 3983 audit
1460 3927 1571 3982 fato
1595 3925 1846 3982 functum
1877 3945 2058 4000 regem
2082 3933 2321 4004 Egypti.
2347 3933 2539 3986 Mortis
2567 3935 2709 3987 enim
2739 3941 2916 3986 metus
2943 3931 3120 3999 ipsum
3143 3929 3384 3998 graviter
3417 3926 3570 3982 solli-

315 4015 528 4070 citabat
550 4023 602 4069 et
639 4017 892 4086 angebat.
920 4015 1192 4070 Caeterum
1227 4017 1342 4071 haec
1393 4017 1642 4072 indicant
1673 4018 1861 4083 vitam,
1905 4034 2026 4088 qua:
2065 4021 2168 4074 sub
2201 4021 2319 4090 lege
2351 4020 2554 4088 agitur,
2611 4034 2826 4088 semper
2875 4017 3183 4084 subjectum
3219 4029 3342 4068 esse
3381 4011 3566 4067 timori

317 4103 536 4166 mortis,
561 4112 616 4157 et
643 4102 875 4158 divisam
911 4104 969 4157 in
1001 4103 1188 4158 divina
1221 4112 1276 4159 et
1307 4104 1544 4158 humana
1565 4105 1768 4159 studia.
1797 4105 1903 4170 Qui
1929 4122 2062 4162 vero
2090 4115 2210 4160 toto
2239 4115 2460 4177 pectore
2482 4115 2772 4160 sectantur
2797 4103 3106 4167 Christum,
3126 4115 3347 4156 carnem
3381 4101 3568 4154 cruci-

317 4189 558 4244 ﬁxerunt
589 4207 712 4243 cum
749 4191 1043 4248 affectibus
1078 4201 1132 4248 et
1161 4193 1564 4262 cupiditatibus
1582 4194 1674 4248 η’.
1714 4193 1807 4248 Sic
1839 4209 2072 4262 magnus
2102 4195 2304 4250 Paulus
2338 4203 2570 4249 vocatus
2600 4195 2656 4248 in
2695 4207 2896 4248 munus
2925 4189 3313 4260 apostolicum,
3342 4190 3522 4258 inquit
3553 4205 3568 4241 :

323 4297 342 4328 ι
371 4275 492 4330 Non
518 4279 734 4332 contuli
768 4295 894 4332 cum
927 4295 1096 4334 carne
1123 4289 1174 4334 et
1203 4280 1473 4347 sanguine
1495 4281 1594 4332 δι.»

390 4361 562 4418 Vens.
599 4363 691 4418 20.
726 4363 867 4418 Tulit
900 4382 1024 4436 ergo
1052 4365 1224 4420 Moses
1255 4382 1472 4420 uxorem
1503 4383 1656 4420 suam
1682 4375 1732 4420 et
1765 4365 1958 4421 liberos
1991 4383 2138 4432 suos,
2163 4375 2274 4422 etc.
2303 4367 2754 4423 Praecedentibus
2780 4364 2952 4435 signis
2979 4361 3160 4417 Moses
3181 4359 3567 4422 confirmatus,

318 4460 372 4503 et
400 4450 524 4504 ﬁdei
561 4451 927 4507 arrhabonem
963 4454 1266 4522 accipiens,
1303 4453 1420 4507 abit
1470 4453 1672 4508 iterum
1701 4453 1812 4509 Deo
1865 4454 2202 4525 posthabens
2235 4469 2511 4509 socerum.
2561 4453 2696 4507 Nam
2738 4452 2849 4506 Deo
2882 4458 3139 4514 vocante,
3185 4453 3572 4500 contemnatur

319 4536 590 4606 quidquid
642 4549 918 4592 terrenum
959 4548 1077 4605 est,
1113 4540 1342 4594 etiamsi
1398 4537 1567 4594 fuerit
1613 4540 1948 4612 pretiosum.
1999 4539 2114 4595 Hoc
2154 4531 2870 4610 siquidem‘argumentum
2907 4545 2993 4593 est
3045 4537 3212 4590 animi
3244 4536 3315 4603 pii
3365 4542 3418 4588 et
3459 4547 3570 4586 non

323 4625 630 4680 instrenui.
661 4625 863 4680 Verum
903 4627 1133 4696 angelus
1162 4627 1374 4682 accedit
1399 4635 1630 4682 mortem
1664 4628 1929 4682 minitans
1959 4641 2011 4683 et
2037 4629 2320 4684 intentans
2349 4647 2362 4683 :
2404 4639 2458 4683 et
2493 4631 2640 4698 quod
2675 4627 2852 4682 Moses
2904 4627 3178 4696 ignoravit
3213 4639 3335 4678 eum
3372 4623 3571 4692 depre-

321 4721 552 4767 caretur
582 4713 950 4782 apostolicum
985 4729 1210 4780 munus,
1242 4715 1387 4783 quod
1431 4713 1484 4767 id
1517 4729 1663 4768 nunc
1712 4715 1958 4778 demum,
2011 4716 2107 4769 ubi
2161 4731 2468 4786 persuasus
2515 4716 2640 4781 fuit,
2696 4713 3024 4776 crediderit,
3079 4713 3236 4781 plane
3272 4710 3570 4764 absurdum

323 4815 474 4854 reor.
512 4797 618 4852 Sed
651 4801 797 4854 enim
829 4801 1027 4854 mortis
1055 4800 1338 4854 simulatio
1367 4801 1756 4869 peragebatur.
1793 4801 1850 4856 Si
1883 4802 2027 4855 enim
2070 4801 2391 4865 advenerat,
2423 4813 2484 4856 ut
2515 4803 2812 4862 occideret,
2837 4799 2968 4868 quid
2997 4798 3392 4868 impedimento
3432 4805 3573 4862 erat,

322 4885 628 4953 quominus
681 4885 856 4940 fieret.
901 4884 981 4949 Si,
1015 4894 1072 4939 ut
1107 4887 1350 4955 objiccre
1401 4897 1628 4955 possent
1692 4885 1889 4950 Judaei,
1931 4889 2098 4944 unius
2140 4890 2498 4944 circumcisio
2559 4887 2854 4958 prohibere
2897 4885 3072 4954 quivit
3128 4899 3338 4945 necem,
3389 4883 3480 4951 qui
3519 4883 3577 4936 fit

324 4971 470 5041 quod
512 4986 621 5024 non
653 4973 881 5028 alterius
921 4973 1254 5042 praeputium
1309 4971 1447 5027 Mosi
1501 4987 1689 5029 necem
1725 4975 1950 5028 attulit?
1989 4974 2261 5032 Praeterea
2299 4977 2346 5032 si
2389 4976 2572 5030 Moses
2617 4974 2672 5029 id
2729 4981 2913 5038 norat,
2969 4987 3140 5042 quare
3170 4973 3225 5026 in
3278 4969 3579 5023 solitudine

325 5061 488 5111 natos”
535 5057 778 5126 neglexit
813 5073 914 5112 nec
944 5059 1364 5114 circumcisioni
1412 5057 1678 5123 admovit,
1713 5075 1840 5115 cum
1891 5063 2117 5118 haberet
2149 5063 2348 5118 ducem
2399 5063 2565 5133 230
2597 5073 2648 5116 et
2685 5069 3224 5131 praemonstratorcm
3276 5055 3581 5128 angelum?

329 5145 544 5212 Ecquid
585 5143 741 5198 vides
788 5144 1271 5199 circumcisionem
1304 5161 1419 5199 non
1469 5147 1643 5201 fuisse
1697 5161 1944 5212 causam,
1983 5159 2041 5204 ut
2073 5151 2331 5217 evaderet
2361 5152 2558 5203 mortis
2606 5149 2902 5202 discrimen
2955 5147 3154 5200 Moses.
3200 5145 3308 5200 Nec
3342 5147 3484 5200 enim
3517 5156 3580 5198 ut

329 5239 512 5285 morte
569 5235 829 5286 multaret
885 5231 1075 5287 Mosen
1107 5233 1334 5305 angelus
1394 5243 1724 5290 accesserat.
1761 5235 1867 5290 Sed
1915 5237 2045 5305 quia
2093 5235 2436 5292 Pharaonem
2489 5235 2825 5290 formidabat
2868 5235 3070 5298 Moses,
3105 5241 3162 5287 ut
3195 5243 3398 5288 metum
3431 5234 3577 5286 hunc

329 5318 598 5374 adimeret
624 5317 790 5385 Deus,
828 5319 1042 5390 majore
1073 5329 1246 5383 metu.
1281 5337 1393 5394 quo
1429 5323 1545 5393 ipse
1587 5322 1972 5380 formidandus
2010 5333 2150 5390 erat,
2181 5325 2452 5379 minorem
2484 5323 2713 5393 expulit.
2737 5321 2871 5376 Nam
2895 5321 3238 5378 Pharaonem
3275 5317 3584 5377 etiamnum

1137 5477 1184 5510 ⁷³
1211 5477 1343 5532 Luc.
1379 5492 1496 5542 vut,
1526 5477 1614 5532 10.
1726 5479 1772 5510 τ’
1805 5477 1892 5534 Ps:

2021 5493 2195 5542 χχιιι,
2255 5478 2342 5532 i5.
2455 5477 2501 5510 ⁵⁸
2529 5477 2760 5532 Zachar.
2823 5493 2922 5542 tu,
2961 5477 3011 5531 1.
3087 5477 3152 5510 ⁸⁸·
3181 5475 3358 5530 Galat.
3391 5489 3442 5538 ν,
3469 5473 3564 5528 24.

1726 5479 1772 5510 "
1805 5477 1953 5534 Psal.
2021 5493 2195 5543 χχιιι,
2255 5478 2342 5532 i5.

1845 5613 2076 5671 ΝΟΤᾹΞ.

413 5707 561 5779 (70‘)
589 5709 720 5779 Περὶ
749 5709 839 5766 τοῦ
870 5711 1038 5766 αὑτοῦ
1063 5711 1416 5782 ἐπανάληψις.
1461 5705 1680 5780 Ἀμέλει
1713 5709 1829 5778 μετ’
1863 5709 2256 5780 «gemmam
2286 5708 2438 5774 Θεὸς,
2471 5707 2678 5778 βάδιζε,
2711 5724 2795 5761 ut.
2844 5707 2902 5760 '0
2935 5707 3032 5776 τῆς
3066 5707 3198 5774 Αὺγ.
3231 5705 3361 5758 κώδ.

433 5473 668 5548 ξτίιοεη.
701 5491 776 5540 ιι,
808 5477 832 5529 1
869 5491 1026 5548 seqq.

329 5543 374 5575 “
408 5545 584 5600 Galat.
615 5563 656 5612 ι,
687 5549 773 5600 16.
