4010 6212
438 339 545 407 539
1743 334 2093 398 PROCOPII
2131 336 2375 398 GAZ/EI
3580 332 3694 400 540

440 453 496 508 in
531 453 733 507 itinere
772 450 1074 507 metuebat.
1110 437 1319 503 Verum
1349 445 1534 502 Moses
1563 445 1802 515 putabat
1838 444 2009 501 Deum
2045 445 2156 502 sibi
2195 447 2367 502 irasci
2405 453 2714 519 propterea,
2746 443 2896 516 quod
2938 442 3135 516 jussus
3166 458 3471 515 properare
3499 452 3556 499 ct
3585 461 3692 516 po-

441 540 631 610 pulum
662 537 1026 594 lsraeliticum
1057 537 1385 609 Egyptiaca
1417 534 1661 591 liberare
1695 532 1990 598 servitute,
2020 541 2401 601 cunctaretur,
2427 543 2484 590 et
2514 534 2573 589 in
2605 533 2927 607 Egyptum,
2965 531 3110 589 unde
3143 532 3421 588 lsraelitas
3451 534 3691 592 educere

440 626 697 692 debebat,
722 625 1055 697 deportahat
1086 639 1316 681 uxorem
1355 630 1410 679 et
1446 622 1656 678 liberos
1686 639 1702 676 :
1737 619 1884 691 quod
1915 634 2052 678 sane
2094 631 2482 695 argumentum
2516 633 2637 681 erat
2670 632 2727 681 et
2786 624 2966 695 ipsum
3025 624 3276 679 nonnihil
3316 622 3508 693 quoad
3555 639 3687 694 pro-

441 714 738 769 missiones
770 712 1118 769 addubitare.
1151 711 1392 767 Proinde
1422 708 1570 765 haud
1597 709 1873 764 immerito
1906 707 2254 767 irascebatur
2279 708 2516 766 Numen.
2540 710 2893 781 Quapropter
2921 710 3187 780 relinquit
3218 725 3444 765 uxorem
3473 720 3528 765 et
3554 712 3684 768 lihe-

440 818 535 859 ros
567 801 709 872 apud
731 816 1011 869 socerum,
1047 802 1137 872 qui
1177 801 1398 856 tandem
1423 799 1646 855 eosdem
1675 796 1904 852 adduxit
1929 797 1996 851 ad
2028 795 2216 853 Mosen
2241 814 2337 868 per
2368 797 2729 853 solitudinem
2763 813 2890 853 cum
2918 796 3190 852 lsraelitis
3216 796 3327 853 iter
3366 797 3680 855 facientem.

438 888 718 946 Cancrum
756 890 1002 958 Sephora
1055 890 1436 944 arbitrabatur
1471 889 1608 941 iram
1670 894 1875 941 motam
1933 882 2152 939 Numini
2192 892 2421 955 propter
2472 885 2768 948 infantem,
2808 885 2973 954 cujus
3012 883 3339 955 praeputium
3400 899 3512 940 non
3567 893 3687 941 erat

439 986 739 1033 resectum.
773 978 930 1048 Saepe
962 977 1110 1033 enim
1176 977 1429 1032 audierat
1465 974 1653 1030 Mosen
1701 975 1980 1029 dicentem
2040 972 2187 1026 hunc
2240 987 2363 1027 esse
2408 973 2571 1044 quasi
2618 972 2957 1042 peculiarem
3002 985 3120 1027 sua
3151 971 3332 1041 gentis
3360 985 3589 1037 morem,
3625 982 3683 1027 ut

438 1066 811 1121 masculorum
849 1073 1272 1136 amputarentur
1303 1063 1598 1135 praeputia.
1637 1060 1796 1127 Quod
1827 1061 1873 1115 si
1908 1073 2017 1113 non
2042 1058 2186 1113 foret
2219 1056 2449 1123 factum,
2490 1057 2771 1129 quomodo
2802 1056 3066 1113 infantem
3093 1057 3496 1113 circumcidere
3524 1057 3686 1113 insti-

438 1152 679 1208 tuisset?
707 1152 774 1209 Et
804 1154 987 1224 inquit
1017 1170 1032 1207 :
1069 1171 1088 1204 ι
1123 1151 1364 1222 Sanguis
1396 1151 1568 1212 stetit,
1600 1168 1617 1201 ι
1650 1159 1787 1212 etc.,
1824 1147 2042 1203 scilicet
2077 1160 2189 1199 non
2212 1143 2393 1201 fluxus
2426 1144 2742 1216 sanguinis,
2772 1158 2934 1215 quem
2974 1145 3271 1215 praestabat
3303 1143 3684 1210 circumcisio,

430 1238 710 1295 inhibitus
757 1250 863 1296 est.
902 1239 1008 1294 Sed
1046 1239 1279 1310 angelus
1309 1238 1624 1308 prohibitus
1652 1243 1735 1290 est
1764 1250 1830 1290 eo
1862 1232 2049 1300 modo,
2080 1246 2148 1287 ne
2170 1231 2475 1287 trucidaret
2504 1230 2717 1297 Mosen,
2755 1238 2814 1285 ut
2838 1229 3060 1286 mulieri
3091 1230 3401 1286 videbatur.

503 1326 679 1382 Vens.
708 1326 800 1382 26.
837 1327 906 1382 Et
933 1327 1188 1382 discessit
1230 1324 1473 1397 angelus,
1504 1332 1614 1380 etc.
1647 1321 1764 1378 Non
1807 1330 2028 1393 propter
2064 1319 2231 1376 verba
2276 1318 2541 1389 Sephora
2582 1319 2816 1391 angelus
2857 1318 3020 1375 abiit.
3055 1318 3260 1374 Verum
3307 1317 3529 1389 angelus
3559 1317 3688 1375 inde

432 1412 700 1471 fortassis
730 1414 1017 1487 digressus
1053 1424 1139 1471 est
1186 1429 1254 1470 eo
1307 1413 1575 1484 temporis
1604 1411 1865 1475 articulo,
1900 1423 2015 1480 quo
2045 1408 2245 1462 mulier
2280 1407 2388 1463 ista
2425 1407 2598 1462 verba
2646 1407 2880 1462 sonabat
2915 1406 3171 1461 nonnihil
3200 1405 3514 1462 oblectatus
3554 1407 3685 1461 reli—

375 1517 383 1525 -
437 1502 600 1573 gione
628 1503 899 1558 mulieris.
940 1502 1256 1557 Advenerat
1279 1500 1428 1555 enim
1466 1497 1723 1570 angelus,
1749 1504 1811 1552 ut
1850 1495 1985 1551 Mosi
2013 1495 2267 1565 injiceret
2296 1503 2524 1561 metum,
2555 1494 2668 1549 imo
2697 1500 2756 1548 ut
2783 1494 2834 1548 ei
2867 1492 3156 1548 audaciam
3188 1491 3437 1553 adderet.
3469 1492 3685 1563 quomi-

438 1604 545 1645 nus
571 1596 849 1645 metueret
896 1588 1266 1652 Pharaonem,
1309 1585 1408 1645 sed
1442 1585 1622 1656 magis
1652 1583 2040 1639 extimesceret
2066 1580 2258 1638 Deum.
2294 1577 2433 1635 Nam
2463 1581 2794 1636 recordatus
2838 1578 3073 1650 majoris
3113 1578 3330 1637 scilicet
3372 1577 3487 1643 Dei,
3526 1577 3687 1634 facile

437 1683 760 1733 contemnet
786 1677 1082 1736 minorem.
1134 1674 1353 1731 scilicet
1382 1673 1753 1728 Pharaonem.
1785 1670 2028 1742 Angelus
2059 1674 2246 1722 autem
2281 1666 2612 1723 existimans
2647 1681 2709 1722 se
2752 1665 2913 1730 belle,
2952 1665 3099 1736 quod
3149 1664 3482 1734 imperatum
3539 1671 3682 1728 erat,

438 1761 661 1827 fecisse,
691 1763 910 1818 simulat
954 1778 1017 1819 se
1046 1762 1118 1818 ob
1151 1775 1346 1818 vocem
1380 1759 1642 1831 Sephora;
1667 1759 1846 1824 abire,
1877 1755 2044 1815 sicuti
2068 1754 2307 1825 contigit
2331 1754 2593 1809 Balaamo
2620 1751 2691 1820 ",
2726 1752 2819 1808 cui
2852 1753 3074 1808 obviam
3124 1752 3311 1806 factus
3338 1759 3423 1807 est
3455 1751 3683 1822 angelus

428 1859 636 1906 aeneus
665 1850 906 1922 gladium
956 1852 1240 1914 strictum,
1272 1850 1537 1905 nimirum
1572 1856 1632 1903 ut
1659 1849 1816 1903 illum
1843 1861 1875 1902 e
1922 1858 2154 1900 numero
2187 1843 2490 1899 viventium
2520 1853 2879 1913 expungeret.
2909 1840 3029 1897 Non
3060 1850 3249 1895 tamen
3302 1840 3578 1911 praecipue
3612 1839 3685 1895 ob

422 1954 555 1993 eam
589 1954 815 1995 causam
846 1947 1179 1996 accesserat.
1209 1938 1345 1994 Nam
1371 1938 1417 1994 si
1456 1936 1774 1993 atl'ectasset
1799 1932 2060 1991 occidere
2088 1931 2292 1998 virum,
2317 1932 2587 2001 potuisset
2621 1946 2651 1985 a
2682 1938 2838 2002 tergo
2872 1930 2956 1985 vel
2999 1944 3027 1983 a
3060 1929 3242 1984 fronte
3270 1929 3352 1984 vel
3383 1943 3415 1983 e
3459 1927 3684 1983 sublimi

423 2025 748 2081 rlcthiferutn
781 2026 991 2082 inferre
1028 2027 1197 2082 ictum
1231 2044 1246 2080 :
1289 2040 1395 2081 nec
1426 2026 1583 2080 asina
1615 2022 1885 2093 potuisset
1914 2032 2109 2092 parare
2137 2016 2528 2089 impedimenta
2565 2016 2747 2087 angeli
2784 2015 3068 2071 instituto.
3103 2014 3286 2080 Quare
3320 2012 3489 2083 igitur
3517 2027 3685 2082 appa-

421 2111 597 2165 vruit?
646 2112 859 2167 scilicet
888 2120 948 2167 ut
980 2114 1165 2183 ipsum
1198 2112 1687 2182 perterrefaceret,
1720 2110 1814 2180 qui
1842 2106 2175 2163 sententiam
2220 2106 2310 2160 Dei
2357 2103 2660 2160 anteferret
2697 2104 3028 2158 muneribus
3060 2110 3114 2156 et
3157 2100 3487 2163 honoribus,
3543 2112 3684 2170 quos

422 2196 803 2265 pollicebatur
832 2199 1021 2255 Balac.
1055 2198 1160 2255 Ubi
1188 2198 1528 2255 existimavit
1556 2212 1620 2252 se
1652 2197 1757 2251 hoc
1793 2192 2067 2256 effecisse,
2097 2190 2309 2247 recedit
2343 2188 2559 2259 fingens
2588 2205 2649 2245 sc
2675 2204 2706 2243 a
2741 2187 2891 2263 caede
2923 2187 3221 2243 inltibitum
3250 2187 3319 2242 ab
3352 2186 3531 2252 asina,
3562 2199 3682 2252 qua:

429 2281 760 2341 decesserat
794 2286 905 2341 via.
954 2285 1250 2342 Balaamus
1274 2294 1428 2342 certe
1454 2283 1824 2340 deterrendus
1850 2288 1993 2337 erat.
2045 2281 2346 2334 Audiverat
2402 2278 2674 2349 siquidem
2725 2288 2908 2347 antea,
2948 2292 3073 2332 cum
3128 2274 3295 2347 legati
3340 2274 3505 2329 Balac
3541 2274 3683 2351 regis

437 2372 618 2441 ipsum
656 2372 951 2438 adiissent,
982 2389 1051 2430 ne
1084 2391 1146 2430 se
1174 2374 1262 2431 his
1291 2374 1555 2429 comitem
1588 2372 1819 2442 jungere
1851 2368 2037 2425 vellet.
2066 2366 2255 2421 Missis
2285 2372 2468 2421 autem
2502 2365 2628 2419 aliis
2674 2364 2869 2436 legatis
2905 2362 3365 2418 ltonoratioribus
3407 2368 3461 2416 et
3491 2375 3685 2415 mune-

436 2459 592 2513 ribus
624 2460 1220 2529 magnificentioribus,
1243 2459 1502 2515 nonnihil
1529 2457 1680 2513 ﬂexit
1711 2457 1986 2522 animum,
2012 2468 2115 2509 nec
2147 2454 2449 2516 recusavit,
2482 2460 2539 2507 et
2566 2452 2814 2506 monitus
2844 2460 2966 2506 erat
3002 2450 3228 2505 oraculo
3258 2448 3472 2514 divino,
3506 2462 3564 2503 se
3597 2447 3685 2522 his

435 2544 568 2600 dare
599 2547 882 2602 comitem.
925 2545 1319 2602 Verumtamen
1369 2547 1445 2600 ait
1487 2560 1549 2600 se
1604 2543 1997 2599 consulturum
2050 2555 2373 2610 supremum
2427 2538 2661 2594 Numen.
2715 2537 2858 2594 Deus
2901 2553 3136 2594 cernens
3176 2537 3232 2591 in
3264 2551 3427 2607 quam
3470 2541 3681 2604 partem

436 2630 729 2687 inclinaret
765 2635 906 2689 vatis
945 2634 1186 2699 animus,
1219 2633 1370 2688 dedit
1405 2631 1455 2687 ei
1490 2639 1819 2707 potestatein
1862 2627 2099 2683 faciendi
2132 2626 2263 2696 quid
2292 2627 2459 2682 vellet
2496 2644 2511 2680 :
2547 2635 2806 2683 caeterum
2840 2631 2901 2680 ut
2926 2641 2988 2680 ca
3019 2626 3201 2681 Solum
3235 2623 3681 2694 proloqueretur,

434 2733 557 2788 quae
587 2721 743 2790 ipsus
776 2720 1123 2791 imperasset,
1150 2730 1337 2774 monet
1368 2718 1441 2774 ob
1469 2718 1575 2774 viri
1605 2717 2042 2773 inconstantiam
2070 2728 2142 2769 ne
2169 2715 2367 2791 iterum
2394 2724 2754 2768 transversus
2775 2718 3055 2782 ageretur.
3091 2709 3197 2766 Sed
3229 2724 3353 2780 quae
3382 2718 3535 2774 sunt,
3562 2723 3684 2779 qua:

441 2788 623 2860 vatem
647 2788 1121 2877 profarijubebat
1163 2805 1352 2861 Deus?
1375 2804 1600 2861 Scilicet
1636 2815 1695 2861 ut
1728 2804 2082 2860 benediceret
2113 2788 2401 2871 populuni.
2437 2801 2551 2856 Nec
2578 2808 2766 2855 tamen
2802 2799 3147 2871 credendum
3190 2805 3274 2853 est
3327 2805 3510 2852 tantas
3539 2796 3685 2877 vires

439 2889 613 2946 fuisse
642 2870 1017 2948 exsecrationi
1064 2892 1307 2947 Balaami
1348 2893 1588 2963 ejusque
1624 2891 1753 2958 arti,
1785 2899 1845 2945 ut
1879 2899 2069 2961 posset
2116 2870 2402 2945 ctelestem
2456 2889 2784 2945 subvertere
2823 2887 3295 2944 maledictionem.
3323 2883 3526 2941 Verum
3554 2870 3685 2955 quia

440 2979 675 3047 prtpulus
706 2979 1047 3035 lsraeliticus
1093 2986 1213 3033 erat
1266 2979 1523 3049 stupidtts
1571 2986 1627 3033 et
1660 2976 1973 3047 imperitus,
2008 2975 2054 3031 si
2098 2976 2405 3032 audivisset
2455 2975 2701 3031 Balaami
2740 2975 3206 3038 exsecrationem,
3261 2972 3687 3041 contempsisset

440 3064 878 3118 benedictionem
915 3064 1030 3119 Dei.
1063 3062 1122 3119 Si
1159 3065 1337 3134 major
1363 3064 1497 3119 fides
1525 3064 1715 3119 habita
1743 3071 1893 3118 esset
1924 3063 2033 3118 vati
2066 3077 2232 3133 quam
2264 3063 2397 3129 Deo,
2427 3062 2730 3132 impietatis
2758 3062 2836 3116 rei
2868 3061 2998 3115 facti
3021 3060 3279 3125 fuissent,
3302 3067 3357 3114 et
3381 3057 3687 3113 exsecratio

439 3151 746 3217 accepisset
780 3150 950 3212 vires,
983 3163 1098 3205 non
1129 3166 1196 3206 ex
1228 3164 1329 3205 sua
1357 3160 1557 3203 natura
1583 3157 1639 3203 et
1670 3150 1744 3214 vi,
1782 3148 1877 3204 sed
1905 3162 2015 3217 quo
2049 3149 2261 3203 homini
2295 3149 2470 3219 magis
2492 3163 2658 3219 quam
2691 3147 2804 3204 Deo
2846 3146 3118 3203 creditum
3159 3153 3327 3202 esset.
3363 3145 3468 3211 Qui
3498 3158 3687 3199 accer-

438 3235 633 3291 sebant
663 3240 846 3290 vatem
879 3236 1171 3291 audaciam
1204 3248 1257 3292 et
1283 3236 1668 3291 fortitudinem
1696 3234 2098 3305 sumpsissent.
2126 3234 2373 3305 Populus
2401 3236 2533 3291 huic
2563 3237 2801 3292 credens
2833 3243 3062 3307 propter
3091 3233 3437 3305 impietatem
3461 3230 3688 3286 omnino

441 3324 623 3377 factus
661 3331 813 3379 esset
846 3323 1285 3382 formidolosior.
1334 3325 1578 3395 Angelus
1610 3339 1718 3378 non
1766 3333 1997 3394 apparet
2030 3321 2134 3385 illi,
2164 3323 2259 3392 qui
2308 3337 2504 3393 parum
2540 3324 2806 3381 obediens
2835 3330 2958 3379 erat
2986 3321 3111 3378 voci
3144 3320 3363 3376 divinae.
3408 3317 3575 3374 Visus
3605 3325 3690 3374 est

438 3407 628 3470 asinae,
655 3420 822 3476 quam
849 3407 1193 3463 existimavit
1215 3406 1475 3461 Balaatno
1504 3406 1975 3477 praestantiorem.
1994 3412 2125 3467 Haec
2162 3413 2466 3469 declinavit
2497 3414 2566 3470 de
2595 3415 2708 3484 via,
2740 3423 2898 3472 vates
2925 3429 3036 3469 non
3056 3411 3352 3469 intellexit.
3387 3409 3489 3466 Ubi
3523 3410 3608 3466 bis
3635 3409 3688 3466 id

438 3494 668 3559 accidit,
692 3509 794 3550 nec
829 3502 1013 3551 tamen
1041 3496 1123 3552 rei
1154 3509 1384 3551 causam
1416 3496 1697 3566 cognovit,
1727 3496 1949 3553 tandem
1980 3500 2343 3568 conspicatus
2387 3509 2473 3558 est
2507 3502 2850 3558 horrendum
2900 3501 3039 3558 illud
3069 3499 3468 3571 spectaculum,
3507 3507 3561 3553 et
3595 3498 3713 3565 illo,

439 3587 655 3636 terrore
685 3580 1051 3649 edocebatur,
1083 3589 1142 3637 ut
1171 3582 1330 3653 231
1364 3593 1530 3638 caute
1556 3592 1767 3654 ageret,
1804 3600 1987 3655 neque
2015 3586 2346 3659 quidquam,
2368 3604 2536 3658 quam
2567 3605 2600 3644 a
2642 3589 2755 3646 Deo
2801 3590 2857 3646 in
2900 3589 3176 3646 mandatis
3211 3589 3462 3651 haberet,
3494 3585 3691 3641 vatici-

442 3678 688 3723 naretur.
722 3666 839 3723 Hoc
867 3668 991 3724 loco
1025 3668 1206 3726 Moses
1236 3670 1483 3724 animum
1514 3670 1726 3740 recepit
1772 3672 2014 3730 adeundi
2054 3673 2419 3741 Pharaonem,
2469 3693 2580 3733 non
2627 3679 2790 3734 aliter
2839 3693 3002 3749 quam
3035 3676 3230 3743 Jacob,
3284 3691 3408 3731 cum
3441 3682 3692 3746 pergeret

441 3753 509 3808 ad
538 3753 765 3810 fratrem
805 3754 974 3811 Esau.
1008 3756 1117 3811 Alii
1176 3767 1502 3813 asseverant
1541 3758 1722 3813 virum
1772 3760 1976 3817 bonum
2010 3761 2212 3827 debere
2261 3763 2516 3819 comitari
2550 3780 2782 3820 uxorem
2837 3764 3226 3837 alienigenam.
3269 3760 3403 3815 Nam
3454 3767 3692 3815 externae

439 3840 769 3909 disciplinae,
808 3840 855 3897 si
880 3842 1045 3898 nobis
1070 3842 1400 3912 jungantur,
1433 3843 1645 3899 habent
1700 3846 1951 3914 quaedam
1984 3848 2133 3905 haud
2176 3850 2525 3921 aspernanda
2570 3853 2638 3907 ad
2669 3854 2897 3909 virtutis
2927 3852 3360 3924 generationem.
3394 3845 3473 3913 Ne
3508 3857 3691 3902 autem
3752 3890 3761 3898 ,

442 3927 661 3985 soboles
687 3928 779 3982 illa
811 3928 1034 3985 virtutis
1059 3944 1333 4001 generosa
1367 3931 1693 4006 inquinetur
1723 3932 1846 3989 labe
1890 3935 2074 4006 aliqua
2108 3938 2447 4009 alienigena,
2469 3949 2525 3994 et
2554 3940 2636 3996 sic
2665 3940 2946 3996 inmortis
2974 3939 3162 3995 veniat
3195 3936 3529 4009 periculum,
3560 3948 3696 3989 con-

443 4014 650 4070 snitum
678 4015 786 4070 erit
816 4016 893 4071 uti
908 4015 1373 4099 circumcisione,
1402 4025 1462 4071 ut
1494 4017 1586 4074 illa
1613 4020 1838 4078 soboles
1867 4036 1977 4077 non
2007 4024 2256 4091 ethnica,
2284 4028 2378 4082 sed
2409 4027 2729 4084 Israeliticae
2756 4026 3068 4084 nobilitatis
3096 4039 3325 4098 germen
3347 4038 3473 4079 csse
3495 4035 3694 4093 cogno-

443 4111 649 4158 scatur.
690 4100 936 4174 Exempli
982 4104 1157 4175 gratia
1189 4121 1204 4158 :
1241 4104 1286 4161 si
1336 4106 1465 4177 quis
1518 4106 1663 4178 legat
1702 4108 1771 4164 de
1804 4111 2227 4168 immortalitate
2270 4113 2470 4169 animae
2498 4114 2696 4183 dogma
2735 4113 3187 4186 Pythagoricum,
3220 4108 3368 4182 quod
3412 4106 3695 4163 evidenter

445 4191 646 4245 astruit
674 4190 1150 4248 immortalitatem
1181 4193 1399 4259 animae,
1433 4207 1501 4247 ne
1533 4208 1643 4264 qua
1676 4195 1801 4252 labe
1844 4198 2067 4254 ethnica
2101 4201 2407 4271 polluatur,
2438 4200 2754 4256 consultum
2788 4203 2897 4257 erit
2935 4201 3011 4256 uti
3047 4198 3497 4259 circumcisione,
3521 4202 3575 4250 et
3605 4207 3694 4251 res

443 4292 635 4334 secare
666 4278 898 4336 alterum
923 4284 1147 4349 dogma,
1173 4294 1284 4349 quo
1306 4280 1640 4342 conﬁrmare
1671 4283 1870 4338 nititur
1906 4285 2051 4340 idem
2107 4287 2477 4359 Pythagoras,
2511 4288 2709 4343 anima:
2730 4303 2798 4343 ex
2835 4301 2945 4342 uno
2976 4285 3032 4341 in
3067 4283 3219 4340 aliud
3247 4291 3452 4352 corpus
3488 4279 3694 4350 migra-

445 4365 671 4420 tionem.
699 4364 856 4422 Alius
887 4366 1167 4435 interpres
1207 4366 1389 4435 inquit
1442 4380 1555 4420 non
1585 4368 1830 4425 dilucide
1892 4373 2153 4429 traditum
2201 4390 2349 4441 esse,
2403 4392 2566 4448 quem
2614 4377 2850 4431 voluerit
2893 4375 3113 4431 occisor
3164 4370 3393 4442 angelus
3433 4384 3462 4422 e
3516 4364 3695 4420 medio

446 4457 661 4511 tollere.
694 4455 753 4510 Si
785 4457 932 4512 enint
969 4455 1147 4509 voluit
1189 4455 1418 4524 perdere
1451 4454 1663 4522 Mosen,
1698 4457 1952 4527 profecto
1991 4463 2198 4517 invitus
2233 4462 2302 4519 ab
2339 4465 2460 4534 ejus
2502 4463 2654 4520 caede
2706 4462 3068 4519 abstinuisset
3114 4459 3337 4530 cognita
3403 4455 3554 4525 pueri
3585 4452 3696 4506 cir-

447 4542 812 4607 cumcisione.
841 4541 1114 4596 Caeterum
1144 4540 1239 4596 ille
1272 4541 1415 4595 idem
1444 4551 1611 4613 typus
1640 4542 1938 4600 manifesto
1965 4549 2318 4621 comprobat,
2351 4552 2406 4606 in
2439 4551 2711 4623 sanguine
2738 4548 2944 4606 Christi
2974 4546 3245 4603 devictam
3268 4558 3393 4599 esse
3424 4547 3653 4595 mortem
3679 4554 3695 4593 :

446 4641 495 4684 et
527 4625 747 4698 patrum
782 4628 1195 4683 multitudinem
1232 4641 1410 4696 usque
1444 4627 1511 4681 ad
1546 4628 1786 4699 primum
1813 4635 2031 4701 generis
2056 4646 2340 4694 auctorem
2381 4628 2656 4695 Adamnm
2691 4639 2962 4695 salvatam
2993 4649 3143 4691 esse.
3179 4632 3234 4687 Si
3269 4628 3558 4703 proposuit
3595 4641 3698 4680 an-

444 4717 605 4787 gelus
638 4730 836 4772 necare
865 4714 1102 4781 Gerson,
1136 4715 1275 4771 satis
1323 4715 1499 4785 liquet
1529 4716 1725 4771 mortis
1756 4720 2064 4788 periculum
2101 4740 2214 4781 non
2245 4741 2370 4783 esse
2422 4727 2804 4798 propulsatum
2848 4722 3062 4778 carnali
3115 4716 3567 4776 circumcisione.
3593 4710 3701 4768 Ve-

450 4820 598 4869 rmn,
625 4804 673 4860 si
701 4818 817 4860 rem
849 4804 1026 4875 ipsam
1062 4810 1214 4859 recta
1250 4802 1335 4857 via
1368 4812 1623 4868 reputare
1650 4805 2012 4875 voluerimus,
2047 4813 2226 4882 gratia
2262 4812 2503 4884 Spiritus
2547 4813 2728 4870 sancti
2777 4811 2884 4867 hoc
2914 4807 3099 4865 effecit
3135 4806 3191 4862 in
3232 4801 3601 4877 primogenita
3647 4807 3703 4855 et

442 4904 594 4947 novo
618 4892 848 4978 populo,
881 4891 977 4962 qui
1012 4890 1214 4948 eratin
1242 4900 1389 4946 terra
1417 4890 1513 4978 illa
1531 4894 1893 4978 peregrinus.
1927 4897 2087 4954 Hunc
2116 4900 2556 4958 circumciditex
2588 4901 2849 4974 gentibus
2870 4906 2992 4955 orta
3027 4896 3279 4966 Sephora
3307 4891 3487 4962 lapide
3515 4896 3699 4953 acuto,

451 4977 773 5049 significans
799 4978 1071 5050 Spiritum
1105 4984 1360 5034 sanctum
1397 4973 1496 5048 per
1528 4977 1728 5050 lapidis
1758 4981 2077 5042 ﬁrmitatem
2115 4996 2170 5043 et
2208 4989 2570 5045 soliditatem.
2597 4973 2741 5055 Quia
2778 4993 3036 5057 sumptus
3066 4986 3188 5040 erat
3219 4981 3288 5037 de
3321 4988 3498 5050 petra.
3552 4973 3700 5042 Qui!

440 5067 660 5123 Christi
694 5077 816 5123 erat
858 5068 1115 5139 spiritus.
1152 5085 1171 5120 ι
1197 5067 1264 5121 At
1297 5075 1452 5138 petra
1485 5078 1604 5124 erat
1628 5066 1898 5127 Christus
1916 5072 1986 5129 ⁸⁸.
2017 5091 2036 5125 ι
2067 5071 2374 5145 Lapideum
2405 5085 2589 5131 autem
2637 5073 2775 5130 illud
2809 5074 3246 5134 instrumentum
3278 5072 3528 5145 ostentat-
3570 5060 3706 5131 lapi-

442 5157 584 5212 deos
617 5156 854 5221 cultros,
892 5155 1098 5226 quibus
1133 5154 1410 5225 posterius
1440 5152 1611 5211 Josue
1646 5157 1726 5211 vel
1769 5156 1931 5214 Jcsus
1979 5142 2332 5218 circumcidit
2362 5163 2504 5220 filios
2533 5162 2699 5220 Israel
2733 5159 3188 5222 circumcisione,
3235 5167 3361 5227 quae
3403 5142 3541 5206 citra
3583 5161 3703 5202 tna-

449 5259 625 5299 nuum
663 5245 1030 5300 ministerium
1074 5246 1360 5314 peragitur
1394 5246 1448 5297 in
1487 5244 1710 5313 spiritu.
1755 5243 1880 5302 Haec
1907 5256 2090 5306 autem
2140 5258 2225 5308 est
2254 5252 2351 5307 illa
2385 5252 2742 5310 circumcisio
2766 5292 2783 5319 ,
2829 5265 2938 5323 qua
2964 5250 3222 5306 domatur
3276 5258 3429 5299 mors
3486 5237 3702 5295 succisa

452 5332 685 5389 libidine
714 5331 1186 5403 quemadmodum
1219 5345 1463 5401 praasens
1494 5341 1681 5386 mouet
1713 5344 1896 5403 typus.

529 5418 696 5476 Vens.
728 5420 819 5474 27.
858 5419 926 5473 Et
960 5418 1115 5483 abiit,
1152 5418 1487 5487 occurritque
1515 5417 1563 5470 ei
1590 5418 1644 5470 in
1679 5429 1855 5474 monte
1882 5420 1996 5487 Dei,
2025 5432 2403 5499 osculatusque
2430 5438 2507 5483 est
2539 5435 2811 5491 eum,etc.
2842 5423 3011 5481 Initio
3041 5423 3187 5486 vite,
3226 5433 3351 5490 qua:
3400 5411 3704 5470 secundum

454 5508 715 5563 virtutem
741 5507 944 5578 agitur,
979 5505 1118 5560 Mosi
1148 5504 1431 5560 hostiliter
1457 5512 1511 5558 et
1539 5502 1808 5562 seditiose
1851 5514 2274 5569 occurrebatur.
2315 5515 2447 5570 Nam
2480 5514 2842 5587 Egyptiacus
2875 5526 3109 5582 operum
3159 5514 3386 5564 curator
3416 5498 3706 5554 Hebraeum

390 5674 395 5681 .
452 5595 757 5649 crudeliter
787 5592 1096 5657 tractabat;
1131 5590 1329 5645 deinde
1365 5588 1626 5646 Hebraeus
1649 5606 1774 5647 cum
1807 5592 2038 5654 Hebraeo
2069 5601 2466 5659 altercabatur.
2505 5603 2643 5661 Cum
2671 5609 2852 5659 autem
2885 5599 3067 5657 Moses
3100 5596 3195 5653 diu
3236 5591 3530 5650 meditatus
3559 5587 3713 5641 esset

525 5732 572 5764 δ’
602 5730 762 5787 Nutu.
798 5746 931 5795 ml,
962 5728 1032 5784 ‘22
1063 5744 1215 5801 seqq.
1291 5728 1337 5760 ⁸³
1366 5727 1384 5783 l
1411 5727 1538 5784 Cor.
1572 5743 1626 5795 χ,
1656 5728 1709 5782 4.
