4010 6212
1931 185 1966 200 ἰιι

203 260 314 328 stt
799 235 804 240 ’
1331 263 1786 326 COMMENTAF

1906 263 1986 324 IN
2023 263 2372 325 EXODUM.
3383 261 3489 326 542

217 375 518 439 caelestia,
569 380 626 428 et
673 373 743 430 ad
777 387 961 429 veram
1003 377 1182 430 lucem
1231 376 1418 430 animo
1465 375 1850 438 subvolasset;
1885 374 2128 428 amicum
2184 379 2240 427 et
2273 379 2528 441 pacatum
2581 371 2868 442 experitur
2919 371 3106 426 fratris
3155 385 3486 432 occursum.

231 463 314 518 sic
339 461 532 516 omnia
565 469 790 530 gerente
817 459 952 516 Deo.
998 462 1260 533 Collapsa
1298 463 1446 518 enim
1493 470 1684 518 nostra
1719 469 1920 516 natura
1969 460 2026 516 itt
2060 459 2712 530 peccatum,-unicuiqne
2767 459 3002 514 subsidii
3030 471 3200 512 causa
3237 461 3494 526 apposuit

239 551 492 615 angelum
519 549 844 603 misericors
873 549 1038 604 Deus.
1076 549 1176 603 Hic
1204 549 1464 619 opposuit
1499 561 1554 605 et
1581 551 1818 604 alterum
1843 555 2044 604 nostra:
2068 556 2280 602 natura:
2313 546 2552 601 hostem.
2585 545 2698 601 Nos
2727 546 2782 602 in
2815 545 2995 602 medio
3021 544 3186 615 positi
3219 544 3286 598 ad
3309 552 3492 598 utrum
3579 597 3582 600 ,

239 635 716 700 inelinaveritntts,
749 636 903 692 illius
933 636 1299 706 exsequimur
1323 652 1514 707 opera.
1567 635 1726 690 Alter
1759 635 1982 690 virtutis
2038 635 2204 698 bona,
2241 633 2382 688 alter
2421 633 2734 701 voluptates
2779 633 2972 688 saeculi
3006 631 3271 701 suggerit.
3309 631 3422 685 Has
3446 631 3494 686 si

243 723 658 791 protriverimus
689 729 746 776 et
797 724 1314 780 conculcaverimus
1344 723 1414 778 ad
1463 723 1704 778 divinam
1755 723 1954 777 iterum
2007 720 2293 776 reformati
2348 722 2669 791 imaginem,
2703 720 3016 776 videbimus
3059 719 3220 774 nobis
3271 717 3492 772 obviam

246 809 436 864 conari
473 807 727 864 fratrem.
765 807 868 864 Hic
895 819 1076 866 autem
1107 812 1406 866 rationalis
1427 818 1482 866 et
1506 811 1814 882 spiritualis
1844 817 1951 874 est,
1980 816 2208 880 tumque
2239 807 2439 862 visitur
2473 816 2526 863 et
2554 808 2792 872 assistit,
2823 822 2948 862 cum
2979 805 3491 876 appropinquamus

241 897 536 952 Pharaoni.

307 1012 418 1068 Kal
445 1013 812 1070 ἐπίστευσεν
837 1014 871 1068 ό
897 1013 1047 1080 λαός
1093 1013 1191 1070 καὶ
1222 1012 1429 1084 ἐχάρη.
1476 1012 1630 1084 Καλὴ
1664 1012 1697 1083 ἡ
1734 1011 1822 1065 πιο
1847 995 1890 1050 Α

1991 1004 2160 1062 Vsus.
2191 1006 2282 1062 '51.
2319 1005 2388 1060 Et
2415 1005 2644 1060 credidit
2679 1005 2906 1074 populus
2931 1012 2979 1060 et
3015 1005 3226 1074 gauisus
3255 1012 3354 1066 est,
3385 1009 3494 1056 etc.
3555 1019 3564 1028 ο

241 1119 381 1165 στις,
437 1104 592 1176 ειπερ
655 1104 926 1174 ἐνέμεινε,
977 1105 1073 1157 καὶ
1130 1102 1206 1174 μὴ
1241 1103 1382 1174 μετὰ
1417 1102 1590 1156 ταῦτα
1617 1105 1822 1171 γογγύ-

1923 1098 2162 1152 Pulchra
2193 1097 2415 1168 quidem
2456 1105 2544 1152 est
2579 1096 2712 1152 ﬁdes
2751 1097 2864 1162 illa,
2896 1105 2953 1153 et
3001 1098 3264 1151 omnibus
3318 1092 3497 1148 modis

239 1193 420 1256 ζουσι.
459 1187 622 1248 Οὗτοι
645 1195 756 1266 γάρ
790 1197 930 1248 εἰσιν
965 1197 994 1248 ὁ
1021 1195 1162 1266 πρὸς
1215 1195 1310 1247 τὸν
1365 1194 1586 1264 Πατέρα
1649 1193 1820 1248 εἰπὼν

1925 1189 2204 1244 laudanda
2243 1187 2388 1244 foret
2418 1188 2464 1242 si
2503 1187 2556 1241 in
2591 1187 2694 1242 hac
2733 1188 3196 1256 permansissent,
3227 1199 3338 1240 nec
3378 1192 3498 1236 tur-

241 1281 392 1345 Υεὸς,
419 1282 494 1345 ὡς
523 1283 864 1354 Ἀπέρχομαι
890 1286 970 1348 εἰς
999 1285 1092 1338 τὸν
1122 1283 1440 1354 ἀμπελῶνα,
1466 1287 1532 1356 τῇ
1569 1287 1669 1356 μὲν
1709 1303 1822 1354 φω-

1923 1279 2066 1350 piter
2089 1279 2628 1334 obmurmurassent.
2660 1277 2774 1334 Hoc
2809 1279 2942 1333 illud
2971 1285 3076 1344 est,
3116 1275 3262 1346 quod
3292 1274 3361 1328 ad
3391 1273 3497 1326 Pa-

239 1374 306 1444 νῇ
346 1373 650 1446 πρόθυμος,
680 1375 756 1446 τῷ
788 1367 843 1428 δὲ
879 1376 1024 1448 ἔργῳ
1058 1373 1334 1446 πολέμιος.

1927 1376 2064 1422 trem
2093 1367 2234 1422 dixit
2273 1365 2481 1421 Filius:
2513 1365 2666 1420 Abeo
2698 1367 2753 1420 in
2789 1368 3006 1422 vineam
3036 1375 3092 1420 et
3132 1365 3208 1420 ibi
3245 1378 3390 1432 epus
3419 1360 3499 1414 fa-

1928 1458 2092 1514 ciam.
2128 1456 2324 1514 Verbis
2364 1457 2590 1536 quidem
2623 1466 2744 1513 erat
2796 1466 3108 1528 promptus,
3149 1457 3332 1526 reipsa
3369 1463 3514 1509 vero

1929 1549 2124 1603 hostis.

327 1647 464 1704 Vide
495 1649 708 1715 Mosen,
745 1653 840 1722 qui
873 1653 1036 1708 initio
1063 1653 1286 1722 juvenis
1318 1661 1462 1715 erat,
1502 1667 1605 1707 nec
1651 1661 1869 1724 poterat
1909 1653 1966 1709 in
2007 1663 2247 1725 gratiam
2284 1654 2550 1708 reducere
2587 1653 2728 1710 duos
2763 1653 2910 1709 inter
2949 1669 3008 1710 se
3045 1651 3327 1707 hostiliter
3365 1665 3501 1705 con-

241 1736 544 1794 tendentes
587 1755 600 1792 :
647 1754 794 1794 nunc
837 1741 1040 1796 virtute
1081 1748 1278 1796 auctus
1317 1748 1372 1794 et
1407 1740 1594 1800 divina
1623 1741 1837 1796 visione
1877 1741 2078 1812 dignus
2125 1741 2368 1806 habitus,
2407 1741 2706 1812 additoque
2753 1742 2924 1798 fratre
2964 1749 3178 1795 tantum
3213 1739 3401 1809 pollet,
3447 1747 3502 1791 ut

243 1825 570 1895 imperitare
603 1825 783 1880 valeat
813 1835 972 1882 tanto
997 1827 1223 1896 populo,
1265 1827 1427 1896 eique
1480 1825 1736 1892 sufﬁciat,
1763 1827 2050 1882 liberando
2083 1828 2150 1884 ab
2171 1829 2436 1899 operibus
2474 1829 2576 1884 luti
2607 1837 2662 1884 et
2705 1827 3016 1884 lateriﬁcio.
3041 1827 3216 1881 'l'anta
3250 1840 3389 1896 opus
3415 1831 3502 1878 est

243 1927 384 1967 cura
429 1921 694 1983 tanthue
725 1914 912 1968 studio
949 1915 1276 1986 priusquam
1321 1914 1568 1984 reliquos
1594 1913 1795 1970 docere
1825 1916 2236 1986 aggrediamur.

1647 2025 1808 2095 232
1847 2025 2001 2080 car.
2045 2023 2112 2080 v.

329 2107 494 2162 Vens.
527 2109 582 2165 5.
615 2106 686 2160 Et
717 2108 904 2162 dicunt
935 2110 983 2162 ei
1011 2149 1024 2162 .
1063 2109 1206 2164 Deus
1239 2109 1592 2166 Ilebrteorum
1634 2116 1836 2167 vocavit
1867 2131 1984 2177 nos,
2017 2125 2130 2168 etc.
2187 2112 2392 2168 Verum
2425 2112 2678 2182 profecto
2716 2111 2920 2168 festum
2971 2109 3314 2180 pronuntiat.
3361 2105 3498 2172 Quis

245 2195 402 2248 enim
431 2210 542 2248 non
571 2193 774 2248 festum
811 2195 1038 2258 dixerit,
1067 2211 1193 2251 cum
1226 2197 1371 2253 Deus
1398 2199 1532 2268 jugo
1565 2200 1854 2254 servitutis
1881 2215 2105 2270 pressos
2141 2201 2208 2256 ad
2245 2202 2555 2256 libertatem
2590 2199 2786 2254 vocat?
2809 2198 3070 2265 Quamvis
3109 2204 3290 2250 autem
3317 2201 3503 2264 tyran-

251 2297 364 2335 nus
391 2281 666 2336 restiterit
701 2297 806 2336 nec
841 2282 1240 2351 profectionem
1275 2285 1340 2338 ad
1378 2279 1577 2340 festum
1608 2285 1755 2341 diem
1793 2288 2185 2344 celebrandum
2211 2289 2516 2344 concedere
2539 2288 2792 2354 voluerit,
2823 2287 3142 2355 diceretque
3175 2284 3281 2338 sibi
3318 2279 3504 2334 Domi-

251 2383 389 2422 num
423 2383 535 2422 non
561 2383 686 2423 esse
727 2379 920 2423 notum
957 2386 970 2422 :
1017 2385 1124 2424 non
1160 2377 1344 2424 tamen
1403 2371 1616 2425 destitit
1667 2374 1887 2443 coeptis.
1935 2375 2054 2430 Non
2109 2376 2256 2432 enim
2307 2376 2612 2432 libertatem
2663 2374 2996 2431 intercidere
3033 2378 3248 2442 Oportet
3281 2368 3504 2424 diabolo

253 2456 652 2526 impedimenta
687 2464 942 2526 parante.
969 2457 1309 2512 Constanter
1342 2459 1792 2528 respondendum
1829 2473 1882 2516 et
1920 2463 2238 2518 instandum
2293 2471 2398 2527 est,
2448 2461 2683 2517 dicendo
2715 2479 2727 2513 :
2775 2479 2800 2512 ρ
2827 2461 2970 2516 Deus
3005 2457 3360 2514 Hebraeorum
3406 2471 3503 2509 vo-

253 2545 408 2597 cavit
445 2559 566 2598 nos.
609 2562 628 2595 ι
677 2542 829 2613 Opus
864 2553 946 2599 est
979 2544 1148 2598 tridui
1199 2545 1545 2614 profectione
1575 2555 1630 2600 et
1670 2547 1726 2599 in
1763 2548 2139 2606 solitudinem.
2179 2548 2300 2603 Non
2335 2550 2482 2604 enim
2531 2547 2791 2603 convenit
2823 2546 3174 2601 Hebraeorum
3220 2545 3332 2597 Deo
3376 2555 3501 2596 cum

255 2630 648 2704 Egyptiorum
685 2632 932 2688 cultibus
957 2643 1010 2688 et
1040 2633 1356 2688 sacriliciis.
1393 2632 1666 2705 [Egyptus
1696 2643 1782 2691 est
1813 2637 2014 2706 caligo.
2047 2650 2210 2704 quam
2243 2649 2345 2688 nos
2375 2634 2562 2706 fugere
2593 2640 2832 2703 oportet,
2885 2647 3096 2688 necnon
3129 2630 3348 2702 tyra'mti
3381 2641 3506 2695 pro-

259 2720 502 2774 vinciam
553 2737 656 2776 nos
691 2722 756 2776 ad
813 2731 1104 2791 peccatum
1141 2723 1562 2793 perpellentetu.
1613 2723 1685 2777 At
1719 2739 1819 2779 nos
1871 2722 2028 2793 sequi
2059 2723 2217 2776 decet
2249 2723 2416 2776 vitam
2470 2713 2782 2787 liberalem,
2817 2727 2872 2774 et
2909 2734 3138 2790 prorsus
3187 2730 3410 2771 vacuam
3449 2721 3508 2768 et

257 2814 610 2876 segregatam
642 2809 711 2862 ab
745 2807 966 2879 Egypti
995 2801 1449 2874 vanitatibus,‘ut
1484 2825 1756 2880 queamus
1785 2810 2106 2866 sacriﬁcare
2139 2808 2249 2864 Deo
2275 2809 2511 2878 justitiaa
2549 2807 2784 2864 fructus.
2815 2805 3002 2862 Utitur
3028 2812 3208 2860 autem
3237 2809 3508 2874 praetextu

260 2887 557 2951 verisimili
592 2905 646 2952 et
689 2908 959 2952 consueto
1021 2898 1349 2964 idololatris,
1384 2900 1477 2968 qui
1511 2900 1858 2955 introeuntes
1891 2896 2184 2966 templum,
2215 2911 2324 2948 non
2366 2895 2490 2950 dico
2527 2904 2772 2964 tangere,
2822 2896 2932 2948 imo
2961 2907 3031 2946 ne
3067 2892 3253 2946 videre
3283 2887 3508 2958 quidem

261 2979 546 3033 sustinent
574 2991 872 3035 mortuum.
909 2982 1258 3052 Quapropter
1319 2989 1374 3036 et
1414 2996 1538 3045 nos,
1573 2997 1738 3052 quam
1773 2983 2099 3052 longissime
2127 2999 2158 3037 e
2198 2991 2498 3053 conspectu
2527 2991 2712 3036 vestro
2745 2983 2902 3037 abire
2937 2987 3176 3052 oportet,
3207 2993 3275 3034 ne
3308 2977 3506 3032 festum

265 3075 524 3120 nostrum
551 3065 919 3134 interpoletur
946 3067 1117 3133 caede,
1153 3075 1249 3122 aut
1282 3075 1506 3123 mortuo
1540 3069 1829 3136 cadavere,
1863 3071 1979 3126 sive
2005 3073 2133 3142 quis
2176 3071 2420 3125 naturali
2471 3069 2552 3124 vel
2584 3070 2826 3124 violenta
2885 3071 3135 3140 rapiatur
3173 3075 3371 3120 morte.
3397 3062 3508 3118 Vos

263 3154 494 3224 quidem
523 3155 758 3223 potestis
791 3155 974 3209 edicto
1003 3170 1222 3220 cavere,
1252 3171 1321 3211 ne
1349 3171 1510 3210 sacra
1536 3167 1722 3212 vestra
1762 3158 1828 3212 ad
1857 3159 2003 3212 hunc
2043 3157 2266 3211 modum
2297 3155 2689 3226 profanentur.
2726 3158 2994 3212 Caeterum
3025 3158 3072 3211 si
3095 3169 3198 3208 nos
3239 3154 3292 3207 in
3331 3149 3510 3206 medio

267 3241 516 3295 civitatis
540 3255 700 3295 sacra
745 3239 1000 3306 facimus,
1029 3242 1314 3311 continget
1350 3242 1533 3309 facile,
1565 3253 1624 3297 ut
1674 3253 1868 3300 nostra
1905 3245 2264 3300 incestentur.
2307 3243 2409 3296 Hic
2455 3257 2638 3298 sermo
2692 3258 2796 3298 nos
2827 3243 3085 3298 admonet
3141 3239 3508 3295 recedendum

266 3343 392 3382 esse
432 3342 462 3380 a
505 3326 812 3382 mortiferis
841 3329 1104 3396 operibus
1161 3329 1208 3384 si
1241 3329 1474 3386 velimus
1503 3331 1820 3387 sacriﬁcare
1855 3331 2005 3398 Deo;
2041 3330 2332 3401 fugiendas
2377 3344 2602 3401 quoque
2644 3327 3002 3402 Egyptiacas
3033 3328 3314 3392 tenebras,
3343 3324 3396 3380 id
3427 3336 3514 3378 est

267 3415 654 3483 pollutionem,
681 3429 802 3483 qua:
831 3413 1073 3469 nefarios
1103 3414 1360 3485 sequitur
1389 3415 1648 3471 affectus.

339 3499 510 3574 _V£lts.
540 3499 592 3554 Ἰ.
636 3498 758 3554 Νοη
792 3501 1024 3572 amplius
1056 3502 1364 3571 prwbebitis
1395 3504 1582 3572 paleas
1628 3505 1696 3558 ad
1727 3504 2078 3573 conﬁciendos
2107 3509 2324 3570 lateres,
2366 3513 2474 3558 etc.
2504 3503 2724 3569 Quanto
2752 3503 2928 3574 magis
2955 3502 3084 3572 quis
3113 3497 3396 3556 contendit
3441 3495 3512 3551 ad

271 3585 578 3642 libertatem
613 3587 840 3656 rejectis
889 3590 1040 3644 vitiis
1085 3597 1139 3643 et
1184 3588 1323 3643 falsa
1365 3591 1651 3666 religione,
1683 3600 1841 3645 tanto
1873 3592 1930 3644 in
1979 3593 2220 3661 majores
2251 3600 2304 3644 et
2359 3591 2576 3660 pejores
2625 3590 2870 3645 illabitur
2901 3590 3250 3644 tentatioues.
3306 3583 3513 3644 Harum

273 3679 480 3746 impetu
521 3677 746 3746 quidam
782 3677 1121 3743 claudicant,
1161 3683 1220 3732 ttt
1251 3679 1455 3733 accidit
1495 3694 1561 3733 ea
1580 3665 1918 3750 tempestate
1944 3679 2145 3748 pepulo
2195 3676 2525 3734 Israelitico.
2569 3675 2806 3741 Quidam
2838 3691 2975 3730 vero
3001 3675 3091 3730 his
3121 3674 3426 3743 probantur
3459 3677 3516 3724 et

273 3765 496 3818 virtutis
531 3765 876 3820 incrementa
899 3766 1154 3834 capiunt,
1191 3775 1564 3836 repugnantes
1605 3776 1858 3839 tyranno,
1891 3766 1983 3836 qui
2033 3772 2268 3818 conatur
2291 3780 2388 3819 eos
2426 3779 2456 3816 a
2487 3763 2806 3818 cmlestium
2853 3763 3216 3816 meditatione
3253 3757 3514 3824 avellere,

271 3862 324 3906 et
355 3853 473 3905 luto
505 3851 904 3920 lateriﬁcioque
935 3852 1285 3922 immergere,
1315 3859 1378 3905 ut
1415 3852 1492 3907 nil
1525 3853 1630 3908 nisi
1677 3861 1898 3907 terrena
1939 3851 2202 3922 cogitent.
2225 3849 2383 3916 Quod
2435 3865 2533 3904 eos
2569 3850 2747 3903 lutum
2801 3861 3084 3902 macerare
3111 3846 3279 3916 cogit,
3310 3844 3516 3897 idcirco

275 3938 332 3992 ﬁt
380 3946 440 3991 ut
473 3937 852 4008 intelligamus
891 3953 956 3992 ex
984 3951 1132 4007 aqua
1166 3952 1262 3993 seu
1307 3937 1543 3994 humore
1585 3949 1640 3994 et
1686 3947 1836 3994 terra
1879 3953 2096 3994 omnem
2141 3937 2330 4006 perlici
2367 3937 2728 4005 voluptatem,
2779 3936 2938 4004 cujus
2989 3933 3132 3996 ﬁnis,
3164 3932 3209 3988 si
3245 3930 3517 3998 attendas,

277 4025 416 4079 nihil
447 4033 554 4079 est.
587 4025 692 4079 Ubi
724 4023 792 4078 ad
819 4039 1098 4078 summum
1133 4025 1447 4091 pervenerit
1485 4026 1744 4096 voluptas
1775 4035 1830 4081 et
1853 4025 2013 4096 quasi
2037 4023 2249 4090 expleta
2285 4023 2477 4087 fuerit,
2508 4030 2812 4077 evacuatur
2845 4037 2954 4075 non
2992 4035 3154 4074 secus
3186 4035 3250 4073 ac
3277 4017 3518 4080 ofﬁcina,

275 4115 330 4168 in
355 4129 466 4184 qua
499 4113 699 4170 lateres
735 4113 1066 4179 formantur,
1097 4113 1192 4168 ubi
1229 4113 1530 4182 absumpto
1574 4114 1689 4170 luto
1741 4119 2050 4178 macerato,
2089 4110 2237 4164 aliud
2274 4111 2572 4181 aggeritur.
2609 4107 2882 4170 Stipulam
2923 4107 3244 4176 paleamque
3274 4103 3522 4159 divinum

281 4201 641 4272 Evangelium
691 4216 906 4256 necnon
957 4201 1168 4256 vocalis
1197 4208 1251 4256 et
1285 4201 1526 4257 disertus
1553 4201 1760 4257 Paulus
1807 4199 2157 4272 interpretati
2181 4191 2344 4264 sunt,
2378 4199 2625 4254 dicentes
2660 4197 2754 4250 illa
2786 4211 2913 4250 esse
2947 4195 3234 4248 materiam
3275 4192 3434 4262 ignis.
3464 4188 3524 4244 In

281 4288 426 4343 hunc
459 4288 682 4342 modum
711 4285 976 4342 sollicitat
1009 4287 1265 4342 diabolus
1298 4301 1419 4352 eos,
1445 4289 1539 4356 qui
1574 4285 1686 4341 Deo
1713 4301 1938 4356 operam
1969 4287 2102 4342 dare
2152 4285 2393 4342 student.
2419 4284 2702 4340 Difﬁcilem
2732 4283 2938 4353 praebet
2973 4281 3263 4344 malitiam,
3299 4293 3366 4332 ne
3403 4278 3526 4348 ejus

282 4377 565 4431 satietates
597 4374 882 4430 fastidium
917 4374 1097 4444 pariat
1127 4388 1230 4428 suo
1257 4374 1478 4428 cultori.
1511 4373 1752 4429 Nitimur
1775 4375 1920 4429 enim
1950 4378 2006 4432 in
2037 4376 2266 4430 vetitum
2302 4375 2667 4445 cupimusque
2688 4387 2906 4441 semper
2939 4380 3146 4440 negata.
3179 4367 3242 4421 Et
3277 4381 3385 4436 quo
3414 4380 3527 4418 tua-

277 4453 364 4540 gis
397 4467 735 4530 inhibemur,
772 4480 842 4520 eo
881 4466 1058 4534 magis
1088 4463 1348 4534 cupidine
1391 4463 1677 4520 ardemus.
1729 4463 1940 4518 Divina:
1991 4464 2096 4534 legi
2145 4463 2388 4528 vocanti,
2439 4477 2602 4517 nemo
2643 4461 2734 4514 illa
2765 4465 3092 4528 tempestate
3143 4454 3528 4511 obsecundans

281 4554 676 4625 indignabatur
705 4569 720 4607 :
753 4567 855 4608 nec
883 4552 1180 4623 quisquam
1205 4551 1262 4606 in
1293 4551 1666 4620 legislatorem
1691 4555 1888 4606 acerbe
1917 4549 2307 4614 inveltebattn',
2339 4549 2468 4602 dum
2496 4563 2615 4603 eam
2645 4556 2796 4602 recte
2827 4543 3194 4613 intelligebat,
3225 4542 3530 4613 praesertim

281 4645 376 4712 qui
409 4641 613 4698 salvari
651 4641 913 4710 cupiebat
955 4655 1066 4694 non
1100 4639 1310 4694 ferebat
1334 4639 1550 4710 tyranni
1597 4639 1910 4700 illecebras,
1935 4635 2136 4707 quibus
2163 4636 2540 4691 inescabatur.
2581 4633 2689 4689 Sed
2721 4631 2886 4698 Deus,
2922 4631 3018 4700 qui
3051 4641 3163 4684 tum
3189 4643 3409 4698 quoque
3443 4641 3531 4680 sa~

285 4731 454 4782 lutem
489 4727 806 4796 praestabat,
839 4725 1022 4795 inquit
1047 4724 1114 4778 ad
1146 4723 1335 4779 Mosen
1365 4741 1379 4777 :
1419 4741 1438 4774 ι
1465 4722 1584 4778 Jam
1623 4723 1836 4779 videbis
1859 4739 1982 4794 qua:
2035 4722 2286 4779 facturus
2318 4723 2427 4780 sint
2464 4720 2764 4786 Pharaoni,
2804 4739 2824 4774 ι
2867 4729 2976 4776 etc.
3028 4717 3323 4774 Promissis
3353 4713 3532 4784 magis

286 4829 464 4887 quam,
485 4813 535 4867 vi
563 4811 824 4889 Hebraeos
849 4813 1220 4883 promptiores
1249 4809 1511 4867 reddens.

1697 4919 1856 4990 233
1879 4918 2030 4975 Cir.
2069 4918 2156 4973 γι.

357 5033 526 5088 Vens.
545 5033 600 5086 ³5.
627 5029 694 5084 Et
712 5046 900 5085 nomen
925 5047 1098 5084 meum
1117 5028 1329 5084 Adonai
1347 5043 1448 5080 non
1465 5026 1695 5080 iudicavi
1721 5028 1942 5086 eis,etc.
1962 5023 2081 5078 Tibi
2112 5031 2295 5076 autem
2321 5017 2654 5089 signiﬁcavi,
2679 5015 2812 5070 licet
2844 5012 2948 5068 ﬁde
2974 5010 3148 5064 multo
3175 5008 3257 5061 sis
3277 5005 3542 5060 Patribus

291 5119 544 5174 inferior.
569 5118 846 5172 Prmterea
874 5117 1145 5185 majorem
1171 5115 1259 5170 his
1279 5122 1478 5168 nactus
1506 5127 1566 5168 es
1589 5113 1694 5167 mei
1713 5113 1970 5166 notitiam
1999 5113 2130 5165 dum
2155 5109 2252 5164 tibi
2281 5106 2664 5162 demonstravi
2691 5117 2889 5158 nomen
2909 5115 3091 5153 mcum
3117 5106 3550 5185 tetragram-mam

289 5217 404 5260 tum
427 5206 658 5276 reliquis
689 5219 800 5258 non
827 5181 1042 5258 effabile
1074 5202 1181 5257 nisi
1217 5203 1351 5258 solis
1373 5199 1780 5264 sacerdotibus,
1817 5199 1964 5268 quod
1993 5197 2403 5252 inscribebatur
2426 5207 2608 5246 aureae
2643 5191 2842 5244 mitrae.
2866 5187 3188 5276 Haeautetn,
3223 5198 3288 5276 οξ
3324 5181 3548 5276 quibus.

289 5291 422 5346 illud
443 5267 644 5346 nomen
705 5289 998 5356 conﬂatur,
1031 5299 1156 5345 sunt
1196 5289 1303 5344 illa:
1336 5297 1580 5358 quatuor
1607 5287 1808 5340 littera:
1838 5267 1854 5340 ξ
1887 5284 1997 5348 iod,
2032 5283 2203 5351 afeph,
2235 5299 2338 5336 vau
2363 5320 2376 5344 ,
2403 5280 2509 5334 het.
2542 5277 2656 5333 lloc
2683 5291 2888 5332 nomen
2929 5271 3208 5343 signiﬁcat
3245 5269 3338 5323 Dei
3369 5267 3550 5358 vitam

294 5394 593 5451 perennem
619 5388 674 5434 et
712 5353 1103 5433 aeternitatem.
1140 5375 1316 5446 Supra
1341 5353 1401 5431 se
1431 5374 1737 5429 nominavit
1767 5371 1984 5437 Entem,
2007 5369 2153 5440 quod
2185 5383 2384 5423 nomen
2406 5381 2508 5421 nec
2542 5363 3000 5436 patriarcltis‘nec
3025 5358 3229 5451 Jacobo
3244 5353 3546 5451 revelavit,

297 5441 552 5536 quamvis
591 5475 1012 5538 percontaretur
1053 5441 1250 5520 nomen
1301 5463 1420 5530 Dei,
1449 5477 1576 5516 cum
1607 5463 1912 5516 luctaretur
1934 5475 2060 5514 cum
2107 5458 2223 5510 illo.
2251 5455 2432 5520 Quare
2465 5453 2568 5507 hoc
2616 5465 2814 5506 nomen
2847 5449 2972 5503 illos
3027 5443 3266 5538 celavit?
3297 5441 3412 5494 Non
3447 5451 3544 5492 ne-

295 5531 452 5609 cesse
478 5531 604 5608 erat
627 5554 682 5608 id
707 5570 908 5610 nomen
972 5553 1224 5624 prodere.
1265 5550 1437 5605 Erant
1471 5551 1616 5605 enim
1651 5549 1858 5604 ﬁdeles.
1888 5547 2160 5602 Caeterum
2193 5544 2319 5598 illos
2354 5541 2476 5610 ejus
2525 5540 2770 5598 nominis
2807 5536 3076 5592 certiores
3112 5531 3262 5598 fecit,
3299 5537 3538 5612 quorum

299 5639 596 5696 inﬁrmitas
624 5657 853 5698 aureum
881 5641 1116 5696 vitulum
1152 5640 1345 5696 fttsura
1371 5648 1424 5692 et
1451 5637 1656 5692 divinis
1681 5636 1988 5692 honoribus
2012 5635 2226 5689 cultura
2257 5637 2395 5687 erat.
