2005 3106
17 53 28 130 y
91 153 157 186 545
664 150 935 182 COMMENTARH
951 150 991 180 IN
1012 136 1187 181 E'xooun.
1691 151 1745 184 sui

95 215 158 235 non
178 204 345 242 prmstigiis,
364 212 420 233 non
440 203 630 233 illusionibus.
649 205 783 233 Ca-terum
797 206 877 240 juxta
894 204 994 231 rubum
1014 205 1157 232 ardentem
1171 208 1198 231 et
1215 204 1242 231 in
1255 206 1406 238 conspectu
1423 202 1541 231 filiorum
1556 203 1653 239 Israel,
1666 206 1740 242 virga

102 251 231 286 projecla
249 250 318 277 abiit
329 249 357 276 in
370 253 525 284 serpentem
544 257 552 275 :
569 252 596 275 at
611 256 706 275 coram
722 248 867 276 Pharaone
883 244 988 275 dicitui'
1004 255 1138 275 conversa
1155 255 1217 276 esse
1232 248 1259 275 in
1277 248 1439 275 draconem.
1457 247 1547 275 Causa
1563 248 1739 277 diversitatis

108 296 162 322 hac
175 300 221 321 est
241 294 394 321 :lsraelitze
410 292 584 320 solummodo
605 300 674 326 opus
701 293 840 319 habebant
856 292 918 323 lide,
937 297 966 319 ut
981 292 1127 319 crederem
1145 292 1228 319 Deum
1245 300 1317 322 esse,
1344 292 1389 325 qui
1417 292 1493 326 ipsos
1519 293 1649 326 reSpiciat
1664 298 1691 319 et
1709 295 1741 320 ad

108 338 265 365 libertatein
297 342 387 363 vocet.
402 338 435 363 At
454 335 573 370 {Egyptii
592 344 660 370 opus
682 336 818 363 habebant
837 335 968 367 dracone,
988 336 1071 362 idest
1104 344 1201 370 magna
1231 336 1319 363 bellua
1338 343 1388 362 nec
1420 340 1561 369 serpente,
1589 337 1697 363 scilicet
1716 343 1743 363 ut

109 385 232 419 imorum
264 383 427 418 percelleret
442 382 585 409 duritiem.
599 383 652 409 llas
671 383 814 410 machinas
827 383 941 417 apponit
957 382 1085 409 diabolus
1105 383 1138 409 ad
1154 383 1307 410 libertatem
1325 383 1544 416 properantibus
1562 392 1567 409 :
1592 385 1741 418 variasque

110 429 228 455 vertitur
244 427 277 453 ad
288 431 374 454 artes.
387 427 482 461 Itaque
498 427 656 453 necessario
674 434 819 461 poenarum
838 435 933 453 mucro
949 427 976 452 iti
995 427 1045 453 hos
1063 427 1222 460 stringitur,
1245 428 1290 460 qtii
1313 431 1483 460 resptterunt
1512 427 1639 454 oratione
1665 429 1742 455 mite-

109 467 183 498 scere
194 474 223 497 et
241 470 344 497 sanari.
364 469 455 497 Poma:
478 471 640 505 irrogantur
665 478 782 496 numero
811 469 918 497 decem.
944 469 1079 497 Denarius
1100 471 1173 496 enim
1208 478 1342 497 numerus
1357 474 1399 496 est.
1419 470 1575 504 perlectus.
1595 471 1640 497 Sic
1658 472 1695 498 illi
1710 473 1743 499 ad

107 522 249 542 summum
265 518 399 541 venerant
420 515 565 541 vitiorum.
582 514 674 547 Quare
689 515 790 540 merito
805 518 846 540 tot
863 513 1164 547 subjiciunturpmnis.
1184 513 1285 540 Verum
1304 521 1392 547 preme
1410 521 1423 539 :t
1442 515 1583 541 consuetis
1601 515 1741 542 dill'erurit.

107 559 180 586 Deus
196 559 273 586 enim
292 558 389 585 statuit
411 558 562 592 impiorum
584 565 764 592 corrumpere
781 563 881 584 terram
899 565 946 591 per
968 558 1103 584 elementa
1121 565 1153 583 ex
1182 558 1283 591 quibus
1299 562 1476 584 constructus
1494 562 1537 584 est
1560 560 1693 590 mundus,
1715 565 1741 585 ut

105 603 151 630 rei
164 601 415 635 hincintelligatur
429 609 513 635 penes
529 609 611 635 quem
640 601 676 627 sit
699 608 805 627 summa
821 608 924 628 rerum.
950 601 1018 627 Tres
1037 606 1103 628 sunt
1122 602 1217 635 plagm.
1250 609 1321 636 quas
1353 602 1482 628 invehere
1498 601 1615 635 juhetur
1639 603 1740 635 Aaron,

105 646 315 679 eliciunturque
327 652 359 671 ex
377 645 557 672 densissimis
572 644 732 678 elementis,
747 652 844 678 nempe
865 649 937 671 terra
953 650 979 671 et
994 650 1075 678 aqua.
1095 644 1163 671 Tres
1180 646 1275 678 plagas
1295 644 1377 670 infert
1395 644 1496 673 Moses.
1510 653 1570 677 qua:
1589 651 1742 673 sumuntur

105 697 138 716 ex
157 689 275 724 reliquis
291 688 399 715 duobus
412 688 571 719 elementis,
591 688 698 714 scilicet
713 695 745 713 ex
762 695 826 714 aere
842 692 869 714 et
886 687 956 722 igne.
985 688 1108 721 Septima
1134 688 1322 713 communicat
1346 695 1409 714 cum
1441 688 1581 721 praedictis
1607 690 1741 723 utrisque.

104 731 185 764 Tres,
207 740 269 767 qua:
292 731 384 758 adhuc
401 736 518 764 restant,
536 735 565 758 ut
583 731 718 758 denarius
735 730 891 765 expleatur,
905 732 955 758 sibi
979 732 1100 758 vindieat
1126 732 1207 758 Deus.
1236 732 1337 763 l’miur,
1364 739 1424 766 qtue
1441 733 1532 766 primo
1567 733 1740 767 irroguntur,

105 781 241 810 petuntur
256 776 292 802 ab
303 776 439 802 elemento
453 782 553 809 aqueo.
572 775 716 809 Siquidem
731 774 852 809 {Egyptii
870 776 997 802 maximis
1008 781 1034 802 et
1049 776 1151 802 divitiis
1165 776 1318 802 honoribus
1331 776 1479 802 coluerunt
1492 784 1603 811 aquam,
1619 783 1741 804 statuen-

105 823 146 846 tes
174 820 264 854 ipsam
294 827 356 846 esse
373 819 539 853 principium
562 819 645 852 hujus
663 819 798 846 universi.
818 818 938 845 Proinde
955 826 1035 853 aquae
1048 820 1138 852 primo
1153 819 1321 853 alliiguntnt',
1341 823 1369 844 ut
1381 819 1491 845 disraut
1511 828 1592 853 quam
1609 829 1685 847 value
1701 823 1739 848 rei

102 864 244 893 serviant,
261 867 288 889 et
301 862 334 889 ad
348 869 440 889 veram
454 862 616 894 religionem
630 862 694 889 hinc
706 862 823 888 correcti
842 862 1069 895 proliciscautur.
1084 861 1133 889 Vel
1149 862 1279 889 fortassis
1297 862 1367 888 hanc
1390 869 1498 896 poenam
1518 864 1608 897 primo
1637 864 1742 890 inducit

102 908 181 942 quod
211 908 359 942 plurimum
394 915 445 935 suo
464 908 621 943 gaudebant
642 911 669 933 et
689 907 901 941 triumphabant
931 906 1054 937 ﬂumine,
1080 906 1161 940 quasi
1178 905 1214 932 ob
1235 905 1261 931 id
1273 913 1323 931 nec
1339 906 1410 931 ctelo
1427 913 1477 931 nec
1501 913 1571 939 aqua
1590 906 1742 940 proﬂuente

102 959 178 986 opus
189 952 334 979 haberent.
367 951 503 979 Praeterea
522 959 583 978 cum
597 952 622 978 iii
640 951 666 978 id
680 951 873 977 mandaverint
886 949 1098 984 praecipitandns
1124 949 1303 975 llehrtcorum
1333 949 1466 980 infantes,
1479 953 1505 975 et
1522 950 1630 976 tandem
1649 952 1741 978 divina

102 996 212 1031 virtute
229 1003 337 1023 versum
356 996 393 1022 sit
409 995 436 1022 in
453 991 595 1026 cruorem,
617 995 685 1021 satis
702 994 846 1029 redarguit
861 998 886 1021 et
904 994 931 1020 in
952 998 1071 1020 mentem
1090 992 1145 1019 illis
1165 997 1276 1018 revocat
1290 992 1405 1018 crudele
1415 996 1443 1018 et
1461 993 1581 1019 immane
1608 994 1740 1022 edictum.

98 1038 212 1066 Deinde
229 1039 292 1073 quia
308 1038 409 1065 ﬂumen
430 1038 563 1065 infectum
579 1038 668 1065 fuerat
684 1038 798 1065 innoxio
813 1037 962 1065 infantium
976 1045 1089 1068 cruore,
1109 1037 1209 1063 merito
1228 1037 1254 1063 in
1274 1037 1436 1072 sanguinem
1451 1041 1588 1063 mutatum
1607 1043 1657 1065 est.
1675 1038 1741 1065 Nam

102 1083 136 1109 ad
152 1083 242 1109 Deum
259 1082 466 1110 vociferabatur
478 1083 626 1109 infantium
641 1083 770 1117 sanguis.

140 1125 227 1153 Vens.
248 1126 289 1153 l7.
308 1126 438 1153 Dominus
449 1132 538 1153 autem
559 1127 622 1153 dicit
636 1135 646 1153 :
666 1126 732 1153 Ecce
748 1134 793 1160 ego
809 1126 913 1152 verbero
931 1126 1013 1159 virga,
1029 1132 1088 1159 qua:
1108 1128 1146 1150 est
1161 1124 1188 1149 in
1200 1132 1279 1150 manu
1297 1132 1366 1156 mea,
1382 1128 1437 1151 etc.
1453 1124 1521 1157 Quia
1535 1124 1635 1151 virtute
1649 1125 1739 1153 divina

104 1170 269 1197 interventu
303 1170 387 1205 virga:
413 1171 516 1197 licbant
546 1170 691 1202 miracula,
727 1177 806 1197 suam
840 1169 1118 1203 dicitvirgam,quae
1134 1167 1220 1195 illusis
1234 1173 1302 1195 erat.

140 1226 205 1258 Πῶς
222 1225 268 1253 οὖν
285 1226 385 1261 ὁμοίως
405 1226 540 1262 ἔπραττον
556 1226 580 1251 οἱ
591 1226 644 1251 τῶν
656 1224 813 1258 Αἰγυπτίων
831 1232 898 1259 φαρ-

986 1223 1046 1255 Quo
1061 1227 1142 1257 pacto
1160 1223 1313 1258 (Egyptiaci
1327 1223 1526 1257 magicosdem,
1539 1229 1567 1249 ιιι
1587 1224 1740 1257 videbatur,

105 1272 207 1306 gaxoi;
227 1272 263 1298 Ἦ
280 1273 351 1298 κατὰ
370 1272 531 1305 φαντασίαν,
553 1272 568 1306 ἢ
594 1270 662 1296 Θεοῦ
682 1269 897 1304 συγχωροῦντος,

103 1318 150 1345 ἵνα
170 1318 304 1352 μειζόνως
319 1318 490 1349 κολάζοιντο·
513 1317 616 1348 λύσεως
644 1317 698 1351 γὰρ
718 1315 897 1350 ζητουμένης,

101 1363 275 1397 ὲπέσφιγγον
291 1364 325 1389 τὰ
341 1364 428 1398 δετμά
444 1371 450 1378 ·
472 1363 520 1389 καὶ
533 1364 590 1397 ἃμα
605 1362 706 1397 Φαραὼ
725 1362 761 1396 μὴ
773 1361 816 1387 διὰ
834 1361 898 1395 μιᾶς

103 1406 217 1442 πληγῆς
231 1407 361 1442 κολασθῇ,
376 1407 479 1433 πολλῶν
491 1407 565 1440 ἄξιος
579 1406 626 1433 ὦν.

954 1269 1109 1302 produxere
1123 1268 1260 1294 circ-ctus?
1276 1268 1426 1301 Pra'stagiis
1442 1269 1544 1301 quibus
1561 1275 1586 1295 et
1603 1269 1741 1296 illusioui-

954 1315 1004 1342 bus
1018 1315 1251 1341 intercedentibus
1276 1314 1322 1340 illa
1337 1314 1429 1340 omnia
1449 1315 1664 1348 peragebantur,
1687 1316 1741 1341 Deo

952 1360 1004 1386 ista
1023 1361 1208 1395 permittente,
1224 1365 1252 1386 ut
1270 1360 1424 1393 majoribus
1449 1360 1664 1394 percellerenlur
1680 1370 1741 1396 sup-

952 1408 1137 1443 pliciis.235
1149 1408 1216 1435 Cum
1226 1409 1298 1435 enim
1313 1409 1666 1442 qumrerclurvinculorutn
1680 1410 1739 1436 dis-

104 1453 223 1484 solutio,
239 1453 292 1487 ipsi
318 1453 426 1479 vincula
456 1453 544 1488 magis
574 1452 778 1481 constrinxere.
800 1451 935 1480 Praeterea
970 1453 1076 1480 Pharao
1106 1453 1233 1489 plurimis
1247 1475 1253 1486 ,
1272 1462 1320 1481 nec
1333 1462 1387 1480 una
1402 1454 1471 1486 sola,
1488 1454 1588 1489 dignus
1606 1461 1665 1482 erat
1683 1464 1740 1490 poe-

103 1507 162 1526 IIIS.

142 1563 234 1591 Simul
248 1563 416 1591 erudiuntur
432 1563 565 1592 israeiitae
580 1564 675 1592 decem
706 1565 763 1592 illis
790 1564 877 1600 plagis
895 1562 1082 1595 miraculosis,
1101 1566 1131 1589 ut
1142 1561 1300 1597 expeditius
1323 1565 1350 1589 et
1371 1561 1528 1596 promptius
1556 1562 1733 1597 susciperent

100 1608 205 1635 decem
232 1611 379 1642 praecepta.
413 1606 517 1642 Duplex
542 1608 617 1635 enim
641 1609 686 1635 hic
711 1609 876 1636 versabatur
898 1607 1016 1639 utilitas,
1039 1614 1095 1634 una
1110 1614 1205 1634 eorum
1221 1606 1267 1640 qtii
1290 1605 1491 1640 puniebantur,
1521 1605 1608 1633 altera
1627 1608 1737 1635 illorum
1760 1632 1765 1640 ι

104 1651 153 1685 qui
168 1651 353 1678 docebantur.
378 1649 458 1682 Nam,
476 1656 505 1678 ut
528 1651 661 1679 Salomon
681 1656 774 1679 monet
791 1661 798 1679 :
819 1661 827 1676 ι
843 1651 911 1681 Dum
925 1651 1028 1678 stultus
1044 1650 1208 1685 castigatur,
1226 1650 1390 1677 emendatur
1406 1650 1561 1683 sapiens".
1575 1660 1583 1676 ι
1604 1650 1740 1679 Similiter

103 1702 163 1722 non
180 1694 349 1722 mediocrem
364 1695 493 1730 capiebat
505 1696 653 1723 utilitatem
670 1697 788 1731 populus
817 1695 1000 1727 lsraeliticus,
1014 1702 1076 1722 cum
1091 1694 1143 1721 illae
1158 1694 1244 1728 plagae
1258 1701 1311 1720 non
1330 1694 1505 1721 incurrerent
1522 1694 1548 1721 in
1567 1695 1654 1729 ipsos.
1673 1694 1741 1723 Uni-

107 1745 188 1765 versa
206 1738 318 1772 quidem
334 1742 410 1766 terra
429 1739 486 1771 illa,
503 1743 563 1766 erat
575 1740 702 1774 subjecta
718 1740 843 1767 dominio
869 1738 1075 1774 Egyptiorum.
1091 1736 1228 1764 Cancrum
1245 1737 1382 1763 habitatio
1393 1737 1496 1771 partim
1519 1738 1632 1771 quidem
1653 1737 1739 1773 (Egy-

106 1782 193 1816 ptios,
214 1782 314 1817 partim
330 1790 395 1810 vero
404 1783 593 1811 concernebat
602 1783 744 1812 Hebraeos.
763 1783 792 1810 Si
811 1784 875 1810 licet
889 1781 1078 1815 conjecturam
1099 1780 1191 1807 facere
1206 1787 1238 1807 ex
1257 1780 1380 1807 secunda
1408 1787 1538 1807 ranarum
1557 1781 1649 1815 plaga,
1667 1787 1739 1809 terra

107 1824 200 1852 Gosen
217 1833 272 1852 non
289 1830 349 1853 erat
359 1826 478 1853 conlinis
492 1826 611 1863 Egypto
629 1827 672 1855 vel
685 1826 719 1854 ad
735 1827 803 1854 ﬁnes
828 1825 1008 1861 Egyptiacos
1037 1824 1102 1855 sita,
1120 1828 1274 1858 przeserlnn
1293 1823 1411 1850 Domino
1433 1824 1542 1851 dicente
1560 1833 1566 1851 :
1584 1833 1593 1850 ι
1604 1825 1675 1852 Ecce
1688 1833 1740 1860 ego

108 1868 200 1904 alnigo
215 1876 316 1897 omnes
327 1870 461 1897 terminos
479 1865 644 1899 tuos'ranis.
661 1880 670 1897 ι
690 1870 759 1897 Nam
774 1874 802 1898 et
820 1875 892 1897 terra
917 1867 1020 1899 Gosen,
1038 1868 1066 1895 in
1081 1876 1164 1902 quam
1181 1867 1475 1902 immigraverantjam
1495 1868 1561 1895 olim
1576 1867 1696 1901 Hebraei,
1715 1871 1739 1898 si

108 1911 211 1940 luisset
227 1913 363 1940 terminus
374 1913 563 1948 (Egyptiacus,
592 1922 646 1942 non
665 1914 764 1942 fuisset
788 1912 918 1941 immunis
934 1912 968 1939 ab
982 1911 1031 1939 illa
1046 1911 1137 1941 clade.
1163 1910 1338 1946 Quapropter
1366 1912 1449 1938 etiam
1480 1919 1563 1946 aqua,
1577 1920 1638 1947 qua:
1654 1921 1740 1947 penes

107 1955 169 1983 illos
185 1956 368 1990 scaturlebat,
383 1964 483 1984 cruore
495 1964 551 1985 non
568 1962 612 1985 est
627 1963 772 1986 temerata.
786 1957 869 1987 Hinc.
881 1960 911 1983 ut
923 1955 1035 1990 quidam
1048 1956 1138 1986 aiunt,
1152 1955 1321 1989 accipientes
1337 1955 1408 1989 magi
1420 1955 1589 1990 Egyptiaci,
1605 1957 1739 1991 nequire-

106 2005 170 2026 runt
191 2001 356 2035 sanguinein
372 2005 535 2030 convertere
550 2003 576 2029 in
592 2004 704 2037 aquam‘.
721 2002 769 2030 sed
787 2009 885 2037 aquam
900 2003 1057 2035 potuerunt
1070 1999 1310 2027 transfortnarein
1319 2007 1462 2033 cruorem,
1475 2002 1656 2035 quaquidem
1669 2011 1739 2030 vana

105 2043 219 2070 solertia
234 2052 290 2071 non
305 2044 461 2072 leniebatur
476 2046 523 2073 sed
541 2046 633 2081 potius
642 2046 796 2081 augebatur
811 2044 924 2072 malum.

141 2108 179 2135 Τὸ
192 2107 226 2134 δὲ
236 2108 290 2142 τῆς
304 2108 466 2144 διαφθορᾶς
488 2113 533 2144 εις
553 2111 683 2146 ἑϐδόμην
699 2111 814 2146 ἡμέραν
837 2111 898 2139 δια-

982 2109 1097 2137 Videtur
1114 2113 1205 2136 autem
1219 2116 1298 2144 aqua:
1312 2108 1454 2143 corruptio
1467 2109 1637 2143 perdurasse
1651 2120 1740 2147 usque

103 2153 305 2187 μεμενηκέναι
319 2154 411 2183 δοκεῖ.
442 2156 514 2192 Πρὸς
535 2157 604 2192 ὅπερ
626 2157 774 2193 ἀποροῦσιν
796 2158 821 2184 οι
847 2159 896 2193 τῆς

111 2199 277 2234 Ἐκκλησίας
294 2200 387 2236 ἐχθροί
399 2209 406 2217 ·
423 2202 485 2234 Πῶς
508 2203 540 2229 ἂν
560 2204 576 2238 ἡ
593 2203 730 2237 Αἴγυπτος
751 2201 818 2231 οὖσα
838 2204 896 2240 θερ-

107 2243 223 2277 μοτάτη,
242 2244 327 2279 χωρὶς
343 2244 438 2278 ὕδατος
456 2248 525 2282 πρὸς
543 2248 678 2281 τοσαύτας
698 2250 804 2286 ἡμέρας
818 2249 895 2285 διήρ-

105 2294 187 2318 κεσες
217 2287 272 2313 Καὶ
289 2287 316 2314 τί
343 2288 508 2324 θαυμαστὸν,
526 2292 550 2317 εἰ
566 2291 634 2318 Θεοῦ
647 2292 725 2324 δίκας
734 2293 827 2325 αὐτοῖς
843 2294 896 2319 εισ-

106 2333 275 2367 πρὰττεσθαι
299 2334 473 2370 βουλομένου,
492 2337 654 2372 διήρκεσανς
672 2338 731 2373 ἡδὲ
747 2338 806 2365 θεία
825 2340 896 2375 Γρα-

106 2377 144 2412 φὴ
165 2378 212 2403 καὶ
231 2378 314 2413 ἄλλην
340 2380 485 2414 ἀποφαίνει
505 2381 636 2408 διάνοιαν.
653 2382 819 2417 Τραπέντων
841 2384 895 2419 γὰρ

106 2423 161 2449 τῶν
180 2424 314 2459 ἐπιπολῆς
327 2427 530 2461 συνεστηκότων
544 2427 658 2460 ὑδάτων,
672 2427 790 2462 ὤρυξαν,
803 2430 895 2464 φησὶν,

107 2468 131 2494 οἱ
149 2469 297 2502 Αἰγύπτιοι
314 2471 407 2506 κύκλῳ
422 2472 469 2499 τοῦ
493 2474 628 2509 ποταμοῦ,
652 2473 723 2502 ὥστε
750 2477 822 2502 πιεῖν
854 2477 899 2502 ὲν-

108 2514 214 2546 τεῦθεν,
230 2515 270 2547 ὡς
289 2516 326 2552 μὴ
344 2517 398 2543 τῶν
421 2519 450 2544 ὲν
465 2518 541 2553 βάθει
563 2519 769 2554 διαφθαρέντων
795 2521 898 2548 ὑδάτων

109 2561 302 2595 μετασχόντων
314 2562 361 2589 τοῦ
375 2562 537 2598 φθοροποιοῦ
546 2565 689 2599 γεγονότος
706 2566 796 2601 ἀέρος.
810 2567 899 2603 Ὅπερ

108 2604 244 2640 ἐδήλωσεν
254 2607 268 2633 ὁ
286 2607 357 2639 Gaio;
371 2607 458 2642 λέγων
473 2610 600 2645 χρησμός
610 2619 616 2624 ·

948 2156 976 2183 in
993 2155 1065 2183 diem
1082 2155 1239 2189 septimum.
1265 2154 1401 2181 Caeterum
1429 2154 1563 2182 Ecclesia:
1584 2157 1677 2185 hostes
1694 2159 1739 2186 hic

948 2201 1168 2232 tumultuantur,
1184 2207 1236 2227 nec
1259 2200 1411 2235 Scriptura:
1424 2207 1566 2228 ass-rusum
1579 2210 1739 2231 accommo-

947 2247 1012 2275 dant
1033 2247 1121 2275 secuti
1138 2247 1208 2273 hanc
1225 2253 1351 2276 causam,
1364 2253 1420 2281 quo
1434 2251 1515 2280 pacto
1526 2245 1664 2283 (Egyptus
1683 2254 1740 2276 tor-

947 2294 1008 2321 rida
1041 2297 1118 2320 tanto
1147 2293 1256 2319 dierum
1271 2300 1388 2319 numero
1402 2293 1524 2327 penuria:
1547 2301 1679 2329 aquarum
1698 2303 1741 2323 re-

948 2340 1048 2367 sistere
1072 2339 1203 2374 potuerit.
1215 2337 1318 2366 Verum
1344 2339 1409 2373 quid
1429 2340 1528 2366 mirum
1563 2340 1699 2373 videatur,
1715 2341 1739 2369 si

950 2384 1005 2412 Deo
1024 2393 1121 2420 panius
1137 2388 1305 2419 exposcente
1335 2385 1475 2411 sustinere
1498 2389 1646 2419 potuerunt
1662 2394 1740 2422 aqua:

948 2433 1113 2468 penuriam?
1127 2433 1268 2466 Scriptura
1284 2436 1376 2459 autent
1404 2439 1483 2458 sacra
1497 2432 1578 2459 aliam
1595 2434 1741 2470 subjungit

948 2486 1060 2506 causam
1072 2478 1235 2505 tolerantiae.
1246 2477 1313 2504 Nam
1327 2485 1389 2505 cum
1407 2485 1498 2512 aquae,
1510 2480 1603 2512 quain
1615 2485 1739 2514 apertum

949 2526 1107 2554 evaserant,
1125 2523 1287 2550 mutationis
1303 2523 1458 2551 sensissent
1477 2525 1592 2557 malum,
1607 2525 1740 2561 (Egyptii,

952 2573 984 2595 ut
1000 2568 1130 2596 sedarent
1155 2568 1242 2599 sitim,
1268 2568 1392 2603 undique
1416 2569 1491 2596 circa
1518 2570 1640 2597 ﬂuminis
1665 2572 1741 2606 ripas

953 2614 1083 2642 sederunt
1099 2617 1127 2641 et
1136 2613 1201 2640 hinc
1227 2613 1367 2647 biberunt,
1388 2614 1469 2649 quasi
1499 2622 1578 2649 aqua:
1594 2636 1601 2647 ,
1637 2624 1698 2651 quat
1714 2617 1740 2644 in

109 2656 190 2696 teme
204 2653 359 2682 visceribus
375 2655 508 2688 latebant,
521 2664 576 2685 non
593 2657 831 2691 fuisscntvitiatan,
859 2668 910 2688 nec
931 2660 1031 2688 alilatze
1060 2668 1125 2688 aere
1150 2664 1292 2695 corrupto,
1317 2660 1364 2696 qui
1391 2668 1480 2696 aquas
1505 2661 1637 2689 violabat.
1670 2662 1740 2689 Idem

108 2695 162 2723 hoc
175 2698 322 2726 confirmat
336 2700 459 2728 divinum
472 2703 626 2736 oraculum,
653 2704 726 2739 quod
742 2705 783 2732 sie
803 2704 885 2732 habet
899 2714 907 2731 τ

142 2754 223 2783 Λάϐε
233 2756 290 2790 τὴν
298 2757 423 2793 ῥάϐδον,
437 2759 488 2787 καὶ
506 2760 644 2789 ἔκτεινον
659 2761 717 2797 τὴν
732 2762 816 2797 χεῖρά
837 2770 895 2790 σου

142 2842 168 2860 ⁸⁸
181 2842 264 2871 Prov.
282 2852 320 2878 ιι,
328 2844 374 2874 29.

987 2762 1072 2792 Vens.
1087 2763 1131 2792 l9.
1147 2762 1183 2790 Et
1210 2762 1280 2791 dixit
1310 2761 1441 2791 Dominus
1459 2763 1494 2791 ad
1512 2762 1604 2791 Mosen
1621 2768 1631 2790 :
1645 2761 1696 2789 Dic
1707 2763 1742 2789 ad
