4010 6212
553 329 652 395 547
1199 374 1202 377 .
1846 312 2473 383 ΡΒΟΟΟΡΙῙῙΕΑΖᾸΠ

3696 307 3815 373 548

571 455 868 500 Aaronem:
904 435 1053 493 Tolle
1093 434 1342 489 baculum
1375 441 1545 498 tuum,
1570 441 1618 486 et
1653 431 1875 486 extende
1906 447 2123 511 manum

2231 432 2324 486 ἐπὶ
2355 431 2428 484 τὰ
2455 424 2979 497 ὕδαταΑίτύπτου,
3026 424 3123 478 καὶ
3182 422 3282 483 ἐπὶ
3322 420 3457 489 τοὺς
3498 422 3817 491 ποταμοὺς

552 548 701 592 tuam
728 548 886 604 super
931 545 1099 599 aquas
1144 516 1386 597 ﬁgypti,
1445 538 1602 593 super
1658 523 1883 592 ﬂumina
1920 538 2122 577 eorum.

553 627 691 683 Hinc
750 628 914 678 etiam
951 620 1183 675 solvitur
1243 615 1541 680 dubitatio,
1596 614 1688 669 ubi
1731 615 1874 669 nacti
1898 611 2127 684 .fuerint

553 718 698 787 magi
723 728 944 785 aquam,
984 725 1146 780 quam
1176 708 1228 762 in
1260 705 1422 761 aliam
1449 703 2122 774 transferrent,speciem.

551 810 821 865 Praeterea
874 802 1163 872 Scriptura
1220 813 1330 853 non
1390 795 1601 851 diserte
1652 793 1816 850 docet
1866 808 2122 849 cruorem

554 900 707 954 illum
737 905 1119 969 perseverasse
1149 895 1358 958 septem
1393 886 1590 941 diebus
1621 884 1872 955 integris.
1911 880 2125 939 Verisi-

554 991 682 1046 mile
738 984 1013 1057 siquidem
1076 989 1184 1047 est,
1225 979 1317 1034 ubi
1366 978 1604 1049 primum
1645 978 1788 1046 aqua
1840 974 2126 1045 sanguinis

556 1090 808 1136 naturam
863 1075 1124 1138 induerit,
1180 1071 1429 1129 eamdem
1489 1069 1775 1134 continuo,
1817 1068 1911 1122 ubi
1940 1066 2125 1122 divina

554 1173 732 1227 virtus
763 1185 831 1224 ex
860 1183 928 1223 eo
962 1165 1229 1220 miraculo
1256 1161 1458 1233 patuit,
1492 1160 1753 1225 exuisse,
1781 1166 1837 1214 et
1869 1157 1935 1212 ad
1968 1172 2124 1212 suam

556 1262 784 1318 rediisse
816 1269 1092 1313 naturam.
1117 1254 1479 1325 Quapmpter
1508 1252 1676 1323 magi,
1703 1251 1795 1306 ubi
1823 1250 2126 1305 hauserant

553 1364 774 1420 aquam,
803 1346 1050 1401 eamdem
1082 1358 1300 1413 quoque
1346 1349 1789 1396 transmutarunt
1816 1340 1871 1393 in
1902 1338 2126 1407 sangui-

555 1455 703 1495 nem.
755 1437 878 1492 Ideo
912 1435 1096 1505 inquit
1157 1433 1490 1504 Scriptura:
1527 1449 1546 1484 ί
1576 1430 1641 1486 Ει
1676 1432 2001 1486 induratum
2039 1436 2126 1484 est

553 1543 650 1583 cor
682 1526 985 1581 Pharaonis
1007 1565 1025 1593 ,
1072 1539 1175 1581 nec
1220 1525 1374 1595 ipsos
1423 1524 1653 1589 audivit,
1685 1542 1703 1576 ι
1736 1523 1902 1579 sicuti
1932 1522 1989 1578 in
2020 1523 2127 1579 line

556 1618 896 1688 reliquorum
922 1616 1315 1670 miraculorum
1349 1613 1632 1684 Scriptura
1658 1614 1857 1670 accinit
1886 1629 2123 1684 semper.

556 1711 626 1765 At
653 1714 917 1765 continuo
979 1708 1095 1762 haec
1119 1708 1287 1762 verba
1321 1714 1694 1777 exponuntur,
1719 1720 1843 1761 cum
1868 1706 2071 1761 dicitur
2108 1722 2123 1759 :

2231 522 2452 585 αὐτῶν,
2494 521 2591 574 καὶ
2622 518 2693 573 τὰ
2715 519 2862 589 ἑξῆς.
2914 513 3196 571 Ἐντεῦθεν
3224 514 3372 584 καὶὴ
3412 512 3544 584 περὶ
3577 512 3667 566 τοῦ
3717 514 3819 566 πό⁴

2233 611 2326 665 θεν
2353 609 2689 681 ἐσχονῦδωρ
2710 610 2761 663 οί
2787 605 3077 679 φαρμακοὶ
3097 606 3207 659 τῶν
3237 604 3552 673 Αἰγυπτίων
3599 603 3820 675 ἀπορία

2231 701 2543 773 λυθήσεται.
2578 701 2722 773 Πρὸς
2757 700 2816 754 δὲ
2873 698 3105 763 τούτοις,
3152 695 3273 750 οὐδέ
3302 710 3469 764 φησιν
3525 696 3560 765 ἡ
3612 695 3821 765 Γραφὴ

2231 794 2325 847 ἐπὶ
2347 793 2496 856 ὅλαις
2552 792 2693 845 ἑπτὰ
2740 790 2975 862 ἡμέραις
3017 789 3355 860 παραμεῖναι
3401 786 3504 857 τὴν
3542 788 3623 850 εἰς
3665 780 3823 857 αἷμα

2235 881 2560 952 μεταϐολήν.
2604 882 2764 945 Εἰκὸς
2803 882 2914 953 γὰρ
2951 881 3071 951 ἅμα
3100 896 3161 933 τε
3181 878 3436 949 γενέσθαι
3458 881 3540 941 εις
3581 878 3823 953 ἔνδειξιν

2231 950 2330 1045 τῆς
2363 950 2515 1034 θείαξ
2548 950 2973 1043 μεγαλουργίας,
2998 950 3109 1023 καὶ
3150 968 3287 1040 πρὸς
3332 967 3433 1040 τὴν
3466 967 3671 1021 οίκείαν
3712 950 3820 1034 qui

2234 1082 2339 1130 σιν,
2364 1063 2452 1117 διὰ
2482 1063 2916 1135 φιλανθρωπίαν,
2946 1061 3288 1115 ἐπανελθεῖν.
3328 1057 3495 1114 ’Ὥστε
3547 1059 3643 1112 καὶ
3675 1059 3819 1121 τοὺς

2232 1158 2558 1229 φαρμακοὺς
2591 1158 2881 1223 λαϐόντας,
2913 1157 3260 1228 μεταϐαλεῖν.
3302 1156 3394 1211 Διὸ
3423 1156 3518 1210 καὶ
3565 1154 3819 1223 ἐπιλέγει

2230 1250 2502 1323 ἡΓραφίγ
2542 1270 2562 1303 ι
2588 1251 2701 1305 Καὶ
2729 1248 3071 1322 ὲσκληρύνθη
3122 1251 3155 1320 ἡ
3195 1248 3396 1319 καρδία
3435 1246 3657 1319 Φαραὼ,
3714 1245 3818 1300 καὶ

2230 1344 2333 1398 οὐκ
2368 1344 2686 1413 εἰσήκουσεν
2723 1342 2925 1398 αὐτῶν.
2967 1360 2986 1395 ι
3025 1341 3203 1413 Ὅπερ
3225 1342 3320 1395 ἐπὶ
3375 1343 3486 1404 τοῖς
3522 1339 3817 1410 συμπερᾶ-

2234 1452 2404 1506 σμασι
2420 1435 2532 1489 τῶν
2549 1434 2755 1489 λοιπῶν
2782 1434 3027 1506 σημείων
3048 1434 3336 1506 ἐπιφέρειν
3357 1431 3539 1486 εἴωθε.
3559 1428 3815 1499 Καὶὲξῆς

2233 1527 2290 1582 δὲ
2309 1527 2729 1599 ἐπισημαίνεται
2752 1528 2780 1581 ὁ
2806 1526 2982 1595 λόγος,
3010 1525 3258 1595 φάσκων,
3283 1544 3300 1576 ι
3326 1526 3438 1577 Καὶ
3457 1524 3559 1577 οὐκ
3575 1522 3819 1592 ἐπέστη-

2235 1635 2295 1672 σε
2323 1619 2414 1673 τὸν
2440 1618 2564 1672 νοῦν
2592 1617 2901 1673 αὑτοῦοὺδὲ
2920 1617 3014 1672 ἐπὶ
3031 1618 3228 1688 τούτῳ,
3253 1637 3271 1670 ι
3295 1617 3415 1671 οὐδὲ
3440 1614 3819 1686 πεπαυμένης

2233 1710 2335 1783 ήδη
2369 1710 2469 1782 τῆς
2483 1713 2564 1776 είς
2578 1706 2718 1782 αἷμα
2754 1710 3059 1783 μεταϐολῆς
3087 1710 3198 1764 τῶν
3228 1710 3459 1765 ὑδάτων.
3503 1708 3567 1761 El
3597 1706 3714 1779 γὰρ
3740 1704 3819 1778 μὴ

559 1822 580 1858 ι
607 1803 821 1858 Avertit
850 1816 909 1857 se
937 1801 1175 1867 Pharao,
1210 1807 1266 1855 et
1298 1800 1434 1855 abiit
1464 1802 1521 1855 in
1561 1799 1786 1854 domum
1810 1813 1995 1865 suam,
2023 1813 2124 1854 nec

2231 1803 2508 1857 ἐπέπαυτο
2530 1841 2547 1866 ,
2577 1803 2723 1868 είκδς
2738 1799 2806 1874 ἦν
2838 1803 3135 1873 ἐπιστῆσαι
3159 1804 3251 1857 τὸν
3284 1801 3410 1856 νοῦν
3431 1800 3510 1870 τῷ
3539 1799 3815 1870 γεγονότι.

556 1894 817 1966 apposuit
844 1908 942 1948 cor
986 1907 1148 1948 suum
1178 1892 1346 1948 etiam
1389 1892 1492 1946 hac
1529 1891 1671 1955 vice,
1697 1910 1716 1943 ι
1753 1890 1975 1948 scilicet
2001 1904 2124 1969 ces-

2231 1894 2325 1967 καὶ
2377 1894 2472 1949 τδν
2534 1895 2778 1965 Μωῡσῆν
2820 1895 3098 1949 ἱκετεῦσαι
3155 1895 3285 1966 περὶ
3335 1892 3432 1947 τοῦ
3465 1890 3816 1947 παύσασθαι.

556 1997 715 2045 salute
753 2003 853 2042 seu
911 1986 1201 2041 desinente
1253 1985 1558 2041 mutatione
1613 1998 1885 2055 aquarum
1921 1986 1976 2038 in
2008 1998 2124 2039 san-

2231 1970 2403 2039 Ϋοῦτο
2421 1985 2529 2056 γὰρ
2558 1986 2655 2039 ἐπὶ
2681 1985 2792 2043 τῶν
2833 1986 3014 2042 ἄλλων
3048 1987 3213 2040 ποιεῖ.
3247 1985 3391 2055 Πρὸς
3427 1985 3484 2038 δὲ
3530 1982 3608 2053 τῷ
3646 1982 3820 2036 τοῦτο

554 2081 801 2151 guinem.
863 2077 919 2133 Si
985 2079 1133 2132 enim
1196 2091 1306 2133 non
1362 2076 1563 2133 fuisset
1629 2077 1736 2132 hoc
1792 2076 2124 2132 miraculum

2234 2076 2311 2148 μὴ
2337 2076 2432 2130 νῦν
2463 2079 2641 2131 είπεῖν
2669 2077 2770 2150 τὴν
2809 2077 3058 2149 Γραφὴν,
3103 2077 3197 2132 καὶ
3255 2075 3686 2146 ἐπισημαίνεται
3730 2074 3819 2126 ὅτι

556 2175 899 2238 submotum,
940 2169 1196 2226 fortassis
1222 2170 1475 2224 nonnihil
1504 2170 1597 2224 illo
1630 2168 1828 2225 fuisset
1853 2167 2087 2224 affectus
2113 2185 2124 2223 :

2231 2166 2333 2221 οὐκ
2373 2169 2680 2237 ἐπέστησεν
2729 2171 2759 2222 ό
2807 2168 3010 2240 Φαραὼ
3055 2167 3148 2223 τὸν
3194 2166 3321 2222 νοῦν
3354 2165 3521 2221 αὑτοῦ
3558 2164 3681 2218 οὐδὲ
3719 2162 3822 2217 επὶ

553 2266 846 2335 Μοερείιυε
873 2263 1040 2318 verba
1075 2263 1358 2334 precantia
1387 2261 1454 2317 ad
1487 2260 1657 2317 Deum
1681 2259 1941 2323 fudisset,
1964 2258 2124 2316 sicuti

2232 2257 2410 2330 τούτῳ
2446 2274 2461 2288 ·
2492 2259 2674 2331 δῆλον,
2699 2259 2775 2323 ὡς
2806 2260 2928 2315 οὐδὲ
2973 2260 3070 2314 ἐπὶ
3121 2258 3220 2329 τῆς
3262 2260 3345 2322 είς
3390 2256 3662 2328 δράκοντα
3711 2255 3821 2325 τῆς

559 2361 615 2413 in
640 2357 870 2428 reliquis
890 2356 1167 2411 accidisse
1189 2354 1474 2425 Scriptura
1505 2353 1787 2409 admonet.
1815 2352 1971 2419 Quod
1997 2366 2124 2407 vero

2236 2352 2435 2423 ῥάϐδου
2463 2354 2792 2425 μεταϐολῆς,
2820 2353 2909 2408 διὰ
2940 2352 3039 2424 τὴν
3073 2350 3307 2423 μίμησιν
3337 2349 3449 2404 τῶν
3469 2346 3813 2420 φαρμακῶνι

554 2447 645 2502 illa
671 2447 838 2501 verba
872 2461 1024 2501 nunc
1074 2446 1297 2500 demum
1359 2445 1785 2515 depromuntur,
1822 2443 1961 2500 satis
2010 2458 2124 2497 ma-

2236 2444 2333 2497 καὶ
2363 2443 2458 2497 νῦν
2487 2445 2642 2500 οὐδὲν
2672 2440 2838 2516 ἦττον
2866 2444 3314 2515 καταφρονήσας.
3738 2504 3745 2509 η

553 2554 720 2609 gnum
758 2539 977 2608 signum
1004 2544 1111 2601 est,
1150 2533 1429 2591 Pharaoni
1473 2536 1795 2609 religionem
1838 2536 1983 2591 haud
2007 2534 2214 2602 illatam
2247 2550 2373 2593 esse
2408 2552 2510 2593 nec
2571 2538 2902 2595 miraculosa
2948 2536 3116 2611 virgae
3177 2538 3234 2593 in
3298 2543 3611 2608 serpentem
3670 2548 3819 2591 con-

551 2629 822 2685 versione.

619 2715 738 2770 lmo
770 2715 992 2770 animus
1028 2713 1120 2769 Dei
1149 2721 1503 2784 contemptor
1523 2716 1706 2780 adest,
1736 2728 1901 2785 quem
1929 2714 2049 2771 suis
2082 2713 2375 2785 praestigiis
2403 2712 2543 2784 Magi
2570 2721 2867 2770 auxerunt.
2895 2710 3080 2778 Quare
3109 2710 3280 2782 igitur
3306 2708 3538 2775 dicitur,
3576 2708 3626 2765 si
3652 2724 3803 2778 prae-

552 2803 804 2860 cedentia
836 2800 1258 2858 consideramus
1284 2819 1299 2856 :
1343 2799 1597 2871 rlmpleti
1654 2810 1788 2858 sunt
1817 2809 2028 2873 septem
2055 2801 2174 2857 dies
2200 2808 2494 2872 postquam
2529 2799 2812 2869 percussit
2840 2797 3106 2855 Dominus
3159 2799 3493 2869 ﬂuvium,_et
3519 2796 3661 2853 dixit
3693 2795 3816 2852 Do-

554 2891 739 2945 minus
761 2890 829 2945 ad
853 2877 1072 2952 Mosen,
1099 2906 1118 2938 ι
1151 2898 1261 2941 etc.
1291 2885 1366 2940 De
1400 2883 1647 2942 secundo
1669 2887 1935 2943 miraculo
1966 2887 2131 2958 236
2157 2886 2591 2950 sermocinatur,
2617 2900 2718 2940 nec
2737 2886 2837 2948 ait,
2867 2885 3103 2956 expletis
3125 2884 3343 2940 demum
3373 2894 3581 2955 septem
3605 2884 3813 2941 diebus

554 2991 752 3045 aquam
786 2976 841 3028 in
867 2988 1123 3027 cruorem
1154 2987 1509 3039 conversam,
1539 2973 1604 3027 ad
1631 2975 1911 3043 prepriam
1943 2987 2223 3028 remeasse
2255 2981 2534 3027 naturam.
2568 2970 2702 3039 Quis
2732 2972 2901 3042 igitur
2936 2974 3041 3027 erit
3087 2971 3326 3027 sensus?
3356 2972 3571 3026 scilicet
3595 2986 3811 3027 excur-

554 3062 633 3119 sis
663 3069 871 3129 septem
919 3060 1118 3113 diebus
1175 3058 1550 3122 intermediis,
1574 3059 1718 3114 alius
1778 3060 2029 3114 miraculi
2080 3058 2286 3113 factum
2320 3074 2445 3115 esse
2481 3059 2837 3130 principium.
2869 3058 3025 3113 Alius
3079 3058 3354 3128 interpres
3388 3061 3674 3116 existimat
3696 3061 3811 3118 sub

553 3148 795 3200 dictione
825 3164 839 3200 :
870 3144 1118 3210 ﬂumina,
1144 3138 1689 3215 intelligendas'esse
1707 3145 1961 3223 paludes.
1997 3146 2380 3215 aquaeductus,
2406 3156 2463 3204 et
2492 3154 2688 3217 stagna
2723 3149 2940 3204 scilicet
2965 3146 3096 3213 Nili,
3120 3150 3217 3218 qui
3252 3149 3358 3205 hoc
3387 3149 3512 3205 loco
3529 3149 3813 3222 Egyptus

554 3236 892 3289 nominatur.
929 3231 1047 3287 Non
1086 3232 1266 3301 inquit
1298 3231 1618 3286 universam
1650 3245 1874 3301 aquam,
1905 3232 2003 3287 sed
2035 3233 2227 3288 saltem
2286 3250 2484 3306 aquam
2516 3235 2626 3290 Nili
2673 3244 2942 3292 mutatam
3000 3252 3127 3293 esse
3160 3237 3219 3291 in
3255 3237 3604 3308 sanguinem.
3641 3238 3809 3296 Unde

551 3320 700 3373 enim
735 3318 935 3374 fuisset
967 3321 1143 3388 magis
1177 3332 1344 3387 aqua,
1369 3331 1536 3387 quam
1562 3319 1884 3374 verterent?
1907 3318 2017 3375 Nec
2039 3320 2224 3376 obstat
2252 3322 2403 3391 quod
2432 3322 2678 3391 psalmus
2702 3338 2911 3388 ιικνιι,
2934 3323 3148 3391 dicens,
3173 3325 3393 3392 imbres,
3416 3326 3812 3397 complectitur

553 3407 872 3463 universam
909 3420 1134 3477 aquam.
1161 3404 1334 3475 igitur
1357 3405 1780 3475 comprehendit
1811 3415 1867 3462 et
1905 3420 2105 3476 aquam
2138 3424 2260 3480 quae
2290 3410 2503 3481 rigabat
2553 3419 2757 3465 terram
2792 3411 2999 3468 Gosen.
3030 3409 3326 3469 Concessa:
3347 3425 3482 3469 sunt
3506 3415 3653 3473 enim
3680 3415 3813 3472 duc

552 3495 745 3564 plagae,
774 3502 833 3546 ut
856 3493 1092 3547 leviores
1120 3498 1175 3546 et
1203 3491 1511 3556 faciliores,
1546 3507 1613 3547 ex
1642 3492 1847 3563 quibus
1881 3492 2141 3551 duritiem
2198 3497 2441 3553 traheret
2483 3514 2578 3554 cor
2649 3498 2982 3566 Pharaonis,
3033 3514 3147 3570 quo
3173 3501 3434 3557 hostilius
3482 3501 3811 3558 adoriretur

553 3580 858 3643 lsraelitas,
888 3586 943 3633 et
967 3579 1142 3648 magis
1170 3577 1239 3632 ad
1268 3576 1640 3634 resistendum
1690 3580 2077 3647 incitarentur,
2120 3591 2182 3636 ut
2208 3584 2561 3640 suceedeutia
2593 3586 2862 3641 miracula
2894 3587 3229 3658 redarguam
3287 3588 3536 3658 ipsorum
3571 3590 3810 3646 demen-

552 3669 707 3723 tiam.
740 3666 898 3735 Quod
925 3678 1108 3722 autem
1142 3667 1287 3722 Deus
1316 3667 1676 3724 immissurus
1707 3670 1763 3722 in
1809 3685 2035 3741 regnum
2068 3668 2292 3742 Egypti
2315 3672 2659 3742 cynomyias,
2692 3680 2808 3727 tum
2835 3671 3059 3728 demum
3091 3673 3345 3743 praedicit
3379 3684 3589 3731 terram
3616 3675 3807 3733 Gosen

552 3771 664 3811 non
697 3768 987 3811 sensuram
1021 3755 1378 3824 insequentes
1406 3754 1616 3822 clades,
1649 3756 1788 3811 satis
1822 3758 2131 3828 argumenti
2163 3767 2270 3822 est,
2301 3758 2674 3827 praecedentes
2703 3744 3083 3815 cladesetiam
3111 3762 3166 3815 in
3199 3759 3380 3818 Gosen
3435 3763 3805 3820 redundasse.

555 3843 758 3899 Verum
792 3855 940 3896 nunc
978 3848 1200 3911 tempus
1233 3849 1445 3907 monet,
1480 3849 1543 3896 ut
1597 3843 2027 3913 interpretemur
2081 3844 2269 3915 plagas
2326 3844 2451 3899 illas
2497 3846 2884 3915 spiritualiter.
2930 3845 3226 3904 Sciendum
3278 3849 3447 3922 igitur
3496 3849 3807 3906 doctrinam

552 3928 806 3986 veritatis
859 3928 1061 3982 mutari
1096 3941 1194 3997 pro
1219 3935 1382 3996 captu
1408 3938 1463 3982 et
1488 3928 1856 3998 dispositione
1908 3931 2129 3991 illorum
2166 3932 2261 4000 qui
2293 3946 2603 3987 sermonem
2630 3933 2934 4003 excipiunt.
2972 3932 3108 3988 Nam
3144 3951 3302 4006 aequa
3360 3937 3521 3995 lance
3545 3953 3808 3995 sermone

549 4017 876 4077 declaranle
896 4025 950 4071 et
973 4015 1205 4071 docente
1237 4016 1367 4087 quid
1395 4016 1601 4072 bonum
1660 4019 1864 4090 quidve
1890 4018 1964 4075 sit
2014 4016 2243 4083 malum,
2272 4019 2396 4089 eius
2423 4020 2518 4089 qui
2569 4029 2724 4090 paret
2777 4022 3022 4076 sermoni
3086 4024 3389 4092 erudienti,
3447 4025 3803 4083 illuminatur

548 4105 795 4159 animus.
820 4103 926 4170 Qui
953 4117 1083 4159 vero
1104 4103 1414 4159 doctrinam
1436 4108 1716 4162 sermonis
1747 4115 2104 4178 aspernatur,
2135 4109 2184 4164 is
2220 4109 2277 4164 in
2305 4110 2508 4163 mentis
2527 4107 2762 4178 caligine
2785 4118 3118 4178 perseverat.
3145 4108 3496 4183 Quapropter
3526 4113 3804 4187 Egyptiis

553 4191 823 4247 divexatis
855 4191 1108 4260 plurimis
1138 4191 1410 4257 cladibus,
1450 4193 1505 4247 in
1546 4194 1728 4249 medio
1751 4195 2074 4256 consistunt
2104 4196 2371 4252 Israelita:
2400 4195 2583 4261 illaesi,
2616 4195 2882 4265 nulloque
2911 4195 3270 4252 incommodo
3296 4197 3497 4254 affecti.
3526 4198 3804 4259 Praeterea

553 4279 715 4335 hodie
742 4294 961 4349 quoque
993 4279 1050 4332 in
1076 4278 1366 4349 religionis
1387 4278 1758 4346 dissensione,
1782 4283 2114 4351 quibusdam
2148 4282 2273 4337 fidei
2316 4280 2519 4337 flumen
2577 4284 2817 4353 potabile
2845 4290 2901 4337 et
2934 4283 3384 4354 limpidissimum
3431 4297 3517 4342 est
3545 4305 3561 4341 :
3596 4297 3653 4342 at
3681 4290 3806 4345 imi-

555 4365 799 4420 tantibus
829 4365 1114 4434 Egyptios
1145 4365 1459 4420 obstinatos
1492 4365 1697 4421 ﬂumen
1722 4367 1975 4423 vitiatum
2029 4370 2229 4425 transit
2253 4369 2308 4423 in
2339 4369 2614 4439 impurum
2645 4371 2991 4444 sanguinem.
3032 4362 3255 4441 Saepius
3289 4387 3514 4444 quoque
3545 4374 3804 4432 diabolus

550 4454 706 4510 mille
738 4451 939 4507 artifex
977 4452 1140 4506 dolos
1173 4451 1508 4523 fraudesque
1539 4455 1731 4520 nectit,
1762 4462 1818 4511 et
1846 4458 2118 4511 annititur
2137 4456 2497 4512 Hebraeorum
2522 4466 2712 4528 potum
2737 4439 3803 4533 inquinatione'mendacii—corrumpere

542 4539 681 4595 etin
709 4552 966 4592 cruorem
992 4547 1226 4602 mutare,
1256 4537 1324 4592 ad
1341 4554 1408 4594 eo
1435 4540 1749 4605 interdum,
1766 4542 2010 4597 utetiam
2040 4551 2228 4598 nostra
2254 4532 2510 4600 doctrina
2536 4561 2661 4601 vera
2688 4555 2744 4602 et
2764 4546 3087 4604 Christiana
3109 4549 3270 4604 nobis
3294 4547 3572 4605 fastidium
3596 4532 3797 4622 pariat,

548 4626 794 4695 aliaque,
843 4631 1012 4695 atque
1044 4632 1151 4691 est,
1180 4639 1308 4681 esse
1332 4625 1608 4681 videatur.
1668 4626 1941 4683 Caeterum
2000 4630 2195 4701 nequit
2219 4641 2405 4702 potum
2440 4635 2620 4690 facere
2652 4636 2809 4689 nobis
2842 4635 3116 4702 inutilem,
3147 4637 3403 4708 quamvis
3430 4638 3551 4708 ejus
3582 4639 3799 4709 species

552 4712 831 4771 interdum
882 4712 1180 4768 rubescere
1230 4721 1475 4783 putetur.
1502 4711 1637 4768 Nam
1665 4711 1925 4770 Hebraeus
1974 4717 2156 4774 avidis
2208 4718 2464 4775 faucibus
2525 4720 2712 4775 haurit
2770 4736 2957 4777 veram
3014 4737 3237 4793 aquam,
3284 4732 3339 4781 et
3361 4725 3506 4780 haud
3539 4726 3693 4783 abre
3728 4727 3798 4782 ab

543 4802 884 4859 adversariis
911 4800 1206 4857 calumniis
1228 4812 1511 4868 oneratur,
1535 4802 1666 4858 dum
1691 4804 1853 4859 nihili
1885 4801 2016 4861 facit
2034 4804 2421 4863 fraudulentas
2450 4808 2660 4864 diaboli
2686 4810 2940 4864 teehnas.
3138 4868 3155 4881 κ

1188 4887 1343 4943 CAP.
1384 4887 1518 4944 VIII.
1978 4902 1983 4908 ‘

2564 4920 2569 4923 -
2827 4898 3079 4951 ΚΕΦΑΛ.
3119 4899 3202 4953 Η’.

620 4981 791 5040 Vens.
814 4983 875 5040 9.
901 4983 1175 5041 Constitue
1199 4985 1329 5039 mihi
1360 4984 1571 5056 quando
1599 5001 1696 5054 pro
1730 4993 1779 5039 te
1806 5000 1978 5051 orem,
2015 4993 2123 5041 etc.

2305 4989 2485 5055 Τάξαι
2523 4991 2675 5058 πρός
2696 4992 2775 5062 με
2808 4994 2954 5046 πότε
2984 4991 3232 5062 εὔξομαι
3267 4994 3400 5062 περὶ
3453 4995 3590 5051 σοῦ.
3649 4996 3798 5070 Θαρ-

548 5072 731 5131 Moses
765 5075 1029 5130 audacter
1082 5077 1376 5147 pollicetur
1415 5077 1543 5131 mali
1597 5077 2068 5148 propulsationem
2110 5094 2124 5130 :

2231 5080 2340 5152 ῥῶν
2376 5085 2405 5136 ό
2442 5085 2686 5154 Μωῦσῆς
2732 5084 3050 5154 ὑπισχνεῖτο
3093 5084 3193 5147 τὰς
3242 5083 3458 5154 πληγὰς
3506 5086 3799 5141 ἀνακαλεῖ-

550 5176 812 5239 praaterca
845 5166 992 5222 diem
1029 5169 1243 5233 statuit,
1301 5182 1412 5238 quo
1445 5169 1650 5224 malum
1682 5170 1756 5225 sit
1788 5170 2124 5240 propulsan-

549 5258 700 5314 dum.
730 5255 1121 5315 Verumtamen
1153 5273 1323 5316 orans
1356 5262 1622 5332 praeclare
1670 5263 1861 5315 omnia
1886 5263 2124 5334 peragit,

549 5349 866 5420 significans
917 5350 1039 5421 ipsa
1106 5353 1383 5417 oratione,
1422 5368 1534 5408 non
1593 5369 1693 5408 sua
1731 5354 1954 5419 virtute,
2016 5353 2119 5425 sed

547 5441 733 5497 divina
786 5443 902 5513 geri
957 5444 1074 5499 illa.
1109 5444 1190 5499 Ad
1218 5444 1571 5501 hacindicat
1635 5446 1798 5501 facile
1849 5461 1973 5502 esse
2010 5447 2121 5502 Deo

549 5534 813 5588 miracula
832 5532 1058 5589 facienti
1079 5534 1345 5591 inducere
1376 5536 1618 5607 plagam,
1649 5552 1882 5607 eamque
1918 5538 2136 5593 iterum

547 5621 823 5677 abducere
860 5624 1196 5679 auctoritate
1230 5624 1455 5697 .divina.
1512 5626 1623 5680 Deo
1669 5622 1839 5681 enim"
1871 5628 2118 5699 subjecta

549 5722 678 5768 sunt
712 5715 918 5770 ouinia.
954 5716 1187 5788 ejusque
1213 5725 1351 5773 nutu
1380 5727 1578 5775 cuncta
1613 5718 1975 5790 gubernatur.

2227 5172 2377 5239 σθαι,
2405 5174 2501 5228 καὶ
2532 5175 2746 5245 ἡμέραν
2766 5173 2959 5246 ὁρίζει,
2985 5174 3112 5227 καθ’
3143 5175 3210 5246 ῆν
3238 5172 3402 5229 τοῦτο
3420 5174 3592 5231 ἔσται.
3622 5178 3799 5248 Προσ-

2226 5252 2519 5336 ευχόμενος
2552 5265 2633 5329 δὲ,
2678 5263 2981 5337 κατώρθου,
3017 5266 3230 5329 δεικνὺς
3253 5268 3334 5323 ὅτι
3361 5267 3484 5322 οὔτε
3502 5269 3603 5340 τῆς
3634 5267 3795 5324 αὐτοῦ

2225 5357 2510 5429 δυνάμεως
2534 5353 2602 5430 ἦν
2626 5356 2695 5410 τὰ
2731 5358 2993 5429 γινόμενα
3021 5374 3035 5390 ο
3072 5346 3170 5411 καὶ
3215 5359 3419 5430 ὁμοίως
3456 5360 3678 5433 εὐχερὲς
3722 5360 3798 5432 τῷ

2228 5449 2738 5522 θαυματουργοῦντι
2768 5448 2888 5521 Θεῷ
2908 5450 3002 5504 καὶ
3030 5449 3259 5518 ἐπάγειν
3288 5450 3505 5524 πληγὴν
3529 5495 3544 5520 ,
3575 5454 3670 5507 καὶ
3692 5453 3799 5509 ἁπι-
3883 5503 3893 5513 ,

2228 5543 2401 5613 ἁγειν.
2432 5542 2593 5614 Αὐτῷ
2622 5542 2730 5614 γὰρ
2756 5542 3023 5598 ὑπακούει
3048 5542 3117 5596 τὰ
3143 5544 3340 5598 πάντα.
