4010 6212
283 273 398 338 549
1405 267 1890 331 COMMENTAR]

1995 269 2067 330 [N
2101 269 2368 334 EXODU
2377 271 2456 332 Μ.

3464 279 3572 342 550

371 392 428 436 *υ
455 387 530 439 δὲ
551 383 745 446 εἶπεν.
775 388 877 451 Εἰς
912 386 1144 452 αὔριον.
1215 385 1359 457 Ὅρα
1390 385 1508 450 πῶς
1533 387 1564 438 ό
1600 386 1698 456 μὲν
1733 384 1872 447 θεῖος

2051 381 2436 439 νειιε.10.11ίε
2462 385 2738 440 vero'dixit
2767 402 2784 440 :
2812 385 2965 442 Cras.
2997 387 3140 444 Ecce
3169 393 3568 463 promptitudi-

299 479 544 548 Μωῦσῆς
574 479 710 548 πρὸς
741 469 1062 548 εὐεργεσίαν
1096 477 1244 530 ἐστὶν
1265 478 1644 547 ἑτοιμότατος,
1673 479 1752 550 τῷ
1778 482 1886 535 Φα-

303 570 414 640 ραὼ
459 571 562 641 τὴν
622 569 804 639 κρίσιν
843 568 1018 630 διδοὺς
1058 568 1159 636 τῆς
1198 568 1327 638 περὶ
1369 568 1429 621 τὺ
1478 569 1796 623 πεπαῦσθαι
1827 570 1889 624 τὸ

298 663 473 718 δεινὸν
499 659 838 734 προθεσμίας
870 679 883 691 ·
905 663 934 714 ὁ
959 661 1016 714 δὲ
1047 661 1142 713 καὶ
1176 661 1307 730 περὶ
1339 659 1546 732 ταύτην
1575 661 1694 714 ἐστὶ
1713 663 1912 734 μελλη-

295 753 418 824 τὴς,
455 753 698 823 νομίζων
728 771 833 806 που
861 753 1080 816 πάντως
1117 751 1226 806 ἀπὸ
1269 743 1633 822 ταυττομάτου,
1705 752 1738 824 ἢ
1793 754 1890 806 καὶ

297 845 644 918 προσκαίρου
679 845 916 914 μαγείας
948 844 1371 913 γεγονέναι,καὶ
1405 843 1736 908 παύσεσθαι,
1771 845 1891 914 ἅμα

291 939 392 990 καὶ
423 937 526 1008 τὴν
547 936 736 990 θεόθεν
764 936 1088 1008 εὐεργεσίαν
1117 936 1290 1006 χωρὶς
1325 936 1571 1004 ἀνάγκης
1621 935 1888 1005 μεγίστης

292 1028 574 1093 ἀπαξιῶν.

373 1159 704 1226 Ἐϐαρύνθη
738 1159 775 1226 ἡ
806 1157 1020 1226 καρδία
1044 1157 1254 1221 αὑτοῦ,
1307 1158 1407 1211 καὶ
1448 1160 1560 1213 οὐκ
1607 1159 1890 1227 εἰσήκου-

293 1268 412 1306 aer
439 1251 662 1306 αὐτῶν.
701 1251 862 1322 Τρισὶ
889 1250 1104 1315 τούτοις
1123 1251 1400 1320 ἐχρήσατο
1426 1253 1664 1323 ῥήμασιν
1686 1253 1719 1322 ἡ
1757 1252 1892 1322 Γρα-

297 1345 398 1416 cpi},
435 1344 517 1415 τῷ
549 1343 914 1415 ὲνισχυκέναι,
951 1344 1046 1398 καὶ
1075 1343 1399 1413 ὲσαρύνθαι,
1445 1345 1541 1398 καὶ
1581 1343 1888 1414 ἐσκληρύν-

297 1436 504 1492 θαιτοῦ
533 1436 734 1506 Φαραὼ
750 1437 847 1506 τὴν
869 1436 1124 1508 καρδίαν.
1154 1435 1270 1490 Καὶ
1296 1435 1428 1490 ποτὲ
1463 1435 1562 1505 μὲν
1611 1434 1704 1504 ὑφ’
1759 1436 1890 1488 ἐαυ-

293 1527 417 1592 τοῦ,
446 1527 576 1581 ποτὲ
595 1527 655 1580 δὲ
687 1527 910 1596 λέγεται
939 1525 1100 1580 τοῦτο
1128 1525 1364 1595 πάσχειν
1397 1525 1504 1579 ὑπὸ
1532 1524 1694 1580 Θεοῦ.
1745 1523 1892 1578 Ἔοι-

297 1639 396 1676 κεν
412 1617 511 1674 οὖν
539 1619 908 1676 ἁπαλύνεσθαι
943 1620 1040 1689 μὲν
1072 1621 1106 1689 ὴ
1137 1617 1420 1673 ἐνδιδοῦσα
1456 1617 1597 1690 πρὸς
1654 1617 1722 1670 τὰ
1771 1616 1889 1669 θεῖα

296 1712 524 1785 καρδία,
571 1713 666 1766 καὶ
725 1713 800 1782 μὴ
859 1710 1066 1781 ἰσχύειν
1121 1709 1479 1764 ἀνθίστασθαι
1521 1711 1588 1781 τῇ
1623 1708 1886 1778 θειότητι,
1921 1739 1962 1794 Β

297 1803 396 1856 καὶ
429 1801 512 1872 μὴ
551 1800 904 1872 βαρύνεσθαι,
944 1799 1079 1870 μηδὲ
1118 1800 1200 1862 εἰς
1245 1799 1350 1870 γῆν
1389 1797 1648 1852 ἕλκεσθαι
1695 1797 1848 1850 κόιτω
1871 1811 1884 1826 ·

297 1897 333 1962 ἡ
363 1894 424 1947 δὲ
453 1892 858 1957 ἀντιτείνουσα,
895 1889 1326 1961 σκληρύνεσθαι,
1365 1889 1462 1942 καὶ
1513 1888 1890 1942 ἁντιτυποῦσα

293 1984 464 2053 δίκην
491 1982 662 2048 λίθου,
695 1980 789 2033 τδν
816 1978 960 2032 θεῖον
993 1977 1406 2049 ἀποκρούεσθαι
1427 1977 1608 2045 λόγον,
1637 1977 1734 2031 καὶ
1747 1978 1890 2030 ἀπο-

295 2074 616 2146 κρουομένη
647 2071 793 2143 μετά
819 2087 964 2134 τινος
989 2069 1245 2124 ἵστασθαι
1281 2068 1639 2140 ψευδωνύμου
1683 2069 1886 2140 ἰσχύος.

297 2166 444 2236 Περὶ
478 2165 609 2237 μίαν
645 2165 702 2218 δὲ
725 2164 795 2220 τὰ
835 2165 1005 2233 πάθη,
1037 2163 1322 2232 διαφόροις
1361 2161 1629 2226 ἐπινοίαις
1659 2161 1893 2232 συμϐαί-

295 2272 484 2308 νοντα.
518 2255 673 2308 Καθδ
711 2255 810 2325 μὲν
843 2254 951 2325 γὰρ
981 2252 1184 2322 λιθίνη.
1215 2252 1609 2322 σκληρύνεται’
1647 2251 1784 2306 καθὸ
1832 2251 1890 2304 δὲ

299 2345 521 2416 βαρεῖα,
554 2344 918 2399 καθέλκεται·
959 2343 1095 2398 καθὸ
1123 2343 1181 2396 δὲ
1213 2343 1287 2413 μὴ
1330 2345 1659 2414 παραχωρεῖ
1687 2342 1891 2413 θεομα-

297 2437 474 2508 χοῧσα
501 2439 570 2508 τῇ
598 2436 870 2508 κρείττονι
899 2435 1084 2505 φύσει,
1121 2436 1217 2489 καὶ
1251 2435 1426 2505 αὐτῆς
1484 2434 1692 2505 ἰσχύειν
1737 2435 1890 2503 λέγε-

297 2547 412 2584 ται.
451 2530 652 2599 Διόπερ
684 2529 822 2598 πρὸς
853 2529 952 2599 μὲν
978 2532 1040 2582 τὸ
1061 2527 1299 2598 πρῶτον,
1341 2527 1616 2598 Ἱερεμίας
1649 2527 1780 2596 φησί
1807 2525 1886 2579 τό·

305 2642 324 2674 ι
381 2623 682 2676 Ἐκσπάσω
711 2621 921 2674 τούτων
983 2623 1082 2685 τὰς
1113 2621 1324 2684 λιθίνας
1349 2619 1600 2690 καρδίας,
1659 2620 1751 2672 καὶ
1787 2621 1888 2687 ἐμ-

301 2713 458 2768 ϐαλῶ
499 2711 788 2783 σαρκίνας.
832 2731 850 2764 ι
905 2711 1049 2782 Πρὸς
1095 2711 1153 2764 δὲ
1197 2711 1274 2764 τὸ·
1307 2709 1582 2779 δεύτερον,
1637 2709 1664 2761 ὁ
1700 2708 1887 2772 Δαϐὶδ,

307 2823 330 2859 ε
365 2807 433 2860 Αἰ
494 2804 763 2875 ἁμαρτίαι
823 2803 1106 2874 ὑπερῆραν
1152 2803 1252 2873 τὴν
1296 2801 1541 2872 κεφαλήν
1584 2817 1708 2870 μου,
1757 2799 1890 2852 ὡσεὶ

304 2897 530 2967 φορτίον
564 2895 700 2968 βαρὺ
738 2894 1123 2966 ὲόαρύνθησαν
1175 2893 1264 2948 ἐπ’
1305 2893 1430 2963 ὲμέ.
1475 2913 1493 2945 ι
1546 2893 1658 2946 Καὶ
1710 2895 1889 2960 Ζαχα-

304 2991 452 3058 piat,"
491 3008 510 3041 ι
555 2985 709 3042 Εἶδον
748 2992 988 3056 γυναῖκα
1022 2987 1346 3058 καθημένην
1373 2986 1467 3038 ἐπὶ
1491 2985 1760 3038 τάλαντον
1793 3001 1894 3055 μο-

1993 491 2116 530 nem
2142 476 2330 540 Mosis,
2351 487 2409 531 ut
2431 475 2747 532 benefaciat
2765 475 3072 534 Pharaoni.
3091 480 3382 540 Eleotione
3400 487 3572 542 donat

1991 573 2286 638 tyrannum
2324 577 2382 622 ut
2414 569 2724 634 praestituat
2746 579 2965 640 tempus
3005 589 3114 642 quo
3137 575 3344 630 malum
3374 578 3520 634 istud
3544 595 3574 636 e
3661 635 3672 646 _

1991 657 2174 711 medio
2207 659 2458 712 tollatur.
2483 658 2700 715 Pharao
2730 672 3046 728 cunctatur,
3085 681 3183 720 nec
3210 670 3400 722 statim
3424 671 3572 728 diem

1993 747 2538 820 pmscribit,putans
2559 765 2690 807 casu
2718 752 2832 807 haec
2855 755 3128 820 evenisse,
3145 759 3230 812 vel
3248 762 3458 830 magica
3479 779 3575 834 pn-

1993 839 2168 894 tentia
2197 850 2606 908 momentanea,
2635 845 2869 912 proinde
2889 847 3054 902 tinem
3086 850 3218 904 mali
3245 867 3346 904 sua
3377 867 3576 923 sponte

1993 945 2120 983 mox
2177 943 2520 998 venturum,
2562 935 2730 998 simul
2780 938 2948 993 etiam
2985 951 3275 996 aversatur
3304 945 3572 1003 auxilium

1989 1017 2264 1086 divinum,
2299 1037 2399 1076 nec
2433 1022 2482 1077 id
2518 1023 2628 1079 nisi
2655 1025 2710 1079 in
2742 1040 2958 1082 summa
2985 1033 3322 1090 necessitate
3345 1039 3571 1106 expetit.

2063 1151 2232 1209 Vsus.
2267 1154 2354 1211 15.
2396 1154 2831 1228 Etaggravatum
2859 1172 2938 1216 est
2969 1179 3067 1217 cor
3087 1166 3229 1234 ejus,
3249 1185 3346 1222 nec
3369 1171 3575 1226 audiuit

1989 1260 2097 1309 eos,
2137 1253 2246 1300 etc.
2277 1245 2566 1318 Scriptura
2587 1265 2746 1306 sacra
2779 1255 2962 1310 tribus
2997 1255 3156 1312 hisce
3179 1275 3276 1314 usa
3306 1262 3471 1332 237
3489 1275 3576 1320 est

1991 1337 2198 1402 verbis,
2237 1353 2297 1394 se
2347 1341 2596 1419 tenuisse
2654 1357 2752 1398 cor
2811 1344 3142 1412 Pharaonis,
3207 1366 3566 1422 aggravatum

1991 1442 2138 1492 esse,
2167 1427 2566 1486 et'induratum
2605 1449 2729 1491 esse
2746 1451 2844 1490 cor
2865 1436 3195 1496 Pharaonis.
3231 1443 3392 1499 Modo
3410 1449 3572 1504 duri-

1991 1518 2084 1574 tiei
2127 1535 2301 1576 causa
2363 1523 2571 1578 dicitur
2600 1525 2836 1594 Pharao,
2895 1531 3061 1587 modo
3113 1533 3275 1590 Deus.
3341 1537 3573 1596 Videtur

1989 1609 2159 1678 igitur
2191 1626 2445 1679 necesse,
2481 1623 2541 1668 ut
2569 1615 2660 1670 illa
2683 1617 2850 1672 corda
2881 1629 3275 1687 extenuentur,
3329 1641 3452 1695 quae
3483 1645 3572 1684 re-

1991 1698 2207 1768 cipiunt
2226 1711 2585 1759 sacrosancta
2613 1705 2870 1777 dogmata
2909 1726 2921 1762 :
2949 1725 3052 1766 nec
3083 1714 3400 1770 roboranda
3425 1734 3570 1785 esse,

1993 1795 2051 1842 ut
2095 1792 2438 1847 reluctantur
2479 1795 2680 1851 Deitati
2725 1817 2740 1853 :
2779 1815 2880 1854 nec
2927 1807 3282 1872 aggravanda
3345 1825 3571 1881 quoque

1989 1895 2132 1946 esse,
2169 1883 2251 1938 vel
2273 1884 2340 1938 ad
2369 1893 2590 1966 terrena
2619 1888 2964 1947 deducenda.
2999 1893 3112 1950 Cor
3137 1913 3266 1953 vero
3298 1900 3568 1956 intracta-

1990 1974 2118 2039 bile,
2153 1975 2300 2044 quod
2349 1977 2434 2034 his
2481 1991 2778 2051 repugnat,
2817 1987 3028 2040 resistit
3088 2003 3236 2044 sanae
3299 1991 3574 2050 doctrinm

1990 2065 2166 2122 instar
2199 2068 2418 2138 lapidis,
2453 2079 2506 2126 et
2537 2075 2760 2142 repellit
2817 2075 3064 2131 divinum
3136 2095 3470 2140 sermonem.
3508 2087 3572 2140 Et

1991 2173 2112 2212 cum
2156 2160 2506 2216 existimetur
2539 2163 2676 2219 illud
2714 2181 2814 2220 cor
2847 2169 3031 2239 aliqua
3064 2174 3355 2240 praeditum
3381 2187 3572 2246 poten-

1993 2249 2064 2302 tia
2093 2249 2250 2318 falsa,
2282 2253 2632 2310 solummodo
2660 2255 2887 2312 inhaeret
2915 2259 3022 2324 his,
3055 2279 3180 2332 quae
3212 2267 3394 2322 solent
3425 2271 3573 2325 acci—

1991 2339 2121 2398 dere
2153 2359 2218 2398 ex
2295 2346 2460 2402 variis
2488 2353 2542 2400 et
2605 2347 2845 2404 diversis
2907 2352 3219 2412 affectibus.
3287 2359 3570 2425 Quatenus

1991 2434 2133 2487 enim
2158 2434 2288 2490 illud
2323 2452 2418 2490 cor
2452 2448 2747 2508 reputatur
2797 2441 3101 2513 lapideum,
3134 2451 3567 2526 durescit;qua-

1993 2531 2151 2579 tenus
2215 2528 2564 2585 existimatur
2619 2549 2808 2604 grave,
2858 2538 3230 2610 deprimitur;
3297 2557 3574 2616 quatenus

1993 2631 2100 2670 non
2130 2619 2273 2674 cedit
2297 2638 2604 2693 repugnans
2623 2629 2851 2696 potiori.
2887 2630 2938 2684 id
2970 2638 3054 2684 est
3104 2635 3304 2690 divinae
3337 2649 3569 2708 natum,

1993 2722 2088 2777 per
2119 2726 2177 2764 se
2201 2711 2387 2767 valere
2415 2715 2640 2771 dicitur.
2681 2715 3050 2783 Quamobrem
3080 2727 3260 2796 quoad
3305 2729 3570 2797 primum,

1994 2799 2170 2868 inquit
2192 2801 2457 2860 Jeremias
2489 2826 2502 2860 :
2541 2827 2560 2858 ι
2587 2806 2828 2864 Evellam
2854 2827 2917 2865 ex
2950 2813 3032 2870 his
3061 2817 3230 2870 corda
3265 2819 3498 2889 lapidea,
3519 2833 3576 2876 et

1994 2891 2136 2947 dabo
2189 2910 2390 2952 carnea
2412 2897 2480 2950 ⁸⁷.
2513 2917 2530 2950 ι
2568 2899 2758 2966 Quoad
2833 2907 3162 2972 secundum,
3212 2911 3288 2963 ait
3347 2912 3514 2968 David
3555 2934 3570 2969 :

2001 3001 2018 3032 ι
2053 2982 2288 3041 l’eccata
2321 3001 2722 3058 superaverunt
2774 3007 2938 3062 caput
2978 3013 3182 3060 meum,
3221 3005 3377 3064 quasi
3433 3021 3574 3060 onus

303 3081 458 3135 λίϐον
483 3097 498 3110 ο
523 3081 620 3133 καὶ
647 3079 872 3152 ὲρῤἐθη,
901 3080 987 3132 ὅτι
1018 3077 1158 3147 αὕτη
1179 3077 1326 3130 ἐστὶν
1353 3077 1384 3146 ἡ
1417 3076 1640 3146 ἀνομία.
1683 3095 1702 3128 ι
1737 3076 1890 3128 Ἐπεὶ

1995 3089 2162 3144 grave
2212 3090 2507 3150 aggravata
2576 3091 2708 3138 sunt
2763 3101 2929 3156 super
2959 3090 3166 3144 me”.r
3201 3090 3316 3146 Huc
3363 3096 3576 3150 accedit

303 3169 398 3229 οὖν
433 3175 468 3244 ἡ
490 3172 688 3245 καρδία
717 3169 918 3242 Φαραὼ
949 3171 1043 3224 καὶ
1071 3169 1182 3222 τῶν
1212 3167 1532 3236 Αἰγυπτίων
1567 3167 1889 3238 ὲόεὗάρυτο,

306 3265 504 3318 ἔδυσαν
555 3263 688 3317 ὡσεὶ
738 3262 960 3333 μόλιϐος
1011 3264 1070 3316 ὲν
1123 3260 1273 3314 ὕδατι
1319 3257 1536 3328 σφοδρῷ
1567 3274 1584 3289 ⁸
1620 3257 1712 3311 καὶ
1767 3258 1894 3311 ἐπεὶ

305 3357 634 3427 ἑσκλήρυτο,
665 3355 858 3409 ἔδυσαν
895 3355 975 3417 είς
1003 3352 1162 3425 βυθὸν
1193 3351 1324 3404 ὡσεὶ
1389 3349 1538 3414 λίθος
1559 3365 1573 3379 ·
1622 3348 1719 3402 καὶ
1767 3347 1894 3401 ἐπεὶ

305 3447 632 3516 κατίσχυσε,
680 3444 901 3513 λέγεται
937 3443 1076 3514 πρὸς
1119 3443 1210 3496 τὸν
1239 3439 1539 3496 καθελόντα
1571 3439 1746 3510 αὐτὴν
1779 3437 1893 3492 Κύ-

309 3553 450 3610 ριον,
489 3555 508 3588 ι
535 3537 598 3590 Ἢ
628 3537 782 3601 δεξιά
818 3553 938 3600 σου,
969 3533 1167 3603 Κύριε,
1197 3531 1514 3596 δεδόξασται
1544 3535 1602 3584 ὲν
1627 3529 1824 3600 ἰσχύει.
1873 3548 1894 3583 ›

1998 3167 2374 3224 testimonium
2423 3172 2704 3230 Zachariae
2731 3175 3010 3233 dicentis:
3047 3199 3064 3232 ι
3093 3179 3214 3236 Vidi
3285 3185 3574 3240 mulierem

1998 3258 2282 3315 sedentem
2333 3279 2500 3332 super
2549 3267 2754 3322 talenta
2810 3271 3040 3338 plumbi,
3096 3281 3152 3328 et
3205 3275 3414 3330 dictum
3467 3290 3576 3346 est,

1997 3347 2143 3416 quod
2177 3348 2293 3404 haec
2356 3352 2431 3406 sit
2465 3355 2813 3424 iniquitas”.
2843 3379 2864 3410 ι
2901 3361 3036 3415 Cum
3090 3363 3258 3433 igitur
3299 3381 3398 3420 eor
3432 3367 3576 3422 Pha-

1999 3439 2192 3493 raonis
2251 3457 2466 3497 necnon
2525 3445 2912 3517 Egyptiorum
2972 3445 3328 3522 aggravatum
3358 3466 3412 3511 et
3441 3471 3578 3512 one-

1999 3540 2176 3584 ratum
2207 3531 2396 3598 fuerit,
2423 3538 2622 3592 merito
2653 3540 2828 3594 instar
2865 3543 3076 3610 plumbi
3125 3545 3179 3598 in
3221 3561 3362 3616 aqua
3397 3549 3576 3604 valida

306 3627 548 3686 demersi
581 3637 742 3694 sunt;
777 3635 833 3683 et
855 3628 983 3698 quia
1018 3625 1270 3681 indurati
1301 3631 1430 3681 sunt
1469 3637 1582 3678 non
1617 3623 1688 3678 ab
1728 3636 1788 3676 re
1822 3621 2000 3676 instar
2046 3621 2248 3692 lapidis
2289 3626 2354 3679 ad
2393 3626 2624 3682 fundum
2683 3647 2860 3702 usque
2921 3634 3328 3692 descenderunt
3375 3641 3444 3696 ³ο.
3515 3641 3580 3694 Et

305 3725 440 3795 quia
488 3725 683 3792 valuit,
719 3725 925 3780 dicitur
982 3723 1050 3778 ad
1127 3719 1447 3786 Dominum,
1513 3717 1606 3787 qui
1658 3719 1837 3785 ipsum
1884 3717 2152 3772 sustulit:
2234 3737 2254 3771 ι
2307 3719 2537 3778 Dextera
2601 3734 2692 3780 tua
2753 3728 3054 3798 gloriﬁcata
3111 3741 3197 3788 est
3248 3733 3301 3788 in
3361 3733 3582 3790 fortitu-

305 3817 440 3874 dine
460 3817 529 3875 ".
555 3835 576 3870 ι

377 3967 672 4024 Diversum
709 3981 844 4022 vero
882 3965 954 4022 ab
985 3965 1091 4020 hoc
1119 3971 1238 4032 est,
1265 3961 1413 4033 quod
1441 3959 1496 4015 in
1525 3957 1668 4014 Isaia
1702 3959 1953 4024 traditur,
1997 3956 2402 4024 incrassatum,
2441 3977 2564 4015 cum
2613 3962 2848 4034 legitur,
2895 3984 2914 4018 ι
2945 3967 3190 4026 Auribus
3227 3971 3489 4034 audietis.
3526 3983 3580 4028 et

307 4071 420 4112 non
457 4055 816 4126 intelligetis;
847 4053 1099 4110 videntes
1134 4049 1418 4126 videbitis,
1455 4056 1508 4104 et
1538 4061 1650 4102 non
1683 4044 1942 4113 cernetis,
1979 4044 2346 4099 incrassatum
2383 4047 2526 4101 enim
2565 4059 2648 4104 est
2692 4065 2788 4105 cor
2813 4055 2996 4123 p0puli
3049 4056 3236 4124 hujus,
3267 4066 3324 4113 et
3351 4061 3582 4116 auribus

309 4145 430 4200 suis
461 4142 758 4199 diﬂiculter
787 4141 1129 4197 audiverunt
1157 4139 1226 4192 ".
1263 4158 1280 4191 ι
1333 4135 1730 4193 Verumtamen
1761 4148 1858 4188 cor
1887 4139 2224 4188 extenuatur
2249 4148 2382 4189 vero
2426 4151 2644 4204 manna,
2673 4139 2822 4208 quod
2855 4150 2973 4196 erat
3003 4144 3186 4198 album
3217 4154 3271 4199 et
3301 4155 3493 4214 tenue,
3525 4159 3582 4203 ut

311 4247 410 4304 per
449 4232 630 4303 ipsum
659 4239 950 4302 penetrare
982 4236 1150 4300 queat
1184 4227 1480 4298 sapientia,
1509 4237 1631 4292 quae
1655 4231 1738 4277 est
1773 4220 2009 4289 Spiritus
2045 4222 2439 4294 intelligibilis,
2467 4235 2714 4292 sanctus,
2747 4230 3088 4302 unigenitus,
3124 4236 3174 4287 in
3211 4237 3393 4292 varias
3424 4237 3582 4292 dotes

309 4319 632 4383 divisibilis,
655 4327 710 4374 et
741 4318 984 4374 subtilis.
1029 4316 1158 4371 Haec
1191 4320 1439 4386 permeat
1469 4327 1572 4383 per
1608 4310 1839 4382 spiritus
1871 4307 2270 4379 intelligibiles,
2309 4326 2478 4380 puros
2508 4320 2562 4368 et
2597 4314 3013 4372 subtilissimas.
3047 4319 3318 4376 Caeterum
3367 4323 3583 4380 incras-

312 4415 470 4462 satur
499 4405 842 4478 [Egyptiacis
893 4405 1171 4460 alimentis
1193 4445 1208 4469 ,
1239 4417 1360 4472 qua
1391 4399 1552 4455 avide
1582 4395 1958 4468 exposcebant
1985 4395 2088 4460 illi,
2121 4399 2214 4466 qui
2247 4413 2356 4452 non
2401 4398 2651 4455 ferebant
2686 4417 2900 4458 manum
2935 4405 3294 4462 subtilitatem
3325 4426 3338 4462 :
3368 4419 3422 4464 et
3467 4427 3588 4470 me-

311 4509 496 4549 mores
529 4494 769 4550 ollarum
812 4502 869 4548 et
921 4492 1172 4548 carnium
1207 4499 1260 4545 et
1293 4488 1528 4543 aliorum
1561 4485 1835 4550 ciborum,
1874 4485 2189 4541 clamabant
2227 4506 2240 4542 :
2275 4489 2474 4544 Anima
2513 4499 2706 4547 nostra
2744 4492 2956 4550 fastidit
2987 4510 3188 4551 manna
3221 4497 3323 4554 hoc
3349 4499 3416 4553 ”.

389 4625 570 4699 Τριῶν
590 4622 686 4681 οὖν
713 4625 1046 4696 εἰρημένων,
1089 4621 1200 4676 τῶν
1233 4621 1330 4690 μὶν
1371 4619 1549 4674 ἄλλων
1594 4617 1746 4671 οὐδὲν
1800 4615 1890 4670 ἐπὶ

2071 4621 2206 4676 Cum
2265 4632 2342 4678 tot
2387 4625 2552 4694 igitur
2603 4628 2670 4683 de
2718 4631 2902 4686 cordis
2943 4641 3141 4689 natura
3193 4603 3588 4706 praedicentur,

311 4721 453 4776 θεοῦ
479 4720 722 4790 λέγεται,
753 4717 914 4790 μόνον
939 4716 1091 4771 δὲτό·
1125 4733 1144 4766 ι
1185 4711 1490 4783 Σκληρυνῶ
1538 4711 1636 4782 τὴν
1667 4709 1890 4782 καρδίαν

2003 4714 2212 4768 nullum
2262 4717 2482 4772 illorum
2535 4719 2602 4774 de
2661 4719 2770 4776 Deo
2821 4723 3086 4788 refertur,
3120 4735 3316 4796 praeter
3343 4729 3448 4785 hoc
3495 4749 3586 4788 so-

311 4809 537 4884 Φαραὼ,
565 4829 586 4864 ι
617 4809 751 4864 ποτὲ
783 4807 840 4861 δὲ
877 4807 971 4860 καὶ
1001 4806 1081 4860 τόο
1127 4823 1146 4856 ι
1192 4801 1571 4874 Ἑσκληρύνθη
1621 4803 1656 4871 ἡ
1699 4800 1890 4871 καρδία

2006 4806 2116 4861 ium
2160 4826 2173 4862 :
2211 4826 2230 4882 ι
2265 4809 2542 4864 lndurabo
2577 4827 2674 4866 cor
2709 4813 3032 4870 Pharaonis.
3073 4835 3092 4868 ι
3131 4819 3412 4875 Interdum
3444 4826 3588 4878 scri-

311 4901 535 4974 Φαραὼ.
581 4927 600 4952 ο
660 4897 752 4952 Διὸ
797 4897 895 4952 καὶ
938 4896 968 4949 ό
1013 4893 1341 4956 Ἀπόστολος
1385 4893 1518 4946 ποτὲ
1569 4892 1668 4962 μὲν
1733 4892 1890 4945 αὑτὸν

2003 4895 2154 4953 bitur
2187 4917 2244 4954 τι
2289 4899 2609 4957 lnduratum
2639 4914 2724 4959 est
2753 4921 2852 4959 cor
2890 4905 3213 4966 Pharaonis.
3250 4933 3268 4965 ι
3311 4913 3590 4980 Quamob-

313 4995 562 5048 αἰτιᾶται
588 4991 682 5044 τὸν
706 4986 1168 5060 σκληρυνόμενον,
1199 4985 1398 5053 λέγων·
1437 5001 1456 5036 ι
1489 4983 1659 5079 ida-ui
1703 4983 1762 5038 δὲ
1800 4983 1890 5079 την

2006 5005 2120 5046 rem
2173 4990 2470 5060 Apostolus
2537 4994 2810 5050 interdum
2875 4997 3209 5056 criminatur
3261 5019 3422 5072 eum,
3487 5011 3586 5079 qui

317 5081 664 5154 σκληρότητά
697 5097 814 5142 σου,
847 5078 943 5132 καὶ
967 5075 1338 5148 ἀμετανόητον
1373 5074 1606 5146 καρδίαν
1637 5073 1890 5146 θησαυρί-

2005 5081 2295 5139 induratus
2317 5093 2424 5150 est,
2447 5084 2638 5140 dicens
2666 5105 2680 5141 :
2717 5106 2736 5139 ι
2765 5088 3078 5145 Secundum
3113 5093 3373 5152 duritiem
3408 5073 3586 5166 tuam,

314 5175 428 5240 ζεις
461 5173 674 5244 σεαυτῷ
697 5173 868 5244 ὀργήν
891 5187 906 5202 ·
938 5189 956 5220 ι
995 5170 1128 5224 ποτὲ
1167 5169 1244 5234 δὲ,
1271 5168 1346 5232 ὡς
1381 5167 1605 5259 ζήτημα
1658 5167 1890 5259 προϐάλ-

2003 5183 2056 5230 et
2091 5191 2188 5231 cor
2226 5178 2492 5248 ptenitere
2541 5181 2789 5236 nescium
2835 5185 3051 5256 colligis
3077 5187 3194 5252 tibi,
3259 5192 3419 5259 quasi
3470 5193 3587 5249 the-

319 5273 396 5321 Ᾱει
445 5267 540 5321 τὸν
597 5265 1038 5336 σκληρυνόμενον
1087 5261 1193 5316 ὑπὸ
1217 5261 1450 5334 Κυρίου.
1491 5278 1510 5312 ι
1543 5257 1672 5331 'Ap’
1701 5257 1796 5316 οὖν
1839 5261 1890 5315 ὃν

2004 5281 2251 5333 saurum,
2279 5269 2416 5322 iram
2441 5268 2542 5322 ἐι
2572 5269 2872 5338 Interdum,
2899 5277 3057 5344 quasi
3082 5280 3440 5346 quaestionem
3466 5299 3588 5338 mo-

319 5353 462 5410 θέλει
523 5355 688 5422 ἐλεεῖ,
725 5354 785 5408 ὃν
811 5353 869 5408 δὲ
899 5353 1044 5406 θέλει
1085 5351 1416 5424 σκληρύνει;
1485 5371 1503 5404 ι
1553 5346 1648 5417 Οἷς
1695 5354 1890 5426 ἐπενη-

2009 5364 2156 5426 veat,
2209 5357 2422 5415 inducit
2463 5361 2740 5418 hominem
2775 5378 2805 5418 a
2849 5363 3081 5422 Domino
3113 5367 3450 5442 induratum,
3503 5375 3588 5427 in.

405 5549 452 5580 ⁸⁷
475 5549 674 5632 ἕπε-ιι.
709 5568 783 5616 x1,
817 5555 905 5632 ii).
977 5555 1442 5632 ff_Psal._xxxvu,
1603 5562 1649 5596 ⁸³
1699 5561 1865 5632 Zach.

1995 5567 2038 5620 7.
2113 5565 2162 5598 ὀ
2197 5565 2362 5622 Exod.
2397 5579 2488 5631 xv,
2522 5571 2575 5632 δ,
2609 5564 2692 5622 10.
2772 5564 2818 5596 ⁸¹
2873 5563 2998 5621 ibid.
3037 5565 3092 5622 6.
3191 5567 3238 5598 ³³
3263 5565 3367 5622 lsa.
3426 5580 3500 5630 v1,
3530 5563 3587 5631 9,

331 5617 440 5675 10:
473 5619 661 5677 Matth.
689 5637 810 5691 xm,
848 5625 932 5694 14,
969 5626 1059 5684 15.
1135 5628 1180 5660 ³⁸
1211 5625 1374 5684 Num.
1408 5617 1522 5698 xxi,
1562 5631 1617 5692 5.
1721 5631 1768 5666 ’⁵
1803 5617 1890 5690 Ro;

1995 5617 2056 5704 ii,
2085 5635 2178 5691 55.
