4010 6212
452 241 551 308 551
582 282 611 291 -
1163 241 1175 247 ⁷
1749 247 2107 311 PROCOPII
2145 246 2389 311 GAZRI
3614 253 3717 317 552

451 356 652 428 quiens
685 368 701 408 :
745 371 763 405 ι
799 348 916 408 Non
942 351 1109 424 igitur
1141 354 1214 408 ita
1243 360 1347 422 est,
1380 369 1541 425 quem
1565 354 1681 411 vult
1711 356 2030 423 miseretur,

2135 360 2322 427 νόχετο
2341 370 2354 385 ⁸
2394 373 2413 407 ι
2439 352 2718 424 Μενοῦνγε
2742 352 2830 420 σὺ,
2863 348 2909 408 ὦ
2932 350 3208 427 ἄνθρὼπε,
3236 355 3322 421 τις
3357 349 3456 412 eid
3483 359 3717 415 ἀνταπο-

451 462 614 517 quem
648 445 764 499 νιιΙι,
819 444 1041 499 indurat
1071 446 1140 497 ".
1178 464 1198 502 ι
1240 444 1336 500 llis
1368 445 1590 501 additur
1621 464 1636 501 :
1673 464 1693 499 ι
1735 447 1950 517 Itaque.
1996 462 2030 503 ο

2141 446 2458 518 κρινόμενος
2483 443 2563 517 τῷ
2579 444 2737 516 Θεῷ;
2776 463 2798 499 ι
2833 445 2906 506 Ἢ
2930 445 2993 500 τδ
3041 447 3305 518 δυσχερὲς
3344 448 3444 519 τῆς
3483 450 3720 524 ἀπορίας

453 535 639 598 homo,
673 534 799 603 quis
822 548 906 597 es,
948 532 1038 601 qui
1077 548 1143 587 ex
1170 533 1402 589 adverso
1430 535 1732 605 respondes
1759 536 1875 593 Deo
1893 535 1981 587 ὀἳ
2006 553 2024 587 ι

2141 535 2286 599 ἰδὼν,
2346 536 2442 590 καὶ
2509 534 2610 606 τὴν
2657 534 2811 589 λύσιν
2870 535 2949 607 μὴ
3009 535 3229 607 θαρῤῶν
3283 540 3720 597 καταπιστεῦσαι

350 631 361 642 ”
453 620 606 675 Talia
643 621 901 676 nimirum
931 619 1180 690 profatur
1211 621 1413 678 Paulus
1443 638 1676 680 cernens
1706 626 1933 695 quaestio

2138 626 2484 697 γράμμασιν,
2518 626 2553 696 ἢ
2597 626 2671 697 μὴ
2693 626 2897 697 κρίνων
2918 627 3269 697 ἀποκρίσεως
3301 628 3451 696 ἄξιον
3486 630 3581 686 τὸν
3627 633 3721 702 ἑγ-

452 712 851 778 dillicultatem,
885 720 940 767 et
982 715 1192 769 veritus
1237 714 1359 783 ejus
1407 716 1738 771 solutionem
1771 716 2033 771 mandare

2138 715 2410 769 καλοῦντα
2466 718 2536 787 τῇ
2591 715 2713 787 θξῐᾳ
2754 715 3005 787 προύοίᾳ.
3039 716 3214 771 Τοῦτο
3242 717 3353 791 γὰρ
3372 721 3475 773 οὐκ
3504 720 3572 775 ἂν
3596 715 3720 776 εἷπε

454 805 653 860 litteris
688 822 702 859 :
738 806 820 859 vel
862 804 1009 874 quod
1064 805 1350 877 indignum
1397 822 1668 878 responso
1706 808 1919 877 judicet
1969 806 2035 861 il-

2138 806 2216 878 τῷ
2251 805 2429 878 ἔχοντι
2458 808 2778 878 παρῤησιαν
2805 807 3216 879 ἀποκρίνασθαι
3235 810 3311 881 τῷ
3333 810 3453 882 Θεῷ
3484 827 3500 841 ·
3538 813 3721 877 ὁποῖος

451 899 587 962 Ιιιιιι,
611 897 704 966 qui
730 896 914 967 culpet
944 895 1184 951 divinam
1212 897 1640 953 Providentiam.
1663 896 1933 952 Caeterum
1956 896 2025 963 is,

2136 893 2202 970 ἦν
2225 900 2254 952 ὁ
2279 897 2544 969 Μωῦσῆς,
2568 898 2627 962 ὃς
2658 899 2860 965 ἐλάλει,
2893 899 3081 969 φησὶν,
3116 901 3146 954 ὁ
3187 901 3246 955 δὲ
3299 900 3430 967 Θεὸς
3487 903 3719 976 ἀπεκρι-

452 988 546 1056 qui
605 987 909 1041 libertatem
972 985 1187 1042 dicendi
1251 988 1620 1059 sequebatur,
1684 987 1863 1059 qualis
1913 995 2033 1043 erat

1817 987 1863 1042 is
1913 995 2033 1043 erat
2134 1004 2264 1042 νατο
2293 990 2467 1060 φωνῇ.
2499 988 2613 1042 Καὶ
2639 988 2721 1042 ὅτι
2744 988 2927 1044 ἐλάλει
2956 989 3033 1053 ὡς
3055 989 3211 1060 φίλος
3240 992 3398 1061 φίλῳ.

452 1075 660 1141 Moses,
709 1073 840 1130 talia
889 1090 998 1130 non
1050 1078 1375 1145 prolocutus
1401 1087 1568 1133 esset.
1618 1077 1799 1134 Moses
1825 1078 1971 1133 enim
1996 1117 2013 1144 ,
2056 1085 2117 1133 ut
2148 1077 2313 1135 habet
2354 1076 2643 1150 Scriptura
2672 1079 2742 1145 ",
2774 1078 3105 1152 loquebatur
3137 1098 3152 1137 :
3185 1080 3329 1138 Deus
3359 1082 3722 1152 respondebat

452 1170 506 1224 ei
542 1182 698 1230 voce,
738 1176 794 1222 et
823 1167 1290 1236 quemadmodum
1352 1170 1511 1224 amici
1553 1170 2034 1241 colloquebantur.
2441 1190 2444 1193 ·

523 1254 645 1321 Quo
674 1264 834 1324 pacto
862 1266 1046 1309 autem
1079 1255 1400 1325 perhibetur
1431 1254 1577 1312 Deus
1608 1257 1869 1313 indurare
1905 1255 2044 1312 cor?
2076 1251 2322 1317 scilicet,
2365 1250 2829 1323 quemadmodum
2880 1257 2935 1306 et
2965 1250 3034 1308 de
3073 1252 3296 1309 Christo
3337 1254 3538 1325 legitur
3572 1259 3722 1329 quod

460 1345 676 1413 positus
713 1345 784 1398 sit
807 1343 863 1397 in
898 1343 1113 1397 ruinam
1136 1351 1193 1398 et
1221 1345 1685 1400 resurrectionem
1723 1346 2023 1399 multorum
2049 1342 2117 1396 ⁸⁸.
2149 1340 2420 1396 Praeterea
2450 1340 2571 1409 ipse
2603 1339 2779 1410 inquit
2821 1355 2835 1393 :
2882 1358 2900 1392 ι
2946 1339 3005 1395 ln
3030 1340 3302 1410 judicium
3328 1344 3453 1401 veni
3485 1347 3539 1400 in
3573 1347 3724 1403 hunc

455 1431 722 1486 mundum
748 1469 763 1494 ,
794 1438 856 1485 ut
884 1446 993 1485 non
1027 1430 1278 1486 videntes
1311 1431 1533 1486 videant
1564 1449 1577 1485 :
1611 1440 1665 1487 et
1687 1432 1781 1502 qui
1808 1430 1996 1486 vident
2038 1428 2168 1483 caci
2204 1427 2506 1484 reddantur
2541 1429 2610 1484 ".
2649 1447 2669 1481 ι
2712 1428 2963 1484 Christus
2992 1430 3211 1498 positus
3252 1440 3339 1487 est
3393 1432 3448 1488 in
3481 1435 3720 1499 ruinam,

458 1536 568 1573 non
604 1520 748 1589 quod
793 1519 933 1574 bene
985 1528 1223 1574 stantem
1258 1517 1436 1588 gradu
1497 1518 1725 1589 dejiciat
1749 1526 1804 1575 et
1833 1524 2168 1590 prosternat;
2202 1516 2381 1571 absit!
2422 1530 2613 1571 verum
2654 1515 2962 1571 secundum
3003 1517 3240 1573 liberum
3281 1521 3593 1590 arbitrium,
3626 1524 3725 1595 qui

458 1607 637 1677 ipsum
680 1621 790 1661 non
836 1605 1179 1675 suscipiunt,
1213 1605 1326 1660 illis
1351 1615 1547 1662 auctor
1569 1616 1655 1664 est
1692 1606 1886 1669 ruinae,
1932 1604 2041 1675 qua
2066 1617 2178 1658 non
2209 1601 2555 1657 corruissent
2596 1602 2643 1658 si
2683 1601 2801 1672 ipse
2830 1617 2944 1657 non
2983 1602 3328 1673 advenisset,
3358 1611 3724 1679 quemadmo-

458 1696 587 1747 dmn
637 1692 744 1746 nisi
786 1692 1056 1755 venisset,
1104 1706 1206 1746 nec
1240 1693 1336 1762 qui
1375 1692 1759 1757 conciderant,
1809 1690 2264 1749 resurrexissent.
2316 1685 2444 1743 Pari
2486 1688 2699 1744 ratione
2742 1704 2925 1746 sermo
2973 1706 3119 1747 unus
3159 1692 3417 1765 idemque
3462 1711 3588 1752 cum
3622 1700 3719 1767 sit,

457 1792 626 1833 causa
672 1784 758 1832 est
805 1778 1152 1833 auditoribus
1200 1794 1313 1834 non
1354 1779 1671 1835 videntibus
1701 1789 1761 1834 ut
1795 1779 2020 1854 videant
2058 1795 2072 1831 :
2105 1779 2463 1848 quibusdam,
2499 1780 2591 1850 qui
2624 1788 2755 1837 ante
2783 1780 3080 1838 adventum
3113 1785 3236 1854 ejus
3281 1797 3443 1842 erant
3486 1791 3720 1857 oculati,

460 1880 634 1920 causa
666 1871 788 1931 est,
844 1874 904 1918 ut
950 1881 1101 1920 nunc
1142 1866 1461 1922 ementium.
1494 1866 1743 1935 Exempli
1789 1866 1964 1937 gratia
2000 1884 2014 1921 :
2049 1863 2203 1922 lude
2233 1867 2437 1923 obtulit
2467 1867 2609 1924 idem
2643 1884 2829 1925 sermo
2856 1871 3091 1937 ruinam,
3146 1872 3313 1944 238
3338 1873 3509 1930 Paulo
3535 1876 3726 1932 attulit

457 1954 951 2009 resurrectionem.
983 1952 1049 2007 Et
1078 1953 1230 2024 quod
1266 1953 1493 2023 quidem
1527 1952 1702 2010 Judas
1736 1954 1877 2010 foret
1918 1953 1976 2009 in
2015 1968 2252 2010 numero
2284 1954 2612 2022 videntium,
2667 1956 2890 2026 quando
2923 1956 3079 2013 misit
3113 1958 3402 2015 duodecim
3438 1964 3725 2033 apostolos

458 2050 521 2097 ut
569 2041 875 2112 apostolico
926 2056 1159 2097 munere
1207 2040 1569 2112 fungerentur
1603 2060 1617 2096 :
1650 2041 1872 2097 tandem
1919 2041 1976 2097 in
2004 2056 2298 2097 numerum
2331 2057 2606 2099 caecorum
2636 2044 2843 2100 relatus
2870 2052 2993 2108 est,
3024 2059 3150 2100 cum
3196 2045 3402 2103 diaboli
3454 2049 3724 2107 instinctu

458 2138 713 2203 pergeret
747 2130 980 2199 prodere
1006 2126 1360 2185 Servatorem
1393 2124 1610 2184 mundi.
1641 2129 1713 2182 At
1745 2126 1951 2184 Paulus
1992 2128 2198 2185 mentis
2221 2128 2472 2185 caecitate
2502 2130 2817 2185 laborabat.
2847 2127 3128 2201 Expertus
3156 2135 3425 2190 auxilium
3459 2135 3580 2203 Dei,
3610 2151 3726 2193 ca:-

458 2222 599 2274 citas
627 2216 839 2272 mentis
875 2214 1059 2286 fugata
1084 2223 1190 2270 est.
1226 2213 1473 2271 Habebat
1497 2217 1645 2272 enim
1670 2215 1762 2271 Dei
1795 2214 1998 2281 zelum,
2026 2215 2170 2272 bona
2205 2214 2389 2272 facere
2415 2216 2743 2284 instituens,
2781 2216 2911 2271 licet
2937 2231 3050 2272 non
3081 2218 3383 2275 secundum
3409 2221 3723 2278 scientiam.

406 2320 409 2325 ·
462 2303 555 2359 Sic
586 2304 668 2360 sol
697 2303 913 2359 calidus
944 2302 1226 2358 exsistens
1258 2318 1365 2356 una
1395 2317 1562 2374 opera
1589 2317 1771 2358 ceram
1802 2301 2059 2357 dissolvit
2087 2310 2142 2358 et
2171 2303 2368 2375 liquat,
2402 2292 2580 2359 lutum
2612 2303 2941 2380 veroidurat
2968 2319 2984 2359 ;
3015 2314 3182 2375 atque
3213 2307 3351 2363 adeo
3405 2308 3545 2365 istos
3591 2324 3728 2380 pro-

459 2392 611 2447 ducit
640 2390 891 2455 ell'ectus,
928 2399 986 2444 ut
1015 2405 1142 2445 cera
1187 2391 1405 2460 signum
1440 2388 1588 2460 quod
1637 2388 2003 2459 imprimitur,
2037 2391 2269 2462 recipiat
2302 2409 2318 2445 :
2351 2391 2527 2448 lutum
2559 2379 2909 2457 induraium,
2957 2393 3227 2463 repudiet.
3272 2393 3390 2449 Non
3420 2379 3726 2453 aliternos

459 2478 766 2549 comparati
803 2493 1017 2543 sumus,
1046 2487 1106 2532 ut
1137 2479 1220 2532 vel
1257 2476 1597 2547 recipiamus
1628 2478 1715 2533 vel
1743 2492 2073 2547 respuamus
2105 2478 2324 2549 signum
2363 2479 2480 2536 sive
2507 2480 2885 2535 characterem
2916 2478 3188 2534 divinum.
3222 2478 3610 2551 Signiﬁcatum
3635 2499 3666 2539 e
3701 2493 3729 2539 t

459 2566 516 2621 in
568 2568 746 2637 primo
794 2567 988 2635 signo,
1027 2582 1087 2621 se
1121 2566 1417 2622 roborasse
1446 2579 1546 2622 cor
1578 2563 1923 2633 Pharaonis;
1969 2566 2026 2620 in
2071 2566 2284 2634 altero,
2341 2564 2511 2622 fuisse
2551 2576 2927 2637 aggravatum.
2980 2566 3023 2620 Δ
3062 2566 3228 2621 tertio
3266 2582 3398 2622 vero
3434 2583 3611 2641 usque
3651 2571 3723 2625 ad

461 2664 676 2710 sextqu
712 2654 952 2723 signum,
980 2653 1240 2708 duritiem
1279 2654 1508 2725 collegit
1535 2654 1759 2710 animus
1808 2651 2118 2709 Pharaonis
2160 2653 2274 2710 Deo
2317 2653 2564 2709 nondum
2603 2652 2862 2709 duritiem
2903 2651 3217 2708 inducente.
3264 2651 3453 2723 Itaque
3499 2656 3607 2711 etsi
3648 2656 3728 2711 ab

461 2743 623 2797 initio
656 2742 876 2797 dicatur
913 2760 927 2796 :
967 2758 987 2792 ι
1018 2739 1297 2796 lndurabo
1341 2756 1437 2796 cor
1465 2739 1795 2808 Pharaonis,
1840 2760 1859 2794 ι
1897 2749 2082 2797 tamen
2108 2741 2189 2796 sic
2218 2740 2636 2812 intelligendum
2667 2748 2752 2797 est
2790 2757 2803 2794 :
2839 2730 3163 2805 Postremo,
3192 2739 3285 2795 ubi
3316 2740 3383 2795 ad
3421 2758 3589 2797 unum
3636 2751 3727 2799 at—

461 2846 567 2897 que
621 2828 848 2884 alterum
897 2830 1115 2899 signum
1156 2843 1265 2883 non
1307 2829 1622 2899 resipuerit,
1672 2828 2051 2883 indurabitur.
2101 2825 2243 2885 Hinc
2288 2827 2715 2898 redarguuntur,
2746 2826 2839 2898 qui
2878 2837 3109 2882 naturas
3140 2825 3430 2881 inducunt.
3474 2828 3533 2883 Si
3569 2829 3724 2884 enim

462 2915 679 2971 Pharao
719 2916 832 2986 jam
876 2915 1003 2970 inde
1037 2916 1104 2971 ab
1133 2916 1292 2971 initio
1323 2914 1552 2985 perdita:
1579 2924 1632 2970 et
1669 2922 1944 2985 corruptae
1969 2922 2178 2969 natura:
2210 2911 2292 2966 vel
2314 2910 2664 2965 conditionis
2700 2909 2931 2972 exstitit,
2964 2908 3141 2964 durus
3189 2910 3467 2966 exsistens
3494 2925 3596 2966 nec
3628 2925 3727 2967 ce-

461 3005 598 3061 dens
630 3004 890 3058 tractanti
925 3002 1036 3058 Deo
1069 3019 1086 3058 :
1132 3017 1240 3058 non
1275 3016 1416 3073 Opus
1451 3002 1560 3056 fuit
1600 3002 1718 3065 illo,
1751 3002 1850 3074 qui
1901 3002 2084 3072 ipsum
2130 3000 2438 3054 indurat-et.
2487 2996 2624 3052 Nam
2665 2998 2758 3067 qui
2804 2996 3120 3063 induratur,
3150 3011 3217 3051 ex
3259 3013 3325 3053 eo
3364 2997 3575 3063 habitu,
3624 3000 3724 3068 qui

462 3097 618 3162 prius
648 3091 847 3147 duritie
874 3090 1115 3152 carebat,
1152 3091 1206 3144 in
1235 3090 1434 3144 durum
1460 3090 1813 3146 transfertur.
1852 3089 1973 3144 Non
2004 3088 2172 3157 igitur
2200 3092 2424 3156 propter
2454 3086 2787 3157 pravitatem
2822 3094 3035 3140 naturae
3064 3100 3095 3139 a
3125 3081 3364 3141 Domino
3404 3086 3720 3144 induratur.

462 3175 522 3232 Si
560 3176 708 3228 enim
738 3173 884 3229 Deus
907 3174 1086 3244 ipsum
1119 3188 1228 3227 non
1257 3172 1595 3238 iudurasset,
1620 3187 1808 3243 quicso
1832 3174 2050 3243 qualem
2091 3189 2151 3230 se
2187 3174 2486 3229 obtulisset
2519 3173 2695 3244 signis
2721 3182 2775 3227 et
2806 3170 3110 3244 prodigiis?
3146 3170 3204 3227 Si
3233 3173 3491 3229 cessisset
3518 3172 3726 3232 divina

470 3262 765 3334 potrntiae,
821 3272 968 3317 certe
1016 3260 1069 3314 id
1126 3274 1234 3314 non
1290 3258 1483 3314 fuisset
1543 3257 1808 3315 indicium
1856 3269 2132 3331 corruptae
2187 3270 2418 3316 naturas.
2475 3260 2531 3315 Si
2581 3274 2714 3317 vero
2764 3275 2875 3315 non
2934 3259 3219 3323 cessisset,
3259 3258 3463 3315 frustra
3517 3262 3726 3333 saepius

464 3349 676 3400 dictum
713 3354 908 3400 esset:
960 3361 980 3395 ι
1018 3342 1305 3398 lnduravit
1339 3342 1603 3397 Dominus
1646 3356 1744 3396 cor
1784 3342 2105 3401 Pharaonis.
2139 3366 2158 3400 ι
2187 3347 2458 3403 Praeterea
2504 3346 2551 3403 si
2595 3346 2742 3403 Deus
2789 3347 3063 3417 praecipue
3100 3345 3410 3402 induxisset
3441 3346 3721 3408 Pharaoni

461 3431 718 3488 duritiem
748 3440 805 3488 et
839 3431 1038 3487 tuentis
1067 3441 1373 3500 stuporem,
1413 3430 1666 3501 profecto
1708 3430 1945 3487 subinde
1973 3434 2027 3487 in
2055 3450 2118 3491 ea
2143 3435 2497 3506 perstitisset.
2537 3432 2810 3490 Ceterum
2860 3448 3032 3497 nunc,
3072 3435 3232 3504 plaga
3266 3434 3531 3501 ardente,
3560 3437 3725 3507 polli-

462 3530 617 3578 cetur
648 3538 708 3576 se
737 3521 1095 3576 dimissurum
1127 3520 1389 3576 Hebratos
1419 3538 1435 3576 :
1471 3535 1661 3575 verum
1692 3520 1908 3575 sublata
1944 3522 2100 3594 plaga
2131 3521 2200 3578 ad
2233 3523 2511 3593 ingenium
2545 3537 2809 3593 suamque
2848 3521 3112 3579 duritiem
3142 3523 3461 3578 revertitur.
3489 3525 3560 3577 At
3602 3525 3725 3580 haec

461 3611 646 3665 omnia
685 3609 822 3664 (lunt
862 3611 1134 3682 consulto,
1166 3608 1443 3677 animique
1481 3608 1564 3662 vel
1594 3608 1887 3663 voluntatis
1947 3612 2282 3667 mutationes
2323 3620 2377 3666 et
2405 3610 2674 3666 motiones
2713 3617 3031 3665 censentur.
3076 3608 3258 3675 Quare
3290 3621 3547 3679 prasterea
3572 3608 3724 3668 Deus

462 3698 643 3770 ipsum
690 3698 1042 3769 reprehendit
1096 3714 1193 3769 per
1217 3697 1450 3753 Mosen?
1505 3696 1587 3752 Ad
1620 3696 1737 3753 haec
1774 3697 1893 3767 ipse
1926 3697 2107 3756 Moses
2141 3699 2317 3771 inquit
2349 3716 2364 3754 :
2399 3718 2418 3752 ι
2441 3696 2588 3755 Cave
2624 3713 2726 3754 nos
2751 3697 2988 3769 amplius
3019 3696 3200 3763 fallas,
3235 3705 3295 3754 ut
3332 3713 3442 3755 non
3471 3698 3724 3755 dimittas

462 3789 750 3860 papulum.
787 3806 806 3841 ι

536 3897 707 3954 Vens.
757 3897 845 3952 ιι.
899 3895 971 3952 Et
1013 3897 1331 3966 computruit
1376 3906 1543 3963 terra,
1580 3905 1688 3953 etc.
1747 3897 1804 3952 In
1860 3896 2036 3968 prima
2066 3906 2111 3965 Β

2211 3899 2324 3955 Kal
2350 3897 2570 3960 ὠζεσεν
2621 3897 2660 3965 τι
2705 3895 2802 3969 m’.
2848 3895 2974 3950 Ἐπὶ
3000 3898 3065 3967 τῇ
3111 3878 3305 3967 πρώτῂ
3336 3894 3559 3966 μάστιγι
3615 3894 3723 3949 ιπ-

461 3989 619 4060 plaga
644 3989 981 4057 computruit
1024 3998 1078 4045 et
1120 3987 1580 4044 tetrum-odorem
1629 3987 1770 4043 fudit
1808 3987 2034 4043 ﬂuvius.

2146 3994 2348 4061 ώζεσεν
2384 3996 2413 4049 ὁ
2442 3992 2709 4064 ποταμὸς,
2744 3990 2840 4044 ἐπὶ
2895 3989 2952 4044 δὲ
2991 3992 3058 4061 τῇ
3092 3990 3200 4043 τῶν
3251 3984 3538 4059 βατράχων
3565 3988 3599 4059 ἠ
3622 3987 3720 4056 γῆ.

462 4079 520 4133 In
560 4079 714 4149 plaga
744 4095 1003 4135 ranarum
1034 4089 1175 4135 terra
1212 4079 1266 4134 id
1308 4080 1510 4134 malum
1555 4079 1754 4134 sensit.
1793 4076 2039 4149 Egyptii

2147 4085 2293 4157 Σὰρξ
2316 4087 2425 4156 γὰρ
2453 4085 2548 4138 καὶ
2579 4078 2719 4154 αἷμα
2740 4077 2881 4154 ἦσαν
2905 4068 3197 4147 Αἰγύπτιοι
3216 4094 3231 4109 ·
3264 4077 3406 4133 οὕτω
3453 4076 3512 4131 δὲ
3561 4078 3656 4132 καὶ
3683 4079 3720 4149 ἡ

460 4171 607 4225 enim
634 4178 791 4225 erant
834 4186 963 4226 caro
991 4182 1044 4226 et
1077 4172 1326 4243 sanguis.
1358 4169 1558 4226 Verum
1597 4185 1693 4240 per
1720 4178 1923 4224 terram
1957 4170 2040 4222 in-

2144 4175 2217 4245 γῆ
2253 4192 2266 4205 ·
2308 4175 2377 4228 τὰ
2409 4173 2699 4244 παχύτερα
2722 4170 2833 4225 τῶν
2869 4169 3145 4241 σωμάτων
3181 4168 3489 4240 γενόμενοι.
3557 4167 3724 4220 Ἐπα-

464 4262 731 4333 telligitur
757 4265 1023 4334 quidquid
1059 4265 1113 4317 in
1144 4262 1472 4333 corporibus
1515 4262 1747 4330 spissius
1781 4267 1836 4314 et
1879 4274 2039 4315 cras-

2144 4264 2316 4336 χύνθη
2353 4264 2475 4333 ,γὰρ
2524 4262 2704 4317 αὐτῶν
2734 4264 2768 4333 ἡ
2792 4261 3010 4333 καρδία.
3028 4260 3193 4315 Ὅθεν
3210 4260 3333 4314 ἐπεὶ
3362 4256 3722 4331 προσώζεσαν

464 4354 582 4410 sius
624 4363 729 4410 est.
772 4353 904 4408 Nam
938 4355 1155 4408 illorum
1193 4369 1289 4408 cor
1341 4352 1711 4407 incrassatum
1747 4361 1853 4406 est.
1888 4349 2038 4416 Qua-

2145 4356 2239 4409 καὶ
2277 4355 2564 4431 ὲσάπησαν
2586 4353 2766 4408 αὐτῶν
2792 4353 2843 4407 ol
2875 4352 3145 4423 μώλωπες
3168 4352 3269 4422 τῆς
3295 4351 3595 4423 ἁμαρτίας,
3630 4349 3721 4404 διὰ

464 4458 687 4519 pr0pter
715 4448 861 4500 ’cum
915 4445 1176 4501 fetuerint
1223 4453 1277 4499 et
1323 4444 1764 4514 computruerint
1797 4457 2036 4507 vermes,

1889 4457 2036 4507 ’mes,
2144 4443 2303 4499 τοῦτο
2330 4442 2536 4509 ὢζεσεν
2564 4442 2747 4497 αὐτῶν
2772 4442 2866 4497 καὶ
2886 4444 2915 4495 ὁ
2939 4441 3185 4513 ποταμὸς
3205 4442 3349 4512 καὶὴ
3380 4442 3472 4511 γῆ.

464 4552 656 4592 eorum
687 4536 899 4592 scilicet
934 4533 1178 4606 peccati,
1209 4549 1318 4588 non
1363 4534 1640 4589 immerito
1679 4532 1857 4589 malus
1896 4532 2035 4588 fetor

464 4644 529 4684 ex
557 4643 700 4699 aqua
725 4637 981 4698 terraque
1014 4624 1235 4697 prodiit.
1639 4668 1647 4677 .

543 4720 618 4774 De
644 4720 823 4789 priore
850 4720 1006 4788 plaga
1062 4716 1144 4771 sic
1173 4716 1372 4787 legitur
1406 4731 1420 4768 :
1458 4733 1478 4767 ι
1513 4712 1762 4769 Verbero
1798 4714 1975 4785 virga,
2006 4726 2129 4785 qua;
2167 4711 2223 4765 in
2249 4723 2414 4764 manu
2450 4723 2569 4764 mea
2599 4718 2704 4777 est,
2740 4721 2939 4778 aquam
2968 4721 3090 4776 qua:
3118 4713 3205 4762 est
3234 4706 3293 4762 in
3314 4704 3564 4773 flumine,
3603 4723 3624 4759 ι
3648 4703 3719 4761 de

464 4809 635 4864 altera
668 4822 798 4862 vero
831 4808 989 4877 plaga
1024 4804 1228 4859 dicitur
1256 4821 1269 4858 :
1312 4822 1329 4854 ι
1368 4801 1512 4858 Ecce
1539 4818 1642 4874 ego
1671 4803 1805 4858 ferio
1832 4817 2023 4857 onmes
2055 4798 2319 4855 terminos
2345 4806 2473 4851 tuos
2512 4795 2687 4850 ranis.
2724 4813 2743 4845 ι
2790 4792 3031 4849 Proinde
3061 4808 3278 4849 summa
3323 4808 3426 4862 ope
3457 4794 3715 4848 adniten-

463 4897 594 4953 dum
631 4903 733 4961 est,
766 4906 823 4950 ut
866 4896 1139 4965 fugiamus
1171 4909 1238 4949 ex
1270 4892 1529 4964 Egypto,
1576 4903 1630 4948 et
1661 4893 1730 4949 de
1767 4892 1969 4948 ﬁnibus
2001 4892 2145 4961 eius,
2179 4904 2251 4943 ne
2299 4887 2365 4941 ad
2414 4901 2518 4940 nos
2562 4894 2844 4956 promatur
2882 4884 3015 4947 illud
3047 4881 3351 4954 Scriptura
3388 4882 3666 4952 eloquium
3697 4897 3713 4935 :

469 5005 489 5037 ι
527 4984 670 5052 Quid
709 4984 806 5038 tibi
848 4992 904 5038 et
932 4992 1094 5037 terra:
1126 4981 1347 5053 Egypti
1377 4990 1438 5035 ut
1471 4981 1633 5036 bibas
1661 4995 1862 5050 aquam
1893 4976 2073 5034 Gioni
2117 4997 2137 5032 ι
2176 4977 2243 5032 Ει
2284 4979 2482 5032 iterum
2513 4995 2526 5032 :
2580 4994 2600 5029 ι
2639 4974 2731 5030 Vae
2771 4974 2864 5046 qui
2898 4989 2999 5045 pro
3027 4973 3236 5053 auxilio
3279 4972 3623 5029 descendunt
3658 4970 3715 5026 in

464 5044 759 5143 Egyptum
801 5070 843 5124 ί.
887 5068 1021 5125 Nam
1068 5071 1114 5124 si
1154 5044 1346 5124 omnes
1388 5068 1611 5123 termini
1644 5044 1955 5139 Egyptiaci
2004 5067 2319 5137 plectuntur
2357 5065 2547 5121 divino
2589 5044 2825 5134 judicio,
2853 5044 2952 5118 eos
2984 5076 3087 5116 nos
3118 5044 3488 5129 iuaximopere
3528 5057 3717 5128 fugere

463 5166 705 5229 oportet,
734 5173 803 5213 ne
828 5157 969 5212 idem
998 5157 1230 5212 exitium
1276 5163 1502 5227 propter
1546 5156 1885 5210 vicinitatem
1916 5163 1968 5209 et
1992 5169 2095 5211 nos
2125 5157 2322 5227 rapiat.
2346 5154 2658 5210 Notandum
2674 5164 2856 5207 autem
2883 5160 2970 5206 est
2999 5164 3096 5220 per
3109 5163 3303 5204 omnes
3331 5147 3541 5218 plagas,
3567 5143 3716 5215 quod

463 5246 665 5301 alicubi
713 5245 940 5314 iubetur
982 5242 1159 5298 Moses
1202 5252 1352 5299 stare
1390 5245 1448 5299 in
1494 5258 1788 5311 occursum
1833 5241 2147 5309 Pharaoni;
2200 5243 2404 5299 alicubi
2453 5240 2684 5296 introire
2736 5238 2803 5292 ad
2847 5236 3064 5306 ipsum;
3107 5234 3309 5289 alicubi
3356 5233 3617 5289 resistere
3661 5232 3714 5285 in

463 5338 761 5401 conspectu
797 5329 1121 5383 Pharaonis.
1153 5327 1281 5383 Plus
1305 5338 1488 5386 tamen
1519 5336 1697 5399 potest
1728 5327 1995 5383 adversus
2036 5326 2401 5394 Pharaonem,
2434 5329 2529 5399 qui
2562 5325 2633 5381 ad
2672 5327 2851 5396 Ipsum
2882 5322 3214 5394 ingreditur,
3234 5335 3407 5401 quam
3438 5318 3534 5389 qui
3562 5331 3719 5387 egi-eo

464 5421 634 5478 dienti
664 5419 881 5474 obviam
929 5417 1199 5489 procedit.
1242 5416 1630 5474 Verumtamen
1665 5413 1812 5472 Deus
1853 5430 2070 5488 semper
2097 5418 2332 5487 imperat
2363 5416 2499 5472 Mosi
2537 5423 2596 5470 ut
2635 5415 2905 5469 consistat
2948 5411 3002 5465 in
3053 5415 3353 5479 conspectu
3385 5404 3710 5460 Pharaonis.

538 5595 583 5630 ’⁸
606 5593 871 5658 Rom.tx,
916 5592 998 5651 I8.
1073 5593 1121 5627 ”
1175 5591 1311 5648 ibid.
1362 5590 1454 5650 20.
1532 5591 1575 5624 ⁸⁷
1625 5588 1797 5646 Exod.
1842 5605 1954 5656 aut,
1995 5587 2053 5644 19

470 5665 491 5699 ⁸
576 5665 687 5720 Jer.
730 5681 790 5722 ιι.
836 5668 919 5722 l8.

2163 5602 2359 5648 xxxnt.
2403 5586 2490 5642 ll.
2569 5585 2615 5618 "
2640 5551 2782 5640 ι.υοῖ
2833 5599 2910 5649 ιι,
2964 5581 3055 5636 δι.
3132 5580 3180 5615 ’⁵
3248 5579 3409 5636 Joan.
3483 5594 3558 5646 Ix,
3618 5572 3710 5633 39.

673 5706 687 5720 ο
730 5706 790 5735 ιι,
839 5706 919 5724 ιν.
