4010 6212
404 326 510 396 553
1505 324 2040 389 COMMENTARII
2082 324 2164 386 IN
2205 324 2551 391 EXODUM;
3546 318 3652 390 85‘

403 441 484 498 Ad
518 434 775 493 eumdem
803 429 1024 491 modum
1054 434 1304 507 praecipit
1339 432 1481 490 Deus
1510 451 1603 504 per
1638 435 1884 490 divinum
1922 434 2265 505 Apostolum,
2316 445 2375 490 ιιι
2401 447 2613 491 stemus
2640 435 2905 490 adversus
2938 432 3169 491 insidias
3198 433 3402 490 diaboli
3433 436 3649 503 ntuniti,

407 546 473 586 ne
502 528 570 585 ab
598 527 684 583 his
714 540 1161 580 commoveantur
1202 533 1258 578 et
1289 526 1703 579 conturbamur.
1739 524 2072 579 Observabis
2112 524 2274 578 etiam
2308 539 2339 577 ν
2359 525 2470 579 ινιιςι
2507 521 2832 585 Pharaonis,
2862 537 3009 576 nunc
3040 521 3323 577 indeﬁnite
3368 522 3607 578 dicentis
3635 542 3649 577 :

412 634 429 667 ι
454 614 734 667 Dimittunt
764 616 1026 683 populum
1054 629 1069 677 ;
1108 631 1128 663 ι
1156 628 1302 666 nunc
1329 628 1496 666 vero:
1536 630 1554 662 ι
1581 611 1900 669 Sacrilicate
1928 612 1980 665 in
2019 620 2187 674 terra,
2217 629 2235 662 ι
2268 610 2479 665 scilicet
2511 608 2755 679 :Egypti.
2791 607 2990 662 Verum
3027 608 3173 662 Mose
3206 624 3314 662 non
3349 610 3654 677 recipiente

407 702 567 757 istam
600 701 998 762 conditionem,
1032 699 1126 753 sed
1165 700 1475 768 postulante
1507 699 1610 751 iter
1649 701 1816 752 trium
1850 701 2060 753 dierttm
2100 700 2151 751 itt
2191 698 2565 752 solitudineut.
2594 696 2886 752 Cousentit
2916 698 3137 766 quidem
3170 696 3403 756 Pharao.
3434 712 3654 752 verum~

406 786 571 857 339
598 802 665 839 ne
689 787 907 854 longius
944 786 1143 839 abeant
1182 784 1368 839 edicit.
1402 782 1498 839 His
1522 786 1828 849 concessis,
1865 785 2138 839 interdum
2164 789 2307 840 viros
2339 786 2392 839 in
2429 787 2781 841 solitudinem
2818 788 2967 838 exire
2996 786 3151 850 jubet
3186 784 3500 839 :iuterdum
3552 784 3653 839 hoc

405 880 581 932 mines
617 876 998 944 pzttiturabire
1035 890 1253 935 omnes,
1281 883 1336 929 et
1366 879 1564 928 retinet
1602 891 1826 945 pecora,
1862 885 2138 944 postremo
2179 883 2233 928 et
2265 876 2378 928 haec
2418 890 2560 943 aegre
2587 873 2873 943 permittit.
2927 872 3118 925 Divina
3152 870 3498 926 Providentia
3537 873 3653 927 haec

404 967 585 1020 omnia
615 966 986 1023 administrat.
1021 964 1152 1018 huic
1199 965 1273 1018 rei
1311 966 1412 1018 soli
1447 965 1678 1025 intenta,
1712 974 1768 1016 ιιι
1807 966 2045 1034 populus
2086 967 2176 1018 ille
2206 981 2314 1019 nou
2367 967 2544 1018 solum
2578 980 2739 1019 sacra
2780 962 2953 1018 faciat
2994 963 3245 1025 Domino,
3290 964 3382 1017 sed
3414 973 3467 1017 et
3499 980 3563 1019 ne
3596 966 3650 1019 in

404 1051 661 1121 Egyptu,
695 1063 749 1104 et
803 1053 858 1103 in
898 1052 1200 1105 solitudine
1241 1052 1519 1105 sacrillcet
1553 1051 1805 1104 Dotttino.
1857 1052 1918 1104 Et
1962 1068 2126 1121 quam
2188 1052 2507 1121 longissime
2560 1051 2834 1105 abductus
2866 1049 3124 1120 Egypto,
3163 1064 3270 1102 non
3318 1052 3556 1119 amplius
3586 1066 3653 1105 co

405 1148 733 1192 revertatur.
790 1135 897 1189 Nec
936 1138 1188 1191 homines
1225 1139 1573 1191 solummodo
1610 1139 1864 1208 requirit,
1893 1132 1987 1194 scd
2027 1155 2161 1193 oves
2212 1148 2264 1191 et
2312 1139 2500 1200 boves,
2552 1154 2785 1206 quorum
2837 1139 3106 1191 rationem
3145 1138 3288 1190 Deus
3333 1154 3439 1191 non
3469 1139 3650 1193 minus

402 1226 587 1287 habet,
616 1239 777 1292 quam
810 1225 1180 1293 spiritualium
1220 1224 1382 1277 bouut
1421 1233 1473 1277 et
1515 1226 1721 1279 ovinnt.
1764 1226 1824 1279 Et
1876 1235 1935 1278 ut
1974 1227 2041 1280 ad
2070 1242 2243 1294 pauca
2280 1226 2519 1286 redeam,
2550 1226 2710 1287 nihil,
2752 1230 2899 1295 quod
2947 1227 3032 1279 vel
3081 1226 3358 1278 modicum
3394 1225 3650 1281 Heln-eos

402 1314 634 1379 attingat
666 1311 791 1378 jure
825 1312 903 1363 vel
955 1310 1373 1364 necessitudine
1412 1310 1620 1380 aliqua,
1653 1312 1704 1364 itt
1752 1311 1991 1381 {Egypto
2022 1328 2308 1366 remanere
2357 1313 2491 1366 vult.
2543 1312 2609 1367 Et
2658 1313 2789 1365 illud
2826 1313 2965 1375 vide,
3001 1312 3429 1382 quotiesﬂoses
3460 1329 3651 1378 preces

404 1400 581 1452 l'undit
614 1399 678 1451 ad
719 1397 1030 1457 Dominum,
1061 1397 1364 1463 egreditur.
1392 1412 1492 1451 nec
1527 1407 1708 1452 manet
1752 1402 1895 1469 apud
1936 1394 2301 1452 Pharaonem.
2334 1398 2465 1452 Nam
2501 1400 2544 1452 si
2581 1401 2722 1461 apud
2755 1401 2929 1466 ipsum
2959 1400 3374 1467 permansisset,
3411 1409 3508 1452 aut
3538 1414 3648 1456 non

399 1493 637 1549 orasset,
672 1496 765 1535 aut
816 1500 924 1536 non
958 1484 1155 1539 fuisset
1182 1484 1495 1538 exauditus.
1536 1484 1721 1537 Primo
1752 1486 1969 1553 quidem
2017 1487 2084 1539 ab
2114 1490 2232 1553 ipso
2259 1487 2436 1539 solum
2485 1488 2596 1538 exit
2632 1485 2916 1539 Pharaone
2965 1485 3188 1541 Moses:
3221 1487 3423 1543 deinde
3481 1488 3649 1557 profic

400 1574 573 1637 ciens,
605 1573 769 1624 etiam
801 1587 864 1625 ex
919 1572 1036 1641 ipsa
1087 1571 1374 1636 egreditur
1431 1572 1588 1637 urbe,
1637 1572 1786 1638 quod
1841 1571 2060 1641 quidem
2100 1573 2227 1627 fecit
2256 1588 2379 1626 cum
2409 1573 2628 1626 saeviret
2674 1576 2905 1640 grando.
2932 1571 3202 1626 Caeterum
3237 1575 3355 1643 ipse
3411 1574 3645 1639 Pharao,

400 1652 652 1729 quamvis
695 1659 946 1711 nonnihil
974 1659 1255 1711 videretur
1292 1660 1570 1714 emollitos
1602 1670 1656 1713 et
1686 1661 1751 1712 ad
1781 1660 2096 1730 religionem
2143 1658 2507 1727 propendere,
2548 1658 2696 1726 quod
2742 1657 2925 1713 Mosen
2977 1659 3292 1715 hortaretur
3330 1662 3397 1716 ad
3452 1677 3648 1731 capes-

400 1745 629 1802 sendam
669 1749 998 1806 orationem,
1046 1747 1266 1801 interim
1321 1756 1502 1800 tamen
1550 1754 1841 1800 cunctator
1886 1753 1993 1808 est,
2025 1754 2081 1797 ct
2125 1747 2433 1800 orationem
2464 1746 2516 1797 in
2545 1746 2850 1799 crastinum
2883 1744 3244 1800 dill'erendant
3269 1757 3445 1814 putat.
3489 1749 3646 1814 Quod

401 1832 581 1889 Moses
614 1837 874 1904 precibus
902 1836 1169 1889 sollicitat
1204 1834 1368 1888 Deum
1401 1850 1500 1904 pro
1536 1834 1811 1905 Aigypttis
1856 1841 1909 1887 ct
1940 1830 2256 1896 exauditur,
2298 1846 2555 1896 magnum
2597 1832 2908 1899 exemplum
2957 1840 3062 1887 est.
3097 1833 3269 1887 nostri
3308 1848 3434 1890 esse
3485 1836 3647 1892 cilicii

402 1930 459 1973 ttt
489 1937 705 1990 quoque
738 1923 1113 1990 supplicemus
1146 1938 1241 1990 pro
1271 1921 1381 1987 his,
1422 1924 1513 1988 qui
1548 1923 1822 1974 diversam
1857 1929 2254 1973 consectantur
2290 1920 2634 1986 religionem.
2666 1918 2723 1970 ltt
2764 1921 2866 1972 hoc
2887 1920 3106 1988 egregie
3149 1919 3216 1974 ad
3250 1937 3362 1974 rem
3414 1925 3648 1977 contulit

399 2008 599 2075 Moses,
632 2009 778 2078 quod
812 2008 979 2060 tradit
1008 2006 1263 2063 Οιιιοὶδιιις
1291 2027 1304 2062 :
1346 2028 1362 2058 ι
1398 2006 1618 2076 Diligite
1651 2008 1908 2061 inimicos
1941 2013 2174 2069 vestros,
2216 2014 2269 2060 et
2302 2013 2455 2058 orate
2491 2020 2592 2073 pro
2633 2005 2740 2067 his,
2769 2006 2861 2073 qui
2895 2020 2992 2060 vos
3024 2006 3160 2062 diris
3189 2008 3547 2064 exsecrantur
3568 2013 3644 2065 ‘.t

398 2094 451 2150 Is
487 2097 578 2165 qui
628 2097 865 2163 majores
894 2106 947 2148 et
990 2097 1408 2163 praestantiores
1452 2096 1787 2148 existimavit
1819 2095 2064 2155 divitias,
2113 2108 2309 2160 nempe
2342 2092 2634 2160 opprobria
2658 2101 2713 2144 et
2764 2092 3127 2147 contumelias
3156 2110 3296 2163 quas
3337 2099 3648 2153 sustinebat

396 2182 469 2237 ob
496 2182 776 2251 religionis
803 2183 1105 2249 negotium,
1136 2180 1361 2249 jatujam
1393 2181 1697 2249 spiritualis
1737 2190 1849 2231 erat
1886 2180 2088 2235 Christi
2132 2180 2463 2249 discipulus.
2514 2177 2716 2232 Verum
2764 2180 3026 2235 observes
3076 2182 3236 2236 velim
3282 2182 3492 2252 judicia
3550 2184 3643 2240 Dei

397 2278 607 2339 quanta
640 2268 933 2337 sapientia,
972 2270 1214 2336 potentia
1250 2278 1303 2321 ct
1349 2268 1640 2322 clementia
1686 2267 1988 2320 abundent.
2043 2267 2284 2320 Primum
2323 2267 2519 2335 incipit
2550 2266 2954 2335 reprehendere
3003 2266 3390 2337 Egyptimunt
3440 2287 3645 2328 mores.

398 2354 502 2425 Ubi
535 2357 601 2411 ad
635 2358 1119 2426 repreltensioncttt
1153 2354 1298 2408 videt
1323 2356 1657 2414 obstinatos,
1690 2355 1756 2407 ad
1800 2355 1978 2407 mittas
2005 2352 2311 2422 digreditur
2352 2370 2365 2406 :
2398 2353 2599 2421 quibus
2623 2353 2948 2422 contemptis
2991 2360 3046 2408 et
3099 2356 3305 2424 spretis
3353 2357 3531 2413 minas
3580 2363 3646 2412 ad

399 2446 514 2500 rem
544 2443 784 2511 confert,
826 2446 1114 2512 poenisque
1165 2459 1260 2498 eos
1291 2446 1569 2509 corrigere
1595 2451 1851 2495 conatur.
1903 2440 2169 2494 Paulatim
2200 2451 2378 2493 autem
2427 2440 2604 2508 primo
2654 2449 2917 2495 terrorem
2956 2441 3091 2510 ipsis
3126 2442 3325 2508 injicit,
3358 2445 3645 2512 sanguine,

401 2534 553 2587 ranis
609 2541 660 2587 et
684 2533 979 2588 culicibus.
1019 2531 1150 2587 Dein
1174 2542 1399 2586 externa
1429 2532 1744 2601 aggreditur
1772 2531 1937 2583 bona.
1964 2526 2171 2582 Deinde
2213 2543 2409 2583 manus
2440 2527 2736 2581 admolitur
2787 2529 3011 2583 ultrices
3045 2529 3262 2583 illorum
3293 2533 3643 2600 corporibus,

402 2637 508 2676 non
548 2630 607 2675 ut
655 2621 867 2690 perdat,
900 2621 993 2675 sed
1044 2630 1101 2673 ιιι
1131 2630 1384 2675 errantes
1433 2621 1487 2673 itt
1527 2618 1669 2671 viam
1723 2617 1973 2674 reducat.
2014 2617 2080 2669 Ει
2115 2619 2217 2673 hoc
2258 2618 2345 2672 vel
2375 2619 2673 2672 maximum
2702 2620 2905 2673 divinae
2934 2621 3242 2674 clementiae
3265 2633 3644 2687 argumentum

398 2715 504 2772 est,
540 2708 685 2776 quod
742 2709 797 2761 itt
830 2707 1065 2776 singulis
1117 2723 1175 2761 se
1207 2707 1545 2759 exorabilem
1581 2706 1781 2773 prtcbet
1810 2705 2008 2775 plagis.
2058 2701 2345 2758 Postremo
2386 2704 2478 2757 ubi
2533 2705 2776 2771 ipsorum
2816 2705 3066 2757 morbum
3118 2705 3264 2759 videt
3300 2705 3645 2776 deploratum

399 2795 751 2863 medieasque
808 2810 1071 2863 respuere
1105 2809 1325 2853 manus,
1383 2793 1686 2862 universos
1736 2792 1985 2847 funditus
2046 2792 2335 2852 interimit,
2392 2807 2460 2845 ne
2509 2791 2731 2845 infantis
2789 2792 3004 2844 illorum
3038 2792 3146 2844 vita
3205 2794 3370 2846 etiam
3427 2796 3644 2849 caeteris

398 2881 732 2947 oﬂ'endiculo
760 2890 813 2936 et
848 2896 1014 2936 causa
1052 2881 1121 2936 sit
1176 2880 1300 2933 mali
1333 2881 1619 2949 exitiique,
1670 2880 1965 2950 poenisque
2000 2879 2389 2950 subjiciantur,
2426 2879 2517 2949 qui
2558 2879 2800 2949 indignis
2837 2881 2907 2936 ab
2949 2879 3223 2957 Egyptiis
3254 2884 3472 2935 tractati
3528 2885 3640 2939 sint

401 2970 597 3025 modis.

466 3051 636 3108 Vens.
676 3054 728 3109 6.
762 3052 827 3107 Et
859 3054 1101 3107 ascendit
1144 3072 1300 3114 rmm,
1333 3066 1381 3109 et
1411 3059 1611 3118 operuit
1670 3056 2002 3126 superﬁciem
2052 3055 2296 3125 zEgypIi.
2334 3054 2609 3108 Rattartltn
2644 3072 2818 3122 genus
2850 3068 3073 3126 aspectu
3109 3063 3294 3128 turpe,
3348 3060 3638 3127 obstrepe-

397 3157 519 3197 rum
563 3151 614 3194 et
656 3141 882 3194 fetidum
932 3153 1039 3195 est.
1075 3139 1379 3210 Utriusque
1408 3144 1666 3197 elementi
1723 3145 1940 3198 scilicet
1987 3155 2095 3197 tattt
2152 3155 2314 3198 terrae
2364 3160 2524 3213 quam
2567 3161 2722 3213 aqum
2765 3145 3043 3213 particeps
3096 3155 3200 3200 est.
3249 3144 3396 3199 Inter
3424 3148 3642 3217 replilia

397 3240 856 3292 couunuteratur,
911 3239 1132 3300 propter
1176 3233 1405 3295 saltum.
1465 3233 1633 3286 Ranae
1681 3248 1803 3285 cum
1856 3234 2231 3301 complessent
2282 3234 2476 3286 domos
2515 3229 2931 3300 Egyptiot'um,
2983 3232 3246 3287 Hebraeos
3303 3248 3370 3289 ne
3416 3237 3647 3303 attigero

397 3320 641 3387 quidem.
677 3318 791 3372 Sub
832 3318 994 3387 hujus
1027 3317 1197 3386 plagze
1238 3318 1527 3371 illVOilU'i‘O
1560 3320 1927 3388 signiﬁcatur,
1976 3328 2292 3387 corruptam
2328 3320 2589 3371 vitiorum
2621 3318 2866 3373 sobolem
2901 3335 2965 3372 ex
3026 3321 3308 3375 immundo
3343 3324 3511 3377 corde
3543 3326 3645 3377 ho-

398 3404 606 3463 minum
643 3405 800 3470 quasi
842 3421 907 3457 ex
947 3405 1183 3472 quatiant
1218 3419 1378 3458 como
1418 3406 1594 3457 nasci.
1627 3405 1708 3458 Ab
1743 3407 1844 3458 hac
1875 3405 2031 3459 clade
2065 3406 2199 3458 nihil
2256 3406 2400 3475 quod
2459 3405 2844 3475 :Egyptiacum
2878 3415 2996 3459 erat
3056 3410 3275 3462 exstitit
3326 3410 3560 3463 liberum
3591 3418 3645 3465 ot

398 3489 644 3545 immune
679 3510 692 3546 :
730 3508 837 3545 non
872 3493 1091 3555 domus,
1126 3508 1236 3545 nun
1271 3493 1587 3545 cubiculum
1627 3494 1707 3546 vel
1751 3494 1885 3545 cella
1930 3494 2217 3562 penuaria‘,
2271 3501 2379 3545 non
2418 3494 2614 3553 lectus.
2655 3483 2761 3546 non
2802 3509 3014 3548 mensa.
3049 3498 3115 3547 At
3161 3497 3303 3555 vide,
3341 3512 3410 3551 an
3446 3513 3553 3551 non
3590 3509 3644 3551 et

396 3577 560 3633 homo
590 3581 901 3649 comparari
934 3580 1109 3648 pos~it
1144 3578 1508 3649 .IEgyptiaeus
1566 3595 1712 3633 rana:
1753 3589 1860 3633 tant
1896 3581 1948 3632 itt
1979 3588 2123 3633 terra
2157 3593 2322 3647 quam
2357 3580 2410 3631 in
2454 3582 2615 3647 aquis
2672 3579 2922 3633 viventi?
2970 3579 3142 3634 Homo
3168 3583 3641 3663 qttitlettt.tiatttt-a,

397 3672 449 3718 at
482 3667 678 3720 mentis
717 3666 974 3719 instituto
1006 3666 1122 3719 sive
1157 3667 1438 3718 voluntate
1465 3666 1772 3732 juntettlum
1807 3685 1820 3719 -.
1881 3667 2028 3720 hunc
2063 3665 2188 3734 quis
2216 3666 2376 3718 talem
2418 3681 2541 3719 esse
2575 3676 2877 3735 cognoscat
2931 3683 2994 3721 cx
3038 3658 3210 3722 totius
3267 3658 3641 3725 vitm'studiis.

397 3750 597 3807 Videas
616 3754 853 3823 parietes
884 3754 1034 3806 illius
1068 3753 1245 3821 pictos
1283 3753 1456 3805 variis
1485 3754 1719 3821 picturis
1753 3763 1804 3805 ct
1856 3755 2037 3817 idolis,
2077 3771 2199 3822 qua:
2237 3754 2473 3809 subinde
2511 3754 2684 3810 laedas
2716 3757 2974 3810 libidines
3001 3765 3053 3809 et
3087 3758 3397 3826 voluptates
3432 3760 3484 3811 itt
3516 3775 3644 3813 nte-

397 3842 627 3894 muriam
664 3847 937 3901 revoecnt,
987 3840 1279 3907 ipsamque
1316 3839 1635 3893 incendant.
1669 3837 1867 3893 Videas
1909 3856 2151 3893 mensam
2200 3841 2322 3908 ejus
2368 3843 2619 3909 plurimis
2682 3844 3010 3897 instructam
3062 3846 3348 3909 carnibus,
3381 3854 3440 3900 ut
3474 3847 3555 3902 sic
3590 3848 3643 3902 in

397 3927 675 3981 sordidam
708 3929 1020 3980 abducatnr
1056 3929 1244 3980 vitam.
1287 3927 1464 3979 Animi
1500 3928 1879 3996 promptuaria
1910 3928 2055 3982 haud
2104 3927 2467 3985 dissimilibus
2508 3940 2721 3984 scatent
2750 3932 3206 4002 Cogitationibus.
3266 3934 3331 3986 At
3365 3935 3645 4002 quomodo

398 4014 621 4067 virtutis
656 4015 805 4083 virga
843 4014 1074 4068 istorum
1104 4028 1269 4067 causa
1299 4021 1353 4068 et
1384 4023 1576 4068 auctor
1601 4014 1843 4068 dicitur?
1872 4014 2141 4067 Nimirum
2193 4032 2259 4067 eo
2293 4026 2451 4085 pacto
2482 4032 2593 4086 quo
2623 4018 2835 4070 Pharao
2870 4019 3044 4071 fertur
3081 4020 3372 4076 induratus
3416 4021 3579 4094 2‘0
3613 4039 3643 4075 I

400 4099 528 4162 Deo,
554 4102 763 4155 scilicet
792 4116 855 4155 ea
897 4109 1051 4169 parte
1074 4102 1271 4165 animi,
1303 4117 1466 4169 quam
1502 4103 1762 4156 voluntas
1791 4109 1992 4164 movet,
2034 4117 2144 4157 non
2181 4102 2521 4171 suscipiente
2559 4118 2867 4158 sermonem
2903 4105 3171 4171 divinum,
3208 4108 3301 4175 qui
3333 4110 3498 4163 animi
3529 4112 3645 4165 du-

398 4187 576 4240 ritiem
614 4188 808 4239 mollit.
868 4186 922 4240 lu
959 4187 1107 4242 hunc
1140 4188 1360 4240 modum
1399 4188 1623 4242 virtutis
1680 4190 1828 4256 virga
1866 4185 2153 4242 Hebraeum
2195 4205 2394 4259 pttrttttt
2428 4198 2655 4260 praestat
2687 4192 2756 4242 ab
2788 4190 3067 4245 immunda
3100 4207 3360 4248 ranarum
3393 4195 3541 4262 vita;
3589 4206 3645 4253 at

398 4273 711 4344 Egyptium
740 4275 985 4329 declarat
1020 4277 1239 4343 plenum
1292 4275 1643 4329 intmnnditie
1673 4288 1726 4330 et
1755 4277 2264 4347 inquinatissimum
2306 4278 2451 4347 turpi
2485 4279 2616 4331 vita.
2675 4276 2953 4333 Habentus
2976 4280 3203 4347 quidem
3242 4296 3384 4349 opus
3430 4284 3640 4351 aliquo.

395 4362 491 4429 qui
522 4377 621 4430 pro
652 4362 809 4416 nobis
849 4361 1025 4415 instar
1056 4360 1224 4415 Musis
1262 4362 1523 4416 emendat
1548 4363 1614 4416 ad
1660 4362 1825 4417 Deum
1864 4379 2087 4419 manus.
2118 4363 2226 4419 Sed
2268 4364 2316 4417 is
2353 4373 2456 4427 est,
2497 4365 2592 4432 qui
2632 4365 2683 4419 id
2716 4369 3065 4435 exsequitur,
3091 4367 3370 4433 (Zhristus,
3424 4373 3514 4437 qui
3546 4388 3643 4439 pro

397 4450 558 4502 nobis
589 4449 643 4501 itt
675 4464 769 4501 ara
798 4450 986 4502 crucis
1012 4464 1209 4503 manus
1240 4449 1528 4517 expandit.
1554 4450 1632 4505 Ad
1662 4451 1809 4504 hunc
1840 4453 2223 4521 respiciamus,
2258 4459 2313 4505 et
2336 4452 2695 4506 liberabimur
2724 4452 2791 4506 ab
2833 4453 3119 4507 consortio
3152 4462 3208 4508 et
3235 4455 3644 4512 cohabitatiouc

397 4536 704 4601 malorum,
764 4538 924 4589 caesis
977 4535 1268 4590 adet-tibus
1335 4536 1546 4605 putidis
1618 4546 1675 4591 et
1736 4538 1945 4593 fstidis.
2016 4537 2151 4592 Nam
2217 4539 2432 4594 liberati
2495 4540 2791 4609 reptilihus
2857 4541 3098 4596 mutibus
3162 4542 3355 4609 animi,
3427 4545 3641 4600 illorum

395 4620 623 4675 fetorem
679 4637 900 4689 gravem
974 4624 1277 4677 sentiemus
1336 4640 1349 4674 :
1414 4623 1909 4692 recordationeque
1982 4624 2288 4681 inhonesta:
2359 4627 2561 4693 prioris
2641 4628 2808 4692 vitat,
2885 4628 3128 4682 attintmtt
3201 4633 3645 4687 excruciahiututt

394 4709 698 4763 secundum
778 4709 1002 4762 Paulum
1051 4709 1326 4765 dicentem
1377 4726 1390 4763 :
1444 4728 1464 4761 t
1514 4714 1689 4776 Quem
1744 4712 1912 4780 igitur
1957 4711 2199 4768 fructum
2253 4712 2542 4769 habebatis
2590 4722 2744 4777 tunc,
2805 4726 3033 4785 propter
3078 4708 3202 4788 qua:
3246 4734 3398 4779 nunc
3442 4723 3645 4775 erube-

404 4798 560 4853 scitis
589 4799 655 4849 ⁸³.
699 4814 720 4846 ι

3302 4808 3322 4821 ε

468 4882 631 4938 Vsus.
659 4884 751 4939 2i.
788 4882 855 4937 Et
900 4893 1055 4939 erunt
1085 4884 1304 4940 culices.
1358 4881 1476 4939 Non
1508 4884 1883 4940 comminatur
1914 4883 2191 4940 Pharaoni
2227 4885 2444 4957 plagam
2502 4886 2869 4948 insectorum,
2909 4900 2961 4942 et
3012 4889 3215 4947 deinde
3251 4908 3374 4948 eam
3417 4896 3646 4958 invehit,

397 4968 502 5025 Sed
531 4972 796 5040 perﬁdum
829 4971 1171 5027 Pharaonem
1202 4974 1296 5025 illa
1327 4973 1481 5042 plaga
1523 4974 1685 5042 punit
1720 4982 1776 5026 et
1808 4974 2123 5030 ulciscitur.
2204 5010 2217 5031 ι
3504 4957 3512 4965 ⁸
3556 4960 3561 4965 ἑ

464 5103 771 5168 Δάκτυλος
800 5102 948 5159 Θεοῦ
979 5103 1113 5159 ἐστι
1141 5103 1340 5175 τοῦτο,
1379 5105 1503 5161 ἀντὶ
1564 5103 1660 5159 τοῦ
1709 5108 1793 5185 τῇ
1825 5104 1962 5159 Θεοῦ
1995 5094 2037 5149 Α

2137 5105 2308 5164 Vens.
2337 5106 2430 5163 ΣΞ.
2470 5094 2583 5162 Πόε
2612 5114 2690 5162 est
2730 5106 2927 5177 digitus
2963 5107 3079 5165 Dei.
3122 5111 3344 5168 Scilicet
3375 5118 3549 5169 torum
3581 5117 3648 5168 il-

393 5192 645 5266 ενεργειᾳ
665 5194 837 5247 ταῦτα
860 5199 1091 5263 γίνεται,
1115 5196 1210 5249 καὶ
1226 5198 1328 5251 οὐκ
1346 5196 1651 5268 ἀνθρώπων
1676 5214 1688 5228 ·
1718 5199 1804 5252 ὅτι
1829 5197 1968 5261 ὅλως

2076 5199 2187 5264 Iud,
2219 5199 2363 5269 quod
2388 5199 2469 5253 sic
2511 5196 2805 5269 aﬂigimur
2826 5215 2877 5254 et
2902 5202 3131 5259 insectis
3164 5204 3514 5269 infestantur,
3544 5209 3652 5260 lim

394 5285 544 5355 παρὰ
568 5284 703 5338 Θεοῦ
734 5286 768 5355 ἡ
799 5285 910 5354 ἁφὴ
949 5285 1111 5357 αὕτη.
1145 5287 1208 5341 El
1239 5286 1349 5357 γὰρ
1378 5290 1451 5356 μὴ
1498 5289 1765 5360 ἠθέλησεν
1808 5289 1967 5359 (75)ὀ

2074 5298 2305 5359 accepto
2341 5287 2624 5345 ferendum
2657 5298 2759 5345 est.
2797 5288 2855 5346 Sl
2903 5295 3049 5347 enim
3078 5295 3242 5352 aliter
3276 5298 3455 5355 visum
3502 5310 3646 5355 eam

390 5374 547 5439 Θεὸς,
566 5375 667 5427 οὐκ
684 5374 1014 5446 ἐφέροντσαε
1047 5376 1251 5445 πληγαί
1271 5393 1287 5409 ο
1314 5377 1434 5431 ἀλλ’
1451 5378 1599 5443 ἅπαξ
1619 5379 1833 5433 ἅπαντα
1847 5382 1962 5451 (Ἰῦ)

2076 5379 2210 5447 Deo,
2247 5381 2424 5443 aiunt,
2456 5382 2642 5453 plagas
2679 5396 2785 5435 non
2817 5382 3121 5441 invexisset
3144 5388 3200 5442 in
3230 5405 3361 5456 nm;
3409 5389 3502 5445 sed
3539 5402 3649 5444 uno

459 5509 509 5544 ³³
536 5510 693 5565 lium.
728 5525 801 5569 vt.
828 5509 918 5565 2|.

1902 5598 2131 5657 NOTAE.

463 5658 580 5762 (i3)
598 5691 816 5757 Ἤθελε,
853 5694 1035 5765 φησιν,
1068 5695 1097 5748 6
1124 5694 1276 5758 Θεὸς.
1340 5694 1399 5751 ’0
1430 5695 1529 5765 τῆς
1556 5696 1694 5765 Δύγ.
1726 5694 1859 5755 κώδ.
2148 5696 2260 5768 (Ἠ)
2297 5699 2579 5767 ’Διιαντας
2628 5704 2711 5760 ἄν.
2757 5702 2815 5758 'O
2844 5706 2941 5775 τῆς
2961 5706 3095 5774 Δύγ.
3135 5705 3262 5762 tuba.

670 5789 945 5851 ΡΑτιιοι..
980 5793 1099 5854 (in.
1141 5793 1304 5854 LXX
1319 5794 1518 5857 XVI].

3210 5806 3280 5867 18
