4010 6212
351 291 459 358 555
1645 289 1998 354 PROCOPII
2029 291 2270 354 GAZEI
3487 293 3592 358 556

355 407 556 474 impetu
611 418 708 458 nos
755 417 946 456 omnes
979 401 1098 457 neci
1131 401 1328 458 dedere
1382 405 1670 473 potuisset.
1719 403 1918 459 Verum

2025 403 2326 458 ἀπώλεσεν.
2368 403 2522 458 Ἐπεὶ
2561 397 2653 458 οὖν
2692 403 2874 475 ἡρέμα
2913 404 3152 473 ἐγίνοντο
3188 405 3257 458 τὰ
3311 405 3587 476 γινόμενα,

353 497 476 565 quia
524 493 781 562 paulatim
823 493 929 545 illae
975 491 1144 561 plagie
1201 492 1587 560 importmtur,
1639 492 1915 563 plagarum

2029 497 2291 550 δάκτυλον
2321 497 2609 564 ἐκάλεσαν,
2640 497 2754 551 ἀλλ’
2785 498 2843 550 οὐ
2892 502 3107 570 χεῖρας.
3163 497 3350 569 Ὅμως
3390 500 3484 552 καὶ
3519 498 3591 568 τῷ

351 601 670 657 processura
726 593 1190 653 nuncupaverunt
1243 582 1494 654 dignum,
1544 593 1598 640 et
1640 600 1748 640 non
1799 597 1916 638 ma-

1138 593 1190 638 nt
1243 582 1494 654 dignum,
1544 593 1598 640 et
1640 600 1748 640 non
1799 597 1916 638 ma-
2027 588 2276 660 δακτύλῳ
2306 589 2721 661 παρεχώρησαν.

351 691 503 732 num.

419 765 604 822 Tertia
629 766 772 821 dicta
809 774 888 822 est
935 767 1181 838 digitus:
1217 775 1271 818 at
1305 765 1496 836 quinta
1528 765 1708 836 plaga,
1758 764 1918 836 quasi

2107 759 2170 812 'H
2205 758 2304 830 μὲν
2325 755 2417 813 οὖν
2441 759 2601 830 τρίτη
2628 759 2843 828 μάστιξ,
2879 757 3142 823 δάκτυλος
3175 758 3390 831 εἴρηται
3423 775 3437 790 ·
3467 760 3502 830 ἡ
3535 759 3591 813 δὲ

348 856 622 924 completo
653 855 948 926 digitorum
999 869 1250 918 numero,
1283 855 1552 926 appellata
1591 862 1674 910 est
1701 869 1918 910 manus.

2022 849 2273 920 πέμπτη,
2303 849 2504 904 ὡσανεὶ
2530 847 3045 920 συμπληρωθέντων
3087 851 3252 902 πέντε
3306 847 3590 903 δακτύλων

346 947 615 1002 Caeterum
657 949 844 1018 plagas
875 961 1068 1002 omnes
1111 946 1439 1002 immittebat
1491 945 1730 1016 Spiritus
1776 945 1918 1000 divi-

2019 941 2078 1004 ὲξ
2102 941 2338 1008 ἑκάστης
2372 942 2660 1011 μάστιγος,
2695 943 2815 1012 χεὶρ
2840 941 3163 1011 ὠνόμασται
3183 956 3198 972 ·
3239 940 3306 1004 ἃς
3331 941 3392 992 τὸ
3421 940 3591 994 Πνξῦο

348 1053 476 1092 nus.
501 1037 618 1091 Huc
642 1037 792 1101 facit,
825 1035 968 1106 quod
993 1037 1196 1106 legitur
1224 1035 1278 1090 in
1303 1036 1616 1104 evangelica
1641 1035 1872 1088 historia
1901 1051 1916 1088 :

2021 1049 2098 1103 μα
2139 1033 2202 1086 τὸ
2245 1032 2387 1088 θεῖον
2443 1035 2736 1104 ἐνήργησε.
2783 1034 3018 1102 Λέγεται
3069 1033 3125 1086 δὲ
3162 1034 3218 1086 ὲν
3251 1031 3588 1102 Εὑαγγελξῳ·

351 1147 371 1180 ι
410 1127 468 1182 Si
507 1136 688 1182 autem
715 1143 819 1200 ego
861 1127 916 1181 in
955 1127 1124 1194 digito
1176 1125 1269 1180 Dei
1299 1126 1461 1196 ejicio
1511 1126 1779 1180 dzemonia
1802 1125 1845 1189 ‘,
1889 1145 1909 1180 ο

2025 1143 2043 1176 ι
2069 1125 2130 1178 Ei
2154 1124 2209 1178 δὲ
2237 1122 2348 1192 ἐγὼ
2379 1125 2438 1176 ὲν
2470 1124 2716 1195 δακτύλῳ
2737 1123 2874 1177 Θεοῦ
2899 1123 3146 1178 ἐκϐάλλω
3171 1123 3238 1176 τὰ
3255 1125 3530 1193 δαιμόνια,
3564 1143 3582 1174 ι

347 1217 601 1275 αιςΛΙηρ
639 1219 817 1289 ipsum
853 1219 1052 1272 alicubi
1091 1219 1484 1288 interpretatur
1511 1218 1796 1283 Christus,
1822 1219 1909 1273 di-

2019 1215 2156 1286 ὅπερ
2215 1215 2537 1286 ἑρμηνεύων
2582 1215 2814 1285 ἀλλαχοῦ
2887 1233 3073 1286 φησιν,
3115 1235 3133 1266 ι
3167 1216 3229 1268 Εἰ
3259 1215 3316 1270 δὲ
3366 1213 3477 1284 ἐγὼ
3530 1217 3589 1268 ὲν

344 1323 476 1364 eens
495 1327 508 1360 :
528 1326 546 1358 ι
568 1306 622 1362 Si
645 1315 826 1360 autem
845 1320 945 1376 ego
970 1306 1026 1360 in
1045 1304 1249 1376 Spiritu
1272 1305 1361 1360 Dei
1381 1309 1538 1377 ejicio
1550 1307 1814 1362 daemonia
1830 1309 1903 1360 ⁸.»

1610 1309 1903 1362 ειιιοιιίιιδδ
2025 1305 2308 1377 Πνεύματι
2329 1306 2464 1360 Θεοῦ
2487 1306 2734 1361 ἐκϐάλλω
2763 1306 2832 1361 τὰ
2867 1306 3142 1376 δαιμόνια.
3175 1325 3193 1357 ι

411 1399 582 1456 Vens.
614 1399 707 1453 25.
747 1395 1024 1452 Venientes
1055 1398 1361 1466 sacriﬁcate
1396 1397 1505 1452 Deo
1535 1407 1707 1453 vestro
1757 1398 1813 1451 in
1845 1406 2010 1452 terra.
2057 1393 2186 1450 Vult
2232 1395 2582 1452 adversarius
2624 1405 2836 1464 noster,
2875 1404 2930 1451 et
2984 1395 3035 1450 id
3091 1395 3333 1450 sollicite
3363 1397 3584 1466 quaerit,

346 1505 411 1543 ue
437 1489 799 1558 sejungamur
833 1485 903 1540 ab
960 1485 1136 1554 ipsius
1161 1489 1446 1546 servitute.
1487 1494 1540 1539 et
1579 1485 1662 1539 sic
1695 1499 1883 1554 parum
1931 1484 2053 1545 rite,
2094 1493 2154 1538 ut
2183 1483 2326 1539 Deus
2371 1485 2638 1552 postulat,
2687 1499 2842 1557 sacra
2877 1483 3192 1542 ,faciamus.
3222 1481 3424 1539 Verum
3457 1485 3586 1538 huic

345 1591 456 1628 non
483 1583 566 1628 est
595 1570 1061 1642 acquiescendum
1095 1589 1109 1624 :
1150 1570 1285 1624 nihil
1310 1571 1472 1625 nobis
1501 1571 1573 1624 sit
1605 1571 1886 1640 antiquius
1923 1571 2040 1640 lege
2067 1571 2278 1638 divina,
2307 1586 2429 1640 qua:
2450 1582 2614 1640 quam
2649 1571 2974 1640 longissime
3001 1585 3066 1626 ex
3094 1572 3355 1625 servitute
3390 1571 3586 1626 adver-

345 1659 476 1714 sarii
517 1674 624 1714 non
651 1665 876 1726 ereptos
907 1655 1131 1711 abducit
1164 1657 1217 1710 in
1253 1663 1452 1713 tutum.
1483 1655 1602 1711 Non
1635 1657 1780 1713 enim
1815 1657 1884 1712 ab
1915 1673 1973 1710 re
2003 1658 2246 1711 dicitur:
2285 1676 2304 1709 ι
2336 1657 2583 1712 Lucerna
2616 1658 2848 1728 pedibus
2879 1659 3016 1716 meis
3050 1659 3132 1712 lex
3169 1667 3284 1721 tua,
3315 1665 3368 1712 et
3401 1658 3583 1712 lumen

343 1745 666 1803 semitarum
707 1758 954 1798 mearum
988 1744 1030 1798 ⁸.
1071 1763 1090 1796 ι
1145 1741 1600 1809 Respondeamus
1657 1744 1842 1814 itaque
1885 1741 2200 1798 adversario
2252 1752 2464 1809 nostro,
2521 1745 2686 1800 sicuti
2743 1744 2922 1800 Moses
2975 1761 3134 1800 :non
3193 1761 3486 1814 possumus
3525 1745 3583 1799 in

341 1832 489 1888 hunc
519 1832 738 1886 modum
770 1845 957 1902 agere,
985 1841 1038 1886 et
1063 1831 1272 1886 servire
1317 1829 1572 1886 Domino.
1609 1829 1781 1885 Nemo
1811 1830 2084 1902 siquidem
2121 1839 2304 1900 potest
2335 1831 2552 1887 duobus
2592 1831 2804 1888 servire
2839 1831 3110 1888 Dominis.
3145 1850 3164 1884 ι
3200 1831 3292 1887 Va:
3319 1832 3583 1887 cordibus

343 1919 682 1990 duplicibus,
715 1927 769 1973 et
809 1917 1071 1974 manibus
1097 1917 1367 1982 remissis,
1393 1927 1449 1972 et
1481 1919 1754 1986 peccatori
1787 1918 2114 1988 ingredienti
2146 1918 2285 1973 duas
2323 1919 2444 1974 vias
2475 1919 2515 1971 ".
2555 1937 2574 1971 ι

413 2008 584 2064 Vens.
617 2007 710 2062 96.
740 2006 1178 2062 Abominationes
1202 2005 1578 2077 Afgyptiorum
1613 2007 2008 2061 immolabimus
2036 2007 2138 2062 Deo
2174 2017 2376 2062 nostra.
2404 2009 2886 2064 Abominabuntur
2913 2009 3060 2064 enim
3115 2017 3170 2063 et
3209 1999 3584 2064 exsccrah'un-

343 2102 434 2148 tur
488 2109 612 2158 nos,
645 2093 980 2162 aspicientes
1007 2108 1037 2146 a
1065 2093 1226 2147 nobis
1265 2093 1399 2148 cmdi
1435 2101 1492 2148 et
1523 2082 1820 2155 immolari,
1853 2108 1948 2150 eas
1991 2095 2270 2160 victimas,
2321 2111 2460 2165 quas
2491 2097 2596 2165 ipsi
2626 2097 2830 2151 divinis
2861 2096 3214 2166 frequentant
3255 2097 3580 2153 honoribus.

344 2180 478 2234 Nam
516 2179 768 2251 Egyptii
805 2181 1008 2236 divinis
1049 2179 1354 2236 honoribus
1408 2181 1658 2235 venerati
1705 2189 1834 2235 sunt
1879 2181 2066 2236 hircos
2110 2191 2165 2238 et
2200 2182 2424 2237 vitulos.
2463 2182 2575 2238 llos
2604 2183 2652 2238 si
2699 2183 2938 2237 viderint
2973 2201 3074 2238 nos
3107 2194 3344 2239 mactare
3385 2191 3440 2238 et
3469 2183 3583 2240 aris

345 2271 652 2338 imponere,
681 2267 1016 2331 irascentur,
1042 2274 1096 2321 et
1135 2267 1202 2321 ad
1255 2267 1468 2338 lapides
1497 2275 1751 2338 pergent,
1789 2283 1932 2339 quos
1961 2269 2015 2324 in
2048 2285 2152 2326 nos
2177 2269 2519 2340 iaculentur.
2554 2271 2819 2326 Praeterea
2853 2271 2959 2326 nisi
2990 2271 3136 2325 idola
3173 2272 3326 2340 prius
3354 2274 3576 2326 subver-

344 2356 576 2412 teriinus
615 2368 666 2411 et
693 2355 1064 2426 egesserimus
1111 2369 1176 2410 ex
1207 2369 1274 2410 eo
1321 2355 1461 2420 loco,
1519 2355 1611 2410 ubi
1660 2371 1777 2410 rem
1813 2371 2026 2412 sacram
2082 2356 2280 2412 facturi
2319 2373 2533 2422 sumus,
2567 2355 2713 2413 Deus
2741 2372 2850 2412 non
2885 2356 3187 2426 acceptabit
3245 2356 3581 2412 sacriﬁcium

342 2453 614 2498 nostrum.
649 2441 793 2496 ldola
825 2441 1104 2512 siquidem
1140 2439 1411 2496 Jeremias
1441 2441 1648 2498 alicubi
1694 2443 2128 2500 abominationes
2157 2455 2337 2513 vocat,
2383 2445 2578 2502 dicens
2607 2463 2621 2501 :
2659 2465 2678 2498 ι
2707 2445 2892 2513 Quid?
2921 2445 3120 2500 dilecta
3160 2461 3279 2500 mea
3333 2445 3391 2500 in
3419 2445 3582 2500 domo

341 2547 462 2587 mea
492 2531 621 2586 fecit
653 2531 1096 2587 abominationcs
1119 2531 1163 2587 ⁸.
1204 2551 1223 2584 ι
1259 2529 1434 2598 Quam
1469 2531 1794 2601 longissime
1830 2530 2145 2604 fugiendum
2171 2541 2258 2588 est
2289 2533 2359 2588 ab
2401 2531 2662 2606 Egypto,
2714 2534 2767 2587 id
2812 2541 2919 2597 est,
2950 2548 3060 2586 non
3095 2539 3314 2602 oportet
3347 2547 3450 2586 nos
3481 2546 3581 2586 co-

341 2620 454 2674 lere
479 2628 792 2675 creaturam
825 2633 994 2688 supra
1031 2617 1376 2673 Creatorem.
1419 2617 1610 2688 Neque
1638 2619 1848 2675 haerere
1881 2619 1938 2674 in
1983 2620 2238 2676 confiniis
2275 2619 2524 2693 Egypti,
2568 2621 2926 2678 observantes
2961 2621 3176 2676 scilicet
3196 2621 3312 2676 dies
3337 2628 3391 2674 et
3426 2635 3582 2688 men-3

340 2723 454 2767 ses.
483 2716 734 2778 tempora
763 2715 818 2761 et
863 2721 1064 2762 annos.
1095 2705 1260 2760 Certe
1295 2705 1400 2760 nisi
1452 2720 1484 2760 e
1521 2715 1822 2777 conspectu
1865 2715 2050 2764 vestro
2084 2709 2411 2772 abierimus,
2465 2718 2526 2764 ut
2573 2723 2696 2774 nos,
2731 2707 2814 2762 sic
2843 2707 3006 2762 etiam
3045 2715 3236 2762 nostra
3285 2705 3578 2771 sacriﬁcia,

339 2794 647 2866 despicatui
701 2793 1001 2850 habebitis.
1059 2789 1292 2862 Oportet
1341 2799 1524 2846 autem
1573 2807 1673 2848 nos
1732 2793 2016 2848 immolare
2072 2793 2186 2849 Deo
2236 2783 2419 2851 on‘inia
2465 2809 2552 2863 ea,
2609 2810 2735 2868 quae
2788 2795 2980 2849 colunt
3023 2794 3226 2850 divinis
3276 2793 3582 2850 honoribus

340 2883 583 2954 Egyptii
619 2901 632 2938 :
667 2881 1048 2952 perimendum
1078 2891 1160 2934 est
1195 2893 1382 2938 omne.
1414 2879 1563 2950 quod
1597 2879 1939 2936 daemonibus
1965 2881 2181 2936 videtur
2213 2883 2515 2952 pretiosum
2561 2889 2616 2937 et
2642 2881 2935 2936 excellens.
2972 2878 3207 2936 Proinde
3231 2881 3307 2934 ait
3331 2879 3534 2936 Paulus
3562 2897 3578 2934 :

347 2990 364 3025 ι
405 2972 648 3026 Praebete
688 2970 937 3024 membra
966 2977 1147 3024 vestra
1183 2967 1464 3022 victimam
1497 2967 1773 3024 viventem
1799 2977 1852 3024 et
1881 2967 2186 3038 placentem
2232 2968 2364 3035 Deo,
2394 2969 2722 3025 rationalem
2759 2967 2972 3022 cultum
3009 2974 3252 3022 vestrum
3279 2968 3322 3022 ⁹.
3370 2987 3390 3020 ι
3441 2966 3580 3022 Nam

339 3059 567 3129 inquit:
605 3076 624 3108 ι
654 3055 904 3112 Occidite
965 3057 1212 3112 membra
1263 3063 1445 3111 vestra
1493 3065 1736 3116 terrena,
1797 3057 2016 3112 scilicet
2052 3061 2466 3125 scortationem,
2523 3055 2928 3112 immunditiem
2963 3055 3028 3122 ¹⁰,
3069 3073 3088 3107 ι
3145 3065 3254 3110 etc.
3308 3055 3581 3111 Praeterea

338 3145 576 3218 Egyptii
609 3145 1000 3200 abominantur
1029 3151 1084 3198 et
1115 3143 1228 3207 illa,
1258 3157 1380 3213 quze
1418 3141 1579 3198 nobis
1613 3149 1744 3198 sunt
1791 3143 2220 3212 pretiosissima,
2259 3158 2454 3211 nempe
2481 3142 2736 3207 virtutes,
2785 3157 2925 3211 quas
2955 3141 3078 3196 loco
3107 3141 3364 3198 sacriﬁcii
3397 3140 3580 3197 offeri-

339 3249 462 3290 mus
501 3233 554 3286 in
583 3231 788 3286 bonum
824 3230 1048 3285 odorem
1098 3229 1230 3285 Deo.
1281 3229 1432 3284 Nihil
1475 3229 1646 3297 enim
1671 3229 2058 3300 impedimento
2098 3237 2205 3289 est,
2241 3231 2540 3299 quominus
2589 3239 2642 3286 et
2677 3232 2746 3286 ad
2795 3231 2941 3286 hunc
2993 3231 3212 3286 modum
3245 3229 3584 3300 accipiamus

339 3319 800 3374 abominationes.
834 3316 1104 3373 Caeterum
1138 3315 1364 3387 plurimi
1393 3323 1544 3378 sunt,
1580 3315 1675 3386 qui
1708 3324 2030 3370 manserunt
2058 3317 2112 3370 in
2143 3315 2402 3388 Egypto,
2436 3317 2592 3389 241
2651 3319 2838 3388 ibique
2871 3332 3029 3374 sacra
3057 3318 3408 3374 celebrarunt
3440 3335 3453 3370 :
3485 3315 3582 3388 qui

341 3422 470 3462 vero
499 3407 631 3462 inde
674 3413 804 3462 sunt
841 3403 1076 3474 egressi,
1127 3414 1182 3459 et
1213 3403 1642 3458 immolaverunt
1692 3402 1747 3458 in
1771 3403 2006 3458 deserto
2035 3404 2302 3458 exstitere
2357 3405 2700 3470 paucissimi.
2732 3406 2869 3460 Nam
2919 3407 3077 3461 multi
3131 3413 3262 3460 sunt
3293 3405 3495 3473 vocati,
3527 3413 3586 3464 at

335 3495 496 3550 electi
525 3493 687 3564 pauci
719 3493 786 3545 ".
829 3492 1036 3546 Omnes
1063 3490 1285 3561 quidem
1321 3491 1388 3545 ad
1422 3489 1732 3546 libertatem
1767 3489 1946 3544 vocati
1975 3505 2169 3546 sumus
2202 3506 2299 3560 per
2333 3490 2490 3544 fidem
2525 3491 2578 3545 in
2607 3492 2828 3548 Christo
2858 3507 2988 3548 vero
3015 3493 3328 3564 legislatore
3363 3504 3417 3549 et
3446 3509 3585 3564 pon-

337 3583 510 3648 tiﬁce,
561 3565 654 3652 qui
704 3577 815 3650 jam
877 3579 1006 3632 olim
1066 3576 1432 3633 adumbratus
1485 3586 1570 3634 est
1620 3593 1720 3649 per
1769 3577 1952 3632 Mosen
2011 3584 2064 3631 et
2122 3577 2436 3643 Aaronem;
2505 3594 2692 3638 verum
2755 3580 2941 3650 plures
2995 3583 3275 3636 adhaerent
3333 3581 3581 3652 pristinis

337 3671 497 3724 malis
517 3667 656 3722 haud
683 3665 1015 3734 refugientes
1035 3663 1738 3735 pristinamconfusionem,
1756 3677 1932 3734 neque
1952 3665 2262 3720 sacriﬁcant
2281 3668 2334 3718 in
2365 3666 2664 3722 solitudine
2687 3669 3036 3738 tranquillam
3068 3677 3344 3725 sectantes
3388 3670 3574 3724 vitam.

404 3755 672 3810 Caeterum
705 3752 849 3817 vide,
883 3751 1103 3822 quoties
1150 3749 1441 3820 promissis
1483 3766 1594 3805 non
1626 3758 1734 3806 stet
1762 3749 1903 3804 Pha-
1937 3760 1976 3814 Β

2079 3751 2220 3822 Ὅρα
2243 3753 2476 3817 ποσάκις
2497 3754 2756 3822 ψεύδεται
2785 3755 2884 3820 τὰς
2923 3757 3246 3826 ὑποσχέσεις
3289 3759 3318 3811 ὁ
3353 3756 3575 3828 Φαραώ.

337 3864 453 3904 rao.
487 3847 582 3904 Est
625 3845 772 3902 enim
815 3843 1072 3908 mendax,
1106 3849 1160 3898 et
1220 3843 1276 3896 in
1327 3843 1560 3899 veritate
1599 3857 1711 3898 non
1755 3843 1906 3898 stetit

2006 3843 2261 3915 Ψεύστης
2290 3833 2398 3916 γάρ
2423 3846 2562 3908 ἐστι,
2603 3847 2697 3900 καὶ
2721 3847 2780 3899 ὲν
2807 3849 2874 3919 τῇ
2923 3849 3158 3920 ἀληοείᾳ
3201 3848 3302 3920 οὐχ
3353 3848 3573 3920 ἕστηκε,

333 3940 632 4008 secundum
663 3934 970 3992 Salvatoris
999 3933 1342 4003 proloquium
1381 3933 1444 3986 η.

1326 3949 1342 3987 ι
1381 3933 1444 3986 η.
2007 3934 2149 3988 κατὰ
2174 3935 2273 4006 τὴν
2301 3935 2396 3988 τοῦ
2427 3935 2674 4008 Σωτῆρος
2708 3938 2909 4007 φωνήν.

407 4027 571 4083 Vens.
615 4025 706 4080 22.
741 4023 1066 4094 Faciamque
1110 4021 1406 4076 mirabilem
1456 4022 1510 4076 in
1539 4019 1752 4076 dieillo
1799 4032 1944 4104 ter-_

2076 4026 2187 4080 Kal
2207 4024 2607 4094 παραδοξάσω
2629 4026 2700 4080 ἑν
2740 4026 2814 4096 τῇ
2839 4027 3026 4097 ἡμέρᾳ
3052 4029 3255 4098 ἐκείνῃ
3303 4028 3418 4098 τὴν
3456 4028 3576 4099 γῆν

333 4141 451 4179 ram
501 4120 686 4179 Gesen.
728 4118 886 4174 Nunc
914 4118 1152 4190 primum
1192 4115 1504 4172 secernitur
1529 4126 1677 4172 terra
1721 4114 1900 4172 Cesen

2005 4117 2226 4186 Γεσέμ.
2264 4117 2380 4171 Νῦν
2409 4119 2626 4192 πρῶτον
2661 4121 2694 4190 ἡ
2727 4119 2908 4190 Γεσὲμ
2943 4119 3051 4174 τῶν
3075 4120 3392 4190 Αἰγυπτίων
3433 4121 3571 4192 πλη-

329 4217 398 4273 ab
429 4211 772 4287 Egyptiacis
799 4209 1234 4266 calamitatibus.

953 4209 1234 4266 nitatibus.
2003 4211 2116 4276 γῶν
2143 4209 2536 4267 διαστέλλεται.

403 4311 568 4365 Vsus.
600 4309 690 4364 9.4.
725 4307 1092 4374 Corruptaque
1125 4313 1203 4358 est
1235 4312 1383 4358 terra
1431 4318 1465 4356 α
1516 4302 1914 4358 muscis..Ecce
1955 4305 2232 4372 quomodo
2271 4304 2358 4359 vir
2396 4313 2650 4362 terrenus
2694 4321 2725 4360 a
2758 4305 2990 4360 turbidis
3017 4314 3071 4360 et
3123 4304 3418 4375 impudicis
3446 4320 3574 4361 cor-

331 4405 618 4468 rumpatur
646 4389 1200 4448 alIectibus.Culiccs
1247 4389 1564 4444 tenuissimi
1589 4390 1856 4444 .obscuris
1887 4391 2161 4446 morsibus
2206 4391 2454 4462 aﬂligunt
2515 4392 2830 4465 IEgyptios.
2877 4392 2996 4459 Qua
3057 4409 3118 4448 re
3163 4394 3575 4449 demonstratur

332 4488 498 4542 Deum
529 4498 640 4538 non
671 4481 918 4551 perdere,
949 4477 1047 4532 sed
1098 4477 1377 4547 corrigere
1425 4485 1482 4530 et
1533 4478 1828 4532 emendare
1875 4478 2120 4534 voluisse
2149 4475 2464 4550 Egyptios.
2503 4480 2558 4534 Si
2596 4483 2850 4537 voluntas
2896 4479 3097 4536 fuisset
3128 4479 3418 4552 Egyptios
3446 4496 3572 4550 per-

329 4571 702 4636 dendi,'certe
749 4565 894 4620 haud
930 4561 1197 4618 defuisset
1250 4562 1510 4618 facultas.
1538 4563 1778 4634 Reptilia
1808 4573 1863 4619 et
1918 4565 2143 4632 bestias,
2204 4569 2452 4638 adeoque
2495 4570 2682 4624 omnia
2717 4569 2952 4624 maleﬁci
2982 4570 3200 4639 generis
3231 4569 3486 4622 animalia
3515 4569 3570 4623 in

330 4661 433 4714 hoc
455 4656 811 4717 concitasset,
846 4651 1049 4708 bellum
1089 4650 1390 4712 intulisset,
1430 4651 1514 4704 vel
1561 4651 1760 4706 famem
1795 4652 2128 4708 induxisset.
2183 4652 2382 4709 Verum
2436 4654 2578 4711 Deus
2606 4655 2752 4710 haud
2785 4657 3000 4726 magnis
3050 4657 3246 4712 belluis
3297 4657 3470 4710 utitur
3513 4656 3570 4710 in

326 4743 688 4816 expugnanda
725 4740 982 4812 Egypto,
1007 4738 1102 4794 sed
1135 4735 1738 4807 contemptissimarnm
1771 4739 2133 4795 bestiolarum
2161 4752 2216 4796 et
2248 4743 2590 4797 insectorum
2628 4743 3000 4798 ministerium
3043 4744 3278 4799 accersit
3307 4757 3374 4797 ne
3417 4743 3568 4796 scili-

324 4842 414 4890 σει
445 4833 666 4887 illarum
697 4830 954 4900 potentia:
988 4827 1340 4882 ascrihautur
1363 4823 1610 4881 effectus.
1641 4826 1886 4895 Ahjectis
1925 4827 2036 4883 illis
2069 4835 2124 4884 et
2156 4829 2390 4884 infirmis
2416 4829 2670 4884 bestiolis
2695 4829 2888 4884 tribuit
2922 4830 3066 4884 vires
3092 4827 3568 4899 inexpugnabiles,

324 4921 462 4976 adeo
497 4927 558 4974 ut
582 4920 836 4989 desperet
866 4913 1136 4986 Egyptus
1161 4928 1220 4968 se
1267 4927 1429 4982 posse
1465 4913 1574 4966 illis
1613 4913 1862 4970 bestiolis
1913 4915 2194 4978 resistere,
2252 4925 2307 4970 et
2345 4917 2632 4972 clamitet:
2669 4935 2689 4966 ι
2725 4915 2941 4986 Digitus
2972 4915 3066 4972 Dei
3100 4918 3204 4971 hoc
3238 4926 3343 4972 est.
3377 4935 3396 4968 ι
3428 4914 3565 4969 Nam

326 5024 548 5062 manum
574 5005 666 5060 Dei
703 5020 809 5058 non
839 5004 974 5057 feret.
1014 5001 1310 5054 universus
1344 4999 1584 5054 mundus
1613 4999 1668 5053 in
1699 5015 1866 5053 unum
1894 5000 2281 5069 conglobatus.

329 5123 478 5199 Qua:
531 5126 872 5199 sequuntur
909 5113 1208 5199 continua
1251 5113 1410 5173 serie
1465 5112 1776 5199 orationis
1833 5111 2190 5199 (ξοΙιιιΞνεξ-ηε,Δ
2223 5111 2505 5199 consulto
2567 5114 3010 5199 enim_auctor
3062 5101 3378 5199 capitibus
3440 5130 3568 5172 non

405 5190 725 5267 distinicit,
755 5213 824 5256 eo
861 5190 1026 5272 quod
1057 5199 1113 5272 et
1146 5198 1513 5272 argumenta
1539 5208 1751 5251 rerum
1783 5191 1967 5252 talem
1997 5209 2123 5251 non
2153 5191 2366 5268 [erant
2399 5193 2970 5272 interpolationem,
3006 5199 3060 5252 et
3103 5190 3373 5252 brevitas
3405 5209 3568 5252 com-

403 5275 770 5340 mentatoris
805 5267 1566 5349 id'postulare’cideatur.

395 5399 530 5452 Ecce
577 5407 764 5446 ιιιαιιιισ
809 5386 1024 5442 Domini
1067 5385 1162 5437 erit
1211 5385 1265 5438 in
1300 5370 1557 5452 jumentis
1609 5384 1734 5448 tuis,
1773 5401 1890 5452 qme

2065 5383 2221 5439 Ἰδοὺ
2249 5383 2288 5451 ἠ
2317 5384 2446 5453 χεὶρ
2478 5386 2698 5452 Κυρίου
2731 5385 2903 5440 ἔσται
2931 5385 3002 5439 ἐν
3023 5381 3147 5452 τοῖς
3175 5383 3430 5452 κτήνεσι
3448 5400 3564 5438 σου

323 5498 448 5544 sunt
483 5491 535 5542 in
559 5483 778 5552 campis,
815 5491 922 5537 etc.
951 5476 1113 5532 Primi
1138 5475 1540 5544 interjumcnta
1571 5483 1892 5543 computan-

1999 5476 2123 5543 τοῖς
2151 5477 2222 5531 ἐν
2250 5477 2374 5542 τοῖς
2401 5477 2648 5542 πεδίοις.
2681 5477 2902 5549 Πρῶτον
2931 5479 2989 5530 ἐν
3017 5479 3132 5540 τοῖς
3173 5477 3430 5547 κτήνεσιν
3475 5475 3567 5528 ἶπ-

395 5620 418 5656 δ
451 5619 579 5673 Luc.
611 5633 682 5673 λι.
715 5614 806 5672 20.
880 5617 900 5648 ⁸
929 5611 1114 5666 Matth.
1147 5626 1244 5670 xu,
1275 5609 1364 5662 28.
1443 5610 1462 5639 ⁶
1489 5609 1626 5677 Psal.
1659 5625 1848 5664 cxvnt.
1903 5609 1978 5660 1οἓ

2107 5610 2126 5638 ¹¹
2165 5608 2332 5662 Eoi-li.
2387 5627 2446 5673 ιι,
2491 5611 2592 5677 lli,
2693 5609 2943 5665 Herem.
3002 5624 3121 5676 vn,
3156 5611 3240 5664 lO.
3355 5610 3373 5640 ⁸
3405 5605 3563 5664 Rom.

323 5707 356 5746 ι
388 5707 424 5757 ι,
462 5692 508 5746 l.
587 5689 628 5720 ιο
653 5688 861 5744 Coluss.
895 5700 978 5748 ιιι,
1010 5685 1061 5738 5.
1138 5683 1178 5713 ¹¹
1225 5679 1413 5736 Matth.
1461 5675 1593 5746 xxii,
1627 5680 1711 5734 Η.
1789 5682 1830 5711 ⁸³
1858 5678 1906 5732 ,ιι

710 5689 861 5742 )ldss.
895 5700 978 5748 ιιι,
1010 5685 1061 5738 5.
1138 5683 1178 5713 ¹¹
1225 5679 1413 5736 Matth.
1461 5675 1593 5746 xxii,
1627 5680 1711 5734 Η.
1789 5682 1830 5711 ⁸³
1858 5678 2016 5732 Juan.
2054 5695 2167 5746 vui,
2206 5680 2293 5732 Η.
