4010 6212
291 311 394 378 ES!
1583 316 1874 378 PROCOP

1967 315 2208 378 GAZIEI
3429 311 3531 376 560

297 444 316 478 ι
343 425 556 498 Scripsi
592 424 774 490 vobis,
809 425 988 490 filioli,
1021 425 1149 498 quia
1183 427 1521 500 cognoiistis
1545 428 1784 482 Patrem.
1815 426 2024 498 Scripsi
2059 427 2233 490 vobis,
2273 433 2478 496 patres,
2506 425 2635 496 quia
2666 424 3000 494 coguovistis
3023 439 3170 490 eum,
3201 423 3295 492 qui
3324 425 3534 479 eratab

292 515 471 574 initio.
525 513 734 584 Scripsi
766 513 954 579 vobis,
997 515 1232 583 juvenes
1265 558 1280 585 ,
1314 517 1442 588 quia
1479 517 1646 572 fortes
1691 517 1860 584 estis,
1899 526 1955 572 et
1984 531 2168 572 sermo
2199 513 2290 570 Dei
2339 515 2394 568 in
2428 514 2584 594 vobis
2615 521 2821 577 manet,
2861 520 2916 566 et
2945 513 3153 568 vicistis
3185 511 3474 567 malum“.
3508 529 3530 566 ι

291 603 533 662 Iuvenes
589 603 657 673 (si
687 603 811 658 talis
846 604 938 659 libi
977 606 1192 660 arridet
1237 607 1533 677 expositio)
1567 614 1696 662 sunt
1745 605 2086 660 fortitudinis
2126 613 2329 675 typus;
2363 603 2710 673 prudentiam
2743 608 3145 671 repraesentant.
3195 615 3399 663 senes;
3447 599 3535 653 in-

296 693 522 746 fantiam
564 694 620 746 in
659 691 882 747 Christo
918 708 1031 762 pra:
1082 709 1142 749 se
1197 693 1380 748 ferunt
1418 694 1512 748 ﬁlii
1571 701 1627 749 et
1681 693 1824 749 filiae.
1897 693 2072 763 Igitur
2127 691 2250 746 freti
2309 691 2650 754 fortitudine,
2700 689 3016 758 prudentia,
3069 687 3534 758 simplicitateq-te

295 779 614 834 Christiana
645 777 806 850 243
836 795 902 833 ex
965 781 1177 850 peccati
1231 783 1496 838 servitute
1549 783 1970 851 proficiscamur
1999 780 2064 834 ad
2100 780 2220 834 vita:
2268 777 2715 832 sanctimoniam.
2775 777 2910 830 Ait:
2945 793 2962 826 ι
2989 777 3151 845 Agite
3205 775 3438 828 viriliter
3482 786 3538 829 et

293 873 472 919 estote
497 864 670 918 fortes
696 864 792 917 '5‘.
829 883 848 916 ι
897 863 1034 920 lluic
1063 882 1172 921 non
1205 867 1474 924 dissimile
1507 879 1592 924 est
1625 870 1756 923 illud
1791 869 1997 923 Christi
2034 885 2048 920 :
2089 885 2106 917 ι
2135 866 2325 919 Estote
2353 863 2672 932 prudentes,
2703 872 2764 916 ιιι
2795 871 3081 933 serpentes
3111 878 3126 916 :
3155 873 3210 917 et
3235 863 3534 932 simplices,

299 961 360 1006 ut
397 954 667 1007 columba:
691 952 754 1005 “.
799 971 819 1004 ›
855 952 1009 1018 Quod
1041 956 1206 1008 etiam
1235 956 1402 1012 boves
1431 964 1484 1011 et
1533 973 1666 1012 oves
1715 958 1768 1010 in
1801 957 2126 1011 comitatum
2157 955 2401 1023 recipere
2456 951 2573 1005 vult
2612 951 2816 1018 Moses,
2863 953 3002 1007 satis
3031 953 3214 1014 docet,
3246 953 3392 1024 quod
3427 966 3534 1006 non

295 1041 478 1103 decet,
521 1047 581 1094 ut
615 1041 866 1110 corporis
892 1041 1214 1096 affectiones
1243 1053 1557 1114 motusque,
1593 1045 1685 1113 qui
1733 1045 1853 1100 sire
1893 1045 2104 1098 ratione.
2140 1043 2412 1102 feruntur,
2463 1039 2844 1109 relinquamus
2893 1039 3130 1093 Satanre.
3163 1039 3296 1094 Nam
3339 1054 3537 1093 secun-

297 1129 428 1182 dum
460 1129 784 1196 Apostolum
817 1147 830 1182 :
875 1148 892 1180 ι
920 1128 1149 1198 Oportet
1179 1146 1278 1185 vos
1322 1133 1564 1186 membta
1599 1143 1776 1186 vestra
1803 1133 1884 1187 sic
1905 1133 2220 1193 instituere,
2265 1140 2320 1183 ιιι
2346 1129 2576 1197 iustitiae
2606 1129 2874 1191 serviant.
2909 1129 3073 1184 sicuti
3103 1137 3262 1181 antea
3287 1127 3536 1196 subjecta

297 1215 521 1271 fuerunt
547 1216 854 1286 impuritati
887 1218 956 1270 ¹⁷.
997 1237 1015 1270 ι
1051 1219 1092 1270 Α
1117 1233 1254 1271 vana
1294 1227 1476 1272 autem
1500 1219 1762 1288 opinione
1794 1219 1992 1273 liberat
2015 1235 2131 1280 eos,
2161 1217 2252 1286 qtti
2297 1217 2563 1270 videntur
2593 1217 2697 1271 sibi
2728 1217 2782 1269 in
2817 1215 2985 1271 semel
3019 1223 3238 1282 recepta
3279 1217 3539 1284 religione

291 1312 632 1366 constantes.
669 1305 826 1374 quasi
860 1305 1104 1374 propriis
1143 1306 1350 1359 viribus
1383 1305 1590 1361 suﬁulti
1624 1309 1842 1361 valeant
1875 1307 2136 1362 resistere
2167 1303 2407 1369 diabolo,
2461 1311 2516 1356 et
2550 1303 2654 1357 sibi
2701 1302 2972 1358 sufﬁciant
3019 1303 3072 1355 in
3119 1302 3399 1364 omnibus,
3437 1315 3537 1355 nec

290 1399 488 1461 egeant
538 1391 708 1444 divini
764 1391 1004 1448 auxilii:
1065 1392 1160 1446 sed
1215 1392 1492 1462 quomodo
1550 1393 1796 1449 liberat?
1843 1394 2040 1448 Dicens
2091 1410 2104 1446 :
2169 1409 2187 1442 ι
2243 1389 2507 1446 Rcsistite
2545 1391 2792 1452 diabolo,
2845 1397 2900 1443 et
2935 1389 3104 1459 fugiet
3148 1403 3177 1440 a
3223 1389 3377 1442 vobis
3413 1388 3476 1442 ⁸⁸.
3510 1406 3532 1439 s

293 1479 456 1531 Amat
517 1478 802 1549 ingenium
849 1478 1118 1535 muliebre
1162 1486 1217 1535 et
1264 1479 1555 1549 juvenile;
1600 1495 1788 1536 crassa
1852 1492 1906 1536 et
1954 1482 2114 1536 bruta
2171 1479 2390 1551 ingenia
2438 1478 2700 1550 exprimit
2741 1477 2846 1534 sub
2901 1477 3064 1531 boum
3099 1485 3153 1531 ct
3207 1477 3393 1532 ovium
3437 1489 3538 1531 na-

293 1573 440 1618 tura.

361 1669 433 1724 Et
458 1671 596 1724 dixit
617 1669 791 1726 Moses
822 1687 840 1725 :
871 1669 950 1726 Tu
981 1671 1132 1725 dabis
1158 1671 1307 1727 nobis
1328 1671 1666 1727 holocausta.
1697 1671 1793 1746 [X,
1818 1672 1932 1747 25].
1966 1673 2099 1730 Nam
2130 1673 2408 1737 diabolus,
2437 1673 2525 1728 ubi
2561 1673 2708 1728 videt
2735 1687 2838 1728 nos
2869 1671 2975 1729 sibi
3026 1687 3256 1742 prorsus
3299 1678 3536 1740 ereptos,

291 1762 500 1829 expetit
541 1759 736 1813 saltem
777 1759 830 1812 in
873 1759 1100 1812 minima
1141 1759 1284 1830 apud
1321 1777 1426 1814 nos
1453 1760 1661 1815 luerere
1695 1769 1873 1831 parte.
1911 1763 1980 1815 At
2021 1765 2106 1816 lex
2163 1761 2260 1817 Dei
2295 1777 2405 1817 non
2446 1762 2496 1814 ei
2529 1761 2820 1828 permittit,
2855 1776 2964 1814 non
3011 1759 3136 1813 diro
3181 1759 3380 1812 animae
3408 1773 3537 1828 par-

295 1847 544 1912 ticulam,
580 1847 674 1902 sed
705 1863 771 1901 ne
801 1861 1082 1915 corporeae
1108 1848 1329 1918 quidem
1385 1850 1651 1904 motionis
1710 1851 1972 1916 impetum
2013 1849 2274 1918 aliquem.
2313 1848 2438 1903 \‘ult
2489 1857 2696 1912 autem,
2729 1859 2787 1902 ut
2821 1862 2944 1918 quae
2979 1849 3032 1902 in
3074 1846 3176 1901 hac
3207 1847 3340 1910 vita,
3374 1859 3541 1915 quam

293 1936 351 1991 in
395 1935 601 1989 mundo
632 1935 906 2005 degimus,
961 1944 1091 1990 sunt
1120 1936 1517 2005 pulcherrima,
1551 1937 1642 1992 illa
1677 1935 2080 2006 conjungamus
2116 1934 2248 2000 Deo,
2283 1950 2351 1990 ex
2398 1934 2638 2007 Egypto
2663 1933 2921 1991 videlicet
2952 1934 3158 1988 mundo
3194 1934 3290 1988 illa
3319 1933 3544 2001 rapien-

292 2031 397 2078 tes.
451 2019 615 2078 Tales
662 2022 919 2078 nimirum
951 2021 1158 2078 fuerint
1195 2023 1301 2090 illi,
1351 2025 1444 2094 qui
1495 2027 1736 2080 humana
1811 2023 2086 2099 sapientia
2132 2032 2190 2092 et_
2227 2023 2452 2078 solertia
2505 2022 2744 2092 praediti,
2791 2022 3148 2078 consentiunt
3199 2021 3438 2084 veritati,
3489 2029 3543 2075 et

293 2110 433 2168 falso
464 2112 644 2166 dictas
671 2111 938 2166 scientias
966 2111 1279 2166 confutant.
1323 2132 1342 2165 ι
1377 2113 1572 2167 Omnis
1614 2113 1787 2178 enim,
1826 2119 1886 2166 ut
1921 2113 2191 2182 scriptum
2224 2119 2330 2178 est,
2363 2111 2628 2180 sapientia
2661 2119 2744 2165 est
2777 2123 2807 2163 a
2841 2099 3460 2163 Domino".iC:eterum
3495 2107 3541 2162 si

294 2199 564 2267 respicias
586 2199 847 2266 spiritum
894 2199 1111 2264 mundi,
1146 2197 1466 2254 Graacorum
1499 2201 1592 2254 filii
1623 2200 1940 2255 facundiam
1973 2200 2236 2256 eximiam
2283 2199 2467 2254 sortiti
2511 2205 2658 2252 sunt.
2693 2197 3040 2266 Quapropter
3082 2193 3290 2250 Paulus
3325 2195 3544 2265 inqttit:
3587 2216 3591 2218 ·

299 2306 320 2338 ι
347 2283 465 2341 Non
501 2287 817 2356 accepimus
867 2287 1125 2356 spiritum
1172 2288 1390 2352 mundi,
1425 2289 1520 2343 sed
1570 2289 1850 2359 spiritum,
1881 2287 1978 2359 qui
2010 2294 2190 2343 estex
2236 2284 2370 2350 Deo,
2407 2293 2466 2338 ιιι
2501 2286 2846 2347 noverimus.
2887 2299 3010 2354 quae
3039 2283 3204 2340 nobis
3228 2297 3258 2336 a
3295 2281 3410 2338 Deo
3445 2283 3547 2337 do-

292 2383 422 2430 nata
476 2386 646 2428 sunt:
683 2389 808 2444 quae
857 2381 912 2428 et
960 2373 1241 2442 loquimur
1288 2390 1399 2430 non
1435 2375 1487 2429 in
1519 2375 1700 2431 doctis
1747 2375 2034 2446 sapientia:
2082 2374 2334 2428 humanm
2366 2374 2744 2436 sermonibus,
2788 2373 2884 2428 sed
2918 2372 2974 2428 in
3005 2378 3335 2429 ost-.ns‘toue
3378 2371 3549 2442 spiti-

293 2463 468 2518 tns".
503 2481 522 2514 ι
561 2460 706 2514 Idem
737 2461 1052 2516 ostenditur
1086 2462 1253 2530 paulo
1286 2470 1429 2531 post,
1460 2477 1587 2518 cum
1622 2461 1830 2518 ilcbrzei
1876 2461 2146 2533 iubentur
2181 2460 2422 2530 st-oliare
2458 2457 2770 2530 Egyptios.

363 2574 434 2629 Et
465 2575 624 2644 [actm
655 2583 780 2628 sunt
815 2574 1065 2628 tenebraz.
1108 2571 1202 2646 [X,
1239 2572 1361 2646 22.}
1387 2572 1548 2629 Nunc
1575 2589 1672 2628 aer
1701 2575 2028 2630 obfuscatur
2057 2570 2204 2642 apud
2251 2569 2566 2642 A‘Igyplios,
2596 2572 2794 2640 solque
2830 2571 3172 2626 obscuratur
3204 2585 3276 2626 ne
3301 2567 3549 2641 Egyptii

293 2665 437 2718 alma
472 2663 729 2716 fruantur
778 2661 921 2716 luce.
979 2661 1256 2716 Caeterum
1307 2660 1448 2715 radii
1503 2662 1718 2718 solares
1751 2662 2004 2732 almaque
2035 2660 2128 2714 lux
2173 2659 2470 2728 splendent
2519 2660 2662 2729 apud
2701 2657 2984 2714 llebrteos.
3024 2659 3092 2714 At
3121 2658 3264 2714 Deus
3293 2674 3404 2712 non
3438 2657 3548 2711 vim

293 2751 426 2804 facit
456 2750 737 2819 cuiquam,
771 2759 827 2802 ιιι
858 2749 948 2803 hic
1000 2748 1054 2802 in
1103 2749 1226 2804 luce
1270 2759 1540 2814 tueretur,
1584 2753 1726 2804 alter
1758 2750 1814 2804 in
1869 2749 2107 2819 caligine
2151 2755 2423 2801 versetur.
2454 2745 2592 2801 Nam
2611 2747 2876 2816 quamvis
2906 2748 3195 2816 aequaliter
3228 2747 3412 2801 omnia
3447 2758 3552 2799 suo

295 2839 510 2908 fulgore
555 2845 612 2891 et
655 2837 949 2905 splendore
991 2837 1296 2891 illustraret
1329 2838 1434 2903 sol,
1485 2847 1726 2892 attamen
1784 2836 2010 2906 quidam
2059 2835 2178 2888 luce
2229 2835 2385 2902 potiti
2421 2843 2578 2898 sunt,
2611 2836 2838 2903 quidam
2894 2835 3127 2905 gratiam
3167 2835 3412 2889 divinam
3443 2849 3552 2890 non

293 2933 607 2980 senserunt.
657 2921 859 2978 Verum
899 2922 997 2977 Dei
1035 2923 1308 2992 judicium
1357 2924 1665 2988 inducitur,
1715 2932 1769 2978 et
1819 2925 2089 2979 sententia
2143 2937 2243 2992 pro
2289 2922 2562 2992 cujttstluc
2592 2921 2768 2978 fertur
2801 2923 3024 2977 merito.
3061 2923 3176 2978 Nec
3207 2932 3390 2978 tamen
3425 2923 3554 2992 quis

293 3011 489 3064 credat
540 3024 735 3078 uenas
765 3018 819 3061 et
858 3019 1054 3064 caetera
1105 3012 1244 3064 mala
1284 3010 1557 3080 originem
1603 3010 1824 3066 trahere
1859 3025 1888 3062 a
1916 3009 2050 3064 Deo.
2100 3007 2416 3079 Unicuique
2471 3021 2699 3080 propter
2731 3010 2858 3065 vita:
2893 3025 3007 3066 sua:
3063 3011 3384 3066 institutum
3435 3025 3556 3064 tua-

228 3162 240 3174 .
292 3097 404 3151 lum
448 3097 588 3150 mala
630 3095 979 3164 contingunt.
1042 3113 1062 3147 ι
1107 3094 1266 3161 Nam,
1302 3103 1363 3150 ut
1411 3096 1594 3166 inquit
1666 3095 1892 3162 Paulus,
1947 3097 2253 3151 secundum
2304 3099 2564 3152 duritiem
2609 3106 2664 3152 et
2710 3112 2808 3152 cor
2839 3099 3115 3167 pmnitcre
3145 3100 3398 3154 nescium
3437 3099 3555 3152 col-

293 3186 422 3256 ligis
472 3185 568 3238 tibi
613 3185 751 3237 iram
807 3183 862 3236 in
915 3182 1004 3237 die
1038 3182 1152 3245 irae,
1188 3191 1242 3237 ct
1273 3183 1634 3238 revelatiouis
1663 3192 1718 3236 et
1760 3183 1896 3253 justi
1940 3182 2140 3253 judieii
2195 3183 2316 3248 Dei,
2351 3186 2445 3254 qui
2483 3183 2678 3240 reddet
2706 3185 3011 3254 unicuique
3049 3187 3354 3242 secundum
3383 3200 3553 3256 opera

295 3291 393 3332 sna
427 3275 496 3326 ".
538 3291 557 3324 ι
586 3269 764 3326 lustar
795 3271 941 3326 enim
991 3271 1215 3335 medici,
1248 3285 1370 3342 quae
1399 3272 1471 3327 ob
1517 3271 1810 3340 quamdam
1853 3270 2237 3326 confusionem
2289 3273 2522 3326 molesta
2552 3279 2705 3336 sunt,
2763 3272 3024 3326 exhaurit
3055 3284 3108 3326 et
3141 3273 3198 3326 in
3239 3282 3492 3343 apertum
3521 3287 3556 3326 θ

293 3359 576 3432 profundo
609 3366 803 3412 evocat
835 3375 847 3411 :
881 3357 1030 3429 quod
1083 3357 1304 3430 quidem
1357 3373 1469 3414 non
1503 3362 1640 3414 citra
1684 3359 1930 3414 dolorem
1983 3357 2061 3412 fit.
2099 3356 2303 3414 Verum
2349 3360 2402 3415 bi
2451 3360 2547 3432 qui
2579 3375 2689 3416 non
2719 3369 3044 3431 peccatores
3075 3369 3260 3426 erant,
3293 3360 3442 3415 nulla
3475 3358 3558 3414 fe-

294 3452 518 3505 riuntur
550 3447 733 3518 plaga.

369 3559 484 3614 Nos
559 3568 733 3613 autem
789 3557 1052 3638 nescimus
1111 3557 1240 3626 quid
1301 3559 1468 3612 simus
1540 3557 1873 3612 immolaturi
1901 3541 1946 3598 Α

2059 3558 2258 3626 Ἡμεῖς
2277 3559 2345 3613 δὲ
2378 3561 2490 3615 οὐκ
2529 3560 2778 3630 οἴδαμεν
2805 3563 2862 3616 τί
2899 3563 3316 3631 λατρεύσομεν
3363 3564 3557 3631 Κιιοίφ

298 3653 525 3708 Domino
558 3649 667 3704 Deo
704 3659 908 3704 nostro.
943 3648 1034 3722 [Χ.
1076 3649 1194 3722 26.]
1229 3649 1352 3705 llaec
1379 3651 1546 3705 vetba
1581 3650 1873 3720 proferun-

1978 3646 2060 3714 τῷ
2092 3647 2214 3714 Θεῷ
2230 3649 2420 3717 ἡμῶν.
2443 3650 2559 3703 Ἵνα
2590 3652 2667 3720 μὴ
2701 3651 2835 3724 λέγῃ
2852 3653 3074 3724 Φαραὼ.
3101 3653 3310 3706 Οὐκοῦν
3331 3653 3398 3707 τὰ
3421 3654 3556 3724 πρὶς

301 3754 410 3806 tur,
446 3757 514 3798 ne
571 3751 840 3813 tyrannus
879 3740 1152 3798 inferret:
1201 3739 1451 3810 Accipite
1505 3741 1694 3811 igitur,
1751 3755 1874 3810 qua:

1981 3741 2176 3795 Θυσίαν
2195 3743 2476 3812 ἐπιτήδεια
2507 3741 2784 3805 λαϐόντες,
2816 3747 2885 3798 τὰ
2927 3744 3093 3798 λοιπὰ
3149 3731 3513 3813 καταλείψατε
3533 3761 3547 3776 ·

302 3835 613 3892 necessaria
667 3841 798 3888 sunt
849 3833 1160 3898 sacrificiis,
1217 3833 1424 3904 reliqua
1467 3833 1556 3888 hic
1590 3840 1872 3888 maneant.

1792 3840 1872 3886 nt.
1981 3833 2009 3886 ὁ
2037 3832 2094 3884 δὲ
2117 3831 2314 3902 ἄδηλον
2343 3833 2436 3889 ἐπὶ
2455 3834 2666 3896 τούτοις
2699 3833 2762 3885 τὸ
2799 3832 2944 3886 θεῖον
2971 3835 3150 3905 νεῦμά
3179 3853 3364 3906 φησιν.

303 3927 442 3984 lluic
492 3927 788 3998 objectioni
837 3927 1005 3982 tacite
1051 3927 1294 3982 occurrit
1335 3937 1492 3982 caute
1543 3924 1746 3991 Mosvs,
1783 3923 1975 3981 dicens
2017 3943 2029 3977 :
2064 3921 2278 3980 Incerta
2321 3925 2482 3980 nobis
2519 3923 2702 3981 adhuc
2734 3933 2818 3980 est
2850 3924 2944 3980 Dei
2988 3928 3268 3992 voluntas,
3301 3942 3405 3981 nec
3441 3925 3552 3981 sci-

302 4031 428 4072 mus
451 4017 641 4086 qualcs
667 4015 945 4072 desideret
973 4014 1246 4070 victimas.

390 4123 530 4180 Vasa
575 4133 831 4196 argentea
873 4133 923 4180 et
968 4139 1154 4180 aurea.
1183 4119 1300 4196 [XL
1329 4121 1411 4194 2.]
1449 4122 1703 4190 Spolia-nt
1745 4121 2054 4192 Egyptios,
2099 4137 2207 4176 non
2256 4131 2316 4175 ut
2351 4136 2532 4176 rerum
2567 4121 2876 4176 alienarum
2927 4122 3114 4192 cupidi
3148 4143 3162 4178 :
3214 4124 3402 4179 absit!
3454 4121 3554 4178 sed

303 4215 410 4269 ista
449 4221 508 4266 ιιι
565 4212 872 4268 mercedem
925 4213 1104 4282 longa:
1145 4220 1201 4267 et
1251 4211 1405 4266 dura
1447 4211 1736 4266 servitutis
1763 4209 2045 4264 auferunt.
2087 4209 2198 4264 Nec
2241 4209 2460 4263 interitu
2513 4209 2658 4266 satis
2707 4210 2926 4278 dignam
2959 4211 3186 4280 capiunt
3221 4212 3552 4267 mercedem.

305 4303 439 4368 Qua:
465 4301 611 4356 enim
643 4299 936 4370 aequalitas
965 4300 1115 4354 inter
1159 4299 1468 4352 libertatem
1494 4306 1548 4352 et
1575 4313 1708 4368 opes
1740 4297 2265 4367 consistere_valet?
2299 4308 2356 4352 at
2379 4297 2636 4352 libertate
2669 4297 2930 4354 llebrzeos
2975 4307 3251 4354 exuerunt
3286 4298 3550 4370 Egyptii.

303 4389 432 4442 iicet
467 4395 658 4443 essent
689 4387 970 4456 supplices
1016 4395 1072 4441 et
1119 4385 1398 4454 peregrini
1431 4400 1598 4452 regno
1629 4382 1978 4454 tEgyptiaco.
2029 4381 2303 4438 Caeterum
2349 4383 2450 4440 teli
2485 4391 2750 4455 tantoque
2785 4385 2934 4439 bono
2972 4387 3261 4456 privarunt
3291 4385 3552 4442 Hebraeos

301 4471 564 4544 Egyptii,
599 4480 826 4542 propter
872 4470 1019 4540 quod
1072 4486 1183 4524 non
1233 4485 1368 4539 opes
1398 4471 1601 4533 solum,
1642 4471 1736 4526 sed
1768 4477 1823 4524 et
1870 4471 2053 4524 vitam
2083 4471 2138 4524 in
2172 4469 2474 4526 discrimen
2503 4472 2638 4525 dant
2673 4473 2928 4542 generosi
2965 4480 3020 4525 cl.
3051 4471 3224 4527 fortes
3257 4471 3380 4528 viri.
3415 4471 3552 4527 Adi-

305 4570 519 4616 mentes
564 4557 734 4628 igitur
779 4555 1026 4612 Hebrteis
1077 4556 1387 4611 libertatem
1424 4571 1521 4610 eos
1573 4555 1754 4611 fecere
1785 4571 2000 4619 servos,
2037 4556 2196 4627 quasi
2249 4558 2394 4614 bello
2448 4567 2661 4629 captos.
2696 4558 2910 4630 Duplici
2954 4560 3123 4634 igitur
3153 4561 3374 4627 nomine
3409 4575 3551 4630 pra-

305 4647 451 4702 clare
511 4660 626 4698 rem
671 4659 896 4712 gessere
941 4642 1175 4708 Hebraei,
1223 4643 1422 4712 partim
1455 4643 1604 4712 quod
1639 4651 1906 4713 caperent
1955 4646 2296 4713 mercedem,
2328 4662 2453 4718 quae
2488 4647 2626 4717 ipsis
2660 4655 3024 4719 tyrannorum
3058 4649 3269 4703 saevitia
3305 4655 3554 4716 tempore

305 4731 456 4798 pacis
511 4727 676 4802 25.5
713 4729 804 4785 diu
859 4744 969 4784 non
1016 4738 1137 4784 erat
1170 4729 1448 4798 persoluta
1483 4745 1497 4782 :
1549 4730 1748 4800 partim
1785 4729 1932 4799 quod
1978 4730 2068 4784 illa
2103 4746 2232 4786 vasa
2263 4747 2363 4786 ceu
2397 4733 2572 4800 spolia
2619 4733 2771 4801 belli,
2803 4733 2948 4804 quod
2981 4735 3272 4804 gerebant,
3299 4742 3555 4805 asporta».

305 4817 460 4876 bant.
495 4820 634 4872 citra
660 4825 932 4872 armatam
967 4816 1218 4870 militiam
1271 4813 1381 4870 Deo
1413 4817 1564 4886 ipsos
1597 4825 1981 4887 propugnante
2021 4828 2078 4874 et
2133 4820 2422 4875 victoriam
2451 4821 2863 4892 suppeditante.
2898 4821 3032 4876 Belli
3067 4823 3214 4878 enim
3246 4823 3330 4878 lex
3367 4823 3550 4876 victo-

305 4905 466 4962 ribus
492 4907 664 4960 donat
691 4919 812 4974 qua:
861 4905 992 4961 victi
1030 4904 1414 4975 possederunt.
1449 4904 1557 4960 Sed
1585 4921 1694 4961 nec
1721 4905 1883 4962 dolus
1919 4905 1976 4960 in
2027 4908 2238 4962 hostem
2272 4908 2624 4976 rcprobatur,
2668 4909 2780 4964 imo
2810 4909 3038 4965 solertia
3077 4909 3329 4978 quiedatn
3367 4909 3549 4965 credi.

307 5003 414 5046 tur.
450 4991 578 5047 llzec
615 5001 800 5046 autem
825 4993 1010 5046 omnia
1047 4992 1341 5062 designant
1382 4993 1714 5046 immensam
1760 4991 1854 5046 Dei
1902 4995 2279 5061 clementiam,
2315 4995 2410 5064 qui
2454 4995 2630 5064 magis
2661 4999 2715 5052 in
2752 4995 2900 5052 hunc
2925 4996 3171 5062 modum,
3203 5009 3371 5067 quam
3399 4995 3557 5052 casis

306 5077 580 5151 Egyptiis
610 5079 786 5150 spolia
837 5081 938 5149 legi
986 5079 1182 5133 voluit.
1245 5080 1516 5136 Prmterea
1569 5081 1776 5135 divina:
1803 5080 2180 5137 hcneficcntize
2227 5081 2620 5137 ascrihendum
2653 5091 2764 5145 est,
2795 5082 2842 5140 si
2877 5083 3022 5138 male
3056 5091 3214 5153 parta
3245 5083 3557 5139 amittimus

305 5174 362 5220 et
384 5167 734 5222 dilabuntur.
774 5164 885 5220 Nec
929 5167 1076 5220 enim
1121 5165 1425 5220 dominium
1455 5181 1647 5222 carum
1695 5181 1906 5230 rerum.
1949 5181 2094 5238 quas
2129 5169 2428 5238 capiebant
2462 5166 2706 5234 Hebraei,
2737 5167 3129 5241 Egyptiorum
3159 5180 3322 5226 erat:
3356 5171 3555 5240 impric

307 5255 412 5309 suis
437 5256 660 5312 dicente
691 5253 956 5310 Doniino:
995 5271 1013 5305 ι
1053 5252 1229 5309 Meum
1266 5264 1352 5308 est
1397 5263 1710 5325 argentum,
1765 5262 1818 5309 et
1861 5269 2042 5311 meum
2090 5267 2177 5312 est
2211 5271 2447 5310 aurum:
2480 5254 2649 5326 idque
2683 5257 2830 5313 dabo
2865 5259 2957 5314 cui
2988 5259 3219 5314 voluero
3244 5259 3312 5314 ²⁹.
3351 5277 3368 5312 ι
3428 5257 3559 5314 Heri

309 5342 528 5398 illorum
559 5352 720 5398 erant
755 5361 768 5398 :
823 5357 952 5396 nam
1003 5341 1138 5410 ipsis
1165 5341 1616 5396 concedebantur
1715 5341 1857 5402 Deo:
1903 5341 2066 5397 hodie
2108 5351 2299 5396 nostra
2331 5353 2486 5410 sunt,
2517 5351 2579 5398 nt
2617 5360 2873 5414 paremus
2903 5345 3117 5402 amicos
3143 5362 3208 5402 ex
3241 5347 3559 5405 Hammona

307 5431 620 5500 iniquitatis
642 5431 706 5484 ”.
742 5430 924 5500 Hujus
952 5439 1134 5482 autent
1165 5432 1246 5484 rei
1281 5431 1718 5500 disputationem
1764 5431 1900 5484 satis
1953 5433 2345 5500 cognovimus,
2385 5447 2508 5487 cam
2537 5448 2708 5505 supra
2733 5443 3210 5506 praeoccspantes.

381 5649 423 5680 "
453 5646 472 5698 I
505 5646 666 5701 Joan.
689 5664 744 5709 ιι,
772 5645 854 5710 ίῖ,
879 5646 1070 5718 ιλιι.
1293 5645 1308 5696 1
1340 5645 1484 5718 (ζον.
1530 5663 1614 5718 xvi
1647 5686 1660 5708 ,
1699 5647 1779 5699 15.
1866 5648 1964 5718 ῌ¹⁸ί

1974 5645 2169 5718 Matth.
2203 5662 2231 5697 ιι
2255 5683 2270 5706 ,
2327 5645 2440 5718 16η
2531 5649 2574 5678 "'
2633 5643 2786 5718 fletu.
2819 5663 2895 5702 vt.
2926 5649 3013 5704 19.
3154 5651 3198 5685 ⁸⁸
3234 5649 3348 5706 Jac.
3377 5666 3455 5718 is,
3504 5651 3557 5704 Ἰ.

194 5754 215 5773 .
308 5716 354 5750 ⁸⁵
381 5719 553 5774 Eccli.
599 5735 638 5783 ι,
675 5717 722 5774 1.
799 5718 845 5748 ’⁸
883 5715 901 5769 1
935 5719 1060 5772 flor.
1097 5731 1160 5781 tl,
1199 5714 1287 5780 12,
1328 5717 1414 5772 13.
1493 5719 1534 5748 ”
1571 5715 1728 5770 Rom.
1773 5734 1777 5768 |

1412 5757 1414 5767 π
1493 5719 1534 5748 ³³
1571 5715 1728 5770 Rom.
1773 5733 1828 5782 ιι,
1862 5715 1920 5782 5,
1945 5717 1998 5770 6.
2077 5718 2121 5747 ²¹
2149 5717 2283 5785 Agg.
2322 5731 2382 5784 ιι,
2415 5716 2472 5771 9.
2547 5718 2592 5750 ⁸³
2624 5717 2756 5773 Luc.
2795 5733 2907 5786 xvt,
2941 5722 2995 5773 9.
