4010 6212
455 294 558 358 561
1514 307 2050 370 COMMENTARII
2091 311 2172 372 IN
2208 293 2538 374 exonUM'.
2813 323 2819 329 ·
3583 301 3689 366 ut!

529 401 712 458 Media
769 415 923 462 nocte
967 424 1062 478 ego
1101 410 1376 480 ingrediar
1414 413 1468 467 in
1506 415 1734 470 medium
1778 415 2043 487 ﬁgyptii,
2083 429 2130 472 et
2191 423 2450 475 morietur
2491 435 2642 474 omne
2703 416 3109 489 primogenitum
3151 414 3205 468 in
3243 424 3384 469 terra
3442 409 3685 483 JEgypti.

451 488 573 563 (Kl,
608 491 692 564 ἐκ]
730 490 899 548 Docet
944 497 1179 564 primam
1236 500 1360 553 tnali
1407 501 1678 564 originem
1725 518 1824 558 seu
1857 505 2267 574 generationem
2309 521 2340 560 e
2375 505 2558 560 medio
2593 488 2918 560 tollendam.
2957 501 3069 558 Nec
3120 501 3264 556 enim
3316 501 3479 555 aliter
3517 499 3687 570 Ᾰίωσ

453 583 695 650 ptiacam
729 583 1066 638 evitabimus
1107 586 1298 642 vitam.
1334 586 1447 642 Hoc
1497 589 1640 644 idem
1699 591 1756 646 in
1794 587 2092 662 Evangelio
2136 591 2397 647 Chrisms
2428 593 2681 662 imperat,
2733 596 2859 647 dum
2904 591 3072 646 czrdis
3099 599 3152 645 et
3187 588 3444 643 adulterii
3481 587 3688 656 primos

451 667 733 731 surculos,
795 685 991 738 nempe
1046 672 1182 726 iram
1232 680 1288 726 et
1327 675 1689 743 cupiditatem
1737 676 2033 746 exstirpari

2137 679 2217 734 ιιι.
2265 677 2738 745 Quemadmodum
2787 677 2879 748 qui
2909 686 3072 745 caput
3105 673 3380 744 serpentis
3414 671 3687 734 contudit.

451 755 731 823 reliquum
768 757 992 826 longum
1043 761 1297 828 corporis
1343 776 1528 830 syrma
1577 763 1838 816 necavit:
1881 764 2084 834 sicqui
2135 767 2345 835 primos
2375 767 2634 820 vitiorum
2659 766 2918 819 surculos
2966 763 3240 825 eradicat,
3274 761 3442 814 etiam
3495 765 3689 812 caetera

451 857 581 910 quae
635 842 761 896 inde
822 846 1174 912 proveniunt,
1221 848 1466 901 sustulit.
1513 847 1626 902 lloc
1672 859 1857 903 autem
1920 867 2202 922 nunquam
2244 856 2484 921 eveniet,
2539 855 2646 909 nisi
2693 854 2950 923 postibus
2995 851 3209 906 nostris
3267 847 3480 903 affusus
3525 845 3690 900 fuerit

454 942 622 982 cruor
652 929 796 998 ejus,
827 933 919 1000 qui
949 932 1358 988 interfectorem
1385 936 1464 989 vel
1500 937 1808 991 occisorem
1855 937 2150 995 interfecit.
2203 939 2465 994 Bifariam
2501 949 2770 996 necantur
2805 939 3055 1003 aﬂ‘ectus,
3100 937 3315 992 scilicet
3354 933 3693 1004 primogeni—

457 1015 533 1068 tis
572 1018 956 1084 pereuntibus,
987 1028 1045 1074 et
1075 1022 1286 1096 nostris
1335 1021 1524 1088 ianuis
1557 1024 1611 1076 in
1661 1032 1838 1076 tutum
1876 1025 2164 1081 collocatis
2205 1026 2278 1080 ob
2313 1027 2690 1095 aspersionem
2736 1025 3044 1091 sanguinis.
3089 1021 3308 1076 Alicubi
3338 1027 3545 1072 motum
3575 1017 3690 1086 pri-

461 1115 612 1154 mum
643 1105 925 1168 vitiorum,
975 1107 1180 1161 alicubi
1235 1109 1470 1176 primum
1520 1110 2086 1182 vitiorttnrsiguilicat
2129 1127 2440 1168 accessum.
2483 1111 2540 1166 In
2581 1113 2778 1182 primis
2803 1129 2906 1168 nos
2945 1114 3188 1166 intentos
3223 1123 3348 1164 esse
3380 1105 3562 1168 decet,
3592 1117 3691 1156 ne-

458 1189 586 1241 cubi
625 1190 693 1242 ad.
726 1207 828 1244 nos
863 1193 1224 1260 ingrediatur.
1261 1195 1531 1251 Caeterum
1575 1196 1680 1250 hoc
1735 1179 2066 1267 assequetur
2095 1213 2280 1256 nemo.
2313 1201 2419 1254 nisi
2470 1179 2634 1254 fuerit
2673 1215 2934 1270 aspersus
2959 1197 3228 1266 sanguine
3257 1194 3373 1250 veri
3412 1193 3562 1263 agni.
3591 1191 3690 1244 Sin

456 1285 644 1328 autem
699 1278 971 1333 violenter
1021 1281 1076 1334 in
1137 1298 1262 1346 nos,
1309 1298 1433 1336 cum
1493 1283 1760 1340 fuerimus
1823 1285 2086 1341 socordes
2117 1297 2172 1341 et
2227 1287 2430 1357 ignavi,
2467 1287 2768 1356 irruperit:
2801 1286 3012 1354 primus
3060 1285 3321 1337 incursus
3349 1287 3404 1334 et
3453 1279 3695 1346 impetus

457 1360 681 1416 fortiter
712 1363 1051 1435 frangendus
1085 1376 1209 1424 est:
1244 1377 1299 1424 et
1331 1371 1594 1424 virtutum
1641 1372 2016 1439 primogenita
2043 1381 2208 1426 caute
2247 1373 2584 1426 asservanda
2615 1382 2764 1436 sttnt,
2796 1386 2864 1425 ne
2899 1369 3025 1424 mali
3054 1369 3310 1436 contagio
3334 1377 3696 1432 corrumpan-

457 1456 568 1501 tur.
604 1447 717 1502 lloc
753 1454 870 1512 fiet,
906 1456 951 1506 si
987 1464 1099 1506 tres
1126 1455 1322 1508 animze
1353 1465 1558 1525 partes.
1612 1459 1665 1510 in
1711 1473 1848 1526 quas
1881 1459 1998 1527 ipsa
2041 1457 2767 1520 dividitttryeonserventur
2805 1456 3080 1522 sanguine
3115 1468 3215 1524 per
3251 1452 3412 1506 fidem
3441 1451 3494 1503 in
3534 1448 3695 1502 Chri-

459 1543 630 1591 stum.
669 1535 960 1606 Significat
1014 1543 1162 1596 enim
1210 1545 1632 1612 snperliminare
1679 1546 1936 1600 domibus
1986 1542 2328 1614 impositum,
2363 1543 2688 1597 rationalem
2717 1543 2913 1596 animm
2939 1549 3178 1611 partem,
3219 1553 3342 1608 quae
3373 1536 3694 1591 moderatur

457 1623 818 1688 cupiditatem
851 1634 904 1679 et
941 1625 1098 1690 iram,
1135 1637 1190 1682 et
1245 1630 1298 1683 in
1343 1645 1512 1684 unum
1564 1631 1724 1700 quasi
1769 1631 2052 1686 contrahit
2085 1641 2139 1686 et
2175 1631 2386 1700 colligit
2418 1629 2648 1684 nodum.
2705 1629 2832 1684 Illas
2865 1637 3048 1698 partes
3079 1628 3154 1681 ita
3186 1625 3478 1694 gubernat,
3507 1630 3566 1676 ut
3605 1637 3697 1676 ra-

461 1710 636 1776 tione,
691 1727 799 1764 tton
844 1715 1066 1783 propria
1112 1713 1362 1770 ferantur
1407 1718 1656 1772 libidine.
1691 1719 1774 1772 lra
1813 1725 1880 1771 ut‘
1930 1725 2163 1772 acuetur
2206 1719 2271 1771 ad
2333 1717 2745 1779 fortitudinem,
2805 1715 3086 1785 cupiditas
3129 1720 3188 1767 ut
3232 1713 3376 1765 bona
3409 1724 3510 1763 nec
3542 1707 3698 1762 dant-

461 1811 600 1872 npsa
635 1808 898 1867 expetat:
951 1802 1179 1871 ipsaque
1235 1803 1418 1858 anima
1461 1805 1531 1858 ab
1562 1807 1808 1872 utrisque
1837 1805 1945 1859 illis
1990 1805 2242 1875 partibus
2290 1803 2550 1860 sublimis
2581 1805 2835 1858 vehatur.
2873 1803 2932 1856 Si
2970 1816 3102 1856 vero
3129 1799 3365 1854 all'ectus
3391 1797 3450 1851 in
3479 1795 3698 1850 homine

461 1886 620 1956 regit.
654 1889 908 1957 ratioque
939 1890 1266 1958 deprimitur
1299 1908 1313 1945 :
1365 1893 1411 1946 si
1443 1906 1604 1946 nemo
1649 1893 1898 1958 accedat,
1951 1893 2044 1962 qui
2091 1893 2516 1962 superliminare
2567 1892 2836 1961 sanguine
2862 1891 3059 1960 tingat,
3091 1887 3404 1941 animarum
3429 1883 3696 1937 'oceisot‘i

454 1969 572 2042 jam
613 1975 854 2029 maxima
899 1979 1176 2046 patefacta
1219 1989 1302 2034 est
1351 1979 1614 2035 fenestra.
1667 1979 1940 2035 Caeterum
1990 1981 2106 2036 haec
2140 1981 2324 2035 Omnia
2367 1983 2450 2035 vel
2493 1983 2770 2050 praecipue
2799 1979 2920 2048 ipso
2971 1977 3220 2032 historiae
3269 1973 3699 2042 comprobantur

458 2068 748 2116 contextu.
780 2062 998 2119 Pharao
1033 2065 1288 2136 deliquit,
1325 2075 1379 2120 et
1412 2067 1508 2137 qui
1549 2067 1689 2121 nihil
1735 2067 2014 2122 admisere
2051 2069 2402 2138 primogeniti
2453 2071 2770 2139 plectuntur
2800 2086 2814 2120 :
2846 2074 2902 2120 et
2936 2066 3260 2136 plerumque
3283 2063 3467 2116 adhuc
3507 2061 3562 2113 iu
3599 2071 3696 2111 t-u-

458 2149 550 2210 nis
597 2149 848 2218 iacentes
883 2167 984 2206 nec
1028 2153 1211 2208 adhuc
1251 2155 1380 2208 ntali
1411 2155 1494 2210 vel
1547 2157 1754 2225 peccati
1787 2170 2021 2222 capaces
2071 2153 2335 2210 infantes.
2371 2154 2490 2220 Qua
2544 2154 2760 2208 ratione
2792 2153 2882 2206 illa
2925 2151 3103 2206 caedes
3136 2151 3286 2218 justo
3311 2147 3528 2202 defendi
3563 2159 3698 2214 pos-

457 2234 584 2290 set?
638 2237 943 2306 praesertim
999 2242 1336 2296 vociferante
1381 2243 1710 2298 Ezechiele:
1744 2262 1764 2294 ι
1827 2244 2050 2308 Anima,
2089 2258 2212 2312 quae
2260 2243 2592 2314 peccaverit,
2638 2241 2755 2312 ipsa
2809 2241 3097 2294 morietur.
3139 2237 3256 2293 Nec
3281 2235 3521 2305 portabit
3553 2235 3699 2287 ﬁlius

457 2320 808 2390 Iniquitatem
843 2328 1012 2393 patris
1043 2327 1108 2377 “.
1151 2345 1170 2380 ι
1207 2327 1332 2383 ch
1367 2329 1600 2399 quaestio
1631 2344 1740 2384 non
1779 2330 1992 2384 abludit
2031 2329 2098 2383 ab
2143 2331 2232 2384 illa
2264 2371 2278 2388 .
2325 2329 2548 2400 quando
2590 2335 2931 2390 terrzemotu,
2975 2326 3138 2388 fame,
3176 2323 3468 2394 naufragio
3511 2322 3700 2374 infau-

457 2415 547 2468 tes
577 2415 825 2478 peremit.
868 2411 995 2470 Hice
1060 2416 1228 2486 igitur
1272 2424 1327 2471 et
1377 2416 1679 2472 illiusmodi
1730 2417 2142 2471 committentes
2195 2417 2387 2473 divino
2426 2418 2661 2488 judicio,
2691 2425 2844 2472 etne
2873 2415 3162 2469 videamur
3182 2415 3426 2468 movisse
3456 2425 3558 2466 nec
3589 2411 3700 2464 sol-

461 2494 614 2552 visae
639 2499 779 2556 hanc
805 2502 1189 2569 qumstionem,
1245 2511 1298 2558 et
1348 2503 1484 2558 illud
1515 2503 1804 2558 addeums.
1847 2507 2020 2556 Ozune
2056 2507 2408 2574 supplicium,
2455 2503 2605 2574 quod
2637 2521 2762 2559 cum
2793 2502 3028 2573 quadam
3065 2502 3361 2556 clementia
3390 2500 3694 2568 irrogatur.

460 2599 623 2647 nemo
677 2587 882 2642 dixerit
932 2591 1224 2660 injustam.
1283 2594 1551 2650 Praeterea
1610 2592 1854 2663 Egyptii
1891 2609 2000 2646 non
2063 2593 2458 2663 primogenitos
2504 2593 2684 2646 solum
2736 2589 3088 2644 llebmorum
3121 2590 3230 2642 leto
3255 2588 3546 2648 dederunt,
3601 2583 3697 2637 sed

461 2665 1036 2734 omne'maseulinum
1092 2682 1476 2750 perdiderunt.
1533 2681 1652 2736 Non
1707 2683 1878 2750 igitur
1921 2696 2033 2750 par'

2137 2719 2144 2741 ,
2193 2679 2239 2732 si
2311 2678 2711 2731 conferendum
2753 2676 3061 2744 exemplum
3109 2682 3225 2732 est.
3281 2672 3438 2726 luunt
3484 2683 3696 2738 poenas.

465 2756 753 2828 Ilysteria,
789 2781 910 2832 qute
962 2779 1234 2835 peragunt
1290 2767 1525 2835 llehrzei,
1580 2769 1756 2825 Moses
1805 2776 2000 2823 exacte
2040 2767 2210 2820 novit.
2262 2765 2330 2816 At
2375 2765 2478 2835 ipsi
2504 2761 2856 2832 perfecerunt
2895 2761 3008 2824 illa,
3046 2776 3146 2815 nec
3178 2767 3360 2814 tamen
3395 2764 3690 2818 noverunt,

461 2862 590 2916 qua;
617 2849 712 2904 illa
755 2863 941 2906 essent
968 2855 1257 2926 mysteria.

528 2981 610 3035 Τὰ
671 2988 1004 3057 προκείμενα
1061 2992 1201 3062 ῥητὰ
1240 2994 1478 3065 Μωῦςῆς
1531 2989 1653 3048 εἷπε
1691 2994 1767 3063 τῷ
1808 2992 2028 3063 Φαραὼ,

2204 2990 2470 3044 Caeterum
2519 2987 2800 3057 proposita
2846 2986 3008 3038 verba
3066 2985 3312 3038 elocutus
3366 2993 3451 3038 est
3500 2981 3699 3040 Mosa.

460 3069 701 3142 δηλονότι
723 3080 850 3148 πρὶν
881 3081 1116 3146 ἐξελθεῖν
1148 3085 1244 3139 ἀπ’
1279 3086 1446 3139 αὑτοῦ
1505 3085 1644 3157 μετὰ
1687 3087 1748 3138 τὸ
1803 3086 2032 3155 ἀπειλη-

463 3162 621 3233 θῆναι
655 3168 838 3223 αὐτόν.
862 3171 1046 3238 "At-.35
1086 3175 1194 3247 γὰρ
1224 3177 1551 3248 συνθέμενος
1585 3178 1781 3248 μηκέτι
1816 3177 2032 3247 βλέπειν

461 3255 628 3308 αὑτοῦ
686 3259 744 3311 τὸ
804 3264 1134 3330 πρόσωπον,
1201 3267 1301 3322 οὐκ
1367 3267 1433 3322 ἂν
1479 3268 1750 3338 εἰσῆλθεν.
1796 3269 1933 3337 Ἤδη
1975 3268 2032 3322 δὲ

461 3341 620 3396 τοῦτο
677 3351 1178 3420 προειρήκειθεδς
1229 3353 1307 3423 τῷ
1362 3354 1907 3427 Μωῦσῇ..Κὰκείνην
1937 3355 2035 3424 τὴν

465 3435 686 3508 ιντολὴν
721 3441 959 3495 ἐνταῦθα
985 3443 1200 3516 πληροῖ,
1243 3448 1338 3500 καὶ
1377 3448 1612 3518 μάλιστᾳ
1657 3447 2031 3518 ὑπομνησθεὶς

464 3527 615 3598 παρὰ
648 3529 784 3585 Θεοῦ
838 3513 1106 3601 simias-os,
1150 3557 1168 3590 ι
1209 3538 1329 3592 Ἔτι
1378 3513 1522 3610 ⁷μίαν
1571 3513 1785 3610 iisin-{qv
1845 3513 2031 3603 ἐπάξω

463 3620 556 3672 ktl.
588 3624 835 3694 'Ozpat‘o,
892 3630 1179 3700 σημαίνων
1220 3631 1320 3703 τὴν
1348 3631 1457 3686 τῶν
1489 3634 1872 3704 πρωτοτόκων,
1909 3655 1928 3683 ο
1965 3633 2030 3703 ἢν

463 3707 740 3782 ἐξεδέχετο
751 3716 1015 3788 Μωῦσῆς.

2132 3091 2192 3138 ιιι
2238 3088 2484 3152 apparet.
2530 3079 2596 3132 ad
2630 3077 2971 3132 Phazaonem
3007 3077 3328 3147 priusquam
3380 3075 3697 3146 digredere-

2131 3182 2220 3225 tur
2253 3173 2320 3224 ah
2351 3185 2439 3230 eo,
2488 3185 2611 3220 eum
2665 3168 2785 3236 ejus
2829 3167 3131 3222 audivisset
3174 3167 3374 3220 minas.
3413 3164 3544 3219 Nam
3573 3180 3700 3220 cum

2131 3263 2299 3318 semel
2345 3261 2507 3334 245
2553 3261 2890 3315 decrevisset
2934 3275 3038 3312 non
3083 3260 3322 3328 amplius
3359 3259 3534 3327 ipsius
3570 3271 3702 3312 con-

2134 3354 2338 3423 spicari
2379 3352 2600 3418 faciem,
2649 3366 2996 3422 nequaquam
3049 3350 3244 3404 iterum
3295 3351 3360 3402 ad
3396 3351 3576 3418 ipsum
3618 3349 3702 3400 iu-

2137 3447 2382 3499 troisset.
2431 3443 2551 3498 .Iam
2587 3455 2768 3499 autem
2828 3443 3162 3513 praedixerat
3203 3440 3348 3496 Deus
3378 3439 3538 3500 Mosi,
3572 3440 3703 3510 quid

2136 3551 2276 3606 opus
2333 3535 2483 3590 facto
2543 3548 2712 3590 esset.
2781 3533 3020 3588 Proinde
3083 3531 3357 3593 mandata,
3409 3539 3467 3584 ut
3513 3529 3704 3600 jussus

2136 3638 2277 3692 erat,
2324 3626 2474 3682 brevi
2525 3626 2762 3680 centieit.
2821 3623 3131 3678 Praesertim
3191 3636 3318 3676 cum
3378 3621 3706 3676 recordatus

2139 3727 2312 3781 esset,
2344 3715 2514 3772 Deum
2577 3716 2823 3771 dixisse:
2885 3733 2904 3765 ι
2939 3714 3134 3768 Adhuc
3165 3727 3332 3767 unam
3380 3710 3589 3779 plagam
3624 3711 3706 3763 in-

2138 3806 2336 3861 ducam
2369 3821 2532 3874 super
2587 3803 2955 3869 Paaraonem,
2999 3822 3017 3856 ι
3071 3803 3285 3860 scilicet
3318 3803 3707 3871 primogenita-

2139 3913 2259 3951 rum
2289 3897 2512 3963 ctedem,
2543 3911 2705 3966 quam
2740 3896 3101 3967 exspectabat
3141 3893 3336 3952 Moses.

533 4025 734 4083 Hamis
783 4031 886 4083 iste
933 4032 1076 4086 vobis
1103 4032 1174 4087 sit
1234 4032 1558 4101 principium
1604 4033 1859 4086 mensium
1899 4032 2038 4086 inter
2087 4043 2288 4082 menses
2337 4027 2486 4091 anui,
2524 4036 2631 4080 etc.
2666 4025 2818 4098 {Xll,
2877 4025 2957 4097 2.]
3010 4023 3150 4091 Quia
3203 4031 3386 4078 autem
3437 4025 3703 4081 festinato

465 4112 833 4182 ejiciebautur
864 4115 1123 4188 Egypto,
1155 4129 1211 4174 et
1253 4118 1577 4174 festinantes
1613 4120 1890 4172 faciebant
1936 4119 2062 4180 iter,
2095 4130 2205 4170 non
2239 4114 2338 4168 abs
2367 4129 2424 4168 re
2456 4114 2642 4168 vestiti
2675 4130 2828 4169 more
2865 4116 3134 4167 viatorqu
3171 4111 3440 4164 oviculaat
3471 4112 3706 4166 ederunt

463 4209 664 4257 testam
717 4203 846 4273 igne
882 4206 953 4261 ob
993 4208 1254 4275 temporis
1298 4209 1620 4262 hrewtatem
1653 4226 1666 4263 :
1703 4224 1805 4262 nec
1850 4208 1993 4261 inter
2043 4200 2490 4258 manducandum
2543 4202 2828 4271 fregerunt
2874 4215 3000 4256 ossa
3049 4207 3368 4254 scrutantes
3417 4199 3702 4263 medullas,

463 4289 608 4358 quod
646 4289 830 4346 facere
893 4303 1077 4346 amant
1111 4293 1298 4348 otiosi.
1359 4291 1471 4350 Nec
1497 4293 1661 4350 etiam
1709 4293 1900 4349 eadem
1938 4307 2108 4351 causa
2139 4292 2384 4364 impulsi,
2408 4300 2830 4366 exspectaruut,
2865 4291 3041 4346 donec
3073 4298 3190 4344 tota
3223 4302 3406 4342 massa
3444 4287 3697 4343 {rumeno

469 4375 606 4430 tiria
639 4375 1087 4434 fcrmeutaretttr.

547 4492 678 4544 Ἀπὸ
710 4492 810 4559 τῆς
843 4493 1094 4561 πράξεως
1123 4495 1278 4566 ἐτέθη
1312 4497 1378 4566 τῇ
1404 4495 1562 4566 ἑορτῇ
1594 4492 1850 4565 τοῦνομα.
1919 4493 2032 4548 Ka-

2208 4487 2293 4546 Olt
2321 4493 2482 4547 modo
2507 4501 2934 4548 commemorata
2965 4505 3030 4544 ex
3063 4505 3122 4545 re
3168 4490 3286 4560 ipsa
3316 4492 3477 4546 etiam
3511 4489 3587 4546 illi
3626 4504 3708 4543 sa-

465 4581 635 4635 λεϊται
662 4584 769 4652 γὰρ
807 4585 966 4646 time,
991 4587 1128 4655 ὅπερ
1167 4587 1283 4638 ἐπὶ
1321 4584 1578 4640 πλατέσι
1616 4585 1736 4651 τοῖς
1792 4586 2032 4655 ,ϐήμασι

2137 4598 2230 4638 cro
2285 4601 2483 4639 nomen
2527 4585 2767 4655 positum
2823 4591 2927 4639 est.
2963 4579 3098 4636 Nam
3156 4584 3471 4652 appellatur
3502 4580 3702 4642 l‘ltase,

465 4673 745 4741 χρῆσθαι.
785 4675 852 4728 '0
887 4675 950 4746 δή
983 4675 1518 4747 τινεςὲξελλήνισαν,
1547 4677 1636 4730 διὰ
1690 4677 1752 4730 τὸ
1791 4677 2030 4750 Χριστοῦ

2131 4675 2282 4744 quod
2309 4684 2415 4733 est.
2447 4677 2491 4731 si
2540 4691 2732 4730 vocem
2792 4675 3054 4744 explices,
3086 4675 3339 4742 spatiosis
3389 4674 3466 4728 uti
3509 4675 3702 4742 gressi-

467 4765 636 4828 πάθος
667 4765 841 4830 οὕτως
879 4768 1491 4840 εἰρῆσθαινομέσαντες,
1551 4771 1645 4824 καὶ
1693 4769 1910 4840 Πάσχα
1974 4770 2033 4824 τὸ

2137 4767 2252 4823 bus.
2309 4769 2578 4823 Caeterum
2625 4766 2770 4820 hanc
2823 4780 3013 4818 vocem
3071 4766 3301 4833 quinam
3357 4765 3412 4820 in
3458 4763 3704 4820 Graecam

467 4856 630 4910 Φασὲ
658 4860 1014 4929 πεποιήκασι..

533 5036 729 5100 Καλῶς
755 5039 811 5092 δὲ
835 5039 915 5100 τὸ.
953 5058 972 5091 ι
994 5039 1051 5093 '0
1075 5039 1182 5112 μὴν
1211 5033 1362 5104 οὗτος
1385 5042 1561 5111 ὑμῖν.»
1588 5040 1775 5104 "Alio;
1802 5040 1908 5109 γὰρ
1937 5039 2035 5092 ἄλι-

464 5127 596 5192 λοις,
659 5129 692 5200 ἢ
747 5130 833 5184 διὰ
875 5133 1095 5196 τόπους,
1155 5131 1188 5204 ἢ
1245 5132 1333 5186 διὰ
1403 5131 1568 5202 ὕδωρ.
1605 5131 1637 5202 ἢ
1671 5131 1760 5186 διὰ
1813 5131 2032 5190 εἴδωλα.

465 5218 677 5274 Μᾶλλον
694 5223 747 5273 δὲ
780 5223 859 5285 τὸ,
894 5224 1052 5292 ὑμῖν,
1083 5225 1310 5279 Μωῦσεῖ
1343 5241 1475 5296 φησι
1520 5226 1615 5278 καὶ
1649 5223 1726 5295 τῷ
1755 5226 1972 5284 Ἀαρὼν
2009 5229 2038 5282 ὁ

465 5310 616 5376 Θεός.
648 5313 819 5366 Τοῦτο
843 5315 954 5386 γὰρ
991 5316 1052 5368 οὐ
1095 5315 1426 5389 προσέταξεν
1456 5318 1629 5370 εἰπεῖν
1659 5320 1724 5389 τῇ
1779 5335 2037 5388 συναγω-

465 5405 536 5472 γῇ
572 5403 682 5456 τῶν
709 5405 843 5458 υἱῶν
893 5405 1130 5478 Ἰσραὴλ,
1171 5406 1308 5460 ἀλλὰ
1335 5408 1470 5478 μόνα
1519 5408 1587 5462 τὰ
1649 5409 1778 5480 περὶ
1830 5412 2038 5480 προσά-

465 5507 580 5552 του.
616 5495 705 5566 Τῷ
740 5495 844 5567 γὰρ
874 5496 1275 5570 ἀποταξαμένῳ
1297 5499 1374 5571 τῷ
1397 5501 1610 5570 κόσμῳ,
1644 5503 1740 5554 καὶ
1765 5503 2038 5570 γενέσεως

540 5675 586 5707 ’⁸
615 5674 812 5732 Each.
833 5693 984 5746 \riu,
1013 5681 1102 5734 90.

2134 4861 2376 4930 linguam
2424 4866 2724 4922 vertentes,
2776 4865 3108 4926 putaverunt
3150 4856 3444 4911 dicendum
3499 4854 3707 4910 Pascha

2141 4958 2196 5004 et
2227 4965 2335 5002 non
2370 4945 2560 5012 l’hase,
2602 4954 2828 5018 propter
2852 4947 3164 5016 passionem
3195 4945 3421 5001 Christi.

2212 5041 2443 5097 Pulchre
2491 5057 2621 5096 vero
2664 5041 2946 5097 scribitur.
2992 5057 3011 5092 ι
3044 5027 3264 5096 ’Μοιιείς
3305 5041 3396 5094 ille
3427 5039 3582 5093 vobis
3639 5041 3707 5092 sit

2144 5135 2471 5205 principium
2508 5134 2802 5198 mensium,
2844 5151 2862 5184 ι
2897 5140 3002 5188 etc.
3038 5132 3213 5186 Aliter
3249 5133 3394 5186 enim
3427 5132 3520 5185 alii
3559 5148 3708 5186 men-

2142 5245 2233 5285 ses
2283 5231 2639 5298 auspicantur
2691 5227 2846 5291 anni,
2896 5236 2993 5281 aut
3050 5227 3120 5281 ab
3172 5226 3327 5290 locis,
3373 5225 3710 5286 llumiuil-us,

2144 5319 2439 5384 fructibus,
2471 5326 2565 5373 aut
2603 5303 2670 5372 ah
2707 5317 2889 5373 idolis.
2929 5315 3024 5372 Vel
3076 5317 3166 5371 illa
3209 5331 3338 5380 vox,
3368 5315 3547 5376 vobis.
3577 5329 3712 5384 pra:-

2145 5415 2306 5481 cipue
2353 5409 2556 5465 dicitur
2605 5408 2740 5466 Mosi
2781 5416 2836 5464 el
2861 5407 3088 5464 Aaroni.
3122 5405 3240 5460 Non
3274 5407 3418 5462 enim
3471 5406 3710 5474 impera-

2146 5506 2220 5558 vit
2253 5503 2416 5565 Deus,
2448 5507 2506 5556 ttt
2534 5500 2632 5558 toti
2666 5498 2980 5557 Iudaeorum
3025 5499 3261 5554 concilio
3298 5497 3351 5552 id
3385 5499 3708 5560 narrarent;
