4010 6212
303 343 412 416 δϐθ
1601 353 1886 416 PROCOP

1991 354 2236 418 GAZ/EI
3456 356 3562 424 564

309 462 404 522 sed
436 460 631 516 saltem
665 474 787 530 qua:
815 461 1160 530 pertinebant
1203 460 1268 516 ad
1298 461 1464 516 ritum
1499 463 1620 534 agni
1653 463 1885 534 pascha-

1988 463 2181 535 ἑτέρας
2241 463 2596 536 κατάρχοντι,
2637 465 2812 536 ἑτέρῳ
2844 482 2904 518 τε
2963 466 3210 536 γεγονότι
3258 468 3439 536 παρ’ὃ
3467 464 3554 539 ἧν,

310 552 376 608 lis
429 551 746 620 nuntianda}
777 561 938 605 erant
989 550 1276 607 lsraelitis.
1331 551 1466 608 Nam
1509 553 1588 609 illi
1650 553 1743 622 qtti
1785 567 1872 607 re-

1690 553 1743 606 tti
1785 567 1872 607 re-
1983 553 2216 624 ἁρμόσει
2252 555 2333 619 τὸ,
2379 573 2397 605 t
2435 555 2492 606 Ὀ
2509 555 2614 626 μὴν
2642 549 2799 620 οὗτος
2828 556 2972 627 ἀρχὴ
3005 556 3213 627 μηνῶν.
3250 573 3269 607 ι

310 647 536 719 pudium
593 647 758 722 mittit
801 647 1030 711 mundo,
1081 657 1137 703 et
1191 649 1354 702 aliam
1429 647 1644 704 orditur
1695 647 2130 718 generationem,
2172 649 2226 704 id
2278 658 2384 715 est,
2425 661 2806 721 regeneratur,
2844 652 3102 722 congruit
3128 651 3265 708 illud
3307 650 3554 708 dictum:

266 755 270 758 ·
319 753 334 796 ς
371 734 575 809 Mensis
606 735 700 790 ille
731 735 803 790 sit
837 734 1059 790 initium
1093 736 1392 791 mensium.
1429 755 1448 789 ι

384 863 457 919 De
489 865 573 919 his
618 863 814 918 scribit
839 861 1089 920 Paulus:
1155 883 1173 915 ι
1207 863 1376 920 Vetus
1409 864 1572 920 homo
1610 878 1802 920 noster
1846 861 2152 918 cruciﬁxus
2198 871 2284 918 est
2322 861 2487 915 simul
2519 875 2645 916 cum
2675 861 2896 933 Christo
2917 863 2980 916 ’⁸.
3015 881 3035 915 ›
3069 861 3137 918 Et
3175 863 3370 917 iterum
3400 882 3415 918 :
3451 883 3467 914 α
3499 865 3553 920 Si

309 951 641 1006 eonnnortui
703 967 918 1018 smnus,
979 962 1031 1006 et
1084 953 1445 1008 convivemus
1498 969 1624 1009 cum
1659 970 1738 1014 eo
1757 953 1825 1006 *⁸.
1859 969 1880 1004 ι
1923 950 1993 1004 Ει
2033 951 2101 1006 de
2147 951 2444 1021 semetipso
2472 951 2693 1021 inquit:
2735 969 2754 1002 ι
2797 949 2928 1007 Vivo
2961 961 3144 1006 autem
3183 968 3291 1006 non
3319 954 3554 1023 amplius

309 1053 410 1106 ego
438 1057 452 1092 :
486 1037 582 1098 sed
615 1039 751 1096 vivit
782 1038 836 1092 in
871 1054 956 1094 me
980 1037 1236 1094 Christus
1269 1040 1338 1092 ".
1384 1060 1404 1093 ι
1447 1039 1678 1110 Oportet
1720 1040 1866 1096 enim
1910 1055 2012 1095 nos
2051 1039 2288 1104 renasci,
2345 1049 2400 1093 et
2433 1047 2548 1092 tum
2586 1041 2803 1094 demum
2835 1039 3176 1108 accipiamus
3199 1033 3552 1095 benedictio-

311 1141 412 1180 nes
447 1123 564 1192 Dei,
611 1140 843 1194 qttarum
887 1140 997 1180 non
1045 1127 1326 1197 particeps
1381 1126 1565 1184 factus
1611 1137 1696 1183 est
1726 1129 1951 1190 Abram,
1987 1129 2084 1181 sed
2144 1125 2461 1190 Abraham;
2495 1140 2596 1179 nec
2632 1123 2827 1190 Jacob,
2855 1126 2950 1181 sed
2981 1127 3150 1180 lsrziel
3177 1143 3191 1189 ;
3223 1141 3326 1180 nec
3362 1125 3550 1180 Simon

312 1213 522 1281 primus
564 1211 879 1283 discipulus
947 1213 1280 1279 Servatoris,
1333 1214 1428 1270 sed
1461 1213 1680 1269 Petrus.
1731 1213 1941 1268 Jacobo
2008 1211 2320 1282 Joannique
2364 1211 2667 1280 apostolica
2707 1210 2921 1266 functio
2971 1213 3300 1266 demandata
3331 1220 3416 1267 est
3444 1228 3552 1268 non

315 1301 490 1368 prius,
522 1315 689 1370 quam
723 1300 852 1354 facti
893 1301 1120 1355 fuerunt
1169 1301 1266 1355 filii
1320 1304 1554 1356 tonitru.
1603 1301 1897 1356 Nominum
1957 1299 2234 1368 siquidem
2272 1299 2528 1362 mutatio,
2559 1299 2729 1354 etiam
2771 1299 3004 1367 subjecti
3047 1301 3413 1356 mutationem
3467 1302 3555 1356 de-

312 1387 516 1455 signat.
576 1383 677 1440 llis
729 1386 901 1456 igitur
944 1387 1201 1456 congruit
1257 1385 1388 1440 illud
1442 1387 1654 1441 dictum
1695 1404 1708 1440 :
1751 1405 1770 1437 α
1817 1385 2038 1441 Initium
2093 1386 2366 1440 mensium
2401 1385 2546 1439 inter
2588 1385 2986 1450 mcnscsanui,
3025 1403 3042 1436 θ
3079 1393 3186 1440 etc.
3215 1385 3328 1440 Nec
3369 1394 3551 1440 tamen

313 1487 534 1544 semper
579 1473 676 1529 ubi
731 1474 977 1540 initium,
1031 1473 1106 1528 ibi
1156 1482 1212 1529 et
1257 1477 1496 1544 primum
1548 1475 1790 1530 videtur.
1830 1472 2076 1542 Exempli
2127 1473 2304 1540 gratia
2346 1490 2360 1525 :
2412 1470 2667 1540 Magnum
2702 1472 2973 1540 lignorum
3019 1471 3160 1542 ﬁnge
3191 1471 3282 1525 hic
3312 1476 3549 1540 positum

313 1560 619 1624 cumulum,
665 1575 900 1630 quorum
933 1561 1151 1632 singula
1202 1561 1405 1615 habent
1445 1576 1545 1617 sua
1599 1562 1870 1632 principia
1922 1569 1979 1615 et
2033 1559 2190 1626 ﬁnes,
2247 1573 2347 1613 uec
2385 1567 2568 1614 tamen
2617 1559 2833 1630 singula
2863 1567 2995 1612 sunt
3021 1560 3240 1626 prima:
3275 1558 3408 1610 illud
3442 1563 3554 1626 pri-

313 1663 462 1702 mum
494 1656 778 1712 censetur,
823 1647 970 1718 quod
1004 1649 1240 1719 primum
1287 1649 1341 1702 in
1377 1648 1632 1718 ponendo
1669 1649 1926 1704 sortitum
1962 1655 2051 1704 est
2101 1648 2308 1712 locum,
2343 1662 2469 1703 cum
2503 1662 2614 1718 quo
2643 1650 2808 1703 totius
2843 1647 3050 1703 cumuli
3083 1647 3368 1701 concurrit
3403 1647 3552 1717 prin-

313 1735 521 1804 cipium
554 1742 610 1790 et
641 1734 790 1790 linis.
824 1733 926 1790 Ubi
959 1735 1106 1790 enim
1135 1733 1302 1790 fuerit
1333 1735 1592 1806 primum,
1628 1735 1702 1790 ibi
1749 1736 2068 1802 perhibetur
2115 1734 2310 1791 adesse
2352 1745 2407 1790 et
2444 1734 2688 1789 initium.
2735 1734 2840 1790 Sed
2877 1749 2989 1790 non
3020 1734 3382 1789 convertitur.
3418 1731 3553 1788 Nam

315 1835 425 1875 non
469 1837 690 1892 semper
722 1820 815 1876 ubi
852 1821 1190 1892 principium
1240 1822 1321 1877 vel
1372 1822 1614 1888 initium,
1654 1822 1856 1878 ibidem
1889 1823 2091 1879 visitur
2119 1831 2173 1880 et
2206 1824 2467 1895 primum.
2498 1821 2768 1878 Caeterum
2803 1822 3023 1878 initium
3053 1829 3108 1878 et
3137 1823 3400 1892 primum,
3433 1837 3551 1875 am-

313 1905 407 1971 bo,
443 1908 691 1975 inquam,
748 1907 842 1964 illa
873 1916 1256 1964 convenerunt
1296 1908 1354 1969 in
1410 1908 1662 1973 ltubene,
1711 1908 1932 1967 dicente
1964 1911 2221 1968 videlicet
2267 1910 2514 1967 Jacobo:
2553 1929 2572 1963 ι
2629 1909 2820 1967 Ruben
2855 1910 3259 1983 primogenitus
3289 1924 3467 1974 meus,
3500 1917 3555 1962 et

313 1993 398 2048 vis
429 2009 570 2059 mea,
617 2001 672 2049 et
718 1993 939 2052 initiqu
993 1995 1292 2054 liberarum
1335 2009 1582 2050 meorum
1625 1995 1694 2049 "l.
1729 2015 1746 2051 I
1804 1994 1944 2054 Tum
1986 2001 2205 2056 demum
2249 2008 2434 2056 autem
2466 1998 2817 2055 transitionis
2863 1999 3118 2053 occurrit
3171 1997 3398 2060 mensis,
3431 2011 3555 2050 cum

312 2081 496 2141 exitur
524 2079 762 2152 λεωριο
793 2099 807 2136 ι
841 2081 1055 2137 scilicet
1085 2097 1208 2138 cum
1240 2081 1576 2137 deseruntur
1609 2086 1872 2149 tenebras,
1921 2095 1976 2141 et
2021 2087 2289 2142 transitur
2323 2086 2390 2140 ad
2428 2085 2608 2142 lucem
2637 2104 2650 2140 :
2691 2085 2841 2156 quod
2876 2085 3099 2160 quidem
3137 2085 3242 2142 sub
3269 2093 3400 2156 typo
3425 2097 3558 2164 quo-

313 2169 439 2230 dam
478 2183 572 2238 per
603 2183 803 2239 aquam
850 2167 1077 2224 accidit.
1125 2168 1482 2240 Quapropter
1530 2171 1623 2226 illa
1665 2173 1924 2228 transitio
1956 2181 2308 2244 nuncupatur
2363 2173 2618 2227 balneum
2647 2173 3104 2244 regenerationis,
3144 2171 3292 2242 quod
3328 2171 3547 2240 quidem

313 2255 548 2312 alterius
581 2256 960 2325 generationis
1003 2256 1216 2311 indicat
1250 2256 1491 2313 initium.
1547 2256 1702 2313 Hanc
1738 2270 1925 2314 autem
1955 2276 2139 2316 veram
2171 2261 2558 2316 transitionem
2594 2260 3000 2316 demonstravit
3028 2258 3315 2322 Christus.
3345 2259 3441 2330 qui
3473 2267 3559 2316 est

314 2358 505 2399 verum
539 2341 774 2408 Pascha,
810 2344 904 2414 qui
933 2359 1040 2400 non
1092 2343 1237 2399 venit
1276 2353 1334 2398 ut
1367 2345 1570 2411 solvat,
1603 2347 1698 2402 sed
1726 2356 1783 2401 ut
1811 2347 2033 2418 impleat
2073 2347 2270 2416 legem.
2301 2346 2455 2412 Quod
2486 2349 2670 2424 autem
2743 2347 2862 2416 ipse
2893 2347 2965 2402 sit
3000 2345 3214 2402 Pascha
3245 2345 3554 2416 spirituale,

315 2447 415 2488 nec
447 2433 578 2486 illud
626 2441 913 2488 externum
951 2433 1096 2502 quod
1126 2447 1293 2490 sensu
1337 2436 1660 2504 percipitur,
1708 2437 1845 2490 satis
1891 2436 2089 2491 edocet
2133 2435 2284 2490 hisce
2313 2434 2542 2489 verbis:
2579 2433 2695 2488 Nisi
2729 2434 2954 2488 ederitis
2992 2448 3166 2489 meam
3213 2449 3458 2497 carnem,
3496 2445 3552 2490 et

314 2521 568 2576 biberitis
609 2535 790 2581 meum
846 2521 1199 2592 sanguinem,
1230 2535 1339 2575 non
1373 2521 1649 2577 habebitis
1691 2523 1748 2577 in
1775 2523 1930 2578 vobis
1964 2523 2134 2576 vitam
2162 2524 2228 2588 ";
2263 2541 2284 2575 ι
2335 2537 2458 2592 quae
2487 2521 2714 2593 quidem
2745 2522 2934 2585 verba,
2969 2533 3171 2590 praeter
3197 2529 3384 2593 typum
3436 2535 3557 2590 my-

311 2609 610 2665 steriorum
661 2626 785 2680 qum
835 2612 942 2666 sub
989 2611 1110 2680 ipso
1147 2611 1341 2675 latent,
1379 2611 1548 2665 etiam
1579 2612 1928 2682 spiritualem
1955 2609 2250 2664 continent
2292 2609 2759 2679 speculationem,
2808 2607 2876 2664 de
2919 2623 3028 2678 qua
3084 2608 3229 2663 infra
3283 2608 3556 2666 dicemus.

315 2695 476 2759 Quod
528 2712 660 2751 vero
705 2697 789 2752 lex
829 2697 902 2758 sit
952 2698 1147 2752 umbra
1182 2707 1239 2753 et
1267 2705 1454 2768 typus,
1486 2697 1624 2752 satis
1657 2699 1830 2769 liquet
1869 2713 1934 2752 ex
1971 2698 2076 2752 hoc
2121 2698 2389 2752 oraculo:
2430 2716 2449 2749 ‹
2484 2696 2622 2752 Vide
2666 2695 2837 2750 facias
2881 2697 3066 2750 omnia
3114 2695 3418 2751 secundum
3472 2702 3558 2764 ty-

316 2801 447 2855 pum
482 2793 538 2840 et
571 2786 866 2856 imaginem
901 2784 1244 2840 tabernaculi
1294 2785 1394 2839 tibi
1427 2783 1870 2846 demonstratum
1921 2785 2086 2856 246
2117 2786 2170 2840 in
2213 2792 2401 2840 monte
2428 2785 2494 2839 “.
2530 2803 2549 2836 ι
2596 2783 2784 2838 Primo
2811 2785 3087 2853 accipitur
3116 2785 3264 2850 ovis,
3297 2784 3422 2837 dein
3455 2797 3558 2836 uo-

319 2874 593 2938 minatur,
622 2872 824 2928 deindc
855 2881 1156 2938 mactatur,
1188 2873 1269 2927 sic
1299 2873 1427 2942 igne
1463 2881 1608 2927 tosta
1636 2873 1842 2938 editur,
1880 2875 2046 2926 nullae
2093 2874 2146 2926 in
2172 2872 2479 2927 crastinum
2513 2879 2876 2926 reservantur
2908 2871 3180 2940 reliquiae.
3220 2872 3555 2942 Azymorum

319 2959 524 3016 festum
562 2969 676 3014 tum
707 2961 924 3015 demum
961 2962 1272 3032 peragitur,
1316 2961 1408 3016 ubi
1439 2960 1714 3032 Aﬁgyptus
1747 2970 1834 3018 est
1863 2961 2149 3024 derelicta,
2195 2967 2254 3015 'et
2284 2960 2578 3014 clamatur.
2616 2977 2634 3011 ι
2673 2957 2805 3012 Mihi
2841 2959 3084 3013 mundus
3121 2958 3422 3011 crucifixus
3449 2967 3553 3018 est,

315 3057 371 3108 et.
411 3062 512 3115 ego
545 3046 752 3100 mundo
783 3046 847 3099 ³¹.
881 3064 900 3097 ι
959 3045 1026 3101 Et
1059 3047 1260 3102 iterum
1297 3062 1312 3099 :
1349 3066 1366 3098 ‹
1422 3045 1648 3101 Exuens
1685 3061 1781 3102 vos
1828 3045 2173 3120 principatus
2207 3054 2261 3102 et
2303 3055 2636 3118 potestates,
2678 3053 2731 3100 et
2763 3045 3118 3114 triumphans
3147 3046 3200 3098 in
3235 3045 3386 3114 ligno
3418 3043 3484 3094 η.
3532 3060 3551 3094 ι

319 3129 625 3201 Oportebat
675 3130 830 3198 ipsos
883 3144 1084 3199 capere
1123 3130 1212 3185 die
1264 3130 1482 3184 decimo
1521 3145 1681 3195 oves,
1718 3133 2022 3186 secundum
2063 3135 2257 3189 dumos
2283 3142 2338 3188 et
2367 3133 2631 3196 familias,
2667 3148 2878 3201 easque
2912 3133 3061 3186 alere
3090 3147 3266 3200 usque
3291 3129 3359 3184 ad
3395 3127 3553 3183 deci-

317 3217 467 3271 mum
497 3233 758 3287 quarunn
800 3221 1006 3272 mensis
1050 3217 1192 3273 diem
1221 3235 1236 3274 :
1290 3219 1492 3274 deinde
1524 3220 1645 3274 ovis
1677 3221 2013 3276 nominanda
2063 3229 2205 3286 erat,
2236 3221 2508 3279 dicendo:
2543 3218 2673 3274 llzec
2703 3219 2824 3273 ovis
2859 3219 3179 3272 imn'iolatur
3211 3232 3308 3288 pro
3336 3216 3442 3270 hoc
3475 3214 3557 3269 vel

319 3308 450 3370 isto,
479 3321 586 3360 non
631 3305 1160 3361 transcendentibus
1197 3306 1334 3375 ipsis
1369 3307 1592 3361 nomina
1625 3307 1816 3362 decem
1853 3319 1908 3364 et
1931 3319 2078 3364 octo.

391 3415 668 3476 Mactatur
694 3419 896 3490 decimo
923 3430 1114 3496 quarto
1138 3419 1224 3473 die
1261 3421 1494 3474 instante
1529 3435 1760 3487 vespera,
1810 3430 1920 3476 etc.
1960 3421 2101 3494 [Xll,
2133 3421 2165 3476 6
2194 3421 2214 3494 ]
2271 3407 2464 3492 Itaque
2497 3421 2570 3480 ab
2598 3437 2666 3478 eo
2706 3432 2980 3492 tempore,
3015 3435 3127 3490 quo
3161 3419 3284 3475 ovis
3311 3420 3560 3490 eligitur.

319 3521 493 3576 usque
519 3506 588 3586 ad
624 3509 744 3574 ejus
779 3508 1232 3573 immolationem,
1285 3509 1590 3564 decurrunt
1616 3507 1734 3564 dies
1791 3510 2056 3580 quinque.
2097 3509 2160 3562 Et
2197 3525 2322 3562 cum
2360 3524 2511 3570 nunc
2543 3513 2708 3567 etiam
2749 3525 3029 3568 moremur
3066 3509 3120 3562 in
3153 3507 3412 3580 (Egypto,
3448 3522 3558 3560 nou

318 3595 506 3648 statim
542 3595 632 3649 ubi
664 3595 938 3653 ovieulam
967 3596 1374 3666 acceperimus,
1415 3594 1666 3650 eamdem
1705 3596 1992 3652 caedimus.
2042 3597 2144 3664 Qui
2182 3599 2327 3664 enim
2365 3598 2520 3666 audit
2545 3599 2614 3654 de
2641 3601 2890 3662 Christo,
2924 3609 2979 3654 et
3013 3599 3082 3653 ad
3117 3597 3277 3652 fidem
3309 3597 3558 3649 animum

311 3681 579 3746 intendit,
614 3681 662 3736 is
692 3680 976 3740 Christum
1011 3682 1248 3752 accepit.
1303 3679 1461 3740 llunc
1529 3697 1640 3738 non
1697 3683 1947 3738 immolat
1992 3695 2046 3739 et
2085 3685 2198 3740 edit
2258 3686 2434 3756 prius,
2487 3702 2650 3757 quam
2695 3687 2750 3741 in
2783 3688 3084 3756 semetipso
3115 3685 3321 3740 evoluti
3353 3681 3560 3737 fuerint

319 3769 440 3828 dies
479 3771 747 3841 quinque.
793 3770 931 3826 Cum
980 3771 1130 3826 enim
1183 3772 1423 3842 quinque
1475 3771 1649 3827 dotali
1699 3772 1877 3828 simus
1926 3773 2207 3840 sensibus,
2257 3773 2407 3831 circa
2439 3789 2582 3846 quos
2616 3775 2907 3845 spirituale
2959 3774 3209 3828 nascitur
3245 3772 3446 3826 bellum
3476 3784 3560 3823 re-
3637 3795 3645 3800 -

319 3865 480 3925 cepto
507 3857 718 3924 peccati
750 3866 981 3912 centro:
1025 3859 1130 3914 nisi
1163 3873 1193 3912 a
1227 3858 1467 3929 singulis
1491 3859 1805 3928 excipiatur
1834 3859 2121 3926 Christus,
2161 3877 2269 3916 non
2303 3863 2512 3932 poterit
2545 3863 2701 3927 caedi,
2745 3869 2800 3916 et
2833 3861 2961 3932 igne
2992 3870 3172 3916 tostus
3201 3856 3554 3913 manducari.

321 3939 425 3996 Ubi
458 3944 606 4012 enim
640 3953 808 4014 sputo
842 3959 946 4000 suo
993 3945 1280 4002 miscuerit
1331 3946 1529 4012 lutum,
1566 3957 1907 4018 nostrosque
1937 3949 2220 4004 inunxerit
2258 3950 2477 4014 oculos,
2525 3957 2584 4002 ut
2614 3957 2777 4004 acute
2807 3962 3140 4014 cernamus;
3183 3945 3276 4001 ubi
3317 3957 3558 4014 aperue-

317 4032 392 4104 rit
431 4034 618 4089 cordis
644 4034 818 4090 nostri
871 4048 1054 4099 aures,
1103 4042 1163 4089 ut
1218 4035 1488 4092 habentes
1539 4050 1705 4093 aures
1763 4036 2086 4104 audiamus;
2143 4037 2234 4092 ubi
2287 4037 2518 4099 bonum,
2549 4037 2644 4106 qui
2675 4035 2744 4090 de
2780 4035 2904 4104 ipso
2931 4035 3138 4105 prodit,
3183 4033 3400 4088 adorati
3435 4031 3556 4087 fue-

319 4121 498 4190 rimus
551 4121 800 4189 odorem,
836 4122 1060 4193 cognito
1119 4138 1322 4180 nomen
1372 4123 1497 4194 ejus
1526 4139 1651 4181 esse
1701 4132 2045 4196 unguentum
2099 4123 2369 4190 effusum;
2406 4124 2498 4178 ubi
2543 4123 2957 4194 gustaverimus
3008 4129 3062 4180 et
3111 4121 3556 4191 cognoverimus.

317 4209 465 4285 quod
500 4208 762 4265 Christus
801 4209 878 4263 sit
919 4210 1224 4279 Dominus;
1284 4213 1378 4267 ubi
1417 4213 1579 4283 quasi
1622 4211 1881 4267 manibus
1930 4211 2109 4282 ipsum
2143 4211 2708 4277 contrectaverimus,
2765 4209 2930 4265 sicuti
2981 4209 3059 4263 ait
3115 4207 3396 4270 Joannes:
3437 4224 3457 4264 ς
3494 4205 3560 4262 Et

319 4313 520 4364 prauus
552 4307 758 4354 nostrae
791 4305 1210 4354 contreetaruut
1255 4300 1323 4353 de
1372 4314 1629 4354 sermone
1674 4299 1800 4353 vita:
1830 4298 1896 4362 ⁸³,
1934 4315 1955 4350 ι
2008 4308 2114 4354 etc.
2171 4295 2268 4354 His
2312 4299 2599 4361 omnibus,
2635 4298 2882 4368 inquam,
2918 4296 3024 4352 rite
3053 4295 3317 4365 peractis,
3350 4294 3559 4364 poteri-

307 4400 444 4439 Juus
474 4384 638 4454 digne
673 4383 966 4447 mandere,
1015 4393 1070 4439 et
1129 4383 1424 4456 Egyptum
1470 4385 1750 4441 deserere.
1801 4383 2030 4440 Ovicula
2082 4391 2269 4440 autem
2298 4385 2618 4454 capiebatur
2651 4384 2742 4440 die
2768 4384 3008 4440 decimo.
3041 4382 3093 4438 ls
3135 4382 3411 4453 siquidem
3454 4396 3560 4434 nu-

320 4489 509 4550 merus
545 4471 821 4550 perfectus
879 4479 934 4525 et
991 4471 1357 4540 plenissimus
1405 4481 1512 4537 est,
1563 4487 1632 4528 ex
1667 4472 1983 4526 unitatibus
2033 4471 2216 4526 unitas
2268 4471 2514 4541 perlecta
2546 4469 2944 4541 perfectionem
2975 4477 3232 4540 generat.
3263 4467 3562 4524 Sacrifica-

319 4549 482 4612 hatur
513 4549 601 4612 die
631 4559 847 4612 decimo
877 4564 1080 4626 quarto
1121 4559 1228 4612 sub
1265 4573 1574 4629 vesperam,
1606 4558 1849 4629 quando,
1885 4566 1946 4612 ut
1995 4557 2326 4629 quibusdam
2366 4555 2604 4620 videtur,
2663 4559 2811 4614 luna:
2839 4558 3034 4628 cyclus
3064 4555 3427 4626 plenissimus
3455 4565 3560 4611 est.

317 4646 507 4714 Neque
537 4645 682 4699 enim
717 4660 836 4722 ηοεςΞ
890 4643 936 4698 si
975 4659 1087 4698 uou‘
1141 4660 1267 4700 vera
1315 4646 1404 4697 lux
1440 4646 1600 4700 nobis
1645 4645 1888 4716 perfecte
1935 4654 2126 4700 exorta
2171 4643 2359 4706 fuerit,
2389 4651 2443 4699 et
2491 4645 2558 4697 ad
2588 4659 2828 4714 unguem
2857 4643 3029 4702 animi
3068 4644 3243 4699 nostri
3276 4643 3560 4714 principa-

319 4735 425 4788 lem
459 4742 670 4804 partem
723 4732 1144 4796 lllumluaverit,
1194 4733 1501 4814 peterimus
1563 4749 1750 4787 verum
1785 4749 1942 4788 ovem
1997 4726 2289 4787 immolare
2321 4739 2375 4786 et
2412 4729 2600 4786 edere.
2634 4731 2741 4785 Aut
2775 4730 3029 4789 fortassis
3061 4731 3246 4786 obiter
3299 4728 3561 4784 sacriticii

319 4836 536 4886 tempus
588 4823 644 4874 in
689 4821 960 4891 principio
1002 4821 1156 4888 anni,
1204 4830 1260 4876 et
1308 4821 1362 4875 iu
1416 4836 1604 4876 mense
1641 4823 1819 4890 primo
1874 4820 2155 4876 definitur.
2210 4819 2548 4890 Principium
2594 4818 2738 4872 enim
2782 4817 3054 4886 omnium,
3087 4825 3142 4873 et
3182 4818 3238 4874 in
3287 4815 3563 4886 principio

318 4909 564 4964 ennium
595 4918 680 4964 est
709 4909 967 4964 Christus
1018 4911 1325 4966 secundum
1373 4920 1640 4984 teteruam
1689 4925 1755 4962 ex
1807 4919 1964 4979 patre
2018 4910 2459 4979 generationem,
2513 4906 2583 4958 ab
2616 4904 2775 4959 initio
2810 4905 2880 4959 ad
2910 4903 3073 4958 liuent
3107 4920 3283 4974 usque
3314 4901 3560 4957 sanctiﬁ-

316 5013 452 5053 caus
488 5013 612 5052 nos.
665 4994 726 5050 Et
781 4999 833 5050 in
885 5015 1072 5054 mense
1125 5015 1390 5054 novorum
1454 4999 1737 5054 fructuum
1792 4999 2111 5053 celebratur
2177 4994 2402 5050 festum.
2452 4991 2585 5046 Nam
2625 5011 2643 5044 t
2679 4993 3072 5062 prmterierunt
3109 5000 3317 5054 vetera,
3348 4998 3402 5045 et
3431 5004 3564 5044 ecce

316 5085 521 5148 munia,
565 5092 625 5138 ut
655 5085 836 5153 inquit
889 5085 1114 5151 Paulus,
1166 5103 1304 5141 nova
1357 5088 1497 5141 facta
1531 5097 1664 5142 sunt
1689 5087 1754 5140 “.
1795 5105 1812 5136 ι
1854 5085 2153 5153 Antiquam
2204 5080 2347 5136 enim
2379 5079 2690 5134 Pharaonis
2721 5078 3071 5150 tyrannidem
3103 5078 3420 5148 effugimus,
3458 5090 3560 5128 au-

315 5173 465 5242 spice
491 5181 544 5226 et
573 5173 714 5227 duce
767 5173 1016 5227 Christo.
1077 5173 1215 5229 Nam
1263 5177 1446 5246 prisco
1490 5175 1765 5230 Pharaoni
1840 5176 2018 5228 instar
2079 5168 2436 5223 Hebraeorum
2479 5166 2866 5236 gravissimam
2914 5173 3232 5220 servitutem
3265 5164 3560 5220 servimus.

321 5279 340 5314 ι
377 5257 572 5314 0.uuis
620 5261 791 5323 enim,
839 5261 931 5328 qui
986 5275 1274 5329 peccatum
1311 5264 1630 5327 committit,
1669 5276 1864 5318 servus
1909 5259 2115 5329 peccati
2147 5267 2258 5312 est.
2294 5257 2365 5307 At
2403 5269 2600 5308 servus
2631 5269 2742 5307 non
2793 5259 2976 5307 tuanet
3006 5251 3061 5306 in
3088 5251 3254 5304 domo
3289 5250 3344 5303 in
3397 5258 3560 5302 teter-

317 5363 468 5400 num.
503 5348 558 5400 Si
605 5348 779 5416 igitur
817 5349 966 5400 Illius
1001 5363 1094 5401 vos
1131 5338 1406 5413 liberavit,
1456 5365 1643 5405 revera
1693 5349 1848 5402 liberi
1884 5350 2019 5416 estis
2051 5345 2116 5396 ³⁸.
2151 5362 2169 5394 ι
2232 5343 2506 5396 Praeterea
2545 5357 2645 5394 nec
2681 5341 2850 5393 vitam
2880 5340 3169 5402 habemus,
3197 5340 3241 5393 si
3285 5354 3395 5392 nou
3425 5337 3562 5391 ede-

316 5450 490 5494 l’ttllt's
523 5438 700 5504 ipsius
761 5451 1010 5496 carnem,
1038 5443 1091 5488 et
1131 5435 1433 5490 bibet-imus
1473 5437 1591 5506 ejus
1639 5435 1988 5505 sanguinem.
2035 5431 2309 5486 (Steterunt
2345 5431 2538 5482 borum
2572 5431 2817 5481 ninnium
2863 5436 3024 5498 typus
3069 5426 3292 5496 quidam
3344 5425 3559 5478 esst-itit

390 5615 448 5646 ’δ’
468 5613 620 5667 Rom.
649 5627 721 5674 γι.
753 5609 805 5665 6.
922 5613 965 5643 ³⁸
990 5609 1029 5664 11
1068 5609 1210 5666 Tim.
1242 5628 1300 5672 ιι,
1357 5613 1440 5666 ll.
1541 5612 1586 5642 "
1621 5612 1798 5667 Galat.
1837 5627 1895 5670 tt.
1943 5609 2032 5665 20.
2145 5609 2187 5638 ’⁵
2216 5607 2350 5661 Gen.
2412 5618 2560 5674 xum,
2613 5605 2665 5658 ὅ.
2745 5604 2788 5637 ³⁸
2823 5600 2980 5674 Joan.
3014 5599 3221 5674 vt.§4._
3259 5640 3268 5646 -
3325 5601 3368 5630 ³⁸
3398 5597 3568 5674 Exod.

359 5666 744 5753 xv,l0;llebr.
809 5683 1006 5741 vtu,5.
1122 5683 1164 5740 ³,ι
1201 5666 1376 5737 tiulat.
1428 5698 1500 5747 vt,
1553 5666 1642 5735 H.
1741 5682 1784 5713 “
1820 5666 1942 5734 Utile

381 5752 538 5832 iuuit.
582 5770 697 5818 \‘Ill,
735 5752 921 5806 56-56.

1989 5696 2031 5734 s.
2081 5677 2282 5746 ".15,
2400 5672 2492 5725 ³³1
2535 5672 2694 5727 Joatt.
2746 5689 2785 5731 I.
2865 5673 2919 5750 1ῒ
3015 5670 3141 5728 “‘II
3185 5671 3314 5726 Cor.
3360 5685 3432 5735 ν,
3486 5666 3569 5729 Π,

401 5792 538 5822 ιυιιξιι
590 5792 697 5818 'Ill’
735 5792 797 5806 υ.
834 5792 921 5806 υνο

401 5819 408 5834 ι
491 5825 498 5831 .
