4010 6212
456 272 564 336 565
1009 349 1015 350 ί
1071 243 1084 254 ’
1492 277 2032 342 COMMENTARII

2118 281 2160 342 N
2199 281 2544 344 EXODUM.
3565 309 3572 318 ·
3594 289 3701 350 563

452 390 602 438 terra
656 380 1074 452 promissionis,
1134 385 1188 440 in
1240 399 1406 456 quam
1455 389 1650 444 relicta
1685 387 1922 462 Egypto
1986 391 2092 446 iter
2145 391 2557 448 accclerabant.
2590 388 2732 456 Quid
2768 390 3046 459 obstabat,
3092 393 3394 468 quominus
3433 394 3488 451 in
3519 399 3697 468 primo

456 471 663 523 men~is
701 470 788 523 die
837 471 1182 538 acciperetur
1219 473 1480 528 ovicula?
1524 475 1695 546 quid?
1732 478 2052 533 necessaria
2103 491 2222 535 erat
2277 481 2727 551 superstitiosior
2765 481 2860 535 illa
2893 481 3140 552 quinque
3179 467 3395 537 dierum
3426 467 3694 541 observa-

455 557 572 610 tio?
603 555 674 610 Ut
726 572 841 612 rem
885 558 1183 628 intelligas,
1229 563 1370 615 scito
1431 579 1598 617 unam
1647 564 1868 619 illorum
1938 577 2146 636 partem
2191 570 2510 640 signiﬁcare
2559 569 2777 624 inﬁnita
2813 573 3036 633 saecula,
3082 570 3137 624 in
3168 570 3372 640 quibus
3407 581 3548 640 erat,
3585 583 3692 640 est,

453 645 668 713 eritque
701 644 846 699 Deus
881 660 1119 716 semper.
1152 647 1336 704 Altera
1372 666 1504 706 vero
1535 667 1662 722 pars
1703 654 1913 708 indicat
1969 655 2213 712 vicinum
2263 669 2315 713 et
2367 661 2586 716 instans
2621 659 2908 722 saeculum,
2944 657 3089 727 quod
3143 657 3428 728 prioribus
3475 675 3699 718 succes-

453 732 528 785 sit
560 730 798 786 saeculis.
841 729 1042 787 Verum
1075 735 1179 789 hoc
1212 751 1454 806 prmsens
1487 741 1753 794 saeculum
1788 741 1841 795 in
1902 744 2150 814 quinque
2183 747 2541 801 distribuitur
2579 755 2635 800 et
2669 745 2943 798 dividitur
2977 755 3249 815 tempora,
3289 746 3456 801 sicuti
3508 748 3697 818 perhi-

454 819 544 874 bet
571 819 958 888 operariorum
1008 822 1063 874 in
1111 825 1431 894 evangelica
1464 825 1698 880 historia
1729 828 2064 884 similitudo.
2103 833 2340 899 Quidam
2393 849 2575 898 tuane,
2605 832 2832 904 quidam
2867 831 3000 886 hora
3040 831 3223 900 tertia,
3258 833 3484 902 quidam
3516 843 3692 899 sexta.

453 907 678 976 quidam
719 921 864 960 nona
899 917 954 961 et
989 909 1278 963 undecima
1326 911 1381 966 in
1441 913 1651 966 vineam
1702 928 1972 972 venerant
2003 933 2142 988 Opus
2181 921 2404 974 facturi.
2447 919 2630 980 Mane.
2679 919 2734 971 in
2770 919 3093 972 memoriam
3129 919 3291 976 nobis
3322 932 3544 975 revocat
3577 921 3696 990 pri-

455 1011 602 1050 tuum
636 1003 877 1065 tempus,
932 1011 1061 1066 quo,
1105 1010 1400 1066 antequam
1450 1013 1734 1070 peccatum
1764 1017 2018 1059 exortum
2061 1007 2183 1068 fuit,
2218 1009 2462 1060 Adamus
2517 1007 2568 1059 in
2601 1005 2761 1076 2.5.7
2795 1004 3055 1074 paradiso
3095 1005 3310 1073 agebat.
3347 1003 3530 1058 Tertia
3564 1007 3694 1059 hera

453 1082 702 1136 ostendit
735 1092 974 1148 aetatem,
1017 1101 1138 1155 quae
1169 1085 1273 1140 l'uit
1314 1097 1558 1155 tempore
1607 1089 1839 1146 Noachi.
1898 1092 2066 1148 Sexta
2121 1091 2472 1150 demonstrat
2507 1091 2644 1144 illud
2675 1103 2916 1160 tempus,
2945 1105 3055 1159 quo
3096 1089 3237 1146 Deus
3269 1093 3334 1142 ad
3369 1107 3549 1146 veram
3587 1091 3696 1144 Nu.

454 1171 624 1224 minis
651 1173 1024 1240 cognitionem
1069 1177 1286 1228 vocavit
1335 1175 1735 1232 :‘lliraltamum.
1789 1177 1944 1232 Nona
1986 1186 2352 1250 repraesentat
2385 1177 2572 1230 Mosen
2611 1188 2665 1229 et
2711 1179 3028 1248 prephetas.
3073 1177 3274 1244 Quinta
3301 1188 3432 1232 mtas
3463 1179 3692 1232 denota-

453 1267 548 1310 tur
578 1273 674 1327 per
712 1257 1059 1313 undecimam
1095 1260 1307 1314 horam.
1340 1261 1453 1316 Hoc
1500 1273 1768 1332 tempore,
1806 1266 1954 1336 quod
1999 1267 2218 1338 quidem
2266 1276 2351 1321 est
2386 1272 2760 1328 contractum,
2807 1264 3114 1319 novissimo
3149 1267 3403 1320 mercede
3432 1266 3698 1318 conduxit

452 1343 709 1399 Christus
741 1353 960 1415 gentes;
985 1361 1110 1415 qua:
1138 1348 1358 1417 quidem
1391 1350 1520 1404 sola:
1550 1349 1810 1407 dixerunt
1843 1370 1856 1406 :
1885 1372 1901 1404 ι
1933 1352 2106 1411 Nemo
2127 1354 2393 1407 conduxit
2415 1369 2515 1408 ttos
2545 1353 2610 1406 ³⁸.
2647 1371 2663 1403 ι
2703 1353 2985 1422 Arripitur
3027 1354 3212 1422 itaque
3245 1354 3460 1408 ovicula
3494 1355 3694 1422 primo,

453 1432 500 1487 si
531 1443 750 1502 reputes
799 1435 1142 1504 quinarium,
1193 1437 1437 1505 quinarii
1493 1440 1600 1502 die,
1650 1442 1744 1510 qui
1802 1443 2022 1511 quidem
2089 1441 2297 1496 mensis
2341 1439 2462 1494 dies
2507 1441 2757 1494 decimus
2811 1449 2922 1502 est,
2965 1449 3152 1510 typum
3183 1455 3380 1510 gerens
3413 1440 3690 1510 principii.

453 1537 564 1590 quo
593 1523 949 1592 auspicantur
1015 1539 1258 1593 prmsens
1314 1527 1596 1582 saeculum.
1632 1527 1860 1583 Ovicula
1909 1539 2093 1582 autem
2143 1537 2428 1583 asservata
2480 1542 2654 1595 usque
2681 1526 2748 1580 ad
2781 1527 3034 1596 quintam
3065 1535 3118 1581 et
3141 1535 3446 1582 extremam
3476 1535 3692 1582 aetatem

454 1611 558 1664 sub
599 1626 887 1682 vesperam
922 1613 1260 1666 caedebatur.
1298 1611 1414 1668 Non
1446 1617 1592 1668 enim
1643 1631 1914 1686 nuperum
1967 1616 2049 1670 vel
2091 1630 2288 1670 recens
2333 1625 2416 1669 est
2457 1613 2664 1668 Christi
2698 1615 3021 1684 mysterium
3055 1634 3068 1669 :
3102 1631 3132 1668 a
3161 1615 3324 1682 jactis
3357 1615 3695 1668 fundamen-

455 1698 527 1752 tis
558 1697 745 1750 mundi
785 1699 836 1752 in
885 1699 1230 1767 pnescieutia
1283 1697 1376 1754 Dei
1414 1703 1852 1758 custodiebatur.
1907 1703 2155 1757 Mortuus
2195 1711 2375 1758 autem
2416 1711 2502 1755 est
2529 1715 2626 1768 pro
2668 1702 2914 1756 nobisin
2949 1704 3213 1758 extremis
3253 1703 3443 1759 sreculi
3475 1712 3693 1768 tempo-

453 1784 633 1848 ribus,
669 1801 793 1838 cum
850 1787 1099 1840 homines
1147 1785 1332 1841 forent
1391 1788 1665 1858 profunda
1729 1791 1964 1860 caligine
2017 1789 2188 1859 capti,
2232 1795 2286 1842 et
2320 1786 2468 1842 dolis
2517 1787 2826 1858 principum
2865 1788 3030 1857 hujus
3060 1789 3247 1842 saeculi
3285 1789 3508 1858 penitus
3536 1788 3700 1843 obfu-

450 1872 612 1928 scati.
664 1873 980 1929 Dissolvens
1039 1875 1207 1944 igitur
1257 1875 1516 1930 Christus
1553 1879 1809 1932 tenebras
1841 1887 1892 1930 et
1943 1879 2116 1932 lucem
2167 1877 2457 1940 invehens,
2495 1877 2644 1931 haud
2675 1878 2958 1932 immerito
2989 1878 3202 1948 inquit:
3243 1897 3260 1930 ι
3302 1877 3410 1949 Ego
3439 1894 3558 1933 sum
3598 1877 3691 1932 lux

457 1959 646 2013 mundi
681 1963 752 2017 ³ι.
793 1980 810 2013 ι
851 1961 1061 2027 Sancti,
1096 1963 1186 2031 qtti
1241 1961 1406 2031 hujus
1450 1964 1588 2018 lucis
1629 1974 1758 2017 sunt
1799 1965 2120 2034 participes,
2165 1966 2218 2018 in
2278 1965 2384 2019 hoc
2415 1964 2620 2020 mundo
2661 1965 2836 2021 stellae
2877 1973 2930 2020 et
2959 1965 3140 2020 sidera
3172 1965 3479 2032 creduntur
3511 1974 3568 2019 ut
3597 1965 3696 2034 qui

457 2045 678 2100 valeant
707 2062 810 2102 suo
844 2047 1062 2116 fulgore
1093 2049 1377 2104 illustrare
1413 2050 1697 2104 hominum
1731 2051 1948 2103 animos
1981 2051 2223 2107 tenebris
2255 2052 2606 2108 obscuratos.

521 2131 635 2188 Sub
660 2151 883 2202 vespera
921 2139 1105 2206 itaque
1137 2136 1380 2207 intelligo
1407 2145 1710 2191 extremum
1747 2138 1932 2192 saeculi
1968 2145 2203 2207 tempus,
2248 2141 2329 2195 vel
2363 2143 2642 2203 tenebras,
2693 2141 2893 2211 quibus
2935 2142 3185 2194 humanae
3219 2149 3428 2195 mentes
3459 2139 3686 2194 fuerunt

449 2215 840 2277 obtenebratae.
867 2221 1256 2278 Verumtamen
1291 2223 1418 2292 quia
1452 2225 1815 2293 plenilunium
1839 2223 1892 2278 in
1925 2223 2199 2278 decimum
2232 2237 2494 2298 quartum
2539 2230 2775 2283 incurrit
2819 2227 2988 2292 diem,
3025 2229 3265 2297 lunaque
3293 2226 3606 2282 adulterino
3639 2234 3694 2280 ct

449 2309 690 2363 ascititio
721 2303 1138 2380 fulgore-orbem
1170 2311 1474 2375 illuntinat,
1510 2313 1884 2381 paulatimque
1916 2311 2210 2388 decrescit.
2253 2331 2509 2386 magnum
2545 2317 2854 2386 exetnplnm
2905 2325 3012 2382 est,
3045 2314 3280 2378 Sataure,
3310 2315 3403 2384 qui
3434 2315 3694 2386 princeps

448 2408 535 2453 est
573 2402 752 2454 noctis
771 2411 824 2454 et
848 2402 1229 2468 tenebrarum,
1284 2403 1628 2474 tyrannidem
1699 2403 1948 2475 viguisse
1995 2405 2051 2458 in
2105 2404 2327 2459 mundo.
2371 2402 2526 2458 Luna
2584 2403 2857 2473 siquidem
2909 2411 3116 2458 statuta
3147 2411 3255 2468 est,
3287 2410 3346 2456 ut
3377 2401 3695 2456 dominetur

451 2486 620 2541 nocti.
656 2485 748 2541 Sic
779 2489 1012 2545 Satanas
1043 2490 1416 2544 adulterinam
1463 2491 1668 2556 lucem,
1706 2492 1919 2546 scilicet
1953 2493 2246 2548 humanam
2287 2494 2641 2564 sapientiam,
2681 2492 2888 2548 inludit
2949 2493 3208 2548 humanis
3239 2493 3537 2548 mentibus.
3571 2489 3692 2545 Cae-

449 2581 630 2630 terum
675 2575 766 2628 ttbi
799 2591 964 2630 verus
1000 2591 1172 2646 agnus
1205 2593 1307 2647 pro
1367 2578 1530 2632 nobis
1579 2578 1801 2634 occisus
1849 2587 1953 2642 est,
1987 2581 2078 2649 qui
2122 2580 2268 2634 tollit
2325 2589 2608 2650 peccatum
2651 2580 2843 2635 mundi
2883 2580 3092 2634 :etiatn
3135 2581 3432 2634 demolitus
3468 2588 3552 2634 est
3595 2592 3694 2632 sua

451 2673 631 2718 morte
655 2663 877 2718 Satanae
910 2665 1282 2736 tyrannidem.
1307 2664 1422 2720 Hoc
1453 2666 1676 2736 quidem
1704 2666 1885 2720 elucet
1909 2681 1974 2721 ex
2011 2667 2235 2735 psalmis
2265 2685 2278 2720 :
2317 2687 2334 2717 ι
2376 2666 2671 2721 Exorietur
2706 2669 2760 2721 in
2781 2667 2979 2722 diebus
3015 2667 3136 2736 ejus
3172 2667 3384 2736 iustitia
3417 2675 3473 2721 et
3505 2665 3693 2720 multi-

451 2751 587 2804 tudo
615 2754 792 2822 pacis,
823 2754 997 2809 donec
1033 2769 1100 2810 es
1137 2754 1375 2811 adverso
1409 2755 1634 2810 tollatur
1688 2755 1815 2809 luna
1847 2755 1912 2807 ⁸⁸.
1964 2773 1982 2807 ι
2017 2753 2351 2812 Justilicatio
2387 2753 2535 2807 enim
2583 2764 2768 2807 manat
2805 2770 2868 2809 ex
2923 2754 3048 2818 lide,
3075 2763 3125 2808 et
3168 2769 3269 2823 pax
3299 2753 3486 2807 divina
3519 2753 3695 2806 mani-
3775 2753 3778 2756 ’

451 2839 647 2894 testata
678 2850 766 2895 est
795 2856 890 2910 per
912 2841 1216 2896 Christum.
1251 2841 1316 2896 Et
1369 2857 1434 2898 ex
1469 2843 1707 2898 adverso
1762 2844 2021 2912 princeps
2073 2841 2254 2894 noctis
2293 2848 2347 2892 et
2378 2839 2732 2892 tenebrarum
2770 2839 3024 2892 sublatus
3071 2847 3174 2893 ψει.
3227 2835 3335 2890 Nec
3365 2835 3696 2905 simpliciter

439 2926 695 3002 .Iraditur
757 2912 1078 2999 peremptus
1127 2929 1366 3006 Satanas
1398 2945 1413 2983 :
1448 2932 1542 2987 sed
1581 2946 1709 2986 cum
1743 2933 1898 3002 prius
1930 2927 2300 2984 interiecisset
2335 2924 2639 2989 hominem,
2671 2923 2789 2993 ipse
2817 2940 2882 2978 ex
2919 2922 3155 2977 adverso
3196 2937 3416 2992 quoque
3449 2938 3480 2974 e
3513 2919 3694 2974 medio

451 3016 705 3072 sublatus
728 3027 832 3072 est.
867 3017 1022 3074 Alius
1053 3019 1324 3089 interpres
1349 3019 1551 3089 inquit,
1593 3021 1695 3075 hoc
1728 3021 1848 3074 loco
1888 3020 1958 3074 oh
1988 3016 2180 3074 oculos
2215 3013 2342 3085 poni
2374 3027 2591 3067 sacram
2627 3022 2869 3078 noctem,
2907 3027 3028 3082 quae
3061 3013 3380 3064 adversetur
3407 3007 3694 3078 praesentis

452 3106 576 3159 vitae
606 3107 776 3170 nocti,
809 3109 866 3160 in
903 3123 1007 3177 qua
1041 3109 1399 3178 primogenim
1434 3107 1701 3178 fugantur
1746 3110 2007 3170 tenebrae,
2054 3104 2348 3174 omniaque
2377 3103 2443 3156 ad
2497 3102 2672 3154 lucem
2715 3101 3082 3169 ordinemque
3127 3108 3179 3153 et
3223 3097 3692 3168 pulchritudinem

452 3193 799 3260 perveniunt,
833 3195 1182 3264 mundusque
1210 3197 1264 3249 in
1294 3195 1583 3266 antiqttum
1615 3196 1812 3251 recidit
1859 3205 1912 3250 et
1967 3191 2267 3249 revolvitur
2307 3191 2500 3245 chaos.
2546 3189 2703 3244 Alius
2752 3189 3029 3255 interpres
3063 3189 3306 3256 probans
3347 3184 3520 3254 legem
3558 3197 3694 3234 cou-

451 3281 642 3336 venire
674 3297 800 3334 eum
855 3281 1098 3346 Christo,
1129 3283 1250 3337 ait:
1289 3301 1308 3334 ι
1343 3282 1472 3338 Erat
1498 3284 1645 3338 enim
1683 3283 1828 3338 idem
1886 3281 2114 3340 mensis,
2146 3279 2289 3333 idem
2321 3277 2439 3331 dies
2479 3293 2492 3328 :
2537 3291 2640 3330 nec
2689 3276 2852 3330 etiam
2893 3277 2948 3327 in
2979 3273 3110 3328 hora
3149 3274 3467 3326 aberratur.
3503 3289 3520 3321 ι
3559 3267 3692 3322 Nam

451 3381 580 3421 cum
618 3368 864 3424 Adamus
901 3368 953 3421 in
1000 3369 1231 3424 introitu
1268 3371 1428 3440 primi
1470 3371 1728 3424 nimirum
1756 3370 2083 3435 deliquiSSet
2117 3368 2343 3429 mensis,
2380 3365 2675 3439 oportebat
2710 3364 2888 3426 illum,
2923 3363 3016 3432 qui
3053 3363 3336 3432 propulsat
3385 3367 3694 3430 peccatum.

435 3455 614 3532 etiam
657 3456 712 3508 in
747 3456 969 3509 introitu
1013 3472 1108 3510 seu
1141 3473 1368 3526 vespera
1396 3459 1625 3523 mensis,
1663 3458 1882 3511 obedire
1907 3455 2049 3508 Patri
2083 3468 2258 3522 usque
2285 3453 2338 3506 in
2375 3459 2630 3512 mortem,
2669 3462 2900 3504 mortem
2930 3461 3111 3503 autem
3152 3447 3432 3503 crucis“.
3473 3445 3534 3500 Et
3565 3446 3693 3514 quia

453 3542 602 3606 circa
624 3541 931 3606 meridiem,
968 3543 1191 3612 quando
1223 3545 1474 3600 homines
1506 3546 1688 3599 cibum
1735 3545 1962 3615 capiunt
1990 3551 2042 3597 et
2065 3555 2297 3609 corpora
2321 3547 2540 3604 curant,
2577 3537 2818 3591 Adamus
2845 3537 3112 3605 peccavit,
3162 3535 3450 3605 oportebat
3478 3548 3696 3602 quoque

449 3628 628 3696 illum,
655 3631 746 3701 qui
775 3632 987 3686 crimen
1027 3633 1276 3696 tollebat,
1307 3641 1462 3688 sexta
1496 3633 1629 3687 hora
1667 3633 1720 3686 in
1749 3646 1968 3686 crucem
1999 3628 2104 3698 agi.
2139 3626 2202 3679 Et
2229 3627 2358 3695 quia
2391 3629 2494 3691 sub
2535 3638 2814 3694 vesperam
2853 3637 3106 3692 egressus
3141 3630 3226 3676 est
3261 3619 3517 3690 paradiso
3548 3618 3692 3670 Ada-

450 3731 594 3781 mus,
627 3717 817 3773 eodem
855 3721 1021 3773 etiam
1051 3729 1299 3789 tempore
1327 3721 1472 3774 haud
1508 3722 1691 3788 inepte
1719 3719 1870 3773 audit
1902 3717 2040 3770 latro
2069 3729 2081 3764 :
2131 3731 2149 3764 ι
2183 3711 2356 3768 llodie
2391 3727 2606 3767 mecum
2634 3711 2747 3767 eris
2777 3712 2829 3764 in
2867 3710 3123 3778 paradiso
3158 3709 3224 3763 ⁸ο.
3266 3728 3282 3759 ι
3310 3707 3492 3773 Qu‘tl'e
3528 3706 3696 3776 ἰδίων

451 3819 560 3859 non
597 3805 1066 3861 cazditttrovimtla
1103 3820 1254 3862 sexta
1285 3807 1442 3871 hora,
1478 3805 1571 3861 sed
1613 3805 1793 3875 potius
1821 3819 2045 3871 vespera
2077 3805 2319 3857 instante
2343 3802 2366 3854 ?
2390 3801 2697 3856 Audiamus
2745 3799 3091 3868 Scripturatn
3145 3797 3279 3850 heri
3327 3795 3694 3862 Testamenti,

447 3898 502 3945 et
529 3891 718 3946 omnia
749 3909 1056 3962 congruere
1079 3895 1439 3963 reperiemus.
1475 3892 1609 3946 Nam
1642 3891 1718 3945 illi
1744 3891 1838 3961 qui
1863 3889 2142 3945 Christum
2193 3891 2346 3943 cruci
2397 3888 2716 3953 allixerunt,
2765 3885 2820 3940 id
2861 3893 3194 3955 peregerunt
3243 3885 3375 3938 hora
3421 3898 3596 3938 sexta.
3629 3887 3692 3936 At

449 3977 692 4052 pontifex
731 3989 920 4052 noster
951 3979 1112 4036 Jesns
1141 3981 1441 4047 oviculam,
1484 3995 1649 4050 quam
1699 3977 2026 4046 assumpsit,
2085 3990 2314 4044 vespere
2367 3973 2694 4036 immolavit.
2743 3987 2866 4026 CUI“
2913 3971 3176 4040 Paschale
3215 3970 3531 4024 οοιινῖνῖιιιιι
3565 3984 3693 4022 Cm“

459 4049 580 4119 suis
615 4049 910 4136 discipulis
942 4069 1199 4138 agitaret,
1244 4069 1422 4137 iisque
1452 4049 1774 4139 dispartiret
1821 4079 1978 4119 sacra
2009 4063 2288 4134 mysteria.
2325 4060 2563 4127 Quando
2613 4073 2742 4115 vero
2800 4057 2924 4114 linis
2956 4057 3180 4112 alIertur
3214 4057 3694 4128 legis,°Evangelii

449 4147 810 4207 stabiliuntur
827 4154 1002 4207 initia.
1027 4153 1088 4208 Et
1111 4156 1199 4225 qui
1225 4157 1371 4210 intra
1396 4155 1616 4224 quidem
1651 4155 1936 4217 sacerdos,
1955 4152 2304 4206 extrinsecus
2336 4163 2468 4203 vero
2485 4147 2604 4202 ovis
2629 4147 3140 4216 erat,semetipsum
3159 4146 3378 4202 obtulit.
3399 4143 3455 4199 Si
3477 4146 3694 4200 initium

447 4237 706 4296 sacriﬁcii
739 4239 943 4296 Christi
969 4259 998 4295 a
1035 4257 1192 4297 emna
1251 4232 1634 4303 exordiantur,
1681 4239 2112 4294 conservabitur
2165 4239 2332 4291 trium
2371 4235 2584 4291 dierum
2617 4243 2672 4290 et
2725 4234 2975 4289 noctium
3017 4249 3310 4299 numerus,
3346 4233 3572 4304 quibus,
3609 4248 3696 4286 sc-

449 4328 692 4384 cundum
729 4339 917 4400 typum
941 4329 1113 4394 Jouaa,
1145 4333 1200 4385 in
1230 4339 1392 4386 terrae
1421 4329 1732 4385 visceribus
1767 4325 2186 4397 sopitus‘jacuit
2230 4337 2322 4381 :at
2355 4325 2661 4381 secundum
2711 4324 2857 4379 hanc
2893 4325 3358 4396 computationem
3410 4332 3696 4392 computa.

449 4415 602 4470 hitur
624 4425 680 4472 et
704 4416 846 4483 dies,
887 4419 943 4471 in
977 4433 1136 4486 quem
1161 4417 1500 4472 resurrectio
1540 4417 1754 4470 incidit.
2489 4427 2492 4430 λ
3675 4423 3678 4426 ‘

445 4521 456 4554 ·.
519 4503 976 4576 ηηΑεσὶρὶαιιι
1001 4501 1198 4574 singuli
1223 4505 1325 4559 sibi
1350 4520 1494 4558 ovem
1523 4519 1614 4570 per
1651 4503 1914 4571 familias,
1945 4512 2028 4558 etc

2112 4501 2219 4563 XII,
2249 4502 2331 4576 5.]
2361 4501 2620 4558 Christus
2643 4503 2790 4557 enim
2812 4502 2866 4556 in
2889 4501 3049 4556 nobis
3081 4499 3323 4572 perfecte
3353 4497 3695 4554 domicilium

449 4590 614 4648 habet
644 4594 1074 4662 participatione
1105 4594 1346 4662 Spiritus
1377 4591 1555 4648 sancti
1601 4607 1613 4642 :
1649 4606 1748 4646 nec
1780 4591 2067 4655 dividitur,
2103 4600 2159 4644 ut
2223 4590 2384 4645 docet
2431 4591 2656 4646 divinus
2695 4590 2998 4662 Apostolus
3027 4589 3096 4642 ⁸⁸.
3132 4589 3402 4644 Cancrum
3462 4587 3640 4658 inquit
3681 4603 3692 4639 :

455 4695 480 4730 ε
515 4679 574 4734 Si
609 4679 814 4736 fuerint
863 4681 1182 4752 pauciores,
1251 4695 1414 4750 quam
1485 4688 1544 4734 ut
1601 4679 1875 4735 sulliciaut
1904 4677 2134 4732 aviculae
2180 4677 2594 4743 manducandac,
2632 4685 2988 4734 accerSantur
3034 4676 3329 4746 propinqui
3360 4686 3412 4732 et
3437 4676 3622 4730 ricini.
3673 4692 3691 4723 ι

453 4769 556 4837 ριιὶ
585 4772 733 4826 enim
767 4770 1024 4828 rudiores
1054 4779 1107 4824 et
1139 4771 1475 4827 inﬁrmiores
1536 4769 1763 4832 fuerint,
1821 4784 1982 4840 quam
2005 4777 2066 4822 ut
2089 4771 2306 4839 capiant
2333 4770 2655 4840 mysterium
2695 4768 2930 4834 Christi,
2961 4768 3439 4823 conlirmalmntur
3473 4768 3525 4821 iu
3573 4781 3696 4818 rem

454 4861 732 4930 agnitione
774 4859 920 4914 nacti
962 4857 1214 4928 ejusdem
1250 4859 1494 4930 regionis
1534 4864 1823 4914 consortes
1869 4857 2218 4910 auxiliarios.
2279 4855 2416 4910 Nam
2463 4858 2508 4912 si
2551 4859 2692 4912 alios
2733 4857 3012 4911 interdum
3052 4859 3460 4920 auscultemus,
3500 4857 3697 4908 altiora

454 4957 508 5001 et
549 4946 756 5016 majora
785 4945 1165 5016 intelligimus,
1193 4960 1356 5015 quam
1383 4955 1574 5000 nostro
1627 4952 1800 4998 marte
1831 4946 2053 5013 assequi
2091 4945 2486 5014 potuissemus.
2520 4943 2612 4998 Sic
2645 4945 2940 5001 euuuclms
2975 4945 3215 5000 audiens
3240 4943 3549 5014 Philippum
3583 4943 3699 4997 dis-

453 5041 726 5088 serentem
759 5032 826 5088 de
857 5033 1118 5104 mysterio
1137 5034 1366 5095 Christi,
1401 5032 1702 5104 plurimum
1734 5033 1787 5086 in
1818 5032 2182 5102 intelligenda
2215 5031 2518 5101 prophetiae
2545 5030 2890 5086 obscuritate
2943 5031 3166 5101 adjutus
3229 5041 3336 5095 est,
3373 5047 3499 5086 cum
3541 5032 3694 5085 illum

450 5135 550 5175 ceu
582 5119 819 5174 vicinum
841 5128 1145 5174 assumeret
1176 5119 1241 5173 “.
1277 5121 1480 5175 Omnes
1503 5119 1776 5188 siquidem
1842 5121 2136 5191 propinqui
2197 5130 2251 5173 ct
2281 5118 2447 5172 vicini
2494 5133 2714 5181 sumus,
2759 5119 2804 5174 si
2838 5129 3056 5189 spectes
3091 5119 3214 5174 lidei
3268 5121 3538 5174 sinceram
3574 5118 3699 5170 reli—

451 5207 688 5277 sionem.
721 5225 739 5258 ι
782 5205 1092 5260 Secundum
1130 5219 1442 5271 numerum,
1474 5206 1676 5276 inquit,
1713 5207 2046 5272 animarum,
2094 5225 2110 5256 ι
2147 5216 2252 5261 etc.
2318 5206 2455 5260 Nam
2494 5205 2742 5260 caelestis
2770 5222 2864 5261 seu
2905 5206 3124 5262 divinus
3165 5221 3340 5278 agnus
3387 5207 3694 5260 animarum

454 5293 593 5348 solet
623 5307 746 5346 esse
784 5291 963 5346 cibus.
1093 5297 1104 5306 '
2067 5309 2072 5314 .
3092 5299 3096 5302 _

455 5365 494 5406 ’··
523 5379 650 5434 Ovis
679 5379 934 5450 perfecta,
964 5377 1282 5434 mascula-et
1317 5395 1496 5433 annua
1526 5380 1625 5434 erit
1657 5379 1825 5438 vobis.
1868 5390 1980 5436 etc.
2015 5381 2159 5453 [ΧΠ.
2199 5381 2288 5454 5.}
2313 5377 2518 5436 Omnes
2546 5382 2692 5436 enim
2730 5383 2785 5437 in
2820 5383 3046 5439 Christo
3085 5383 3286 5438 divina:
3339 5392 3495 5436 erant
3520 5380 3694 5434 notio-

456 5481 556 5522 nes
595 5477 688 5522 :et
713 5467 1018 5522 secumlnm
1045 5467 1502 5530 incarnationem,
1535 5477 1850 5536 quaenucta
1884 5478 1936 5521 et
1968 5471 2175 5525 imbuta
2213 5479 2344 5522 crat-
2385 5469 2693 5533 divinitate,
2733 5471 2986 5540 idemque
3028 5479 3145 5525 erat
3177 5469 3324 5539 quod
3353 5479 3406 5523 et
3449 5483 3696 5536 angens;

480 5694 482 5697 Ι
523 5622 908 5705 τ’..)ίδιιῂἲκκ,
943 5626 995 5678 '7.
1075 5622 1308 5705 idean.
1345 5639 1458 5692 rm,
1493 5625 1571 5680 l2.
1633 5665 1637 5668 .
1689 5628 1730 5657 ³⁸
1761 5630 1886 5687 Psal
1942 5649 2061 5689 LXXI

2119 5633 2166 5687 ἴ.
2245 5635 2286 5665 ³³
2317 5633 2555 5705 Philipp.
2625 5649 2687 5697 tt,
2717 5635 2771 5687 8.
2851 5634 2894 5664 ⁵ο
2933 5635 3063 5688 Luc.
3099 5648 3248 5695 χχιιι,
3279 5631 3365 5683 45.
3441 5626 3486 5698 ‘f’
3519 5625 3691 5682 lCor.

455 5694 498 5758 t',
535 5695 616 5748 l5.
693 5695 736 5726 δ’
765 5698 886 5748 Act.
921 5711 1044 5759 \‘ltl,
1071 5693 1136 5748 ’51
1179 5711 1332 5764 seqq.
