4010 6212
291 260 392 332 ιω
1584 269 1936 334 PROCOPII
1976 266 2218 329 GAZ:EI
3439 259 3548 327 568

287 379 410 446 ipse
441 376 607 447 igitur
631 389 731 431 ceu
747 376 1041 439 mascu'as
1073 377 1335 433 omnibus
1357 377 1643 449 ingenerat
1677 379 1768 433 Dei
1795 379 2134 449 cognitionis
2161 378 2376 435 semina
2406 396 2423 445 ;
2458 393 2674 451 nosque
2704 374 2940 450 perﬁcit,
2977 368 3282 429 secundum
3310 376 3547 440 propin»-

296 464 1191 532 tri-umeluquium,voluntariam
1226 474 1453 521 terram.
1505 468 1571 522 Et
1616 467 1750 536 quia
1801 467 1999 530 Adam,
2050 482 2151 536 pro
2200 483 2311 536 quo
2361 466 2729 532 mactabatur,
2776 463 2881 518 fuit
2938 459 3120 524 fortis,
3168 457 3335 512 etiam
3371 458 3545 528 ipsum

296 552 571 607 Christum
607 550 821 605 ﬁrmum
845 559 898 605 et
930 551 1127 608 fortem
1157 569 1281 610 esse
1313 554 1566 610 decebat.
1618 554 1765 609 Nihil
1821 557 1967 609 enim
2023 554 2153 607 ﬁiixi
2207 564 2263 609 et
2291 553 2590 609 elleminati
2629 555 2684 609 in
2731 551 2955 607 Christo
3002 562 3232 601 cernere
3260 553 3399 600 erat.
3433 546 3547 600 An-

294 656 476 705 imam,
510 648 637 703 ete.,
672 648 1008 709 quapropter
1037 642 1201 695 etiam
1234 642 1536 712 perfectam
1567 652 1619 698 et
1653 644 1944 712 integram.
1998 643 2190 697 Annus
2230 642 2374 696 enim
2425 642 2703 711 signiﬁcat
2738 652 3029 691 numerum
3066 634 3370 700 expletum,
3430 634 3547 689 sole

295 720 550 781 videlicet
571 727 888 781 abmlvente
915 726 1205 783 duodecim
1235 732 1510 785 mensium
1554 732 1737 800 spatio
1764 747 1925 785 suum
1951 730 2316 784 curriculum.
2346 728 2609 783 Prmterea
2650 725 2879 795 justitiaa
2902 722 2994 777 Sol
3033 732 3114 775 cst
3139 721 3420 779 Chrisuts,
3460 721 3545 775 lu-
3593 770 3601 775 ,

293 827 524 880 eumque
560 819 705 866 tenet
725 814 1076 877 immensam,
1111 817 1163 869 in
1191 832 1315 872 sese
1345 819 1668 883 reﬂectitur,
1702 833 2023 886 coronaque
2059 817 2321 869 bonitatis
2353 825 2614 870 censetur
2645 813 2952 871 benedicta.
2982 819 3036 864 et
3069 809 3269 875 ubique
3297 817 3351 863 et
3379 807 3540 862 undi-

294 917 400 969 que
425 901 527 954 sibi
561 902 786 970 aequalis
818 902 1124 970 similisque
1153 907 1450 974 reperitur.
1484 903 1780 975 Vitamqne
1812 906 2061 973 suggerit
2105 905 2372 957 virtutum
2419 903 2631 957 circqu
2659 903 2801 955 inter
2830 915 2889 952 se
2936 911 3316 951 conuexarum
3347 894 3541 948 amici-

296 989 385 1042 tize
418 998 471 1042 et
491 990 702 1044 ordinis
741 988 984 1044 vinculo.
1011 988 1104 1043 Vel
1138 1006 1321 1045 annua
1369 1003 1485 1047 erat
1528 993 1650 1047 ovis
1704 993 1932 1057 idcirco,
1992 991 2139 1059 quod
2184 992 2485 1061 quotannis
2544 995 2963 1045 sacrosanctum
3029 985 3248 1044 festum,
3287 982 3539 1036 celebra-

296 1079 401 1128 turi
432 1086 615 1131 essent
642 1076 739 1138 illi,
768 1077 860 1146 qui
891 1077 996 1131 sibi
1026 1078 1353 1148 palmariam
1386 1079 1660 1134 ducerent
1689 1092 1939 1135 sanctam
1975 1080 2181 1136 Christi
2209 1081 2549 1150 passionem,
2590 1085 2646 1134 et
2705 1077 2761 1130 in
2799 1091 2863 1130 ca
2897 1087 3119 1129 omnem
3159 1070 3316 1141 spem
3347 1068 3543 1125 salutis

296 1166 456 1221 sitam
494 1164 777 1217 haberent.

364 1252 439 1304 Ab
468 1253 618 1317 agnis
669 1258 718 1304 et
749 1250 937 1312 ἠιτιιὶδ,
963 1257 1071 1305 etc.
1117 1252 1324 1321 Agnus,
1359 1262 1421 1307 ut
1451 1254 1763 1323 prmscri‘bit
1798 1253 1905 1319 lex,
1937 1255 2157 1310 victima
2178 1271 2314 1326 pura
2346 1262 2399 1310 et
2429 1253 2936 1325 irrepreheusibilis
2967 1250 3311 1319 perhibetur.
3366 1246 3545 1302 Caete-

297 1353 416 1389 rum
454 1337 837 1404 hmdisempcr
871 1352 969 1406 pro
992 1339 1280 1407 expiandis
1307 1342 1547 1408 peccatis
1596 1343 1836 1405 impositi
1873 1352 2005 1395 sunt
2049 1343 2181 1397 aris.
2224 1342 2316 1397 Sic
2341 1351 2395 1396 et
2434 1342 2714 1402 Christus,
2763 1350 2823 1393 ut
2864 1337 3259 1406 inculpabilem
3299 1334 3541 1388 hostiam

298 1426 351 1478 in
378 1426 599 1480 odorem
624 1425 779 1479 home
806 1424 1120 1493 fragrantia:
1159 1430 1515 1498 semetipsum
1568 1430 1767 1483 obtulit
1818 1428 1928 1483 Deo
1973 1438 2021 1483 ct
2062 1429 2211 1483 i‘atri
2241 1449 2254 1484 :
2285 1441 2337 1484 et
2389 1441 2448 1483 ut
2497 1444 2672 1498 agnus
2705 1445 2802 1498 pro
2829 1427 3079 1496 peccatis
3112 1423 3321 1478 nostris
3352 1423 3406 1474 in
3452 1437 3542 1475 ara

298 1514 479 1567 crucis
512 1512 828 1565 immolatus
850 1521 963 1567 est.
999 1513 1165 1581 Atqui
1208 1513 1377 1567 edunt
1426 1529 1534 1567 non
1560 1516 1834 1580 similiter,
1885 1516 1980 1570 sed
2017 1517 2255 1571 diversis
2311 1518 2489 1573 modis
2535 1532 2633 1586 pro
2682 1517 2955 1585 cujusque
3003 1516 3227 1581 ingenio
3258 1522 3312 1565 et
3346 1512 3548 1564 virtute

298 1601 485 1654 edunt.
511 1596 619 1653 Nec
645 1599 792 1652 enim
822 1616 1015 1654 omnes
1050 1601 1232 1655 idonei
1274 1611 1425 1666 sunt,
1470 1609 1526 1654 ut
1559 1613 1852 1657 vescantur
1882 1619 1985 1658 ove
2025 1605 2108 1657 vel
2153 1604 2483 1673 quibusdam
2536 1605 2785 1673 partibus
2839 1605 2980 1657 ovis.
3028 1599 3221 1654 Plures
3253 1605 3549 1652 vesmuitur

304 1687 479 1739 Inedo.
518 1685 769 1750 Quisnnt
803 1686 1054 1754 perfecti,
1087 1694 1142 1740 et
1193 1687 1481 1753 repudium
1544 1689 1817 1742 miserunt
1859 1700 2103 1759 peccato,
2137 1692 2213 1745 illi
2259 1693 2514 1744 victitant
2561 1692 2740 1758 agnis.
2772 1690 2919 1756 Quia
2957 1690 3225 1744 Christus
3253 1696 3337 1740 est
3372 1700 3547 1750 agnus

302 1774 420 1833 ltei,
445 1775 536 1841 qui
565 1773 705 1826 tollit
732 1783 1016 1844 peccatum
1050 1775 1262 1828 mundi.
1300 1774 1401 1841 Qui
1435 1774 1614 1829 adhuc
1648 1779 1887 1846 peccatis
1909 1787 2037 1832 sunt
2064 1779 2317 1848 subjecti,
2345 1779 2528 1832 cibum
2574 1779 2803 1845 capiunt
2835 1775 2902 1828 de
2942 1776 3137 1829 hzedis.
3192 1774 3255 1827 Et
3283 1772 3544 1825 nimirum

299 1862 401 1914 huc
427 1860 558 1914 illud
579 1870 684 1924 est,
717 1863 860 1929 quod
887 1862 1091 1915 dicitur
1142 1861 1424 1916 Christum
1473 1872 1761 1917 saturasse
1818 1880 1912 1917 eos
1955 1866 2045 1933 qui
2081 1866 2260 1931 ipsum
2294 1866 2722 1925 comitabantur,
2768 1880 2878 1917 non
2922 1864 3141 1923 iisdem,
3179 1862 3273 1914 sed
3307 1860 3544 1913 diversis

301 1947 535 2014 panibus
569 1964 582 2001 :
610 1948 876 2015 quosdam
913 1947 1255 2010 hordeaceis,
1287 1947 1552 2016 quosdam
1594 1963 1660 2002 ex
1698 1950 1881 2003 tritico
1912 1953 2110 2007 coctis.
2146 1951 2303 2005 Parit
2358 1954 2528 2022 igitur
2563 1952 2889 2006 hordeaceis
2918 1950 3157 2020 panibus
3187 1949 3332 2005 illos.
3359 1946 3449 2014 qui
3478 1945 3549 2022 ob

300 2034 638 2088 inconditam
670 2045 723 2087 et
749 2035 1047 2087 belluinam
1076 2034 1266 2098 vitam,
1297 2036 1664 2102 nequiverunt
1702 2051 1901 2105 capere
1923 2043 2198 2107 puriorem
2224 2048 2274 2093 et
2314 2021 2589 2092 tritieeum
2632 2055 2849 2108 panem,
2884 2039 3113 2092 scilicet
3145 2035 3455 2089 Christum.
3482 2021 3548 2087 Ει

301 2121 427 2188 quia
460 2121 622 2190 hujus
657 2120 846 2173 fariuze
879 2123 1060 2190 plures
1101 2129 1230 2175 sunt
1268 2123 1516 2176 homines
1545 2138 1708 2190 quam
1743 2125 1837 2191 pii,
1874 2137 2083 2197 septem
2111 2128 2409 2181 traduntur
2441 2126 2615 2180 fuisse
2675 2142 2845 2194 panes
2886 2123 3204 2178 hordeacei.
3239 2120 3341 2174 llic
3395 2120 3544 2174 cnim

301 2226 566 2264 numerus
598 2210 872 2280 perlectus
899 2220 951 2265 et
982 2213 1176 2281 plenus
1218 2212 1466 2268 habetur.
1521 2212 1916 2281 Signilicautur
1969 2215 2149 2284 itaque
2180 2216 2297 2276 illi,
2334 2216 2428 2284 qui
2475 2213 2698 2283 plurimi
2737 2221 2886 2271 sunt,
2928 2212 3020 2280 qui
3057 2209 3252 2263 sedent
3282 2208 3542 2262 manibus

301 2297 530 2365 pressis,
573 2313 673 2350 nec
702 2309 1007 2366 operantur
1044 2300 1173 2352 dum
1210 2300 1329 2353 dies
1386 2308 1489 2354 est.
1523 2300 1589 2354 At
1643 2316 1809 2369 panes
1841 2303 2088 2358 triticeos
2127 2304 2305 2357 fuisse
2337 2305 2583 2373 quinque
2620 2300 2676 2353 in
2713 2301 3024 2353 litterarqu
3063 2302 3419 2350 monumenta
3457 2309 3547 2350 re-

304 2387 472 2437 latum
510 2393 615 2439 est.
642 2383 761 2438 Non
785 2386 929 2438 enim
964 2384 1106 2439 fame
1138 2393 1483 2454 premuntur,
1516 2388 1610 2454 qui
1638 2389 1926 2453 meliorem
1953 2398 2165 2442 niturzc
2200 2399 2491 2444 sectantur
2521 2389 2865 2451 instinctum,
2905 2384 3211 2439 secundum
3252 2397 3541 2436 numerum

302 2485 584 2526 sensuum.
646 2471 753 2525 Sed
811 2471 913 2525 hos
971 2487 1186 2540 smuper
1230 2482 1415 2542 pastos
1473 2483 1528 2527 et
1580 2475 1805 2528 satiatos
1866 2475 2065 2529 habent
2121 2492 2259 2543 pane
2329 2477 2792 2537 rationali,sicuti
2832 2473 3098 2541 scripturn
3174 2477 3257 2525 est
3293 2485 3307 2523 :
3349 2487 3368 2520 ί
3429 2466 3543 2521 Non

298 2559 579 2623 csurient,
621 2573 798 2627 neque
864 2559 1075 2621 sitiunt,
1128 2575 1306 2630 neque
1352 2562 1619 2617 nutabunt
1680 2564 1823 2616 oculi
1869 2575 2055 2615 eorum
2086 2564 2149 2617 ⁸³.
2201 2583 2218 2615 i
2255 2561 2380 2616 Vult
2415 2573 2594 2617 autem
2621 2562 2765 2615 illam
2810 2561 3079 2615 oviculam
3130 2572 3254 2613 esse
3303 2558 3548 2623 inculpa-

300 2646 461 2701 bilem
519 2655 573 2699 et
625 2646 918 2709 sinceram,
968 2649 1176 2701 scilicet
1230 2656 1288 2701 ut
1342 2648 1557 2718 fugaret
1600 2657 1654 2704 et
1704 2651 1907 2703 deleret
1958 2651 2167 2719 pe'cati
2210 2653 2433 2719 ‘culpam
2478 2658 2530 2705 et
2561 2651 2891 2705 rwIIiIillelll.
2932 2646 3081 2701 Licet
3131 2644 3389 2699 Christus
3425 2657 3548 2711 pec-

295 2743 416 2787 rata
442 2741 628 2787 nostra
655 2734 708 2789 in
746 2750 805 2787 se
838 2732 1248 2798 lransmovcrit,
1278 2745 1331 2789 et
1361 2736 1581 2790 morbos
1614 2744 1833 2789 nostros
1863 2737 1977 2804 ipse
2004 2740 2323 2806 portaverit,
2351 2754 2458 2792 non
2497 2749 2677 2791 tamen
2714 2750 2911 2805 passus
2937 2743 3044 2798 est,
3076 2741 3133 2785 ut
3164 2746 3263 2785 sua
3294 2733 3549 2799 passione

297 2822 401 2875 sibi
426 2862 439 2883 ,
472 2823 564 2891 qui
596 2831 826 2890 peccato
850 2821 1094 2881 carebat,
1130 2823 1517 2877 mediraretur.
1548 2822 1712 2894 249
1746 2843 1764 2874 ι
1802 2821 2064 2877 Teutalus
2098 2825 2243 2879 enim
2279 2834 2363 2878 est.
2388 2840 2483 2893 per
2514 2823 2703 2876 omnia
2736 2823 3039 2876 secundum
3081 2817 3254 2873 nostri
3283 2817 3547 2871 similitu-

296 2908 505 2972 dinem,
536 2921 728 2962 verum
772 2909 979 2975 absque
1037 2918 1261 2974 peccato
1289 2908 1358 2962 “.
1398 2928 1415 2960 ι
1458 2908 1563 2962 Lex
1627 2913 1795 2972 enim,
1840 2927 1961 2980 quas
1995 2914 2330 2980 sequebatur
2362 2914 2538 2966 lucem
2593 2915 2645 2965 in
2693 2912 2951 2965 tenebras
2985 2909 3387 2978 splendentem.
3422 2922 3540 2961 eum

298 3010 405 3050 non
439 2994 821 3064 apprehendit.
853 2992 986 3046 Nam
1005 2994 1089 3049 lex
1112 2994 1363 3049 homines
1379 2996 1669 3049 constituit
1701 2997 1985 3065 pontiﬁces
2013 2999 2272 3052 habentes
2295 2999 2691 3054 inﬁrmitatem.
2728 2997 2896 3052 Porro
2927 3010 3105 3052 sermo
3161 2991 3545 3063 jurisjnramli,

297 3082 388 3150 qui
426 3097 590 3149 supra
624 3082 793 3148 legem
831 3079 948 3144 l'nit,
988 3079 1185 3134 Filium
1234 3084 1523 3137 constituit
1554 3084 1607 3135 in
1649 3094 1912 3138 azternum
1944 3094 2413 3150 consummatum.

370 3166 438 3220 Et
478 3166 783 3220 mocmbnnt
812 3168 981 3235 ipsam
1030 3169 1278 3221 universa
1318 3167 1604 3222 multitudo
1646 3185 1865 3239 congre-
1905 3189 1945 3240 Α

2061 3169 2244 3241 Ὁρᾷς,
2284 3173 2367 3224 ὅτι
2394 3172 2525 3225 ἄνευ
2555 3170 2792 3239 αἵματος
2820 3169 2919 3239 οὐχ
2952 3161 3062 3220 οἷόν
3091 3183 3152 3219 τε
3191 3160 3261 3237 ἦν
3298 3162 3548 3233 γενέσθαι

297 3258 555 3333 galinnt's,
601 3268 704 3312 etc.
743 3257 880 3329 [ΧΗ.
929 3257 1010 3332 6.]
1060 3258 1197 3324 Quia
1252 3259 1389 3313 citra
1444 3260 1727 3329 sanguinis
1785 3259 1873 3313 l‘u-

1981 3261 2280 3328 σωτηρίαν,
2337 3259 2463 3313 οὔτε
2524 3262 2638 3324 τοῖς
2704 3263 2981 3332 πρώτοις,
3031 3255 3154 3314 οὔτε
3210 3257 3323 3317 τοῖς
3393 3252 3549 3326 ἐσχά-

301 3351 507 3405 sionem
545 3364 643 3404 nec
699 3351 1001 3418 majoribus
1037 3365 1137 3404 nec
1168 3352 1403 3420 posteris
1434 3351 1585 3407 salus
1612 3352 1870 3406 obvenire
1975 3366 2088 3414 τοις
2120 3351 2256 3422 (75).

301 3447 533 3507 pOlcrat.

372 3528 499 3583 Post
525 3529 726 3585 caedem
754 3531 981 3585 oricula:
1015 3531 1397 3602 imperavit.ut
1429 3534 1828 3603 inungerentur
1862 3549 2059 3588 cruore
2082 3544 2269 3604 postes
2307 3545 2363 3589 et
2387 3535 2829 3605 superlimiuare.
2850 3535 2952 3589 Sed
2978 3531 3189 3602 quare?
3222 3538 3280 3585 ut
3312 3527 3550 3599 pretioso

301 3618 565 3686 sanguine
601 3619 912 3673 munientes
947 3628 1191 3674 nostram
1243 3628 1510 3674 terrenam
1541 3621 1953 3686 habitationem,
1985 3636 2237 3686 mortem,
2266 3640 2386 3694 qua-
2424 3607 2677 3693 sequitur
2699 3623 3199 3693 prmvariratiouem
3253 3618 3410 3688 legis.
3453 3630 3549 3685 per

298 3705 581 3759 Christum
610 3708 773 3759 vitam
799 3708 1047 3776 corporis
1080 3708 1254 3762 nostri
1306 3710 1723 3778 prOpulsemus:
1771 3718 1825 3760 et
1884 3710 1934 3763 in
1970 3710 2071 3765 hoc
2119 3730 2317 3768 cruore
2339 3715 2571 3769 subinde
2604 3714 2814 3767 hostem
2855 3725 3105 3766 nostrum
3135 3719 3548 3779 persequamur.

299 3796 770 3862 Quemadmodum
856 3799 1231 3867 imperaturiar
1306 3808 1500 3854 statua:
1542 3839 1557 3861 ,
1623 3800 1873 3869 quamvis

1980 3800 2247 3871 Καθάπερ
2285 3803 2333 3856 οἱ
2382 3802 2696 3872 ἀνδριάντες
2744 3801 2795 3853 oi
2841 3798 3133 3870 βασιλικοὶ,
3185 3797 3233 3849 εἰ
3285 3796 3377 3848 καὶ
3411 3791 3550 3860 i353-

302 3889 413 3942 sint
448 3890 780 3952 inanimatae,
816 3906 932 3956 eos,
963 3892 1054 3961 qui
1088 3891 1155 3945 ad
1192 3893 1342 3961 ipsas
1371 3891 1717 3961 confugiunt,
1754 3880 1885 3947 ser:

1979 3910 2084 3963 χοι,
2110 3891 2223 3945 ἀλλ’
2255 3895 2404 3961 ὅμως
2436 3894 2560 3955 τοὺς
2616 3892 3063 3959 καταφεύγοντας
3117 3886 3393 3956 ἐμψύχους
3457 3883 3552 3935 καὶ

303 3995 431 4035 vare
494 3974 692 4046 solent,
757 3982 837 4036 sic
886 3982 1109 4049 sanguis
1155 3984 1591 4053 agni,quaunis
1623 4000 1786 4039 sensu
1820 3994 1873 4039 ct

1979 3986 2233 4055 αἴσθησιν
2267 3985 2488 4054 ἔχοντας
2525 3984 2850 4055 ἀνθρώπους
2900 3981 3187 4044 σώζουσιν,
3221 3980 3325 4031 οὒκ
3363 3973 3548 4044 ἐπειδὴ

303 4073 483 4131 anima
506 4082 723 4140 careat,
760 4076 1480 4144 aspersus‘superliminari,
1520 4074 1872 4134 llebrzcorum

1980 4078 2189 4139 εἰκόνες
2224 4080 2382 4140 εἰσὶν,
2421 4078 2535 4131 ἀλλ’
2570 4076 2653 4129 ὅτι
2692 4076 2786 4129 τοῦ
2825 4074 3088 4145 Baiarum;
3121 4089 3134 4101 ⁶
3188 4070 3331 4124 οὕτω
3363 4068 3427 4135 δὴ
3458 4067 3551 4119 καὶ

303 4169 534 4221 salutem
591 4175 805 4223 tutatus
868 4176 974 4234 est,
1037 4169 1313 4224 exsistens
1377 4177 1540 4239 typus
1590 4171 1874 4241 sanguinis

1978 4170 2040 4224 τὸ
2073 4164 2214 4239 uiua.
2241 4169 2336 4223 τοῦ
2371 4169 2547 4239 ἀμνοῦ
2570 4167 2890 4239 ἀνθρώπους
2926 4167 3131 4218 ἔσωσεν
3160 4162 3294 4233 (76),
3324 4159 3438 4215 ἀλλ’
3467 4160 3548 4213 ὅτι

302 4256 527 4313 (ληίδίίο
1965 4260 2060 4314 τοῦ
2088 4262 2319 4329 αἵματος
2353 4260 2445 4314 τοῦ
2487 4243 2724 4331 Χριστὶῦ
2755 4259 2926 4321 τύπος
2956 4253 3045 4327 ἦν.

375 4348 648 4403 Caeterum
681 4364 783 4404 nos
817 4350 1108 4418 ﬁngamus,
1141 4350 1396 4417 corporis
1431 4348 1608 4403 nostri
1644 4348 1789 4404 rores
1814 4364 1936 4402 esse
1967 4364 2187 4403 sensus.
2221 4351 2326 4403 Per
2370 4349 2472 4403 hos
2504 4348 2775 4403 conﬂatur
2804 4348 2961 4401 nobis
2996 4345 3287 4398 all'ectnum
3318 4353 3548 4393 concer-

304 4436 438 4489 tatio
464 4436 728 4489 etanimae
750 4436 1030 4488 interitus.
1060 4433 1133 4487 De
1156 4435 1242 4489 his
1268 4436 1323 4487 in
1361 4437 1504 4489 hunc
1532 4434 1752 4487 modum
1781 4435 2112 4491 vaticinatur
2154 4435 2269 4491 Joel
2298 4451 2311 4488 :
2346 4455 2364 4486 ε
2403 4435 2575 4490 Fures
2626 4436 2848 4504 quidam
2905 4431 3284 4501 ingredientur
3319 4443 3415 4498 per
3466 4427 3550 4493 ja-

304 4537 445 4575 nuas
475 4533 684 4576 vestras
717 4522 782 4575 ”.
818 4540 836 4573 ι
871 4521 986 4575 Non
1041 4521 1188 4575 enim
1270 4530 1429 4576 erant
1473 4523 1657 4577 oblitae
1702 4537 1887 4577 cruore

1974 4524 2155 4578 hristi.
2199 4523 2315 4576 Duo
2358 4536 2543 4592 posws
2592 4534 2647 4577 et
2696 4520 3119 4591 superliminare
3145 4516 3456 4583 designant.
3493 4521 3551 4564 ut

306 4610 516 4665 dictum
556 4618 662 4669 est.
697 4621 808 4663 tres
837 4609 1032 4663 animae
1067 4617 1271 4677 partes.
1307 4608 1604 4672 Caeterum,
1658 4611 1832 4675 inquit
1882 4611 2129 4680 quidam,
2186 4612 2367 4664 anima
2415 4611 2725 4680 pra-cipiias
2776 4613 2917 4662 vires
2956 4623 2984 4660 a
3019 4605 3287 4674 sanguine
3327 4601 3547 4670 accipit.

308 4697 428 4750 Non
455 4696 602 4750 enim
632 4696 939 4765 quantitas.
981 4696 1076 4750 sed
1100 4696 1278 4751 virtus
1313 4697 1506 4767 gratiae
1539 4697 1662 4755 beat
1692 4713 1841 4758 cum,
1875 4700 1967 4766 qui
1999 4700 2117 4751 ﬁdei
2158 4713 2216 4753 se
2248 4697 2497 4767 subjicit.
2524 4698 2795 4752 Praeterea
2842 4695 3049 4750 Christi
3080 4692 3412 4762 Supplicium
3450 4689 3548 4742 de-

307 4794 531 4838 notatur
560 4784 848 4853 sanguine.
879 4781 1081 4838 Verum
1140 4782 1261 4839 vide
1318 4784 1596 4855 quomodo
1643 4785 1890 4840 sanctita1

2055 4794 2437 4857 gnsequantur
2483 4785 2587 4852 ipsi
2624 4784 2814 4855 populi
2855 4784 3260 4844 sacriﬁcantes,
3301 4778 3394 4847 qui
3423 4784 3551 4831 Sunt
3624 4850 3636 4853 _

306 4886 494 4923 revera
527 4870 898 4923 sacerdotium
927 4879 1179 4924 sanctum
1213 4879 1265 4925 et
1287 4886 1465 4940 genus
1490 4871 1753 4931 electum,
1791 4880 1844 4923 et
1885 4873 2119 4941 populus
2157 4872 2211 4925 in
2243 4871 2667 4939 acquisitionem
2713 4870 2782 4924 ⁸⁸.

381 4956 444 5009 Et
474 4957 625 5010 edent
665 4972 848 5010 carnes
881 4973 942 5011 eo
965 4966 1112 5010 nocte
1140 4965 1307 5012 tostas
1342 4958 1477 5028 igne.
1527 4956 1667 5031 [ΧΗ.
1698 4958 1782 5030 8.]
1825 4957 1949 5013 Vult
1974 4975 2131 5016 suum
2162 4974 2367 5027 corpus
2392 4958 2556 5013 nobis
2592 4957 2790 5013 cedere
2816 4959 2869 5011 in
2904 4955 3182 5010 alimenta.
3208 4953 3548 5019 Quapropter

307 5044 527 5099 eﬁiurre
554 5046 759 5115 patitur
797 5047 1141 5114 sanguinem,
1182 5045 1342 5111 cujus
1393 5049 1719 5115 aspersione
1780 5048 1833 5100 in
1872 5047 2056 5115 fugam
2100 5048 2334 5100 vertitur
2382 5054 2706 5114 persecuntur
2745 5052 2802 5099 et
2854 5044 3048 5097 hostis.
3086 5040 3222 5095 Nam
3259 5032 3545 5109 postquam

306 5134 461 5186 uncti
490 5132 779 5195 fuerimus,
812 5147 907 5186 seu
952 5132 1143 5186 imbuti
1171 5133 1293 5201 ejus
1322 5134 1615 5202 sanguine,
1676 5137 1724 5190 id
1762 5146 1867 5199 est,
1918 5134 2008 5189 ubi
2060 5133 2459 5188 crediderimus
2485 5134 2539 5188 in
2582 5133 2888 5195 Christum,
2924 5140 3056 5184 tunc
3093 5128 3443 5200 procedimus
3475 5121 3545 5176 ad

305 5236 460 5274 esum
499 5222 748 5274 carnium
789 5222 914 5289 ejus
948 5238 962 5273 :
998 5241 1017 5271 ι
1056 5220 1238 5276 Edetis
1264 5230 1444 5274 autem
1464 5237 1558 5276 eas
1591 5223 1679 5275 illa
1708 5233 1889 5282 nocte.
1921 5242 1940 5275 ι
1970 5223 2181 5277 Scilicet
2242 5223 2296 5276 in
2330 5207 2583 5290 praesenti
2637 5220 2739 5274 hoc
2782 5220 3008 5282 szeculo,
3049 5214 3357 5273 secundum
3388 5226 3540 5273 eum,

307 5307 401 5376 qui
440 5309 612 5391 inquit
652 5324 666 5363 :
706 5326 726 5360 ‹
762 5308 875 5362 Nox
902 5310 1202 5379 praecessit,
1235 5318 1292 5362 at
1323 5309 1443 5366 dies
1467 5311 1923 5381 appropinquavit
1957 5309 2022 5363 ³⁷.
2059 5328 2077 5361 i
2121 5309 2244 5365 Dies
2274 5309 2421 5364 enim
2463 5307 2744 5378 signiﬁcat
2778 5305 3028 5362 futurum
3071 5304 3360 5365 s:eculum,
3399 5295 3550 5372 quod

378 5415 548 5473 “lea.
592 5432 739 5483 sux,
770 5416 857 5472 10.
936 5416 982 5449 ⁸⁸
1010 5414 1173 5472 Hebr.
1211 5417 1392 5482 “.15.
1469 5418 1516 5455 δ’
1538 5416 1655 5477 Joel
1679 5435 1737 5486 u,
1761 5418 1816 5475 9.
1891 5419 1940 5452 “

1366 5418 1392 5474 ἱ.
1469 5418 1516 5455 ⁸⁸
1538 5416 1655 5477 Joel
1679 5435 1737 5486 u,
1761 5418 1816 5475 9.
1891 5419 1940 5452 “
1967 5420 1984 5475 ι
2016 5417 2160 5476 Petr.
2205 5418 2346 5483 u,9.
2424 5419 2471 5452 δ’
2505 5418 2664 5475 Rom.
2703 5434 2819 5485 nn,
2864 5417 2949 5474 η.

1773 5512 2004 5571 ΝΟΤᾸΕ.

376 5604 641 5679 (15nd;
680 5606 947 5679 ὑστέρὸιε.
996 5605 1053 5660 '0
1086 5605 1184 5679 {cf};
1207 5607 1343 5673 Aiax.
1364 5607 1504 5679 sua.
1814 5676 1825 5679 _
1989 5607 2175 5679 Τᾳῦτα
2203 5607 2260 5661 δὲ
2289 5607 2464 5672 ἄλλως
2496 5624 2611 5674 πως
2641 5606 3049 5678 συντεταγμένα
3078 5605 3134 5657 ὲν
3166 5601 3244 5679 τῷ
3284 5601 3381 5671 τῆς
3416 5598 3553 5673 Αὒτ.

379 5669 615 5746 "Ic.
642 5678 737 5747 οὐχ
765 5669 843 5729 6τί
876 5669 1033 5749 αἷμα,
1062 5669 1172 5729 ἀλλ’
1195 5679 1274 5731 ὅτι
1293 5669 1385 5730 ἑοῦ
1406 5678 1651 5748 stipatos
1676 5694 1730 5731 κ.
1752 5676 1862 5735 τ.λ.
1978 5677 2105 5735 κὼδρ
2133 5681 2328 5733 κεῖται.
