4010 6212
321 318 437 384 539
1423 323 1922 388 COMMENTARI
1933 325 1960 387 Ι
1994 325 2078 387 IN
2107 327 2447 388 EXODUM.
3367 360 3372 366 ·
3479 323 3586 395 570

325 441 430 480 suo
456 425 662 480 tinnine
685 426 856 480 ittSiM‘
886 426 1021 484 solis
1055 427 1312 486 Christus
1341 431 1633 488 illuminat.
1665 429 1800 487 Dum
1837 436 2004 505 igitur
2033 436 2088 488 in
2127 436 2230 488 hoc
2263 433 2470 488 arundo
2502 432 2792 496 luerenms,
2819 446 2917 502 per
2942 440 3154 489 sacram
3183 433 3303 505 ejus
3335 451 3556 493 carnem

332 515 735 582 ctsanguinem
767 515 988 570 Christo
1015 517 1262 573 crassius
1317 517 1576 576 fruimur.
1605 522 1870 576 Caeterum
1937 524 2043 576 vim
2096 531 2155 575 et
2188 524 2445 576 virtutem
2484 521 2607 591 ejus
2640 521 2995 591 experiemur
3036 528 3090 575 et
3129 523 3438 580 sentiemus
3473 540 3541 580 eo
3565 565 3582 588 ,

331 615 438 668 quo
458 600 727 666 diximus,
759 601 871 656 die.
919 600 1146 675 Legitur
1173 607 1319 658 enim
1361 624 1374 660 :
1405 624 1424 658 ι
1451 605 1658 662 Tecum
1687 610 2082 678 estimperinm
2105 607 2157 660 in
2191 607 2278 662 die
2313 609 2579 679 potentim
2612 613 2740 662 tuae.
2785 625 2804 660 ι
2844 605 3000 662 Tunc
3032 608 3199 676 igitur
3229 611 3585 667 excellentius

329 695 380 742 et
411 703 542 742 vere
568 690 740 757 ipsius
775 690 1074 760 participes
1103 693 1335 748 erimus.
1370 691 1572 748 Verum
1600 697 1969 766 participatio,
1990 709 2096 766 qua
2123 695 2402 750 Christum
2437 695 2490 750 in
2537 693 2955 764 praesentiarum
2987 695 3400 763 participaiuus,
3438 712 3574 752 con-

331 776 470 828 tinet
502 776 784 845 passionis
815 777 936 845 ejus
961 777 1390 843 etmfessionem.
1416 783 1580 836 sicuti
1615 786 1892 838 memoria:
1921 784 2198 854 proditum
2228 791 2311 838 est
2353 800 2367 836 :
2405 801 2424 834 ι
2459 783 2912 852 Quotiescunque
2947 783 3094 839 enim
3132 782 3360 838 edet-itis
3389 789 3584 852 pan-ani

327 862 503 924 hunc,
537 871 592 917 et
625 864 874 918 bibet-itis
908 867 1168 934 poculum
1194 868 1317 931 hoc,
1356 885 1534 924 meam
1565 871 1796 924 mortem
1858 873 2183 925 annuntiate
2205 871 2272 924 ⁸⁸.
2317 889 2336 922 ι
2370 870 2471 926 Ubi
2518 883 2652 924 vero
2693 871 2824 924 olim
2858 871 3146 924 advenerit
3187 870 3241 924 in
3289 872 3461 939 gloria
3494 869 3588 922 Pa-

323 951 456 1012 tris.
486 967 596 1004 non
631 952 872 1020 amplius
899 952 1308 1009 confessionem
1341 959 1618 1026 passionis
1681 957 1804 1027 ejus
1850 959 2226 1027 exprimentes
2257 956 2391 1010 :scd
2438 971 2838 1026 cognoscemus
2871 955 3036 1010 Deum
3078 971 3214 1025 pure
3239 965 3292 1010 et
3320 958 3386 1010 de
3421 957 3584 1019 faeie,

329 1047 390 1088 ut
419 1035 624 1092 Paulus
663 1040 798 1092 satis
829 1039 1070 1108 locuples
1105 1043 1260 1096 testis
1293 1053 1378 1096 est
1411 1043 1493 1110 ⁸ος
1536 1053 1588 1097 et
1615 1045 1817 1113 ipsum,
1852 1053 1910 1098 ut
1944 1044 2258 1108 Dominum,
2291 1042 2690 1097 honorahimtts
2715 1050 2770 1098 et
2788 1043 3228 1098 decantabimus.
3255 1044 3388 1096 Cum
3415 1044 3584 1108 enim,

325 1134 387 1178 ut
419 1133 658 1179 testatur
687 1125 888 1181 Paulus
913 1127 981 1189 '°,
1015 1129 1182 1182 semel
1219 1129 1380 1183 luerit
1417 1141 1686 1198 mortuus,
1725 1144 1832 1186 non
1867 1131 2102 1198 amplius
2160 1131 2416 1184 moritur.
2467 1129 2577 1184 Nec
2623 1131 2674 1184 ei
2724 1131 2960 1199 amplius
3009 1143 3157 1182 mors
3190 1129 3584 1186 dominabitur.

323 1209 672 1282 QuaprOpter
703 1211 845 1266 idem
873 1215 982 1266 ait:
1018 1231 1032 1266 ι
1055 1211 1168 1268 E‘tsi
1205 1217 1510 1270 secundum
1537 1233 1754 1271 carnem
1780 1219 2138 1286 cognovimus
2165 1217 2470 1281 Christum,
2489 1223 2544 1270 at
2571 1232 2680 1271 non
2705 1217 2941 1284 amplius
2964 1217 3353 1284 cognoscimus
3389 1231 3586 1270 sec-uno

323 1297 456 1352 dum
475 1313 698 1352 carnem
721 1298 1000 1354 Christum
1034 1303 1101 1355 δι.
1126 1322 1142 1353 ι
1165 1301 1318 1358 Tunc
1341 1307 1486 1357 enim
1521 1321 1626 1360 non
1665 1307 1866 1369 solum,
1892 1316 2164 1376 quatenus
2195 1304 2358 1356 homo
2377 1313 2482 1367 est,
2514 1303 2689 1372 ipsum
2717 1305 3138 1372 perspiciemus,
3163 1304 3256 1355 sed
3285 1303 3338 1355 in
3367 1303 3583 1370 plenam

322 1381 502 1452 ipsius
533 1383 845 1440 divinitatis
874 1389 1122 1440 notitiam
1162 1392 1569 1458 perveniemus.
1601 1391 1764 1448 Jubet
1801 1408 1931 1446 vero
1961 1393 2084 1461 igne
2111 1399 2282 1446 tostas
2313 1405 2508 1445 carnes
2544 1390 2858 1456 comedere,
2891 1395 2950 1442 ut
2974 1390 3056 1442 vel
3097 1391 3222 1443 hinc
3263 1391 3581 1459 colligatur,

323 1484 444 1534 eos,
463 1473 554 1540 qui
591 1471 760 1526 velint
781 1473 1041 1526 accedere
1063 1465 1127 1532 ad
1147 1477 1365 1544 epulum
1388 1477 1616 1540 Christi,
1644 1487 1895 1548 oportere
1915 1493 2038 1533 esse
2055 1476 2416 1532 fervidosiide
2443 1475 2799 1531 etcharitate.
2823 1476 2914 1529 Sic
2941 1483 2996 1528 et
3024 1475 3228 1530 Paulus
3255 1477 3490 1545 imperat
3512 1476 3582 1538 ",

326 1567 389 1610 ut
411 1559 658 1636 teneant
694 1561 912 1628 spiritu.
952 1558 1189 1616 Necesse
1214 1565 1357 1616 cnim
1387 1571 1472 1618 est
1513 1572 1571 1619 ut
1605 1567 1748 1620 ratio
1775 1577 1964 1620 noStra
1986 1564 2059 1619 sit
2087 1572 2294 1619 attenta
2316 1562 2523 1617 etnihil
2557 1571 2730 1616 teneat
2755 1560 2888 1615 ﬂuxi
2910 1578 2924 1615 :
2946 1571 3000 1615 ut
3025 1563 3097 1616 sit
3125 1561 3298 1615 solida
3317 1575 3368 1614 et
3403 1564 3580 1626 lirma,

323 1651 382 1700 et
413 1648 560 1710 igne,
589 1647 682 1716 qui
719 1649 904 1700 omnia
935 1651 1216 1711 enrumlat,
1250 1655 1475 1719 probata
1506 1659 1558 1706 et
1587 1653 1922 1711 exatninata,
1954 1659 2009 1704 et
2039 1651 2108 1703 ab
2138 1650 2396 1704 onmibus
2439 1650 2676 1704 terrenis
2705 1659 2991 1718 segregata
3025 1657 3079 1702 et
3109 1648 3394 1703 defzecata.
3441 1650 3584 1703 Prie-

323 1741 416 1786 sto
450 1747 673 1802 quoque
707 1733 818 1788 sint
848 1737 991 1788 sacri
1030 1737 1321 1800 carbones,
1349 1739 1438 1806 qui
1472 1749 1707 1792 mentem
1745 1747 1991 1793 nostram
2023 1736 2340 1798 incendant,
2375 1745 2430 1790 et
2475 1744 2770 1804 rcpnrgcnt
2797 1735 3233 1788 :desccndcntes
3267 1737 3334 1788 ab
3363 1750 3450 1796 eo,
3487 1736 3581 1803 qtti

326 1818 482 1872 venit
506 1827 566 1872 ut
591 1819 766 1872 mittat
815 1821 1018 1888 ignem,
1054 1825 1148 1892 qui
1179 1825 1438 1878 absumat
1465 1825 1622 1890 vitia,
1649 1833 1703 1879 et
1739 1825 1885 1879 illam
1923 1822 2410 1877 inll.uumationem
2441 1822 2605 1892 250
2627 1832 2886 1877 maturet.
2921 1821 3070 1874 Elias
3106 1823 3244 1893 ig-iis
3271 1823 3579 1876 interventu

321 1903 625 1959 translatus
656 1912 760 1960 est.
793 1905 857 1960 Et
876 1923 1160 1963 sermones
1199 1911 1434 1975 ChriSIi,
1461 1919 1522 1966 ιιι
1553 1913 1790 1984 lampas,
1821 1913 2110 1968 ardebant.
2135 1911 2312 1964 Etiam
2344 1929 2363 1962 ι
2395 1909 2540 1966 Deus
2579 1918 2769 1965 noster
2792 1919 2877 1964 est
2919 1909 3061 1982 ignis
3101 1926 3432 1970 consumens
3454 1909 3518 1962 ⁸⁵³.
3553 1925 3574 1960 ι

323 1987 483 2044 Facit
506 1991 649 2045 enim
681 2009 781 2047 nos
819 2004 876 2047 ιιι
908 1993 1108 2048 ferrum
1138 1999 1490 2052 eamleseens.
1683 1988 1686 1990 Ὗ

403 2078 470 2132 Et
495 2089 656 2148 partes
687 2082 1084 2150 infermentntos
1116 2101 1233 2140 cum
1264 2085 1489 2141 lactucis
1517 2087 1690 2150 edent,
1722 2095 1825 2142 cte.
1855 2081 1996 2156 [ΧΠ.
2027 2081 2108 2155 8.]
2146 2083 2278 2136 Nam
2307 2085 2401 2154 qui
2437 2084 2605 2139 semel
2642 2085 2693 2137 in
2731 2083 3170 2138 Christianorum
3206 2083 3390 2137 album
3448 2091 3576 2139 sunt

324 2169 674 2236 transcripti,
713 2171 886 2232 alunt,
927 2182 986 2225 ut
1020 2176 1262 2240 ipsorum
1292 2175 1532 2228 oiiicium
1583 2175 1844 2246 postulat,
1883 2172 2201 2242 purissimis
2263 2174 2662 2242 cupiditatibus
2713 2173 2906 2234 vitam,
2978 2172 3418 2236 assuefacientes
3455 2187 3578 2227 sese

325 2250 558 2304 sincerae
588 2260 642 2306 et
693 2253 916 2324 integrat
972 2256 1192 2326 politiae.
1230 2253 1586 2311 Necinterim
1641 2257 2006 2325 deprecantur
2057 2261 2421 2314 tentationum
2471 2260 2896 2314 amarulentiam
2943 2259 3098 2328 juxta
3147 2261 3428 2326 uulgatum
3473 2261 3576 2312 hoc

329 2337 633 2408 Seriptttrze
683 2343 1006 2396 Ora-culum:
1049 2363 1066 2395 ι
1099 2343 1222 2408 Fili,
1261 2345 1306 2399 si
1355 2345 1572 2399 accedis
1611 2352 1669 2397 ιιι
1729 2347 1940 2401 servias
1985 2345 2238 2401 Domino.
2279 2361 2406 2414 para
2461 2347 2708 2398 animum
2751 2353 2905 2398 tuum
2944 2345 3012 2397 ad
3041 2348 3400 2398 tentatiouem
3433 2345 3502 2400 “.
3549 2364 3570 2397 ι

328 2415 429 2480 Vel
451 2425 819 2493 iacturarum,
853 2445 978 2499 quae
1009 2445 1210 2486 amarae
1233 2439 1384 2494 sunt,
1425 2437 1626 2486 mentio
1659 2435 1714 2486 lit
1745 2441 1970 2502 propter
1991 2433 2152 2484 vitam
2181 2433 2577 2493 Christianam,
2605 2449 2725 2500 quae
2755 2442 2982 2501 superat
3007 2435 3194 2486 mundi
3231 2434 3524 2488 illecebras
3559 2451 3573 2486 :

326 2520 386 2566 et
425 2513 553 2582 quia
582 2516 812 2570 acclivis
867 2528 973 2583 est,
1023 2517 1240 2572 videtur
1293 2517 1529 2572 diliicilis
1570 2519 1700 2580 illis,
1735 2520 1828 2587 qui
1877 2521 1928 2572 in
1969 2519 2236 2586 reliéione
2275 2529 2405 2574 sunt
2452 2519 2670 2572 novitii.
2704 2518 2758 2572 Si
2787 2520 2936 2571 enim
2973 2519 3232 2574 Christus
3253 2528 3342 2574 est
3372 2535 3576 2572 novum

324 2601 521 2669 jngum
548 2601 782 2674 ejusque
815 2619 956 2658 outts
992 2605 1108 2660 leve
1139 2615 1416 2669 narratur,
1441 2619 1620 2658 tamen
1651 2606 1700 2660 id
1733 2607 1813 2658 sic
1843 2606 2044 2659 dicitur
2079 2617 2300 2673 propter
2331 2621 2483 2674 spem
2521 2606 2960 2658 immortalitatis
2990 2613 3044 2658 et
3081 2609 3574 2666 remunerationem

331 2690 692 2750 uberrimam,
732 2707 853 2756 qua:
882 2693 1072 2746 multis
1113 2695 1434 2762 parusangis
1465 2694 1690 2747 evccdet
1744 2692 1927 2746 saeruii
1981 2695 2146 2758 hujus
2191 2707 2467 2746 :erumnas
2517 2699 2573 2746 et
2619 2692 2986 2746 calamitates.
3035 2691 3331 2758 Cancrum,
3373 2695 3416 2745 si
3463 2709 3574 2746 rem

330 2786 486 2828 recto
518 2778 654 2844 pede
688 2779 866 2829 metiri
903 2779 1264 2844 voluerimus,
1300 2781 1653 2846 Evangelinm
1691 2780 1969 2834 ditlicilius
1995 2789 2049 2835 et
2079 2781 2413 2834 laboriosius
2447 2789 2530 2834 est
2561 2781 2698 2850 lege.
2742 2779 2850 2833 Lex
2883 2781 3030 2834 enim
3078 2768 3424 2849 operufqua:
3449 2788 3577 2833 sunt

331 2861 472 2916 nues
493 2861 775 2926 vitiorum,
813 2865 1081 2932 prohibet.
1108 2865 1174 2918 At
1213 2865 1564 2935 Evangeliutn
1601 2867 1810 2920 inhibet
1836 2868 2001 2922 etiam
2027 2883 2226 2923 causas
2255 2869 2513 2922 vitiorum
2540 2883 2640 2922 ceu
2681 2869 2795 2937 ipsa
2821 2884 3008 2938 opera.
3029 2867 3158 2922 Item
3191 2869 3416 2922 lactuca:
3447 2869 3576 2920 folia

327 2947 651 3004 i’n-‘Eicuhant
670 2949 995 3004 servitutem
1018 2967 1259 3020 gravem,
1285 2969 1449 3021 quam
1486 2954 1590 3008 sul)
1615 2951 1892 3024 Egyptiis
1919 2957 2163 3026 perpessi
2192 2959 2450 3010 sunt.‘At
2481 2957 2533 3008 in
2579 2954 2730 3009 Novo
2765 2957 3148 3018 Testamento,
3193 2957 3322 3010 bilis
3353 2960 3578 3011 denotat

325 3033 774 3092 autarttlentiaut.
799 3038 1200 3094 Abstinendum
1219 3052 1302 3094 est
1333 3058 1358 3093 a
1386 3043 1655 3096 fermento
1695 3043 1863 3096 reteri
1895 3051 1949 3097 et
1971 3054 2186 3098 acetosa
2213 3044 2440 3096 malitia.
2469 3041 2588 3096 Non
2615 3050 2758 3096 enim
2795 3045 2883 3096 hic
2914 3042 3195 3097 vitanduu
3229 3058 3352 3096 esse
3383 3057 3574 3095 mone--

327 3141 454 3176 mur
488 3134 772 3179 externum
833 3126 1266 3204 fcrtneutum,ex
1300 3145 1407 3195 quo
1433 3131 1592 3198 panis
1628 3140 1874 3199 paratur.
1899 3139 1952 3186 et
2001 3132 2112 3185 vita
2146 3133 2466 3185 sustinetur.
2507 3129 2744 3184 Cavetur
2767 3131 2862 3186 illo
2897 3131 3100 3195 edicto,
3132 3145 3198 3184 ne
3223 3129 3578 3199 inquinemur

333 3211 679 3284 Egyptiac'is
701 3213 868 3275 vitiis,
893 3223 946 3267 rt
968 3231 1034 3269 ne
1065 3215 1376 3269 inliriamur
1409 3217 1656 3286 reliquiis
1687 3217 2016 3272 Piturisaicat
2037 3230 2090 3273 et
2111 3218 2292 3288 impiae
2323 3218 2612 3271 doctrinm.

399 3297 526 3354 Non
553 3300 715 3355 edetis
741 3315 807 3354 ex
839 3301 952 3360 ipso
1000 3300 1246 3362 crudum.
1311 3319 1402 3356 nec
1455 3305 1508 3358 in
1549 3321 1688 3369 aqua
1729 3306 2020 3368 decoctum,
2058 3315 2165 3359 etc.
2202 3303 2343 3378 [ΧΠ.
2371 3303 2450 3376 9.]
2484 3304 2586 3369 Qui
2645 3303 2835 3357 crudis
2868 3304 3110 3358 vescitur
3149 3304 3436 3367 carnibus,
3467 3318 3576 3358 non

325 3387 720 3450 subndnistrat
747 3389 1008 3444 membris
1037 3389 1166 3442 inde
1189 3389 1408 3459 aliquod
1441 3391 1791 3446 alimentum.
1822 3391 1936 3446 luto
1957 3391 2154 3448 dentes
2190 3394 2292 3462 ipsi
2338 3401 2604 3461 respuunt
2637 3391 3021 3458 hujuscemodi
3052 3393 3394 3446 alimentum.
3431 3390 3576 3447 Cru-

326 3474 415 3528 dis
441 3489 569 3528 vero
593 3475 866 3539 victitant,
889 3478 984 3547 qui
1045 3493 1150 3530 non
1182 3478 1429 3553 diligenti
1485 3486 1540 3533 et
1593 3490 1784 3532 exucta
1818 3479 2180 3548 inquisitione
2223 3485 2524 3532 extenuant
2576 3478 2782 3531 Christi
2840 3493 3174 3538 sermonem,
3215 3479 3576 3533 incendentes

325 3571 380 3620 ct
419 3563 717 3631 probantes
747 3581 873 3620 eum
900 3567 1204 3620 secundum
1230 3568 1476 3622 divinum
1527 3567 1806 3630 Davidem,
1837 3570 2147 3622 dicentem:
2171 3583 2190 3616 ι
2225 3564 2360 3617 Etin
2393 3564 2750 3618 meditatione
2801 3579 2918 3617 mea
2945 3567 3270 3618 iucemletur
3297 3565 3443 3634 ignis
3466 3564 3570 3618 ".-

276 3647 500 3712 'Sitttttl
526 3655 1076 3724 quoqueprohibetur
1103 3640 1298 3710 liuxior
1326 3657 1393 3711 de
1411 3657 1629 3712 Christo
1697 3654 2069 3726 praesumptio,
2128 3667 2290 3719 quam
2335 3660 2522 3706 tenent
2563 3651 2658 3714 illi,
2693 3651 2785 3718 qui
2851 3652 3027 3719 ipsum
3087 3666 3196 3704 non
3251 3649 3447 3715 Deum,
3477 3651 3574 3706 sed

328 3739 532 3794 nudum
567 3743 796 3813 credunt
832 3742 1132 3796 hominem.
1179 3743 1406 3812 Eloquia
1440 3753 1621 3799 autem
1655 3743 1770 3809 Dei,
1807 3743 2023 3813 eloquia
2058 3750 2181 3793 sunt
2205 3745 2394 3790 sancta
2419 3747 2472 3790 et
2504 3737 2692 3806 ignita.
2721 3736 2854 3790 Nam
2884 3752 3077 3792 omnes
3103 3737 3227 3806 Pj'ds
3265 3733 3578 3802 sermones,

323 3825 416 3895 qui
439 3825 508 3882 de
545 3809 837 3882 Divinitate
889 3829 1010 3897 ejus
1045 3809 1334 3891 habentur.
1363 3842 1494 3884 sunt
1543 3831 1770 3896 fervidi,
1815 3809 2114 3886 secundum
2159 3825 2292 3877 illud
2363 3824 2571 3876 dictum
2603 3839 2615 3874 :
2657 3841 2675 3874 ι
2729 3823 2960 3893 ignitum
2993 3833 3080 3878 est
3104 3825 3382 3892 eloquium
3420 3834 3572 3880 tun-u

324 3913 504 3976 utile.
531 3923 586 3968 et
615 3929 807 3971 servus
842 3925 970 3972 tuus
999 3917 1191 3972 dilexit
1224 3917 1357 3972 illud
1392 3915 1460 3974 “.
1489 3931 1509 3971 ι
1547 3918 1604 3973 Si
1627 3919 1884 3974 Christus
1924 3915 2045 3970 ovis
2067 3919 2174 3974 est,
2206 3924 2329 3980 qua:
2356 3910 2502 3964 inter
2531 3909 2716 3963 divina
2759 3910 2982 3965 oracula
3011 3910 3316 3965 creduntur
3350 3927 3570 3976 carnes,

323 4001 432 4056 nisi
457 3995 764 4072 Scriptum
785 4001 1134 4059 sacraiﬂas
1167 4003 1436 4060 devorant
1463 4006 1686 4071 crudus,
1719 4005 1813 4076 qui
1840 4007 2036 4058 littera:
2068 4001 2358 4065 inhaerent,
2389 3997 2630 4068 indeque
2659 4008 2892 4053 mortem
2937 4013 3039 4053 nec
3059 3999 3232 4052 vitam
3265 3999 3572 4055 luet-antur.

315 4077 464 4140 Natu"
483 4087 665 4143 instar
691 4089 931 4142 ferarum
953 4103 1058 4146 nec
1085 4091 1366 4147 hominum
1394 4097 1522 4160 ritu,
1550 4097 1674 4149 illas
1703 4095 2009 4164 deglutiunt
2033 4095 2256 4148 crudus.
2286 4092 2564 4160 Siquidem
2606 4088 2783 4142 littera
2811 4090 3031 4148 occidit.
3064 4100 3115 4141 at
3145 4091 3372 4158 spiritus
3395 4091 3568 4146 virili.

305 4177 390 4228 eu
409 4167 474 4226 ’*.
501 4169 560 4228 Si
581 4173 750 4246 igitur
763 4177 990 4246 spiritus
1016 4193 1045 4232 a
1071 4178 1178 4232 Deo
1198 4180 1458 4248 donatur,
1481 4191 1541 4236 et
1569 4181 1709 4236 Deus
1727 4192 1804 4237 est
1824 4182 1963 4250 ignis
1981 4195 2333 4238 consumens,
2351 4179 2630 4246 eleganter
2651 4174 2783 4230 dicit
2803 4172 3086 4239 Paulus",
3109 4186 3166 4228 ut
3187 4176 3358 4230 simus
3375 4177 3570 4244 spiritu

321 4257 784 4318 ΐετθείιιθεζῐΐοη
817 4263 987 4334 igitur
1016 4263 1198 4331 inepte
1230 4267 1510 4334 egerimus
1535 4267 1580 4319 si
1627 4267 1999 4336 acceperimus
2024 4263 2287 4333 Spiritum
2318 4271 2568 4315 sanciunt
2592 4301 2608 4326 ,
2639 4263 2802 4329 cujus
2829 4276 2934 4330 ope
2955 4276 3347 4315 ronversemur
3366 4262 3570 4315 Clnistl

319 4341 608 4412 tantum.
639 4347 818 4414 idest,
841 4349 1016 4405 sacris
1049 4349 1374 4418 Scripturis.
1399 4351 1508 4405 llas
1537 4351 1734 4405 deittde
1778 4363 2088 4406 torreamus
2126 4351 2362 4407 [latrantis
2405 4347 2646 4417 Spiritus
2700 4351 2976 4409 sancti,et
3013 4364 3109 4403 eas
3173 4347 3571 4402 manducemus

323 4423 1015 4506 ptiswamttemadmodum
1039 4435 1224 4490 divina
1263 4437 1350 4492 lex
1383 4438 1638 4508 imperat.
1659 4435 1792 4490 Nam
1815 4437 2068 4508 Spiritus
2094 4439 2269 4492 sancti
2295 4437 2503 4490 auxilio
2527 4436 2886 4489 tnutahuntur
2908 4435 2962 4490 in
2991 4437 3176 4496 aliam,
3217 4450 3338 4504 qua:
3369 4437 3573 4488 ibitra-

321 4515 1236 4594 duntur;formant.5cripturteqne
1259 4539 1429 4578 suave
1457 4525 1777 4577 alimentum
1805 4539 2101 4580 cernemus
2131 4533 2185 4579 et
2217 4525 2522 4577 sentiemus
2550 4523 2596 4577 si
2623 4537 2731 4575 non
2753 4537 2848 4578 eas
2879 4524 3194 4576 coxerimus
3225 4522 3398 4576 all'usa
3427 4535 3569 4590 aqua

321 4595 610 4664 deteriore.
639 4609 734 4664 Illa
763 4609 908 4664 enim
941 4625 1083 4680 aqua
1154 4613 1505 4682 praestantior
1535 4619 1644 4671 est,
1681 4627 1847 4681 quam
1897 4613 2153 4668 Christus
2210 4611 2502 4682 pollicetur
2537 4625 2597 4665 se
2635 4609 2896 4663 daturqu
2943 4609 3158 4662 mulieri
3190 4609 3567 4664 Sumat-italiae.

389 4689 554 4766 σφα
587 4709 706 4749 cum
742 4695 958 4764 pedibus
981 4705 1030 4750 et
1069 4695 1358 4758 intestinis,
1380 4704 1488 4751 etc.
1517 4695 1662 4760 Dens
1700 4701 1818 4750 vult
1851 4707 2020 4753 totam
2051 4701 2221 4752 totius
2255 4695 2524 4768 mysterii,
2553 4695 2700 4764 quod
2745 4696 2813 4750 de
2859 4695 3084 4750 Christo
3135 4696 3386 4760 habetur,
3424 4698 3570 4751 noti-

321 4779 1010 4842 tiim-inlmrerelilelium
1035 4784 1333 4838 mentibus.
1389 4782 1530 4855 Nam
1568 4785 1704 4838 illud
1771 4785 2044 4855 imprimis
2074 4800 2171 4838 nos
2224 4786 2370 4838 scire
2416 4793 2654 4853 oportet.
2707 4783 2856 4852 quod
2887 4791 3004 4836 erat
3036 4787 3090 4836 in
3121 4785 3392 4852 principio
3427 4783 3570 4840 Deus

321 4869 597 4926 etsistens
622 4867 817 4924 Sermo
841 4869 894 4925 iu
929 4870 1108 4933 Patre.
1147 4877 1200 4925 et
1231 4885 1355 4925 cum
1389 4841 1586 4926 'Patre.
1621 4871 1734 4926 Hoc
1756 4841 1901 4927 eniiu
1940 4872 2106 4926 veluti
2167 4877 2331 4938 caput
2359 4878 2410 4922 et
2447 4871 2785 4940 principium
2825 4871 3076 4940 mystcrii
3115 4871 3382 4924 creditur.
3415 4871 3570 4927 Alte-

320 4967 439 5009 rum
471 4955 883 5012 fundamentum
915 4966 1020 5020 est,
1053 4959 1139 5012 cui
1175 4973 1276 5011 nos
1299 4958 1454 5011 inniti
1487 4959 1951 5026 Oportet,scilicet
1984 4957 2132 5028 quod
2164 4957 2308 5014 Deus
2337 4957 2636 5018 assistens,
2669 4957 2742 5010 sit
2781 4964 3054 5011 venturus
3081 4957 3387 5025 judicatnm
3415 4961 3568 5013 viros

322 5051 374 5097 et
403 5052 673 5104 mortuos.
714 5053 767 5098 et
796 5045 955 5098 linem
992 5047 1350 5115 impositurus
1381 5047 1660 5109 omnibus,
1689 5062 1809 5112 qua:
1846 5045 2138 5100 nobiscum
2176 5045 2231 5096 in
2275 5043 2377 5096 hoc
2429 5047 2634 5098 saeculo
2665 5043 2796 5112 egit.
2833 5041 2897 5095 Et
2925 5043 3026 5096 hoc
3056 5059 3153 5112 per
3187 5045 3351 5112 pedes
3384 5046 3570 5096 innui-

320 5136 430 5184 tur.
463 5127 658 5184 Verum
683 5133 983 5200 possuntin
1014 5131 1158 5186 hunc
1182 5131 1403 5186 modum
1435 5133 1610 5202 accipi
1643 5143 1696 5188 et
1720 5135 1867 5188 illitis
1898 5130 2172 5185 incarnati
2207 5143 2513 5184 sermones.
2548 5125 2684 5180 Nam
2721 5128 2946 5197 quidam
2972 5137 3157 5196 caput,
3200 5131 3293 5184 alii
3341 5145 3560 5187 manus.

321 5215 408 5270 alii
439 5231 604 5287 porro
632 5219 1097 5288 pectuscapiunt;
1134 5217 1260 5272 item
1291 5218 1381 5271 alii
1411 5218 1583 5272 edunt
1632 5219 1755 5286 ejus
1805 5218 2091 5274 intestina.
2127 5217 2266 5272 Sunt
2299 5216 2392 5285 qui
2455 5215 2861 5269 nanciscuntur
2894 5214 3100 5269 femora
3129 5217 3273 5284 ejus.
3303 5219 3443 5271 Sunt
3469 5219 3562 5285 qui

318 5304 702 5374 adipiscuntur
725 5306 909 5376 pedes,
938 5307 1139 5376 quibus
1168 5320 1352 5374 paucae
1380 5305 1661 5360 adhaerent
1713 5317 1932 5361 carnes.
1961 5307 2030 5360 At
2085 5304 2288 5373 singuli
2324 5318 2424 5374 pro
2461 5302 2700 5370 Spiritus
2739 5304 2915 5356 sancti
2960 5305 3183 5358 dotibus
3221 5305 3350 5360 inde
3391 5307 3563 5373 parti-

316 5393 522 5460 cipant.
551 5393 820 5448 Similiter
846 5397 892 5448 si
930 5394 1011 5448 vis
1056 5393 1218 5448 etiam
1275 5392 1432 5464 251
1473 5393 1668 5462 capitis
1717 5407 2005 5448 recensere
2046 5401 2250 5461 partes,
2292 5390 2517 5460 quidam
2563 5403 2730 5444 aures
2774 5392 3108 5458 sortiuntur,
3137 5393 3353 5448 scilicet
3377 5401 3436 5447 ut
3464 5396 3561 5445 ha-

317 5477 482 5535 beant
507 5495 691 5548 aures,
722 5496 862 5551 quas
889 5479 1166 5550 prmbeant
1197 5479 1402 5536 divinis
1424 5482 1685 5537 oraculis.
1739 5480 1973 5546 Quidam
2019 5481 2314 5550 deguStaut
2367 5479 2582 5543 oculos,
2613 5477 2820 5546 quibus
2853 5478 2977 5532 l'reti
3013 5492 3176 5533 arute
3199 5488 3453 5534 cernant.
3497 5495 3564 5530 ne

386 5645 428 5675 ⁸⁸
452 5643 470 5696 l
496 5645 620 5700 Cor.
671 5659 745 5707 at,
777 5642 868 5697 26.
945 5643 991 5676 "
1023 5641 1196 5698 lCor.
1236 5608 1354 5706 stu.
1389 5642 1473 5697 12.
1552 5643 1598 5675 ⁸⁸³
1632 5642 1788 5696 ltom.
1840 5642 1969 5705 ΠΛ]

1968 5644 1999 5694 Ι.
2103 5642 2144 5673 ⁸¹
2179 5639 2218 5692 ΙΙ
2257 5630 2474 5702 (λοι-(ν,
2512 5639 2594 5692 iii.
2674 5635 2718 5668 ⁸²
2781 5636 2936 5689 Rom.
2978 5635 3200 5707 lil._”.
3316 5633 3361 5664 "
3391 5633 3551 5707 lirbr.

316 5725 416 5774 In.
441 5715 530 5766 21v.
643 5713 689 5746 “
709 5703 874 5768 Eccli.
905 5730 960 5778 ιι,
991 5712 1040 5770 ι.
1115 5714 1159 5744 ⁸³
1188 5703 1582 5778 Ρεειιζκκιτιιι,
1617 5716 1660 5765 ι.
1775 5715 1818 5743 ³⁸
1844 5711 1899 5766 P:

1896 5703 1986 5766 sul.
2013 5726 2200 5776 CSt'ttl,
2247 5709 2364 5762 ιιι).
2444 5710 2486 5739 ³⁷
2525 5709 2562 5761 ll
2598 5709 2840 5770 ϐαι-..ιω
2875 5707 2925 5758 6.
3005 5706 3048 5734 ³⁸
3075 5704 3232 5756 Rom.
3267 5718 3366 5765 nt.
3393 5703 3479 5766 ιι,
