4010 6212
451 194 559 261 571
1755 200 2034 276 PROCO]?

2158 204 2401 264 GAZAZI
3603 198 3705 264 572

455 303 742 363 offendant
770 305 1190 378 et'impingant.
1213 307 1444 375 Quidam
1482 311 1767 380 accipiunt
1795 329 2011 380 manus,
2045 323 2103 368 ut
2138 324 2363 370 strenue
2411 322 2731 386 operentur,
2754 325 2858 367 nec
2891 309 3132 366 habeant
3179 321 3384 363 manus
3420 307 3705 374 remissas,

453 403 510 449 et
538 391 608 449 ad
635 393 878 450 dandum
904 403 1242 452 contractas.
1265 396 1540 454 Praeterea
1597 409 1657 454 ut
1717 409 2012 471 capessant
2069 401 2422 472 disciplinam
2455 408 2509 456 et
2538 401 2912 471 corrigantur,
2947 413 3015 452 ne
3039 397 3315 452 irascente
3338 394 3560 451 tandem
3597 397 3706 451 Do-

453 481 626 544 mino,
656 495 852 552 graves
878 480 1034 536 luant
1090 485 1518 540 commissorum
1555 501 1768 557 poenas.
1803 487 2038 554 Quidam
2095 490 2481 545 recumbentes
2514 489 2568 543 in
2603 496 2796 558 pectus
2823 486 2967 556 ejus,
3009 484 3167 555 quasi
3222 483 3393 553 hujus
3427 497 3527 538 esu
3579 483 3708 537 illu-

451 571 646 626 minati
670 583 1010 642 cognoscant
1039 573 1354 642 proditores
1385 573 1612 631 Christi.
1640 575 1744 643 Qui
1777 588 1959 632 autem
1992 593 2051 632 se
2077 583 2308 648 pascunt
2330 576 2450 645 ejus
2481 575 2782 637 intestinis,
2821 573 2898 637 hi,
2929 565 3178 643 inquam,
3201 585 3327 626 cum
3384 572 3498 626 sint
3551 571 3708 628 labo-

448 659 608 724 riosi,
643 659 972 714 videbuntet
999 661 1450 730 pervestigabunt
1491 661 1904 732 profunditates
1942 665 2060 720 Dei.
2094 663 2230 719 Nam
2268 664 2530 718 intestina
2571 661 2776 716 habent
2815 661 2998 730 spiras
3031 657 3402 714 et'volumiua
3427 659 3602 722 varia,
3631 668 3688 713 et

447 747 616 800 vitam
653 745 972 802 ministrant
1003 748 1256 802 universo
1279 751 1519 818 corpori.
1550 749 1700 806 Talis
1725 759 1810 806 est
1840 760 1898 807 et
1933 753 2046 814 ille,
2108 750 2202 820 qui
2239 748 2612 805 sacrosanctis
2653 747 2858 802 Christi
2891 745 3173 817 mysteriis
3213 743 3381 798 fuerit
3431 744 3702 807 initiatus,

448 833 566 891 sive
591 835 869 888 occultum
907 835 1024 890 sive
1045 843 1293 904 apertum
1323 837 1728 893 incarnationis
1759 838 2224 902 scrmonem,sive
2249 844 2436 904 caput,
2463 835 2670 887 scilicet
2701 830 3051 886 Divinitatem
3083 831 3204 900 ejus
3229 830 3588 900 accipiamus.
3601 830 3703 898 Qui

449 921 746 992 participes
773 930 904 976 sunt
935 919 1226 986 femorum,
1248 937 1471 978 carnem
1493 939 1684 993 puram
1717 933 1770 978 et
1800 926 2059 978 mundam
2084 923 2154 978 ab
2181 923 2329 976 omni
2362 927 2694 976 conservant
2724 930 2776 973 et
2807 926 3056 972 tutantur
3080 919 3698 988 labe,sequentes,quo-

447 1023 668 1078 cunque
693 1009 796 1062 iter
817 1008 1144 1070 inStituerit,
1183 1008 1381 1062 ducem
1404 1010 1707 1066 Christum.
1733 1012 1836 1076 Qui
1869 1011 2096 1066 adhibiti
2122 1019 2252 1066 sunt
2278 1008 2439 1079 epulo
2468 1008 2665 1077 pedum
2701 1005 2931 1071 Christi,
2961 1022 3071 1059 non
3117 1015 3245 1060 sunt
3279 1004 3514 1074 amplius
3555 1006 3695 1059 tardi

449 1103 502 1148 nt
526 1095 705 1165 ignavi
739 1104 1114 1156 cunctatores,
1144 1096 1253 1148 imo
1285 1096 1615 1152 festinanter
1651 1088 1883 1152 currunt
1914 1099 1980 1153 ad
2029 1099 2265 1168 palmam
2323 1110 2578 1166 supernae
2615 1093 2926 1149 vocationis
2953 1093 3184 1148 Christi.
3223 1092 3372 1147 Nihil
3399 1093 3609 1156 obstat,
3647 1103 3707 1149 ut

449 1199 545 1252 per
576 1183 952 1252 caput,lidcs;
984 1191 1040 1237 et
1081 1197 1176 1251 per
1211 1183 1394 1250 pedes,
1428 1197 1620 1254 opera,
1654 1188 1774 1240 sine
1814 1167 2173 1254 quibusiides
2215 1191 2430 1237 mortua
2467 1190 2568 1243 est,
2606 1180 3007 1249 intelligantur.
3039 1177 3310 1234 Caeterum
3345 1179 3622 1234 mirabilis
3651 1188 3706 1234 et

447 1272 632 1325 varius
667 1280 750 1325 est
779 1271 1022 1335 illorum,
1055 1272 1147 1339 qui
1181 1270 1392 1325 Pascha
1430 1273 1737 1338 celebrant,
1791 1288 1942 1330 esus.
2005 1276 2070 1328 At
2100 1285 2292 1329 omnes
2338 1268 2699 1324 consentiunt
2735 1277 2788 1321 et
2826 1268 2891 1320 ad
2934 1284 3106 1321 unum
3150 1267 3488 1322 conveniunt
3515 1267 3701 1332 linem,

447 1342 659 1412 scilicet
691 1357 784 1426 qui
820 1363 1006 1425 caput,
1029 1357 1236 1427 quique
1267 1357 1433 1426 pedes
1465 1358 1519 1412 in
1557 1368 1802 1414 ventrem
1832 1359 2092 1416 demittit.
2159 1355 2441 1426 Siquidem
2489 1370 2597 1409 non
2633 1362 2816 1423 potest
2849 1363 3016 1424 caput
3045 1354 3232 1409 dicere
3263 1355 3522 1425 pedibus.
3578 1352 3702 1408 Νυη

461 1460 602 1514 opus
633 1446 808 1498 habeo
839 1444 1017 1499 vobis;
1040 1444 1281 1500 Plurima
1313 1445 1534 1514 quidem
1581 1457 1708 1501 sunt
1735 1449 1981 1502 membra
2011 1462 2132 1518 qua:
2160 1445 2422 1507 eduntur,
2457 1459 2626 1496 unum
2674 1458 2804 1496 vero
2837 1435 2920 1496 est
2955 1457 3160 1512 corpus
3189 1441 3419 1498 Christi.
3465 1441 3704 1497 Proinde

443 1546 658 1585 smnma
683 1546 787 1600 cpe
818 1531 982 1587 nobis
1015 1531 1374 1586 adnitendum
1402 1540 1507 1596 est,
1549 1541 1607 1586 ut
1643 1549 1932 1589 servemus
1976 1535 2350 1588 membrorum
2413 1531 2758 1586 harmoniam
2809 1544 2904 1584 seu
2941 1529 3360 1600 preportion‘em
3407 1531 3701 1600 integram,

446 1635 512 1672 ne
541 1619 831 1688 culpemur
856 1617 1072 1672 tandem
1107 1627 1166 1671 ut
1189 1619 1499 1674 divulsores
1537 1621 1908 1676 membrorum
1946 1622 2173 1679 Christi.

513 1709 638 1765 Non
671 1710 969 1780 relinquetis
992 1711 1055 1764 de
1095 1727 1158 1764 ea
1209 1727 1370 1780 usque
1415 1713 1469 1765 in
1526 1729 1697 1778 mane,
1731 1699 1834 1768 ctc.
1869 1713 2025 1786 [Xll,
2065 1715 2174 1788 10].
2204 1714 2322 1770 Non
2371 1716 2516 1770 enim
2545 1715 2628 1769 vel
2673 1715 2874 1768 bonum
2917 1713 3002 1768 vel
3041 1714 3171 1768 utile
3215 1722 3299 1768 est
3337 1713 3552 1768 differre
3583 1730 3705 1784 my-

440 1800 594 1854 stcrii
636 1798 1024 1868 cognitionem,
1075 1807 1130 1854 ct
1177 1802 1603 1868 procrastinare.
1658 1802 1762 1866 Qui
1817 1805 1984 1858 semel
2044 1804 2172 1858 illud
2214 1801 2602 1873 degustaverit,
2666 1801 2962 1870 perfectam
3018 1808 3071 1854 et
3137 1801 3365 1856 solidam
3417 1801 3702 1868 possideat

437 1887 828 1957 Cognitionem.
865 1883 942 1939 Ne
971 1885 1226 1939 videlicet
1275 1903 1450 1956 usque
1486 1889 1759 1942 consistas
1811 1889 1863 1942 in
1909 1893 2426 1945 catecluunenorum
2476 1888 2672 1952 classe,
2721 1897 2772 1942 et
2823 1887 3038 1956 rejicias
3085 1902 3261 1956 usque
3310 1887 3365 1940 in
3399 1897 3706 1942 extremum

449 1974 627 2028 aetatis
682 1981 898 2040 tempus
931 1971 1384 2026 illuminationem
1425 1989 1632 2038 veram,
1663 1991 1784 2043 quae
1831 1975 2195 2044 proficiscitur
2231 1993 2296 2030 ex
2346 1977 2616 2043 baptismo
2659 1990 2754 2044 per
2804 1973 3258 2028 illuminationem
3291 1973 3538 2042 spiritus.
3581 1972 3706 2028 Non

439 2063 612 2127 enim,
647 2061 738 2116 ubi
765 2061 1090 2131 praeterierit
1123 2062 1238 2117 hac
1277 2077 1406 2126 nox,
1431 2071 1517 2116 est
1563 2065 1812 2132 quaedam
1866 2064 2082 2120 residua
2123 2063 2328 2134 peccati
2383 2063 2716 2116 cmundatio.
2762 2058 3232 2127 Quemadmodum
3263 2059 3480 2128 expedit
3519 2060 3703 2126 nobis,

443 2162 514 2202 ne
575 2147 708 2203 solis
757 2161 993 2202 occasus
1035 2148 1312 2217 opprimat
1347 2149 1513 2204 iratos
1555 2150 1686 2220 (non
1719 2151 1866 2206 enim
1909 2159 2083 2206 tutum
2136 2157 2240 2212 est,
2286 2155 2346 2200 ut
2374 2146 2467 2200 Sol
2508 2145 2740 2216 justiti-.1:
2769 2145 2982 2199 occidat
3014 2145 3168 2198 nobis
3201 2143 3374 2203 iratis,
3416 2145 3531 2198 sive
3562 2145 3702 2196 ira."

441 2233 624 2289 adhuc
651 2232 1014 2306 foventibus),
1051 2234 1132 2288 sic
1163 2249 1272 2289 non
1323 2233 1406 2290 fas
1443 2245 1549 2300 est,
1583 2245 1644 2292 ut
1690 2240 1961 2307 patiamur
2010 2235 2215 2305 aliquid
2265 2249 2554 2302 superesse
2595 2231 2650 2286 in
2683 2232 2986 2286 crastinmn
3056 2234 3124 2285 de
3157 2232 3244 2284 illa
3293 2231 3526 2285 ovicula.
3563 2230 3704 2284 Nam

440 2337 550 2378 nox
580 2321 878 2392 praecessit,
925 2321 1179 2376 videlicet
1231 2338 1474 2392 praesens
1521 2324 1624 2382 hoc
1682 2325 1978 2391 saeculum;
2009 2335 2066 2379 at
2111 2323 2228 2378 dies
2272 2319 2752 2391 appropinquavit,
2802 2317 2858 2372 in
2889 2333 3052 2389 quam
3090 2333 3158 2372 ne
3198 2315 3512 2373 differamus
3536 2333 3703 2374 esum

439 2409 626 2464 carnis
663 2407 866 2464 Christi
903 2427 916 2463 :
950 2407 1002 2463 id
1031 2416 1136 2474 est,
1167 2409 1344 2464 donec
1382 2426 1542 2466 verus
1583 2413 1742 2468 nobis
1790 2413 2070 2468 exoriatur
2096 2411 2198 2465 sol.
2241 2408 2378 2463 Nam
2423 2424 2548 2462 cum
2574 2410 2784 2462 venerit
2829 2406 2880 2460 id
2921 2405 3069 2478 quod
3100 2405 3399 2476 perfectum
3423 2418 3526 2472 est,
3565 2407 3704 2460 irri-

440 2496 648 2552 tabitnr
705 2496 757 2550 id
810 2496 957 2566 quod
999 2511 1064 2552 ex
1104 2509 1278 2566 parte,
1311 2499 1394 2554 vel
1453 2500 1782 2567 particulare
1821 2509 1906 2557 est
1953 2501 2024 2556 ".
2064 2519 2082 2552 ι
2124 2497 2514 2554 Verumtamen
2553 2511 2756 2568 paucos
2809 2496 3076 2566 reperias,
3125 2496 3326 2566 quibus
3355 2496 3465 2552 sint
3497 2511 3705 2552 sensus

439 2583 581 2636 satis
633 2581 940 2646 exercitati.
975 2590 1034 2638 ut
1073 2585 1287 2654 possint
1317 2585 1634 2643 discernere
1665 2588 1866 2643 bonum
1895 2601 1927 2642 a
1974 2588 2140 2652 male,
2184 2596 2238 2642 et
2285 2587 2518 2642 solidum
2549 2587 2632 2640 ori
2667 2584 2954 2640 admovere
2986 2585 3191 2648 cibum,
3221 2583 3425 2654 quique
3456 2585 3589 2637 nihil
3628 2585 3704 2640 de

440 2669 707 2725 carnibus
738 2671 1052 2740 relinquant
1083 2686 1258 2740 usque
1283 2673 1335 2725 in
1372 2675 1697 2728 crastinum.

445 2799 460 2814 .
511 2755 584 2812 Os
622 2773 727 2810 non
777 2759 1142 2812 comminuetis
1191 2760 1244 2812 in
1297 2775 1384 2823 ea,
1418 2771 1521 2814 etc.
1577 2759 1758 2814 Nostri
1801 2760 1992 2815 dentes
2027 2775 2305 2829 nunquam
2367 2758 2695 2814 commolere
2729 2764 2961 2827 possunt
3013 2771 3160 2822 ossa,
3195 2755 3406 2812 scilicet
3456 2757 3702 2828 humana

435 2859 592 2898 tuens
621 2860 898 2914 nunquam
929 2845 984 2898 in
1014 2845 1118 2900 hoc
1146 2849 1347 2901 saeculo
1377 2845 1615 2917 perfecte
1642 2857 1966 2916 assequetur
2002 2848 2316 2910 candidum,
2354 2856 2410 2900 ut
2442 2848 2515 2900 ita
2546 2848 2745 2910 dicam,
2787 2854 2839 2900 et
2869 2846 3144 2902 occultum
3183 2843 3500 2899 Divinitatis
3527 2843 3700 2900 Chri-

436 2931 508 2985 sti
549 2945 883 3008 sermonem.
931 2931 1084 2985 Licet
1121 2941 1312 2989 exacte
1359 2936 1672 2988 noverimus
1719 2934 1997 2989 Christum
2045 2950 2169 2990 esse
2209 2934 2374 2990 Deum
2473 2950 2538 2988 ex
2593 2933 2700 2988 Ileo
2739 2934 3002 3003 genitum.
3039 2941 3276 2987 attamen
3328 2919 3703 3002 generationis

435 3016 659 3070 modum
691 3033 955 3072 enarrare
1001 3033 1109 3071 non
1142 3020 1411 3074 valemus.
1444 3019 1533 3074 Sic
1565 3021 1709 3075 enim
1743 3023 2011 3075 exclamat
2053 3023 2322 3092 proplu-ta
2362 3040 2375 3075 :
2425 3041 2442 3072 c
2473 3021 3047 3089 Generationcm-ejus
3092 3022 3218 3090 quis
3243 3021 3520 3076 enarrabit
3549 3020 3638 3076 “2
3670 3040 3696 3072 ι

433 3103 570 3158 Ossa
600 3112 803 3170 autem,
839 3116 1106 3172 quantttm
1156 3105 1210 3159 in
1260 3107 1396 3176 ipsis
1442 3115 1552 3168 est,
1599 3110 1990 3163 comminuunt
2019 3109 2284 3172 htrretici,
2319 3112 2414 3180 qui
2444 3111 2586 3166 bona
2623 3120 2673 3164 et
2703 3121 2849 3164 recta
2883 3112 3180 3178 depravant
3215 3119 3270 3164 et
3322 3111 3697 3178 disterquent.

433 3191 712 3262 Quidquid
757 3194 925 3263 igitur
948 3210 1169 3250 osseum
1199 3195 1366 3251 fuerit
1407 3206 1459 3250 et
1493 3211 1520 3248 a
1548 3198 1709 3251 nobis
1766 3199 1949 3252 mandi
2003 3200 2208 3266 nequit,
2245 3199 2294 3253 id
2326 3209 2432 3260 cst,
2468 3199 2628 3268 cujus
2656 3209 2864 3252 certam
2897 3212 3123 3252 causam
3171 3200 3417 3252 invenire
3447 3205 3500 3251 et
3549 3199 3701 3252 assi-

431 3294 602 3350 gnare
641 3295 752 3336 non
783 3297 1105 3350 possumus,
1137 3279 1656 3352 non'abjiciendnm
1705 3301 1803 3339 nec
1838 3287 2206 3340 arrodcndum
2244 3295 2350 3346 est,
2384 3302 2452 3340 ne
2481 3285 2698 3340 scilicet
2731 3293 2918 3338 sancta
2954 3282 3290 3353 objiciuntur
3333 3285 3585 3345 canibus,
3637 3284 3698 3339 id

430 3375 536 3430 est,
565 3367 698 3428 illis,
731 3370 823 3436 qui
874 3369 1057 3424 lividis
1085 3370 1344 3424 dentibus
1394 3371 1756 3440 conl'ringunt
1805 3382 1857 3424 et
1891 3375 2156 3427 revellunt
2213 3389 2416 3426 arcana
2453 3373 2732 3426 sermonis
2767 3371 3051 3442 mysteria.
3094 3369 3172 3425 Ne
3203 3371 3372 3441 igitur
3410 3379 3697 3440 qua-ratur

431 3455 742 3508 substantia
775 3454 892 3518 Dei,
920 3467 1012 3510 aut
1045 3457 1176 3526 quid
1220 3461 1564 3528 praeesset-it
1609 3461 1750 3513 hanc
1789 3461 2030 3514 universi
2083 3465 2441 3523 creationem,
2493 3471 2584 3512 aut
2624 3459 2752 3528 quid
2787 3459 2857 3512 sit
2887 3467 3041 3512 extra
3081 3459 3224 3512 hanc
3274 3457 3464 3512 tnuudi
3493 3459 3696 3512 visibi-

433 3541 536 3594 lem
587 3542 897 3596 machinam
937 3562 948 3598 :
986 3553 1039 3597 et
1069 3555 1267 3600 caetera
1315 3545 1479 3614 hujus
1515 3549 1750 3616 generis.
1783 3545 1908 3600 flare
1953 3545 2133 3600 omnia
2171 3545 2542 3597 cencedantus
2580 3541 2907 3611 inquirenda
2955 3541 3066 3610 igni
3097 3541 3309 3602 divino,
3342 3555 3538 3609 nempe
3579 3541 3743 3618 spi-,

430 3627 585 3692 ritui,
619 3630 710 3698 qui
747 3629 1145 3699 prol‘unditates
1178 3633 1342 3686 etiam
1389 3631 1480 3687 Dei
1513 3643 1815 3688 Scrutatur.
1849 3633 2003 3696 Nam,
2040 3639 2098 3686 ut
2131 3631 2378 3700 praeripit
2425 3629 2744 3699 Sapientia:
2793 3647 2812 3680 ι
2864 3629 3010 3683 Cave
3040 3628 3274 3682 fortiora
3321 3635 3394 3691 te,
3425 3629 3509 3682 vel
3557 3642 3685 3696 quae

427 3725 694 3783 superant
741 3716 940 3784 ingenii
995 3717 1072 3770 tui
1127 3718 1416 3784 viriculas,
1454 3721 1716 3788 exquiras
1765 3721 1831 3773 θ’.
1881 3740 1899 3772 ι
1938 3720 2060 3774 llaec
2103 3716 2303 3771 t'radita
2337 3723 2467 3769 sunt
2507 3715 2724 3784 spiritui
2784 3715 3034 3768 rimanda
3083 3713 3244 3784 252
3292 3724 3346 3768 ct
3397 3715 3690 3768 servanda.

427 3799 545 3855 Non
594 3801 874 3872 perdenda
906 3811 960 3857 et
1005 3803 1409 3874 corrumpenda
1443 3814 1573 3860 sunt
1605 3804 1784 3858 danda
1823 3821 1979 3874 aqua:
2007 3823 2021 3860 :
2053 3820 2233 3874 neque
2261 3802 2674 3856 disseminamla
2704 3812 2756 3856 et
2799 3800 3184 3872 dispergenda,
3219 3811 3276 3855 nt
3317 3811 3480 3871 caput
3528 3802 3692 3855 vituli

427 3902 527 3943 Sua
580 3898 776 3958 sponte
815 3891 1173 3943 tumultuaria
1223 3905 1387 3960 opera
1422 3893 1569 3946 enati
1604 3891 1891 3956 Israelitis,
1944 3903 2238 3949 contusum
2291 3902 2346 3946 et
2399 3893 2452 3944 in
2487 3906 2658 3960 aquas
2723 3889 2986 3945 diffusum
3043 3899 3150 3945 est.
3187 3889 3374 3945 Potest
3431 3891 3560 3962 quis
3590 3907 3692 3962 per

435 3978 614 4046 ignem
647 3978 954 4049 intelligere
980 3979 1131 4047 illum
1174 3981 1522 4049 splendorem
1553 3981 1645 4050 qui
1698 3982 1871 4036 aderit
1905 3983 2008 4052 piis
2041 3983 2094 4036 in
2123 3982 2309 4036 futuro
2343 3979 2548 4034 sreculo
2575 3979 2932 4047 sempiterno.
2960 3977 3181 4046 quando
3211 3977 3348 4031 facie
3391 3978 3457 4032 ad
3486 3977 3685 4034 faciem

427 4065 764 4135 aspiciemus
797 4074 1048 4120 nostrum
1089 4082 1290 4136 regem,
1319 4082 1350 4121 e
1379 4070 1558 4122 medio
1585 4068 1798 4124 sublata
1831 4069 1922 4122 illa
1965 4069 2182 4130 notitia,
2209 4083 2331 4138 quae
2373 4067 2529 4136 quasi
2561 4066 2614 4118 in
2643 4067 2932 4135 aenigmate
2969 4065 3244 4120 consistit.
3289 4065 3424 4120 Sunt
3456 4067 3548 4136 qui
3580 4082 3684 4135 pu-

427 4165 544 4209 tant
580 4155 872 4210 litteralcm
909 4154 1210 4224 Scriptum
1239 4171 1461 4210 sensum
1499 4174 1592 4226 per
1619 4173 1746 4213 ossa
1779 4158 1994 4212 ostendi
2027 4175 2040 4210 :
2073 4172 2270 4211 carnes
2310 4171 2438 4210 vero
2485 4155 2801 4224 significare
2835 4155 3183 4224 spiritualem
3220 4153 3518 4224 Scriptura:
3559 4171 3688 4211 sen-

427 4259 573 4307 sum,
605 4258 768 4313 quem
799 4245 844 4298 si
881 4243 1185 4312 sequimur,
1237 4257 1336 4298 ceu
1365 4243 1424 4296 in
1456 4245 1743 4314 aenigmate
1772 4244 1914 4301 ct.in
1943 4245 2167 4311 speculo
2199 4243 2477 4298 cernimus
2509 4257 2630 4311 quae
2662 4243 2843 4296 futura
2874 4248 3023 4296 sunt.
3061 4241 3300 4311 Sanguis
3326 4253 3688 4312 repraesentat

429 4329 588 4384 fidem
615 4329 1011 4397 evangelicum,
1063 4343 1228 4396 quam
1255 4329 1414 4384 docet
1441 4328 1854 4385 Testamentum
1890 4327 2126 4395 Novum,
2159 4331 2322 4384 sicuti
2357 4337 2540 4383 monet
2563 4328 2788 4396 Paulus,
2839 4329 3096 4398 inquiens
3127 4345 3140 4381 :
3175 4346 3194 4379 ι
3237 4328 3476 4400 Sanguis
3508 4338 3680 4385 testa-

428 4417 634 4477 menti,
686 4417 738 4471 id
767 4423 873 4480 est,
913 4415 1046 4470 fides
1079 4417 1144 4469 “.
1192 4434 1211 4468 ι
1253 4418 1368 4470 Hoc
1399 4419 1684 4486 sanguine,
1738 4420 1790 4472 id
1842 4427 1946 4482 est,
1992 4419 2094 4472 fide
2123 4417 2360 4486 aspersi,
2411 4417 2715 4482 occisorein
2765 4415 3114 4470 evitabimus.
3173 4411 3412 4470 Proinde
3447 4416 3672 4486 quidam

429 4502 794 4564 arbitrantur,
841 4501 945 4556 sub
977 4502 1200 4558 ossibus
1231 4512 1284 4556 et
1325 4506 1590 4574 sanguine
1616 4505 2004 4574 comprehendi
2039 4505 2376 4573 Scripturain
2411 4517 2650 4556 sacram.
2682 4502 2950 4557 Caeterum
2984 4499 3333 4557 manifestum
3369 4513 3453 4558 est
3486 4487 3555 4558 ex‘
3601 4505 3684 4558 hi-

425 4588 599 4642 storia
633 4588 970 4658 evangelica,
1025 4603 1128 4644 nec
1181 4590 1236 4642 in
1283 4589 1528 4656 Christo,
1563 4593 1657 4662 qui
1716 4592 1818 4646 fuit
1850 4608 2014 4648 verus
2071 4608 2272 4664 agnus,
2312 4608 2436 4646 ossa
2477 4591 2648 4648 fuisse
2711 4589 3013 4646 confracta.
3051 4585 3146 4645 Hic
3182 4592 3415 4660 quaestio
3472 4595 3678 4647 moveri

429 4682 631 4745 potest,
665 4691 836 4745 quare
868 4677 1072 4731 milites
1107 4692 1218 4732 non
1255 4679 1607 4750 corruperint
1657 4681 1900 4736 membra
1944 4679 2174 4735 Christi.
2219 4677 2276 4732 Si
2313 4678 2524 4748 integra
2570 4687 2990 4747 permanserunt
3019 4687 3328 4747 propterea,
3361 4680 3506 4748 quod
3555 4696 3678 4734 eum

430 4767 709 4812 mortuum
739 4759 1230 4830 conspicabantur,
1279 4775 1448 4830 quare
1480 4777 1624 4818 unus
1653 4779 1683 4818 e
1711 4778 1942 4822 numero
1971 4769 2203 4826 militum
2241 4771 2455 4839 aperuit
2477 4769 2666 4824 lancea
2696 4767 2817 4834 ejus
2865 4770 3029 4832 latus,
3061 4776 3115 4820 et
3160 4766 3419 4836 proﬂuxit
3453 4770 3678 4839 sanguis

425 4857 485 4902 et
523 4847 704 4917 aqua?
740 4846 947 4918 Ecquid
978 4851 1154 4905 sentis
1196 4850 1385 4905 divina
1426 4848 1781 4908 Providentia
1813 4853 2015 4912 factum
2047 4873 2188 4924 esse,
2222 4873 2290 4913 ne
2324 4857 2528 4911 milites
2555 4853 2752 4924 impias
2778 4868 2974 4908 manus
2999 4854 3220 4908 ossibus
3261 4854 3551 4920 inferrent,
3589 4872 3680 4910 ca-

430 4952 540 5006 que
572 4937 887 4992 violarent?

499 5023 690 5078 Lumbi
719 5025 875 5079 οεδινί
906 5025 1012 5079 sint
1059 5028 1254 5093 cincti,
1301 5033 1406 5083 etc.
1437 5025 1574 5098 [X[|,
1630 5029 1743 5103 11.]
1781 5029 2112 5087 Praesentem
2147 5033 2332 5085 locum
2389 5031 2824 5100 interpretantur
2855 5027 2951 5082 alii
3002 5026 3304 5097 Scriptura:
3346 5028 3476 5083 loci.
3544 5026 3672 5082 Nam

437 5113 739 5181 Apostolus
771 5112 951 5182 inquit
990 5131 1004 5167 :
1044 5130 1064 5164 ἰ
1100 5111 1155 5165 In
1202 5114 1388 5169 lumbo
1414 5116 1714 5170 Abraltami
1761 5120 2036 5174 benedicti
2067 5135 2095 5172 a
2125 5118 2584 5180 Melchisedecho,
2636 5121 2800 5170 etiam
2841 5114 2993 5177 Levi,
3023 5116 3119 5184 qui
3151 5113 3399 5169 decimas
3456 5117 3673 5184 accipit.

435 5199 744 5254 decimatus
776 5210 858 5254 est
887 5217 902 5252 :
927 5201 1055 5270 quia
1092 5200 1274 5256 adhuc
1297 5202 1642 5257 detinebatur
1665 5205 1718 5258 in
1750 5205 1948 5261 lmnbis
1985 5207 2228 5276 paternis
2248 5205 2326 5260 ⁸⁵⁸.
2363 5224 2380 5254 ι
2410 5205 2676 5258 Similiter
2706 5205 2774 5258 de
2800 5203 3020 5256 diabolo
3045 5202 3242 5270 legitur
3273 5203 3326 5256 in
3360 5203 3501 5258 libro
3530 5201 3673 5257 Job:

444 5305 460 5336 ι
507 5285 598 5340 Vis
631 5287 752 5354 ejus
786 5288 840 5340 in
872 5288 1070 5341 lumbis
1101 5297 1156 5342 et
1195 5291 1399 5344 ventris
1447 5291 1705 5346 umbilico
1734 5293 1798 5348 θ’.
1842 5312 1861 5344 ι
1895 5293 2006 5348 llac
2057 5300 2200 5349 enirn
2251 5295 2452 5348 virtute
2501 5293 2659 5348 facile
2690 5293 2858 5346 vineit
2907 5295 3204 5360 appetitum
3242 5300 3296 5345 et
3333 5293 3670 5361 cupidinem,

438 5386 499 5428 ut
531 5373 631 5430 sibi
662 5373 1045 5442 subiiciantur.
1079 5373 1346 5430 Caeterum
1373 5377 1676 5447 elegantius
1695 5389 1750 5435 et
1782 5383 2198 5437 convenientius
2227 5383 2440 5436 lumbus
2470 5383 2536 5437 de
2571 5385 2710 5446 viro,
2746 5390 2800 5434 et
2831 5380 3121 5433 umbilicus
3160 5378 3226 5432 de
3262 5381 3490 5435 muliere
3524 5399 3673 5451 pra:—

511 5531 556 5561 ³³
590 5528 754 5583 lCor.
825 5545 962 5596 xm,
1028 5530 1111 5584 l0.
1211 5535 1254 5566 ⁶⁰
1291 5533 1392 5591 lsa.
1435 5551 1567 5602 LIII,
1601 5536 1657 5589 8.
1753 5539 1794 5570 ⁶¹
1857 5537 2016 5594 Eccli

433 5592 480 5625 “
533 5597 634 5654 Job
675 5615 762 5662 ιι,
805 5599 892 5656 ll.

2081 5555 2128 5592 ut
2155 5581 2168 5603 ,
2194 5539 2281 5592 :22.
2381 5541 2426 5570 ω
2457 5538 2612 5596 Rom.
2655 5553 2737 5603 Ill,
2965 5539 3010 5571 ⁸³
3051 5539 3211 5594 llchr.
3271 5555 3365 5603 vn,
3398 5537 3452 5602 5,
3500 5538 3554 5603 9,
3591 5535 3664 5592 l0.

2961 5663 2984 5688 κ
