4010 6212
308 226 431 290 573
1415 241 1947 312 COMMENTARII
1992 253 2072 314 IN
2119 215 2464 320 nivosum.
3467 265 3572 328 δτι

317 341 608 394 dicantur.
663 341 898 442 Quando
949 343 1118 442 igitur
1149 352 1510 408 convenimus
1547 359 1876 412 celebraturi
1913 376 2266 418 sacrosancta
2300 368 2389 420 illa
2419 367 2622 423 Christi
2674 368 2953 440 mysteria,
2985 366 3143 422 decet
3169 383 3270 424 nos
3298 369 3507 442 sejungi
3539 387 3570 428 a

326 445 563 485 venerea
610 433 930 526 concubitu.
965 434 1100 491 Nam
1133 439 1384 494 cinctura
1417 443 1552 498 satis
1579 443 1632 498 id
1657 444 1918 512 declarat,
1959 465 2080 519 quae
2114 453 2383 522 significat
2427 456 2654 512 mortem
2691 433 2812 526 ejus
2844 455 3094 510 allectus.
3128 457 3286 511 Hunc
3320 433 3569 512 all‘ecium

332 533 430 618 non
465 526 696 618 secutus
725 532 810 618 est
851 520 1092 578 Joannes
1119 527 1368 583 veritatis
1399 543 1601 598 praeco,
1631 539 1686 584 et
1727 546 2037 600 prteeursor
2087 520 2312 595 Christi.
2347 542 2507 607 Quod
2543 559 2672 598 vero
2703 520 2880 612 ipsum
2909 543 3191 596 necaverit
3219 543 3354 598 satis
3379 541 3572 600 edocet

327 605 611 698 cingulum
665 607 1002 698 coriaeettm,
1043 627 1152 680 quo
1211 615 1661 685 astringe-bantur
1697 617 1818 687 ejus
1875 621 2066 676 lumbi.
2099 623 2155 677 Si
2207 629 2331 695 quis
2372 605 2432 682 in
2486 629 2634 683 hunc
2669 605 2891 682 modum
2927 629 3202 698 cingatur,
3248 628 3294 683 is
3327 627 3574 698 profecto

327 695 459 748 nihil
491 695 564 749 de
597 697 862 752 carnibus
902 699 1183 755 residuum
1219 701 1379 758 faciet
1407 719 1579 773 usque
1606 706 1660 758 in
1690 708 1996 761 crastinum
2039 711 2193 774 Quod
2229 714 2294 768 ad
2331 716 2545 770 lumbos
2577 717 2866 770 brutorum
2894 695 3110 778 attinet,
3135 716 3270 768 nihil
3312 695 3569 770 traditum

324 781 656 850 reperimus.
689 781 804 837 Illis
835 799 936 852 pro
980 787 1214 841 arbitrio
1245 790 1322 842 uti
1363 799 1618 859 possunt.
1651 789 1788 846 Nam
1821 804 2007 848 carent
2041 798 2271 862 ratione.
2306 819 2411 870 qua
2446 805 2661 858 lumbos
2694 803 2969 858 moderari
2997 805 3258 857 valerent.
3305 804 3569 857 Caeterum

321 870 489 959 bruta
516 885 579 926 se
608 871 896 929 continent
923 875 1086 928 etiam
1120 876 1174 929 in
1211 877 1586 946 voluptatibus
1617 877 1764 933 intra
1796 891 2002 934 natura:
2046 887 2392 956 praescriptos
2426 889 2648 944 limites.
2687 890 2979 959 Cingulum
3025 898 3076 942 te
3102 889 3328 952 vinciat,
3368 897 3568 958 tempe-

318 958 618 1038 rantiaque
661 961 1326 1050 gubernetcupiditatem
1363 973 1534 1027 tuam,
1565 977 1622 1020 nt
1653 981 1824 1034 purus
1856 972 2098 1025 vescaris
2131 989 2271 1042 agno
2303 977 2584 1044 paschali,_
2621 958 2956 1050 mortitlcaps
3005 979 3244 1030 membra
3291 991 3413 1046 quae
3441 985 3570 1030 sunt

315 1060 496 1114 super
534 1055 704 1103 terra.
739 1047 984 1102 Meminit
1019 1049 1304 1120 Scriptura
1335 1061 1386 1106 et
1417 1052 1644 1106 alterius
1677 1055 1960 1119 cincturaz,
1989 1058 2198 1112 scilicet
2230 1061 2432 1130 cinguli
2473 1063 2728 1118 militaris
2758 1071 2812 1117 et
2859 1047 3056 1116 virilis.
3105 1060 3412 1115 Secundum
3455 1059 3558 1113 hoc

319 1130 548 1218 quidam
579 1133 836 1187 dicuntur
867 1133 1127 1204 expediti,
1162 1137 1384 1206 quidam
1436 1155 1543 1192 uno
1569 1139 1787 1210 cingulo
1815 1143 2069 1197 accincti.
2107 1145 2221 1201 Uno
2247 1147 2466 1215 cingulo
2489 1149 2953 1218 constringendos
3013 1145 3116 1202 Job
3177 1148 3330 1201 audit
3375 1147 3566 1200 dicen-

320 1227 434 1274 tem
465 1215 634 1276 Deum
667 1239 681 1274 :
729 1239 747 1272 ι
777 1217 948 1288 Cinge
989 1229 1050 1275 ut
1081 1221 1166 1276 vir
1205 1223 1420 1278 lumbos
1455 1233 1598 1290 tuos,
1632 1237 1687 1280 et
1714 1229 1781 1280 da
1813 1243 2138 1296 responsura
2175 1231 2332 1287 virile
2369 1235 2436 1290 ⁵³.
2489 1251 2509 1284 ι
2562 1233 2674 1288 Hoc
2713 1215 2934 1302 cingulo
2967 1249 3025 1288 se
3058 1233 3302 1286 vinctum
3331 1239 3567 1286 testatur

321 1303 549 1361 divinus
591 1307 782 1371 David,
821 1307 949 1362 dum
981 1310 1222 1364 celebrat
1263 1312 1519 1373 laudibus
1553 1315 1851 1380 potentiam
1891 1314 2005 1376 Dei,
2045 1331 2153 1386 qua
2183 1319 2467 1373 accinctus
2499 1320 2594 1374 sit.
2639 1321 2900 1375 Similiter
2931 1331 2984 1374 et
3017 1319 3183 1374 Deum
3219 1319 3292 1372 ita
3323 1319 3563 1373 cinctum

319 1393 540 1448 inducit
573 1395 811 1463 potentia
849 1404 902 1448 et
936 1395 1151 1456 robore,
1197 1404 1256 1448 ul
1301 1398 1489 1465 perdat
1531 1399 1746 1468 impios.
1781 1398 1894 1454 Nisi
1933 1401 2085 1456 forte
2114 1406 2238 1473 quis
2275 1415 2429 1474 putet
2458 1407 2561 1460 hoc
2603 1408 2722 1460 loco
2761 1424 2789 1461 ει
2831 1407 3031 1461 Davide
3063 1406 3201 1459 tradi
3231 1404 3562 1475 superﬂuam

317 1480 448 1549 ejus
488 1484 782 1550 potentiam
822 1493 878 1538 et
911 1485 1066 1553 quasi
1099 1493 1464 1552 contractam,
1510 1488 1811 1543 secundum
1845 1504 2005 1558 quem
2036 1490 2252 1544 dicendi
2294 1493 2514 1546 modum
2569 1495 2707 1548 Deus
2753 1493 2959 1547 dicitur
2997 1493 3224 1546 amicire
3261 1495 3434 1546 lucem
3464 1508 3563 1545 ceu

319 1568 736 1621 vestimentum.
767 1566 902 1622 Nam
957 1569 1224 1624 inﬁnitam
1266 1587 1421 1626 suam
1455 1576 1751 1642 potentiam
1809 1574 1933 1644 quis
1973 1577 2306 1631 sustinebit?
2337 1585 2390 1633 et
2427 1580 2598 1634 lucem
2649 1580 2768 1648 ejus
2799 1579 3095 1647 perfectam
3144 1587 3198 1632 et
3229 1593 3410 1634 veram
3440 1579 3566 1644 quis

319 1653 504 1710 fere"
537 1655 807 1712 Cancrum
843 1656 972 1726 quid
1019 1659 1290 1728 signiﬁcat
1321 1659 1489 1718 Paulo
1527 1680 1540 1716 ς
1574 1679 1591 1710 t
1625 1661 1784 1717 State
1821 1663 2086 1718 succincti
2134 1663 2349 1719 lumbos
2392 1676 2603 1720 vestros
2631 1668 2863 1721 veritate
2891 1667 2980 1719 “1’
3020 1684 3039 1717 ι
3075 1666 3292 1720 Scilicet
3332 1674 3388 1717 ut
3418 1665 3566 1717 intel-

318 1741 524 1797 lectiva
555 1743 638 1799 vis
670 1743 862 1824 animi
889 1744 1243 1815 cupiditatem
1283 1746 1354 1799 ita
1399 1747 1673 1802 devinciat
1704 1764 1890 1804 amore
1939 1766 2118 1805 rerum
2156 1752 2484 1820 cmlestium,
2525 1761 2582 1806 ut
2643 1769 2749 1807 non
2807 1757 3040 1821 patiatur
3071 1753 3420 1822 cupiditatem
3459 1751 3562 1804 alia

316 1838 538 1900 praeter
575 1831 822 1886 ctelestia
881 1832 1156 1902 amplecti.
1215 1831 1370 1899 Quod
1433 1835 1487 1888 in
1550 1837 1829 1906 prophetis
1897 1838 2204 1892 scribitur:
2276 1856 2294 1888 ι
2353 1839 2606 1893 Etet-unt
2670 1841 2837 1893 lumbi
2897 1839 3018 1908 ejus
3070 1839 3337 1894 succincti
3395 1837 3562 1906 justi-

317 1917 394 1972 tia
423 1915 506 1984 "',
547 1935 568 1970 ι
601 1926 734 1983 etc.,
765 1917 911 2000 hunc
938 1933 1160 1973 sensum
1187 1920 1346 1974 habet
1375 1937 1390 1972 :
1431 1939 1451 1972 ί
1505 1920 1618 1974 Erit
1652 1923 1914 1979 terribilis
1943 1934 2000 1980 et
2046 1925 2204 1980 fortis
2248 1925 2315 1979 ad
2357 1925 2751 1982 defensaudam
2785 1927 3082 1996 justitiam.
3115 1925 3302 1979 Talem
3345 1937 3564 1993 quoque

314 2003 444 2058 vult
468 2018 595 2060 esse
629 2013 778 2072 eum,
829 2005 924 2076 qui
956 2007 1169 2061 accedit
1212 2006 1278 2061 ad
1328 2007 1452 2078 agni
1505 2010 1780 2076 paschalis
1818 2011 2079 2079 epulum:
2143 2029 2243 2069 nec
2300 2027 2413 2067 non
2468 2018 2676 2085 expetit
2735 2022 2793 2067 ut
2847 2013 2894 2069 is
2923 2014 3127 2066 vinciat
3157 2011 3382 2080 cingulo
3417 2010 3564 2064 tuui-

315 2104 480 2152 cam.
515 2105 584 2146 ne
634 2091 804 2146 ﬂuida
839 2093 1102 2162 impediat
1153 2094 1318 2163 pedes
1370 2097 1472 2150 iter
1503 2095 1778 2150 facientis.
1837 2097 1946 2152 Hac
1995 2111 2178 2152 autem
2243 2099 2492 2154 cinctura
2547 2101 2929 2162 admonemur,
2978 2107 3037 2152 ut
3070 2099 3122 2151 in
3175 2098 3427 2166 praesenti
3460 2111 3563 2150 sae-

314 2177 452 2236 culo
481 2178 778 2244 luxuriam.
807 2195 914 2250 qua
938 2179 1258 2247 diﬂluimus,
1298 2197 1672 2244 coerceamus,
1705 2183 1854 2238 lianc
1895 2199 2022 2239 vero
2053 2185 2214 2238 facile
2247 2186 2460 2239 inhibet
2487 2185 2859 2256 temperantia:
2889 2184 3172 2240 studiosus
3205 2185 3446 2248 animus,
3468 2180 3562 2248 qui

317 2263 488 2336 2⁵3
518 2265 722 2337 cinguli
764 2269 887 2323 loco
916 2268 1024 2323 erit
1053 2269 1158 2323 iter
1196 2270 1548 2340 ingredienti.
1579 2289 1598 2322 ‹
1636 2270 1696 2323 Et
1733 2272 2100 2326 calceatnenta
2132 2278 2262 2325 sunt
2293 2273 2344 2326 in
2387 2269 2630 2342 ’pedibus
2661 2272 2878 2334 vestris,
2919 2291 2938 2324 ι
2991 2279 3099 2325 etc.
3147 2270 3318 2336 Quam
3355 2268 3560 2338 pulchri

317 2352 456 2407 facti
485 2365 618 2410 sunt
640 2369 868 2424 gressus
917 2356 995 2408 tui
1037 2356 1089 2408 in
1128 2357 1570 2410 calceamentis?
1609 2357 1664 2412 Si
1705 2372 1890 2410 verum
1933 2367 2156 2413 secutus
2181 2367 2330 2413 esset
2359 2359 2608 2413 ordinem
2646 2370 2827 2413 rerum
2851 2366 3066 2422 auctor,
3105 2357 3450 2411 commodius
3481 2355 3567 2410 dia

319 2439 502 2494 sisset
533 2458 548 2496 :
581 2458 604 2492 ι
645 2439 710 2494 Et
728 2443 894 2512 pedes
919 2452 1050 2498 sunt
1081 2444 1136 2496 in
1163 2445 1576 2498 calceamentis.
1617 2462 1634 2494 ι
1676 2439 1833 2498 Nunc
1863 2458 2014 2508 vero,
2039 2446 2194 2513 quasi
2229 2436 2564 2514 prii-postero
2595 2446 2824 2511 ordine,
2863 2444 3040 2514 inquit
3075 2461 3089 2498 :
3127 2462 3145 2493 ε
3177 2443 3561 2497 Calceamenta

319 2535 460 2582 sunt
499 2527 554 2582 in
583 2529 840 2600 pedibus,
882 2549 902 2583 ι
936 2531 1139 2600 quibus
1171 2531 1353 2586 verbis
1391 2532 1634 2585 declarat
1665 2532 2034 2585 ealceamenta
2067 2521 2446 2600 prere-Statilium
2471 2547 2596 2587 esse
2623 2532 2875 2602 pedibus.
2919 2529 3166 2586 Indicant
3197 2543 3418 2604 quoque
3447 2527 3563 2581 ιιπο

321 2617 496 2674 verba
525 2615 922 2672 incunctanter
967 2620 1204 2672 eundqu
1239 2634 1382 2682 esse,
1421 2633 1754 2688 quocunque
1794 2633 1891 2672 nos
1933 2622 2212 2674 vocaverit
2252 2619 2417 2674 Deus.
2473 2618 2630 2680 Hunc
2688 2621 2870 2674 locum
2923 2621 3003 2675 sic
3051 2618 3317 2673 intellexit
3361 2617 3562 2675 Paulus

320 2715 452 2757 cum
485 2703 696 2758 diceret
737 2721 750 2756 :
795 2703 1034 2758 Calceati
1079 2706 1242 2775 pedes
1271 2715 1329 2757 ut
1371 2705 1492 2760 sitis
1521 2704 1697 2774 parati
1735 2704 1799 2758 ad
1834 2703 2181 2774 Evangelium
2211 2707 2359 2773 pacis
2385 2707 2451 2760 ⁸⁸.
2489 2727 2507 2758 ι
2534 2707 2804 2761 Cancrum
2834 2707 3052 2761 calceos
3095 2706 3346 2760 detrahat
3394 2704 3560 2758 sicuti

321 2787 532 2858 “uses,
559 2791 654 2859 qui
704 2791 1058 2861 ingressurus
1089 2804 1170 2847 est
1209 2793 1263 2846 in
1297 2803 1494 2846 terram
1531 2803 1801 2853 sanctam,
1827 2793 1880 2845 in
1915 2808 2022 2862 qua
2062 2792 2151 2846 Dei
2185 2785 2312 2848 sunt
2345 2794 2592 2864 vestigia.
2625 2794 2810 2860 Quare
2839 2805 3020 2848 atttem
3048 2803 3326 2848 exuuntur
3357 2791 3554 2847 calcei?

323 2893 406 2935 ne
428 2879 564 2950 quid
606 2879 876 2936 mortiferi
913 2897 1098 2937 secum
1136 2882 1192 2935 in
1235 2878 1354 2936 eam
1392 2883 1668 2952 regionem
1708 2882 1983 2948 importet.
2019 2879 2286 2934 Praeterea
2315 2881 2358 2934 si
2383 2882 2508 2950 quis
2545 2880 2857 2950 discipulus
2885 2881 3122 2935 mittitur
3153 2879 3218 2932 ad
3247 2878 3548 2948 praedicau-

331 2965 484 3044 θυαε
513 2965 868 3039 Evangelitnu
906 2969 1016 3022 ritu
1064 2969 1512 3039 philosophtu'um
1553 2969 1814 3032 tenuiter,
1848 2967 1993 3020 hunc
2027 2975 2244 3035 Oportet
2281 2981 2387 3020 non
2425 2968 2604 3022 solum
2639 2982 2827 3022 carere
2853 2967 3048 3020 baculo
3087 2976 3140 3020 et
3164 2966 3420 3034 pecunia,
3460 2979 3550 3015 ve-

337 3067 476 3108 rum
497 3053 660 3109 unica
695 3055 882 3109 tunica
911 3064 1228 3109 contentum
1252 3057 1415 3110 etiam
1445 3055 1606 3110 nudis
1629 3055 1981 3108 obambulare
2022 3052 2274 3122 pedibus.
2319 3060 2376 3105 ut
2407 3062 2702 3123 appareant
2747 3054 2978 3123 speciosi
3012 3053 3175 3122 pedes
3218 3053 3554 3106 annuntian-

344 3139 486 3195 tium
517 3155 704 3210 pacein
739 3142 802 3192 ‘9.
833 3139 934 3206 Qui
966 3157 1094 3196 vero
1121 3141 1253 3210 lugit
1284 3141 1738 3212 Aﬁgyptmn.ejus
1762 3141 1924 3210 pedes
1947 3139 2252 3194 vestiantur
2288 3141 2491 3194 calceis
2507 3132 2824 3194 securitatis
2861 3142 3060 3208 gratia,
3100 3155 3169 3193 ne
3201 3139 3376 3208 spinis
3410 3138 3553 3196 vitae.

339 3237 540 3298 nctupe
571 3228 848 3296 peccatis,
880 3227 1153 3282 violentur
1183 3227 1349 3297 pedes
1382 3229 1534 3282 nudi.
1571 3228 1674 3281 Sed
1705 3243 1808 3296 pro
1841 3226 2177 3281 nranimento
2215 3227 2454 3280 habeant
2496 3227 2730 3282 calceos.
2771 3227 3040 3282 Caeterum
3086 3225 3460 3297 temperantiae
3505 3237 3558 3279 et

335 3311 656 3380 Ioﬂitudiui
683 3315 920 3370 confinis
962 3315 1073 3368 vita
1119 3315 1376 3368 hebetare
1405 3314 1556 3368 novit
1601 3314 1716 3366 illas
1757 3314 1964 3380 spinas,
1992 3328 2193 3382 easque
2231 3314 2482 3382 prohibet
2521 3329 2588 3367 ne
2613 3316 2845 3368 obscura
2877 3329 2974 3370 sua
2998 3330 3301 3384 parumque
3336 3314 3561 3382 conspi-

337 3413 446 3454 cua
475 3401 706 3470 cuspide
752 3401 1016 3454 invehunt
1047 3401 1098 3452 in
1137 3415 1336 3470 corpus
1365 3411 1667 3469 peccatum.
1705 3400 1782 3452 Ad
1817 3400 1930 3452 haec
1963 3414 2184 3469 propter
2221 3410 2506 3470 serpentes
2531 3410 2584 3455 et
2617 3403 2960 3470 scorpiones,
2999 3416 3234 3470 quorum
3277 3401 3548 3471 Aigyptus

331 3485 682 3542 feracissima
712 3495 818 3552 est,
851 3487 1018 3556 pedes
1053 3489 1254 3542 calceis
1289 3488 1499 3540 umnire
1523 3487 1806 3554 jubentur,
1849 3501 1914 3540 ne
1953 3487 2021 3539 ab
2061 3487 2149 3540 his
2197 3496 2386 3556 utpote
2419 3489 2564 3541 calci
2597 3489 3014 3562 insidiantibus,
3045 3489 3175 3558 quid
3210 3489 3334 3540 mali
3367 3504 3560 3557 perpe-

339 3573 578 3630 tiantur.
619 3571 734 3630 lius
759 3575 1015 3644 iubentur
1060 3575 1376 3644 proculcare
1433 3583 1486 3628 et
1519 3573 1789 3627 obterere.
1835 3571 2010 3629 Locus
2049 3575 2152 3630 iste
2197 3590 2414 3642 quoque
2457 3576 2698 3628 ostendit
2746 3576 3037 3630 manifesto
3089 3569 3546 3629 l‘CSlll'l‘et‘liHnt'Jli

337 3659 720 3732 συκάμινα
749 3662 1050 3716 comitatur
1077 3677 1178 3715 nos
1205 3659 1552 3731 egredientes
1576 3657 1834 3729 Ᾰίεςριι).
1873 3654 2006 3709 Nam
2049 3653 2384 3708 mortifirare
2413 3667 2513 3705 nos
2550 3662 2764 3721 oportet
2797 3655 3038 3707 membra
3092 3669 3211 3722 qute
3241 3662 3372 3706 sunt
3397 3665 3562 3720 super

328 3753 506 3814 tam.
525 3747 796 3802 Ceterum
831 3748 1061 3802 observa
1093 3747 1305 3802 Veteris
1333 3745 1579 3816 Novique
1615 3745 1950 3799 Testamenti
1980 3741 2404 3796 consonantiam
2429 3741 2775 3794 concordem.
2797 3739 2928 3793 Nam
2975 3741 3116 3810 quod
3174 3738 3310 3793 Mosi
3349 3740 3551 3791 volenti

329 3833 596 3906 pupulum
623 3835 860 3890 educere
890 3831 1148 3906 Egypto,
1174 3835 1495 3905 praecipitur
1531 3875 1545 3899 ,
1581 3833 1725 3890 idem
1751 3831 2017 3902 jubentur
2043 3829 2294 3898 apostoli,
2325 3826 2420 3896 qui
2445 3826 2602 3881 missi
2639 3837 2816 3890 erant,
2849 3836 2907 3882 ut
2937 3827 3268 3882 abducerent
3295 3825 3551 3895 gentilem

329 3921 598 3994 malum
619 3937 686 3978 ex
719 3922 992 3979 invisibili
1022 3922 1286 3994 Egypto.

401 4029 474 4088 Et
497 4033 678 4090 baculi
703 4035 810 4090 sint
842 4038 899 4090 in
924 4037 1164 4091 ntanibus
1194 4037 1412 4100 vestris,
1431 4045 1538 4092 etc.
1573 4035 1811 4090 Baculus
1833 4031 1925 4102 qui
1963 4030 2221 4085 manibus
2252 4035 2526 4100 gestatur,
2561 4027 2726 4082 etiam
2757 4024 2934 4079 telum
2968 4029 3072 4085 est,
3097 4035 3208 4091 quo
3237 4019 3362 4090 quis
3387 4035 3446 4074 se
3475 4029 3561 4071 tu-

321 4129 484 4178 tatur
503 4119 820 4178 abinoursu
853 4123 1142 4178 noxiarum
1173 4124 1494 4179 bestiarum.
1521 4123 1614 4175 Est
1641 4131 1828 4176 autem
1857 4128 2020 4190 typus
2045 4117 2184 4186 spei,
2208 4133 2332 4186 qua:
2354 4115 2639 4170 obdurans
2675 4113 2727 4165 in
2758 4109 3022 4180 periculis
3055 4111 3196 4178 parit
3217 4107 3557 4177 patientiam.

325 4207 574 4274 Proinde
597 4207 858 4280 inquiunt
885 4210 1162 4280 propheta
1193 4227 1206 4263 :
1235 4212 1468 4277 Sperate
1489 4210 1542 4262 in
1582 4207 1832 4269 Domino,
1864 4213 1918 4262 et
1947 4205 2188 4259 vicissim
2225 4202 2532 4258 fulciemiui
2557 4201 2610 4254 in
2650 4199 2778 4253 Deo.
2804 4200 2905 4252 Hic
2929 4199 3022 4252 ille
3051 4195 3280 4250 baculus
3313 4204 3418 4255 est,
3451 4209 3562 4260 quo

329 4293 714 4354 (tumentem
751 4295 1090 4352 Sustinemus
1109 4289 1358 4350 animum
1389 4302 1480 4349 :et
1519 4295 1696 4348 instar
1725 4307 1920 4346 senum
1955 4293 2222 4346 latrantes
2253 4291 2524 4360 abigimus
2548 4301 2739 4342 canes.
2767 4283 3097 4338 Baculorum
3129 4283 3244 4337 sive
3281 4281 3562 4349 virgarum

473 4397 584 4442 nos
609 4381 852 4438 sustinet
871 4393 926 4436 et
953 4383 1116 4438 fulcit
1146 4397 1160 4436 :
1197 4383 1306 4435 alia
1338 4396 1440 4435 nos
1470 4383 1666 4451 pascit,
1708 4381 1924 4435 scilicet
1947 4379 2197 4436 doctrina
2226 4378 2444 4430 ratione
2479 4374 2734 4444 praeditus
2759 4378 3086 4426 convertens
3107 4379 3164 4422 et
3200 4369 3253 4420 in
3279 4366 3422 4420 viam
3467 4381 3553 4418 re-

569 4483 726 4526 oves.
747 4465 866 4524 Hoc
901 4470 1270 4540 locojubetur
1304 4467 1398 4522 illa’
1421 4467 1569 4539 capi,
1601 4481 1712 4538 qua
1744 4468 1798 4520 in
1823 4465 2167 4537 profectione
2193 4472 2595 4526 sustentemur,
2623 4476 2689 4514 ne
2707 4458 2922 4514 scilicet
2951 4456 3240 4510 audientes
3267 4454 3556 4540 sanguinis

327 4543 684 4628 ditissimis
719 4539 1416 4621 Dominicarmentionem,
1457 4544 1858 4612 claudicemus.
1917 4553 2154 4608 Edamus
2187 4559 2369 4606 autem
2405 4564 2612 4618 corpus
2659 4556 2713 4601 et
2751 4547 3001 4600 bibamus
3053 4542 3379 4613 sanguinem
3408 4539 3551 4628 nihil

337 4625 860 4704 dubitantes
889 4643 1036 4714 quod
1070 4644 1182 4699 sint
1215 4645 1326 4697 vita
1349 4649 1403 4697 et
1427 4643 1722 4697 vivilicent.
1755 4641 2022 4695 Praeterea
2045 4641 2194 4708 virga
2225 4638 2534 4708 symbolum
2564 4643 2646 4690 est
2674 4633 2982 4702 disciplinae
3001 4641 3056 4684 et
3089 4630 3372 4684 doctrinae.
3407 4625 3544 4714 Nam
3619 4634 3624 4640 '

533 4745 700 4802 parce
732 4711 920 4792 utitur
946 4732 1096 4802 virga
1120 4769 1138 4798 ,
1173 4730 1290 4786 odit
1321 4728 1490 4788 filium
1528 4744 1730 4796 suum;
1764 4729 1858 4799 qui
1902 4743 2030 4782 vero
2065 4734 2210 4786 amat
2254 4725 2449 4789 lilium,
2496 4723 2789 4792 diligenter
2825 4736 2947 4774 euut
2981 4716 3184 4781 erttdit,
3226 4734 3244 4766 ι
3292 4722 3351 4768 ιιι
3393 4711 3558 4768 habet

333 4805 616 4890 Mutat.
639 4817 708 4876 '°.

405 4924 472 4978 Et
504 4925 644 4980 edite
673 4927 822 4981 illam
867 4944 984 4980 cum
1013 4927 1392 4996 festinatione:
1424 4925 1633 4980 Pascha
1679 4935 1754 4979 est
1787 4925 2034 4985 Domino,
2062 4929 2172 4975 etc.
2197 4917 2302 4984 Qui
2337 4919 2479 4971 enim
2513 4916 2840 4971 Christianae
2863 4911 3143 4996 religionis
3173 4908 3442 4996 particeps
3476 4905 3557 4960 fa~

337 5024 463 5066 ctus
484 5023 592 5076 est,
635 5029 761 5067 eum
799 5030 896 5069 nec
925 4995 1211 5070 socordem
1244 5031 1345 5071 nec
1387 5015 1758 5082 indiligeuletn
1797 5013 1849 5066 in
1887 5013 2047 5064 bouis
2088 5007 2347 5074 operibus
2385 5003 2632 5069 conspici
2661 5010 2904 5069 oportet.
2939 4997 3073 5050 Nam
3103 4995 3274 5050 dictio
3307 4995 3560 5056 tlla,cum

333 5099 690 5168 festinatione,
731 5100 833 5154 hoc
863 5102 1044 5170 ipsum
1076 5102 1394 5170 signiﬁcat:
1438 5103 1524 5154 vel
1561 5101 1974 5154 demonstratur
2009 5093 2307 5162 aliquando
2341 5094 2460 5144 fore
2512 5099 2563 5140 ιιι
2603 5105 2690 5146 ca,
2721 5102 2848 5156 qua:
2872 5089 2926 5140 in
2964 5086 3080 5154 lege
3119 5084 3388 5138 delineata
3434 5083 3566 5144 sint,

333 5201 528 5257 magna
558 5189 844 5242 eelcritate
877 5193 989 5244 sint
1015 5199 1274 5255 ventura,
1309 5201 1362 5244 et
1391 5205 1550 5243 suum
1591 5195 1843 5242 eventum
1866 5187 2158 5240 sortitura.
2195 5177 2580 5233 Verumtamen
2635 5175 2948 5243 prem-edens
2985 5188 3172 5234 causa,
3199 5187 3361 5240 qttam
3408 5170 3566 5221 modo

331 5275 604 5340 dedimus,
648 5277 820 5346 magis
843 5279 1100 5331 convenit
1131 5278 1328 5332 textui.
1380 5277 1646 5331 Subditur
1673 5276 1818 5328 enim
1853 5292 1865 5327 :
1905 5292 1920 5324 t
1949 5272 2084 5338 Quia
2113 5267 2316 5336 paScha
2343 5278 2425 5319 est
2455 5263 2706 5317 Domino.
2738 5283 2755 5314 ι
2783 5262 3107 5314 'i‘ransimus
3135 5260 3277 5314 enim
3301 5274 3367 5312 ex
3409 5275 3437 5306 ιι
3465 5273 3566 5308 uu-

332 5362 472 5418 duna
506 5365 611 5417 i:ta
661 5367 768 5417 vita
800 5367 854 5419 in
887 5367 1160 5420 civitatem
1187 5366 1298 5418 Ut‘l.
1331 5369 1480 5432 (lpus
1523 5365 1786 5416 habemus
1809 5363 1994 5414 studio
2017 5368 2069 5413 et
2093 5358 2372 5412 celeritate
2399 5359 2463 5406 ad
2502 5368 2620 5406 eam
2651 5369 2762 5406 rem
2785 5393 2798 5413 ,
2825 5369 2889 5404 ne
2922 5355 3215 5420 patiamur,
3246 5349 3389 5415 qut-tl
3433 5347 3566 5396 Luto

414 5537 462 5572 ⁸⁸
497 5534 602 5594 Job
646 5553 736 5608 ιιι,
776 5540 828 5592 Ξ.
929 5540 973 5571 ⁸⁵
1008 5539 1206 5608 Ειιιιιςτδ.
1247 5553 1317 5600 vi,
1367 5537 1444 5588 Η.
1523 5537 1563 5565 6⁷
1602 5536 1701 5589 Isti.
1737 5550 1820 5602 ti,
1853 5533 1901 5584 5.
1983 5533 1997 5563 ε

1983 5533 2026 5563 ⁸⁸
2067 5527 2244 5598 I'Ipizcs
2307 5543 2376 5591 \‘l,
2418 5527 2495 5580 Ιὸ.
2597 5527 2638 5557 δί’
2669 5523 2822 5579 Rom.
2853 5541 2903 5588 κ,
2942 5525 3019 5577 15.
3135 5523 3179 5551 ’⁸³
3210 5519 3367 5572 va.
3436 5531 3556 5576 κιιιν
