4010 6212
274 332 380 398 517
1382 328 1920 391 COMMENTARII
1974 328 2056 390 IN
2087 328 2431 391 EXODUM.
3416 332 3526 397 578

347 438 444 494 llic
465 449 545 493 est
579 440 713 490 ritus
752 436 1005 491 Pascha:
1040 437 1211 491 omnis
1241 438 1539 509 alienigena
1572 456 1676 492 non
1710 440 1834 493 edet
1868 453 1932 491 ea:
1965 455 2049 498 ea,
2077 448 2187 493 etc.
2220 436 2360 511 [ΧΗ.
2393 437 2511 511 45.]
2558 435 2743 494 Tertia
2776 439 2891 496 haec
2914 440 3000 495 lex
3032 450 3141 499 est.
3168 457 3289 512 qua:
3316 442 3384 498 de
3411 443 3519 498 Pa-

279 534 414 584 scha.-
438 527 763 582 celebritate
795 541 827 579 a
865 527 1095 580 Domino
1132 526 1327 581 fertur.
1368 527 1639 582 Caeterum
1688 529 1832 581 hanc
1866 535 1980 581 tum
2025 527 2247 581 demum
2303 529 2691 596 promulgavit,
2747 544 2870 583 cu'n
2920 530 3221 585 exivisseot
3257 531 3516 602 Egypto.

280 616 399 674 Nam
432 616 479 670 si
507 632 625 669 eam
662 615 961 683 posuisset,
997 629 1123 667 cum
1167 616 1349 669 adhuc
1398 615 1579 670 forent
1621 616 1675 668 in
1721 614 1981 685 Egypto,
2042 630 2150 667 non
2207 623 2358 668 tanta
2403 615 2838 683 alienigenarum
2887 619 3047 670 turba
3077 620 3340 674 cantitata
3375 629 3521 675 esset

277 708 540 760 abeuntes
582 705 869 759 Hehrzeos.
907 704 1098 773 Magna
1133 706 1303 772 igitur
1336 707 1699 776 benignitate,
1729 721 1854 759 cum
1886 718 2075 757 omnes
2104 702 2400 771 eripuisset
2437 703 2696 773 Algypto,
2740 716 3064 772 praesentem
3110 707 3279 777 legem
3316 723 3522 777 propo-

273 797 396 849 suit.
437 794 779 860 Quantisper
804 794 948 845 enim
972 793 1025 845 in
1056 791 1290 864 Aigypto
1316 810 1623 856 moramur,
1656 794 1974 862 quicumque
1998 789 2163 849 volet,
2194 790 2447 851 accedat,
2480 798 2535 842 ct
2570 790 2794 845 Pascha:
2816 792 3017 846 festum
3054 792 3385 859 frequentet.
3410 795 3519 850 Ubi

268 882 564 953 A'Igyptum
594 882 983 948 dereliqueris,
1019 882 1100 933 lex
1140 897 1247 935 non
1309 883 1546 949 amplius
1597 880 1836 933 admittit
1891 877 2281 942 alienigenam.
2334 878 2485 930 Domi
2514 879 2623 931 nati
2657 883 2774 932 sive
2809 896 2988 933 verna:
3033 891 3161 933 sunt
3198 896 3519 938 communes

266 969 433 1023 animi
468 976 769 1035 conceptus
798 968 1076 1023 mentibus
1110 968 1316 1022 nostris
1352 968 1629 1037 impressi.
1658 969 1900 1033 Argento
1930 965 2117 1032 empti,
2153 974 2281 1017 sunt
2314 980 2625 1026 sermones,
2673 968 2765 1034 qui
2818 967 2984 1020 nobis
3022 969 3422 1034 ingenerantur
3448 986 3519 1025 ex

264 1055 515 1123 diligenti
552 1044 859 1106 litterarqu
893 1063 945 1105 ct
980 1055 1404 1121 disi-ipliuarum
1465 1055 1673 1108 studio.
1724 1054 2063 1107 Communes
2119 1052 2285 1119 igitur
2320 1054 2490 1105 animi
2542 1066 2865 1120 conceptus.
2907 1072 3009 1109 nec
3068 1073 3174 1109 nou
3209 1073 3515 1120 sermones,

263 1159 405 1211 quos
436 1141 686 1209 diligenti
725 1141 1235 1208 comp-traverimns
1272 1142 1475 1199 Slllzlln,
1506 1141 1787 1208 repurgari
1824 1140 2079 1191 convenit
2106 1141 2151 1191 si
2187 1141 2354 1192 velint
2387 1142 2634 1194 adhiberi
2665 1146 2915 1197 eonvivze
2938 1159 3078 1209 agno
3112 1148 3380 1213 paSt-hali.
3406 1145 3517 1212 Qui

262 1233 411 1285 enim
448 1246 478 1283 a
505 1246 632 1282 vera
659 1229 1183 1296 religionealienum
1214 1229 1491 1282 imbiberit
1521 1228 1742 1295 dogma,
1781 1226 2045 1296 profanat
2084 1227 2283 1279 festum
2327 1227 2557 1280 honuni.
2608 1230 2779 1281 Servii
2817 1233 2979 1299 igitur
3014 1230 3263 1295 lli-brato,
3315 1234 3366 1285 id
3406 1241 3513 1297 cst,

264 1317 454 1369 liberte
478 1317 696 1372 animae,
729 1326 817 1365 aut
860 1311 1121 1366 Hebraeus
1144 1313 1386 1367 nondum
1419 1316 1567 1376 talis,
1598 1325 1689 1366 aut
1723 1315 1956 1384 perunia
1987 1323 2228 1382 emptus.
2254 1312 2357 1379 Qui
2381 1315 2733 1369 babitatcum
2772 1316 2898 1371 ﬁliis
2932 1318 3120 1382 Israel,
3146 1320 3259 1377 edit
3287 1323 3512 1389 pascha.

262 1404 331 1456 At
359 1402 571 1455 advena
602 1416 696 1454 seu
735 1400 1058 1470 peregrinus
1091 1416 1196 1453 nou
1232 1406 1558 1455 admovetur
1591 1402 1669 1454 illi
1709 1402 1992 1455 convivio.

330 1508 604 1578 Πάροικός
654 1511 803 1561 ἐστιν
845 1507 1193 1576 Ἐκκλησῑας,
1242 1509 1393 1570 ὅστις
1454 1508 1590 1577 πρὸς
1632 1509 1837 1579 ἡμέρας

2016 1507 2238 1560 Advena
2285 1515 2371 1561 est
2412 1506 2710 1571 Ecclesiae,
2767 1510 3083 1578 quicunque
3145 1524 3515 1585 congregatur

265 1602 584 1665 συνάγεται,
649 1598 790 1666 μετὰ
845 1596 1052 1659 ταύτας
1095 1599 1188 1651 καὶ
1242 1599 1381 1667 μετὰ
1405 1598 1556 1652 θείαν
1581 1600 1753 1667 ἀκοήν
1781 1617 1840 1651 τε

264 1692 356 1743 aut
412 1689 614 1757 μύησιν
672 1689 988 1759 ἀποστάτης
1038 1690 1371 1758 γενόμενος·
1433 1690 1491 1751 ὃς
1521 1691 1623 1742 οὐκ
1662 1690 1839 1742 ἔδεται

260 1784 370 1837 ἀπὸ
387 1782 482 1835 τοῦ
515 1780 808 1849 προπάτου,
846 1780 1131 1843 Μισοωτὸς
1168 1781 1225 1833 δὲ
1268 1780 1457 1849 ὥσπερ
1500 1784 1726 1844 ἐκεῖνος,
1780 1777 1840 1837 οὗ

264 1874 339 1945 μὴ
372 1874 443 1926 τὶ
474 1873 725 1942 πρόϐατα
746 1872 871 1935 ῑδια,
900 1873 997 1925 καὶ
1017 1872 1104 1925 διὰ
1125 1871 1284 1925 τοῦτο
1329 1871 1409 1942 τῷ
1457 1872 1606 1941 λύκῳ
1661 1889 1841 1941 παρα-

259 1967 479 2037 χωρῶν.
512 1966 661 2019 {nisi
696 1964 805 2033 γὰρ
835 1966 930 2034 οὐχ
956 1965 1052 2036 ὅλῃ
1100 1965 1274 2018 ταῦτα
1322 1964 1465 2035 ψυχῇ
1501 1983 1515 1996 ο
1572 1966 1706 2019 ἀλλὰ
1751 1966 1840 2019 διὰ

256 2061 389 2122 τοὺς
413 2058 642 2128 μισθοὺς
681 2059 808 2119 τοὺς
839 2056 1037 2121 ἔξωθεν
1070 2057 1217 2111 δοκεῖ
1257 2057 1541 2125 περιέπειν
1586 2057 1654 2110 τὰ
1702 2056 1839 2129 πρόν

258 2152 420 2205 ϐατα.
448 2150 607 2203 Οὕτω
635 2150 727 2201 καὶ
759 2152 785 2202 ὁ
819 2149 1090 2218 μισθωτὸς
1124 2152 1152 2203 ὁ
1180 2152 1235 2203 ὲν
1259 2151 1393 2214 υἱοῖς
1438 2151 1657 2220 Ἰσραὴλ
1702 2151 1730 2202 ὁ
1772 2151 1836 2221 τῇ

258 2243 517 2310 εὐσεϐείᾳ
553 2242 827 2310 προφάσει
862 2241 1053 2311 μισθὸν
1084 2242 1197 2311 (78)
1234 2242 1695 2311 προσερχόμενος,
1738 2258 1839 2293 πο-

261 2335 458 2405 ρισμλν
488 2334 662 2386 δοκῶν
702 2333 799 2400 τὴν
841 2333 1143 2393 εὐσέϐειαν,
1168 2335 1260 2386 κιὶ
1308 2333 1559 2385 πλουτεῖν
1588 2332 1838 2385 ἐντεῦθεν

256 2428 527 2490 οξὸμενσς.
559 2424 803 2476 Τοιοῦτοι
837 2425 928 2476 καὶ
964 2426 1013 2475 οἰ
1060 2424 1147 2476 διὰ
1170 2423 1330 2487 δύξιν
1367 2422 1669 2491 ἀνθρώπιον
1706 2439 1838 2489 μετ-

261 2516 435 2576 iam;
471 2515 571 2577 τὰς
617 2516 840 2583 ἀρετάς.
879 2515 940 2566 '0
972 2515 1079 2583 γὰρ
1115 2514 1351 2575 τέλειος,
1388 2513 1462 2576 ὡς
1513 2514 1541 2565 ὁ
1602 2512 1840 2581 Πατὴρό

256 2609 536 2678 οὖράνιος,
574 2608 740 2669 αὐτὰς
782 2607 848 2660 δι’
876 2607 1076 2668 ἑαυτὰς
1118 2604 1420 2675 ἐπιτηδεύει
1455 2605 1552 2666 τὰς
1615 2604 1834 2672 ἀρετὰς,

255 2701 451 2769 ἀγάπῃ
484 2698 689 2751 τούτων
716 2701 809 2752 καὶ
841 2699 1010 2768 πόθῳ,
1040 2699 1180 2750 κατὰ
1208 2698 1287 2759 τὸ,
1326 2717 1344 2748 ι
1377 2697 1727 2763 ’Λγσπῆσατε
1760 2694 1839 2746 δι-

256 2792 585 2859 καιοσύνην,
617 2791 664 2841 οἱ
694 2790 969 2859 κρίνοντες
994 2788 1090 2856 τὴν
1114 2788 1245 2856 κγῆν.
1278 2806 1296 2837 ι
1321 2787 1393 2840 Τὸ
1416 2788 1523 2857 γὰρ
1548 2786 1636 2838 διὰ
1658 2802 1709 2836 τι
1747 2801 1834 2852 γι-

254 2883 542 2950 γνόμενον,
577 2881 794 2934 ἔλαττόν
837 2882 981 2932 ἐστιν
1011 2879 1221 2932 ἐκείνου
1250 2878 1316 2931 δι’
1357 2880 1385 2931 ὃ
1416 2879 1681 2945 γίγνεται.
1719 2877 1834 2940 ~'9;

258 2972 635 3040 προτιμᾶσθαι
665 2972 761 3039 τῆς
799 2971 1003 3038 ἀρετῆς
1033 2970 1123 3022 τὸν
1156 2969 1365 3037 μισθόν.
1403 2969 1600 3038 Διόπερ
1646 2970 1674 3020 ὁ
1724 2983 1835 3019 τοι·

254 3065 415 3129 οὗτος
439 3066 541 3119 οὐκ
574 3063 742 3119 ἐσθίει
772 3063 832 3117 τὸ
857 3065 1045 3135 Πάσχα
1062 3061 1155 3116 τοῦ
1185 3060 1444 3134 Χριστοῦ,
1492 3064 1591 3133 τῆς
1623 3060 1833 3116 δικαιο-

257 3156 428 3228 σύνης
461 3157 590 3211 ἄλλο
618 3173 671 3209 τι
704 3157 1008 3227 προτιμῶν.

1938 1614 2068 1652 cum
2108 1600 2209 1667 piis
2241 1600 2291 1651 in
2343 1600 2566 1667 templo.
2603 1597 2803 1653 Verum
2837 1604 3027 1655 audito
3061 1605 3228 1658 verbo
3268 1605 3509 1675 Domini,

1941 1700 1995 1744 et
2024 1692 2441 1744 consecratione
2467 1702 2702 1759 peracta,
2738 1693 2790 1745 in
2815 1703 3191 1761 apostatarum
3220 1714 3509 1754 numerum

1940 1781 2201 1835 deﬂectit.
2239 1780 2302 1833 Et
2332 1781 2417 1834 hic
2448 1799 2553 1834 nun
2581 1784 2891 1844 degustabit
2929 1801 3128 1854 agnum
3169 1789 3510 1855 past-halent.

1943 1871 2318 1925 Merccnarius
2370 1872 2508 1924 nihil
2543 1872 2727 1925 dilfert
2754 1875 2821 1925 ab
2873 1876 2997 1929 isto.
3028 1876 3162 1930 Nam
3194 1895 3348 1942 oves.
3383 1882 3511 1950 quia

1942 1975 2050 2014 non
2086 1962 2205 2024 ejus
2229 1970 2379 2025 sunt,
2410 1961 2767 2031 derelinqnit,
2798 1975 2854 2018 et
2888 1966 3093 2031 patitur
3133 1968 3315 2037 lupqu
3342 1971 3393 2023 io
3416 1986 3511 2026 eas

1941 2054 2204 2121 grassari.
2235 2054 2347 2106 Non
2379 2054 2523 2106 enim
2563 2062 2674 2106 toto
2700 2065 2915 2123 pectore
2941 2069 3084 2112 amat
3122 2076 3274 2123 oves,
3299 2062 3390 2114 sed
3414 2077 3509 2117 eas

1941 2144 2195 2210 sequitur
2220 2143 2417 2197 ductus
2447 2152 2503 2196 et
2526 2158 2724 2212 captus
2754 2148 3046 2201 dulcedine
3078 2150 3238 2215 lttcri,
3269 2153 3340 2205 ob
3363 2153 3509 2222 quod

1939 2248 2032 2287 eas
2060 2242 2238 2288 curat.
2278 2233 2333 2286 ln
2369 2235 2513 2288 hunc
2556 2238 2776 2289 modum
2824 2240 3197 2294 mercenarius
3231 2242 3335 2296 sub
3371 2260 3510 2312 prte-

1940 2338 2090 2381 textu
2131 2330 2416 2399 religionis
2469 2332 2689 2400 obrepit
2731 2332 2996 2389 lsxaolitis
3025 2377 3040 2400 ,
3080 2338 3510 2409 religionemque

1940 2422 2247 2472 arbitratur
2300 2430 2596 2489 qumstum,
2651 2432 2704 2475 et
2738 2425 2861 2478 inde
2909 2425 3133 2482 divitias
3184 2431 3509 2496 quwreutlas

1938 2512 2216 2579 opinatur.
2270 2512 2348 2565 Ad
2404 2513 2547 2566 hanc
2581 2515 2811 2566 classem
2868 2517 3140 2583 pertinent
3188 2522 3506 2590 hypocrita,

1937 2603 2029 2671 qui
2059 2619 2161 2656 non
2182 2605 2401 2658 virtutis
2428 2620 2639 2665 amore,
2669 2606 2763 2658 Sed
2800 2622 2948 2660 vaute
2974 2610 3216 2677 g'oriolae
3247 2615 3507 2679 cupidine

1938 2697 2122 2749 virtuti
2159 2697 2561 2750 adhzrrescnut.
2616 2697 2750 2751 Nam
2787 2699 2878 2767 qui
2923 2703 3200 2765 perfectus
3253 2702 3418 2759 fuerit
3450 2718 3510 2760 ut

1871 2821 1910 2875 Β
1940 2785 2103 2840 Pater
2156 2788 2419 2851 cmlestis,
2453 2804 2548 2842 eas
2598 2804 2693 2857 per
2733 2804 2792 2842 se
2831 2792 3243 2845 exosculabitnr
3291 2812 3509 2855 summo

1941 2877 2216 2930 desidetio
2251 2886 2304 2930 et
2340 2879 2556 2939 ardore,
2594 2881 2756 2933 sicuti
2792 2882 3056 2947 scriptum
3087 2894 3209 2937 est:
3243 2904 3258 2941 ι
3287 2884 3508 2958 magna

1935 2967 2212 3036 justitiam
2250 2969 2341 3036 qui
2373 2969 2635 3036 jtzdieatis
2684 2979 2886 3024 terram
2915 2973 2979 3025 7’.
3016 2992 3029 3023 ι
3060 2972 3214 3038 Quod
3244 2979 3386 3030 enim
3414 2993 3510 3046 per

1940 3060 2069 3126 quid
2094 3056 2171 3123 fit,
2200 3059 2384 3112 minus
2416 3068 2500 3112 est
2535 3075 2598 3113 eo
2631 3070 2854 3128 propter
2884 3064 3028 3130 quod
3057 3063 3112 3115 lit
3165 3065 3347 3134 Itaque
3374 3083 3508 3136 prm-

1940 3150 2125 3205 ferunt
2161 3151 2346 3205 virtuti
2386 3153 2712 3206 mercedem.
2766 3151 2901 3204 llinc
2945 3156 3070 3208 talis
3110 3171 3217 3208 non
3264 3160 3510 3213 vescitur

1939 3257 2079 3312 agno
2112 3244 2379 3312 paschali,
2421 3244 2550 3298 dum
2599 3243 2862 3310 iustitiam
2910 3248 3122 3302 caeteris
3163 3248 3326 3305 rebus
3359 3260 3509 3319 post-

1942 3334 2114 3403 ponit.

332 3457 392 3512 In
425 3456 714 3509 domouna
746 3456 950 3515 edetur.
985 3463 1094 3508 etc.
1126 3451 1270 3524 [ΧΠ.
1307 3452 1378 3507 46
1407 3449 1687 3523 lNecesse
1734 3449 2009 3504 interdum
2051 3457 2138 3503 est
2187 3456 2410 3518 propter
2450 3451 2677 3520 gulosus
2720 3452 3007 3508 helluones
3039 3455 3284 3510 volentes
3310 3458 3508 3514 audire

260 3544 647 3598 haereticorum
682 3556 990 3604 sermones,
1021 3550 1076 3593 ct
1114 3541 1244 3593 illos
1282 3539 1567 3591 nobiscum
1601 3538 1657 3589 in
1691 3553 1859 3590 nomn
1895 3538 2073 3608 locum
2103 3537 2312 3606 colligi,
2343 3539 2435 3591 sed
2490 3540 2647 3608 quasi
2682 3539 2732 3591 in
2784 3542 2953 3593 altera
2987 3541 3169 3594 domo.
3210 3541 3409 3598 Verum.
3452 3546 3500 3600 si

257 3632 395 3686 nihil
427 3632 515 3683 hic
548 3630 754 3697 agitur,
794 3629 896 3681 nisi
930 3626 1077 3696 quod
1111 3626 1327 3678 ovieula
1359 3632 1411 3677 et
1444 3640 1640 3677 carnes
1672 3632 1985 3686 sutuuntur,
2017 3625 2298 3692 permagni
2356 3624 2560 3678 rclerre
2583 3627 2873 3681 arbitraris
2901 3628 2945 3679 si
2972 3630 3026 3680 in
3065 3627 3280 3684 duabus
3309 3632 3507 3686 edatur

258 3717 559 3771 domibus?
603 3715 833 3768 Domum
861 3716 1043 3783 itaque
1070 3714 1320 3765 carnium
1348 3711 1609 3779 intelligit
1650 3710 1974 3771 Ecclesium,
2013 3717 2168 3762 extra
2222 3725 2383 3778 quam
2428 3727 2536 3765 non
2592 3712 2902 3780 proferendi
2952 3725 3081 3768 sunt
3137 3718 3504 3774 ecclesiastici

258 3817 570 3867 sermones,
604 3816 672 3854 ne
702 3801 919 3854 scilicet
950 3801 1261 3867 margarita:
1284 3796 1623 3863 objiciantur
1650 3797 1851 3861 porcis,
1903 3803 1957 3849 et
2005 3805 2193 3850 sancta
2236 3797 2434 3850 dentur
2475 3800 2723 3852 canibus.
2763 3798 3063 3865 Diligenter
3094 3803 3380 3857 retinenda
3417 3813 3504 3858 est

257 3891 536 3945 sermonis
571 3898 624 3944 et
674 3888 940 3943 doctrina:
983 3900 1220 3941 concors
1274 3883 1672 3945 consonantia,
1729 3899 1829 3939 nec
1866 3885 2006 3939 hanc
2055 3900 2157 3940 nos
2187 3893 2403 3954 oportet
2436 3885 2722 3941 destruere
2765 3896 2823 3941 ut
2857 3889 2935 3943 ibi
2976 3890 3069 3959 qui
3107 3905 3232 3945 ossa
3269 3893 3501 3947 commi-

256 3984 458 4031 nuunt.

327 4064 691 4122 Circumcides
712 4064 826 4133 ejus
858 4080 1011 4117 omne
1039 4062 1418 4124 masculinum,
1440 4069 1546 4115 etc.
1587 4058 1727 4131 [Xll,
1756 4057 1872 4131 48.]
1905 4058 2134 4113 Omnem
2164 4061 2522 4129 propaginem
2554 4064 2668 4116 sive
2697 4065 2966 4127 sobolem,
2999 4081 3119 4134 qua:
3153 4066 3363 4120 relictis
3392 4077 3502 4122 ter-

258 4157 431 4213 renis.
460 4155 514 4206 in
547 4153 783 4207 sublime
811 4149 985 4203 fertur
1007 4161 1060 4203 et
1090 4149 1340 4203 coelestia
1372 4148 1715 4215 speculatur.
1759 4145 2027 4201 Cteterum
2067 4155 2281 4200 terrena
2312 4156 2366 4201 et
2401 4149 2666 4217 quidquid
2707 4160 2982 4205 terrenum
3018 4161 3102 4206 est
3130 4153 3231 4206 sib
3265 4154 3510 4209 femineo-

255 4248 576 4299 continctur
597 4239 1432 4310 eteotnpreheuditurnumine.
1474 4237 1675 4291 Verum
1730 4237 1974 4290 mascula
2027 4235 2244 4289 soboles
2297 4236 2742 4291 ciremucidcmla
2788 4247 2843 4290 et
2900 4240 3244 4306 repurgauda
3277 4250 3382 4304 est,
3438 4251 3498 4296 ut

253 4333 423 4397 digne
458 4331 634 4401 possit
666 4328 993 4382 accumbere
1017 4328 1082 4381 ad
1120 4341 1392 4387 mensam,
1426 4326 1611 4393 inqua
1643 4333 1994 4393 apponuntur
2021 4338 2216 4377 carnes
2246 4324 2558 4392 pasrhales.
2605 4322 2721 4378 Hoc
2768 4325 2888 4379 loco
2942 4327 3012 4379 ab
3057 4327 3310 4396 indigena
3361 4328 3507 4383 nihil

254 4420 443 4475 diﬂert
476 4418 805 4488 proselytus.
841 4414 958 4469 Non
990 4415 1135 4469 enim
1165 4413 1383 4483 generis
1412 4412 1772 4471 nobilitatem,
1810 4412 1904 4466 sed
1941 4411 2140 4464 mentis
2168 4426 2496 4480 generosum
2535 4412 2850 4465 institutum
2888 4414 3152 4481 approbat
3189 4414 3351 4469 Deus.

330 4503 515 4559 Omnis
540 4505 629 4573 qui
650 4520 754 4556 non
789 4503 953 4570 fuerit
983 4503 1346 4565 circumcisus,
1376 4517 1476 4554 non
1505 4500 1619 4553 edet
1642 4516 1706 4554 ex
1733 4516 1819 4563 ea,
1854 4507 1963 4551 ctc.
1997 4496 2172 4552 Varia:
2204 4510 2258 4551 et
2293 4501 2478 4553 multa:
2504 4509 2635 4554 sunt
2663 4501 3133 4557 circumcisioncs.
3189 4502 3505 4556 lucircumr

252 4594 361 4648 eisi
392 4591 561 4646 corde
592 4592 874 4654 dicuntur,
910 4591 1001 4660 qui
1034 4592 1342 4645 rationibus
1372 4599 1428 4643 et
1453 4589 1789 4659 syllogismis
1814 4586 2078 4653 colligunt
2102 4594 2156 4638 et
2187 4588 2546 4649 concludunt,
2605 4604 2731 4657 quas
2780 4603 2887 4641 non
2926 4588 3084 4641 decet
3122 4587 3258 4643 fieri.
3318 4588 3488 4646 lncir-

251 4680 487 4734 cumcisi
521 4664 773 4739 aurilms.
804 4678 1007 4747 quibus
1041 4677 1093 4731 id
1125 4678 1261 4731 vitio
1284 4678 1469 4735 datur.
1498 4686 1627 4731 sunt
1654 4685 1705 4729 et
1733 4674 1833 4733 illi.
1857 4673 2057 4738 quibus
2082 4688 2244 4728 aures
2269 4675 2494 4743 impurae
2520 4687 2639 4728 sunt
2667 4684 2722 4729 et
2748 4686 3065 4731 aversantes
3093 4676 3280 4731 audire
3306 4694 3495 4734 sanam

250 4768 587 4822 doctrinam.
623 4764 789 4836 256
822 4765 1064 4820 Hebraeis
1117 4752 1321 4819 dicitur
1376 4764 1805 4818 incircumcisus
1842 4760 2002 4813 labiis
2043 4760 2157 4821 ille.
2190 4761 2284 4831 qui
2343 4778 2451 4815 non
2486 4777 2702 4816 onmem
2746 4779 3055 4817 sermonem
3098 4780 3497 4833 repugnantem

251 4868 398 4908 verre
431 4852 685 4921 religioni
722 4859 953 4915 resecat,
980 4852 1307 4920 impuraque
1336 4860 1388 4904 et
1423 4849 1568 4903 fteda
1610 4847 1774 4902 verba
1808 4862 2008 4902 sonare
2056 4863 2163 4901 non
2217 4848 2447 4905 desinit.
2499 4848 2719 4904 Dixeris
2749 4850 2987 4919 aliquem
3045 4851 3497 4908 incircumcisum

249 4956 443 5002 carne.
474 4939 570 5010 qui
607 4955 715 4993 non
740 4938 985 4993 carnalia
1017 4939 1238 5008 negotia
1268 4937 1557 4993 rescindit.
1589 4934 1700 4991 Nec
1754 4935 1932 4990 solum
1978 4936 2046 4991 ad
2086 4936 2347 5006 praedicta
2395 4938 2640 5007 pertinet
2693 4938 3070 5003 circumcisio,
3106 4948 3238 4994 sunt
3290 4951 3346 4995 et
3387 4943 3503 4996 alia

250 5028 524 5087 membra,
548 5043 673 5096 quae
701 5026 1187 5081 eireumcisionem
1214 5031 1501 5094 appetunt.
1522 5022 1678 5078 Oculi
1707 5022 1784 5076 illi
1818 5030 1949 5076 sunt
1973 5022 2378 5087 incircumcisi,
2408 5025 2502 5093 qui
2531 5040 2639 5078 non
2668 5033 2814 5080 recte
2839 5033 3077 5096 purgant
3098 5028 3205 5081 vim
3237 5027 3492 5085 visivaiu.

248 5115 449 5171 ﬂantis
480 5114 830 5184 appellantur
860 5112 1285 5177 incircumcisze,
1317 5127 1440 5180 quae
1497 5126 1605 5164 non
1657 5115 1958 5179 operantur
2007 5118 2062 5162 et
2111 5118 2493 5178 exsequuntur
2530 5110 2758 5164 virtutis
2789 5126 2977 5181 opera.
3010 5110 3265 5169 Monendi
3312 5114 3499 5182 itaque

246 5209 383 5255 sunt
414 5198 616 5265 Jndiei,
646 5200 741 5269 qui
790 5199 1065 5255 .meutulis
1095 5197 1442 5254 solummodo
1484 5196 1967 5252 circumcisionem
2014 5198 2307 5268 aptandam
2343 5199 2599 5264 credunt,
2641 5200 2807 5254 etiam
2849 5217 3014 5255 aures
3045 5217 3169 5256 esse
3199 5203 3493 5256 circumci-

246 5287 485 5346 dendas.
514 5287 652 5344 Nam
682 5287 891 5344 alicubi
928 5287 1205 5342 memoria:
1234 5286 1513 5357 proditum
1549 5294 1638 5339 est
1671 5304 1682 5338 :
1722 5302 1743 5337 ι
1775 5286 1955 5339 Aures
1983 5285 2125 5339 enim
2156 5292 2352 5339 vestra:
2380 5302 2488 5340 non
2511 5294 2641 5341 sunt
2664 5287 3005 5344 circumcisa:
3027 5289 3096 5343 ’⁸.
3136 5307 3157 5342 ›
3193 5287 3505 5344 Possumus

246 5383 308 5432 οι
328 5378 641 5449 allegorice,
664 5392 789 5446 qua!
808 5378 878 5433 de
914 5376 1342 5433 cincnmcisione
1370 5375 1715 5435 scribuntur.
1744 5373 2054 5444 intelligere
2075 5372 2131 5427 in
2158 5373 2310 5430 hunc
2341 5375 2587 5443 modum,
2624 5384 2683 5429 ut
2724 5376 3106 5434 existimemus
3134 5382 3506 5433 scortatores!

325 5548 377 5581 "
417 5546 546 5618 Sap.
590 5564 630 5613 ι,
674 5550 723 5602 l.
799 5550 847 5581 "
880 5547 1084 5603 Jcrem.
1116 5564 1209 5610 vr,
1272 5546 1357 5600 lO.

327 5727 441 5799 (78}
462 5731 579 5785 Ἵσ.
609 5727 825 5801 μισθοῦ.
