4010 6212
485 274 589 344 ὗηθ
1776 276 2123 338 PROCOPII
2155 275 2395 335 GAZrEI
3621 270 3731 334 5&9

486 406 594 446 non
629 403 753 444 esse
776 387 1191 450 circumcisum,
1225 393 1276 439 at
1310 386 1683 440 continentem
1721 387 2152 441 circumcisione
2181 400 2305 440 esse
2330 382 2674 453 insignitum,
2711 381 2836 436 licet
2888 381 2981 435 hic
3037 378 3364 450 praeputium
3401 379 3618 447 habeat,
3670 394 3730 439 et

486 479 577 532 ille
609 478 681 531 sit
716 477 911 545 apella.

514 567 517 570 ⁴
558 567 624 623 Et
658 567 1082 636 feceruntomnes
1116 566 1219 635 filii
1250 566 1424 620 Israel
1452 565 1895 636 quemadmodum
1917 580 2053 633 prae-
2084 586 2097 627 Α

2226 561 2338 615 Kal
2356 561 2654 627 ἐποίησαν
2679 562 2733 614 οι
2763 561 2881 613 υἱοὶ
2922 560 3163 627 Ἰσραὴλ
3199 561 3350 615 καθὰ
3389 560 3735 620 ἐνετείλατο

486 659 617 727 cepit
659 658 913 711 Dominus
954 656 1094 711 Mosi
1132 668 1181 711 et
1232 657 1454 721 Aaroni,
1483 665 1593 711 etc.
1626 655 1765 727 [XI|,
1798 656 1912 727 50.]
1954 657 2055 722 Qui

2163 653 2376 721 Κύριος
2403 651 2484 717 τῷ
2519 649 2744 718 Μωῢσῇ
2775 653 2871 704 καὶ
2938 650 3163 717 Ἀαρὼν
3192 650 3343 719 πρὸς
3364 652 3605 720 αὐτοὺς,
3629 656 3734 709 οὕ-

490 763 598 803 ηοη
630 746 846 802 deditus
877 754 958 800 est
996 744 1157 798 nuda:
1181 745 1394 808 litterae,
1429 742 1526 797 sed
1555 743 1833 797 auscultat
1862 742 2056 795 volun-

2163 760 2275 807 τως
2297 743 2615 809 ἐποίησαν.
2665 742 2721 794 '0
2749 742 2823 811 μὴ
2851 742 2996 795 κατὰ
3016 742 3076 793 τὸ
3117 742 3356 812 γράμμα
3416 742 3732 814 δεχόμενος,

488 847 657 892 tatem
679 836 994 904 Scripturze,
1009 835 1055 890 is
1077 846 1160 888 est
1175 835 1265 903 qui
1285 836 1468 887 omnia
1488 833 1834 901 exsequitur,
1862 848 2057 903 quem-

2164 833 2375 888 ἀκούων
2405 834 2462 887 δὲ
2492 832 2584 886 τοῦ
2621 832 2960 901 βουλήματος
2988 833 3089 901 τῆς
3118 832 3358 902 Γραφῆς,
3390 829 3544 896 οὗτός
3582 837 3734 888 ἐστιν

491 928 780 984 admodum
812 929 1027 982 locutus
1064 935 1147 982 est
1178 926 1440 981 Dominus
1472 924 1609 979 Mosi
1661 935 1714 980 et
1752 924 1980 982 Aaroni.

2162 928 2189 979 ὁ
2240 926 2407 980 ποιῶν
2464 926 2716 997 καθάπερ
2758 924 2985 1000 ὲλὰλησε
3035 925 3237 997 Κύριος
3298 923 3377 995 τῷ
3412 926 3600 980 Minas!
3636 929 3731 981 καὶ

2163 1012 2397 1087 Ἀαρών.

564 1135 853 1203 Sancti/ica
878 1135 1003 1187 mihi
1033 1149 1182 1187 omne
1235 1132 1641 1200 primogenitum
1684 1132 1997 1199 adaperiens
2050 1146 2411 1204 quamcunque
2471 1128 2698 1195 vulvam,
2737 1134 2845 1187 etc.
2899 1129 3063 1204 [Xlll,
3094 1128 3177 1202 2.]
3204 1129 3520 1185 lmmolatns
3558 1144 3733 1199 agnus

494 1234 653 1294 typus
674 1232 790 1277 erat
814 1220 1042 1285 Christi,
1078 1234 1174 1288 per
1200 1232 1364 1289 quem
1392 1232 1617 1272 evasere
1667 1219 1975 1273 occisorem
2030 1218 2126 1272 ﬁlii
2164 1219 2354 1275 Israel.
2396 1220 2531 1275 Nam
2568 1228 2795 1290 propter
2827 1234 2933 1274 nos
2964 1228 3215 1272 mortuus
3252 1225 3360 1279 est,
3413 1225 3473 1269 ut
3502 1222 3734 1271 mortem

493 1307 699 1364 faceret
731 1309 965 1361 irritam.
1000 1305 1129 1360 Vult
1152 1307 1324 1375 igitur
1358 1320 1473 1366 eos,
1502 1311 1726 1379 propter
1756 1318 1898 1374 quos
1944 1306 2071 1360 vitae
2105 1307 2411 1377 periculum
2458 1305 2617 1370 adiit,
2674 1319 2775 1359 suo
2811 1304 3039 1359 Domino
3090 1302 3371 1371 subjectos
3417 1316 3562 1365 esse,
3592 1310 3646 1356 et
3680 1301 3736 1356 id

496 1396 712 1465 quidem
738 1394 1055 1463 aequissimo
1084 1391 1227 1460 jure.
1266 1391 1398 1445 Nam
1434 1394 1489 1445 in
1531 1393 1688 1446 bellis
1722 1391 2039 1462 quicunque
2067 1404 2226 1449 erant
2257 1395 2484 1463 captivi,
2512 1401 2578 1447 et-
2595 1392 2811 1447 tandem
2847 1396 2906 1463 in
2933 1392 3214 1460 antiqtiam
3257 1390 3565 1445 libertatem
3606 1399 3741 1445 sunt

494 1482 734 1539 restituti
760 1496 860 1551 ope
911 1481 1146 1534 militum
1181 1480 1273 1549 qui
1308 1480 1433 1533 illos
1462 1479 1787 1543 liberarunt,
1823 1481 1938 1548 jam
1974 1495 2083 1534 non
2116 1480 2200 1535 sui
2229 1478 2370 1547 juris
2410 1484 2542 1532 sunt
2572 1497 2584 1532 :
2640 1475 2737 1532 sed
2776 1474 3163 1544 subjiciuntur
3205 1473 3453 1529 demiuio
3492 1474 3737 1539 illorum,

452 1592 457 1599 ο
495 1569 591 1637 qui
625 1582 749 1621 cum
773 1569 900 1620 vita:
945 1565 1195 1634 periculo
1247 1565 1398 1633 ipsos
1445 1572 1762 1619 servarunt.
1801 1564 2078 1635 Siquidem
2121 1564 2328 1621 domini
2380 1577 2528 1618 nunc
2568 1562 2786 1616 illorum
2818 1570 2967 1623 sunt.
2998 1577 3234 1631 quorum
3263 1562 3552 1630 sanguine,
3608 1575 3739 1616 cum

496 1654 678 1709 forent
707 1654 931 1722 captivi,
968 1662 1098 1706 sunt
1128 1650 1434 1720 captivitati
1469 1650 1762 1705 subtracti.
1795 1649 1886 1705 Sic
1933 1662 1987 1705 et
2029 1651 2283 1708 Christus
2323 1667 2424 1708 suo
2455 1653 2728 1721 sanguine
2774 1650 3081 1704 daemonum
3129 1649 3331 1704 devicit
3359 1658 3407 1704 et
3441 1649 3741 1718 dissipavit

499 1739 867 1795 ﬁrmissimam
902 1739 1096 1792 aciem.
1125 1737 1470 1807 Quapropter
1499 1738 1724 1803 Paulus,
1768 1739 1926 1807 quasi
1961 1755 2068 1793 non
2092 1741 2333 1809 amplius
2362 1738 2468 1794 sibi
2518 1738 2687 1801 vivat,
2722 1737 2904 1807 inquit
2936 1753 2950 1788 :
2989 1755 3009 1789 ι
3043 1733 3163 1789 Una
3189 1734 3411 1791 Christo
3435 1736 3743 1793 cruciﬁxus

498 1842 643 1883 sum.
677 1825 814 1880 Vivo
845 1834 1022 1878 autem
1051 1840 1158 1877 non
1189 1825 1427 1893 amplius
1454 1840 1576 1893 ego,
1609 1826 1703 1879 sed
1740 1825 1793 1878 in
1820 1842 1905 1881 me
1932 1826 2066 1880 vivit
2095 1826 2371 1882 Christus.
2427 1825 2584 1890 Quod
2633 1835 2812 1877 autem
2866 1838 3016 1877 nunc
3043 1824 3164 1876 vivo
3208 1822 3262 1877 in
3321 1837 3511 1885 carne,
3549 1825 3603 1877 in
3635 1823 3744 1880 ﬁde

499 1918 626 1970 vivo
649 1914 777 1970 Jesu
807 1913 927 1974 Dei,
960 1913 1053 1982 qui
1083 1912 1274 1967 dilexit
1310 1928 1431 1971 nos.
1452 1913 1747 1967 ettratlidit
1776 1914 2132 1983 semetipsum
2161 1922 2384 1985 propter
2418 1928 2504 1968 me
2537 1913 2636 1966 ".i
2683 1910 2776 1965 Sic
2804 1919 2859 1965 et
2886 1909 3148 1965 Israelita:
3180 1924 3291 1963 non
3323 1911 3559 1980 amplius
3583 1926 3742 1965 suam

500 2003 755 2057 vivebant
788 2002 979 2064 vitam,
1019 1998 1115 2055 sed
1146 2000 1296 2068 agni,
1337 2001 1429 2067 qui
1457 2016 1554 2069 pro
1584 2001 1721 2068 ipsis
1740 2010 1859 2054 erat
1893 2003 2137 2059 occisus.
2169 2001 2400 2072 Oportet
2429 2002 2594 2072 igitur
2618 2015 2721 2055 nos
2751 2001 2936 2055 colere
2972 1999 3137 2053 vitam
3164 2006 3415 2053 sanctam
3464 2008 3519 2054 et
3548 2015 3745 2055 revera

500 2093 731 2154 Christi,
760 2090 1029 2161 unigeniti
1070 2100 1323 2158 respectu
1352 2089 1467 2152 Dei,
1500 2090 1855 2159 primogeniti
1887 2099 2139 2161 respectu
2164 2090 2389 2143 humani
2422 2091 2661 2159 generis,
2691 2098 2746 2143 et
2782 2087 3016 2141 masculi
3051 2094 3304 2155 respectu
3333 2089 3541 2156 peccati
3564 2102 3600 2141 a
3627 2104 3749 2156 quo

502 2189 622 2232 erat
655 2178 1049 2231 alienissimus.
1094 2175 1233 2229 lline
1262 2175 1321 2228 ﬁt
1355 2184 1413 2229 ut
1447 2177 1727 2244 eligantur
1756 2178 1809 2230 in
1842 2178 2361 2232 commemoratione
2402 2175 2893 2245 primogeniterum
2927 2187 3108 2227 mares
3137 2189 3150 2224 :
3181 2173 3392 2228 scilicet
3418 2174 3749 2243 abjicieutes

504 2265 775 2319 imbellem
807 2275 860 2317 et
891 2264 1212 2329 muliebrem
1248 2262 1532 2315 mollitiem
1568 2262 1632 2316 ad
1679 2272 1959 2331 peccatum
2002 2266 2376 2319 inclinantem.

578 2348 742 2404 Omne
772 2348 908 2418 quod
948 2349 1115 2417 aperit
1154 2350 1359 2401 vulvam
1396 2348 1584 2408 asinae.
1613 2350 1936 2427 permutgbis
1992 2366 2101 2411 ove,
2150 2357 2257 2402 etc.
2288 2345 2454 2418 [XllL
2499 2346 2614 2418 15.}
2666 2346 2800 2401 Nam
2836 2346 2956 2400 ovis
3008 2345 3321 2409 adhibetur,
3355 2356 3415 2399 ut
3447 2346 3603 2400 docet
3633 2346 3751 2411 lex,

506 2437 792 2490 sacriﬁciis
829 2456 841 2488 ε
880 2454 897 2486 t
944 2436 1150 2489 Asinus
1183 2434 1445 2502 profanus
1472 2445 1525 2488 et
1549 2434 1864 2488 immundus
1903 2444 2008 2500 est,
2043 2450 2142 2488 nec
2168 2435 2467 2489 adhibetur
2501 2434 2813 2489 sacriﬁciis.
2841 2451 2860 2485 ι
2894 2432 2986 2487 Sic
3021 2441 3075 2487 et
3108 2448 3230 2497 nos,
3260 2434 3349 2502 qui
3376 2448 3593 2486 eramus
3618 2448 3754 2501 pro-

505 2521 616 2575 fani
646 2530 698 2576 et
730 2532 1069 2591 peccatores,
1099 2535 1199 2590 ope
1233 2519 1461 2586 Christi,
1490 2514 1584 2591 qui
1616 2529 1699 2575 est
1726 2537 1900 2589 agnus
1935 2522 2143 2593 integer
2173 2530 2227 2577 et
2254 2522 2785 2592 irreprehensibilis,
2822 2520 3065 2590 suscepti
3094 2536 3288 2575 sumus
3312 2521 3563 2592 gratique
3590 2536 3757 2591 repe-

507 2615 681 2663 l'lllltll‘
714 2608 965 2666 Domino.

579 2694 745 2750 Omne
776 2696 1178 2766 primogenitum
1204 2695 1427 2748 hominis
1451 2694 1689 2763 ﬁliorum
1735 2704 1948 2749 tuorum
1992 2696 2237 2761 redimes,
2278 2701 2385 2750 etc.
2425 2695 2761 2757 Muneribus
2810 2698 2925 2749 sive
2977 2693 3139 2748 donis
3188 2693 3418 2758 oblatis,
3462 2703 3553 2747 aut
3586 2694 3753 2762 pretii

507 2783 952 2851 compensatione
985 2781 1147 2837 facta.
1185 2778 1318 2833 Nam
1347 2781 1425 2842 id,
1454 2781 1600 2851 qttod
1635 2792 1994 2837 consecratur
2018 2782 2150 2848 Deo,
2179 2781 2398 2851 penitus
2427 2781 2785 2836 occidendum
2831 2791 2968 2835 erat.
3007 2780 3146 2835 Deus
3188 2788 3370 2834 autem
3400 2777 3756 2833 abominatur

509 2869 907 2933 homicidium,-
934 2869 1105 2937 utqui
1142 2868 1326 2921 omnia
1359 2867 1653 2932 creaverit,
1686 2877 1743 2920 ut
1768 2870 1879 2922 sint
1909 2869 2122 2938 integra
2164 2874 2218 2922 et
2264 2878 2624 2937 permaneant
2658 2867 2941 2922 inviolata.
2981 2883 3003 2918 ς
3037 2864 3155 2920 Non
3192 2867 3335 2920 enim
3368 2866 3510 2921 Deus
3539 2866 3759 2921 creavit

509 2964 766 3018 mortem,
801 2968 907 3010 nec
940 2955 1270 3017 delectatur,
1302 2962 1363 3007 ut
1393 2954 1559 3009 habet
1591 2953 1903 3025 Scriptura,
1940 2955 2160 3010 interitu
2198 2954 2498 3007 viventium
2543 2971 2557 3008 :
2591 2955 2870 3009 daemones
2911 2953 3263 3008 obiectantur
3296 2952 3582 3006 hominum
3630 2952 3759 3006 exi-

509 3043 586 3098 tio
601 3043 669 3097 ⁷⁸.
697 3061 715 3094 ι
738 3042 1007 3097 Caeterum
1030 3041 1449 3096 consecratione
1472 3041 1961 3112 primogenitorum
1990 3058 2090 3097 nos
2110 3040 2330 3096 erudire
2348 3042 2567 3111 satagit,
2597 3040 2741 3111 quod
2775 3041 2873 3111 ipsi
2908 3049 3154 3096 nostram
3197 3031 3364 3094 vitam
3393 3040 3477 3096 vel
3508 3040 3753 3095 animam

510 3136 835 3193 debeamus.
869 3132 1070 3187 Eadem
1098 3133 1312 3188 ratione
1343 3134 1600 3203 praecepit
1628 3132 1746 3203 dari
1777 3133 2185 3188 didrachmum.
2220 3122 2392 3186 Paulo
2420 3140 2544 3202 post
2572 3133 2711 3186 idem
2748 3132 2798 3186 in
2828 3140 3013 3186 monte
3035 3131 3253 3187 Choreb
3284 3131 3463 3186 sancit
3492 3146 3617 3185 cum
3648 3130 3757 3188 hac

512 3223 816 3293 appemlice
851 3260 866 3275 .
898 3239 917 3272 ‹
964 3220 1185 3276 Vitulus
1224 3229 1373 3288 tuus,
1409 3221 1533 3276 ovis
1561 3229 1677 3285 tua,
1714 3232 1768 3275 ct
1793 3220 2100 3290 jumentum
2149 3231 2302 3273 tuum
2333 3231 2540 3289 septem
2585 3220 2781 3275 diebus
2829 3222 2935 3274 erit
2969 3221 3073 3276 sub
3103 3229 3303 3285 matre,
3338 3229 3535 3273 octavo
3565 3229 3755 3274 autem

511 3312 668 3367 dabis
695 3309 826 3366 mihi
865 3310 1042 3379 ipsttm
1076 3311 1147 3364 ".
1177 3327 1195 3360 ι
1236 3309 1382 3363 Idem
1409 3312 1710 3364 etiamnum
1743 3311 1886 3380 apud
1934 3324 2056 3373 nos,
2105 3306 2198 3378 qui
2228 3306 2520 3361 rationales
2567 3322 2699 3361 oves
2746 3307 3086 3367 dedicamus.
3122 3305 3403 3360 observari
3445 3306 3608 3361 solet.
3632 3305 3755 3359 Non

512 3393 657 3449 enim
686 3393 951 3448 continuo
978 3402 1204 3447 vocatos
1232 3400 1286 3447 et
1317 3392 1579 3456 novitios,
1609 3394 1700 3458 qui
1734 3393 1915 3447 adhuc
1948 3392 2225 3446 adh-.erent
2251 3392 2440 3460 primis
2471 3392 2592 3447 ﬁdei
2626 3395 2978 3458 rudimentis,
3024 3393 3354 3447 adducimus
3397 3393 3467 3448 ad
3505 3393 3754 3447 divinum

513 3478 648 3533 illud
672 3487 727 3532 et
749 3478 1100 3533 incruentum
1123 3478 1456 3532 sacrilicium
1485 3495 1502 3545 ς
1533 3478 1627 3533 sed
1662 3477 1962 3533 illiusmodi
1994 3472 2240 3535 homines
2266 3480 2321 3535 in
2351 3480 2873 3534 catechumenorum
2905 3495 3137 3535 numero
3167 3479 3327 3550 257
3350 3480 3757 3549 aliquantisper

515 3564 843 3631 retinentur,
873 3564 1142 3633 lactisque
1173 3573 1327 3634 potu,
1358 3579 1519 3634 quem
1550 3564 1830 3619 ministrat
1855 3574 2033 3619 mater
2071 3565 2331 3631 Ecclesia,
2368 3568 2588 3621 aluntur
2618 3578 2671 3622 et
2694 3570 3097 3622 caulirmantur
3120 3569 3409 3638 paulatim,
3443 3568 3752 3622 secundum

514 3653 691 3717 illum,
730 3651 824 3721 qui
860 3653 975 3705 ait:
1011 3669 1030 3702 ι
1068 3649 1234 3706 Lacte
1275 3651 1457 3721 potavi
1488 3667 1604 3715 vos,
1641 3667 1741 3707 nec
1782 3652 1909 3706 cibo
1934 3653 2115 3707 solido
2145 3654 2287 3721 pavi.
2318 3653 2573 3708 Nondum
2620 3650 2768 3709 enim
2812 3654 3090 3723 potuistis,
3128 3653 3239 3708 imo
3261 3668 3329 3709 ne
3352 3668 3497 3707 nunc
3530 3654 3752 3722 quidem

515 3739 742 3807 potestis
767 3739 837 3792 ⁸ο.
882 3756 901 3788 ι
943 3737 1006 3790 Ει
1043 3737 1243 3793 iterum
1281 3752 1296 3790 :
1335 3757 1355 3789 ‹
1397 3736 1611 3801 Omnis,
1641 3738 1733 3808 qui
1766 3739 2045 3808 particeps
2067 3747 2152 3793 est
2182 3741 2363 3804 lactis,
2402 3742 2558 3795 rudis
2608 3752 2695 3796 est
2730 3742 3000 3797 sermonis
3042 3741 3292 3811 justitite.
3340 3739 3436 3797 Est
3481 3741 3627 3796 enim
3662 3742 3755 3795 im

516 3825 656 3880 fans.
687 3824 1062 3881 Perlectorum
1093 3834 1274 3881 autem
1302 3833 1385 3882 est
1412 3826 1623 3881 solidus
1650 3827 1810 3881 cibus
1842 3826 1910 3879 ⁸¹.
1952 3845 1970 3877 ι
2012 3824 2171 3880 Lacte
2203 3827 2441 3882 imbutos
2467 3836 2521 3882 et
2543 3836 2731 3898 pastos
2763 3836 3054 3897 apportant
3079 3839 3273 3883 octavo
3300 3828 3415 3894 die,
3443 3830 3537 3899 qui
3577 3830 3753 3899 signi-

518 3914 644 3968 ﬁcat
679 3922 896 3983 tempus
922 3913 1350 3968 resurrectionis
1376 3929 1389 3963 :
1426 3914 1586 3983 cujus
1611 3915 1688 3968 rei
1718 3914 2021 3984 symbolum
2052 3921 2135 3967 est
2161 3913 2396 3982 baptism
2411 3929 2494 3975 us,
2526 3928 2635 3982 quo
2664 3914 2819 3982 quasi
2855 3914 3021 3969 rudes
3044 3924 3099 3968 et
3130 3913 3368 3969 infantes
3403 3914 3755 3984 depelluntur

519 4001 679 4054 lacte.
711 3998 868 4064 Nam,
898 4011 956 4055 ut
985 4000 1167 4069 inquit
1197 4000 1423 4066 Paulus,
1466 4020 1484 4051 ι
1526 3999 1845 4068 Conscpulti
1887 4014 2077 4054 sumus
2123 4001 2169 4054 ei
2225 4015 2321 4069 per
2364 4000 2695 4069 baptismum
2744 4000 2800 4053 in
2854 4008 3108 4062 mortem.
3158 4010 3240 4063 ut,
3288 4001 3751 4069 quemadmodum

515 4087 770 4143 Christus
809 4090 1082 4144 excitatus
1117 4099 1201 4143 est
1226 4104 1255 4143 e
1288 4090 1543 4152 mortuis,
1584 4104 1680 4157 per
1709 4088 1934 4158 gloriam
1968 4087 2169 4151 Patris,
2202 4089 2281 4142 sic
2313 4101 2412 4141 nos
2445 4087 2497 4139 in
2532 4087 2776 4141 novitate
2808 4086 2930 4140 vita:
2969 4086 3312 4142 ambulemus
3350 4087 3420 4151 ⁸⁸,
3461 4104 3481 4138 t
3528 4103 3754 4159 regene-

517 4176 617 4227 ιηιὶ
654 4190 747 4245 per
780 4177 939 4230 iidem
972 4176 1038 4230 ad
1071 4178 1404 4246 agnitionem
1441 4175 1715 4240 veritatis,
1739 4186 1792 4229 et
1814 4175 2129 4229 conformes
2161 4173 2454 4227 reddamur
2489 4173 2591 4235 illi.
2617 4174 2708 4243 qui
2738 4174 2913 4226 nostri
2940 4181 3188 4243 respectu
3212 4175 3614 4243 primogenittts
3645 4184 3747 4230 est.

518 4262 719 4317 Deinde
751 4273 912 4332 epoto
945 4263 1197 4316 rationali
1235 4263 1328 4316 illo
1374 4273 1428 4317 et
1460 4263 1679 4316 sincero
1711 4263 1855 4317 lacte
1885 4258 2209 4317 rendvemur
2254 4262 2307 4315 in
2344 4261 2520 4315 virum
2559 4262 2889 4331 perfectum;
2919 4263 2972 4315 in
3024 4275 3338 4317 mensuram
3385 4264 3564 4319 atatis
3592 4265 3755 4334 plene

515 4348 714 4402 adulta:
744 4348 970 4402 Christi.
1011 4347 1149 4401 Tum
1183 4347 1404 4401 demum
1436 4348 1644 4401 erimus
1669 4349 1846 4401 sancti
1879 4348 2128 4412 Domino,
2158 4357 2212 4403 et
2241 4349 2288 4402 ei
2328 4349 2782 4403 consecrabimur
2807 4387 2822 4412 ,
2871 4349 3082 4403 scilicet
3116 4349 3322 4402 mundo
3353 4349 3569 4419 quidem
3608 4367 3753 4403 mor-

517 4434 616 4496 tui,
652 4442 704 4487 ct
732 4433 839 4487 Deo
867 4435 1109 4487 viventes
1139 4442 1351 4492 sancte.
1383 4434 1547 4488 sicuti
1580 4433 1838 4496 victimae,
1869 4449 1990 4501 quae
2022 4436 2087 4487 ad
2129 4436 2299 4490 altare
2334 4436 2641 4489 caeduntur.
2677 4435 2834 4497 Nam,
2878 4436 3053 4504 inquit
3080 4435 3316 4501 Paulus,
3354 4437 3553 4490 mortui
3591 4438 3749 4503 estis,

515 4529 569 4574 et
600 4524 706 4573 vita
736 4528 918 4574 vestra
949 4520 1223 4572 occultata
1251 4521 1419 4574 estin
1469 4520 1695 4574 Christo
1751 4535 1876 4573 cum
1929 4519 2041 4574 Deo
2070 4522 2138 4575 ⁸³.
2177 4540 2195 4571 ›
2234 4521 2518 4592 Siquidem
2566 4533 2755 4577 sancta
2805 4530 2889 4577 est
2923 4537 3073 4577 mors
3110 4526 3452 4585 sanctorum,
3492 4534 3550 4577 ut
3596 4523 3755 4578 docet

518 4606 661 4658 istud
688 4605 968 4674 eloquium
999 4623 1012 4658 :
1042 4623 1062 4655 ‹
1092 4606 1334 4659 Pretiosa
1380 4621 1563 4660 coram
1599 4605 1833 4659 Domino
1873 4621 2022 4661 mors
2049 4617 2367 4663 sanctorum
2397 4610 2518 4679 ejus
2548 4609 2615 4662 ⁸⁸.
2657 4628 2676 4661 ι
2714 4609 3036 4679 Congruunt
3068 4608 3184 4662 hinc
3213 4608 3375 4663 etiam
3410 4609 3633 4673 Judmis,
3658 4609 3752 4679 qui

517 4702 641 4761 post
675 4694 922 4747 umbram
954 4693 1086 4761 legis
1113 4692 1345 4763 ejusque
1390 4693 1627 4747 Sabhata
1666 4694 1876 4748 inducti
1922 4702 2049 4749 sunt
2075 4694 2128 4748 in
2158 4696 2527 4766 cognitionem
2568 4696 2795 4763 Christi,
2821 4704 2903 4752 'ut
2947 4696 3058 4767 jam
3092 4699 3222 4752 olim
3256 4706 3414 4753 erant
3449 4697 3629 4753 edocti
3659 4712 3753 4767 per

517 4783 718 4837 octidui
757 4784 1097 4853 mysterium.
1124 4782 1236 4837 Lex
1264 4783 1409 4837 enim
1442 4784 1581 4837 nihil
1615 4783 1680 4836 ad
1714 4782 2106 4852 perfectionem
2150 4785 2409 4840 contulit.

590 4891 711 4947 Non
736 4894 886 4949 duxit
914 4913 1001 4950 eos
1022 4895 1156 4950 Deus
1184 4911 1281 4963 pet:
1305 4896 1439 4951 viam
1468 4904 1619 4949 terrae
1639 4894 2063 4962 Pliilistinorum,
2096 4911 2214 4966 qua:
2240 4897 2540 4966 propinqua
2566 4906 2703 4961 erat,
2719 4904 2823 4952 etc.
2843 4895 3129 4968 [Xlll,l7.]
3152 4896 3266 4951 Non
3291 4896 3439 4952 illico
3466 4899 3652 4952 statim
3686 4898 3754 4952 ab

520 4981 675 5035 initio
707 4985 1158 5038 commonstravit
1190 4984 1314 5040 ﬁdei
1350 4984 1540 5039 callem
1568 4985 1853 5049 israelitis,
1883 5001 2044 5054 quem
2078 4986 2239 5040 nobis
2259 4986 2499 5041 ostendit
2525 4986 2988 5055 compendiariam
3012 4996 3068 5040 et
3099 4987 3319 5041 brevem
3349 4986 3750 5056 adparandam

514 5066 804 5134 justitiam,
841 5070 985 5124 sicut
1016 5079 1250 5124 testatur
1280 5070 1484 5125 Paulus
1517 5088 1533 5124 :
1564 5090 1581 5121 ‹
1621 5071 1794 5139 Prope
1826 5081 1878 5125 te
1909 5074 2132 5127 verbum
2181 5081 2285 5138 est,
2321 5082 2377 5127 et
2427 5073 2481 5127 in
2521 5088 2618 5127 ore
2651 5083 2764 5140 tuo,
2795 5082 2851 5128 et
2881 5072 2935 5127 in
2965 5060 3133 5127 corde
3166 5080 3263 5128 tuo
3295 5089 3309 5126 :
3355 5073 3460 5128 hoc
3510 5081 3597 5129 est
3630 5073 3753 5127 ﬁdei

519 5158 764 5219 verbum,
791 5157 937 5225 quod
968 5159 1359 5215 annuntiantus
1388 5160 1453 5212 ³⁸.
1487 5177 1506 5209 ι
1544 5159 1645 5212 Per
1676 5158 1964 5229 aenigmata
1988 5168 2043 5213 et
2082 5159 2274 5230 longas
2313 5160 2571 5229 ambages
2615 5158 2749 5229 legis
2803 5158 2957 5213 ducti
2984 5168 3113 5214 sunt
3149 5158 3438 5227 Israelita},
3466 5169 3528 5215 ut
3558 5176 3756 5231 magno

519 5241 702 5297 labore
721 5245 1005 5297 exercitati
1035 5245 1088 5298 in
1127 5247 1363 5306 umbris.
1404 5254 1460 5301 et
1492 5247 1824 5316 quibusdam
1858 5247 2162 5302 involucris
2199 5246 2379 5301 edocti
2406 5246 2614 5303 Christi
2641 5248 2986 5317 mysterium,
3018 5262 3127 5303 non
3161 5248 3503 5319 quibuslibet
3531 5250 3758 5304 terrori-

519 5328 620 5383 bus
654 5329 913 5397 perculsi,
941 5345 971 5384 a
1002 5347 1131 5385 vera.
1164 5333 1429 5402 religione
1456 5332 1759 5389 deﬁcerent
1790 5350 1805 5388 :
1843 5333 1952 5388 imo
1980 5334 2168 5402 potius
2196 5333 2517 5388 avidissime
2538 5342 2855 5403 expeterent
2883 5336 3167 5390 veritatem
3196 5335 3581 5405 hujuscemodi
3611 5345 3762 5408 tyroa

515 5417 679 5471 ciniis
711 5418 846 5472 bene
872 5419 1201 5473 conﬁrmati.
1237 5420 1411 5473 Simul
1446 5419 1612 5473 etiam
1650 5420 1926 5474 constanti
1969 5436 2155 5476 amore
2192 5428 2659 5489 prosequerentur
2703 5420 2872 5475 Deum
2924 5421 3313 5477 immortalem.
3350 5419 3621 5477 Caeterum
3646 5422 3759 5488 via,

589 5591 841 5669 ‘I‘Galat.
896 5608 956 5669 tt.
993 5592 1213 5669 ἆξξεὲο.Δ
1267 5593 1311 5623 ⁷⁸
1344 5591 1542 5669 Sap._t.
1569 5594 1876 5669 l_3;__tt._24.
1988 5595 2172 5669 ’f__Exo

2174 5594 2401 5669 ._d_.nxxn,
2434 5595 2530 5669 1501
2626 5598 2673 5631 ⁸ο
2707 5597 2724 5652 l
2757 5597 2883 5655 Cor.
2914 5616 2974 5655 ιιι
3002 5599 3090 5668 ,2.
3168 5598 3210 5632 ⁸·
3245 5599 3411 5661 Hebr.
3450 5616 3504 5666 ν,
3558 5598 3645 5669 i3,
3671 5601 3757 5658 Η.

525 5661 571 5695 ⁸³
610 5660 765 5716 llont.
802 5678 876 5729 νι,
917 5665 968 5718 4.
1047 5664 1092 5696 ⁸³
1123 5666 1331 5719 L‘oloss.
1358 5660 1439 5724 ut,
1467 5664 1519 5718 5.
1593 5665 1640 5696 ⁸⁸
1671 5665 1818 5719 Psal.
1852 5679 1977 5730 cxv,
2007 5665 2093 5719 15.

1047 5664 1092 5696 ⁸³
1123 5666 1331 5719 tLuloss.
1358 5660 1439 5724 ut.
1467 5664 1519 5718 5.
1593 5665 1640 5696 ⁸⁸
1671 5665 1818 5719 Psal.
1852 5679 1977 5730 cxv,
2007 5665 2093 5719 15.
2171 5665 2216 5698 ⁸⁸
2247 5663 2402 5719 ltum.
2430 5681 2483 5732 κ,
2504 5666 2556 5722 8.
