4010 6212
301 334 414 399 581

1429 327 1972 390 COMMENTARII
2002 331 2086 392 IN
2119 329 2466 392 EXODUM.

3455 337 3560 405 582

298 464 430 521 qua:
453 446 523 501 ad
555 443 829 501 Christum
859 442 1044 510 ducit,
1077 456 1350 512 quamque
1400 441 1517 510 ipse
1582 441 1922 509 praescribit,
1954 449 2102 496 recta
2157 451 2211 497 et
2275 444 2457 499 brevis
2511 429 2616 507 est,
2648 447 2980 515 nostrosque
3027 445 3241 502 animos
3273 449 3476 506 excitat
3503 459 3560 507 et

307 535 471 606 erigit
513 543 705 588 contra
731 529 1107 593 adversarios,
1140 527 1412 597 docetque
1453 537 1511 581 ut
1541 527 1725 582 omnia
1751 526 1966 580 fortiter
2003 527 2370 596 praesentique
2402 527 2586 582 animo
2613 527 2860 584 feramus
2892 531 3154 600 pericula,
3179 547 3302 602 qua:
3339 545 3561 605 propter

311 622 595 678 Christum
618 625 938 683 occurrunt,
971 631 1187 686 semper
1210 615 1342 669 illud
1374 614 1752 685 propheticum
1783 612 2112 682 objicientes
2147 631 2160 666 :
2191 630 2210 664 ‹
2247 613 2512 667 Dominus
2541 615 2848 684 opitulatur
2871 615 3026 679 tnihi,
3051 616 3175 685 quis
3206 617 3373 687 igitur
3401 619 3562 676 laedet

313 726 396 765 me
421 709 510 762 ⁸⁸1
541 727 560 760 ι
595 707 915 762 Generosos
945 705 1116 775 igitur.
1145 711 1201 759 et
1242 703 1431 758 viriles
1461 700 1977 774 spiritusprotinus
2003 700 2307 768 accipimus
2338 699 2431 754 ubi
2483 701 2752 756 fuerimus
2789 701 2962 756 induti
2995 703 3197 759 virtute
3231 719 3296 760 ex
3337 707 3470 770 alto,
3506 707 3560 763 id

311 807 412 861 est,
439 795 654 866 Spiritu
691 803 905 848 sancto.
935 792 1138 847 Verum
1174 797 1413 860 tempus,
1449 803 1560 860 quo
1578 788 1838 843 Christus
1861 785 2199 842 adventurus
2222 786 2316 852 sit,
2361 786 2678 856 pra-dicitur
2715 786 2870 842 hisce
2908 787 3092 842 verbis
3121 802 3137 841 :
3165 787 3366 854 Quinta
3395 807 3562 860 gene-

309 887 530 938 ratione
559 881 921 937 ascenderunt
946 879 1038 933 filii
1063 879 1232 935 Israel
1263 893 1328 933 ex
1355 875 1594 948 Egypto
1621 874 1925 931 secundum
1949 873 2266 944 parabolam
2298 874 2668 942 evangelicam
2693 913 2709 936 ,
2741 887 2866 944 quae
2898 873 3110 930 inducit
3159 877 3402 946 quinque
3430 892 3562 948 ope-

310 973 591 1026 rariorum
618 971 850 1034 classes,
879 976 940 1022 ut
968 967 1260 1022 docuimus
1287 979 1476 1034 supra,
1505 977 1632 1018 cum
1675 963 1844 1018 verba
1875 963 2187 1018 faceremus
2225 960 2294 1015 de
2328 960 2467 1014 festo
2496 957 2746 1015 Paschae.

380 1084 492 1139 Kal
548 1083 726 1136 ἔλαϐε
778 1078 1040 1146 Μωῢσῆς
1085 1079 1159 1132 τὰ
1198 1075 1349 1132 ὀστᾶ
1372 1075 1588 1144 Ἰωσὴφ
1619 1074 1747 1144 μεθ’
1773 1075 1884 1128 αὑ-

2061 1073 2128 1126 Et
2143 1072 2433 1141 asportavit
2450 1069 2627 1126 Moses
2651 1088 2773 1126 ossa
2795 1073 3016 1141 .losephi
3039 1089 3212 1128 secum
3233 1115 3248 1140 ,
3267 1081 3372 1129 etc.
3398 1073 3565 1147 [XIII,

309 1177 441 1232 τοῦ.
474 1173 568 1246 Τῷ
620 1174 718 1244 μὲν
757 1169 974 1242 Ἰσραὴλ
1026 1171 1140 1222 ὄντι
1195 1165 1443 1240 σαρκικῷ
1504 1164 1888 1246 συνεϐούλευσε

310 1270 475 1340 λῆψιν
497 1244 793 1338 χρημάτων
815 1279 830 1295 ⁶
864 1261 1040 1334 ἑαυτῷ
1066 1262 1144 1327 δὲ,
1187 1262 1349 1332 λῆψιν
1387 1244 1586 1325 όστῶνξ
1624 1258 1890 1330 προτιμό-

311 1378 449 1430 τερα
475 1360 584 1412 τῶν
609 1357 919 1425 Αἰγυπτίων
940 1353 1230 1428 θησαυρῶν
1278 1354 1624 1425 ἡγησάμενος
1658 1351 1752 1406 τοῦ
1811 1351 1892 1404 δι-

315 1452 474 1506 Ξιαίου
513 1453 583 1504 τὰ
603 1449 831 1519 λείψανα
858 1465 872 1478 °
908 1447 982 1511 ὡς
1015 1447 1109 1501 καὶ
1131 1447 1296 1506 αὐτὸς
1329 1445 1522 1516 Ἰωσὴφ
1543 1444 1611 1498 τὰ
1635 1443 1730 1498 τοῦ
1787 1461 1891 1497 πα-

316 1545 446 1616 τρὸς
509 1546 849 1615 μετενήνοχε.
904 1541 1014 1595 Καὶ
1073 1539 1346 1610 μολυσμὸν
1373 1537 1620 1592 ἐντεῦθεν
1643 1537 1741 1606 οὐχ
1788 1538 1892 1589 ὑπ-

317 1637 646 1706 ελάμϐανον,
677 1636 726 1687 εἰ
746 1635 842 1687 καὶ
866 1633 978 1694 τοῖς
1013 1631 1337 1700 παχυτέροις
1361 1630 1388 1682 ὁ
1409 1629 1570 1698 νόμος
1599 1627 1756 1682 τοῦτό
1787 1644 1892 1698 φη-

319 1743 426 1779 σιν.
477 1725 609 1778 Ἰδοὺ
631 1723 739 1790 γὰρ
759 1723 920 1784 αὐτὸς
955 1723 984 1774 ὁ
1014 1719 1106 1772 τὸν
1136 1719 1299 1788 νόμον
1341 1717 1454 1782 θεὶς
1520 1719 1782 1786 Μωῦσῆς,
1829 1717 1888 1772 οὐ

319 1817 485 1886 μόνον
525 1813 844 1880 ἐφάπτεται,
902 1809 1020 1864 ἀλλ’
1059 1809 1224 1862 οἱονεὶ
1281 1808 1574 1878 κεκόμικεν
1635 1809 1728 1860 ἐπὶ
1785 1808 1892 1862 τῶν

1108 1899 1120 1920 Ι
1173 1901 1216 1920 -0
1254 1918 1262 1920 _
1301 1901 1415 1920 ιαμ]

317 1993 482 2061 γνοὺς
521 1992 552 2043 ὁ
583 1992 642 2042 ὲν
684 1989 790 2060 ὅλῳ
836 1987 914 2058 τῷ
937 1988 1073 2060 οἴκῳ
1105 1988 1312 2050 πιστὸς,
1362 1987 1634 2051 Ἰουδαίοις
1689 1989 1788 2059 μὲν
1833 1990 1894 2042 τὸ

316 2084 578 2153 γράμμα,
611 2080 788 2149 ἑαυτῷ
815 2080 872 2134 δὲ
895 2079 953 2132 τὺ
976 2080 1216 2150 πρᾶγμα
1241 2077 1440 2142 διδούς.
1481 2081 1764 2132 Ἐπίστευε
1785 2079 1894 2149 γὰρ

230 2209 250 2222 .
316 2175 399 2244 τῷ
452 2174 529 2236 ὡς
569 2172 787 2236 ζώντων
833 2170 911 2223 ἔτι
963 2171 1072 2224 τῶν
1129 2170 1298 2240 ἁγίων
1331 2169 1449 2240 Θεῷ
1477 2169 1890 2240 χρηματίζοντι.

1999 1164 2114 1236 19.]
2139 1162 2377 1228 Hebr-ai,
2416 1165 2542 1234 quia
2580 1164 2822 1218 carnalia
2853 1166 3224 1232 sectabantur,
3256 1165 3397 1234 jussi
3435 1177 3569 1223 sunt

2007 1263 2198 1305 mutuo
2222 1252 2473 1319 accipere
2504 1267 2668 1305 aurea
2695 1261 2746 1305 et
2764 1262 3021 1322 argentea
3042 1269 3193 1318 vasa,
3215 1253 3391 1311 Moses
3413 1256 3565 1326 eligit

1995 1343 2097 1396 viri
2123 1343 2254 1410 justi
2287 1357 2437 1407 ossa,
2469 1358 2591 1412 qua:
2619 1344 2838 1412 praefert
2870 1343 3154 1399 immensis
3182 1342 3561 1415 Egyptiorum

1999 1435 2290 1488 thesauris.
2349 1429 2407 1488 In
2457 1434 2602 1489 hunc
2630 1434 2854 1488 modum
2879 1433 3152 1504 Josephus
3195 1435 3360 1488 etiam
3392 1435 3568 1504 patris

1995 1523 2185 1579 Jacobi
2218 1540 2343 1579 ossa
2379 1526 2661 1579 transtulit
2693 1525 2746 1578 in
2777 1535 2976 1578 terram
3021 1524 3302 1578 Chanaan.
3341 1522 3451 1578 Nec
3479 1535 3564 1579 ta-

1997 1632 2121 1670 men
2163 1617 2562 1670 contrectando
2607 1632 2732 1671 ossa
2770 1615 3171 1670 immunditiem
3206 1615 3564 1671 contrahunt.

1997 1707 2374 1762 Crassiorihus
2409 1707 2484 1762 lex
2523 1708 2789 1777 praecipit,
2825 1723 2893 1762 ne
2921 1707 3244 1777 contingant
3276 1707 3564 1761 cadavera.

1997 1795 2132 1850 Nam
2165 1811 2294 1851 ecce
2330 1795 2507 1851 Moses
2533 1837 2546 1858 ,
2572 1797 2664 1866 qui
2695 1797 2864 1866 legem
2908 1797 3052 1863 tulit,
3086 1813 3196 1852 non
3227 1797 3404 1852 solum
3432 1783 3563 1851 con-

1999 1896 2195 1943 trectat
2231 1901 2384 1949 ossa,
2414 1887 2506 1942 sed
2535 1887 2694 1955 quasi
2725 1889 2779 1941 in
2812 1889 3099 1942 humerum
3133 1888 3348 1942 sublata
3381 1895 3568 1956 porta-

2001 1979 2101 2043 vit',
2131 1995 2252 2034 cum
2282 1992 2454 2031 annos
2478 1979 2698 2034 circiter
2723 1979 3076 2048 quadraginta
3103 1977 3296 2030 fuisset
3318 1976 3491 2030 fidelis
3519 1977 3571 2028 in

2001 2069 2166 2123 domo
2191 2069 2431 2124 Domini.
2465 2071 2719 2137 nullaque
2749 2071 2984 2138 pollutus
3015 2069 3194 2136 culpa.
3223 2067 3374 2122 Dedit
3407 2068 3572 2136 igitur

2000 2161 2208 2216 Judmis
2238 2162 2497 2218 litteram.
2534 2163 2647 2231 ipse
2679 2161 2784 2216 sibi
2839 2161 3140 2217 reservavit
3171 2176 3310 2225 rem,
3333 2177 3454 2227 qua:
3481 2161 3542 2214 ltt
3649 2199 3656 2208 .

2002 2251 2135 2308 teris
2166 2258 2403 2306 tenetur.
2439 2249 2573 2305 Nam
2635 2265 2734 2316 per
2781 2253 2966 2306 omnia
3023 2249 3258 2307 credidit
3302 2249 3435 2313 Deo,
3479 2251 3574 2318 qui

1999 2356 2128 2395 vere
2176 2349 2262 2394 est
2321 2339 2466 2394 Deus
2495 2350 2816 2394 sanctorum
2857 2339 3182 2394 viventium.
3227 2337 3568 2393 Erubeseant

1922 2417 1967 2475 Β
1997 2431 2182 2500 igitur,
2223 2431 2316 2500 qui
2358 2431 2520 2486 nobis
2550 2430 2686 2484 vitio
2737 2439 2992 2498 vertunt,
3038 2430 3185 2501 quod
3232 2427 3570 2500 martyribus

1999 2535 2382 2588 comparamus
2415 2520 2600 2574 Mosen
2627 2559 2642 2582 .
2700 2522 2791 2590 qui
2837 2523 3014 2591 magis
3051 2519 3364 2591 evangelica
3400 2531 3565 2588 quam

1998 2611 2192 2682 legalia
2227 2626 2396 2683 opera
2427 2611 2677 2682 perfecit.

317 2263 772 2336 Δισχννέσθωσαν
793 2257 888 2316 οὖν
920 2262 1050 2332 ἡμῖν
1073 2259 1448 2330 ἐγκαλοῦντες,
1473 2261 1555 2314 ὃτι
1585 2263 1697 2322 τοῖς
1752 2261 1894 2331 μάρ-

319 2371 445 2410 τυσι
487 2355 906 2428 παραϐάλλομεν
937 2353 1032 2407 τὸν
1060 2351 1378 2424 νομοθέτην,
1411 2351 1648 2422 ὁρῶντες
1693 2352 1894 2422 ἐκκλη-

323 2446 585 2500 σιαστικὰ
613 2444 868 2518 μᾶλλονῆ
917 2444 1116 2514 νομικὰ
1165 2443 1651 2514 διαπραττόμενον.

399 2747 646 2804 Interdiu
672 2749 725 2804 in
749 2747 997 2803 columna
1023 2748 1179 2803 nubis
1208 2747 1507 2803 ostendebat
1536 2747 1664 2815 ipsis
1681 2747 1839 2810 viam,
1863 2753 2020 2800 noctu
2046 2745 2099 2798 in
2120 2743 2368 2798 columna
2396 2744 2554 2814 ignis.
2578 2741 2740 2815 [Xlll,
2763 2739 2882 2814 21.]
2904 2739 3158 2814 Utraaque
3181 2743 3450 2797 columnae
3479 2755 3570 2796 re-

321 2833 730 2902 praesentahant
751 2830 1054 2886 Christum.
1083 2831 1179 2886 Est
1212 2833 1355 2887 enim
1411 2831 1501 2904 hic
1554 2831 1813 2887 columna
1839 2836 1894 2885 et
1919 2830 2350 2886 stabilimentum
2382 2830 2663 2894 veritatis,
2697 2829 2982 2887 sustinens
3019 2844 3122 2885 nos
3145 2844 3310 2900 supra
3341 2837 3568 2884 terram.

324 2921 446 2975 Non
485 2919 649 2990 258
676 2920 821 2974 enim
853 2919 1080 2990 patitur,
1113 2931 1169 2973 ut
1197 2920 1588 2975 incumbamus
1617 2919 1878 2990 operibus
1928 2917 2224 2982 carnis,et
2251 2917 2562 2972 volutemur
2598 2917 2651 2972 in
2685 2915 2926 2971 terrenis
2951 2916 3120 2971 vitiis.
3151 2914 3284 2970 Nam
3317 2924 3571 2988 potentes

326 3007 384 3062 in
417 3007 528 3061 Deo
545 3007 687 3070 ".ut
717 3007 880 3062 habet
909 3007 1193 3076 Scriptura
1215 3007 1404 3072 ,valde
1439 3023 1604 3078 supra
1635 3014 1838 3062 terram
1871 3005 1926 3059 in
1957 3006 2198 3062 sublime
2225 3006 2354 3062 elati
2385 3013 2534 3062 sunt.
2569 3005 2675 3072 Qui
2705 3021 2830 3059 cum
2851 3007 2963 3066 sint
2996 3005 3308 3061 coniormes
3326 3005 3570 3072 Christo,

325 3093 384 3148 in
412 3095 638 3165 psalmis
665 3095 1012 3164 appellantur
1039 3096 1318 3149 columnae.
1355 3113 1373 3146 ‹
1412 3094 1526 3165 Ego
1554 3092 1896 3150 consolidavi
1929 3094 2216 3149 columnas
2265 3093 2390 3162 ejus
2427 3091 2498 3148 ⁸⁸.
2527 3110 2546 3145 ι
2579 3091 2925 3148 Consolidati
2975 3094 3120 3146 enim
3147 3098 3203 3147 et
3233 3091 3574 3146 corroborati

327 3191 459 3236 sunt
485 3181 738 3252 discipuli
781 3181 958 3236 induti
983 3181 1189 3237 virtute
1215 3196 1281 3237 ex
1314 3181 1446 3246 alto,
1485 3189 1544 3236 ut
1573 3181 1787 3250 possint
1818 3181 2095 3237 sustinere
2135 3190 2398 3252 tanquam
2433 3181 2724 3245 columna,
2773 3182 2990 3236 orbem.
3031 3180 3150 3236 Nox
3177 3187 3576 3236 commonstrat

332 3278 568 3337 tempus,
598 3267 743 3338 quod
773 3267 1059 3336 praecessit
1083 3265 1292 3323 Christi
1321 3267 1782 3332 incarnationem,
1813 3283 1935 3338 quae
1963 3284 2152 3326 revera
2181 3271 2300 3326 dies
2325 3277 2433 3336 est,
2463 3269 2737 3336 diabolus,
2764 3269 2862 3341 qui
2887 3269 3211 3324 obtcnebrat
3229 3277 3286 3324 et
3313 3269 3575 3322 obscurat

330 3359 615 3412 hominum
655 3357 888 3418 animos,
921 3371 1074 3411 suam
1105 3356 1452 3427 tyrannidem
1477 3356 1746 3422 exercuit,
1789 3357 1885 3410 illo
1909 3360 1960 3411 in
1987 3365 2249 3427 tempore,
2301 3357 2452 3428 quod
2503 3358 2798 3413 antevertit
2847 3357 3288 3413 incarnationem
3340 3354 3574 3419 Christi,

328 3444 489 3499 Nunc
517 3443 792 3504 Christus,
835 3442 928 3512 qui
963 3443 1083 3498 dies
1111 3452 1165 3497 et
1202 3443 1292 3496 lux
1329 3450 1434 3507 est,
1470 3450 1683 3510 regnat.
1712 3440 2063 3499 Pt-azcedebat
2099 3443 2378 3500 Israelitas
2411 3445 2466 3498 in
2500 3444 2686 3514 specie
2727 3444 2891 3514 ignis,
2923 3443 3140 3500 scilicet
3173 3444 3227 3497 in
3278 3443 3417 3514 lege,
3453 3457 3578 3512 qua!

331 3531 664 3588 condemnat
682 3538 736 3584 et
769 3531 946 3600 punit.
977 3528 1035 3582 In
1069 3530 1228 3585 nobis
1251 3537 1436 3584 autem
1473 3529 2072 3599 resplendensjustitia:
2098 3529 2214 3598 Sol,
2242 3532 2296 3585 in
2331 3531 2516 3602 specie
2543 3530 2706 3584 nubis
2753 3530 3065 3594 antecedit,
3108 3538 3168 3584 ιιι
3195 3530 3267 3584 sit
3300 3537 3464 3600 typus
3487 3544 3578 3584 sa-

333 3619 464 3674 lutis
497 3633 596 3688 per
619 3632 816 3686 aquam
851 3617 1126 3686 praestitae.
1159 3613 1504 3685 Quapropter
1537 3612 1738 3668 Paulus
1765 3615 1933 3670 tradit
1967 3632 1981 3668 :
2023 3635 2042 3668 t
2078 3616 2193 3672 Nox
2229 3618 2515 3687 praecessit
2537 3655 2554 3680 ,
2581 3616 2704 3672 dies
2734 3625 2920 3672 autem
2949 3616 3405 3686 appropinquavit
3435 3617 3503 3681 υ,
3547 3635 3567 3669 ι

332 3705 617 3760 evidenter
655 3703 907 3758 indicans
941 3713 1238 3770 utrumque
1269 3707 1378 3754 tam
1416 3701 1766 3754 tenebrarum
1797 3716 1960 3770 quam
1986 3703 2123 3757 lucis
2143 3711 2383 3773 tempus.
2412 3705 2570 3758 Alius
2599 3709 2784 3758 autem
2819 3712 2943 3757 erat
2973 3703 3240 3772 angelus,
3279 3703 3370 3772 qui
3417 3711 3576 3758 ante-

331 3792 450 3845 ibat
484 3791 625 3844 iilios
651 3788 841 3845 Israel.
865 3786 999 3843 Nam
1028 3789 1200 3842 nubes
1227 3793 1346 3842 erat
1379 3801 1704 3855 corporeum
1733 3787 2005 3855 quoddam
2045 3792 2252 3846 Domini
2291 3803 2576 3860 organum,
2637 3806 2747 3860 quo
2796 3789 3202 3845 interveniente
3226 3829 3242 3854 ,
3275 3806 3398 3844 cum
3460 3789 3578 3858 ipse

333 3878 476 3933 foret
515 3879 875 3946 incorporeus
902 3887 957 3930 et
985 3875 1276 3930 excederet
1293 3889 1510 3928 omnem
1535 3874 1790 3930 sensilem
1815 3882 1868 3928 et
1897 3879 2250 3947 compositam
2276 3879 2664 3943 substantiam,
2691 3893 2787 3948 per
2817 3881 3074 3932 sensili-m
3104 3893 3294 3933 vocem
3329 3878 3572 3946 compel-

333 3965 483 4018 labat
513 3978 674 4018 suum
701 3963 965 4016 famulum
998 3961 1208 4016 Mosen.
1248 3961 1433 4026 Quare
1461 3970 1640 4014 autem
1671 3961 1726 4014 in
1765 3960 1912 4014 hunc
1958 3961 2172 4013 modum
2228 3961 2500 4015 allocutus
2545 3961 2617 4014 sit
2656 3959 2839 4016 Mosen
2871 3999 2885 4026 ,
2912 3961 3030 4031 ipse
3062 3961 3336 4015 rationem
3390 3960 3575 4016 reddit

333 4055 527 4109 dicens
563 4071 578 4108 :
618 4071 637 4104 ι
677 4052 749 4108 Ut
781 4051 968 4106 audiat
1000 4051 1238 4120 populus
1266 4066 1350 4116 me
1379 4051 1689 4117 loquentem
1728 4049 1796 4102 ad
1826 4056 1901 4114 te,
1936 4055 1990 4102 et
2022 4045 2268 4100 credant.
2308 4064 2326 4098 ι

405 4141 454 4196 Ε
475 4143 690 4211 regione
713 4139 955 4201 Phiroth,
983 4155 1098 4210 qua:
1137 4148 1214 4193 est
1261 4140 1399 4192 inter
1424 4137 1734 4207 Magdalum
1767 4147 1812 4190 et
1865 4149 2010 4188 mare
2055 4141 2240 4186 contra
2286 4131 2623 4200 Beelsephon,
2659 4139 2766 4186 etc.
2810 4129 3083 4205 [XIV,9.]
3112 4133 3169 4188 In
3200 4134 3569 4189 Numerorum

336 4230 478 4284 libro
508 4230 701 4300 legitur
739 4229 882 4284 ﬁlios
918 4228 1084 4283 Israel
1115 4235 1540 4282 castratnetatos
1566 4241 1689 4280 esse
1719 4240 1749 4279 a
1779 4223 1952 4278 Butlta
1989 4237 2020 4276 e
2054 4219 2273 4288 regione
2311 4216 2482 4282 Iroth,
2516 4218 2613 4286 qui
2669 4217 2824 4272 locus
2855 4234 2924 4274 ex
2955 4219 3186 4275 adverso
3231 4219 3571 4291 Beelsephou

334 4316 477 4370 situs
515 4322 622 4368 est.
660 4313 995 4384 Beelsephon
1033 4313 1223 4378 dictio,
1263 4313 1310 4367 si
1342 4328 1458 4366 eam
1487 4312 1890 4380 interpreteris,
1929 4306 2208 4377 signiﬁcat
2236 4303 2355 4358 loca
2396 4303 2450 4356 in
2505 4305 2926 4372 septentrionem
2968 4321 3142 4360 uersa.

419 4450 562 4521 Ἐγὼ
601 4451 670 4504 δὲ
718 4450 1041 4519 σκληρυνῶ
1092 4451 1202 4518 τὴν
1245 4450 1497 4520 καρδίαν
1531 4450 1756 4518 Φαραώ.
1794 4449 1897 4502 Οὐκ

2086 4443 2191 4516 Ego
2207 4442 2468 4498 indurabo
2489 4459 2579 4496 cor
2597 4441 2917 4510 Pharaonis,
2937 4454 3041 4501 etc.
3062 4444 3229 4519 [XIV,
3243 4445 3324 4518 4.]
3340 4445 3458 4504 Non
3473 4463 3575 4521 ego

337 4538 657 4611 αὐτουργῶν
677 4541 776 4610 τὴν
815 4541 1179 4612 σκληρότητα,
1219 4541 1356 4594 ἀλλὰ
1404 4541 1470 4594 δι’
1496 4535 1569 4594 ὧν
1595 4541 1662 4593 τὰ
1689 4542 1753 4592 ὲκ
1774 4538 1908 4592 Θεοῦ

339 4630 602 4699 γεγονότα
627 4630 758 4699 περὶ
777 4630 867 4683 τὸν
898 4631 1096 4685 κύκλον
1114 4633 1211 4701 τῆς
1239 4629 1361 4685 ὁδοῦ
1395 4631 1667 4702 πρόφασιν
1691 4629 1906 4701 λαμόἀ-

344 4737 422 4774 νει
452 4719 656 4792 Φαραὼ
717 4722 818 4792 τῆς
864 4722 1000 4784 ἰδίας
1064 4723 1450 4795 σκληρότητος,
1503 4722 1706 4786 ἀδίκως
1751 4722 1909 4774 τοῦτο

340 4813 532 4866 ποιῶν.
566 4813 734 4866 Οὔπω
760 4813 870 4886 γὰρ
897 4814 997 4885 τὴν
1025 4815 1134 4868 τῶν
1163 4814 1330 4887 τριῶν
1358 4813 1581 4887 ἡμερῶν
1631 4811 1907 4884 παρῆλθον

339 4901 476 4967 ὁδὸν,
505 4903 637 4956 ἔνθα
667 4901 851 4956 θύσειν
874 4903 904 4955 ὁ
935 4905 1175 4978 Μωῦσῆς
1209 4905 1594 4976 ἐπηγγείλατο.
1645 4903 1756 4957 οὐκ
1801 4902 1908 4974 ἄρα

344 4991 614 5062 πρόφασιν
645 4992 866 5062 εῠλογον
903 4995 1114 5065 εἴληφε.

415 5259 497 5314 οὐ
514 5259 944 5326 προσθήσεσθε
969 5259 1054 5312 ἐτι
1093 5257 1242 5313 ἰδεῖν
1267 5259 1488 5326 αὐτοὺς
1508 5262 1595 5326 εις
1640 5260 1748 5314 τὸν
1773 5256 1909 5314 αἰῶ-

341 5362 419 5402 να
457 5349 698 5418 χρόνον,
751 5349 945 5418 Χρόνῳ
1003 5349 1064 5400 τὸ
1118 5351 1347 5420 πρᾶγμα
1393 5349 1627 5404 ὑπέϐαλε
1687 5353 1903 5424 μακρῷ,

339 5441 442 5495 οὐκ
471 5443 627 5496 αἰῶνι
646 5443 902 5510 διηνεκεῖ.
941 5439 1092 5496 Εἶδον
1110 5442 1218 5511 γὰρ
1245 5437 1400 5504 αὖθις
1424 5443 1548 5504 τοὺς
1579 5443 1908 5510 Αἰγυπτίους

341 5534 392 5585 οἱ
433 5532 670 5603 Ἐὄρπῐοι
701 5534 1102 5606 ὡπλισμένους,
1146 5532 1284 5586 ἀλλὰ
1361 5535 1498 5602 μετὰ
1556 5533 1758 5598 πολλὰς
1807 5551 1904 5604 γε·

2011 4546 2201 4588 auctor
2225 4525 2345 4589 sum
2374 4534 2614 4588 indurati
2645 4535 2849 4592 cordis.
2881 4535 2986 4592 Sed
3017 4538 3296 4610 ambages,
3329 4556 3466 4611 quas
3487 4557 3576 4598 se-

2009 4624 2278 4694 quebatur
2325 4626 2562 4694 populus
2605 4625 2968 4695 proficiscens
3003 4635 3083 4692 fex
3137 4629 3399 4686 instinctu
3456 4631 3574 4697 Dei,

2008 4713 2354 4767 occasionem
2390 4714 2554 4768 sumit
2581 4721 2639 4768 et
2661 4729 2882 4770 causam
2916 4717 3185 4786 torpentis
3207 4734 3320 4775 sua:
3355 4723 3573 4780 mentis.

2009 4801 2075 4855 Et
2099 4803 2320 4872 quidem
2357 4819 2548 4872 parum
2573 4805 2723 4873 juste
2756 4807 3120 4876 persequendi
3154 4809 3410 4867 Hebraeos
3439 4828 3576 4868 con-

2007 4895 2190 4950 silium
2227 4904 2470 4965 ceperat.
2523 4894 2772 4950 Nondum
2815 4898 2964 4953 enim
2999 4901 3163 4954 trium
3213 4903 3426 4958 dierum
3473 4907 3578 4961 iter

2007 4987 2214 5041 emensi
2243 4995 2419 5049 erant,
2473 4986 2562 5041 ubi
2615 4986 2793 5043 Moses
2827 4990 3083 5060 p0pulum
3111 5007 3271 5048 sacra
3303 4993 3578 5053 facturum

2009 5077 2381 5131 nuntiaverat.
2400 5074 2521 5132 Non
2544 5077 2715 5148 igitur
2736 5079 2944 5148 justam
2967 5082 3292 5154 insequendi
3317 5085 3578 5147 Hebraeos

2015 5183 2206 5223 ansam
2233 5168 2467 5238 arripuit
2497 5166 2732 5224 Pharao.

2088 5258 2210 5313 Non
2227 5259 2454 5328 amplius
2470 5260 2708 5315 videbitis
2735 5277 2822 5317 eos
2834 5262 2888 5316 in
2905 5273 3159 5320 retentum
3183 5268 3578 5342 tempus.[XIV,

2018 5348 2129 5422 i5.]
2157 5347 2289 5404 Item
2325 5349 2469 5404 hanc
2524 5351 2723 5420 adjecit
2753 5356 2982 5425 tempori
3011 5357 3208 5428 longo:
3253 5375 3354 5416 nec
3380 5362 3580 5418 saeculo

2014 5443 2369 5513 sempiterno.
2445 5441 2710 5499 Viderunt
2774 5446 3046 5518 siquidem
3107 5448 3314 5507 Hebraei
3378 5453 3576 5508 iterum

2014 5532 2300 5606 [Egyptios
2340 5544 2604 5601 armatos,
2659 5545 2917 5596 caeterum
2969 5541 3154 5597 multis
3181 5550 3303 5613 post
3357 5542 3576 5608 domum

409 5707 457 5739 “
491 5706 632 5762 Psal.
669 5687 815 5773 si",
843 5707 896 5766 1.
969 5706 1018 5739 ⁸⁷
1043 5705 1190 5762 Psal.
1220 5720 1331 5774 cst,
1379 5706 1431 5774 I,
1479 5706 1532 5762 2.
1608 5709 1653 5740 ⁸⁸
1687 5707 1832 5766 Psal.
1873 5727 1897 5765 ι

2007 5727 2056 5780 v,
2094 5710 2144 5768 4.
2223 5712 2268 5746 ⁸⁸
2299 5710 2457 5770 Rom.
2493 5729 2614 5779 stu.
2655 5713 2742 5771 12.
