4010 6212
443 300 556 374 533
1739 289 2092 360 PROCOPII
2126 291 2371 356 GAZASI
3579 291 3687 358 εει

449 409 918 488 generationibus.
955 402 1072 466 Hoc
1113 405 1254 466 dixit
1293 424 1308 462 :
1339 403 1460 462 Non
1491 404 1724 476 amplius
1757 404 2010 461 videbitis

2111 401 2377 474 νεάςσὸ).
2406 399 2579 457 Τοῦτο
2607 399 2776 470 λέγει,
2795 399 2880 454 ὅτι
2907 399 3022 454 Οὐκ
3045 399 3126 453 ἔτι
3159 398 3354 462 αὐτοὺς
3379 396 3572 468 ὕφεσθε
3605 400 3689 464 εις

448 518 543 558 eos
572 503 625 558 in
653 509 944 564 interdum,
964 495 1090 568 quia
1125 495 1179 558 in
1216 497 1352 558 mari
1375 510 1566 562 onlnes
1588 494 1828 565 interimi
1847 493 2011 550 debe-

2117 494 2309 565 χρόνον
2363 493 2456 550 τοῦ
2514 493 2712 556 αἰῶνος
2765 495 2980 548 τούτου.
3015 489 3280 562 Ἔμελλον
3337 491 3448 562 γὰρ
3485 492 3690 556 πάντες

451 591 602 654 bant.

2124 583 2489 654 ἀποθνήσκειν
2517 585 2574 638 ὲν
2599 587 2666 654 τῇ
2701 583 2967 654 Θᾳλάσσῃ.
3377 655 3384 662 ⁸

523 681 664 746 Quid
692 681 998 752 vociferari;
1017 680 1086 734 ad
1106 697 1183 735 me
1205 683 1230 737 ?
1252 675 1652 750 etc.[XlV,15.]
1683 675 1788 732 Sed
1807 675 1876 732 ad
1891 677 2084 746 quem?
2103 675 2250 732 Tene
2264 678 2540 744 baculum,
2563 678 2763 746 inquit,
2783 677 2828 732 si
2849 678 2994 734 hunc
3021 675 3308 737 levaveris,
3336 688 3486 728 mare
3507 673 3687 742 ipsum

451 777 711 836 agnoscet
742 768 1070 837 symbolum.
1114 767 1542 822 Proficisenntur
1571 763 1836 822 lsraelitae
1857 779 1922 818 ex
1953 762 2194 834 Aigypto
2245 763 2352 821 Deo
2390 765 2734 835 praecedente
2767 764 2822 818 in
2854 763 3027 819 forma
3050 763 3196 831 ignis
3227 769 3282 816 et
3313 761 3506 814 nubis.
3538 761 3689 826 Quo-

449 853 617 913 modo
644 854 788 908 euim
821 855 980 910 aliter
1013 868 1306 924 possumus
1331 853 1519 906 venire
1551 853 1604 906 in
1639 859 1844 905 terram
1875 863 2148 916 sanctam,
2180 862 2234 906 et
2264 853 2318 906 in
2346 861 2592 908 sanctam
2625 851 2904 904 civitatem
2940 848 3055 914 Dei,
3084 864 3208 918 qua:
3232 849 3286 902 in
3317 847 3536 900 sublimi
3567 847 3690 902 est?

454 938 836 994 Vct'uttttamen
875 941 1018 1004 illos,
1048 943 1138 1008 qui
1180 936 1796 1019 insdtumtt‘prol‘ugcre
1832 953 1896 992 ex
1926 935 2166 1008 IEgypto
2197 946 2253 992 et
2289 939 2548 994 virtutem
2581 952 2903 1006 capessere,
2939 937 3031 994 ubi
3075 935 3314 1004 primum
3349 933 3689 988 excesserint

457 1029 593 1084 fines
623 1027 933 1097 [Egyptiaei
964 1030 1142 1098 regni,
1173 1027 1510 1080 comitantur
1541 1025 1964 1096 quamplurima:
1991 1024 2426 1095 persecutiones.
2461 1023 2730 1078 Dentibus
2757 1021 3014 1076 frendunt
3048 1021 3254 1076 hostes.
3297 1020 3508 1086 Quibus
3530 1021 3688 1074 malis

453 1117 505 1168 in
539 1115 642 1168 fide
668 1117 999 1168 novitiorum
1037 1130 1192 1168 mens
1223 1113 1641 1182 perterrefacta,
1670 1112 1987 1182 planissime
2019 1115 2071 1166 in
2096 1111 2535 1180 desperationem
2571 1111 2818 1166 illabitur
2850 1124 2865 1160 :
2899 1111 3161 1180 cupitque
3192 1107 3372 1162 redire
3395 1107 3460 1160 ad
3491 1107 3689 1174 prioris

453 1205 576 1257 vita:
596 1204 800 1268 studia,
829 1203 1164 1272 ogganniens
1194 1218 1207 1254 :
1243 1205 1362 1256 sine
1388 1210 1445 1254 ut
1466 1204 1792 1256 serviamus.
1825 1198 1937 1254 Nec
1974 1199 2234 1254 (lilii-runt
2269 1201 2334 1253 ab
2365 1200 2624 1270 plantulis
2651 1197 2887 1262 tenellis,
2906 1213 3026 1265 qua:
3056 1197 3297 1251 nondum
3330 1204 3558 1264 possunt
3589 1207 3688 1249 sua

453 1291 709 1346 firmitate
741 1293 993 1346 resistere
1026 1291 1240 1346 fervido
1281 1292 1448 1345 sideri
1481 1299 1536 1345 et
1572 1300 1862 1346 ventorum
1909 1291 2156 1360 impetui.
2179 1289 2451 1345 Craterum
2495 1289 2602 1344 nisi
2646 1279 2944 1342 accesserit
2991 1287 3188 1351 Moses,
3235 1287 3329 1354 qui
3365 1286 3689 1355 perterritos

452 1381 660 1446 ar‘rigat
691 1379 1056 1432 cohortando.
1095 1377 1252 1444 Quod
1289 1393 1418 1432 vero
1447 1393 1556 1432 non
1579 1379 1863 1448 continget
1889 1379 1996 1430 nisi
2029 1378 2203 1447 ipsius
2238 1393 2337 1431 cor
2363 1378 2710 1444 colloquatur
2735 1391 2856 1430 eum
2894 1375 3024 1429 Deo.
3059 1375 3320 1440 Quamvis
3356 1375 3500 1426 enim
3538 1381 3690 1442 patet

453 1465 645 1520 Mosen
683 1480 790 1518 non
813 1465 1104 1527 clamasse,
1131 1472 1372 1518 attamen
1403 1473 1636 1518 testatur
1659 1463 1804 1520 Deus
1843 1463 2137 1526 manifeste
2170 1466 2348 1533 ipsum
2381 1465 2696 1527 vociferari,
2738 1463 2832 1518 sed
2871 1473 3072 1516 mente.
3108 1462 3258 1516 Talis
3281 1462 3426 1516 enim
3461 1476 3564 1514 vox
3588 1475 3689 1514 seu

457 1551 780 1606 vociferatio
815 1553 1106 1606 exauditur
1141 1551 1424 1612 facillime.
1458 1559 1510 1605 et
1542 1561 1796 1621 penetrat
1826 1551 1891 1605 ad
1923 1567 2084 1608 aures
2117 1551 2208 1607 Dei
2235 1567 2359 1605 cum
2395 1553 2538 1606 bona
2573 1552 2936 1612 conscientia,
2971 1551 3124 1604 nullo
3167 1557 3398 1603 externo
3450 1549 3694 1600 clamore

456 1637 664 1705 adjuta.
694 1637 845 1692 lianc
874 1653 1059 1691 vocem
1095 1638 1184 1692 ubi
1225 1639 1434 1691 audivit
1462 1639 1651 1700 Deum.
1684 1639 1835 1693 sicco
1865 1638 2005 1692 vado
2028 1636 2266 1692 traducit
2297 1638 2555 1692 llebrzeos
2592 1652 2688 1706 per
2729 1651 2878 1690 mare
2927 1636 3174 1691 Rubrum
3207 1641 3486 1704 pereunte
3544 1634 3693 1687 nube

455 1725 716 1778 nimirum
742 1726 919 1778 sancti
955 1723 1197 1793 Spiritus
1222 1725 1422 1794 gratia,
1452 1740 1548 1793 per
1580 1739 1742 1794 quam
1777 1726 1830 1778 in
1863 1741 2004 1794 aqua
2039 1729 2266 1798 mystica
2307 1741 2648 1797 persequens
2693 1726 2970 1780 h‘ostiiiter
3007 1725 3130 1794 pios
3167 1721 3378 1776 Pharao
3430 1737 3533 1774 una
3565 1735 3690 1777 ctnn

453 1810 589 1880 ΕΗ
603 1812 730 1880 ptiis
756 1811 1108 1882 demergitur.
1148 1811 1282 1865 Nam
1315 1812 1526 1866 Pharao
1562 1813 1770 1866 habens
1803 1811 2094 1883 Egyptios
2123 1814 2422 1868 auxiliares
2446 1813 2734 1868 descendit
2773 1815 2826 1867 in
2855 1827 3026 1873 mare,
3059 1813 3327 1878 solusque
3349 1809 3693 1877 deutergitur

451 1900 682 1968 reliquis
709 1900 978 1954 militibus
1005 1900 1142 1954 mari
1168 1899 1475 1960 sull‘ocatis.
1517 1900 1644 1954 dico
1676 1909 1854 1954 autem
1890 1899 2054 1970 259
2089 1899 2322 1955 aﬂ'ectns
2347 1909 2402 1954 et
2437 1901 2734 1964 daemones,
2785 1899 2880 1969 qui
2919 1899 3018 1953 hos
3053 1898 3364 1966 impellunt.
3401 1895 3458 1950 Si
3516 1895 3693 1950 hostis

452 1985 632 2056 lapide
660 2001 821 2053 quem
853 1997 1022 2056 petat,
1065 1988 1386 2042 memineris
1413 1987 1721 2042 convicium
1750 2002 1989 2057 quoque,
2025 2001 2132 2040 non
2165 1987 2350 2040 mintts
2387 2002 2552 2056 quam
2608 1986 2842 2056 lapidem
2879 2001 2910 2040 e
2943 1984 3109 2038 funda
3155 1993 3390 2048 tortum,
3423 1981 3591 2036 ferire
3635 1989 3694 2034 et

451 2073 668 2127 laedere.
697 2071 921 2126 Hastam
956 2075 1211 2128 nomines
1237 2075 1421 2127 lict-hit
1451 2073 1814 2128 iracundiam.
1851 2073 1988 2144 Equi
2013 2075 2404 2144 intelliguntur
2427 2074 2682 2137 allectus,
2710 2087 2946 2142 quorum
2995 2071 3332 2126 adminiculo
3367 2077 3695 2139 procuratur

358 2197 366 2206 .
451 2164 725 2231 voluptas.
762 2163 842 2232 Ab
875 2163 960 2216 Itis
993 2163 1282 2218 adortibtts
1323 2163 1615 2231 rapiuntur
1641 2163 1985 2217 intoleranda
2015 2165 2066 2218 vi
2095 2165 2196 2228 illi,
2227 2164 2321 2232 qui
2345 2163 2431 2219 his
2457 2163 2752 2227 vehuntur,
2775 2163 2989 2218 scilicet
3013 2159 3461 2214 inscendentiluts
3489 2158 3690 2219 tribus,

447 2253 541 2318 qui
572 2231 828 2304 denotarit
853 2250 1019 2303 animi
1050 2257 1163 2303 tres
1185 2259 1388 2318 partes.
1415 2251 1569 2318 Aqua
1601 2249 1702 2304 bas
1736 2250 1913 2319 perdit
1942 2250 2052 2304 ﬁde
2077 2251 2134 2304 in
2167 2231 2364 2303 bacqu
2406 2249 2768 2318 praecedente.
2812 2257 2870 2303 et
2931 2249 3077 2302 nube
3109 2249 3414 2316 sospitante
3443 2261 3562 2307 eos,
3595 2259 3691 2313 qui

450 2336 519 2389 ad
553 2336 724 2404 ipsam
760 2334 1141 2402 confugerant.
1171 2332 1397 2400 Oportet
1423 2334 1593 2402 igitur
1627 2335 1774 2395 illos,
1803 2333 1896 2400 qui
1926 2337 2094 2389 semel
2114 2336 2447 2391 emerserint
2470 2337 2650 2405 aquis,
2679 2336 2839 2400 nihil,
2867 2336 3014 2406 quod
3045 2335 3141 2389 fuit
3175 2336 3228 2386 in
3247 2333 3693 2388 adversariorum

448 2423 668 2484 castris,
693 2437 878 2481 secum
915 2429 1186 2490 portare:
1221 2435 1322 2474 nec
1350 2421 1586 2488 amplius
1609 2421 1849 2474 tolerare
1887 2421 1939 2472 in
1973 2436 2032 2476 se
2055 2423 2363 2476 venientem
2399 2431 2716 2494 tyrannum.
2773 2423 2890 2476 luto
2919 2423 3103 2476 omnis
3152 2420 3380 2475 allectus
3425 2419 3697 2474 exitiosus

452 2509 803 2578 perimendus
834 2515 921 2564 est
955 2508 1010 2562 in
1047 2508 1230 2576 aquis,
1253 2507 1714 2576 quemadmodum
1769 2507 1974 2575 pascha
2024 2509 2076 2562 in
2116 2511 2386 2580 sanguine
2434 2511 2526 2580 qui
2564 2510 2876 2579 suppeditat
2934 2511 3101 2563 vitam
3145 2515 3434 2577 peruneto,
3471 2514 3697 2575 propter

451 2611 612 2666 quem
648 2604 702 2649 et
727 2610 896 2664 panes
920 2594 1340 2648 infermetttatos
1373 2594 1614 2656 edimus,
1649 2594 1830 2648 nullas
1863 2594 2130 2662 reliquias
2171 2598 2385 2650 malitite
2414 2606 2758 2652 reservantes
2781 2597 2978 2650 fatum
3010 2597 3151 2648 vine.
3209 2594 3264 2647 in
3299 2595 3442 2646 hunc
3474 2591 3695 2646 ntodum

452 2685 504 2738 in
533 2699 672 2751 aqua
701 2683 930 2754 mystica
959 2681 1298 2735 discernitur
1326 2679 1506 2734 hostis
1539 2689 1593 2733 et
1615 2681 1851 2746 amicus,
1879 2683 1972 2738 illo
1998 2695 2276 2754 pereunte,
2311 2685 2414 2737 hoc
2449 2685 2711 2740 incolumi
2756 2691 3130 2754 permanente.
3189 2681 3344 2752 Quod
3384 2694 3516 2734 vero
3546 2695 3698 2736 mare

451 2772 522 2824 sit
547 2779 706 2842 typus
742 2766 1000 2838 baptismi
1035 2769 1170 2822 satis
1204 2767 1464 2822 assiduus
1490 2769 1646 2822 testis
1679 2778 1762 2823 est
1791 2771 2015 2837 Paulus,
2047 2769 2236 2825 dicens
2273 2787 2285 2821 :
2321 2789 2338 2820 ι
2376 2769 2514 2836 ρυιίτι
2561 2785 2751 2824 omnes
2788 2771 2840 2823 in
2885 2769 3073 2824 Mosen
3128 2769 3391 2836 haptilati
3449 2775 3608 2822 erant
3641 2768 3696 2820 in

455 2857 596 2912 nube
629 2867 682 2910 et
710 2859 846 2910 mari
867 2859 934 2910 ’°.
991 2875 1008 2907 ι
1046 2857 1101 2908 In
1143 2856 1442 2926 baptismo,
1480 2856 1599 2910 loco
1632 2855 1822 2928 Musis,
1876 2857 2071 2911 ducem
2128 2858 2454 2912 habt-bimus
2488 2858 2768 2914 Christum
2801 2858 3154 2912 mediatorem
3195 2855 3285 2910 Dei
3317 2864 3482 2924 atque
3509 2853 3694 2910 benti,-

454 2960 606 2997 nunt.
639 2944 923 3009 Quatenus
961 2957 1140 2997 sermo
1163 2953 1272 3004 est,
1309 2943 1628 2995 incarnatus
1650 2951 1755 3008 est,
1782 2950 1836 2996 et
1873 2943 1954 2996 sic
1981 2943 2248 3002 mediator
2269 2954 2351 3000 est
2379 2945 2738 3010 credentium,
2770 2953 2824 2998 et
2850 2945 3066 2998 illorum
3095 2945 3185 3013 qui
3221 2947 3321 2998 hos
3351 2957 3700 3012 persequun-

451 3042 562 3094 tur,
599 3031 849 3104 inhibcns
879 3030 1120 3096 ipsorum
1156 3027 1209 3080 itt
1241 3026 1527 3081 credentes
1562 3028 1910 3082 incursiones
1957 3029 2243 3092 violentas,
2267 3033 2724 3099 quemadmodum
2756 3033 2866 3101 jam
2892 3035 3022 3088 olim
3063 3033 3269 3086 dictum
3305 3041 3388 3085 est
3423 3049 3436 3085 :
3469 3049 3488 3081 ι
3527 3029 3700 3083 ιενςιρ

455 3120 529 3171 rit
553 3133 611 3172 se
636 3119 862 3184 angelus
900 3115 1016 3176 Dei,
1045 3123 1098 3168 et
1127 3115 1384 3168 columna
1419 3115 1602 3176 nubis,
1629 3123 1684 3168 et
1720 3116 1994 3168 intrarunt
2050 3118 2102 3171 in
2135 3119 2370 3172 medium
2425 3119 2811 3191 [Egyptiorttm
2849 3130 2901 3173 et
2930 3121 3164 3174 filiorum
3195 3117 3386 3180 Israel,
3424 3135 3444 3169 ι
3487 3116 3700 3171 scilicet

454 3205 805 3274 prohibentes
831 3219 898 3256 ne
929 3211 1156 3270 uterque
1187 3202 1425 3270 populus
1456 3201 1917 3256 commisceretttr
1950 3213 2002 3258 et
2023 3203 2476 3260 coofnnderetur.

529 3290 596 3345 Et
629 3306 768 3361 aqua
801 3300 914 3344 erat
949 3291 1078 3356 ipsis
1116 3305 1298 3342 murus
1331 3305 1362 3341 a
1394 3288 1606 3352 dextra,
1636 3299 1688 3342 et
1724 3306 1902 3344 murus
1937 3307 1970 3344 a
2002 3292 2132 3345 (rem
2159 3331 2172 3352 ,
2206 3299 2316 3346 etc.
2348 3288 2507 3363 BNV,
2546 3291 2662 3366 '22.]
2697 3293 2936 3364 lileganti
2974 3292 3451 3363 praeoccupatione
3485 3295 3699 3343 tutatur

453 3375 599 3432 Deus
622 3379 902 3432 veritatem
938 3377 1081 3430 haud
1111 3376 1333 3446 ignarus
1362 3377 1692 3445 perfidorum
1735 3379 1973 3438 astutia,
1993 3379 2085 3446 qui
2114 3379 2309 3435 docent
2337 3381 2514 3432 sinum
2540 3381 2832 3434 Arabicum
2868 3381 3191 3434 naturaliter
3225 3393 3372 3433 nunc
3392 3375 3698 3437 exhauriri.

467 3481 618 3518 nunc
658 3465 854 3536 repleri
895 3479 1062 3534 aqua.
1094 3463 1250 3529 Quod
1287 3464 1331 3516 si
1367 3466 1523 3518 sinus
1557 3463 1650 3516 ille
1679 3463 1955 3518 Atabirus
1989 3465 2062 3517 ita
2095 3473 2289 3524 natura
2319 3480 2670 3534 comparatus
2697 3475 2814 3520 erat
2838 3505 2852 3528 ,
2886 3483 2953 3521 an
2994 3482 3100 3520 non
3136 3466 3434 3520 verisimile
3469 3473 3554 3520 est
3589 3461 3695 3516 loci

468 3562 722 3608 naturam
753 3555 924 3621 magis
954 3559 1292 3620 compertam
1322 3561 1376 3604 et
1405 3558 1747 3619 perspectam
1783 3549 1953 3606 fuisse
1986 3551 2262 3623 Aigyptiis
2288 3568 2452 3622 quam
2480 3552 2684 3608 Judaeis
2718 3553 3100 3624 fugientibus?
3131 3552 3312 3608 Simili
3345 3564 3698 3625 prmoccupav

463 3641 618 3694 tione
648 3639 986 3710 praevenitur
1013 3637 1374 3698 miraculum,
1405 3634 1550 3705 quod
1583 3645 1770 3706 postea
1804 3637 1857 3690 in
1889 3635 2126 3694 Jordane
2153 3642 2410 3710 contigit.
2785 3631 2788 3636 ’
2935 3664 2938 3668 ~

513 3747 672 3802 'Sunt
725 3757 990 3802 auctores
1031 3745 1124 3798 alii
1178 3745 1246 3800 tle
1279 3760 1509 3798 numero
1531 3743 1875 3810 Graecorum,
1924 3745 2018 3813 qui
2056 3754 2096 3814 Β

2211 3743 2638 3814 Ἐτὸλμηςε(79)
2665 3744 2720 3797 δέ
2747 3761 2828 3808 τις
2865 3745 2974 3798 τῶν
3018 3744 3282 3816 Ἑλλήνων
3335 3743 3445 3815 (80)
3497 3745 3693 3814 ειπεῖν,

453 3849 711 3896 astruunt
745 3838 1035 3910 [Egyptios
1065 3837 1241 3894 fuisse
1271 3835 1532 3892 Hebraeos
1557 3845 1612 3892 et
1643 3836 1864 3906 pavisse
1900 3835 2023 3890 illo-

2128 3831 2204 3896 ὥς
2227 3849 2378 3896 τινας
2403 3835 2507 3887 τῶν
2528 3835 2838 3902 Αἰγυπτίων
2888 3835 3027 3890 εἶναι
3057 3839 3182 3902 τοὺς
3236 3837 3534 3906 Ἑϐραίους,
3587 3853 3698 3888 not.-

454 3948 576 3988 rutu
612 3947 834 4002 pecora.
863 3930 1072 3986 Deinde
1119 3931 1507 4000 conspirantes
1541 3928 1811 3983 adversus
1842 3929 2024 3982 domi-

2110 3923 2298 3990 μένας
2321 3924 2430 3977 τῶν
2453 3925 2813 3996 Ορεμμάτων·
2847 3923 2966 3982 εἶτα
3001 3931 3116 3991 τοῖς
3136 3926 3422 3990 δεσπόταις
3488 3929 3693 3980 ἐπανα-

455 4039 556 4078 nos
605 4023 812 4080 abiisse
864 4020 1120 4091 Egypto.
1155 4019 1282 4074 Ilaec
1327 4021 1582 4089 garriunt
1625 4019 1798 4086 (ἐπ’πεί
1827 4034 2020 4088 parum

2129 4016 2382 4078 στάντας,
2436 4018 2670 4080 ἐξελθεῖν
2709 4022 2809 4089 τῆς
2868 4021 3148 4086 Αἰγύπτου
3178 4037 3194 4052 ·
3245 4019 3370 4074 οὔτε
3425 4018 3535 4074 ἀπὸ
3584 4017 3695 4080 τῶν

452 4112 873 4168 considerantes
914 4120 1178 4180 quantum
1207 4109 1421 4176 .l'lebraei
1469 4108 1726 4164 dill'erant
1757 4109 1941 4178 lingua
1963 4114 2024 4164 et

2139 4106 2440 4176 Ἑϐραϊκῶν
2493 4110 2806 4179 ὀνομάτων,
2858 4113 2985 4166 ὅσον
3019 4112 3078 4165 τὸ
3133 4111 3390 4184 διάφορον
3422 4109 3688 4180 κατανοή-

453 4205 701 4258 moribus
733 4203 802 4258 ab
839 4199 1132 4272 Egyptiis.
2125 4214 2244 4260 βας.

525 4315 814 4372 Cantemus
858 4314 1110 4367 Domino.
1148 4313 1432 4382 Magniﬁce
1475 4312 1612 4364 enim
1655 4311 1990 4380 glori/Scarus
2035 4319 2137 4372 est,
2174 4321 2284 4365 etc.
2322 4309 2462 4381 [κν.
2501 4310 2580 4383 1.]
2619 4310 2854 4366 Carmen
2900 4323 2984 4366 est
3027 4313 3304 4382 theologia
3348 4312 3405 4366 in
3447 4311 3596 4366 sanis
3636 4319 3692 4365 et

457 4407 622 4459 rectis
657 4402 880 4456 fundata
917 4400 1226 4454 sententiis.
1264 4399 1416 4451 Hanc
1447 4399 1513 4450 ad
1553 4399 1720 4450 Deum
1755 4401 2132 4452 transmittere
2162 4401 2453 4453 consuevit
2485 4403 2668 4453 anima
2704 4403 2943 4458 homin‘s
2975 4402 3225 4470 perfecti.
3257 4401 3530 4458 Cancrum
3565 4415 3689 4452 oar-

458 4507 582 4546 men
613 4491 665 4542 in
695 4489 842 4540 hunc
871 4486 1088 4538 modum
1115 4483 1490 4538 deﬁniendum
1519 4492 1604 4540 est
1631 4500 1646 4536 :
1671 4484 1906 4537 Carmen
1937 4491 2023 4538 est
2045 4499 2152 4537 vox
2183 4485 2395 4538 reddita
2425 4501 2550 4538 eum
2582 4487 2767 4540 debita
2798 4503 3055 4541 mensura
3087 4490 3224 4542 citra
3254 4504 3448 4544 sonum
3479 4488 3688 4542 instru-

458 4577 772 4631 mentalem.
795 4603 862 4614 —
889 4570 1002 4625 Hoc
1027 4587 1251 4625 carmen
1281 4571 1518 4642 primum
1545 4573 1841 4626 deeantant
1869 4573 2135 4627 Israelita
2164 4589 2288 4630 cum
2321 4575 2471 4628 εἰει-ο
2499 4574 2634 4644 pede
2663 4577 3020 4630 transiissent
3051 4592 3198 4632 mare
3224 4575 3492 4629 [tulit-“.11.
3517 4573 3688 4634 Chori

453 4672 622 4731 ,crant
665 4663 805 4724 duo,
843 4661 1087 4714 virorum
1127 4659 1288 4728 alter,
1325 4658 1484 4726 cujus
1524 4668 1828 4730 praecentor
1860 4669 1914 4713 et
1949 4659 2057 4714 dux
2096 4670 2216 4715 erat
2253 4661 2471 4725 Moses;
2511 4664 2649 4717 alter
2683 4665 2977 4717 mulierum
3003 4707 3016 4726 ,
3051 4680 3216 4734 quem
3255 4661 3600 4734 gubernabat
3637 4668 3691 4712 et

461 4749 851 4805 moderabatur
891 4745 1060 4801 Musis
1100 4761 1260 4800 soror
1298 4746 1467 4802 Maria
1511 4747 1739 4815 pulsans
1779 4755 2124 4818 tympanum,
2163 4759 2217 4800 et
2260 4750 2602 4805 tnortilicans
2645 4766 2745 4807 Sua
2790 4753 3034 4805 membra
3077 4751 3432 4805 continentiae
3469 4751 3692 4802 virtute.

461 4837 596 4892 Nam
632 4845 948 4908 tympanum
981 4834 1276 4889 coniicitur
1305 4848 1372 4888 ex
1405 4833 1578 4888 occisi
1616 4833 1870 4888 animalis
1905 4833 2060 4901 pelle.
2096 4833 2298 4898 Maria,
2335 4852 2456 4904 quae
2494 4853 2600 4891 non
2635 4838 2832 4907 gaudia
2867 4843 3174 4896 testabatur
3205 4839 3530 4894 saltatioue.
3565 4850 3692 4890 eum

461 4924 634 4980 frater
669 4922 1103 4980 incolumitatem
1137 4929 1258 4976 erat
1292 4928 1490 4976 nactus
1524 4935 1590 4975 ex
1625 4918 1854 4974 flumine
1889 4929 2131 4985 tractus,
2169 4939 2314 4976 nunc
2351 4924 2514 4977 saltat
2550 4925 2642 4978 uhi
2679 4926 2828 4979 videt
2865 4925 3126 4994 populum
3161 4926 3410 4980 evasisse
3439 4923 3697 4978 crudeles

462 5015 703 5068 hostium
730 5027 948 5067 manus.
973 5008 1150 5065 Saltat
1175 5018 1356 5064 autem
1387 5009 1442 5062 in
1472 5007 1742 5063 honorem
1770 5007 1888 5074 Dei,
1913 5009 2006 5078 qui
2033 5008 2364 5063 mirabiliter
2386 5009 2540 5064 ultus
2566 5021 2685 5064 erat
2715 5010 2994 5064 innoxium
3022 5010 3318 5065 infantium
3343 5008 3692 5079 sanguinem.

457 5113 509 5155 ct
547 5116 769 5169 aquam,
802 5113 910 5166 qua
945 5097 1186 5152 infantes
1220 5094 1482 5152 suﬂ'ocati
1516 5105 1698 5159 erant,
1732 5096 1898 5150 vertit
1933 5094 1988 5149 itt
2027 5110 2218 5165 pinnas
2247 5095 2664 5166 Egyptiorum.
2699 5097 2932 5154 Carmen
2967 5099 3193 5167 quidem
3230 5114 3402 5153 unum
3437 5105 3544 5160 est,
3575 5105 3632 5152 et
3666 5111 3695 5147 a

457 5189 674 5254 dttp'ive
709 5185 925 5239 canitur
953 5184 1122 5239 choro
1153 5181 1402 5238 vicissim
1437 5191 1673 5236 canente
1705 5193 1759 5238 et
1796 5183 2190 5252 respondente.
2223 5184 2492 5238 Caeterum
2534 5189 2636 5239 hoc
2669 5199 2888 5240 carmen
2927 5186 3142 5240 extollit
3178 5183 3374 5249 Deum,
3408 5186 3498 5254 qui
3535 5191 3701 5237 natu-

554 5283 602 5316 ”
632 5283 652 5338 Ι
677 5280 806 5336 Cor.
830 5296 888 5348 ι,
913 5279 970 5336 ‘2.
1961 5353 2168 5410 Μ)Τῶ

556 5457 753 5527 τ8ίΓΤὰ
793 5453 1036 5527 ἑπόμενα
1065 5455 1126 5527 ἐγ
1383 5453 1520 5519 Δὺγ.
1544 5421 1684 5527 sua.
1709 5451 1775 5527 oo
1819 5451 2017 5527 κεῖτᾳι.
2201 5449 2312 5527 (ΒΟ)
2351 5449 2434 5527 ’0Δ
2446 5451 2544 5527 μὲν
2575 5451 2840 5527 μανὲβῳν
2878 5456 3164 5527 πηιμένας,
3199 5455 3276 5522 ὣς
3307 5474 3474 5524 φησιν
3506 5454 3693 5527 Ἰώση-

530 5520 640 5597 ἐἫ)
695 5520 911 5597 Ἕτςρθί
953 5524 1008 5576 δὲ
1050 5520 1494 5597 τῶν-Ἐλκὴγων,
1539 5521 1870 5597 Δίγρπςτιρυς
1893 5522 2022 5597 frob;
2128 5537 2227 5597 vro;
2274 5523 2366 5597 (ἐν.
2408 5520 2605 5597 βισληί
2656 5525 2756 5597 ᾔει)
2783 5520 3293 5597 ΩΑκατά”Απιων.)“·
3321 5520 3433 5582 ὅδὲ
3474 5520 3696 5582 Iahon.

466 5589 750 5684 ’ῐξρράίους
774 5589 913 5650 rivali
937 5611 1088 5662 ςασι,
1110 5592 1202 5646 καὶ
1229 5589 1512 5662 ποιμένας,
1538 5592 1736 5646 mae
1751 5591 1848 5658 τῆς
1881 5589 2018 5656 Αὑτ.
2127 5589 2460 5657 Αἰγυπτιους
2497 5591 2621 5654 τοὺς
2656 5591 2937 5663 Ἐϐραίους
2972 5589 3240 5666 ὲνόμισενζ

455 5679 586 5723 κώσ.
