4010 6212
317 305 420 380 £33
1405 300 1942 372 COMMENTARII
1970 301 2057 370 1N
2090 299 2435 369 EXODUM.
3219 292 3235 304 '
3458 300 3565 370 tati

315 444 427 481 ram
469 441 656 480 rerum
703 440 802 495 pro
840 424 1072 480 arbitrio
1104 423 1335 494 impellit
1363 433 1419 479 et
1448 434 1629 479 tnovet
1662 431 1796 477 nutu
1830 424 1896 474 ad
1929 421 2235 493 puniendos
2266 420 2492 491 impios,
2522 428 2843 488 naturaeque
2885 418 3030 487 leges
3069 418 3342 472 inVertere’
3390 421 3563 473 novit.

314 510 467 567 Nunc
515 513 675 566 etiam
724 510 777 564 in
827 511 1060 580 mystico
1098 508 1335 565 Jordane
1375 509 1631 564 Christus
1669 508 1973 579 submergit
2017 509 2334 570 diabolum,
2372 522 2536 577 quem
2583 512 2947 575 repraseutat
2986 502 3274 574 (Egyptius
3317 503 3561 566 Pharao.

317 604 546 672 ejusque
581 603 727 655 vires
757 599 974 668 penitus
1003 608 1264 664 enervat,
1295 609 1349 654 et
1380 614 1447 652 ne
1478 614 1578 653 nos
1609 597 1848 651 infamiae
1879 593 2166 650 all'ectibus
2195 594 2432 664 amplius
2464 593 2782 662 opprimat.
2814 604 3043 645 securos
3075 590 3244 656 facit,
3273 592 3319 645 si
3353 592 3569 645 obtem-

321 702 580 759 peremus
609 685 848 741 dicenti:
877 704 896 738 ι
926 683 983 739 Si
1009 686 1175 757 260
1190 702 1449 754 egressus
1479 685 1651 741 fueris
1680 686 1734 738 in
1768 683 2018 738 militiam
2052 687 2245 734 contra
2279 680 2642 743 hostestuos,
2673 685 2726 732 et
2753 678 2961 733 videris
2987 692 3189 745 equum
3220 686 3273 730 ct
3305 690 3571 731 ascenso-

316 791 430 829 rem
463 782 522 827 et
552 775 812 841 populum
849 788 1079 827 numero
1113 782 1164 827 te
1196 781 1581 843 superantem,
1612 786 1746 827 cave
1785 767 2195 824 formidaveris.
2226 764 2365 830 Quia
2400 764 2663 819 Dominus
2694 762 2840 819 Deus
2871 772 3049 833 tec'um
3081 770 3171 819 est
3193 766 3261 821 "3
3302 780 3323 817 ι
3363 762 3571 818 Dehinc

312 864 491 916 libere
526 862 776 915 dicemus
812 871 865 913 et
900 860 1167 914 audacter
1201 878 1215 913 :
1260 878 1278 910 ι
1320 859 1587 915 Dominus
1624 858 1903 912 illuminat
1937 870 2056 919 me,
2088 862 2143 906 et
2179 854 2422 907 salvator
2458 866 2613 906 meus
2645 859 2761 914 est,
2797 867 2960 921 quem
2997 851 3272 906 metuam?
3307 851 3573 906 Dominus

311 959 531 1006 srutnm
567 956 621 1002 et
655 947 917 1001 defensor
952 962 1106 1001 meus
1146 959 1266 1008 est,
1304 962 1332 998 a
1373 962 1485 1016 quo
1521 944 1767 1000 timebo?
1796 943 1851 998 Si
1886 949 2067 997 castra
2103 948 2296 993 contra
2336 953 2421 992 me
2456 938 2636 1008 posita
2674 937 2880 992 fuerint
2905 970 2921 1002 ,
2956 954 3065 992 non
3103 940 3434 992 extimescet
3471 951 3569 1016 cur

313 1051 497 1089 meum
521 1035 589 1086 ".
637 1053 656 1085 ι
696 1032 965 1087 Praeterea
1006 1048 1110 1087 non
1149 1034 1262 1086 vult
1302 1041 1360 1086 ιιι
1393 1014 1565 1087 alicui
1603 1032 1764 1086 nobis
1808 1028 2151 1097 imperiteut.
2195 1025 2374 1094 lnquit
2411 1029 2560 1079 enim
2610 1041 2623 1078 :
2673 1042 2691 1075 ι
2737 1023 3110 1095 Nonpoteris
3152 1026 3254 1079 tibi
3298 1014 3574 1094 prae-licem

226 1126 233 1131 ’
313 1127 601 1180 hominem
645 1124 1034 1193 alienigenam.
1072 1121 1211 1187 Quia
1260 1137 1368 1175 non
1407 1130 1492 1175 est
1533 1119 1702 1176 frater
1735 1127 1866 1173 tuus
1891 1112 1961 1171 ".
1986 1115 2355 1183 {Propterea
2392 1123 2575 1168 monet
2608 1130 2829 1184 quoque
2866 1130 2933 1169 ne
2969 1129 3059 1168 rex
3107 1114 3211 1169 sibi
3251 1114 3576 1184 multiplicct

312 1228 513 1282 equos,
551 1226 729 1279 neque
751 1209 1011 1278 populum
1049 1209 1100 1261 in
1130 1206 1426 1279 Egyptum
1458 1206 1717 1260 abducat.
1753 1205 1885 1257 Nam
1913 1204 2234 1272 plerumque
2257 1193 2463 1256 subditi
2504 1209 2815 1270 sequuntur
2850 1216 3032 1256 mores
3075 1216 3264 1255 eorum
3307 1218 3335 1253 a
3373 1201 3578 1270 quibus

319 1308 606 1368 reguntur.
648 1295 724 1349 Ne
766 1297 935 1364 igitur
969 1296 1203 1364 populus
1228 1332 1242 1356 ,
1277 1295 1370 1363 qui
1407 1302 1558 1348 caret
1594 1308 1718 1360 rege
1752 1294 1932 1344 alente
1963 1303 2137 1357 equos
2160 1328 2174 1350 ,
2212 1288 2298 1341 cui
2337 1287 2590 1341 deessent
2627 1289 2753 1356 equi
2788 1290 3147 1356 equitesque,
3188 1288 3382 1357 pavido
3427 1297 3575 1339 ntctu

318 1387 581 1454 trepidet,
618 1385 774 1437 audit
814 1382 1148 1451 Prophetatu
1182 1382 1459 1433 dicentem
1493 1398 1507 1433 :
1549 1397 1567 1430 ‹
1609 1377 1875 1431 Dominus
1906 1376 2198 1429 auxiliator
2231 1388 2382 1426 nzeus
2413 1381 2463 1428 et
2494 1383 2774 1442 protector
2804 1373 2870 1426 ad
2905 1377 3135 1427 salutem
3155 1372 3220 1426 “.
3256 1391 3276 1425 ι

398 1452 464 1525 Et
502 1473 745 1524 liberavit
779 1471 1038 1524 Dontt'nus
1070 1467 1353 1522 lsraelilas
1388 1483 1446 1521 eo
1486 1467 1571 1520 die
1607 1466 1672 1519 de
1708 1480 1869 1518 manu
1894 1460 2299 1532 Afgyptiorum,
2329 1468 2436 1513 etc.
2469 1457 2632 1531 [XIV.
2667 1457 2784 1530 ὅθι]
2820 1460 2946 1513 ιιωρ
2977 1460 3058 1512 vel
3100 1452 3374 1529 praecipua
3409 1469 3576 1511 causa

318 1571 435 1621 est,
470 1559 616 1627 quod
652 1557 748 1611 illo
784 1557 1032 1609 carmine
1067 1556 1247 1625 ipsum
1282 1554 1601 1617 celebrant,
1634 1560 1898 1604 canentes
1930 1565 1943 1602 :
1982 1566 2000 1598 ι
2040 1546 2139 1601 llic
2174 1556 2259 1602 est
2298 1546 2439 1600 Deus
2477 1562 2632 1599 meus
2654 1584 2670 1608 ,
2702 1555 2759 1600 et
2791 1562 2916 1600 eum
2952 1546 3295 1615 glorificabo,
3332 1565 3352 1599 ο
3388 1556 3577 1601 osten-

320 1647 517 1700 dentes
546 1645 638 1697 illa
671 1643 987 1712 emphatica
1019 1642 1497 1696 demonstratione
1529 1657 1542 1693 :
1576 1655 1596 1690 ‹
1636 1637 1735 1691 llic
1758 1632 1870 1698 ‘cst,
1906 1654 1925 1686 ι
1955 1646 2091 1698 etc.,
2123 1636 2329 1688 nullam
2367 1634 2470 1703 ipsi
2504 1649 2629 1688 esse
2655 1634 2740 1687 vel
2772 1634 3092 1688 societatem
3119 1636 3204 1688 vel
3235 1636 3580 1688 cumnmnioo

322 1748 449 1785 nem
480 1746 605 1783 cum
638 1729 866 1794 reliquis
891 1728 1029 1791 diis,
1058 1727 1153 1796 qui
1185 1742 1293 1780 non
1324 1734 1453 1780 sunt
1481 1733 1534 1778 et
1565 1724 1699 1777 nihil
1731 1731 1879 1777 sunt.
1909 1721 1988 1774 Illi
2021 1722 2276 1780 dicebant
2307 1719 2372 1774 ad
2408 1722 2783 1782 Pharaonem,
2816 1737 2918 1775 nos
2946 1735 3074 1775 vero
3101 1719 3167 1774 ad
3202 1730 3411 1790 patrem
3440 1718 3581 1776 Phar

323 1822 516 1874 raonis
552 1821 666 1871 haec
697 1816 992 1886 dirigitnus
1021 1816 1189 1869 verba
1224 1832 1237 1869 :
1272 1812 1372 1867 llic
1405 1821 1489 1867 est
1519 1811 1777 1865 Christus
1812 1824 1985 1864 meus.
2019 1809 2150 1875 Quae
2184 1817 2368 1861 autem
2406 1809 2474 1861 de
2509 1807 2797 1862 Pharaone
2833 1807 3136 1862 traduntur
3166 1808 3220 1861 iu
3256 1807 3578 1863 memoriam

325 1908 583 1975 redigunt
628 1904 789 1957 nobis
834 1902 1056 1973 tyranni
1103 1901 1441 1971 impietatem
1491 1915 1505 1952 :
1551 1897 1682 1966 qui.
1726 1898 1978 1966 quamvis
2022 1897 2238 1950 audiret
2282 1895 2571 1965 imperium
2623 1893 2839 1948 Domini
2885 1895 3132 1964 iubentis
3177 1902 3237 1950 ιιι
3280 1895 3582 1953 dimittcrct

325 1994 614 2064 populum,
645 1999 830 2043 tamen
865 1990 1110 2043 intonuit
1139 2007 1152 2042 :
1187 2005 1207 2037 ι
1243 1986 1362 2041 Non
1395 1986 1516 2041 novi
1553 1986 1868 2048 Dominum,
1899 1999 1998 2038 nec
2027 1979 2244 2034 dimitto
2275 1979 2533 2048 populum
2557 1978 2626 2031 ”.
2663 1997 2682 2029 ι
2715 1977 3062 2048 Quapropter
3090 1996 3239 2033 nunc
3277 1982 3533 2051 inquiunt
3564 2019 3580 2043 .

325 2079 378 2136 1s
408 2078 505 2133 ille
538 2076 683 2132 Deus
710 2083 817 2139 est,
844 2091 1005 2146 quem
1034 2074 1338 2144 objiciebas
1368 2083 1422 2129 te
1452 2088 1560 2127 non
1595 2075 1850 2137 novisse;
1882 2070 1971 2125 hic
1997 2069 2174 2121 honor
2197 2080 2305 2120 non
2333 2066 2596 2134 competit
2625 2064 2757 2128 tuis,
2783 2064 2877 2134 qui
2909 2064 3055 2120 l’also
3088 2068 3449 2121 nominantur
3478 2066 3579 2130 dii.

324 2177 382 2223 et
411 2162 511 2220 abs
535 2176 589 2220 te
614 2166 891 2220 coluntur.
932 2161 1089 2217 Hunc
1124 2163 1302 2233 igitur
1327 2162 1584 2216 laudibus
1612 2161 1921 2214 celebrabo.
1946 2156 2230 2209 Dominum
2257 2152 2403 2206 enim
2434 2150 2602 2207 Deum
2632 2152 2898 2216 adorabo,
2925 2161 2980 2204 et
3008 2152 3154 2205 hunc
3179 2154 3354 2205 solum
3382 2153 3582 2206 colam:

330 2254 601 2307 liberatus
629 2267 855 2311 errore.
886 2264 997 2319 quo
1028 2249 1299 2319 agitabar,
1333 2248 1462 2301 dum
1495 2248 1599 2302 sub
1627 2256 1718 2301 tua
1747 2246 1998 2315 degerem
2030 2238 2343 2311 tyrannide.
2381 2237 2446 2292 Et
2474 2238 2732 2293 exaltabo
2762 2255 2889 2293 eum
2911 2277 2927 2302 ,
2961 2239 3178 2294 scilicet
3208 2240 3342 2294 nihil
3377 2241 3585 2295 humile

328 2349 385 2395 et
419 2339 561 2394 nihil
599 2338 885 2393 sordidum
918 2336 986 2391 tle
1022 2338 1144 2406 ipso
1178 2334 1262 2390 vel
1298 2335 1593 2404 cogitando
1626 2335 1707 2386 vel
1745 2329 2147 2403 praesumendo.
2182 2325 2295 2381 Nec
2335 2327 2513 2396 ipsum
2550 2326 2633 2381 vel
2664 2338 2979 2380 creaturam
3015 2327 3100 2381 vel
3135 2342 3250 2381 rem
3287 2328 3581 2397 quamdam

328 2436 575 2481 creatam
607 2431 909 2492 nuncupat,
938 2438 1126 2475 verum
1162 2423 1399 2491 appellat
1430 2422 1608 2490 ipsum
1639 2417 1953 2473 Creatorem
1983 2434 1998 2471 :
2026 2429 2128 2470 nec
2158 2419 2435 2468 recentem
2462 2420 2519 2467 et
2548 2427 2840 2482 nuperum,
2869 2411 2967 2468 sed
2997 2422 3286 2479 aeternum,
3317 2424 3377 2467 ut
3402 2430 3432 2467 a
3463 2429 3586 2469 meo

330 2523 494 2583 patre
525 2509 730 2565 Jacobi:
770 2510 1026 2564 laudatus
1061 2518 1164 2564 est.
1198 2508 1469 2562 Caeterum
1509 2523 1622 2578 prae
1654 2507 1826 2560 nimio
1857 2503 2060 2575 gaudio
2090 2502 2340 2559 eamdem
2380 2517 2496 2556 rem
2536 2506 2738 2572 saepius
2774 2504 3110 2559 inculcanda
3149 2505 3347 2573 repetit
3383 2523 3396 2558 :
3437 2520 3585 2558 nunc

330 2600 551 2672 quidem
588 2616 787 2669 equum
822 2607 876 2652 et
906 2598 1175 2667 equitem,
1212 2612 1363 2651 nunc
1396 2612 1523 2650 vero
1559 2610 1760 2649 currus
1791 2591 2095 2649 PharaOuis
2126 2590 2359 2660 ejusque
2395 2592 2697 2659 potentiam
2738 2600 2792 2644 et
2827 2593 3017 2662 cupias
3055 2594 3370 2646 nominans.
3407 2589 3476 2648 Ut
3512 2594 3584 2663 pii

332 2698 464 2744 sunt
494 2688 648 2741 electi
682 2686 799 2750 Dei,
829 2685 912 2739 sic
939 2685 1015 2738 illi
1046 2685 1250 2739 milites
1275 2693 1433 2738 erant
1463 2682 1626 2738 electi
1659 2680 1987 2735 Pharaonis.
2017 2677 2110 2732 Sic
2141 2680 2307 2732 etiam
2337 2678 2542 2732 alicubi
2577 2675 2871 2748 Scriptura
2899 2694 3059 2734 sacra
3089 2689 3250 2733 vocat
3280 2680 3437 2735 cibos
3464 2680 3585 2749 ejus

330 2777 560 2831 electos.
598 2772 874 2839 Quantum
911 2781 1095 2825 autem
1132 2779 1347 2840 spectat
1381 2770 1448 2824 ad
1485 2769 1754 2839 triplicem
1791 2768 1957 2837 hujus
1989 2765 2243 2821 ordinem
2269 2803 2285 2829 ,
2320 2779 2488 2835 supra
2523 2765 2820 2834 allegorice
2850 2767 3293 2835 explanavimus.
3325 2760 3482 2821 Nunc
3517 2769 3584 2820 ad

336 2860 625 2916 historiam
664 2859 973 2913 redeamus.
1010 2856 1110 2911 Hic
1144 2858 1449 2926 aurigatur,
1487 2858 1626 2910 alter
1657 2855 1711 2909 in
1745 2856 1942 2908 ordine
1972 2860 2316 2908 scutatorum
2351 2866 2404 2908 et
2442 2866 2914 2922 propugnatorum
2950 2853 3231 2916 consistit,
3264 2854 3409 2910 alius
3444 2870 3586 2925 prae:

340 2948 915 3009 liatur.Ascensorcs,
940 2945 1140 3013 inquit,
1168 2959 1277 2998 non
1306 2944 1517 3013 equites
1542 2944 1633 3011 qui
1665 2941 2045 2995 conscendunt
2070 2957 2268 3011 equos,
2298 2954 2399 2993 nec
2424 2938 2589 2992 etiam
2617 2942 3039 3009 gubernatores.
3067 2934 3284 3009 Ubique
3311 2940 3600 3012 siquidem,

306 3044 435 3090 ‘ars
466 3044 553 3089 est
586 3034 864 3087 salutaris.
903 3032 968 3085 At
1005 3033 1084 3086 illi
1125 3032 1330 3097 minus,
1368 3046 1533 3102 quam
1573 3030 1735 3099 lapis,
1772 3029 2080 3083 sentiebant
2110 3046 2123 3081 :
2162 3027 2498 3097 plumboque
2535 3029 2814 3095 graviores
2850 3035 2903 3080 et
2944 3013 3373 3095 pntulerosiores
3407 3037 3565 3082 erant

335 3116 483 3173 Nihil
519 3121 664 3172 enim
698 3119 980 3172 distabant
1021 3118 1090 3171 ab
1125 3130 1295 3170 onere
1329 3116 1485 3185 gravi
1518 3124 1573 3169 et
1609 3115 1964 3184 importabili,
2001 3131 2279 3184 tumquaut
2318 3117 2384 3169 ad
2426 3115 2564 3168 levia
2625 3123 2675 3168 et
2718 3115 2979 3167 sublimia
3018 3115 3437 3172 contendentes.
3476 3115 3588 3171 Ita-

337 3223 443 3274 que
472 3205 615 3259 haud
648 3206 925 3258 immerito
952 3202 1411 3271 demergebantur
1440 3203 1493 3256 in
1525 3201 1903 3273 profunditate
1932 3203 2119 3257 maris.
2150 3201 2438 3271 Siquidem
2469 3205 2806 3255 devenerant
2836 3202 2893 3274 in
2928 3199 3360 3270 profunditatem
3395 3219 3584 3272 peccat

340 3270 519 3347 torum
552 3300 968 3347 contemnentes
1005 3270 1169 3343 Deum
1200 3270 1623 3343 contumaciter.
1649 3288 1722 3343 At
1752 3289 1927 3343 sancti
1953 3299 2009 3343 et
2039 3292 2113 3359 pii
2141 3290 2207 3344 ad
2238 3270 2551 3359 exemplum
2584 3291 2836 3353 nubium,
2867 3270 2926 3342 ut
2958 3289 3141 3359 inquit
3173 3270 3422 3355 Isaias“,
3446 3293 3586 3345 voli-

341 3391 459 3438 tant
490 3398 505 3435 :
539 3392 594 3436 et
630 3390 687 3434 ut
719 3382 916 3450 aquila:
949 3394 1050 3433 suo
1085 3380 1268 3431 volatu
1308 3385 1570 3446 superant
1607 3379 1823 3431 acrium
1859 3378 2210 3432 elementum.

414 3492 648 3547 Dextera
677 3502 790 3552 tua,
819 3488 1057 3551 Domine,
1083 3488 1391 3558 gloriﬁcata
1418 3497 1496 3542 est
1527 3488 1579 3539 in
1609 3488 1823 3550 virtute.
1847 3495 1954 3540 etc.
1974 3484 2113 3557 μίν,
2138 3484 2221 3558 6.]
2254 3484 2449 3541 Dextra
2479 3487 2738 3541 nimirum
2771 3482 2941 3543 Filius
2963 3496 3068 3550 est,
3096 3487 3188 3557 qui
3210 3487 3375 3541 etiam
3400 3482 3588 3543 Virtus

342 3578 438 3634 Dei
473 3587 845 3647 nuncupatur.
876 3578 967 3630 Illa
1001 3579 1193 3630 dextra
1223 3584 1337 3629 tum
1369 3577 1632 3644 temporis
1662 3574 1967 3643 proﬂigavit
1992 3575 2335 3629 Pharaonem
2370 3592 2384 3627 :
2415 3590 2563 3628 nunc
2592 3575 2781 3629 domat
2808 3586 2864 3630 et
2895 3578 3192 3630 contundit
3223 3575 3514 3645 Satanam.

416 3665 613 3721 Hisisti
648 3667 783 3720 iram
818 3674 1105 3731 tuam,ctc.
1129 3662 1361 3736 [XV,7.]
1385 3664 1582 3716 Motum
1604 3663 1751 3717 illum
1776 3662 1965 3726 animi,
1985 3676 2093 3729 quo
2124 3662 2360 3714 moveris
2389 3670 2444 3716 et
2475 3662 2757 3732 instigaris
2790 3665 2855 3716 ad
2890 3667 3217 3717 sumendum
3256 3662 3587 3732 supplicium

341 3753 410 3809 de
445 3755 851 3822 peccatoribus.
886 3752 1081 3806 Misisti
1114 3768 1334 3821 quoque
1363 3752 1587 3821 angelos
1619 3750 1791 3822 (quos
1823 3757 1981 3802 vocat
2012 3748 2266 3817 spirituut
2301 3749 2576 3819 furoris),
2605 3752 2699 3819 qui
2734 3751 2871 3803 iram
2908 3761 3056 3804 tuam
3088 3761 3493 3820 exsequuntur.
3527 3754 3585 3805 lu

345 3842 491 3893 hunc
526 3840 747 3893 modum
779 3854 917 3909 aqua
952 3839 1167 3891 divulsa
1200 3838 1523 3899 concrevit,
1557 3836 1779 3906 quando
1812 3837 1981 3903 legem
2017 3836 2207 3889 movit.
2241 3835 2389 3890 Misit
2418 3838 2603 3905 itaque
2636 3838 2781 3892 Deus
2813 3840 2867 3890 in
2905 3839 3054 3908 ipsos
3085 3840 3221 3891 iram
3256 3846 3312 3891 et
3344 3837 3584 3894 furorem

344 3939 441 3993 per
473 3924 699 3990 angelos
731 3925 925 3975 malos.
958 3920 1101 3974 Deus
1132 3921 1406 3989 siquidem
1441 3921 1802 3988 incorporeus
1828 3927 1933 3983 est,
1969 3937 2068 3976 nec
2101 3922 2225 3976 ullis
2255 3922 2543 3977 aﬂ‘ectibus
2570 3925 2855 3978 arietator.

416 4009 614 4064 Misisti
646 4010 890 4079 spiritum
915 4021 1083 4069 tuum.
1103 4021 1211 4063 etc.
1234 4004 1371 4080 μγ,
1393 4006 1506 4079 10.]
1531 4007 1744 4078 Reliqui
1776 4008 1856 4062 sic
1887 4008 2228 4077 interpretati
2259 4016 2387 4062 sunt
2417 4010 2561 4063 hunc
2594 4011 2770 4062 locum
2803 4027 2815 4062 :
2851 4010 3429 4078 Spirasti,vcl,ven!os
3458 4028 3586 4065 cou-

344 4098 535 4151 eim'su'.
573 4096 709 4150 Nam
752 4097 966 4150 induxit
1001 4094 1146 4150 Deus
1185 4097 1237 4149 in
1279 4111 1430 4150 mare
1464 4107 1685 4150 ventum
1726 4104 1915 4148 notum
1956 4104 2011 4148 et
2043 4095 2306 4149 validum.
2342 4095 2551 4148 Dicitur
2592 4108 2775 4150 autem
2822 4096 3056 4166 spiritus
3090 4098 3248 4168 26],
3289 4095 3406 4152 Dei.
3443 4096 3589 4153 Dens

345 4185 489 4238 enim
520 4196 744 4238 ventum
776 4183 1010 4246 creavit,
1045 4192 1099 4236 et
1129 4191 1324 4241 ventus
1355 4190 1609 4235 creatura
1642 4180 1735 4235 Dei
1770 4180 2110 4250 perhibetur.

421 4289 656 4343 Demersi
678 4291 871 4343 suntm
903 4289 1173 4358 plumbum
1208 4292 1261 4341 in
1295 4304 1433 4358 aqua
1456 4287 1654 4352 valida,
1680 4297 1784 4341 etc.
1806 4286 1946 4359 [XV,
1966 4288 2079 4360 11.]
2102 4291 2371 4347 Cathedra
2405 4290 2712 4362 iniquitatis
2742 4301 2825 4347 est
2854 4290 3156 4363 plumbum,
3177 4303 3235 4347 ut
3266 4301 3415 4362 patet
3434 4295 3587 4348 testi-

350 4380 539 4432 monio
576 4378 854 4431 Zachariae
885 4379 1124 4432 dicentis
1156 4396 1169 4430 :
1205 4395 1223 4426 ε
1258 4375 1379 4429 Vidi
1413 4376 1696 4429 tnuliercm
1750 4376 2024 4429 sedentem
2055 4392 2221 4445 super
2252 4381 2459 4432 talento
2496 4380 2700 4448 plumbi
2726 4382 2794 4434 ’⁷.
2837 4400 2855 4432 ι
2888 4378 3040 4433 Hanc
3077 4395 3200 4435 esse
3236 4379 3583 4450 iniquitatem

349 4475 540 4534 postea
600 4466 1023 4533 interpretatur.
1060 4462 1347 4517 Praeterea
1393 4478 1517 4515 cum
1552 4462 1793 4531 Egyptii
1838 4461 2011 4516 forent
2060 4463 2318 4517 cathedra
2380 4466 2708 4534 iniquitatis,
2746 4466 2890 4519 haud
2924 4467 3025 4520 abs
3055 4481 3110 4520 re
3140 4466 3394 4534 leguntur
3426 4468 3585 4538 quasi

349 4554 632 4623 plumbum
655 4551 866 4621 delapsi
902 4565 1027 4606 esse
1058 4554 1112 4603 in
1145 4551 1251 4603 ima
1278 4549 1471 4617 pelagi.
1506 4568 1523 4600 ι
1552 4549 1684 4614 Quis
1719 4551 1813 4602 tibi
1842 4550 2038 4603 similis
2070 4552 2122 4603 in
2157 4551 2282 4614 diis,
2313 4552 2684 4606 Duntine"'?t
2723 4554 2881 4622 quasi
2916 4553 3124 4608 diceret
3157 4572 3170 4607 :
3204 4552 3397 4609 Nemo.
3425 4554 3584 4608 Nulla

347 4644 493 4694 enim
524 4639 823 4693 collatione
852 4636 1086 4692 Creator
1114 4646 1169 4691 et
1192 4646 1447 4691 creatura
1476 4637 1773 4691 cohaerent.
1807 4635 1940 4689 Nam
1977 4636 2118 4690 Deus
2161 4649 2242 4691 est
2269 4645 2532 4702 attentus,
2569 4652 2824 4694 creatura
2867 4641 2920 4692 in
2966 4642 3266 4695 essentiam
3320 4642 3586 4712 producta

348 4736 433 4781 est
462 4742 584 4780 cum
609 4725 743 4779 nihil
768 4725 922 4794 prius
952 4724 1114 4779 foret.
1147 4722 1511 4794 Syttzltlttcltus
1541 4739 1638 4792 pro
1669 4722 1795 4785 diis,
1836 4722 2091 4787 reddidit,
2122 4723 2175 4775 in
2203 4726 2561 4792 potentatibua
2582 4736 2632 4781 et
2667 4726 3090 4795 magistratibus.
3168 4736 3177 4743 '

422 4833 725 4888 Extendisti
754 4849 968 4886 manum
998 4843 1167 4900 tuam,
1193 4843 1242 4887 et
1271 4834 1539 4887 devoravit
1564 4848 1652 4886 eos
1675 4841 1840 4895 terra,
1862 4841 1969 4887 etc.
1998 4829 2141 4903 [XV,
2166 4833 2282 4907 l1]
2310 4833 2440 4889 Nam
2469 4851 2711 4900 manum,
2735 4850 2859 4905 qua:
2880 4843 3040 4889 antea
3067 4834 3245 4890 fuerat
3273 4837 3338 4891 ad
3362 4838 3585 4907 punit-uo

350 4921 478 4977 dum
501 4931 729 4992 propter
750 4921 1118 4991 bonitatemet
1146 4924 1463 4992 patientiam
1486 4929 1790 4983 contracta,
1810 4933 1957 4974 nunc
1976 4921 2218 4973 extendit
2247 4923 2513 4975 adversus
2534 4929 2959 4990 contemptores,
2984 4932 3041 4979 ut
3067 4924 3374 4978 subdantur
3386 4927 3585 4993 pretiis.

353 5004 635 5078 Siquidem
667 5009 794 5072 sibi,
830 5008 989 5077 quasi
1019 5009 1362 5069 thesaurum,
1402 5008 1740 5078 colit-gerunt
1772 5010 1911 5060 iram
1946 5006 2001 5058 in
2022 5004 2112 5060 die
2138 5007 2250 5060 irae.
2287 5005 2555 5060 Caeterum
2589 5018 2757 5071 terra,
2802 5017 3092 5078 postquam
3118 5009 3423 5080 dcsptiliata
3457 5014 3589 5069 sub-

352 5096 505 5157 sidit,
546 5095 697 5165 ipsos
726 5110 827 5148 suo
864 5094 1014 5148 hiatu
1048 5096 1284 5155 obtexit,
1318 5093 1669 5161 significante
1691 5094 1871 5149 obiter
1903 5092 1995 5146 hic
2035 5092 2322 5162 Scriptura
2348 5093 2493 5163 quod
2534 5094 2591 5147 in
2639 5093 2904 5150 relatione
2956 5112 3137 5149 rerum
3170 5108 3448 5167 gestarum
3487 5102 3586 5156 ob-

354 5185 599 5237 miserat.
639 5183 747 5233 Aut
791 5180 1047 5236 fortassis
1075 5190 1221 5235 terra
1266 5181 1369 5234 huc
1404 5181 1526 5232 loco
1552 5188 1913 5241 memoratur.
1944 5179 2092 5248 quod
2138 5181 2190 5233 in
2218 5179 2511 5250 principio,
2547 5195 2670 5234 cum
2699 5194 2945 5236 creasset
2977 5182 3118 5237 Deus
3152 5187 3354 5240 malum
3386 5195 3443 5241 et
3472 5197 3584 5242 ter-

355 5282 489 5331 ram,
528 5277 688 5322 terra:
711 5268 1096 5320 conuumerari
1130 5267 1303 5320 voluit
1343 5274 1399 5319 et
1440 5280 1673 5334 aqueum
1703 5266 2057 5323 elementum.
2089 5268 2197 5321 Ant
2241 5269 2418 5339 ipsum
2454 5271 2627 5325 maris
2665 5268 2894 5325 fundum
2943 5272 3044 5326 hoc
3084 5274 3206 5329 loco
3246 5288 3556 5329 commento

355 5357 514 5409 favit.
538 5355 678 5421 Quia
735 5354 801 5406 ad
837 5355 945 5407 ima
978 5354 1186 5407 detrusi
1224 5362 1371 5407 sunt.
1415 5348 1692 5407 Praeterea
1740 5353 1880 5408 solet
1927 5365 2075 5409 terra
2111 5370 2233 5410 esse
2284 5355 2691 5424 receptaculum
2737 5359 3009 5424 omnium,
3043 5372 3314 5432 quotquot
3362 5362 3417 5417 in
3448 5363 3585 5418 mari

351 5441 832 5497 interierunt.Aut
865 5442 1110 5511 voragini
1140 5449 1446 5509 co'nparat,
1479 5438 1627 5510 quod
1688 5454 1799 5493 uno
1855 5439 2057 5509 impetu
2089 5455 2117 5492 a
2158 5452 2302 5495 terra
2363 5442 2541 5498 hausti
2601 5454 2749 5498 sunt.
2782 5443 2912 5498 Nam
2969 5445 3050 5500 sic
3084 5487 3099 5505 .
3135 5450 3293 5515 (ιυθεὶ
3330 5448 3534 5505 diceret
3571 5466 3586 5504 ε

418 5634 659 5709 "'Deut.
692 5634 885 5709 ;_s_._l.-
1004 5630 1221 5709 "F'sal.
1257 5649 1406 5709 xlvi,
1446 5634 1558 5709 i_—3.
1635 5634 1682 5667 ”
1726 5633 1880 5709 Deut.
1926 5652 2001 5690 xv:

1998 5646 2057 5703 tt,
2095 5634 2181 5691 15.
2293 5638 2338 5672 ⁸⁸
2375 5634 2523 5694 Psal.
2557 5652 2725 5703 xxvii,
2768 5640 2820 5697 7.
2896 5637 2944 5677 ⁸⁸
2977 5642 3146 5703 Exod.
3184 5661 3235 5709 ν,
3271 5642 3357 5699 2.‘
3403 5642 3449 5674 "
3477 5639 3581 5701 ιω.

352 5720 445 5774 ιι,
511 5706 601 5762 3i.
694 5704 738 5735 ""
764 5701 996 5759 Zachar.
1033 5719 1087 5769 v,
1116 5703 1166 5757 7.
1281 5702 1345 5733 "'
1372 5704 1514 5758 Psal.
1575 5719 1778 5771 tum,
1808 5704 1861 5756 8.

668 5796 938 5860 Panos.
985 5797 1103 5858 Gtt.
1137 5796 1506 5859 LXXXV“.
2398 5844 2413 5854 ,
2610 5828 2613 5837 ι
3120 5816 3199 5878 19
