4010 6212
400 270 503 340 587
1713 263 2066 326 raecepu
2106 263 2351 323 GAZ/EI
2510 221 2524 232 ’
3558 266 3661 329 533

399 377 710 444 Perierunt,
741 390 805 434 ac
828 376 876 433 si
916 385 1065 432 terra
1094 375 1389 433 dehiscens
1446 375 1599 447 ipsos
1630 375 1983 445 deglutisset.
2020 373 2219 430 Posset
2274 374 2401 443 quis
2443 374 2606 428 etiam
2668 373 2812 426 hunc
2853 371 3135 443 assignare
3165 386 3413 439 sensum,
3443 377 3663 433 Scilicet

400 464 679 521 diabolum
711 465 815 519 hoc
850 465 971 520 loco
991 463 1254 536 appellari
1279 471 1511 519 terram.
1547 462 1683 529 Quia
1722 462 1797 516 illi
1830 463 1894 516 ad
1923 464 2257 533 supplicium
2290 462 2457 516 dediti
2486 454 2651 517 sunt.‘

469 552 593 606 Dus
618 551 772 621 fuisti
789 551 842 606 in
853 551 1071 621 iustitia
1092 558 1205 615 tua,
1225 549 1613 624 etc.[XV,15.]
1639 548 1773 605 Vere
1798 550 1942 603 enim
1961 549 2193 619 iustitiae
2209 564 2373 620 opera
2398 558 2548 615 sunt,
2575 553 2742 605 tutari
2765 562 2817 607 et
2844 566 3065 618 servare
3099 551 3437 620 peregrinus.
3457 554 3662 617 quibus

399 640 616 696 insidia
638 640 955 695 subornata:
976 647 1158 703 erant,
1194 638 1398 693 liberos
1428 638 1571 694 tueri
1601 652 1671 693 ne
1700 637 1755 691 in
1783 639 2115 693 servitutem
2152 637 2533 701 retrahantur,
2557 637 2613 691 in
2653 638 2798 692 viam
2832 639 3101 693 reducere
3139 647 3414 699 errantes.
3451 648 3503 693 cl
3537 642 3660 711 pios

400 744 469 785 ex
495 727 902 783 tentationibus
933 727 1172 799 eripere.
1223 726 1423 797 Aquila
1471 726 1528 782 in
1574 741 1673 782 sua
1696 725 1955 781 versione
1983 725 2106 780 loco
2138 724 2374 795 justitiae
2402 724 2620 779 habet:
2670 726 2736 778 In
2773 726 3145 779 misericordia
3176 734 3289 780 tua.
3330 723 3393 779 Et
3440 728 3497 780 in
3557 728 3661 784 hoc

398 816 692 871 consentit
723 831 846 871 cum
869 814 1058 870 divino
1077 814 1344 886 Apostolo
1372 813 1652 869 scribente
1690 827 1705 865 :
1742 830 1761 863 ι
1797 810 1918 868 Non
1951 811 2256 868 secundum
2279 810 2563 881 justitiam
2598 826 2765 881 quam
2794 812 3024 867 fecimus
3059 826 3182 875 nos,
3224 812 3318 867 sed
3354 815 3657 869 secundum

398 905 627 959 multam
660 919 818 961 suam
857 902 1297 959 misericordiam
1319 907 1387 958 ³⁸.
1416 918 1438 953 ι

473 992 800 1046 Adhortatus
851 1007 905 1046 es
960 1007 1048 1045 eos
1086 988 1407 1060 fortitudine
1446 998 1537 1043 tua
1574 988 1646 1042 ad
1674 987 2042 1042 habitaculum
2070 993 2312 1042 sanctum
2346 994 2518 1051 tuum,
2561 994 2669 1041 etc.
2706 985 2910 1057 Nempe
2945 985 3182 1040 sollicite
3211 1001 3308 1041 eos
3337 986 3655 1049 defendisti.

310 1134 313 1143 ,
397 1076 603 1149 ubique
628 1089 681 1134 et
704 1081 758 1133 in
785 1078 1048 1134 omnibus
1082 1092 1179 1133 eos
1213 1076 1442 1142 tuende,
1478 1086 1533 1131 et
1562 1075 1756 1131 hostes
1778 1076 2024 1144 ipsorum
2054 1072 2455 1146 prepulsando,
2478 1081 2531 1127 et
2554 1073 2791 1142 plurima
2827 1074 2967 1126 bona
2993 1074 3303 1141 largiendo,
3330 1074 3507 1129 donec
3538 1090 3660 1145 per-

397 1178 670 1223 venerunt
691 1167 746 1220 in
790 1174 992 1219 terram
1023 1162 1437 1235 promissionis.
1471 1161 1846 1232 Interpretare
1872 1172 2058 1219 autem
2101 1159 2477 1215 habitaculmn
2509 1159 2629 1229 pios
2661 1175 2948 1215 sermones
2989 1158 3328 1229 virtutisque
3373 1164 3656 1232 operatio-

398 1260 548 1318 nem,
577 1253 641 1307 ad
673 1267 794 1321 qua:
817 1251 928 1307 duo
959 1251 1103 1307 Deus
1132 1251 1286 1305 illum
1312 1250 1576 1321 populum
1604 1248 1847 1305 vocavit.

467 1364 795 1421 Audit-erunt
833 1374 1010 1433 gentes
1038 1372 1089 1416 et
1125 1362 1420 1433 indignata:
1454 1370 1600 1426 sunt,
1627 1369 1735 1417 etc.
1762 1359 1904 1433 [κγ.
1933 1357 2048 1431 14.]
2079 1358 2306 1428 Aquilas
2341 1358 2510 1429 legit:
2538 1356 2884 1412 Conturbatae
2907 1365 3050 1411 sunt.
3075 1357 3343 1412 (ueterum
3366 1358 3530 1412 verba
3567 1357 3658 1413 ilia

397 1465 552 1507 more
582 1449 905 1520 prophetico
944 1447 1304 1523 proferuntur
1333 1466 1347 1503 :
1376 1456 1431 1503 et
1464 1455 1687 1520 propter
1719 1438 2016 1519 prophetia:
2044 1446 2459 1510 certitudiuem,
2485 1460 2608 1515 quae
2647 1445 2896 1500 nendum
2932 1446 3271 1509 acciderant,
3305 1444 3483 1499 futura
3516 1462 3656 1515 pra:-

398 1538 554 1593 dicit.
587 1533 792 1591 Verum
829 1532 982 1589 Raab
1019 1536 1279 1590 meretrix
1312 1534 1444 1589 huic
1476 1535 1780 1605 prophetia:
1817 1534 2197 1590 testimonium
2231 1534 2535 1604 perhibuit,
2572 1549 2700 1588 cum
2742 1534 3195 1604 speculatoribus
3239 1534 3424 1587 omnia
3465 1535 3658 1603 expla-

398 1635 577 1689 naret,
614 1632 673 1678 ut
705 1638 770 1677 ex
804 1621 925 1690 ejus
961 1622 1207 1677 historia:
1234 1621 1556 1677 narratione
1598 1629 1764 1691 patet.
1799 1620 1988 1676 Eidem
2032 1622 2337 1691 prophetiae
2369 1621 2752 1675 testimonium
2799 1621 2981 1675 ferunt
3016 1620 3364 1689 alienigenae,
3398 1621 3490 1690 qui
3525 1636 3658 1675 cen-

398 1713 597 1784 spicati
626 1718 782 1766 erant
815 1724 1025 1763 arcam.
1072 1708 1207 1764 Nam
1238 1710 1304 1764 de
1335 1709 1648 1765 Philistinis
1693 1709 2005 1764 litterarum
2059 1710 2433 1763 monumentis
2467 1709 2742 1777 proditum
2780 1720 2865 1764 est
2893 1727 2905 1762 :
2954 1727 2971 1759 ι
3003 1709 3237 1764 Dolores
3272 1708 3655 1777 apprehende-

399 1809 528 1856 runt
572 1796 943 1854 inhabitantes
980 1795 1351 1851 Palaestinam.
1384 1817 1403 1850 ι
1439 1795 1606 1853 Certe
1662 1797 1809 1851 enim
1861 1795 2132 1864 sciebant,
2185 1795 2352 1862 idem,
2395 1794 2541 1867 quod
2589 1804 2645 1849 et
2693 1795 3013 1868 Egypties.
3060 1811 3119 1850 se
3163 1810 3387 1866 quoque
3435 1810 3658 1853 manere

399 1890 653 1945 exilium.

474 2001 623 2055 Tunc
650 1998 1031 2069 festinaverunt
1055 1996 1316 2064 principes
1349 1994 1543 2058 Edent,
1565 2004 1673 2050 etc.
1701 1993 1842 2068 lxv,
1876 1994 1989 2066 15.]
2022 1993 2589 2051 Esauneminabatur
2612 1995 2736 2051 Seir
2763 2004 2817 2051 et
2839 1994 3032 2050 Edoni.
3062 1995 3204 2050 Hinc
3233 1994 3453 2067 generis
3485 1995 3657 2066 erigi-

401 2105 522 2144 nem
563 2088 787 2141 trahunt
816 2083 1058 2138 Idumaei.
1092 2081 1344 2137 Moabitae
1376 2082 1430 2136 id
1461 2096 1659 2136 nomen
1683 2082 1861 2152 adepti
1885 2090 2015 2137 sunt
2043 2098 2072 2135 a
2093 2082 2285 2139 Mealto
2317 2084 2429 2139 ﬁlio
2454 2084 2598 2141 Leti.
2636 2083 2956 2155 Obrigeant,
2984 2083 3037 2136 id
3068 2093 3178 2149 est,
3210 2091 3358 2139 metu
3401 2091 3655 2153 torpeant

397 2188 451 2230 et
484 2174 794 2229 immobiles
826 2171 1155 2239 persistant.
1179 2169 1300 2225 Non
1333 2179 1516 2223 tamen
1549 2178 1607 2222 ut
1639 2170 1770 2240 qttid
1807 2170 1938 2225 mali
1969 2172 2273 2239 patiantur,
2308 2188 2433 2225 cum
2463 2173 2642 2227 simus
2678 2170 2923 2235 fratres;
2954 2170 3047 2225 sed
3081 2186 3148 2225 ne
3174 2170 3304 2239 quid
3337 2169 3652 2227 detrimenti

408 2266 537 2318 hinc
564 2262 725 2316 nobis
763 2260 1112 2327 importetur.
2485 2281 2489 2284 μ
3279 2272 3292 2288 .

473 2376 670 2430 Planta
691 2389 801 2441 eos,
822 2380 930 2427 etc.
951 2358 1091 2443 μίν,
1124 2369 1236 2442 17.]
1263 2370 1336 2425 Da
1372 2378 1429 2425 ut
1450 2370 1678 2427 ﬁrmiter
1709 2360 1943 2442 populus
1980 2377 2104 2424 tuus
2142 2371 2349 2424 incolat
2382 2382 2587 2425 terram
2626 2371 2881 2439 patribus
2909 2371 3383 2439 promissam,nec
3412 2383 3651 2436 unquam

409 2464 527 2517 suis
558 2462 834 2532 pellantur
859 2458 1110 2523 sedibus,
1137 2458 1483 2527 providentia
1504 2466 1597 2511 tua
1624 2458 1777 2529 ipsos
1808 2460 2135 2530 sespitante.
2166 2461 2447 2525 Siquidem
2481 2463 2535 2515 in
2570 2465 2669 2513 hac
2703 2462 3046 2516 constituisti
3066 2470 3369 2515 exstruere
3401 2468 3652 2513 sanctum

407 2562 564 2606 tuum
607 2546 891 2617 templum,
933 2544 1076 2615 quod
1110 2545 1445 2612 precationis
1479 2545 1705 2600 domum
1739 2549 2021 2617 appellare
2058 2549 2426 2604 consuevisti.
2461 2549 2729 2604 Caeterum
2770 2550 2884 2603 hinc
2920 2549 3118 2604 merito
3151 2555 3208 2604 et
3256 2546 3524 2603 audacter
3563 2562 3652 2601 se-

413 2654 632 2702 uamus,
669 2644 955 2692 cernentes
993 2634 1155 2705 262
1188 2648 1216 2686 a
1257 2641 1309 2688 te
1354 2634 1474 2688 neci
1511 2633 1727 2689 deditos
1752 2634 2046 2707 Egyptios
2086 2646 2141 2691 et
2191 2636 2561 2692 Pharaonem.
2592 2636 2719 2692 Haec
2748 2637 2973 2708 quidem
3001 2638 3299 2691 secundum
3334 2635 3651 2706 allegoriam

400 2728 507 2783 dici
550 2731 790 2798 possunt
813 2723 867 2777 in
897 2722 1178 2777 diabolum
1202 2730 1257 2775 et
1298 2721 1601 2786 diemenes,
1638 2723 1731 2792 qui
1767 2724 2121 2778 vehementer
2148 2725 2468 2780 conturbati
2502 2735 2632 2780 sunt
2667 2725 3084 2796 conspicientes
3121 2724 3385 2779 invictam
3412 2733 3467 2777 et
3495 2724 3653 2777 inex-

402 2814 753 2887 pngnabilem
783 2812 877 2867 Dei
911 2825 1136 2865 manum
1175 2817 1461 2864 exlensam
1485 2824 1612 2865 esse
1632 2820 1827 2865 contra
1858 2810 2053 2882 impios
2084 2812 2360 2866 homines.
2396 2811 2634 2867 Proinde
2663 2811 3048 2882 hujuscemodi
3082 2826 3247 2866 voces
3285 2810 3649 2865 emittebant:

406 2922 426 2955 ι
457 2901 676 2966 Desine,
708 2898 842 2970 quid
875 2898 1038 2952 nobis
1067 2904 1120 2949 et
1144 2896 1266 2963 tibi,
1290 2894 1401 2951 Fili
1436 2894 1563 2951 Dei?
1595 2896 1805 2952 Venisti
1834 2907 1965 2952 ante
1997 2906 2216 2968 tempus
2242 2899 2552 2953 cruciatum
2593 2914 2698 2954 nes
2720 2899 2813 2954 ⁸⁸⁸.
2850 2918 2869 2951 ι
2911 2897 3181 2953 Praaterea
3213 2897 3418 2952 invidia
3460 2906 3652 2951 conta-

400 2993 642 3046 buerunt
670 2986 919 3042 videntes
950 2998 1061 3038 uno
1101 2982 1409 3052 eodemque
1449 2983 1539 3037 die
1586 2983 1983 3052 parturientem
2020 2994 2074 3040 et
2120 2986 2424 3055 parientem
2476 2985 2607 3041 Sion
2648 2987 2979 3041 immensam
3013 2995 3258 3054 gentem,
3299 2994 3355 3039 et
3391 2983 3650 3054 pepulmn

400 3077 707 3139 conditum,
739 3074 832 3144 qui
864 3071 1123 3126 laudibus
1156 3069 1376 3125 eﬂ‘erret
1408 3069 1725 3133 Dominum,
1761 3071 1852 3126 ubi
1893 3074 2087 3128 mersit
2120 3075 2332 3144 peccati
2365 3058 2650 3132 surdes'in
2692 3074 2923 3145 mystica
2959 3089 3119 3142 aqua.
3155 3072 3240 3139 Hi,
3272 3075 3521 3143 inquam,
3554 3087 3652 3143 per

398 3164 736 3233 baptismum
772 3159 1106 3228 regenerati,
1150 3165 1209 3210 ut
1256 3171 1315 3211 se
1348 3166 1534 3227 gratos
1582 3156 1885 3223 declarent,
1917 3171 2126 3215 canunt
2171 3163 2461 3234 hymnum,
2489 3172 2790 3234 petuntque
2844 3162 2911 3216 ad
2964 3161 3224 3217 Ecclesia!
3258 3160 3654 3217 sublimitatem

403 3249 647 3320 provehi.
684 3247 756 3301 De
790 3248 890 3299 hac
921 3247 1004 3300 sic
1026 3245 1369 3311 vaticinatur
1398 3244 1575 3299 Isaias
1606 3261 1621 3300 :
1654 3263 1673 3297 ι
1706 3242 1763 3298 In
1792 3250 2057 3302 extremis
2091 3250 2287 3305 diebus
2313 3250 2605 3321 apparebit
2648 3266 2808 3305 mens
2835 3248 3141 3304 Domini”.
3182 3268 3200 3301 ι
3235 3247 3329 3302 Sic
3357 3248 3559 3317 ubique
3598 3248 3652 3301 in

404 3336 693 3406 Scriptura
735 3348 896 3389 sacra
935 3333 1260 3387 nominatur
1286 3330 1557 3399 Ecclesia,
1592 3330 1898 3388 Jerusalem
1932 3350 2054 3402 qua:
2078 3352 2297 3391 sursum
2330 3346 2439 3402 est,
2471 3328 2705 3407 ejusque
2748 3336 3107 3399 tabernacula
3136 3346 3410 3389 vocantur
3435 3334 3650 3389 excelsa

407 3433 461 3479 et
491 3430 709 3487 sancta,
764 3420 833 3476 de
866 3421 951 3475 his
981 3419 1284 3490 alloquitur
1315 3418 1619 3488 discipulos
1646 3419 1924 3485 Christus,
1965 3423 2198 3478 dicens:
2247 3443 2265 3475 ι
2304 3425 2479 3487 Abeo,
2519 3433 2573 3478 et
2604 3440 2738 3494 paro
2773 3424 2931 3479 vobis
2973 3423 3157 3477 locmn
3189 3422 3228 3475 ¹.
3269 3440 3288 3474 ι
3330 3421 3403 3477 De
3458 3422 3651 3476 iisdem

402 3509 781 3565 tabernaculis
811 3506 940 3562 alibi
976 3506 1146 3561 tradit
1177 3508 1233 3561 in
1278 3506 1429 3562 hunc
1481 3507 1707 3561 modum
1745 3526 1759 3563 :
1809 3527 1827 3560 ι
1867 3507 2285 3577 Sanctuarium,
2319 3512 2463 3581 quod
2499 3519 2837 3582 paraverunt
2874 3526 3074 3566 manus
3110 3512 3276 3565 tuae”.
3308 3528 3325 3561 ι
3358 3508 3491 3575 Quae
3523 3525 3655 3563 vero

402 3604 533 3654 sum
566 3597 673 3651 illa:
701 3594 943 3649 manus?
980 3593 1242 3649 Dominus
1269 3608 1511 3663 regnans
1537 3594 1591 3651 iu
1630 3604 1895 3650 aeternum
1934 3607 1989 3652 et
2020 3600 2297 3667 amplius:
2325 3614 2426 3671 per
2449 3614 2611 3670 quem
2644 3599 2833 3653 omnia
2877 3596 3129 3653 condidit
3172 3596 3354 3651 Pater.
3390 3594 3656 3651 Dissolvit

402 3685 655 3756 imperia,
704 3682 981 3739 destruxit
1036 3689 1364 3750 potestates,
1397 3689 1453 3736 et
1487 3682 1742 3737 contudit
1774 3683 1856 3737 vel
1906 3686 2169 3740 contrivit
2209 3688 2392 3756 capita
2429 3696 2748 3758 serpentum
2808 3701 2977 3757 super
3024 3684 3205 3755 aquis.
3244 3683 3302 3738 In
3348 3684 3652 3737 libertatem

399 3773 631 3829 attraxit
660 3771 922 3842 populum
959 3785 1146 3834 suum,
1181 3769 1276 3841 qtti
1309 3769 1658 3840 iniquissima
1697 3769 2047 3839 amigebatur
2086 3774 2399 3843 tyrannide.

480 3863 847 3930 Veneruntque
865 3863 920 3915 in
945 3860 1184 3925 Harath,
1214 3870 1264 3916 et
1298 3877 1401 3914 non
1433 3871 1717 3929 potuerunt
1744 3861 1915 3916 bibere
1945 3876 2162 3931 aquam,
2189 3870 2296 3915 etc.
2330 3859 2475 3931 (XV,
2499 3859 2617 3932 23.]
2643 3859 2785 3915 Deus
2812 3859 3046 3914 nihilvel
3070 3856 3315 3930 languidi
3336 3856 3420 3911 vel
3436 3854 3651 3911 remissi

401 3953 620 4022 patitur
648 3952 703 4004 in
737 3950 941 4020 populo
965 3947 1293 4009 Israelitico,
1316 3963 1385 4003 ne
1416 3949 1630 4003 scilicet
1656 3948 1917 4018 paulatim
1947 3948 1999 4003 in
2031 3949 2148 4003 otia
2180 3948 2379 4003 inertia
2411 3948 2757 4010 recedentes.
2779 3947 3007 4017 cupiant
3034 3945 3219 4001 redire
3249 3946 3303 3998 in
3329 3942 3652 4013 Egyptum.

399 4039 653 4094 Pericula
681 4037 829 4093 enim
859 4046 914 4092 et
935 4037 1153 4092 labores
1192 4037 1333 4090 hanc
1364 4036 1656 4090 utilitatem
1690 4046 1976 4107 praestant,
2003 4044 2065 4091 ut
2093 4037 2306 4091 arctius
2340 4050 2442 4090 nos
2466 4035 2810 4106 conjungant
2835 4048 2961 4089 cum
2997 4033 3129 4088 Dee.
3163 4032 3397 4088 Proinde
3427 4029 3651 4102 quidam

400 4127 619 4195 inquit:
656 4143 676 4177 ι
709 4123 764 4178 In
797 4124 1159 4179 tribulatione
1185 4124 1300 4193 (seu
1334 4124 1503 4177 rebus
1533 4123 1805 4193 adversis)
1847 4124 2174 4179 recordatus
2205 4137 2326 4176 sum
2364 4121 2444 4176 tui
2468 4122 2509 4176 '.
2547 4141 2565 4174 ι
2592 4122 2729 4176 Cum
2775 4121 2943 4193 igitur
2981 4121 3071 4176 siti
3098 4126 3473 4183 torrerentur,
3500 4118 3654 4171 labe-

400 4214 597 4268 rabant
649 4226 917 4282 aquarum
977 4211 1231 4281 penuria.
1284 4210 1553 4264 Caeterum
1609 4209 1896 4280 Scriptura
1954 4225 2111 4265 sacra
2150 4210 2243 4265 Dei
2293 4224 2603 4265 sermonem
2642 4210 2924 4279 componit
2949 4210 3133 4279 aquis.
3166 4207 3288 4262 Non
3336 4207 3482 4260 enim
3510 4208 3652 4273 aqua

400 4303 580 4356 solum
611 4299 883 4365 viviﬁcat,
910 4298 1008 4354 sed
1040 4300 1206 4354 etiam
1251 4312 1432 4352 sermo
1468 4295 1561 4350 Dei
1593 4298 1854 4365 elargitur
1884 4297 2073 4351 vitam.
2127 4296 2229 4351 Hic
2261 4298 2506 4351 animam
2534 4296 2755 4351 viviﬁca
2790 4297 2996 4351 virtute
3030 4297 3278 4350 roborat.
3319 4292 3417 4346 Illa
3455 4307 3653 4361 corpus

400 4389 492 4444 siti
522 4402 662 4457 pene
690 4394 948 4441 enectum
981 4383 1276 4454 refrigerat
1302 4391 1357 4436 et
1384 4382 1675 4436 refecillat.
1708 4382 1847 4438 lIinc
1876 4384 2155 4439 exclamat
2185 4383 2440 4439 Christus
2471 4402 2485 4437 :
2524 4401 2545 4434 ι
2575 4382 2633 4437 Si
2663 4383 2789 4454 quis
2820 4384 2907 4439 siti
2941 4381 3435 4452 premitur.veniat
3467 4376 3533 4431 ad
3569 4395 3656 4431 me

399 4483 455 4528 et
482 4475 635 4528 bibat
656 4473 700 4525 ⁸.
737 4490 755 4523 ι
800 4470 1107 4539 Cempellat
1146 4484 1366 4539 quoque
1403 4467 1805 4541 Samaritanam
1836 4470 1888 4524 in
1929 4471 2074 4525 hunc
2105 4470 2332 4526 modum
2366 4489 2379 4525 :
2418 4489 2437 4522 ι
2470 4468 2805 4540 Quicunque
2842 4470 3044 4524 biberit
3070 4483 3135 4521 ex
3172 4468 3267 4520 illa
3292 4481 3457 4535 aqua,
3489 4479 3653 4532 quam

400 4575 503 4631 ego
541 4560 685 4614 dabo
711 4559 784 4622 ei,
823 4571 1175 4625 nequaquam
1209 4555 1358 4610 sitiet
1388 4556 1441 4608 in
1465 4565 1733 4611 aeternum
1762 4557 1805 4608 ⁵.
1841 4575 1859 4608 ι
1898 4558 2196 4628 Postquam
2228 4561 2439 4630 egressi
2469 4569 2600 4614 sunt
2632 4558 2893 4629 Egypte,
2937 4573 3045 4610 non
3078 4556 3269 4610 statim
3300 4553 3509 4608 divinis
3552 4567 3659 4620 gu-

400 4643 779 4699 bernabanlur
804 4640 1036 4710 legibus.
1083 4637 1283 4693 Verum
1316 4652 1504 4692 eorum
1536 4639 1754 4694 animus
1785 4642 2079 4698 arescebat
2108 4656 2162 4700 et
2194 4648 2348 4717 gravi
2403 4647 2921 4719 torquebatur'siti.
2974 4644 3214 4698 Veniunt
3247 4643 3413 4713 igitur
3448 4643 3501 4695 in
3542 4639 3656 4693 Ma-

401 4731 546 4795 rath,
572 4729 664 4801 qui
700 4729 857 4783 locus
886 4736 1051 4797 typus
1079 4735 1165 4780 est
1207 4724 1343 4794 legis
1389 4724 1667 4791 litterulis,
1711 4742 1852 4795 quze,
1896 4737 2093 4799 utpote
2123 4748 2249 4787 cum
2299 4736 2515 4803 puniat,
2554 4734 2929 4788 amaritudine
2986 4731 3129 4785 haud
3172 4739 3345 4783 caret.
3382 4727 3522 4783 Hinc
3578 4728 3659 4779 ait

400 4819 623 4873 divinus
648 4816 899 4872 Paulus:
939 4832 957 4865 ι
989 4812 1046 4867 Si
1086 4813 1212 4883 quis
1242 4812 1537 4881 deliquerit
1576 4814 1630 4867 in
1666 4814 1839 4883 legem
1900 4815 2088 4881 Mosis,
2128 4820 2175 4874 is
2218 4819 2338 4874 sine
2380 4822 2872 4875 commiseratione
2922 4819 3027 4875 sub
3074 4818 3296 4872 duobus
3352 4828 3449 4869 aut
3482 4814 3658 4869 tribus

400 4906 642 4961 testibus
670 4902 1007 4958 interﬁcitur
1029 4901 1071 4954 ⁸.
1106 4919 1125 4952 ι
1162 4901 1226 4954 Et
1258 4899 1459 4953 iterum
1494 4917 1507 4952 :
1550 4920 1567 4950 ι
1608 4899 1662 4954 Si
1696 4902 1843 4955 enim
1876 4903 2187 4961 ministerio
2219 4906 2704 4961 cendemnationis
2726 4907 2901 4977 gloria
2939 4916 3049 4969 est,
3079 4906 3254 4959 inulte
3285 4903 3458 4974 magis
3482 4904 3656 4955 abun-

402 4996 499 5049 dat
534 4991 903 5047 ministerium
935 4989 1168 5061 justitia:
1192 4988 1243 5040 in
1272 4987 1444 5058 gloria
1468 4989 1513 5040 '.
1552 5007 1569 5039 ι
1611 4987 1676 5042 Ει
1710 4990 1907 5044 iterum
1939 5007 1951 5043 :
1988 5010 2005 5043 ι
2035 4990 2239 5047 Littera
2267 4994 2474 5049 occidit
2507 4993 2743 5066 (scilicet
2787 4996 2915 5063 lex),
2948 5006 3002 5046 at
3035 4993 3271 5064 spiritus
3304 4988 3606 5052 viviﬁcat',
3635 5006 3652 5039 ι

402 5083 613 5136 cultum
645 5077 989 5149 signiﬁcans.
1025 5075 1117 5145 qui
1157 5074 1357 5145 spiritu
1393 5076 1691 5145 peragitur.
1729 5076 1908 5131 Etiam
1949 5092 2178 5147 magnus
2208 5078 2408 5135 Petrus
2436 5080 2687 5135 insonat:
2718 5098 2736 5129 ι
2772 5079 2837 5132 Et
2862 5095 3007 5134 num:
3043 5077 3180 5148 quid
3206 5076 3432 5129 tentatis
3465 5073 3659 5137 Deum,

403 5176 463 5221 ut
496 5168 794 5237 imponatis
820 5163 1010 5235 jugqu
1042 5161 1352 5216 cervicibus
1383 5162 1809 5233 discipulorum,
1838 5164 1986 5235 quod
2017 5182 2195 5237 neque
2220 5184 2319 5221 nos
2353 5183 2532 5237 neque
2559 5177 2747 5237 patres
2781 5169 2955 5221 nostri
2985 5168 3281 5219 valuerunt
3315 5160 3613 5233 portare'?
3639 5181 3655 5211 ι
3754 5185 3767 5198 -

401 5254 674 5309 Praeterea
703 5255 789 5307 lex
829 5264 1019 5305 amara
1052 5255 1193 5309 erat,
1224 5248 1369 5318 quod
1409 5265 1569 5302 nemo
1594 5266 1688 5318 per
1720 5252 1891 5320 legem
1912 5252 2280 5321 justiﬁcatnr.
2306 5255 2409 5321 Qui
2446 5271 2580 5308 vero
2608 5255 2816 5309 Christi
2850 5254 3087 5322 suscipit
3117 5253 3472 5322 mysterium.
3510 5250 3660 5319 quod

402 5359 499 5415 per
527 5342 731 5413 lignum
760 5340 812 5393 in
845 5353 1042 5407 aquam
1083 5334 1391 5402 conjectum
1431 5336 1793 5405 signiﬁcatur,
1830 5339 2169 5408 quiquidem
2202 5340 2457 5397 Christus
2494 5344 2705 5412 primus
2737 5341 3042 5395 resurrexit
3076 5355 3107 5393 c
3148 5338 3387 5393 mortuis
3423 5355 3436 5390 :
3475 5336 3550 5401 Is,
3581 5337 3664 5388 in-

402 5446 590 5501 quam,
629 5426 905 5484 viviﬁeum
939 5431 994 5479 et
1045 5422 1344 5494 potabilem
1378 5427 1660 5493 experitur
1679 5424 1991 5491 Christum,
2022 5442 2185 5482 verso
2216 5430 2506 5497 praesentis
2540 5427 2785 5484 historiae
2832 5443 3002 5483 sensu
3037 5426 3094 5480 in
3139 5423 3489 5497 allegoriam.
3523 5421 3664 5475 Nam

469 5605 515 5638 “
552 5603 661 5657 Tit.
698 5617 781 5665 ιιι,
814 5602 881 5673 ,5.
950 5600 1017 5673 ἰζ
1056 5597 1268 5673 _Matth.
1327 5614 1449 5673 vt_n_.
1498 5598 1594 5673 29.
1631 5598 1844 5673 __”_Isa.
1889 5614 1959 5673 Il,_
1981 5601 2042 5673 ξ.
2134 5602 2450 5667 'Joan.xrv,
2488 5605 2573 5673 2.¹
2631 5606 2650 5637 ²
2676 5572 2851 5659 Exod.
2885 5622 2972 5669 sv,
3006 5605 3091 5661 17.
3170 5609 3189 5642 ³
3221 5608 3368 5665 I’sal.
3403 5609 3661 5673 turni.

396 5676 421 5711 δ
448 5674 609 5732 Joan.
642 5689 751 5738 vn,
811 5671 900 5728 37.
996 5670 1018 5702 ⁸
1044 5666 1204 5725 Jaan.
1241 5684 1327 5735 tv,
1375 5669 1461 5724 13.
1577 5671 1601 5703 ⁶
1631 5668 1799 5726 Hebr.
1850 5687 1904 5736 π,
1936 5671 2028 5726 28.
2146 5675 2165 5705 ⁷
2189 5674 2231 5728 ll
2256 5673 2381 5731 Cor.
2418 5690 2499 5743 tu,
2524 5668 2578 5731 92
2656 5676 2678 5709 ⁸
2708 5676 2843 5735 ibid.
2877 5676 2931 5732 6.
2962 5666 2969 5669 ⁷
3007 5678 3028 5710 ⁹
3073 5677 3194 5734 Act.
3244 5696 3338 5750 xv‘
3365 5679 3451 5736 it).
