4010 6212
364 298 492 374 589'
1199 303 1208 312 '
1469 290 2009 367 COMMENTARII
2048 288 2128 363 ΙΝ
2159 288 2498 363 Exo‘nuM.
3499 293 3616 360 596

357 422 409 471 et
432 411 689 469 Christus
715 408 974 481 proponit
1007 407 1163 464 nobis
1189 406 1612 477 iustificationes
1660 417 1716 463 et
1743 408 1972 477 judicia,
2007 422 2106 476 per
2132 422 2254 476 qua)
2300 408 2453 460 omni
2489 404 2760 476 supplicio
2793 403 3110 459 liberamur.
3148 395 3430 474 Siquidem
3476 406 3609 460 sub-

356 500 544 572 iungit
573 518 587 553 :
630 516 649 549 t
698 496 930 551 Omnem
960 496 1195 567 plagam,
1220 509 1384 564 quam
1410 494 1590 549 invexi
1618 495 1672 548 in
1700 494 2009 565 Egyptios,
2047 507 2153 546 non
2185 492 2442 546 inducam
2474 492 2529 546 in
2561 501 2633 548 te.
2678 509 2696 541 ι
2735 489 2872 543 Huic
2897 490 3144 543 concinit
3173 500 3229 543 et
3263 489 3394 543 illud
3437 489 3608 544 Chri-

362 591 427 645 sti
454 607 469 642 :
501 604 523 639 t
553 587 747 650 Amen,
774 599 932 638 amen
957 585 1085 637 dico
1107 585 1283 646 vobis,
1308 582 1624 651 quicunque
1658 596 1969 636 sermonem
2005 595 2184 635 meum
2218 579 2476 640 audierit,
2515 585 2570 633 et
2603 576 2902 631 crediderit
2929 576 2977 630 ei
3010 577 3107 646 qui
3136 589 3223 631 me
3248 576 3421 639 misit,
3449 576 3613 630 habet

360 678 530 730 vitam
559 681 846 737 aeternam,
869 678 924 725 et
949 671 1005 724 in
1029 668 1300 740 judicium
1337 682 1449 722 non
1477 669 1645 727 venit.
1680 669 1775 722 sed
1803 666 2023 721 transiit
2055 681 2119 720 ex
2162 673 2339 720 morte
2374 665 2428 718 in
2449 664 2616 717 vitam
2645 662 2711 717 ι’.
2745 680 2764 712 ι
2798 661 2863 714 Ει
2892 662 3087 716 iterum
3114 680 3129 717 :
3160 681 3179 714 ι
3214 661 3318 729 Qui
3360 662 3536 717 credit
3557 664 3615 716 in

361 758 589 823 Filium,
624 772 733 812 non
778 757 1059 827 iudicatur
1085 758 1151 811 ¹¹.
1182 771 1202 807 ›
1231 754 1436 809 Deinde
1465 766 1521 809 et
1550 754 1605 808 in
1625 751 1791 819 Elim,
1817 753 1965 822 quod
1992 761 2079 807 est
2112 754 2386 813 ascensio,
2421 751 2824 821 perveniemus.
2875 750 3007 803 Nam
3043 760 3108 805 ex
3147 750 3341 820 puerili
3375 760 3535 805 aetate
3564 758 3619 803 et

362 847 493 901 rudi
534 844 922 915 pregredimur
974 842 1041 897 ad
1096 841 1493 911 perfectionem
1542 849 1597 895 et
1629 839 1696 894 ad
1752 854 2067 896 mensuram
2112 841 2291 895 aetatis
2335 838 2675 908 implementi
2703 836 2935 901 Christi,
2985 844 3041 891 et
3077 850 3276 905 magna
3331 837 3618 906 Voluptate

368 933 696 987 hauriemus
724 929 885 1000 263
929 943 1105 999 aquas
1135 927 1476 997 spirituales,
1508 926 1716 996 quibus
1740 926 2061 980 intellectus
2113 926 2410 994 plurimum
2456 924 2780 979 delectatur.
2815 922 2872 977 Si
2896 934 3184 977 numerum
3220 924 3398 985 ineas,
3442 925 3618 977 sentis

366 1019 719 1088 septuaginta
752 1018 964 1085 palmas
997 1030 1227 1069 numero
1257 1014 1591 1084 respondere
1620 1015 1797 1068 choro
1819 1012 2225 1083 apostolorum.
2253 1010 2357 1065 Tot
2382 1011 2551 1076 enim,
2594 1012 2782 1067 missis
2811 1011 3125 1068 duodecim.
3150 1011 3289 1066 alios
3314 1010 3608 1080 ablegavit.

376 1106 452 1160 De
480 1108 572 1159 bis
604 1105 870 1173 scriptum
901 1110 987 1157 est
1015 1120 1030 1156 :
1065 1119 1084 1153 t
1113 1100 1341 1155 Haurite
1370 1115 1567 1173 aquam
1602 1115 1725 1154 cum
1775 1100 1963 1154 laetitia
1993 1110 2059 1154 ex
2097 1099 2340 1154 fontibus
2369 1099 2568 1154 salutis
2596 1101 2660 1155 “.
2692 1119 2712 1151 ι
2752 1098 2817 1153 Ει
2848 1099 2975 1153 alibi
3009 1118 3024 1154 :
3062 1118 3082 1151 ‹
3107 1099 3166 1153 1η
3205 1099 3462 1154 Ecclesiis
3500 1099 3622 1154 lau-

363 1198 493 1251 date
539 1196 709 1248 Deum
755 1209 819 1246 ex
861 1193 1102 1247 fontibus
1155 1191 1321 1247 Israel
1352 1193 1417 1245 “.
1453 1210 1471 1243 ι
1508 1192 1583 1247 De
1618 1193 1771 1262 justo
1810 1210 2032 1263 quoque
2072 1194 2274 1264 legitur
2322 1212 2335 1247 :
2373 1208 2393 1244 ι
2427 1190 2621 1249 Justus
2692 1202 2753 1248 ut
2798 1195 2975 1264 palma
3028 1196 3261 1249 virescet
3302 1195 3367 1249 η.
3403 1213 3424 1247 ι
3474 1193 3619 1250 Idem

366 1282 624 1335 Christus
652 1280 843 1334 decuit
867 1278 1120 1333 Ecclesia
1166 1293 1367 1349 sponsa
1399 1287 1635 1334 canente
1671 1296 1684 1333 :
1718 1296 1737 1329 ι
1771 1280 2077 1335 Asceudam
2112 1280 2166 1335 in
2195 1282 2453 1351 palmam,
2477 1291 2530 1335 et
2552 1281 3202 1351 apprehendam'altitudi
3222 1297 3318 1337 nes
3345 1283 3465 1349 ejus
3496 1282 3562 1335 ".
3587 1301 3605 1333 ι

368 1370 602 1436 Semper
633 1368 781 1421 enim
826 1367 966 1420 viret
1011 1366 1218 1436 palma,
1260 1381 1360 1420 nec
1384 1380 1622 1436 unquam
1682 1366 1881 1421 fronde
1928 1367 2137 1421 caduca
2187 1368 2460 1435 carpitur.
2511 1366 2777 1423 Pralerea
2809 1368 2986 1424 dulcis
3039 1379 3122 1423 est
3175 1369 3621 1439 firmissimisqm:

370 1456 541 1510 haeret
576 1454 884 1518 radicibus,
902 1461 956 1507 et
997 1453 1161 1507 habet
1192 1467 1289 1507 cor
1318 1452 1636 1507 candidum.
1672 1453 1946 1508 Caeterum
1976 1453 2097 1507 haec
2127 1454 2334 1517 omnia,
2363 1454 2412 1506 si
2450 1454 2582 1522 quis
2614 1468 2724 1508 non
2758 1464 3085 1523 aspernetur
3107 1457 3461 1524 allegoricum
3492 1474 3620 1511 sen-

371 1558 520 1604 sum,
560 1549 875 1611 congruunt
902 1539 1148 1594 Christo.
1183 1539 1263 1593 Ad
1301 1540 1415 1593 haec
1451 1539 1531 1593 illi
1558 1539 1651 1609 qui
1692 1540 1868 1595 evasit
1901 1537 2514 1611 Egyptum,'illiusque
2542 1540 2837 1610 dereliquit
2879 1542 3167 1598 illecebras
3194 1551 3248 1596 et
3282 1543 3617 1613 voluptates,

367 1630 572 1698 quibus
624 1627 972 1696 mancipatus
1031 1626 1131 1681 fuit
1165 1635 1457 1695 antequam
1491 1626 1779 1694 trajicerct
1825 1641 2001 1692 mare,
2038 1626 2280 1680 difficilis
2316 1636 2371 1680 et
2430 1626 2666 1682 molesta
2704 1641 2805 1681 nec
2840 1643 2946 1682 nou
2990 1630 3220 1684 acclivis
3265 1631 3621 1686 continentia:

371 1716 595 1770 videtur
628 1717 716 1767 via
750 1720 999 1781 reapectu
1039 1713 1240 1782 prioris
1270 1714 1416 1766 vitae.
1450 1711 1653 1767 Verum
1709 1711 1754 1766 si
1809 1713 2147 1783 recipiamus
2198 1716 2505 1770 orationem
2562 1717 3022 1783 resurrectionis,
3063 1732 3184 1786 qua!
3235 1726 3355 1787 post
3402 1733 3620 1773 crucem

371 1803 596 1863 accidit.
639 1802 979 1856 continentia
1029 1801 1188 1854 nobis
1244 1799 1425 1854 dulcis
1472 1801 1651 1853 instar
1684 1811 1952 1868 aquarum
2007 1802 2336 1871 potabilium
2383 1802 2711 1873 apparebit,
2758 1813 2811 1857 et
2872 1803 3268 1859 delectabimur
3323 1806 3621 1875 plurimum

375 1890 641 1944 adeuntes
672 1892 739 1942 ad
788 1888 1120 1957 apostolicos
1150 1886 1330 1941 fontes
1377 1887 1714 1956 palmasque.
1761 1884 2147 1945 Verumtamen
2188 1889 2305 1945 haec
2349 1890 2536 1944 omnia
2572 1889 2882 1960 prophetiae
2916 1891 3153 1961 speciem
3186 1892 3455 1960 obtinent,
3493 1893 3621 1948 dum

369 1979 638 2048 operibus
673 1976 1146 2042 demonstrantur,
1176 1988 1297 2044 quae
1326 1976 1456 2028 olim
1487 1983 1617 2031 sunt
1649 1974 1853 2029 futura.
3408 1973 3414 1979 ’

443 2115 519 2168 Τό
550 2131 565 2148 ’
586 2134 604 2165 t
638 2114 787 2167 Ἐκεῖ
807 2112 958 2166 ἔθετο
985 2111 1329 2180 δικαιώματα
1354 2110 1448 2165 καὶ
1474 2110 1703 2181 κρίσεις,
1736 2129 1755 2162 ο
1777 2110 1840 2164 οὐ
1858 2110 1949 2162 τὸν
1982 2110 2024 2166 Α

2124 2108 2277 2174 Quod
2308 2118 2488 2165 autem
2521 2109 2728 2164 dicitur
2755 2129 2769 2165 :
2807 2128 2827 2161 ι
2867 2108 2982 2166 Illic
3009 2112 3622 2183 ponebatjustificatio-

373 2208 537 2275 νόμον
562 2205 746 2276 φησιν’
765 2197 919 2268 οὗτος
934 2205 1043 2273 γὰρ
1059 2203 1183 2257 ὖστε
1193 2220 1284 2273 ρον
1310 2205 1367 2256 ὲν
1389 2203 1590 2273 Χωρὴὸ
1618 2201 1774 2270 ιδὸθη
1795 2221 1812 2235 ·
1833 2201 1948 2255 ἀλλ’

2056 2214 2155 2254 nes
2202 2210 2257 2255 et
2288 2201 2507 2269 iudicia,
2554 2219 2572 2251 ι
2608 2202 2717 2256 noli
2778 2212 2832 2255 tu
2904 2204 3209 2274 intelligere
3256 2206 3451 2273 legem.
3512 2206 3620 2262 Lex

374 2297 518 2367 amp
547 2296 784 2366 ἐδήλωσε
806 2296 895 2349 διὰ
927 2294 1021 2348 τοῦ
1049 2294 1248 2362 λέγειν,
1308 2313 1328 2346 ‹
1375 2293 1715 2363 Ἐπείραζεν,
1750 2311 1768 2344 ο
1829 2293 1950 2347 ἀντὶ

2081 2291 2199 2345 enim
2230 2300 2417 2360 postea
2464 2294 2516 2347 in
2549 2303 2731 2348 monte
2758 2294 2975 2349 Cboreb
3004 2295 3131 2350 data
3180 2304 3286 2353 est.
3322 2297 3427 2354 Sed
3459 2300 3621 2354 intel-
3652 2344 3664 2356 .

373 2390 492 2455 τοῦ,
525 2391 883 2461 προκατήχει,
925 2388 1021 2441 καὶ
1042 2387 1456 2459 προεγύμναζεν
1485 2386 1683 2450 αὐτοὺς
1724 2386 1805 2448 εις
1852 2386 1955 2440 ὑπ-

2054 2382 2167 2451 lige
2209 2383 2323 2444 illa,
2357 2398 2478 2453 qua:
2507 2386 2748 2438 ostendit
2776 2386 3011 2441 dicendo
3043 2405 3058 2443 :
3099 2406 3118 2439 ι
3156 2387 3411 2444 Tentavit
3440 2406 3557 2456 eos,
3593 2410 3611 2442 ι

383 2482 554 2551 ακοὴν
572 2482 669 2535 τοῦ
702 2482 901 2553 μηκέτι
934 2482 1237 2552 πειράζειν,
1261 2479 1599 2551 παρακαλεῖν
1624 2477 1681 2529 δὲ
1702 2476 1836 2545 πρὸς
1854 2477 1952 2546 τὴν

2058 2474 2110 2528 id
2138 2482 2244 2539 est,
2283 2474 2523 2529 erudivit
2562 2490 2679 2537 eos,
2709 2484 2764 2529 et
2810 2477 3050 2531 instituit
3102 2479 3428 2547 quibusdam
3459 2482 3615 2551 quasi

379 2572 580 2642 συνήθη
617 2572 869 2642 βοήθειαν
897 2572 989 2624 τὸν
1018 2571 1170 2625 Θεόν.

2036 2565 2615 2634 'przeexercitamentis
2660 2576 2718 2619 ut
2776 2567 3079 2637 arriperent
3147 2571 3619 2638 praeclarissimam

378 2662 704 2718 obedientiae
741 2662 1019 2725 virtutem,
1056 2676 1123 2715 ne
1160 2660 1394 2730 amplius
1429 2657 1719 2712 Dominum
1750 2661 2071 2711 tentarent:
2107 2653 2199 2709 sed
2232 2668 2447 2723 semper
2516 2654 2568 2705 in
2602 2654 2765 2708 rebus
2846 2654 3093 2709 adversis
3136 2655 3204 2708 ad
3273 2658 3449 2725 ipsum
3518 2671 3622 2714 ceu

379 2752 869 2825 przesentissimum
900 2750 1165 2804 auxilium
1201 2747 1580 2820 confugerent.

449 2862 649 2935 Πρώτη
674 2856 859 2931 ἐντολὴ
907 2862 1044 2931 πρὸς
1079 2863 1170 2915 τὸν
1203 2861 1418 2935 Ἰσραὴλ
1464 2862 1498 2933 ἡ
1548 2861 1645 2932 τῆς
1668 2861 1947 2931 ὑπακοῆς·

2132 2852 2313 2908 Prima
2346 2855 2453 2918 lex,
2484 2869 2608 2924 quas
2644 2856 2859 2924 ponitur
2895 2850 3189 2924 lsraelitis,
3220 2865 3325 2922 est,
3372 2875 3493 2930 qua:
3532 2861 3624 2931 ju-

386 2974 406 3007 ι
457 2956 581 3007 Ἐὰν
610 2955 720 3025 γὰρ
747 2953 1010 3024 ἀκούσῃς,
1040 2953 1195 3023 φησὶ,
1225 2952 1327 3021 τῆς
1369 2952 1553 3022 φωνῆς
1605 2952 1812 3025 Κυρίου
1856 2950 1952 3005 τοῦ

2059 2947 2151 3001 bet
2206 2953 2264 2998 ut
2287 2945 2394 2998 sint
2424 2944 2573 2999 dicto
2604 2944 2912 3013 audientes.
2945 2945 3102 3014 Nam,
3139 2949 3338 3019 inquit,
3375 2970 3394 3005 ι
3435 2950 3491 3005 Si
3516 2969 3617 3007 au-

379 3045 514 3099 Θεοῦ
547 3062 641 3112 σου
665 3061 678 3073 ·
721 3064 740 3096 ι
777 3044 1200 3115 προκατηχοῦσα
1228 3045 1353 3107 τοὺς
1387 3044 1680 3113 μέλλοντας
1699 3042 1951 3115 δέχεσθαι

2059 3036 2257 3093 diendo
2287 3037 2530 3092 audieris
2557 3053 2742 3092 vocem
2776 3038 2986 3093 Domini
3015 3038 3107 3095 Dei
3147 3042 3249 3109 tui,
3281 3061 3301 3094 ι
3338 3054 3469 3112 etc.,
3501 3047 3624 3115 qui-

379 3138 565 3207 νσμον,
2059 3131 2164 3185 bus
2215 3130 2394 3184 verbis
2456 3138 2727 3200 praeparat
2787 3130 3001 3187 animos
3072 3131 3488 3204 lsraelitarum,
3563 3146 3648 3194 ut'
3695 3175 3709 3188 .

2060 3222 2367 3292 promptius
2421 3221 2591 3291 legem
2636 3235 2761 3275 mox
2797 3224 3252 3294 promulgandam
3299 3230 3624 3300 reciperent.

448 3362 583 3415 Ecce
603 3374 696 3432 ego
726 3360 847 3430 pluo
874 3360 1015 3414 vobis
1039 3374 1222 3431 panes,
1248 3369 1354 3415 etc.
1378 3356 1555 3433 .[XVL
1580 3358 1661 3432 4.]
1689 3359 1997 3415 Clementer
2014 3370 2065 3415 et
2090 3360 2400 3416 humaniter
2423 3369 2617 3416 tractat
2645 3359 2788 3417 Deus
2818 3362 2982 3417 etiam
3010 3363 3153 3431 illos,
3174 3380 3204 3420 a
3234 3367 3438 3438 quibus
3465 3364 3628 3427 fuerit

388 3445 833 3503 oﬂ‘ensus.‘Nam
862 3463 968 3501 non
1003 3463 1193 3517 parum
1238 3449 1527 3502 irritarunt
1568 3447 1855 3502 Dominum
1892 3463 1997 3500 non
2034 3454 2279 3515 petentes
2302 3448 2370 3501 ab
2401 3447 2544 3517 ipso,
2576 3463 2700 3502 cum
2751 3449 3065 3506 laborarent
3103 3456 3335 3522 penuria
3363 3472 3619 3526 annonae,

388 3537 669 3590 alimenta.
709 3533 865 3589 Unde
894 3536 1041 3590 enim
1072 3545 1166 3589 aut
1195 3551 1225 3588 a
1260 3550 1370 3606 quo
1394 3536 1523 3599 alio,
1560 3535 1670 3589 nisi
1701 3550 1730 3588 a
1764 3535 1884 3589 solo
1920 3534 2334 3598 Deo,.alimenta
2398 3534 2660 3603 impensis
2709 3537 2961 3605 precibus
3012 3543 3285 3609 poscenda
3314 3547 3491 3600 sunt?
3520 3547 3626 3603 Sed

352 3628 360 3636 '
387 3623 807 3692 indignantibus
836 3630 889 3675 et
920 3622 1492 3687 obnmrmurantibus,
1520 3630 1573 3676 et
1603 3622 1869 3677 oblivioni
1902 3621 2247 3677 tradentibus
2283 3621 2548 3675 beneficia
2600 3623 2799 3691 quibus
2865 3633 3022 3679 antea
3060 3627 3447 3687 liberalissime
3468 3645 3626 3688 erant

387 3710 587 3773 affecti,
611 3709 927 3778 suppeditat
973 3724 1197 3774 manna,
1224 3709 1391 3763 sicuti
1424 3709 1672 3779 perhibet
1706 3708 1871 3764 David
1908 3726 1921 3761 :
1959 3726 1978 3759 ι
2010 3706 2214 3762 Panem
2251 3708 2471 3763 caelitus
2510 3707 2659 3762 dedit
2692 3710 2795 3774 eis,
2831 3716 2886 3763 et
2924 3725 3118 3779 panem
3159 3716 3477 3782 angelorum
3512 3719 3626 3773 edit

388 3799 552 3851 homo
578 3795 642 3850 ιθ.
685 3813 703 3846 ι
752 3794 1032 3849 Persuasit
1059 3810 1185 3849 vero
1218 3796 1406 3849 stultis
1441 3804 1495 3850 et
1532 3795 1985 3865 imprudentibus
2010 3794 2238 3858 Judmis,
2274 3809 2332 3849 se
2366 3809 2530 3863 posse
2561 3810 2758 3863 parare
2795 3803 2849 3848 et
2876 3796 3150 3853 instruere
3173 3815 3415 3856 mensam
3443 3807 3622 3872 epulis

387 3885 554 3939 etiam
586 3884 643 3936 in
683 3892 840 3937 vasta
888 3883 1206 3937 solitudine.
1262 3881 1377 3936 Hoc
1407 3883 1589 3952 ipsum
1624 3881 1878 3937 Christus
1909 3897 2031 3937 cum
2074 3891 2387 3936 versaretur
2436 3882 2581 3935 inter
2615 3879 2854 3944 Judmos,
2892 3884 3239 3951 postmodum
3275 3892 3527 3957 praestitit
3566 3905 3625 3947 ut

387 3972 545 4025 docet
575 3971 806 4025 historia
837 3971 1171 4040 evangelica.
1206 3966 1519 4023 Notandqu
1570 3981 1748 4023 tamen
1811 3986 1935 4024 reor
1964 3984 2061 4023 eos
2103 3984 2211 4022 non
2247 3969 2402 4039 prius
2453 3969 2671 4023 etelitus
2712 3985 2834 4024 esse
2875 3980 3086 4038 pastos,
3117 3988 3279 4043 quam
3335 3976 3620 4049 alimenta,

392 4074 514 4127 qua:
551 4073 621 4112 ex
651 4056 889 4127 Egypto
919 4065 1225 4126 portarant,
1252 4057 1608 4111 defecissent.
1643 4057 1908 4112 Caeterum
1936 4056 2093 4110 cibus
2134 4056 2246 4119 ille,
2276 4056 2368 4125 qui
2397 4055 2538 4109 citra
2565 4056 2963 4126 agriculturam
2991 4059 3323 4117 obveniebat
3344 4064 3619 4123 demissus

386 4145 550 4213 coelo,
602 4145 1031 4212 repneseutabat
1066 4146 1407 4215 mysterium,
1440 4141 1590 4212 quod
1642 4141 1841 4195 accidit
1894 4150 2101 4195 sanctae
2135 4138 2381 4210 Virgini,
2411 4157 2476 4195 ex
2526 4156 2633 4211 qua
2673 4142 2835 4198 datus
2875 4153 2960 4197 est
2994 4146 3152 4201 nobis
3192 4148 3347 4203 cibus
3389 4167 3492 4208 nos
3526 4169 3622 4223 per

388 4230 575 4283 omnia
608 4230 898 4283 enutriens
933 4238 986 4281 et
1016 4230 1227 4283 cibaus.
1257 4230 1530 4283 Docemur
1557 4242 1776 4296 quoque
1805 4243 1874 4281 ne
1909 4229 2085 4282 simus
2125 4229 2348 4282 solliciti
2380 4229 2433 4281 in
2471 4230 2779 4283 crastinum
2807 4231 3077 4302 nobisque
3110 4248 3174 4288 ex
3210 4238 3393 4292 saeculi
3427 4240 3621 4310 opibus

390 4320 604 4387 longam
631 4317 990 4393 polliceamur
1016 4320 1182 4369 vitam
1216 4334 1229 4369 :
1268 4332 1367 4370 nec
1394 4317 1559 4370 etiam
1589 4313 1975 4369 transiliendos
2008 4323 2221 4369 natura:
2250 4323 2302 4369 et
2330 4316 2680 4371 necessitatis
2708 4319 2996 4386 terminos,
3027 4336 3167 4390 quos
3198 4323 3342 4377 ultra
3372 4326 3620 4397 citraque

390 4402 580 4473 nequit
610 4403 917 4457 consistere
942 4410 1174 4457 rectum.
1213 4403 1268 4455 Si
1318 4404 1414 4456 tibi
1463 4403 1727 4457 alimenta
1780 4401 1979 4456 fuerint
2015 4399 2211 4471 magna
2258 4401 2532 4456 afﬂuentia
2587 4412 2937 4469 coacervata,
2967 4406 3033 4460 da
3079 4422 3309 4477 operam
3328 4426 3397 4465 ne
3431 4423 3621 4468 venter

391 4490 515 4558 plus
545 4489 727 4557 capiat
763 4488 1013 4542 minusve
1042 4504 1206 4557 quam
1241 4491 1291 4541 ei
1323 4490 1638 4541 conveniat.
1677 4487 1745 4542 Ut
1783 4488 1927 4542 enim
1969 4489 2022 4542 iu
2050 4488 2323 4557 capiendo
2357 4490 2538 4544 cibum
2586 4498 2801 4545 naturae
2835 4492 3037 4547 limites
3073 4496 3377 4562 transilire,
3406 4506 3460 4553 et
3498 4501 3619 4570 plus

388 4590 551 4644 quam
576 4590 715 4644 Opus
743 4575 836 4637 sit,
856 4574 1140 4637 infarcire,
1162 4574 1389 4628 stultum
1420 4573 1800 4635 etahsurdum
1824 4581 1909 4627 est
1935 4588 1949 4624 :
1982 4574 2061 4628 sic
2091 4592 2251 4629 suum
2284 4580 2506 4646 genium
2532 4578 2866 4634 defraudare
2896 4581 3146 4638 dimenso
3173 4600 3275 4639 suo
3298 4601 3406 4641 non
3438 4589 3619 4644 minus

389 4663 523 4717 vitio
574 4663 765 4742 datur.
813 4659 925 4715 Nec
960 4661 1178 4714 interim
1232 4663 1358 4730 quis
1393 4662 1674 4715 curiosius
1723 4662 2001 4729 exquirat,
2053 4662 2255 4729 quibus
2303 4664 2613 4719 rationibus
2647 4664 2790 4721 Deus
2840 4667 2973 4721 edat
3020 4670 3325 4737 miracula;
3369 4674 3482 4730 haec
3517 4692 3615 4732 vos

387 4765 603 4819 semper
633 4753 687 4803 in
717 4763 811 4802 ore
843 4755 1027 4802 nostro
1072 4749 1142 4803 sit
1172 4764 1185 4801 :
1226 4748 1356 4802 Novi
1398 4747 1495 4802 tibi
1532 4749 1717 4803 nuntia
1764 4763 1888 4803 esse
1923 4750 2230 4816 possibilia,
2270 4766 2369 4805 nec
2416 4749 2715 4821 quidquam
2747 4768 2875 4809 esse
2917 4754 3262 4825 impossibile
3287 4760 3484 4818 divina:
3513 4771 3619 4819 tua:

388 4839 661 4907 potentize.

458 4943 690 4998 Tentabo
724 4953 896 4999 autem
925 4961 1035 5009 eos,
1079 4945 1270 5013 inquit,
1299 4944 1343 4996 si
1385 4942 1709 4996 ambulaturi
1732 4944 1838 4997 sint
1881 4946 1933 4996 in
1960 4942 2068 5013 lege
2109 4961 2247 5011 mea,
2287 4954 2394 5001 etc.
2435 4946 2635 5017 Legem
2680 4946 2783 5001 hoc
2820 4946 2944 5003 loco
2980 4958 3144 5005 vocat
3176 4952 3422 5009 alimenti
3459 4970 3615 5010 men-

387 5046 597 5093 suram,
644 5048 836 5114 quam.
870 5034 1168 5087 necessitas
1214 5032 1438 5085 humani
1479 5032 1794 5099 corpusculi
1840 5033 2121 5100 postulat:
2158 5048 2320 5101 quam
2369 5033 2424 5085 in
2473 5032 2873 5102 comportando
2922 5036 3133 5092 caalesti
3183 5040 3385 5108 pabulo
3434 5052 3620 5097 monet

386 5130 507 5171 esse
553 5117 972 5181 observandam.
1022 5116 1196 5176 Omne
1246 5117 1389 5171 enim
1424 5117 1793 5185 quodcunque
1847 5117 2199 5187 imperaverit
2239 5118 2405 5184 Deus,
2444 5134 2542 5189 pro
2573 5121 2686 5190 lege
2738 5121 3050 5176 habendum
3084 5133 3188 5179 est.
3233 5124 3436 5197 Legum
3465 5144 3615 5198 qure-

387 5200 509 5254 dam
560 5218 670 5255 non
716 5212 844 5256 sunt
892 5203 1055 5275 265.
1093 5212 1387 5273 perpetuae,
1439 5216 1498 5257 ut
1543 5213 1597 5258 et
1630 5204 1767 5268 haec,
1804 5220 1903 5258 nec
1950 5220 2059 5259 non
2102 5207 2544 5262 circumcisionis
2574 5217 2628 5262 et
2659 5208 2881 5263 Sabbati
2908 5212 3077 5282 leges,
3124 5230 3247 5282 quae
3278 5215 3618 5272 duraverunt

389 5302 560 5355 usque
601 5289 654 5341 in
690 5290 982 5343 adventum
1026 5290 1253 5344 Christi.
1287 5289 1420 5343 Alia:
1465 5300 1596 5345 sunt
1631 5300 1936 5360 perpetuae,
1970 5292 2039 5345 de
2071 5294 2271 5362 quibus
2303 5295 2436 5349 alias
2465 5296 2699 5349 dicetur.
2729 5297 3019 5353 Coelestem
3051 5301 3232 5355 cibum
3278 5301 3479 5358 Judmis
3521 5308 3619 5359 ob-

383 5370 504 5445 jicit
558 5374 697 5427 Deus
749 5377 1006 5445 paulatim
1068 5379 1227 5446 quasi
1274 5394 1370 5447 per
1402 5378 1627 5432 umbras
1676 5389 1729 5433 et
1766 5380 2016 5448 quaedam
2068 5379 2465 5435 delineamenta
2505 5382 2763 5438 erudiens
2815 5386 2967 5453 ipsos
3017 5398 3072 5439 ut
3116 5396 3471 5443 contemnant
3511 5400 3617 5443 ter-

388 5474 541 5526 rena,
596 5470 951 5532 quaerantque
996 5464 1278 5525 Christum
1326 5467 1604 5520 cwlcsteut
1660 5481 1857 5536 panem
1906 5467 2336 5536 angelorumque
2386 5469 2759 5535 ambrosiam,
2808 5473 3141 5528 reflcientem
3191 5474 3376 5531 fideles
3407 5487 3615 5531 sancta:

461 5632 892 5714 "{oan._y,24_.
969 5634 1009 5667 ¹¹
1043 5634 1463 5714 ιοτιηιῃιλρὸί
1524 5638 1566 5668 ⁸³
1606 5637 1714 5692 lsa.
1772 5653 1884 5702 xu,
1917 5638 1968 5692 3.

2080 5639 2123 5670 "
2156 5639 2299 5695 l’sal.
2338 5656 2509 5707 uvu,
2560 5644 2650 5699 27.
2764 5647 2806 5677 "
2839 5645 2985 5704 Psal.
3035 5665 3139 5714 scr,
3197 5651 3279 5705 15.
3378 5653 3422 5684 ’⁸
3450 5650 3612 5707 Cant.

386 5717 498 5771 VII,
533 5704 585 5759 8.
692 5705 735 5736 ⁸⁸
753 5704 895 5760 Psal.
930 5721 1140 5769 Lxsvtt,
1188 5706 1279 5770 9-4,
1309 5706 1398 5761 25.
