4010 6212
344 330 445 399 593
1430 332 1929 411 CQMMENTAR]

2042 339 2093 399 N
2135 338 2477 402 EXODUM.
3466 340 3569 406 594

333 491 338 494 .
397 452 546 517 Quos
586 458 642 504 tu
666 448 893 505 uidisti:
925 450 1055 520 quia
1089 458 1212 502 sunt
1245 449 1477 505 seniores
1505 451 1710 520 populi,
1752 459 1865 505 etc.
1896 448 2015 504 Non
2048 452 2214 523 igitur
2252 469 2437 510 sermo
2471 471 2619 510 nunc
2663 463 2747 512 est
2781 457 2848 511 de
2879 456 3125 513 externis
3166 454 3350 526 populi
3393 457 3574 510 seuie-

329 538 506 601 ribus,
549 537 644 607 qtti
682 538 815 591 huic
846 536 1211 607 gubernando
1257 536 1501 606 praefecti
1550 546 1680 594 sunt
1713 556 1727 593 :
1764 538 1891 593 illos
1926 538 2185 594 nimirum
2220 541 2383 607 dicit,
2426 557 2571 610 quos
2623 544 2903 598 lntellecttt
2944 542 3121 599 Moses
3167 544 3287 598 solo
3312 541 3605 611 quiverat‘

255 664 262 669 .
330 623 613 694 percipere
659 623 739 678 illi
774 624 854 679 rei
886 623 1004 678 fore
1036 623 1287 679 idoneos.
1323 622 1406 679 Ne
1446 625 1634 694 itaque
1659 623 1838 678 Moses
1876 625 2149 681 detrectet
2186 631 2591 694 monarchiam,
2627 632 2786 700 quasi
2817 631 3044 701 collegae
3073 632 3174 700 ipsi
3217 628 3566 697 adjiciuntur

328 710 404 764 illi
439 711 718 765 seniores.
747 710 857 764 Lex
881 710 1041 765 enim
1073 726 1183 765 non
1215 710 1381 765 tantis
1409 711 1578 780 pollet
1608 711 1843 774 viribus,
1879 720 1936 764 ut
1969 715 2086 767 sola
2124 731 2224 770 nos
2255 716 2553 771 instituere
2583 726 2638 771 et
2664 718 2890 773 erudire
2915 717 3163 787 perfecte
3200 715 3398 769 valeat.
3440 713 3573 771 Post

328 796 518 853 Mosen
559 807 741 851 autem
777 799 833 851 in
865 799 1132 854 extremis
1163 799 1508 867 temporibus
1539 813 1772 852 numero
1803 798 2031 868 perfecti
2059 816 2089 854 a
2118 801 2343 857 Christo
2373 804 2793 861 constituuntur
2840 807 3113 867 seniores,
3150 802 3574 874 quigubernent

326 885 593 954 populos.
637 885 865 939 lllor’um
901 886 1061 955 quasi
1101 885 1359 955 primitia:
1393 886 1767 939 censebantur
1797 884 1971 939 divini
1995 884 2274 957 discipuli.

404 973 477 1028 De
508 975 702 1042 spiritu
738 984 851 1041 tuo,
896 977 987 1046 qui
1017 986 1097 1030 est
1136 989 1296 1043 super
1324 984 1396 1040 te,
1436 975 1573 1029 dabo
1604 975 1705 1039 eis,
1750 987 1861 1031 etc.
1905 975 2131 1033 Scilicet
2168 988 2226 1033 ut
2272 981 2649 1053 intelligamus
2684 982 2853 1038 Deum
2891 997 3002 1037 uno
3039 980 3344 1050 eodemque
3381 982 3578 1035 sancto

329 1060 543 1130 Spiritu
577 1070 965 1117 antecessores
1000 1070 1228 1116 nostros
1263 1076 1477 1130 nosque
1507 1061 1887 1118 sanctificare.
1916 1063 2062 1118 Idem
2092 1067 2238 1121 enim
2278 1066 2540 1137 Spiritus,
2578 1083 2692 1137 quo
2717 1069 3085 1122 movebantur
3105 1070 3408 1137 prophetae,
3437 1075 3493 1122 et
3521 1068 3574 1120 in

331 1149 494 1202 nobis
517 1155 623 1202 est.
659 1146 948 1217 Siquidem
989 1163 1136 1202 unus
1173 1156 1264 1203 est
1300 1147 1465 1202 Pater
1497 1157 1552 1201 et
1597 1163 1743 1202 unus
1792 1146 1988 1207 Filius.
2016 1153 2151 1207 Cum
2184 1163 2368 1208 autem
2401 1153 2654 1222 Spiritus
2679 1155 2753 1209 sit
2792 1169 2957 1218 unus,
2999 1163 3055 1208 et
3078 1154 3208 1224 quia
3245 1156 3396 1206 varia
3445 1160 3579 1208 sunt

327 1233 476 1288 dona
504 1232 773 1300 Spiritus,
811 1250 918 1288 non
948 1242 1240 1302 propterea
1297 1233 1591 1289 dicendum
1627 1246 1710 1288 est
1755 1234 2020 1302 Spiritum
2062 1232 2270 1297 dividi;
2303 1233 2447 1287 absit
2480 1233 2495 1287 ι
2536 1225 2775 1302 Spiritus
2804 1249 2944 1287 unus
2981 1243 3088 1297 est,
3123 1233 3442 1299 nullamque
3482 1247 3578 1298 pa-

328 1323 470 1375 titur
496 1321 851 1384 divisionem,
876 1319 1267 1390 perfectiusque
1302 1329 1386 1375 est
1420 1336 1517 1389 per
1544 1322 1750 1373 omnia.
1788 1318 1906 1373 Duo
1938 1319 2165 1373 deerant
2190 1331 2417 1372 numero
2437 1318 3127 1389 septuagenario,quorum
3164 1318 3387 1372 nomina
3420 1326 3577 1370 erant

332 1408 532 1464 Μοδειὰ
564 1423 617 1464 et
653 1409 845 1474 Eldad,
874 1426 1017 1480 quos
1043 1424 1265 1479 quoque
1297 1408 1471 1479 replet
1498 1407 1709 1478 Spiritu
1746 1406 1890 1462 Deus
1919 1412 1973 1460 et
2009 1404 2473 1458 vaticinabantur.
2526 1404 2760 1470 Quidam
2800 1406 3144 1460 conabantur
3171 1407 3225 1460 in
3259 1407 3341 1459 his
3368 1421 3465 1474 per
3494 1421 3581 1460 re-

336 1497 768 1567 prehensionem
803 1496 1157 1565 exstinguere
1196 1494 1502 1565 prophetia:
1531 1493 1756 1548 donum.
1790 1494 1858 1545 At
1890 1491 2066 1546 Moses
2098 1490 2406 1560 praevidens
2450 1491 2771 1561 mysterium
2804 1491 3032 1557 Christi,
3075 1492 3151 1545 ait
3187 1508 3201 1545 :
3240 1510 3260 1544 ι
3300 1491 3438 1557 Quis
3466 1492 3577 1555 det,

332 1592 396 1638 ut
435 1584 670 1652 pepnlus
696 1582 789 1636 Dei
834 1583 1130 1637 universus
1158 1581 1461 1651 prophetiae
1498 1581 1696 1649 spiritu
1731 1578 1947 1643 ﬂoreat,
1980 1580 2124 1648 quod
2166 1579 2276 1643 fiet,
2304 1577 2349 1632 si
2372 1578 2647 1633 Dominus
2677 1577 2885 1655 fuderit
2911 1576 3183 1648 Spiritum
3218 1594 3379 1633 suum
3413 1594 3583 1649 super

330 1684 433 1726 eos
462 1670 529 1723 ³¹.
562 1688 582 1721 ι
626 1669 994 1739 Intelligimus
1014 1677 1213 1723 autem
1257 1669 1430 1738 legem
1471 1668 1743 1736 plurimos
1768 1666 2071 1721 erudivisse
2111 1674 2164 1723 et
2203 1665 2562 1732 eonjunxisse
2595 1664 2842 1729 Christo,
2885 1673 2940 1719 at
2987 1666 3160 1720 fuisse
3199 1665 3582 1732 infirmiorem,

330 1772 502 1823 quam
536 1765 595 1809 ut
618 1756 862 1824 quiverit
900 1770 1100 1811 omnes
1140 1754 1480 1825 conjungere
1508 1754 1755 1808 Christo.
1784 1752 1961 1831 Etiam
1986 1753 2107 1812 hos,
2136 1751 2228 1820 qui
2263 1750 2577 1813 abfuerant,
2612 1748 2822 1820 Spiritu
2854 1761 3053 1806 sancto
3080 1750 3277 1806 imbuit
3305 1751 3578 1808 Christus.

332 1841 473 1895 Nam
505 1843 706 1897 ethnici
743 1842 918 1895 vocati
948 1850 1077 1897 sunt
1112 1843 1178 1895 ad
1221 1844 1473 1897 veritatis
1506 1843 1781 1903 notitiam,
1803 1856 1914 1894 non
1932 1854 2098 1908 opera
2124 1837 2312 1903 Mosis,
2344 1853 2445 1893 nec
2473 1854 2568 1908 per
2588 1840 2760 1908 legem
2795 1855 2807 1893 :
2840 1841 2935 1893 sed
2962 1839 3137 1909 magis
3168 1839 3372 1893 virtute
3397 1846 3451 1893 et
3483 1854 3580 1908 po-

332 1929 509 1982 tentia
542 1928 787 1983 ctelestis
811 1926 990 1982 Patris
1025 1927 1321 1982 revelanlis
1351 1928 1737 1997 ignorantibus
1778 1942 1932 1981 suam
1958 1927 2272 1996 imaginem,
2306 1925 2357 1979 id
2384 1935 2491 1988 est,
2525 1924 2745 1980 Filium.
2775 1924 3017 1980 Vocatos
3052 1941 3180 1981 vero
3202 1936 3425 1980 sanctos
3453 1926 3585 1978 ι·εά-

332 2016 480 2071 didit
506 2016 785 2072 delthutos
818 2015 1261 2086 fragrantissimo
1302 2013 1546 2085 Spiritus
1587 2015 1768 2071 sancti
1798 2022 2097 2085 unguento.
2140 2013 2205 2066 At
2236 2011 2436 2075 Judaei,
2467 2012 2773 2069 servientes
2806 2013 2934 2084 legi,
2970 2014 3087 2068 zelo
3118 2012 3355 2082 quodam
3392 2011 3585 2083 perciti

331 2103 751 2158 aemulabuntur
781 2103 909 2157 illos
964 2102 1057 2172 qui
1091 2101 1146 2155 in
1182 2101 1412 2156 Christo
1446 2111 1498 2157 et
1529 2101 1636 2156 fide
1675 2101 1944 2169 justitiam
1978 2101 2142 2172 266
2177 2100 2416 2155 assecuti
2445 2108 2595 2164 sunt,
2632 2101 2837 2170 quique
2871 2100 3114 2170 Spiritus
3145 2100 3325 2154 Sancti
3360 2115 3587 2155 munere

334 2188 545 2255 vigent.
589 2187 790 2243 Verum
845 2186 1025 2243 Moses
1071 2186 1383 2257 prtevidens
1416 2187 1738 2259 mysterium
1793 2186 1995 2257 gaudio
2040 2186 2358 2240 exsultavit.
2396 2187 2586 2257 Itaque
2631 2202 2740 2241 non
2771 2184 3020 2242 referunt
3061 2187 3342 2256 ingenium
3396 2185 3588 2250 Hosis,

333 2273 451 2329 imo
473 2274 811 2344 degenerant
842 2273 1042 2338 Judaei,
1069 2274 1166 2343 qui
1206 2273 1333 2329 odio
1363 2282 1781 2344 prosequuntur
1806 2271 2176 2328 Christianas.

414 2363 485 2418 Et
511 2367 745 2419 conversi
766 2376 887 2418 sunt
915 2367 967 2419 in
1002 2364 1366 2431 solitudinem,
1402 2374 1511 2420 etc.
1547 2366 1746 2435 Aquila
1779 2365 1941 2417 vertit
1976 2384 1990 2417 ;
2019 2361 2431 2427 Inclinauerunt,
2466 2363 2548 2419 vel
2572 2375 2931 2433 respexerunt.

414 2455 594 2511 Τοῦτο
646 2456 710 2509 τὸ
745 2456 933 2526 ῥῆμα,
968 2456 1000 2510 ὃ
1024 2456 1323 2520 συνέταξε
1381 2456 1615 2524 Κύριος.
1668 2453 1832 2517 Ἐθος
1853 2455 1921 2525 τῇ

2096 2449 2216 2505 Hoc
2259 2462 2337 2506 est
2387 2452 2622 2520 verbum,
2667 2455 2808 2526 quod
2854 2456 3121 2512 ordinavit
3155 2457 3435 2519 Dominus.
3477 2464 3585 2512 etc.

336 2547 537 2619 Γραφῇ
593 2547 663 2601 τὰ
720 2548 1140 2617 ἀποτελέσματα
1193 2548 1302 2602 τῶν
1358 2546 1536 2616 ἔργων
1582 2546 1771 2600 καλεῖν
1806 2547 1920 2609 τοῖς

2035 2538 2187 2611 ςχνι,
2216 2540 2335 2613 25.]
2363 2542 2478 2597 Mos
2499 2556 2582 2598 est
2608 2543 2904 2614 Scriptum
2946 2543 3232 2600 eﬂectibus
3278 2543 3501 2598 nomina
3522 2542 3593 2600 ab

336 2635 572 2704 ὀνόμασι
599 2636 709 2690 τῶν
732 2636 944 2691 αἰτίων.
982 2637 1047 2689 Ὃ
1067 2636 1176 2707 γὰρ
1214 2637 1439 2707 ἐποίησε
1473 2634 1607 2689 Θεοῦ
1640 2635 1799 2703 λόγος
1826 2634 1921 2689 καὶ

2035 2636 2202 2689 :ausis
2252 2636 2476 2702 repetita
2536 2635 2833 2705 imponere.
2887 2634 3045 2701 Quod
3071 2636 3216 2691 enim
3242 2636 3297 2691 in
3335 2633 3605 2707 eﬂectum‘

338 2726 697 2797 πρόσταγμα,
723 2727 1033 2783 τοῦτοΘεοῦ
1080 2728 1232 2798 ῥῆμα
1265 2726 1441 2784 καλεῖ.
1490 2727 1601 2779 Καὶ
1634 2726 1695 2781 τὸ
1740 2727 1922 2796 μάννα

2035 2724 2281 2794 produxit
2310 2724 2399 2781 Dei
2414 2741 2616 2788 sermo,
2638 2725 2789 2780 illttm
2804 2726 3019 2795 jussunt
3044 2725 3268 2780 verbum
3295 2723 3387 2780 Dei
3410 2732 3589 2780 vocat.

335 2816 400 2870 δὲ
431 2817 534 2870 οὐκ
565 2818 756 2888 ὄνομα,
786 2818 904 2872 ἀλλ’
932 2819 966 2889 ἡ
996 2817 1265 2889 ἐρώτησις
1287 2817 1462 2888 ὄνομα
1489 2816 1685 2886 γέγονε

2035 2814 2293 2871 [Steterunt
2325 2834 2524 2872 manna
2556 2834 2666 2873 non
2698 2827 2784 2874 est
2812 2833 3035 2881 nomen,
3055 2818 3149 2873 sed
3180 2834 3246 2874 es
3278 2818 3395 2888 ipsa
3421 2819 3594 2872 inter-

2020 2907 2304 2975 rogatione
2334 2922 2531 2963 nomen
2565 2908 2698 2963 illud
2718 2917 2975 2963 exortum
2998 2914 3108 2963 est.

412 3028 586 3085 quta
608 3048 883 3086 numerum
911 3033 1242 3095 animarum,
1279 3038 1387 3085 etc.
1428 3029 1793 3102 Symmachus
1825 3032 2023 3088 habet:
2054 3034 2327 3102 Quantum
2364 3037 2588 3109 singulis
2618 3036 2863 3106 competit
2892 3035 3208 3090 dimensum.

416 3116 712 3172 Bellorium
739 3136 856 3172 cum
881 3119 1054 3180 melle,
1081 3127 1186 3173 etc.
1226 3118 1422 3187 Aquila
1450 3118 1574 3187 legit
1601 3133 1615 3169 :
1642 3116 1889 3171 Similam
1921 3135 2036 3174 cum
2071 3126 2201 3178 oleo.
2236 3124 2597 3194 Symmachus
2623 3124 2800 3180 reddit
2832 3143 2846 3179 :
2877 3122 2944 3177 Ut
2966 3124 3135 3178 mellis
3159 3122 3331 3192 favus.
3351 3121 3432 3178 Ad
3468 3135 3595 3192 par-

339 3218 455 3264 tem
486 3206 805 3264 thnicize.
847 3210 1213 3282 Symmachus
1250 3209 1534 3262 transtulit
1566 3226 1579 3262 :
1614 3206 1785 3279 Usque
1821 3210 1890 3263 ad
1926 3212 2057 3280 lines
2088 3224 2240 3270 terra:
2277 3216 2551 3271 Chanaan.

417 3318 525 3372 Kal
554 3317 840 3385 κατάξεις
887 3318 1004 3388 τὴν
1036 3319 1278 3386 πέτραν.
1332 3318 1696 3389 Σημειωτέον,
1740 3319 1821 3372 ὅτι
1867 3320 1929 3374 τὸ

341 3408 442 3463 τοῦ
474 3411 773 3479 μάννα’καὶ
823 3413 924 3481 τῆς
957 3413 1376 3483 ὀρτυγομήτρας
1434 3410 1638 3481 θαῦμα,
1670 3413 1927 3482 προγενέ-

346 3499 538 3571 mpm
589 3503 706 3555 tam
730 3502 825 3556 τοῦ
857 3502 1094 3567 πατάξαι
1130 3502 1229 3574 τὴν
1261 3503 1489 3572 πέτραν,
1529 3503 1625 3556 καὶ
1655 3502 1799 3572 ὓδωρ
1837 3506 1929 3556 ὲκ-

345 3591 534 3648 εαλιῖν
585 3597 680 3650 ἀπ’
719 3597 890 3667 αὐτῆς
917 3614 932 3630 ο
987 3597 1295 3667 ἐπειδήπερ
1350 3594 1477 3658 eo?
1528 3593 1741 3663 ψαλμὸς
1784 3593 1934 3647 δοκεῖ

2102 3326 2171 3381 Et
2216 3336 2478 3398 percutias
2521 3336 2746 3397 petram,
2787 3336 2894 3383 etc.
2925 3325 3119 3398 lXVll,
3157 3324 3239 3398 5.]
3281 3324 3598 3379 Memineris

2032 3433 2230 3472 manna
2258 3427 2312 3473 et
2339 3420 2676 3483 coturnices,
2706 3418 2909 3487 quibus
2941 3418 3208 3488 populum
3239 3416 3389 3486 pavit
3417 3414 3598 3468 Domi-

2032 3521 2158 3568 nus,
2190 3509 2557 3563 antecessisse
2580 3508 3190 3578 praesenstniraculum,
3208 3520 3320 3577 quo
3342 3504 3596 3573 contigit,

2034 3604 2092 3650 ut
2124 3597 2228 3649 icta
2255 3607 2406 3666 petra
2443 3597 2805 3667 profunderet
2837 3598 3163 3652 immensam
3190 3597 3298 3651 vim
3322 3609 3477 3665 aquae
3510 3609 3603 3663 po-

347 3685 671 3754 προτάττειν
698 3686 760 3740 τὸ
801 3687 902 3756 τῆς
933 3687 1157 3756 πέτρας.
1195 3686 1367 3739 Πάλιν
1407 3685 1462 3737 δὲ
1497 3685 1849 3753 διεγόγγυσεν
1895 3685 1929 3756 ἡ

351 3777 673 3848 συναγωγὴ.
699 3778 792 3832 καὶ
821 3779 920 3848 τῆς
946 3777 1066 3831 ὁδοῦ
1101 3779 1199 3847 τὴν
1222 3776 1600 3846 ταλαιπωρίαν
1629 3774 1930 3845 προϐάλλε-

344 3882 460 3921 ται.
502 3867 592 3923 Ἐν
626 3867 685 3922 δὲ
716 3870 830 3931 τοῖς
874 3868 1153 3939 ’Δριθμοῖς
1176 3868 1395 3922 καὶτῶν
1426 3867 1599 3938 ἡδέων
1649 3867 1788 3919 κατὰ
1833 3865 1929 3934 μέ-

348 3972 446 4028 ρος
478 3958 937 4030 ἀντιπαρατίθησι
962 3959 1201 4029 μνήμην,
1226 3957 1459 4025 λέγουσα
1483 3972 1497 3988 ·
1529 3976 1548 4008 ί
1579 3949 1654 4010 Οὗ
1687 3956 1749 4008 οὐ
1777 3955 1927 4008 σπεί-

2038 3690 2166 3758 pulo
2194 3689 2400 3743 sitienti
2434 3697 2489 3744 et
2515 3706 2780 3759 aquarum
2810 3690 3041 3759 penuria
3071 3687 3382 3742 laboranti:
3409 3700 3601 3754 quam-

2036 3778 2118 3832 vis
2149 3778 2286 3847 psal.
2322 3793 2530 3846 Lxxvn,
2566 3782 2828 3836 videatur
2857 3780 2913 3835 in
2938 3780 3122 3850 priore
3157 3779 3279 3833 loco
3310 3792 3534 3849 ponere,
3554 3777 3601 3831 si

2035 3868 2302 3935 respicias
2342 3870 2617 3934 ordinem,
2676 3887 2917 3940 praesens
2964 3871 3314 3924 miraculum.
3360 3867 3604 3939 Populus

2036 3959 2235 4014 iterum
2275 3960 2742 4028 obmurnturavit,
2778 3960 3126 4031 praetendens
3162 3961 3380 4015 itineris
3437 3960 3607 4016 mole-

348 4064 525 4117 ριται,
548 4049 669 4102 οὐδὲ
701 4048 862 4110 σῦκα,
884 4049 1005 4103 οὐδὲ
1026 4050 1283 4118 ἄμπελοι,
1312 4047 1434 4102 οὐδὲ
1457 4047 1599 4117 ῥόαι,
1632 4046 1762 4099 οὐδὲ
1789 4045 1929 4115 ὕδωρ

2036 4049 2171 4104 stias
2204 4058 2259 4105 et
2299 4050 2479 4104 taedia.
2508 4050 2563 4104 lu
2593 4052 2733 4105 libro
2784 4049 3145 4104 Numerorum
3187 4051 3239 4102 in
3283 4050 3604 4103 meritoriam

346 4133 467 4188 lati
495 4137 665 4189 πιεῖν.
699 4155 720 4189 ›
755 4136 865 4190 Καὶ
915 4136 997 4189 ὅτι
1029 4136 1202 4190 ταῦτα
1257 4136 1449 4204 γέγονε
1496 4133 1635 4205 μετὰ
1674 4132 1933 4201 τελευτὴν

350 4226 591 4297 Μαριὰμ
626 4229 685 4280 ὲν
717 4226 948 4297 μηνὶτῷ
988 4225 1211 4297 πρώτῳ,
1259 4227 1327 4280 τὰ
1378 4223 1523 4278 κατὰ
1573 4223 1670 4297 τὴν
1727 4223 1932 4294 πέτραν

349 4317 520 4385 φημὶ,
550 4314 680 4370 ἔνθα
709 4318 806 4373 καὶ
822 4317 1166 4389 παραλαϐεῖν
1195 4315 1590 4388 προστάττεται
1637 4314 1796 4384 μόνον
1837 4313 1931 4366 τὸν

367 4406 599 4477 Ἀαρὼν,
622 4408 718 4461 καὶ
752 4408 984 4477 λαλῆσαι
1011 4408 1150 4481 πρὸς
1174 4408 1272 4479 τὴν
1299 4407 1506 4477 πέτραν
1525 4420 1542 4438 ο
1573 4404 1668 4457 καὶ
1698 4403 1775 4467 ὡς
1824 4402 1929 4456 ιδι-

353 4499 572 4564 σταζεν,
602 4499 796 4553 εἰπών’
827 4518 848 4552 ι
880 4502 971 4574 Μὴ
997 4503 1062 4554 ἐκ
1082 4501 1182 4570 τῆς
1212 4499 1418 4569 πέτρας
1440 4495 1643 4566 ταύτης
1668 4495 1932 4564 ὲξάξομεν

353 4589 486 4659 ὑμῖν
517 4588 698 4661 ὖδωρς
726 4608 746 4642 ι
779 4590 872 4643 Διὸ
899 4590 993 4644 καὶ
1027 4590 1108 4654 δίς
1137 4590 1238 4660 τὴν
1264 4590 1477 4659 πέτραν
1512 4585 1772 4651 ἐπάταξε,
1813 4585 1939 4638 καίε-

352 4698 437 4734 τοι
465 4681 760 4752 προσάπαξ
790 4682 1077 4744 ἀνατείνας
1110 4682 1169 4733 ὲν
1197 4679 1483 4749 Αἰγύπτῳ,
1508 4678 1603 4732 καὶ
1620 4674 1940 4745 μεταϐαλὼν

350 4771 416 4825 τὸ
439 4771 584 4841 ὕδωρ
613 4774 692 4835 εἰς
721 4767 882 4843 αἷμα.
907 4771 998 4826 Διὸ
1020 4775 1116 4828 καὶ
1148 4770 1457 4842 ἐπετιμήθη
1485 4771 1583 4823 σὺν
1603 4768 1681 4839 τῷ
1708 4767 1940 4837 ἀδελφῷ,

357 4861 434 4933 μὴ
468 4863 786 4933 εἰσαγαγεῖν
818 4864 912 4919 τὸν
965 4863 1096 4918 λαὸν
1152 4864 1232 4927 ei;
1285 4862 1386 4934 τὴν
1434 4861 1538 4932 γῆν
1580 4860 1682 4931 τῆς
1707 4860 1945 4929 ἐπαγγε-

354 4953 498 5018 λιας.

2037 4148 2300 4193 revocant
2327 4140 2558 4195 delicias
2616 4142 2819 4210 quibus
2846 4141 2900 4193 in
2936 4139 3173 4212 Egypto
3199 4139 3531 4201 aliiuxerint,
3553 4148 3608 4192 et

1981 4282 1988 4288 ,
2037 4226 2091 4280 in
2128 4226 2246 4279 haec
2292 4227 2456 4279 verba
2485 4243 2581 4281 ora
2606 4227 2944 4297 indignantia
2974 4229 3194 4282 solvunt
3226 4245 3239 4281 :
3285 4245 3304 4278 ι
3343 4225 3441 4281 Hic
3471 4226 3603 4297 (sci-

2040 4317 2166 4371 licet
2196 4317 2250 4370 in
2277 4318 2604 4389 solitudine)
2636 4334 2736 4373 nec
2766 4327 3138 4375 conseruntur
3158 4319 3294 4388 agri.
3323 4335 3435 4374 non
3469 4318 3606 4374 licus

2039 4410 2306 4473 nascitur,
2327 4424 2434 4464 non
2451 4410 2617 4465 vinea:
2631 4422 2780 4477 sunt,
2801 4426 2899 4466 nec
2916 4410 3100 4465 videre
3115 4417 3199 4465 est
3242 4411 3608 4480 malapunica,

2038 4514 2215 4567 neque
2241 4515 2384 4569 aqua
2411 4502 2668 4565 occurrit,
2701 4509 2760 4556 ut
2801 4502 3084 4572 possimus
3126 4502 3464 4570 restinguere.
3497 4509 3613 4554 tor-

2040 4587 2216 4639 ridam
2252 4587 2402 4641 sitim
2428 4586 2496 4642 ³³.
2530 4606 2548 4637 ι
2582 4590 2878 4650 Caeterum,
2907 4596 2966 4641 ut
3007 4604 3126 4643 mea
3170 4589 3274 4643 fcrt
3318 4588 3611 4652 sententia,

2042 4676 2148 4728 ista
2180 4676 2462 4744 contigere
2492 4677 2544 4730 in
2568 4693 2756 4732 mense
2788 4678 2966 4747 primo
2991 4688 3112 4746 post
3148 4680 3358 4732 obitum
3397 4679 3610 4732 Mariae:

2046 4778 2158 4820 tum
2199 4766 2423 4822 demum
2454 4776 2606 4837 petra
2631 4780 2771 4822 tacta
2797 4769 2988 4823 etl‘udit
3016 4783 3235 4836 aquam.
3264 4770 3439 4825 Iloses
3459 4769 3616 4839 jubc-

2049 4864 2142 4911 tur
2170 4857 2275 4912 hoc
2307 4859 2429 4912 loco
2461 4859 2639 4914 solum
2672 4873 2958 4913 assumere
2991 4863 3264 4914 Aaronem
3298 4861 3533 4927 socium,
3564 4871 3619 4912 et

2051 4947 2254 5016 alloqui
2289 4956 2520 5017 petram.
2561 4946 2698 5001 Cum
2752 4962 2880 5003 vero
2903 4949 3169 5004 vacillans
3198 4947 3304 5003 ﬁde
3332 4951 3620 5005 addubita-

356 5055 443 5104 ret
471 5048 748 5114 nonnihil,
783 5059 843 5105 ut
875 5049 1138 5120 colligere
1168 5053 1291 5102 erat
1313 5061 1380 5102 ex
1406 5044 1593 5102 verbis
1651 5060 1773 5117 quae
1805 5043 2056 5116 protulit,
2087 5044 2281 5098 dicens
2309 5061 2323 5098 :
2363 5060 2383 5094 ι
2416 5042 2558 5097 Num
2589 5057 2656 5098 ex
2716 5049 2870 5112 petra
2936 5043 3041 5097 hac
3114 5043 3270 5097 vobis
3321 5044 3567 5098 educemt
3593 5062 3618 5099 s

354 5140 607 5208 aquam"
629 5139 654 5194 τ
677 5159 696 5193 ι
729 5140 814 5196 bis
838 5140 1046 5210 virgam
1086 5137 1288 5193 inﬂixit
1314 5147 1502 5208 petrae,
1544 5152 1668 5191 cum
1698 5143 1856 5191 antea
1890 5136 1946 5190 in
1985 5133 2224 5205 IEgypto
2250 5133 2419 5188 semel
2445 5132 2751 5189 estenderit
2775 5137 3003 5205 virgam,
3067 5140 3121 5187 et
3157 5147 3331 5205 aquas
3403 5131 3611 5203 (Egyp-

362 5227 544 5283 tiacas
582 5230 635 5281 in
667 5233 991 5298 sanguinem
1051 5228 1410 5284 converterit.
1437 5224 1820 5297 Quapropter,
1870 5240 1940 5280 ne
1978 5225 2201 5294 impune
2227 5221 2433 5278 ferrent
2460 5224 2922 5292 incredulitatem,
2994 5224 3159 5285 ambo
3218 5223 3623 5296 reprehendun-

355 5327 452 5374 tur
485 5333 513 5369 a
572 5319 806 5375 Domino
841 5321 1082 5386 dicente,
1124 5322 1278 5391 ipsos
1311 5318 1574 5391 populum
1609 5333 1719 5373 non
1747 5317 2070 5373 inducturos
2099 5317 2152 5370 in
2182 5324 2384 5371 terram
2419 5320 2767 5389 promissam.

431 5402 631 5459 Verum
664 5422 814 5461 nunc
837 5408 1196 5478 inspiciamus
1222 5414 1277 5461 et
1304 5406 1489 5477 populi
1518 5405 1979 5469 incredulitatem,
2004 5404 2097 5474 qui
2143 5420 2436 5475 postquam
2475 5406 2637 5460 toties
2662 5406 2874 5477 experti
2905 5415 3035 5462 sunt
3069 5406 3368 5463 salutarem
3405 5401 3620 5456 Domini

358 5492 622 5545 virtutem
663 5504 717 5546 et
766 5495 1097 5561 potentiam,
1140 5492 1505 5549 nihilominus
1556 5490 1612 5546 in
1664 5490 2107 5548 incredulitatem
2154 5492 2392 5564 prolapsi
2444 5501 2595 5560 sunt,
2646 5509 2747 5550 nec
2803 5493 3213 5564 desiderarunt,
3271 5500 3330 5548 ut
3360 5506 3457 5563 par
3480 5496 3622 5549 erat.

330 5674 335 5679 ’
438 5676 483 5708 δ’
523 5673 664 5731 Nutu
717 5694 791 5743 st,
830 5676 922 5731 29.
1002 5676 1048 5710 ³⁸
1073 5673 1238 5731 Num.
1276 5691 1371 5743 xx,
1407 5674 1485 5744 5-,
1539 5671 1586 5706 ”
1619 5671 1753 5729 ibid-
1786 5671 1873 5729 ίθ·
