4010 6212
413 337 518 404 595
1178 346 1179 349 “
1711 335 1996 397 PROCOP

2102 334 2345 404 GAZ/EI
3191 297 3199 305 ”
3544 326 3649 391 596

417 461 618 503 terram
645 447 908 502 Chanaan
945 465 957 501 :
986 461 1085 502 nec
1123 446 1555 502 considerarunt
1585 445 1824 502 diﬂicilia
1850 462 1972 503 esse
2000 447 2255 517 pulchra.
2283 444 2399 499 Non
2437 442 2583 498 enim
2613 455 2680 496 ex
2712 439 2850 504 otio,
2882 439 2978 495 sed
3012 453 3076 493 ex
3103 435 3386 493 laboribus
3418 434 3646 505 pulchra

416 548 470 591 ct
501 537 731 591 honesta
775 535 1101 590 obveniunt.
1132 535 1403 590 Ca-ternm
1449 535 1562 589 haec
1594 535 2027 590 reservabantur
2069 531 2425 593 Christianis,
2454 530 2548 600 qui
2587 543 2685 599 per
2713 527 2896 582 varios
2930 540 3095 581 casus
3134 533 3191 578 et
3218 532 3298 577 tot
3328 520 3650 577 discrimina

417 638 602 677 rerum
635 622 872 677 tendunt
904 623 958 675 in
998 622 1300 677 aetheream
1330 621 1648 692 magniDei
1681 622 1887 676 aulam.
1909 620 2113 687 ingrati
2145 619 2222 673 illi
2252 616 2425 672 Juda'i
2459 623 2655 686 terque
2684 623 2989 684 quaterque
3016 612 3209 667 beatos
3234 609 3477 677 iudicant
3504 607 3648 671 illos,

419 711 511 778 qui
546 717 669 779 post
719 710 1011 764 devoratas
1054 711 1369 766 coturnices
1419 695 1648 764 mortem
1684 709 1943 764 obierint.
1989 706 2171 762 Moses
2206 705 2458 760 nonnihil
2505 711 2589 758 tot
2628 704 2732 758 vim
2775 700 3036 755 aerumnis
3075 698 3284 753 fractus
3322 712 3445 752 cum
3492 695 3655 750 vellet

419 798 739 851 claudicare
781 797 836 850 in
879 795 1006 860 ﬂde,
1042 813 1191 851 nunc
1226 798 1495 862 seniores,
1530 812 1678 852 nunc.
1713 797 1983 851 Aaronem
2017 795 2195 849 solum
2242 793 2424 849 ascire
2460 790 2674 845 socium
2699 789 2943 859 jubetur.
2977 786 3039 842 In
3082 785 3401 840 memoriam
3434 797 3653 853 quoque

422 885 558 939 Mosi
590 883 790 954 redigit
820 882 968 938 Deus
1003 885 1293 949 miracula,
1332 900 1454 954 qua:
1487 894 1645 939 antea
1689 883 1960 938 edidisset
2005 879 2319 934 ministerio
2363 878 2548 948 virgae.
2590 875 2726 929 Nam
2776 874 2996 944 inquit:
3034 890 3055 923 ι
3090 870 3239 941 Cape
3274 870 3505 938 virgam,
3546 882 3654 937 qua

423 971 746 1042 percussisti
782 970 1037 1025 ﬂuvium.
1076 990 1094 1022 ι
1124 970 1294 1036 Quasi
1335 971 1543 1045 diceret
1575 986 1589 1022 :
1632 970 1819 1040 Virga,
1878 985 1999 1041 quae
2034 976 2248 1022 tantum
2287 965 2490 1019 ﬂumen
2531 965 2586 1018 in
2632 963 2959 1030 sanguinem
2994 956 3409 1013 transformavit
3457 955 3656 1008 virtute

419 1060 626 1122 divina,
653 1057 928 1127 quomodo
964 1072 1071 1110 non
1117 1066 1332 1127 poterat
1356 1042 1554 1112 elicere
1606 1072 1803 1126 aquam
1845 1073 1911 1110 ex
1950 1057 2049 1110 hac
2082 1054 2279 1125 petra?
2311 1052 2575 1107 Praeterea
2611 1051 2806 1119 arrigit
2828 1049 2950 1118 ejus
2990 1047 3233 1101 animum
3276 1043 3344 1098 ad
3375 1042 3656 1096 meliorem

422 1160 598 1213 spem,
636 1144 935 1213 inquiens:
983 1161 1000 1193 ι
1037 1144 1177 1197 Ecce
1238 1159 1341 1212 ego
1385 1143 1542 1197 stabo
1575 1158 1760 1197 coram
1798 1151 1871 1196 te.
1908 1161 1925 1192 ι
1970 1143 2088 1197 Non
2132 1141 2284 1195 solus
2312 1149 2366 1195 et
2396 1139 2694 1193 destitutus
2738 1136 2869 1192 eris.
2914 1135 3028 1205 Ego
3055 1134 3240 1188 adero.
3309 1130 3427 1184 Non
3480 1138 3658 1189 tuum,

423 1233 518 1286 sed
555 1247 760 1295 meum,
791 1232 884 1299 qui
910 1231 1006 1284 tibi
1044 1232 1250 1287 auxilio
1278 1248 1422 1294 sum,
1462 1232 1592 1286 illud
1618 1233 1945 1285 miraculum
1971 1241 2073 1286 est.
2106 1234 2230 1301 Ipse
2246 1247 2373 1288 vero
2403 1232 2665 1286 litesitans
2693 1230 2826 1285 etad
2851 1227 3287 1284 incredulitatem
3315 1226 3659 1293 propendens

426 1321 507 1373 bis
545 1328 714 1388 petrae
743 1318 940 1372 inﬂixit
973 1319 1208 1388 virgam.
1257 1321 1325 1373 At
1363 1318 1504 1373 Deus
1549 1320 1885 1388 patiebatur,
1928 1320 2063 1372 nihil
2106 1330 2287 1373 motus
2316 1319 2420 1372 viri
2455 1318 2860 1380 incredulitate,
2901 1314 3157 1385 prosilire
3192 1326 3346 1381 aqua:
3396 1306 3659 1371 fecundas

426 1407 813 1476 scaturigines,
842 1423 912 1463 ne
940 1407 1159 1462 scilicet
1187 1408 1430 1478 populus
1460 1408 1625 1462 simili
1667 1416 1955 1477 raperetur
1985 1406 2391 1461 incredulitate.
2426 1403 2553 1459 Haec
2584 1405 2805 1474 quidem
2843 1404 3138 1466 hactenus,
3170 1405 3437 1468 quantum
3470 1395 3667 1449 attinet

426 1495 494 1549 ad
525 1496 970 1551 enucleationem
1005 1495 1276 1551 historiae.
1327 1496 1626 1562 Carterum,
1678 1506 1736 1551 ut
1782 1503 1835 1551 et
1867 1494 2181 1562 allegoriam
2214 1491 2593 1554 ostendamus,
2640 1489 2959 1544 memineris
2991 1487 3201 1550 Mosen,
3249 1484 3421 1552 legem
3454 1498 3467 1535 :
3496 1482 3666 1533 Aaro—

425 1597 574 1640 nem,
636 1581 1049 1648 sacerdotium;
1105 1581 1328 1636 Mariam
1375 1591 1778 1652 repraesentare
1819 1579 2237 1636 cmrimonialem
2285 1579 2423 1649 legis
2470 1579 2699 1633 cultum.
2728 1575 2863 1631 Nam
2901 1575 3106 1630 alicubi
3147 1572 3315 1626 tradit
3349 1568 3661 1638 Scriptura:

433 1687 452 1717 ι
483 1665 654 1721 Emisi
688 1674 815 1722 ante
837 1667 1031 1722 faciem
1063 1676 1209 1722 tuam
1238 1668 1425 1724 Mosen
1461 1678 1516 1723 et
1542 1670 1811 1722 Aaronem
1866 1666 2509 1741 Mariamque”.rlgitnr,
2541 1678 2598 1722 ut
2634 1668 2761 1722 hinc
2792 1673 2964 1736 patet,
2995 1664 3159 1720 etiam
3219 1663 3336 1732 ipsa
3390 1661 3667 1716 declarata

427 1765 575 1815 erat.
612 1766 671 1811 ut
700 1757 915 1813 veniret
952 1759 1004 1811 in
1032 1766 1239 1828 partem
1270 1756 1323 1814 et
1353 1759 1669 1814 societatem
1705 1759 1851 1813 illius
1879 1758 2162 1829 regiminis
2188 1799 2201 1822 ,
2225 1772 2336 1826 quo
2365 1756 2777 1828 gubernabatur
2809 1759 3067 1825 populus.
3129 1753 3471 1820 Quapropter
3521 1746 3672 1802 devi-

432 1852 519 1895 cto
547 1841 853 1908 Pharaone,
886 1844 1004 1913 ipsa
1031 1844 1229 1898 cecinit
1260 1860 1482 1899 carmen
1510 1846 1750 1901 victoria:
1780 1846 2017 1915 signum,
2051 1847 2194 1923 (ιιιοᾱ
2217 1854 2609 1914 composuerat
2649 1843 2849 1908 Moses,
2880 1857 3097 1914 gravem
3120 1841 3376 1896 emittens
3403 1854 3501 1907 per
3527 1847 3672 1908 tym-

430 1952 575 2005 pana
606 1950 826 1992 sonum.
860 1935 997 1990 Nam
1035 1928 1120 1989 lett
1152 1943 1227 1998 ct,
1262 1935 1352 2003 qui
1380 1935 1433 1986 in
1471 1934 1682 1988 umbris
1713 1935 2041 1988 versabatur
2069 1934 2230 2007 267
2261 1925 2461 1995 cultus,
2495 1932 2816 1986 immensam
2847 1941 2900 1985 et
2926 1929 3194 1985 infinitam
3226 1926 3318 1981 Dei
3376 1926 3675 1980 decantant

434 2024 756 2093 potentiam.
801 2024 872 2076 At
909 2023 1025 2077 haec
1069 2023 1304 2076 moritur
1344 2022 1405 2074 in
1442 2036 1633 2075 mense
1659 2021 1858 2091 primo.
1904 2019 2182 2088 Siquidem
2227 2022 2280 2075 in
2328 2021 2428 2075 hoc
2462 2033 2651 2073 mense
2696 2016 2970 2093 paschalis
3001 2014 3315 2068 immolatur
3364 2025 3557 2080 agnus.
3601 2009 3675 2061 At

432 2092 702 2165 enini-itur
730 2127 840 2166 non
868 2126 1030 2166 secus
1061 2125 1125 2164 ac
1156 2108 1347 2179 legalis
1382 2110 1598 2164 colendi
1641 2109 1806 2163 Deum
1878 2109 2038 2163 ritus.
2069 2104 2337 2159 Caeterum
2366 2102 2595 2172 justitiee
2638 2092 2769 2163 Sol,
2801 2106 3023 2169 propter
3061 2111 3222 2167 quem
3276 2095 3368 2153 illa
3419 2092 3664 2160 fungitur

436 2195 571 2256 vita,
595 2200 822 2248 exortus
851 2204 937 2248 est
974 2193 1026 2249 in
1054 2208 1238 2247 mense
1275 2206 1545 2246 novorum
1591 2190 1889 2245 fructuum.
1938 2191 2216 2260 Siquidem
2268 2199 2321 2244 et
2346 2192 2481 2259 ipse,
2508 2190 2600 2257 qui
2634 2188 2895 2257 loquitur,
2922 2184 3138 2241 dicebat
3173 2203 3184 2237 :
3232 2182 3438 2239 Adsum
3474 2188 3534 2233 ut
3559 2193 3678 2232 ma-

433 2286 634 2340 turitas
655 2284 872 2355 frugum
894 2286 947 2338 in
969 2284 1268 2343 montibus,
1304 2284 1532 2354 etquasi
1555 2284 1608 2337 in
1632 2298 1817 2337 mense
1849 2297 2116 2336 novarum
2144 2279 2385 2348 frugum.
2449 2278 2571 2331 Pari
2589 2278 2799 2335 ratione
2816 2275 3012 2330 aﬂatus
3037 2273 3278 2344 gentium
3336 2267 3668 2325 Ecciesiam:

436 2369 634 2439 Surge,
666 2368 869 2423 accede
898 2369 963 2423 ad
997 2382 1082 2421 me
1113 2367 1365 2437 pr0pius,
1389 2368 1616 2438 pulchra
1648 2383 1766 2422 mea
1792 2365 2079 2422 columba.
2112 2367 2247 2433 Quia
2281 2381 2407 2421 ecce
2437 2366 2612 2439 hiems
2639 2363 2934 2432 ‘prwteriit,
2966 2366 3019 2417 et
3045 2360 3218 2415 imber
3248 2357 3419 2439 abiit1
3429 2354 3683 2439 Advene-

439 2464 568 2509 runt
598 2456 646 2510 ei
692 2454 878 2519 ﬂores,
917 2453 1108 2516 ﬂores,
1143 2434 1401 2523 inquam,
1427 2456 1529 2508 visi
1564 2465 1693 2508 sunt
1745 2455 1798 2509 in
1865 2450 2153 2524 superficie
2193 2460 2374 2503 terrae.
2421 2437 2660 2515 Tempus
2700 2444 2961 2500 sectionis
3012 2442 3160 2495 venit
3206 2439 3272 2492 ³⁵.
3311 2434 3685 2491 Reﬂoruimus

437 2540 670 2591 enimm
702 2537 926 2592 Christo
962 2537 1026 2590 ad
1059 2538 1354 2593 novitatem
1408 2537 1531 2591 vita:
1576 2535 1932 2600 festinantes,
1962 2543 2017 2590 et
2055 2537 2388 2606 aspicientes
2416 2534 2713 2596 invisibile,
2748 2531 2895 2602 quod
2925 2530 3037 2584 sola
3072 2538 3250 2582 mente
3290 2524 3540 2580 cernitur
3564 2535 3683 2583 ver,

438 2620 651 2675 scilicet
677 2607 922 2673 divinum
953 2619 1157 2674 Christi
1192 2620 1509 2674 adventum.
1557 2619 1779 2674 Mortuo
1829 2619 1994 2690 legali
2032 2603 2309 2682 cultu,siti
2340 2624 2566 2671 vexatus
2600 2624 2686 2671 est
2724 2614 2981 2685 populus,
3023 2610 3253 2681 penuria
3304 2603 3682 2690 spiritualium

438 2708 752 2763 ﬂuviorum.
780 2694 929 2761 Bibit
964 2707 1137 2772 igitur
1169 2707 1480 2778 largissime
1508 2707 1717 2763 Christi
1750 2722 1848 2761 ora
1864 2684 1988 2759 cirla
2023 2702 2318 2757 secnndum
2347 2698 2575 2752 Paulum
2612 2693 2939 2753 scribentem
2977 2712 2989 2746 :
3034 2713 3053 2745 ι
3089 2692 3237 2745 Bibit
3265 2705 3331 2743 ex
3377 2684 3685 2756 spirituali,

440 2806 562 2860 quae
603 2791 753 2860 ipsos
783 2790 1137 2860 sequebatur,
1169 2771 1345 2859 petra.
1397 2791 1464 2844 At
1505 2800 1658 2857 petra
1701 2799 1819 2845 erat
1871 2789 2150 2852 Christus,
2191 2807 2208 2840 ι
2244 2787 2287 2819 ⁸⁷
2326 2787 2593 2840 infractus
2626 2796 2679 2841 et
2739 2783 3044 2838 immobilis
3076 2781 3375 2834 exsistens.
3423 2774 3557 2860 Nam

440 2854 568 2933 vina
598 2854 798 2932 natura
832 2854 952 2932 suis
981 2877 1146 2931 bo‘nis
1172 2854 1726 2932 innixa’conlirmata
1759 2886 1813 2932 et
1847 2874 2188 2931 consolidata
2219 2880 2322 2925 est.
2353 2870 2548 2925 Verum
2577 2867 2849 2938 quomodo
2888 2881 3028 2935 aqua
3094 2862 3361 2933 producta
3413 2857 3537 2911 est?
3575 2854 3690 2907 Ad-

443 2968 603 3015 erant
630 2961 885 3016 seniores
918 2959 1103 3029 populi
1154 2971 1209 3014 ct
1257 2960 1598 3023 sacerdotes,
1640 2960 1693 3013 id
1724 2967 1830 3022 est,
1876 2958 2154 3029 principes
2196 2958 2564 3016 sacerdotum.
2592 2955 2799 3011 Scriba:
2843 2963 2897 3009 et
2943 2951 3227 3013 Pharisaei,
3255 2949 3346 3017 qui
3409 2946 3464 3000 in
3506 2945 3621 3013 lege
3653 2957 3691 2997 a

443 3047 597 3101 Mose
627 3027 1072 3103 instituebantur
1088 3053 1146 3099 et
1186 3045 1609 3110 erudiebantur,
1645 3027 1980 3112 tandemque
1999 3027 2445 3097 vociferabantur
2479 3040 2533 3093 in
2563 3050 2867 3109 conspectu
2894 3034 3058 3089 l’ilati
3096 3052 3110 3088 :
3142 3030 3408 3100 Cruciﬁge
3438 3027 3506 3092 ⁸⁸,
3530 3033 3637 3080 etc.
3670 3041 3691 3086 ξ

444 3138 499 3182 et
528 3129 619 3185 hic
654 3138 772 3183 erat
798 3129 941 3189 ictus
970 3129 1205 3198 primus.
1254 3129 1409 3183 Alter
1455 3128 1573 3182 sive
1609 3128 1890 3183 secundus
1930 3128 2076 3183 ictus
2097 3136 2234 3191 erat,
2266 3142 2429 3196 quem
2464 3125 2781 3180 inferebant
2814 3123 3036 3177 Christo
3071 3128 3264 3190 petrae,
3299 3116 3427 3171 dum
3460 3124 3695 3184 persua-

447 3215 580 3270 dere
610 3215 976 3269 moliebantur
1007 3216 1270 3270 Omnibus
1325 3216 1503 3285 ipsum
1538 3230 1649 3269 non
1692 3215 2067 3269 resnrrexisse
2096 3226 2125 3264 a
2171 3211 2421 3265 mortuis.
2463 3208 2728 3276 Quamvis
2760 3205 3024 3262 omnibus
3074 3201 3251 3256 modis
3301 3198 3695 3285 impedimenta

448 3308 732 3369 pararent,
759 3305 1005 3353 attamen
1036 3298 1389 3368 evangelicus
1417 3300 1595 3354 amnis
1621 3297 1867 3352 excurrit
1896 3297 1952 3351 in
1992 3299 2309 3353 universum
2340 3297 2553 3362 orbem,
2576 3296 2732 3365 juxta
2770 3292 3047 3363 propheta:
3075 3288 3402 3342 vaticinium
3436 3302 3450 3337 :
3487 3302 3505 3334 ι
3548 3278 3699 3335 ECce

450 3364 553 3456 ego
578 3386 800 3440 decline
823 3386 877 3439 in
905 3387 1057 3454 ipsos
1083 3393 1144 3440 ut
1174 3364 1374 3443 ﬂuvius
1408 3389 1584 3457 pacis,
1611 3395 1666 3443 et
1698 3396 1758 3441 ut
1791 3396 2011 3442 torrens
2043 3382 2318 3446 inundans
2343 3364 2585 3452 gloriam,
2614 3378 2858 3448 gentium
2889 3375 2966 3426 δ’.
3015 3372 3154 3427 Huic
3178 3369 3510 3440 astipulatur
3544 3364 3697 3435 psal-

452 3452 578 3525 nius
606 3485 618 3520 :
663 3486 681 3525 ι
720 3452 990 3528 Fluminis
1016 3469 1262 3548 impetus
1283 3452 1594 3524 exhilarant
1625 3469 1901 3524 civitatem
1939 3467 2032 3522 Dei
2061 3469 2130 3525 ⁸ο.
2164 3490 2182 3523 ι
2222 3470 2287 3524 Et
2319 3469 2383 3523 ad
2408 3468 2626 3523 Patrem
2649 3468 2933 3521 cmlestcm
2974 3462 3053 3517 ait
3086 3480 3101 3517 :
3140 3480 3160 3512 ‹
3196 3458 3266 3514 Ut
3306 3452 3696 3525 ruultiplicasti

453 3554 890 3617 misericordiam
927 3541 1099 3620 tuan),
1131 3571 1165 3612 ο
1198 3557 1385 3612 Deus:
1420 3557 1517 3611 filii
1554 3558 1837 3611 hominum
1868 3556 1973 3611 sub
2031 3553 2267 3624 tegmine
2306 3552 2516 3605 alarum
2575 3558 2791 3604 tuarum
2839 3545 3158 3616 sperabunt.
3204 3541 3627 3597 Inebriabunlur
3661 3547 3698 3587 ι

456 3638 792 3707 pinguedine
822 3638 1023 3696 domus
1053 3648 1183 3706 tuae,
1208 3648 1264 3694 et
1292 3649 1538 3695 torrente
1568 3640 1815 3694 alimenti
1844 3639 1922 3692 tui
1960 3640 2174 3707 potabis
2202 3654 2323 3694 eos.
2359 3638 2496 3703 Quia
2536 3650 2701 3706 penes
2734 3645 2785 3689 te
2829 3645 2913 3688 est
2943 3629 3067 3685 fons
3100 3630 3224 3684 vita:
3255 3626 3322 3691 “,
3359 3644 3378 3677 ι
3406 3639 3502 3694 per
3528 3636 3696 3690 quem

455 3727 842 3798 perveniemus
865 3726 919 3781 in
954 3727 1330 3783 bmreditatem
1360 3736 1597 3798 patrum,
1630 3741 1741 3797 quo
1767 3725 1987 3795 quidem
2028 3723 2337 3791 pertingere
2355 3735 2460 3790 ope
2488 3718 2624 3790 legis
2647 3715 3016 3786 nequivimus.

524 3838 696 3908 Aliter
722 3837 849 3892 licet
872 3837 1227 3908 interpretari
1263 3837 1408 3892 hunc
1440 3837 1642 3902 locum,
1669 3836 1815 3907 quod
1841 3835 2018 3891 Moses
2044 3840 2099 3888 et
2124 3831 2410 3887 Aaronoh
2432 3825 2875 3881 incredulitatem
2903 3833 3032 3878 sunt
3053 3818 3286 3888 culpati.
3310 3816 3511 3908 Castra
3527 3810 3698 3866 variis

455 3904 760 3994 multisque
793 3898 1071 3993 ponuntur
1101 3924 1237 3979 locis
1266 3923 1337 3978 ab
1374 3924 1482 3987 his,
1509 3924 1604 3994 qui
1632 3898 1847 3995 egressi
1875 3929 2003 3977 sunt
2030 3919 2289 3990 Egypto.
2348 3915 2616 3969 Caeterum
2668 3912 2801 3965 nihil
2851 3910 3033 3963 obstat
3089 3907 3222 3977 quin
3254 3918 3350 3975 per
3394 3898 3703 3995 erili-noset

458 4013 578 4066 loca
609 3983 918 4067 castrorum
954 4011 1330 4080 intelligamus
1365 3983 1624 4078 virtutes,
1660 3983 1712 4064 in
1744 4011 1944 4080 quibus
1974 3983 2206 4079 populus
2228 4017 2464 4072 sequens
2496 4001 2806 4080 columnam
2837 3994 2997 4050 nubis
3027 3999 3276 4047 moratur
3308 3996 3363 4044 et
3377 3983 3697 4080 requies-cit.

457 4098 661 4154 Verum
689 4097 1009 4167 diligentius
1045 4070 1392 4153 excutiamus
1424 4070 1777 4161 miraculum,
1807 4095 1953 4165 quod
1974 4070 2188 4149 'ac'cidit
2220 4092 2274 4145 in
2307 4070 2571 4160 percussa
2597 4076 2782 4156 petra.
2814 4084 2998 4144 Petra,
3022 4094 3147 4150 quae.
3171 4088 3368 4132 natura
3403 4081 3499 4167 est
3523 4070 3701 4127 solida

456 4195 511 4241 et
534 4187 694 4249 dura,
722 4160 912 4255 potum
938 4185 1143 4255 praebet
1175 4183 1381 4238 aﬂatirn
1408 4184 1741 4250 sitientibus,
1766 4160 1972 4238 duritie
2000 4183 2177 4235 soluta
2212 4179 2263 4231 in
2290 4179 2552 4245 liquorem
2587 4185 2844 4242 aqueum.
2868 4167 3004 4222 Nam
3031 4166 3123 4237 qui
3150 4165 3202 4217 in
3232 4176 3372 4255 aqua
3400 4160 3704 4255 reliquerat

460 4244 802 4328 Pharaonem
827 4244 1120 4330 mmtuum,
1140 4275 1195 4321 et
1214 4267 1361 4337 ligno
1379 4266 1581 4335 injecto
1603 4244 1799 4334 aquam
1825 4278 2066 4319 amaram
2084 4244 2397 4319 reddiderat
2422 4259 2641 4315 dulcem
2660 4266 2716 4312 et
2735 4255 3057 4326 potabilem,
3083 4252 3287 4320 quique
3306 4249 3359 4301 in
3387 4244 3707 4337 apostolicis

458 4356 820 4418 deliciabatur
848 4354 1092 4415 fontibus
1109 4329 1476 4421 requiescens
1501 4354 1604 4408 sub
1629 4329 1931 4421 palmarum
1957 4351 2169 4413 umbra,
2193 4349 2309 4417 jam
2335 4348 2431 4401 Dei
2453 4360 2631 4415 capax
2660 4344 2915 4407 efﬁcitur,
2944 4337 3289 4409 significante
3320 4336 3446 4403 ipso
3471 4329 3708 4421 Deostvb

461 4452 635 4512 petra,
662 4440 804 4510 quod
827 4442 897 4494 sit
918 4439 1105 4494 aridus
1129 4447 1184 4492 et
1201 4419 1377 4501 durus
1406 4419 1728 4493 incredulis.
1758 4437 1815 4492 Si
1834 4453 1963 4492 vero
1976 4438 2099 4507 quis
2125 4436 2411 4489 admoveat
2440 4434 2645 4502 virgam
2665 4429 2810 4495 fidei,
2844 4429 3060 4481 dulcem
3089 4422 3283 4479 oﬂerat
3305 4436 3501 4491 aquam
3519 4419 3709 4471 sitien-

461 4504 629 4587 tibus.
655 4504 795 4599 rligo
824 4528 991 4591 enim,
1019 4528 1218 4597 inquit,
1251 4537 1305 4581 et
1340 4528 1501 4582 Pater
1527 4542 1680 4583 meus
1712 4504 2018 4591 veniemus,
2040 4534 2096 4579 et
2126 4522 2467 4576 mansionem
2499 4518 2641 4588 apud
2670 4518 2846 4586 ipsum
2866 4514 3132 4569 faciemus
3148 4510 3248 4563 ⁸⁸.»
3272 4511 3330 4563 in
3349 4504 3708 4599 libroNutne-

461 4632 651 4677 torum
686 4590 910 4677 additur
939 4630 954 4666 :
980 4590 1007 4668 Vr
1035 4590 1173 4678 Quia
1206 4590 1337 4667 non
1372 4613 1709 4677 credidistis,
1750 4621 1810 4666 ut
1860 4609 2278 4666 sanctificaretis
2335 4609 2493 4673 me”,
2517 4629 2536 4663 ι
2562 4609 2614 4666 id
2639 4615 2743 4668 est,
2765 4600 3114 4655 honoraretis
3160 4613 3264 4655 me.
3330 4593 3540 4649 Revera
3562 4590 3706 4644 enim

462 4712 547 4757 est
575 4703 848 4763 honorare
875 4699 1067 4763 Deum,
1103 4714 1210 4753 non
1240 4699 1547 4754 rationibus
1586 4698 1775 4760 rimari
1812 4696 2264 4766 superstitiosius
2319 4693 2497 4763 ipsius
2525 4703 2731 4763 Opera:
2765 4686 2865 4742 sed
2899 4686 3085 4743 omnia
3116 4681 3395 4738 ascribere
3426 4678 3629 4733 divina:
3654 4681 3711 4729 et

465 4788 757 4862 superiori,
787 4788 1111 4857 meliorique
1167 4785 1446 4856 potentia.
1481 4764 2036 4854 Verurntarttctnjusti
2067 4792 2295 4854 peccant
2347 4779 2506 4833 labiis
2536 4793 2551 4830 :
2581 4782 2637 4829 at
2658 4772 2813 4842 impii
2867 4780 3069 4826 mente.
3111 4768 3183 4824 Ut
3209 4781 3483 4862 namque"
3508 4764 3711 4862 impius
3754 4786 3757 4789 λ

467 4848 649 4930 incute
670 4848 938 4939 alienatus
971 4848 1106 4935 «sta
1144 4848 1277 4941 Deo,
1302 4880 1356 4928 et
1388 4883 1567 4933 tamen
1604 4871 1822 4927 videtur
1844 4848 2028 4941 aliquo
2059 4848 2223 4925 modo
2271 4865 2712 4938 appropinquare
2750 4861 2858 4915 Deo
2890 4876 2903 4912 :
2936 4859 3073 4911 Nam
3106 4876 3124 4908 ι
3150 4855 3394 4941 Populus
3429 4851 3527 4941 ille
3553 4848 3715 4941 labiis

465 4981 552 5019 me
577 4938 832 5033 honerat,
864 4974 919 5014 at
953 4977 1048 5017 cor
1080 4936 1276 5016 eorum
1304 4960 1497 5029 procul
1540 4953 1699 5013 abest
1732 4976 1763 5012 a
1794 4936 1970 5025 me“;
2005 4978 2024 5010 ι
2057 4959 2137 5014 sic
2161 4957 2285 5027 pius
2310 4936 2462 5010 solis
2492 4950 2714 5004 habitur
2744 4946 2925 5001 labiis.
2951 4944 3303 5012 Quapropter
3362 4937 3529 4995 David
3558 4936 3713 5033 ill-um

467 5021 716 5116 excusat,
744 5021 978 5111 dicendo
1014 5067 1027 5103 :
1058 5066 1078 5111 ι
1105 5047 1172 5109 Et
1200 5021 1436 5116 amictus
1478 5055 1563 5101 est
1598 5045 1775 5106 Moses
1831 5021 2051 5117 propter
2080 5021 2277 5112 illos",
2291 5054 2346 5101 et
2366 5059 2472 5110 non
2500 5045 2725 5109 propter
2755 5049 2811 5089 se
2831 5052 2853 5091 ι
2880 5073 2893 5085 .
2980 5030 3098 5084 Non
3147 5028 3385 5117 credidit
3441 5021 3715 5117 siuti-idem

466 5138 804 5211 inconsulto,
851 5136 1156 5191 subversus
1186 5108 1624 5201 curansversus
1682 5108 1846 5188 actus
1875 5150 1904 5195 a
1934 5108 2133 5209 populo
2187 5108 2623 5186 contradicente.
2680 5122 2749 5172 At
2779 5117 3058 5188 quomodo
3119 5116 3359 5171 afﬂictus
3404 5108 3718 5211 est'bioses

470 5197 690 5296 propter
721 5197 883 5280 illos?
917 5226 1034 5293 ipse
1068 5238 1291 5279 causam
1320 5197 1538 5276 infert:
1566 5241 1585 5283 ι
1616 5222 1755 5288 Quia
1792 5197 2262 5290 exacerbaveruut
2312 5216 2566 5286 spiritum
2615 5209 2760 5278 eius.
2790 5213 2846 5261 el
2875 5205 3146 5262 diStinxil
3209 5202 3369 5258 labiis
3428 5200 3546 5256 suis
3572 5197 3615 5227 “
3639 5234 3653 5261 ι
3686 5213 3704 5247 ν

468 5315 520 5370 ἱοΙ
551 5320 656 5376 est,
694 5310 924 5366 divisam
954 5296 1143 5365 habuit
1170 5311 1430 5381 linguam.

550 5422 699 5480 Venit
751 5432 926 5483 autem
968 5423 1202 5487 Amalck,
1231 5432 1279 5487 et
1334 5423 1598 5501 profectus
1646 5434 1723 5477 est
1777 5420 1948 5485 Israel
1992 5422 2045 5473 in

2220 5413 2409 5473 Ἶιλθε
2434 5414 2503 5473 δὲ
2539 5394 2820 5482 Ἀμαλὴιέ,
2841 5405 2939 5463 καὶ
2965 5402 3346 5474 ἐπολέμησεν
3376 5395 3629 5467 Ἰσραὴλ
3655 5390 3724 5444 ἐν

544 5605 591 5637 ³⁸
633 5601 794 5658 Mich.
855 5616 937 5663 vr,
989 5602 1043 5656 4.
1123 5602 1166 5633 ⁸⁸
1193 5601 1353 5656 Cant.
1406 5618 1464 5666 ιι,
1520 5602 1709 5655 10-19..
1790 5601 1834 5632 ³⁷
1866 5600 1880 5651 Ι
1914 5600 2040 5654 (lor.
2105 5614 2127 5651 ιι

2147 5641 2158 5658 ,
2201 5598 2252 5650 4.
2331 5597 2374 5628 ³⁸
2396 5594 2557 5666 .loan.
2604 5608 2717 5666 ius,
2764 5590 2815 5644 6.
2894 5586 3104 5666 ”__lsa_.-
3136 5598 3283 5666 ιιιενι.
3340 5580 3425 5666 Ιῆε
3580 5575 3720 5666 Esal'.

410 5710 413 5711 ν
475 5692 599 5737 sev,
628 5646 802 5729 ἕνἚῖ
844 5646 1361 5740 ᾖὲεῖιίιιιινλῖῖὁί
1406 5646 1464 5703 τί
1496 5646 1993 5737 δὸῖιιιί-ιέινβῖᾖωλ

475 5762 558 5814 av,
589 5746 677 5805 52.
754 5743 798 5778 “
824 5742 955 5804 ibid.
991 5744 1081 5803 5'5.

2141 5646 2479 5731 ιιι-’χῃὶῖξ
2524 5664 2568 5695 ’⁸⁵
2603 5646 2885 5728 Ιξιιίιχιιι,
2929 5652 3247 5725 ίῦξΜειιιΙι.
3276 5668 3364 5716 κν,
3395 5652 3449 5704 8.
3514 5649 3558 5682 ⁸⁵
3581 5646 3722 5715 ΡδιιΙ,
