4010 6212
301 319 402 385 597
1419 337 1957 404 COMMENTARII
1997 345 2078 404 IN
2117 345 2462 410 EXODUM.

3445 319 3547 406 se

300 437 592 508 Ῥαφιδίν.
619 435 728 496 Ἦν
755 443 856 513 μὲν
886 445 918 498 ὁ
949 446 1194 520 Ἀμαλὴκ
1213 425 1396 528 spiro;
1419 455 1532 507 ’ἀπὸ
1577 456 1768 522 Ἡσαῦ,
1791 457 1858 520 ὡς

1977 457 2276 525 Raphidim.
2309 459 2458 512 Dixit
2491 468 2667 512 autem
2703 457 2876 511 Moses
2927 454 3074 521 Iesu,
3108 465 3212 512 etc.
3242 455 3426 528 [XVIL
3463 459 3543 530 8.]

227 539 234 544 ‘
291 530 348 582 ὲν
373 532 440 600 τῇ
478 531 519 582 Γ
523 535 700 587 ενέσει.
723 537 911 605 φησιν,
944 538 1052 591 ἀπὸ
1071 539 1293 611 Θάμνας
1317 547 1416 614 τῆς
1443 548 1749 618 παλλακῆς.

365 733 590 806 Ἐπειδὴ
619 734 854 804 ἤμελλεν
891 740 920 791 ὀ
963 738 1171 809 Ἰησοῦς
1212 741 1551 813 διαδέχεσθαι
1581 745 1674 799 τὸν
1707 746 1883 800 Μωῦ-

293 821 408 884 csa,
433 823 532 876 καὶ
553 823 794 894 πόλεμον
823 829 1079 896 μέγιστον
1101 830 1457 901 ἀναδέχεσθαι
1487 835 1626 905 πρὸς
1647 836 1716 888 τὰ
1744 835 1872 906 ἔθνη

291 915 352 966 τὰ
381 919 486 986 τὴν
535 918 903 991 Παλαιστίνην
958 923 1234 990 οἰκοῦντα,
1287 931 1670 998 προγυμνάζει
1711 932 1874 984 αὑτὸν

286 1007 366 1060 ἔτι
393 1009 605 1080 περιὼν
641 1013 670 1064 ὁ
695 1013 958 1084 Μωῦσῆς,
983 1017 1078 1070 καὶ
1104 1021 1168 1088 τῇ
1209 1018 1439 1088 δυνάμει
1491 1023 1598 1074 τῶν
1651 1024 1871 1076 οἰκείων

283 1099 464 1167 εὐχῶν
499 1103 656 1172 νικᾷν
710 1108 1140 1173 παρασκευάζει.
1190 1109 1278 1162 Ἐν
1317 1111 1372 1163 δὲ
1417 1115 1532 1175 τοῖς
1591 1114 1872 1182 Ἀριθμοίς

285 1190 474 1259 Αὐσῆν
501 1193 666 1244 αὐτὸν
691 1196 869 1260 καλεῖ,
895 1197 990 1249 καὶ
1024 1200 1406 1268 μετωνόμασεν
1436 1203 1598 1256 αὑτὸν
1630 1205 1870 1273 Μωῦσῆς

297 1280 534 1342 Ἰησοῦν.
579 1285 976 1356 Προληπτικῶς
1033 1285 1126 1342 οὖν
1203 1292 1439 1345 amco:
1505 1295 1720 1362 λέγεται
1761 1295 1867 1365 ’1η-

1976 549 2104 604 Fuit
2151 551 2374 604 Amalek
2412 551 2602 605 tertius
2657 549 2726 604 ab
2773 549 2941 614 Esau,
2976 557 3036 602 ut
3075 549 3130 602 in
3193 547 3390 603 Genesi
3428 565 3554 618 per-

1979 639 2278 704 hibetur",
2307 647 2472 694 natus
2503 655 2567 694 ex
2591 637 2838 692 Thamna
2875 639 3084 707 pellice.

2053 748 2156 806 Sed
2184 752 2312 820 quia
2343 751 2510 806 Josue
2569 765 2931 806 successurus
2993 759 3110 804 erat
3153 748 3313 814 Mosi,
3356 758 3410 804 et
3432 763 3554 802 ma-

1979 857 2146 910 gnum
2177 842 2376 896 bellum
2431 843 2682 896 illaturus
2713 841 2928 910 populis
2982 839 3333 894 Palatslinam
3392 839 3553 892 inco-

1978 931 2234 998 lentibus,
2279 948 2384 986 non
2420 933 2693 986 immerito
2726 947 2824 987 ceu
2859 930 3004 1002 Tyro
3027 931 3296 1000 quispiam
3329 930 3556 986 instrui-

1979 1031 2067 1076 tur
2119 1031 2172 1076 et
2229 1031 2520 1076 exercetur
2567 1024 2734 1093 268
2790 1023 2964 1093 prius,
3011 1029 3070 1076 ut
3119 1022 3302 1076 discat
3353 1021 3556 1075 virtute

1977 1114 2246 1168 orationis
2273 1113 2586 1182 domandos
2628 1128 2752 1168 esse
2787 1111 3238 1168 hostes.lnlibro
3281 1110 3553 1165 Numero-

1977 1217 2098 1254 rum
2133 1213 2288 1255 vocat
2343 1216 2467 1256 eum
2495 1203 2680 1256 Auscn
2699 1203 2780 1268 ‘3;
2835 1215 3005 1266 nunc,
3037 1208 3252 1255 mutato
3308 1201 3549 1264 nomine,

1978 1292 2158 1360 ipsum
2189 1292 2369 1346 Moses
2417 1292 2652 1361 appellat
2678 1291 2888 1346 Jesum.
2937 1290 3350 1359 Anticipatione
3387 1289 3552 1358 igitur

289 1371 418 1434 σούς
453 1374 532 1436 ὠς
579 1376 672 1428 καὶ
718 1379 816 1446 ειςὴιΙ
867 1377 1094 1448 ὕστερον
1147 1381 1438 1452 κληθεῖσαν
1512 1385 1858 1458 Ἰερουσαλὴμ

1977 1381 2208 1451 quadam
2234 1383 2334 1434 hoc
2354 1383 2476 1434 loco
2499 1379 3046 1450 nuncupaturJesus,
3069 1379 3232 1435 siculi
3249 1377 3551 1434 Jerusalem

289 1463 582 1531 προλαϐὼν
611 1466 784 1532 οὕτως
809 1471 866 1524 ἐν
897 1470 974 1542 τῷ
1007 1471 1180 1541 Ἰησοῦ
1223 1473 1398 1540 καλεῖ,
1455 1477 1718 1546 πρότερον
1770 1479 1866 1532 Ἰε-

287 1552 420 1617 ϐοὖς
459 1555 826 1628 καλουμένην
853 1562 946 1614 καὶ
977 1562 1076 1633 τὴν
1106 1563 1328 1630 Βαισὰν,
1371 1565 1726 1620 Σκυθόπολιν.

1976 1473 2288 1526 nominatur
2339 1473 2503 1534 urbs,
2551 1487 2672 1542 qua:
2725 1473 2877 1542 prius
2940 1471 3226 1526 dicebatur
3301 1467 3550 1525 Jebus”.

1981 1564 2100 1618 Pari
2127 1565 2336 1618 ratione
2359 1563 2566 1618 Bassam
2607 1573 2885 1634 nuncupat
2911 1562 3312 1634 ScythOpolim.

361 1692 830 1757 Quemadmodum
864 1697 1034 1752 duces
1066 1713 1162 1752 seu
1196 1698 1556 1768 imperatores
1590 1701 1743 1770 prius
1775 1713 2140 1756 commeatum
2183 1702 2433 1772 praebent
2465 1701 2762 1766 militibus,
2795 1709 2850 1756 et
2874 1701 3070 1756 deinde
3115 1701 3328 1771 signum
3359 1713 3552 1769 pugnae

291 1791 642 1849 proponunt;
673 1785 754 1838 sic
789 1783 988 1838 divina:
1011 1785 1253 1850 virtutis,
1288 1786 1490 1840 milites
1522 1789 1793 1856 spirituali
1831 1797 1992 1858 capto
2045 1790 2192 1852 cibo,
2231 1797 2463 1859 pergunt
2493 1789 2544 1843 in
2575 1791 2786 1845 hostem
2823 1787 3088 1859 auspiciis
3121 1795 3176 1842 et
3203 1788 3370 1842 ductu
3400 1785 3548 1840 Jesu.

293 1865 436 1920 Ecce
492 1872 941 1938 consequentiam
973 1873 1266 1927 orationis.
1297 1872 1631 1941 Quantisper
1664 1874 1831 1928 homo
1864 1877 2133 1931 infirmior
2149 1885 2256 1944 est,
2283 1879 2468 1945 nequit
2501 1893 2596 1946 per
2621 1893 2681 1932 se
2707 1876 2986 1946 depellere
3018 1878 3229 1930 hostem
3253 1893 3267 1942 ;
3289 1875 3383 1930 sed
3405 1873 3548 1927 Deus

290 1955 485 2008 multis
517 1957 690 2024 plagis
721 1968 776 2010 et
797 1959 1118 2014 vulneribus
1167 1957 1460 2013 contundit
1491 1961 1724 2028 hostem,
1760 1969 1819 2014 ut
1851 1963 2210 2018 inﬁrmiorem
2247 1973 2490 2018 tueatur.
2521 1951 2620 2018 Ubi
2657 1979 2787 2020 vero
2843 1963 3008 2018 fuerit
3037 1969 3328 2031 exemptus
3365 1969 3554 2030 tyran-

289 2045 413 2096 nica
451 2045 738 2112 servitute,
764 2057 818 2101 et
851 2061 946 2116 per
981 2047 1312 2116 baptismum
1345 2048 1652 2116 impleverit
1679 2057 1868 2120 typum
1904 2053 2070 2108 maris
2089 2052 2290 2118 Rubri,
2331 2068 2428 2108 nec
2461 2067 2568 2108 non
2593 2053 2838 2108 hauserit
2873 2066 3070 2122 aquam
3103 2051 3236 2120 ligni
3267 2048 3552 2104 dulcedine

289 2139 674 2200 ιειιιρετειιθηι.
697 2133 1140 2204 requieveritque
1171 2135 1275 2190 sub
1301 2136 1610 2204 palmarum
1639 2139 1912 2206 opacitate
1941 2149 2131 2210 pastus
2153 2141 2367 2196 cmlesti
2399 2141 2686 2204 alimento,
2719 2148 2772 2195 et
2791 2141 3016 2210 cognito
3047 2145 3214 2208 petrae
3236 2135 3502 2207 mysterio
3534 2154 3547 2188 :

289 2222 360 2286 is,
395 2222 646 2292 inquam,
683 2237 791 2276 non
822 2223 1002 2277 aliena
1029 2224 1234 2278 virtute
1253 2224 1532 2292 deinceps,
1565 2225 1660 2280 sed
1691 2227 1912 2295 propria
1945 2241 2108 2281 manu
2143 2229 2428 2298 propulsat
2449 2235 2502 2281 et
2532 2227 2710 2281 fundit
2741 2227 2956 2282 hostem
2987 2267 3001 2290 ,
3033 2233 3092 2280 ut
3117 2225 3210 2294 qui
3249 2221 3552 2278 excesserit

285 2309 396 2377 iam
427 2310 696 2379 puerilem
722 2319 934 2366 tetatem
966 2327 1104 2376 ;ncc
1139 2312 1375 2380 amplius
1400 2322 1584 2366 utatur
1619 2311 1758 2368 duce
1795 2313 1962 2378 .‘l-lose,
1997 2315 2091 2383 qui
2119 2315 2220 2368 fuit
2251 2315 2503 2370 minister
2529 2313 2658 2368 Dei:
2693 2313 2788 2370 sed
2819 2321 3088 2382 sequatur
3133 2310 3326 2366 ducem
3355 2309 3548 2374 Deum,

289 2395 454 2464 cujus
519 2405 677 2466 typus
705 2397 808 2452 fuit
841 2396 1025 2453 Jesus.
1073 2397 1236 2454 Ducis
1272 2406 1460 2468 partes
1489 2400 1704 2468 geritis,
1733 2399 1828 2467 qui
1861 2400 2106 2467 implevit
2141 2403 2311 2470 legem
2350 2408 2404 2456 et
2438 2402 2711 2456 successit
2766 2399 2900 2454 Mosi
2937 2417 2948 2452 :
2991 2397 3082 2468 qui
3151 2411 3371 2468 quoque
3431 2395 3553 2464 ipso

289 2483 514 2536 nomine
547 2483 842 2553 praedictus
871 2493 923 2538 et
951 2487 1106 2554 quasi
1146 2493 1602 2556 prmmonstratus
1629 2494 1733 2540 est.
1768 2483 1903 2540 Nam
1937 2487 2214 2550 Christus,
2249 2503 2410 2557 quem
2439 2485 2607 2542 Josua
2657 2485 3098 2555 repraesentavit,
3159 2483 3264 2540 sub
3293 2483 3411 2552 lege
3448 2481 3550 2534 fuit

289 2571 452 2624 sicuti
479 2567 646 2626 Josua
681 2573 784 2625 sub
817 2571 985 2628 Mose.
1017 2573 1150 2626 Nam
1184 2572 1708 2640 circumcidebatur,
1741 2574 1986 2627 solvebat
2011 2573 2358 2628 didrachma.
2401 2571 2686 2641 Siquidem
2719 2571 2892 2626 dicit:
2929 2571 3048 2624 Non
3080 2569 3202 2624 veni
3243 2579 3304 2623 ut
3339 2568 3550 2624 solvam

289 2657 492 2726 legem,
517 2659 608 2712 sed
644 2669 700 2713 ut
725 2659 980 2728 impleam
1000 2659 1068 2714 ⁸⁰.
1097 2680 1112 2710 ι
1141 2660 1212 2716 Ut
1242 2659 1410 2715 Josue
1434 2661 1668 2732 eligebat
1701 2661 1844 2715 viros
1869 2660 2036 2716 fortes
2059 2668 2114 2714 et
2141 2670 2396 2716 strenuos
2433 2660 2498 2713 ad
2525 2659 2912 2714 debellandum
2943 2657 3168 2714 Amalek
3194 2677 3206 2711 :
3241 2657 3324 2712 sic
3388 2655 3550 2710 Chri-

289 2755 414 2799 stus
439 2746 642 2818 delegit
670 2749 972 2816 apostolos,
1031 2749 1236 2818 quibus
1290 2765 1420 2804 vere
1459 2750 1664 2804 dicitur
1695 2767 1707 2802 :
1749 2769 1767 2802 ι
1790 2746 1902 2802 Vos
1961 2762 2132 2816 genus
2167 2747 2422 2810 electum,
2499 2749 2682 2816 regale
2717 2745 3112 2808 sacerdotium,
3145 2759 3280 2816 gens
3327 2749 3548 2804 sancla.

291 2835 533 2903 populus
567 2835 620 2889 in
661 2835 1168 2906 acquisitionem".
1196 2857 1213 2890 ι
1259 2837 1452 2892 Fretus
1489 2837 1758 2906 apostolis
1791 2849 2013 2889 manum
2065 2833 2348 2886 causeruit
2403 2848 2526 2886 cum
2581 2833 2768 2886 saeculi
2812 2832 2976 2900 hujus
3037 2831 3310 2900 principe,
3340 2829 3408 2884 dc
3443 2843 3552 2897 quo

291 2922 544 2990 loquitur
575 2923 642 2986 is,
674 2923 766 2992 qui
792 2925 978 2977 omnia
1005 2925 1178 2978 vincit
1206 2941 1218 2976 :
1261 2943 1278 2976 ι
1305 2922 1462 2978 Nunc
1494 2935 1575 2979 est
1597 2924 1871 2994 judicium
1907 2919 2097 2976 mundi
2123 2919 2286 2990 hujus
2324 2943 2333 2974 ;
2375 2935 2521 2974 nunc
2551 2923 2808 2990 princeps
2841 2919 3005 2984 hujus
3049 2919 3242 2972 mundi
3295 2917 3552 2988 ejicietur

291 3004 530 3062 foras".
561 3025 581 3059 ι
608 3007 848 3064 Joannes
879 3019 1062 3064 autem
1094 3023 1153 3064 ut
1179 3011 1418 3066 victores
1481 3018 1712 3066 coronat
1767 3025 1883 3073 eos,
1931 3009 2022 3079 qui
2085 3023 2208 3063 cum
2262 3007 2356 3060 illo
2394 3014 2450 3062 ct
2486 3022 2583 3078 per
2607 3007 2760 3060 illum
2793 3005 3023 3060 victoria
3064 3005 3221 3076 potiti
3275 3012 3428 3059 sunt.
3466 3003 3554 3056 Ait

291 3097 441 3149 enim
485 3114 498 3148 :
536 3113 556 3148 ι
581 3095 774 3152 Scribe
801 3099 976 3164 vobis,
1003 3099 1420 3164 adolescentes;
1445 3100 1576 3169 quia
1609 3098 1780 3152 fortes
1812 3097 1964 3160 estis,
1995 3105 2048 3152 et
2081 3095 2466 3172 vicistisillum
2502 3095 2702 3148 malum
2721 3095 2786 3148 ⁸³.
2830 3113 2848 3145 ι
2883 3093 3062 3149 Moses
3097 3094 3333 3164 imperat
3356 3089 3546 3151 Iosue.

295 3191 358 3236 ut
386 3185 440 3237 in
470 3186 780 3239 crastinum
816 3185 986 3240 ducat
1016 3187 1190 3242 aciem
1213 3188 1539 3241 instructam
1573 3187 1625 3240 in
1651 3187 1888 3240 hostem.
1915 3183 2034 3239 Non
2069 3184 2210 3238 enim
2267 3183 2545 3254 prmclane
2581 3197 2667 3238 res
2695 3190 2860 3253 gestae
2897 3197 2927 3236 a
2959 3181 3182 3236 Christo
3247 3185 3554 3250 patuerunt

295 3281 354 3324 et
381 3273 737 3326 innotuerth
763 3273 858 3328 illo
888 3281 1136 3344 tempore
1169 3291 1183 3329 :
1214 3275 1308 3328 sed
1343 3273 1460 3342 lege
1487 3273 1708 3328 demum
1746 3273 1965 3327 sublata
1997 3273 2247 3328 Christus
2273 3273 2516 3332 advenit,
2541 3279 2595 3326 et
2629 3279 2836 3338 trop;ea
2891 3285 2992 3324 sua
3023 3269 3224 3324 erexit.
3279 3267 3546 3322 Ascendit

297 3359 356 3412 in
385 3359 540 3414 collis
561 3375 849 3425 cacumen,
877 3371 940 3415 ut
965 3361 1092 3417 inde
1126 3361 1298 3432 possit
1331 3361 1644 3430 prospicere
1669 3375 1924 3431 pugnam.
1959 3359 2050 3414 Sic
2081 3368 2136 3414 et
2167 3359 2252 3414 lex
2284 3359 2545 3428 paulatim
2573 3373 2672 3413 nos
2698 3356 2926 3412 adducit
2951 3357 3006 3410 in
3035 3355 3344 3411 sublimem
3371 3353 3552 3406 locum

299 3453 364 3498 ut
385 3449 664 3515 possimus
699 3451 1028 3520 conspicere
1053 3451 1271 3505 eminus
1296 3449 1580 3506 Christum
1613 3466 1712 3520 pro
1749 3449 1933 3510 nobis,
1959 3455 2019 3500 ut
2047 3455 2336 3502 strenuum
2390 3446 2803 3515 imperatorem,
2856 3445 3250 3500 decertantem.
3311 3439 3556 3509 Populus

301 3535 350 3588 si
381 3549 576 3590 manus
602 3537 936 3606 legislatoris
968 3538 1142 3592 cernit
1175 3538 1424 3607 supinas,
1461 3539 1630 3592 vincit
1666 3555 1677 3590 :
1710 3547 1764 3590 at
1805 3537 1850 3592 si
1886 3535 2163 3605 aspexerit
2203 3549 2398 3589 manus
2463 3533 2794 3603 legislatoris
2826 3533 3116 3596 remissas,
3169 3529 3432 3584 vincitur.
3473 3527 3552 3580 Ita

301 3623 352 3674 si
385 3607 510 3690 quis
543 3623 717 3693 legem
755 3625 1118 3694 spiritualiter
1153 3625 1444 3696 intelligat,
1481 3627 1528 3682 is
1567 3626 1858 3680 victoriam
1905 3623 2239 3692 assequitur.
2287 3621 2352 3674 At
2394 3620 2736 3675 contrarium
2764 3619 2986 3683 accidit,
3019 3619 3064 3673 si
3099 3619 3224 3688 quis
3284 3617 3550 3672 humilem

299 3717 356 3764 et
393 3711 682 3766 litteralem
715 3722 982 3781 sequatur
1003 3727 1251 3770 sensum.
1309 3714 1584 3770 Fortassis
1608 3715 1699 3767 illa
1736 3713 1898 3766 verba
1936 3709 2252 3777 significant
2291 3707 2570 3762 lsraelitas
2609 3723 2716 3761 tuon
2782 3721 2876 3775 per
2921 3707 3106 3759 omnia
3157 3707 3332 3760 fuisse
3417 3705 3557 3756 inta-

299 3808 422 3854 ctos
449 3809 501 3853 et
524 3799 749 3862 illaesos.
784 3801 879 3856 sed
909 3801 1113 3871 aliquid
1148 3801 1274 3856 mali
1329 3817 1550 3872 quoque
1582 3801 1650 3856 ab
1678 3801 1841 3856 hoste
1905 3812 2220 3871 perpessos.
2249 3797 2318 3852 At
2353 3797 2447 3866 qui
2499 3797 2802 3850 incolumes
2833 3809 2900 3848 ex
2947 3809 3013 3846 eo
3039 3792 3228 3862 praelio
3279 3791 3556 3856 abierunt,

301 3885 620 3942 conformes
683 3887 908 3942 fuerunt
958 3887 1182 3942 Christo
1237 3888 1592 3957 opprobrium
1629 3886 1750 3956 ejus
1785 3894 2094 3956 portantes,
2124 3885 2341 3940 scilicet
2393 3898 2628 3949 crucem,
2661 3898 2784 3954 quae
2817 3881 3212 3936 ostendebatur
3243 3881 3348 3936 sub
3380 3879 3552 3950 figura

303 3981 656 4026 extensarum
691 3989 976 4027 manuum.
1007 3973 1108 4040 Qui
1139 3974 1587 4044 carebanthujus
1618 3973 1844 4036 auxilio,
1869 3973 2160 4026 cadebant.
2195 3969 2304 4026 llos
2337 3971 2640 4040 alloquitur
2661 3977 2717 4024 et
2751 3969 3030 4025 Christus.
3055 3967 3247 4022 dicens
3271 3985 3283 4021 :
3311 3987 3329 4018 ι
3357 3967 3554 4028 Amen,

317 4074 476 4114 amen
503 4060 628 4115 dico
653 4061 826 4127 vobis,
853 4060 958 4115 nisi
999 4061 1348 4116 credideritis
1377 4060 1519 4130 quod
1552 4075 1651 4130 ego
1680 4075 1825 4125 sum,
1851 4059 1908 4112 in
1941 4059 2182 4129 peccatis
2243 4058 2446 4113 vestris
2489 4057 2897 4112 moriemini".
2925 4074 2942 4106 ι
2985 4055 3182 4110 Manus
3211 4054 3377 4110 Mosis
3399 4063 3558 4109 erant

309 4161 524 4214 graves,
557 4157 616 4202 ut
650 4148 754 4204 sub
783 4149 976 4202 harum
1014 4159 1142 4220 typo
1174 4157 1703 4204 commonstraretur
1739 4165 1870 4204 crux
1903 4147 2131 4203 Christi.
2173 4147 2307 4202 Nam
2347 4145 2608 4201 Israelita:
2659 4144 2954 4200 dilliculter
3017 4145 3158 4199 hanc
3185 4143 3551 4198 admiserunt.

304 4235 652 4306 Quapropter
700 4237 864 4292 docet
891 4235 1093 4292 Paulus
1124 4251 1344 4292 crucem
1379 4237 1556 4300 fuisse
1582 4235 1971 4292 olfendiculum
2007 4245 2060 4290 et
2089 4234 2410 4290 scandalum
2442 4233 2647 4290 Judzeis
2670 4233 2734 4286 ⁸⁵.
2775 4233 2953 4289 Moses
2981 4232 3324 4287 innitebatur
3371 4232 3558 4302 lapidi,

304 4324 522 4378 scilicet
558 4323 733 4379 electo
761 4333 816 4379 et
839 4325 1087 4395 angulari
1117 4323 1361 4389 Christo,
1399 4326 1454 4378 in
1481 4340 1593 4394 quo
1627 4325 1999 4380 recubucrunt
2029 4339 2091 4376 cx
2123 4321 2288 4377 Israel
2327 4322 2574 4392 reliquiae
2598 4321 2902 4377 secundum
2926 4321 3274 4377 electionem.
3312 4319 3397 4386 lli,
3425 4337 3562 4391 quos

309 4412 574 4481 propheta
601 4411 861 4482 reliquias
901 4411 1159 4482 appellat,
1192 4413 1436 4468 extensis
1469 4413 1669 4482 palmis
1703 4420 2074 4478 susceperunt
2097 4427 2344 4476 crucem,
2399 4409 2628 4466 Christo
2661 4409 2814 4480 ipsos
2841 4408 3265 4479 'quodammodo
3301 4407 3562 4465 fulciente

305 4507 365 4554 et
390 4505 616 4564 tutante,
645 4507 705 4554 ut
729 4499 1040 4554 declaratur
1074 4515 1170 4570 per
1200 4497 1278 4552 Ur
1311 4509 1364 4554 et
1385 4500 1676 4564 Aaroncm,
1702 4501 1796 4569 qui
1829 4500 1930 4554 sub
1965 4498 2322 4569 typodocent
2349 4499 2632 4554 Christum
2679 4515 2806 4554 esse
2837 4508 2890 4553 et
2919 4498 3164 4568 judicem
3196 4506 3250 4552 ct
3278 4515 3558 4554 summum

311 4587 645 4654 pontiﬁcem.
709 4587 808 4640 Est
835 4587 1032 4643 etenim
1088 4585 1254 4656 jndex
1295 4587 1522 4656 integer,
1550 4603 1712 4658 quem
1751 4589 1914 4642 nullis
1949 4603 2306 4659 corrumpere
2349 4597 2503 4658 potes
2529 4589 2870 4644 muneribus.
2939 4586 3217 4642 Preterea
3290 4589 3559 4654 continet,

309 4673 456 4741 quod
489 4673 764 4744 pontificis
787 4684 893 4738 est,
923 4675 1185 4745 reliquias
1223 4676 1525 4730 secundum
1558 4675 1880 4730 electionem
1915 4676 1968 4730 in
1997 4676 2196 4740 salute,
2240 4691 2361 4745 quas
2407 4675 2718 4731 interventu
2767 4675 2888 4730 lidei
2954 4673 3202 4730 obvenit.
3237 4673 3476 4730 Proinde
3499 4681 3564 4732 de

309 4760 530 4816 Christo
558 4763 632 4816 ita
662 4763 994 4818 vaticinatur
1020 4762 1190 4818 lsaias
1227 4782 1238 4818 :
1281 4783 1298 4814 ι
1317 4761 1430 4818 Nisi
1455 4763 1716 4818 Dominus
1746 4763 1984 4818 Sabaoth
2009 4763 2322 4834 reliquisset
2357 4763 2514 4818 nobis
2539 4778 2747 4828 semen,
2769 4769 2827 4816 ut
2856 4761 3094 4816 Sodoma
3119 4762 3248 4816 facti
3288 4779 3560 4828 essemus,

309 4855 363 4900 et
390 4847 680 4902 assimilati
716 4846 1013 4905 fuissemus
1045 4847 1346 4904 Gomorrae.
1372 4867 1390 4900 ι
1430 4847 1557 4904 Nisi
1582 4852 1726 4905 enim
1759 4851 2028 4922 particula
2055 4851 2349 4919 significat,
2379 4865 2474 4918 per
2505 4850 2672 4904 istum
2736 4865 3042 4904 sermonem
3073 4851 3322 4919 portendi
3371 4867 3562 4905 verum

313 4933 704 4988 sacerdotium.
745 4934 880 4988 Nam
901 4936 977 4992 Ur
1005 4937 1347 5007 propinquus
1373 4944 1492 4992 erat
1519 4937 1752 4994 Aarouis
1779 4929 1826 4992 si
1861 4953 2034 5005 genus
2069 4931 2350 4992 intueare.’
2381 4935 2460 4990 Ur
2530 4935 2826 5006 siquidem,
2892 4935 3058 5008 269
3107 4943 3166 4990 ut
3201 4946 3432 4992 testatur
3471 4937 3566 4993 Jo—

313 5021 536 5088 sephus,
555 5022 786 5076 maritus
809 5033 927 5076 erat
953 5021 1156 5080 Mariae.
1190 5023 1550 5094 Operationes
1587 5024 1720 5094 legis
1785 5024 2108 5094 degravatus
2157 5031 2386 5095 stupore
2435 5021 2684 5079 Judaicm
2741 5024 2962 5090 mentis,
2991 5031 3046 5078 et
3078 5023 3228 5078 humi
3295 5025 3564 5094 abiectas,

311 5107 472 5176 erigit
501 5125 515 5162 :
549 5109 832 5178 legemque
891 5109 1188 5180 collapsam
1221 5111 1380 5165 fulcit
1413 5111 1613 5181 lapide.
1679 5110 1916 5167 Proinde
1939 5119 2042 5167 suo
2071 5119 2216 5167 statu
2255 5128 2350 5183 per
2395 5129 2670 5183 cxpansas
2703 5127 2902 5166 manus
2962 5111 3277 5167 manifestat
3335 5115 3462 5184 quis
3494 5115 3566 5170 si;

313 5193 438 5248 linis
460 5203 512 5248 et
535 5209 742 5266 scopus
791 5195 948 5266 legis,
987 5211 1182 5267 nempe
1217 5197 1494 5253 Christus.
1545 5197 1681 5252 Nam
1705 5199 1751 5254 si
1775 5199 1870 5269 qui
1901 5199 2066 5270 paulo
2110 5207 2246 5256 sunt
2295 5200 2652 5264 oculatiores,
2684 5199 2844 5254 facile
2869 5199 2922 5254 in
2957 5197 3073 5270 lege
3105 5207 3159 5256 et
3193 5216 3320 5256 vere
3355 5205 3564 5271 perspi-

311 5281 466 5335 ciunt
517 5281 700 5338 crucis
756 5283 1105 5354 mysterium.
1169 5281 1518 5354 Quapropter
1579 5286 1780 5340 alicubi
1841 5287 2157 5357 evangelica
2209 5287 2438 5342 historia
2471 5281 2634 5342 habet
2665 5306 2676 5340 :
2708 5308 2726 5338 ι
2757 5287 2865 5342 Nec
2893 5288 3003 5350 iota
3041 5303 3142 5344 nec
3170 5304 3310 5359 apex
3340 5289 3407 5343 de
3450 5291 3565 5361 lege

313 5369 594 5436 peribit“,
625 5389 642 5422 ι
675 5379 806 5436 etc.,
835 5371 1134 5442 designans
1177 5379 1384 5426 rectam
1413 5379 1466 5426 et
1503 5381 1876 5428 transversam
1905 5375 2090 5429 crucis
2127 5375 2351 5428 lineam.
2398 5377 2554 5430 Caeso
2595 5375 2842 5440 Alllait'k,
2881 5376 3062 5446 inquit
3101 5378 3240 5431 Deus
3275 5395 3288 5428 :
3331 5395 3348 5426 ι
3377 5375 3563 5431 Scribe

317 5456 442 5520 hoc,
475 5465 536 5512 ut
563 5459 684 5528 ejus
717 5469 984 5530 perpetuo
1010 5459 1171 5514 duret
1227 5459 1518 5526 memoria,
1567 5475 1815 5531 poneque
1841 5463 1895 5516 in
1929 5477 2092 5517 aures
2147 5459 2301 5528 .lcsu,
2331 5481 2348 5514 ι
2403 5473 2510 5516 etc.
2569 5462 2732 5518 llisce
2787 5465 3132 5533 signiﬁcatur
3177 5463 3386 5518 Christi
3463 5463 3563 5515 mi-

387 5649 428 5677 "
467 5647 602 5702 Gen.
659 5667 846 5722 xrxvl,
905 5653 992 5706 l2.
1071 5651 1114 5684 δ’
1139 5653 1301 5707 Num.
1337 5657 1556 5718 ιιιιι,50.
1599 5653 1836 5714 ινιοειιυ.

1987 5675 2022 5722 ι,
2052 5657 2144 5712 28.
2222 5660 2268 5691 ⁵⁰
2303 5658 2494 5714 Matth.
2523 5677 2574 5722 ν,
2615 5661 2696 5712 l7.
2777 5659 2860 5710 “l
2919 5658 3058 5712 Pctr.
3095 5673 3157 5722 ll,
3183 5657 3236 5710 9.
3326 5655 3370 5686 "
3395 5652 3550 5710 Joau.

320 5731 418 5783 tm,
486 5723 572 5772 3|.
647 5719 919 5778 "lloan.
947 5739 1006 5788 ιι,
1041 5723 1122 5778 l5.
1201 5725 1246 5757 ”
1286 5722 1446 5780 Joan.
1501 5739 1618 5790 VIII,
1683 5727 1772 5782 ii.
1847 5729 1858 5760 ⁸

1977 5719 2153 5794 sbi-.1,
2189 5731 2279 5784 ‘25.
2356 5731 2402 5764 ⁵⁵
2429 5719 2616 5786 Matth.
2685 5747 2734 5796 v,
2843 5731 2922 5782 l8.
