4010 6212
310 310 410 374 εθι
1402 322 1893 385 COMMENTARI

1979 324 2056 385 [Ν
2098 325 2419 387 EXODUM
2430 373 2446 385 .
3455 279 3562 392 6οά

308 428 456 497 pius,
495 424 820 514 fructusque
858 429 1067 498 profert
1090 430 1220 497 Deo,
1249 434 1498 491 clamans
1530 452 1654 491 cum
1681 433 1949 491 Jethrone
1979 454 1993 489 :
2041 455 2060 487 ι
2087 436 2324 505 Cognovi
2357 446 2506 508 quod
2545 438 2809 496 Dominus
2845 447 2929 494 est
2985 455 3217 511 magnus
3246 449 3302 495 et
3323 457 3551 514 superat

308 528 503 569 omnes
532 513 687 571 deos.
716 534 736 567 ι
775 514 899 572 Haec
959 519 1106 573 enim
1142 528 1227 575 est
1259 520 1395 577 lides
1428 523 1666 584 illorum,
1701 523 1794 591 qui
1838 524 2136 591 primulum
2160 524 2366 580 fuerint
2395 528 2631 583 instituti
2663 536 2718 582 et
2750 527 2957 582 haerent
2993 527 3051 581 in
3078 528 3260 584 classe
3295 513 3552 584 catechu-

314 615 623 665 manorum,
649 618 792 672 quos
821 603 1131 662 relormans
1161 608 1249 662 lex
1281 609 1761 663 commemorando
1790 624 1914 679 quas
1939 612 2138 679 priscis
2159 622 2481 679 evenerunt,
2519 617 2707 685 nequit
2734 616 2799 667 ad
2831 614 3223 684 perfectionem
3255 614 3556 672 adducere.

314 689 496 741 Aaron
532 686 757 755 dignum
781 699 971 745 censet
996 691 1338 756 .lethronem,
1369 709 1495 748 cum
1525 711 1634 764 quo
1662 694 1730 749 ad
1762 695 2013 751 eamdem
2044 701 2380 755 accumbens
2409 718 2654 757 mensam
2688 704 2967 770 epuletur.
2998 700 3133 756 Nam
3167 702 3283 771 ipse
3316 718 3421 756 una
3441 720 3564 758 cum

313 773 632 829 senioribus
659 773 826 829 Israel
852 787 1121 846 ceperunt
1147 779 1332 833 cibum
1361 781 1477 835 sive
1511 795 1705 850 panem
1731 796 1854 834 cum
1878 798 1942 837 eo
1975 785 2029 838 in
2062 798 2361 854 conspectu
2392 786 2507 842 Dei.
2544 788 2824 855 Siquidem
2886 794 2988 843 nes
3052 788 3330 858 perfectos
3352 799 3407 844 et
3429 806 3567 844 cou—

311 869 624 915 summatos
657 861 837 916 reddit
869 862 1124 919 Christus
1154 881 1321 921 verus
1360 865 1543 921 Aaron
1587 882 1727 935 pane
1769 869 1893 921 vivo
1927 885 1941 921 :
1983 883 2083 920 nec
2138 871 2318 922 scium
2383 870 2493 924 isto
2550 886 2707 940 pane
2758 870 3012 924 reficitct
3043 870 3255 939 perﬁcit
3305 872 3560 941 gentiles,

310 962 506 999 terum
535 949 698 1001 etiam
731 948 1012 1003 Itraelitas
1047 951 1131 1004 his
1165 951 1452 1007 admistos.
1482 951 1640 1019 Quod
1678 970 1806 1007 vero
1859 955 2018 1009 cibus
2053 957 2163 1018 ille,
2226 971 2386 1024 quem
2456 972 2763 1026 sumpsere.
2800 957 2967 1012 fuerit
3024 958 3311 1029 mysticus,
3373 958 3573 1012 dncev't

312 1035 607 1102 sequentia
641 1036 803 1088 verba
848 1053 861 1089 :
902 1054 920 1087 ι
941 1035 1139 1090 Coram
1168 1037 1295 1091 Deo.
1324 1057 1344 1090 ›
1389 1039 1490 1093 Per
1522 1038 1804 1093 Christum
1835 1040 2002 1108 igitur
2032 1051 2083 1095 et
2128 1042 2262 1110 legis
2314 1043 2721 1096 institutionem
2749 1043 2814 1097 ad
2844 1045 3237 1113 perfectionem
3280 1044 3563 1112 progressi

315 1120 661 1174 incrementa
693 1123 966 1176 sumimus
995 1124 1337 1201 incredibilia
1362 1125 1544 1195 quoad
1581 1126 1943 1180 intellectum.
1975 1127 2107 1181 Nam
2143 1125 2334 1180 Jethro
2366 1127 2581 1182 accedit
2611 1128 2817 1189 Mosen,
2862 1130 3024 1198 eique
3063 1130 3295 1183 consilia
3361 1128 3570 1196 optima

311 1208 430 1270 dat,
474 1223 599 1275 quae
626 1223 689 1262 ex
735 1209 822 1261 sui
849 1209 1019 1262 animi
1052 1210 1313 1264 thesauro
1340 1210 1639 1279 depromit,
1672 1221 1722 1266 et
1760 1212 1996 1267 solerter
2037 1229 2139 1267 suo
2172 1213 2337 1267 Marte
2405 1214 2711 1268 adiuvenit.
2748 1214 2930 1270 Moses
2980 1231 3175 1269 socero
3236 1229 3431 1282 parere
3461 1228 3567 1266 non

314 1293 617 1356 erubescit.
658 1294 803 1363 quod
830 1295 1049 1365 quidem
1087 1304 1143 1351 et
1175 1297 1378 1352 Paulus
1409 1299 1568 1366 quasi
1620 1298 1793 1368 digito
1848 1308 2265 1362 commonstrat,
2321 1300 2619 1367 inquiens:
2679 1315 2697 1347 ι
2730 1302 3087 1355 Excrementa
3130 1302 3318 1367 putavi
3377 1301 3569 1369 legalia

318 1398 432 1452 prae
453 1384 781 1437 excellentia
812 1387 1144 1453 cognitionis
1165 1385 1373 1443 Christi
1394 1389 1460 1441 ⁸³.
1497 1406 1515 1438 ι
1548 1387 1654 1443 Eos
1678 1404 1829 1449 vero,
1861 1388 1951 1457 qui
1994 1386 2179 1441 Mosen
2248 1386 2424 1439 solum
2480 1388 2897 1451 exosculantur,
2920 1397 2971 1440 et
2998 1388 3409 1456 perfectionem,
3445 1401 3567 1455 quae

322 1486 416 1537 per
438 1471 721 1526 Christum
764 1472 1007 1536 obvenit,
1043 1474 1405 1539 detestantur,
1440 1477 1758 1544 perstringit
1787 1475 2056 1530 Jeremias
2114 1473 2264 1525 hisce
2291 1473 2511 1526 verbis:
2551 1491 2570 1523 ι
2601 1473 2887 1538 Quomodo
2932 1474 3116 1528 dicitis
3157 1491 3171 1526 ε
3214 1470 3324 1527 Nos
3350 1472 3569 1537 sapien-

318 1566 404 1614 tes
445 1573 659 1621 sumus,
684 1567 740 1613 et
797 1559 881 1613 lex
937 1558 1154 1613 Domini
1204 1560 1347 1629 apud
1410 1575 1513 1615 nos
1565 1562 1862 1616 est?Certe
1912 1562 1968 1614 in
2002 1574 2201 1613 vanum
2258 1560 2539 1627 adaptavit
2598 1562 2833 1629 stylum,
2868 1561 3017 1614 etin
3078 1575 3276 1613 vanum
3329 1559 3572 1627 scripse—

320 1651 451 1697 runt
481 1659 601 1699 eam
656 1643 883 1700 Scribat.
931 1644 1160 1701 Conlusi
1214 1656 1346 1701 sunt
1391 1649 1690 1716 sapientes,
1719 1647 1883 1702 fracti
1944 1654 1999 1702 et
2038 1647 2204 1711 capti.
2260 1645 2566 1699 Noluerunt
2609 1647 2759 1700 enim
2806 1646 3030 1700 verbum
3086 1645 3323 1709 Domini,
3354 1653 3409 1699 et
3440 1644 3572 1713 quid

320 1730 570 1798 proderit
608 1732 693 1786 eis
727 1732 999 1801 sapientia
1031 1733 1173 1787 “in
1215 1732 1417 1788 Verum
1454 1737 1631 1801 nobis,
1677 1737 1771 1805 qui
1810 1751 1918 1789 non
1965 1734 2248 1802 rejicimus
2306 1733 2607 1787 salutaren
2663 1734 2786 1801 ejus
2841 1748 3183 1797 sermonem,
3239 1733 3426 1788 factus
3486 1740 3573 1786 est

319 1818 441 1888 ipse
472 1817 745 1886 sapientia
766 1834 793 1870 a
823 1818 956 1873 Deo.

383 1926 561 1979 Αὐτοὶ
596 1924 896 1991 ἑωράκατε
917 1927 1034 1980 ὅσα
1056 1928 1357 1994 πεποίηκα
1385 1927 1509 1992 τοῖς
1532 1927 1900 1998 Αἰγυπτίοις.
1934 1909 1966 1963 Α

2085 1925 2186 1981 γυ.
2213 1926 2415 1981 vidistis
2449 1942 2565 1998 qua:
2590 1926 2801 1995 fecerim
2820 1925 3106 1997 Egyptiis,
3129 1935 3233 1982 etc.
3259 1923 3470 1998 [χνιιι,
3492 1920 3573 1996 5.]

320 2015 671 2085 Προκατηχεῖ
696 2016 787 2069 τὸν
819 2016 949 2070 λαὸν
969 2018 1068 2087 τῆς
1099 2018 1195 2071 τοῦ
1219 2020 1386 2090 νόμου
1413 2020 1633 2083 δόσεως,
1663 2037 1903 2091 προκατ-

2004 2019 2231 2089 Egregie
2265 2020 2609 2088 praemunivit
2661 2018 2803 2074 Deus
2839 2020 2988 2073 hisce
3039 2019 3219 2073 verbis
3260 2015 3500 2077 Judaeos,
3523 2023 3576 2069 et

318 2105 563 2173 αρτίζων
594 2108 689 2160 καὶ
738 2109 1188 2179 προτρεπόμενος
1246 2110 1470 2176 ἀγαθῶν
1516 2111 1899 2180 ὑποσχέσεσιν.

2005 2112 2163 2180 quasi
2194 2110 2404 2163 aditum
2424 2110 2528 2164 sibi
2548 2112 2823 2180 praestruit
2841 2120 3057 2180 etparat
3075 2114 3139 2162 ad
3158 2109 3571 2179 legislationem,

324 2196 556 2250 Ἐσεσϐε
596 2200 707 2268 γάρ
745 2217 856 2268 μοι,
895 2201 1050 2272 φησι,
1084 2201 1215 2265 λαὸς
1262 2201 1598 2273 περιούσιος,
1636 2202 1906 2273 βασίλειον

2006 2202 2222 2256 animos
2254 2217 2443 2256 eorum
2475 2203 2782 2257 concilians
2809 2209 2863 2256 et
2892 2201 3119 2269 capiens
3172 2199 3385 2265 magnis
3420 2196 3576 2266 polli-

324 2287 648 2357 ἱεράτευμα,
711 2289 865 2355 ἔθνος
901 2292 1077 2360 ἅγιον.
1120 2293 1262 2347 Ἀλλ’
1320 2295 1442 2347 ἐπεὶ
1493 2294 1569 2365 μὴ
1617 2295 1905 2363 γεγόνασιν

2007 2296 2382 2357 citationibns,
2410 2312 2532 2365 quae
2554 2296 2848 2350 sichabeut
2882 2314 2896 2349 :
2929 2312 2946 2345 ι
2973 2294 3137 2349 Eritis
3169 2293 3298 2347 mihi
3332 2290 3571 2360 populus

324 2380 547 2446 ἐκεῖνοι,
581 2383 661 2443 εἰς
687 2385 815 2444 τοὺς
847 2385 904 2436 ὲν
934 2384 1158 2455 Χριστῷ
1187 2385 1247 2438 τὸ
1272 2385 1374 2455 τῆς
1404 2386 1627 2457 χάριτος
1648 2385 1903 2456 ἐπληρὼ-

2008 2388 2321 2457 peculiaris,
2350 2388 2527 2458 regale
2557 2388 2947 2450 sacerdotium,
2969 2402 3101 2456 gens
3130 2391 3347 2440 sancta.
3372 2401 3391 2433 ι
3429 2380 3576 2447 Quo-

324 2465 416 2536 θη,
439 2467 665 2539 ὦςφησι
692 2472 786 2524 καὶ
815 2473 1093 2543 Πέτροςὲν
1120 2477 1187 2544 τῇ
1215 2474 1514 2545 Καθολικῇ.

2017 2479 2165 2534 niam
2198 2479 2275 2533 illi
2308 2480 2660 2545 aberrarunt,
2725 2496 2826 2536 nec
2856 2478 3138 2548 magniﬁca
3186 2478 3275 2530 illa
3312 2476 3581 2545 promissa

326 2567 903 2633 acceperuntzgratia
958 2566 1165 2623 Christi
1214 2569 1305 2622 illa
1355 2569 1605 2638 praestitit
1650 2569 1737 2624 his
1778 2572 1871 2640 qui
1912 2585 2033 2626 eam
2093 2572 2456 2638 admiserunt,
2491 2581 2548 2628 ut
2615 2575 2670 2628 in
2712 2589 2810 2628 sua
2864 2572 3133 2628 catholica
3193 2569 3420 2625 disserit
3479 2562 3584 2621 Pe-

329 2663 452 2708 Irtts
468 2657 535 2710 ⁸⁷.

398 2775 528 2829 Ἵνα
555 2776 795 2845 ἀκούσῃ
831 2780 863 2831 ὁ
891 2779 1034 2845 λαός
1076 2780 1416 2847 λαλοῦντός
1454 2798 1575 2847 μου
1624 2781 1774 2848 πρὸς
1807 2780 1907 2845 σὲ,

2093 2779 2162 2835 Ut
2191 2778 2379 2833 audiat
2412 2777 2635 2845 populus
2657 2777 3008 2848 colloquentes
3037 2791 3153 2837 nos,
3195 2783 3243 2828 et
3278 2770 3374 2826 tibi
3405 2776 3586 2826 credat

329 2866 433 2920 καὶ
464 2866 564 2920 σοι
605 2869 1022 2927 πιστεύσωσιν
1053 2874 1142 2937 εὶς
1183 2871 1292 2924 τὸν
1338 2871 1545 2927 αἰῶνα.
1616 2871 1801 2936 Τύπος
1841 2867 1910 2943 ἦν

2010 2878 2274 2938 perpetuo,
2288 2876 2395 2921 etc.
2412 2866 2593 2938 lum,
2611 2867 2693 2937 9.]
2707 2863 2916 2937 Typum
2938 2865 3103 2935 igitur
3115 2863 3201 2916 hic
3216 2864 3395 2917 cernis
3410 2871 3589 2915 trans-

331 2958 446 3027 ἄρα
471 2959 571 3028 τῆς
588 2961 647 3012 ὲν
678 2959 756 3029 τῷ
777 2960 893 3027 ὄρει
928 2962 1412 3032 μεταμορφώσεως
1426 2963 1522 3017 τοῦ
1559 2963 1789 3035 Κυρίου,
1819 2964 1914 3016 καὶ

2017 2958 2361 3027 figurationis
2395 2955 2602 3014 Christi
2632 2956 2686 3010 in
2723 2963 2929 3020 monte,
2954 2964 3009 3010 et
3038 2953 3339 3010 testimonii
3383 2950 3583 3005 Patris.

338 3050 650 3120 μαρτυρίας
678 3049 775 3103 τοῦ
808 3054 1045 3121 Πατρός.
1078 3053 1264 3106 Φοσῶν
1295 3054 1352 3107 δὲ
1399 3053 1610 3107 κελεύει
1645 3053 1720 3123 μὴ
1766 3052 1910 3121 ἄψα-

2016 3047 2089 3104 Ut
2128 3048 2443 3118 religionem
2475 3045 2702 3101 inferret
2722 3044 3153 3115 pepnlo.edicit,
3185 3058 3252 3098 ne
3293 3041 3584 3123 quisquam

340 3138 463 3193 σθαι
513 3140 609 3192 τοῦ
660 3138 823 3210 ὅρους
878 3141 1121 3213 μηδένα,
1178 3143 1271 3195 καὶ
1323 3142 1400 3206 ὡς
1456 3122 1654 3207 παῖδαςί
1685 3122 1913 3196 δεδιττόι

2014 3136 2295 3205 contingat
2350 3140 2613 3188 montem.
2666 3131 2954 3187 Terrorem
3007 3130 3196 3200 igitur,
3232 3135 3288 3182 ut
3328 3122 3588 3196 puerulis,

344 3246 524 3299 μενος.

2016 3227 2093 3283 illi
2119 3226 2318 3297 populo
2352 3223 2545 3294 injicit.

406 3366 543 3421 Nam
609 3368 743 3422 utile
769 3377 852 3423 est
888 3370 1217 3425 socordibus
1247 3379 1305 3424 ut
1334 3370 1521 3426 siutin
1547 3378 1715 3425 metu.
1772 3369 1852 3423 Ad
1876 3380 2002 3423 eum
2033 3363 2254 3433 Ino-lum
2288 3376 2456 3430 supra
2479 3358 2854 3428 inperabatur
2887 3352 3025 3411 Mosi
3060 3371 3073 3407 :
3105 3375 3121 3406 ι
3152 3352 3313 3409 Solve
3375 3351 3589 3406 calcea-

343 3461 581 3509 mentum
605 3456 800 3523 pedum
837 3458 1128 3511 tuorum".
1159 3475 1177 3508 ο

416 3540 483 3596 Et
512 3543 651 3596 dixit
688 3543 942 3599 Dentium
970 3544 1108 3599 Mosi
1139 3561 1157 3599 :
1194 3544 1458 3599 Descende
1486 3554 1535 3600 et
1557 3545 1821 3600 obtestare
1851 3537 2134 3613 populum,
2169 3542 2275 3590 etc.
2310 3530 2479 3606 [XIX,
2540 3531 2664 3601 10.]
2735 3546 2911 3602 usque
2967 3528 3034 3583 ad
3097 3524 3590 3613 promulgationem

346 3627 621 3701 Decalogi.
652 3628 965 3687 Necessitas
990 3632 1263 3701 exigebat,
1291 3639 1371 3696 ut,
1394 3639 1669 3702 quatenus
1694 3630 1777 3686 ras
1799 3638 1852 3684 et
1884 3624 2146 3699 possibile
2195 3630 2280 3676 est
2306 3619 2534 3683 homini,
2576 3620 2817 3689 aliquam
2886 3617 3131 3671 notitiam
3185 3612 3280 3702 Dei
3333 3618 3592 3702 caperent

348 3696 584 3783 Hebraei,
608 3718 700 3785 qui
730 3726 887 3772 erant
920 3696 1134 3773 educati
1166 3727 1219 3771 et
1246 3696 1468 3772 enutriti
1504 3719 1560 3772 in
1592 3718 1723 3773 falsa
1756 3696 2018 3786 religione
2044 3709 2446 3780 A‘ngulim‘llm.
2476 3707 2723 3762 colentes
2753 3704 2952 3758 ἀίνίιιῖϐ
3026 3700 3329 3786 honoribus)
3367 3696 3593 3786 ιίεηιιξιιι

346 3782 577 3869 lapides.
610 3782 665 3857 et
696 3803 940 3860 dicentes
979 3804 1163 3874 ligno:
1203 3823 1222 3856 ι
1248 3804 1390 3860 Deus
1440 3810 1600 3858 ‘tneus
1621 3819 1679 3859 es
1718 3814 1773 3857 tu
1809 3820 1824 3868 ;
1859 3782 1913 3856 et

2016 3798 2102 3852 lidi
2136 3814 2151 3851 :
2183 3794 2262 3849 Tu
2290 3793 2530 3865 genuisti
2592 3809 2712 3859 me,
2744 3810 2764 3845 ι
2814 3800 2866 3844 ιιι
2924 3789 3087 3844 habet
3171 3784 3448 3856 prophetae
3485 3782 3599 3879 elo:

346 3890 619 3956 quium".
658 3889 837 3955 Quare
897 3906 1036 3960 opus
1086 3900 1206 3945 erat
1260 3891 1350 3944 illa
1407 3890 1598 3945 notitia
1623 3890 1647 3944 τ
1677 3906 1742 3944 ne
1774 3889 1820 3944 si
1861 3886 1996 3941 nihil
2051 3885 2265 3937 illorurn
2315 3881 2491 3936 oculis
2523 3890 2796 3938 occurrat,
2826 3876 3161 3930 arbitrentur
3226 3882 3227 3885 ‘
3259 3887 3321 3960 se
3351 3876 3597 3960 venerari

348 3972 539 4039 Deum,
576 3977 671 4046 qui
699 3991 806 4031 non
838 3977 912 4032 sit
936 3955 994 4031 in
1019 3992 1201 4032 rerum
1247 3985 1460 4031 natura.
1502 3973 1637 4029 Nam
1672 3989 1735 4029 ea
1766 3988 1886 4044 quas
1937 3980 2263 4032 cernuntur,
2330 3966 2564 4020 llrminre
2586 3973 2640 4020 et
2674 3964 2934 4019 solidiore
2985 3962 3087 4015 ll.le
3188 3959 3462 4046 coluntur.
3493 3955 3598 4008 So-

350 4063 499 4117 nitus
543 4045 752 4117 insoliti
805 4071 861 4116 et
947 4062 1248 4118 monstrosi
1291 4061 1665 4116 exaudiuntur
1694 4102 1710 4125 ,
1756 4061 2124 4114 obversantur
2192 4055 2370 4109 oculis
2432 4055 2568 4105 mira
2627 4054 2967 4121 spectacula,
3006 4061 3064 4104 ut
3102 4052 3366 4118 appareat
3419 4045 3594 4114 ipsam

350 4150 509 4206 etiam
541 4158 794 4205 naturam
822 4151 1201 4206 universorum
1232 4150 1340 4205 Deo
1359 4149 1587 4214 servire,
1618 4148 1851 4217 ejusque
1869 4146 2002 4217 jugo
2029 4143 2276 4198 cervices
2315 4141 2613 4209 subjicere.

422 4286 556 4359 [Καὶ
591 4290 842 4344 κάτεισιν
872 4290 932 4343 ἐν
959 4289 1091 4343 εἴδει
1127 4291 1354 4360 πυρὸςὸ
1385 4288 1565 4360 Θεὸς],
1596 4286 1814 4349 δεικνὺς
1844 4286 1929 4338 ὅτι.
1963 4291 2002 4344 Β

2104 4281 2250 4336 Deus
2308 4275 2595 4335 descendit
2620 4276 2675 4330 in
2724 4284 2961 4328 montem
3025 4270 3129 4326 sub
3193 4268 3378 4339 specie
3436 4264 3599 4363 ignis.

354 4379 463 4448 πῦρ
491 4382 775 4448 ἐκδέχεται
796 4382 923 4444 τοὺς
946 4382 1362 4452 παρακούοντας
1387 4374 1523 4449 δὀὐχ
1551 4379 1635 4431 ὅτι
1663 4379 1762 4448 τῆς
1794 4376 1927 4448 ὕλης

2034 4386 2094 4424 re
2129 4371 2247 4440 ipsa
2276 4369 2673 4423 demonstrans
2708 4363 2886 4430 ignem
2917 4374 3245 4416 exarsurum
3279 4356 3510 4409 ultorem
3546 4356 3601 4405 in

356 4471 542 4542 χρῄζει
565 4473 741 4536 ὀΘεὺς
760 4472 979 4543 βοηθοῦ,
1002 4450 1255 4543 ιέαθάπερ
1299 4474 1349 4533 οι
1388 4470 1682 4541 Μανιχαῐοι
1740 4451 1927 4535 φασιν.

2030 4478 2148 4522 eos.
2192 4461 2284 4530 qui
2321 4458 2529 4528 legibus
2559 4471 2667 4510 non
2717 4454 2831 4509 sint
2871 4450 3137 4522 parituri;
3183 4462 3283 4502 nec
3317 4457 3521 4511 tamen,
3547 4456 3607 4499 ut

357 4538 484 4614 ιοξε
514 4560 624 4632 γὰρ
646 4538 949 4632 secession.
976 4538 1488 4630 amicus-nepa,
1533 4538 1656 4630 ρπε¹
1688 4557 1933 4628 χιλιάδας

2034 4552 2313 4611 somniant
2345 4549 2651 4613 Manichaai,
2674 4549 2729 4603 in
2765 4548 2889 4617 igne
2911 4545 3127 4606 visitur,
3159 4540 3316 4611 quasi
3348 4554 3489 4608 opus
3511 4538 3603 4590 lia-

355 4652 564 4705 ἀνεῖλεν
591 4629 652 4707 iv
672 4629 785 4724 ⁷μιᾷ
810 4629 987 4717 vestiri,
1011 4655 1075 4707 οὐ
1107 4652 1323 4724 δεηθεὶς
1354 4629 1548 4723 τιυρδςς
1578 4650 1700 4704 οὐδὲ
1736 4649 1934 4720 ἐτέρας

2035 4645 2161 4700 beat
2196 4641 2464 4697 materiali
2492 4640 2652 4711 271
2681 4640 2826 4710 igne,
2859 4652 3037 4707 neque
3057 4636 3193 4690 citra
3225 4634 3372 4687 hunc
3414 4629 3611 4699 punire

355 4740 496 4804 me;
521 4741 656 4811 ὕλης
821 4743 1122 4812 ςτοιχείων.
1190 4720 1202 4724 ⁷
1435 4720 1446 4723 ⁷

2037 4735 2211 4805 possit
2253 4742 2461 4789 sontes.
2511 4732 2585 4787 Ne
2610 4732 2723 4785 scis
2753 4731 2954 4784 invicta
2995 4725 3170 4796 angeli
3191 4725 3393 4779 virtute
3423 4720 3610 4774 Domi-

356 4842 488 4891 num
517 4809 627 4891 una
656 4840 816 4887 nocte
840 4809 989 4887 letho
1020 4831 1237 4889 dedisse
1269 4829 1372 4885 {85
1406 4829 1576 4887 millia
1607 4827 1917 4891 hominum,
1993 4839 2095 4879 nec
2149 4823 2217 4878 ad
2272 4840 2393 4879 eam
2446 4839 2559 4879 rem
2603 4823 2825 4893 eguisse
2904 4819 3073 4872 ullius
3123 4814 3380 4870 elementi
3448 4809 3608 4866 auxi-

362 4922 477 4981 lio?

432 5058 623 5115 Solum
657 5062 923 5118 arbitrum
957 5074 1013 5119 et
1034 5064 1391 5120 mediatorem
1427 5063 1483 5119 in
1517 5071 1757 5118 montem
1784 5059 2080 5116 ascendere
2103 5054 2279 5124 jubet,
2332 5052 2562 5121 reliquis
2603 5048 2976 5105 comminatur
3002 5054 3258 5101 mortem.
3290 5040 3402 5097 Nec
3435 5040 3491 5096 id
3526 5038 3608 5105 lit,

363 5147 519 5216 quasi
558 5148 799 5204 crudelis
826 5161 879 5204 et
906 5151 1056 5204 aditu
1092 5150 1328 5207 dimcilis
1366 5150 1537 5205 videri
1569 5149 1805 5213 studeat,
1840 5146 1934 5202 sed
1970 5153 2028 5198 ut
2062 5148 2402 5213 cognoscant
2440 5153 2535 5209 pro
2590 5151 2802 5194 summo
2830 5136 3039 5190 honore
3066 5132 3378 5188 ducendum
3415 5143 3612 5216 appro-

363 5233 635 5307 pinquare
665 5233 796 5302 Deo,
815 5246 871 5291 et
904 5239 1143 5292 maxime
1173 5236 1243 5293 ob
1268 5234 1623 5308 Egyptiacos
1663 5233 2023 5289 sacriﬁcu‘os.
2056 5231 2155 5282 His
2180 5227 2347 5287 cnim,
2382 5227 2425 5280 si
2460 5226 2763 5280 castitatem
2796 5221 3184 5286 observabant,
3216 5217 3471 5308 patebant
3500 5215 3612 5268 da:-

367 5305 587 5374 inouum
614 5325 826 5378 occulta
856 5325 1013 5396 adyta
1041 5343 1054 5378 :
1085 5333 1294 5396 quanto
1330 5305 1504 5395 magis
1532 5325 1701 5380 castis
1724 5323 1934 5377 occulta
1968 5317 2059 5373 Dei
2089 5324 2272 5386 patere
2295 5314 2378 5368 las
2411 5312 2567 5397 erat?
2599 5309 2876 5365 Pratcrca
2912 5309 3118 5379 majore
3149 5305 3528 5397 prmt‘ogaliV".
3553 5308 3613 5397 ξιι

365 5406 528 5493 τιξιιςο
551 5409 713 5476 εοιει,
744 5393 945 5493 dignus
997 5393 1213 5469 habend
1239 5428 1282 5468 ιε
1308 5420 1393 5468 est
1413 5393 1545 5473 dux,
1570 5426 1731 5481 quam
1769 5410 2021 5479 populus.
2056 5405 2226 5459 Paulo
2266 5412 2392 5458 ante
2439 5393 2578 5458 dixit
2633 5402 2774 5493 Deus
2814 5398 2947 5493 Mosi
2976 5438 2990 5451 .
3030 5419 3048 5451 ι
3090 5397 3231 5452 Ecce
3255 5409 3355 5466 ego
3380 5393 3613 5493 attento

368 5490 435 5546 ad
458 5504 508 5550 te
533 5497 587 5551 in
630 5479 885 5553 colum’na
917 5500 1099 5564 nubis,
1134 5508 1192 5553 ut
1222 5479 1668 5569 audiatpOpnlus
1696 5513 1780 5552 me
1811 5498 2120 5565 loquentem
2155 5495 2276 5558 tibi,
2318 5505 2371 5548 et
2405 5492 2564 5547 iidem
2633 5492 2727 5547 tibi
2762 5490 3001 5547 habeant
3045 5498 3327 5560 perpetuo.
3373 5502 3391 5534 ι
3430 5479 3609 5547 Rrpc-

439 5675 736 5745 “Philipp.
783 5691 863 5740 Ill,
897 5677 950 5731 8.
1028 5676 1073 5709 “
1098 5674 1302 5731 Jerem.
1364 5691 1477 5741 vui,
1516 5674 1568 5741 8,
1599 5673 1651 5729 9.
1729 5675 1773 5707 "
1810 5671 1825 5726 Ι
1863 5673 2007 5727 Petr.
2041 5688 2099 5735 ιι,
2157 5671 2211 5735 9,
2274 5670 2354 5725 l0.
2432 5670 2476 5701 “
2500 5667 2670 5724 Exod.
2702 5683 2784 5732 tu,
2814 5666 2867 5721 3.
2954 5667 2997 5699 ⁶’
3027 5661 3225 5718 Ierem.
3260 5674 3322 5720 ll.
3349 5659 3438 5711 ‘27-
