4010 6212
317 264 419 331 593
1639 271 1989 333 rnocoru
2034 275 2277 336 GAZzEI
3468 236 3575 339 aut

318 387 503 432 tamus
538 378 697 448 paulo
721 394 888 450 supra
924 381 1202 451 quomodo
1228 381 1466 452 quadam
1499 385 1827 453 gradatione
1852 387 1917 440 ad
1945 389 2266 444 sublimiora
2283 390 2514 445 'virtntis
2550 398 2798 446 nostram
2831 399 3066 445 mentem
3104 389 3340 445 deducat
3375 394 3574 448 oratio.

318 467 454 521 Nam
489 470 681 525 oculos
711 468 779 524 ad
815 469 997 525 Mosen
1031 478 1086 526 et
1119 470 1188 524 ad
1222 472 1422 526 nubem
1454 472 1627 526 ﬂectit
1656 474 1987 545 quicunque
2025 476 2331 546 ingreditur
2361 478 2587 533 virtutis
2635 480 2765 533 iter.
2809 477 2993 533 Moses
3025 478 3270 533 ostendit
3303 490 3571 548 praecepta

324 559 460 626 regis
498 577 511 610 :
548 558 720 614 nubes
748 559 956 614 iudicat
983 568 1244 623 mentem,
1265 576 1389 631 quae
1414 562 1723 616 antecessit
1753 563 1948 631 legem,
1979 570 2034 617 et
2073 564 2316 619 transitu
2345 579 2503 633 aqua:
2531 565 2784 636 deposuit
2806 574 2861 619 et
2886 565 3165 619 interfecit
3185 580 3406 620 omnem
3438 567 3577 620 alie-

323 647 576 715 nigenam
611 646 928 718 religionem
972 650 1192 716 penitus
1225 650 1333 703 lota
1394 659 1447 704 et
1510 659 1799 720 repurgata
1829 666 1842 701 :
1875 665 1997 719 quae
2035 650 2347 721 degustavit
2396 666 2570 721 aquas
2604 650 2842 716 Marath,
2882 651 3100 707 scilicet
3133 653 3302 707 vitam
3329 668 3358 707 a
3385 654 3573 709 saeculi

324 733 698 801 voluptatibus
730 743 1094 813 segregatam,
1126 745 1181 789 et
1211 736 1562 791 dulcedinem
1604 745 1988 805 apportantem
2034 739 2167 804 illis,
2207 740 2301 808 qui
2337 739 2549 810 lignum
2589 739 2851 796 decenter
2885 751 2940 795 et
2984 740 3150 810 digne
3181 743 3526 812 susceperint
3555 760 3569 795 :

324 837 450 889 quae
481 822 682 876 deinde
709 822 985 877 oblectata
1013 824 1425 891 pulchritudine
1456 832 1509 878 et
1535 820 1865 879 ’amusnitate
1897 828 2340 896 evangelicarum
2382 830 2692 898 palmarum
2720 837 2774 885 et
2817 829 3048 884 fontium
3078 828 3310 884 fecunda
3336 830 3574 884 scaturi-

324 909 474 990 gine,
506 908 720 963 fruatur
758 911 970 966 caelesti
999 926 1138 980 pane
1167 919 1223 965 et
1249 927 1373 966 vere
1431 912 1705 965 ambrosia
1735 928 1749 964 :
1777 915 1901 990 qua:
1941 914 2202 984 deinceps
2226 916 2429 969 satiata
2464 916 2699 971 humore
2748 932 2815 970 ex
2859 926 3008 986 petra
3036 915 3340 986 proﬂuente
3365 916 3571 981 vincat,

325 1002 379 1049 et
403 1003 659 1065 potenter
692 997 876 1052 domet
905 1014 1005 1067 per
1043 999 1230 1067 crucis
1281 1000 1497 1069 signum
1550 1000 1925 1053 adversarios.
1962 999 2136 1065 Mens,
2192 1000 2439 1070 inquam,
2490 1011 2605 1055 tum
2638 1001 2857 1056 demum
2896 1001 3165 1056 incumbit
3200 1003 3572 1073 spiritualium

326 1085 698 1153 speculationi
735 1084 781 1139 si
820 1095 1005 1139 utatur
1034 1086 1172 1141 duce
1203 1088 1619 1156 repurgatione,
1658 1101 1892 1155 corpore
1929 1087 2140 1142 scilicet
2162 1097 2217 1141 et
2252 1090 2599 1144 vestimentis
2638 1090 2773 1144 lotis
2825 1103 2989 1158 aqua.
3019 1088 3250 1158 Oportet
3300 1089 3572 1160 siquidem

326 1186 430 1225 nos
463 1172 665 1239 pariter
689 1187 921 1241 Corpore
982 1183 1037 1227 et
1076 1174 1264 1227 animo
1305 1190 1472 1243 purus
1495 1189 1639 1237 esse,
1690 1184 1750 1228 ut
1778 1182 2042 1229 externus
2071 1174 2293 1229 habitus
2340 1176 2671 1245 respondeat
2710 1175 2982 1230 interiori.
3035 1173 3170 1229 Nam
3208 1175 3376 1245 polita
3405 1177 3575 1230 vesti-

328 1265 510 1310 menta
551 1257 862 1327 signiﬁcant
891 1259 1012 1312 vitae
1049 1260 1339 1314 honestum
1376 1261 1636 1313 amictum
1665 1269 1720 1313 et
1783 1259 2049 1315 habitum.
2079 1259 2308 1330 Oportet
2337 1263 2481 1316 enim
2519 1263 2684 1317 etiam
2715 1264 2904 1316 carnis
2940 1262 3253 1331 voluptates
3289 1263 3497 1329 necari,
3522 1262 3573 1319 si

326 1345 581 1408 volumus
611 1361 732 1409 nos,
760 1347 941 1417 quoad
971 1347 1186 1402 interna
1206 1349 1478 1418 perhiberi
1513 1349 1740 1419 probos.
1762 1347 1894 1401 Nam
1917 1347 2127 1417 inquit:
2154 1367 2172 1399 ι
2198 1348 2409 1405 Induite
2437 1347 2730 1404 Dominum
2758 1359 3008 1404 nostrum
3035 1347 3224 1403 Jesum
3248 1349 3526 1403 Christum
3555 1367 3569 1404 :

326 1438 384 1485 et
450 1432 640 1487 carnis
665 1447 856 1488 curam
912 1449 982 1489 ne
1031 1437 1259 1506 egeritis
1327 1436 1393 1489 ad
1448 1437 1802 1506 cupiditatem
1837 1436 1903 1488 "°.
1948 1454 1967 1488 ι
2009 1433 2356 1505 Quapropter
2383 1436 2528 1490 haud
2564 1436 2633 1490 ab
2673 1451 2732 1490 re
2765 1451 2927 1505 quam
2958 1436 3285 1506 longissime
3314 1451 3340 1489 a
3369 1437 3573 1491 castris

328 1519 622 1575 submovet
658 1520 744 1576 lex
779 1522 1053 1591 leprosos,
1086 1532 1141 1587 et
1168 1525 1319 1589 illos,
1348 1538 1490 1593 quos
1524 1522 1952 1578 haamorrltoides
1994 1521 2277 1576 infestant.
2312 1521 2588 1579 Fortassis
2628 1524 2732 1578 hoc
2788 1524 2908 1577 loco
2949 1524 3203 1593 intelligit
3228 1538 3447 1588 sensus,
3480 1525 3572 1593 qui

328 1606 492 1660 nobis
525 1607 853 1662 cohabitant
883 1626 896 1662 :
929 1610 1132 1678 quibus
1162 1611 1450 1680 repudium
1489 1610 1621 1666 dare
1661 1610 1818 1665 decet
1858 1609 2033 1673 illum,
2068 1610 2164 1677 qui
2196 1610 2311 1663 vult
2337 1610 2392 1664 in
2429 1611 2809 1667 sublimiorem
2865 1609 2958 1664 Dei
3002 1610 3274 1666 scandere
3321 1611 3575 1680 specula-

332 1695 558 1748 tionem.
594 1694 895 1764 Theologia
930 1697 1204 1766 siquidem
1241 1697 1728 1766 reveraquiddam
1764 1696 1974 1751 acclive
2002 1695 2295 1751 difﬁculter
2338 1698 2491 1752 aditu
2524 1706 2631 1763 est,
2673 1697 2738 1752 ad
2775 1699 2932 1768 cujus
2973 1699 3191 1753 radices
3230 1714 3373 1768 agre
3393 1698 3578 1752 venire

330 1787 512 1847 potest
549 1781 845 1837 multitudo
876 1782 1184 1837 incondita.
1227 1784 1578 1853 Quapropter
1611 1784 1803 1839 bestiae
1830 1792 1882 1837 et
1908 1779 2178 1851 jumenta,
2214 1800 2337 1854 quae
2367 1787 2550 1841 valent
2580 1787 2845 1842 sensitiva
2869 1786 3073 1851 anima,
3104 1787 3298 1856 procul
3330 1802 3358 1841 a
3393 1796 3579 1841 monte

331 1867 648 1936 abiguntur.
686 1867 835 1923 Motu
868 1870 1016 1924 enim
1048 1878 1337 1924 moventur
1370 1871 1702 1934 irrationali,
1750 1879 1804 1925 ct
1831 1863 2008 1925 solum
2064 1882 2375 1941 sequuntur
2409 1889 2657 1929 sensum.
2697 1872 2981 1929 Fortassis
3015 1873 3121 1928 hoc
3174 1875 3293 1928 loco
3319 1874 3582 1944 intelligit

334 1955 607 2010 hominem
639 1957 842 2011 malum
872 1966 928 2013 et
960 1957 1158 2023 ferum,
1190 1974 1373 2026 quem,
1402 1974 1527 2012 cum
1584 1974 1693 2013 non
1750 1958 1823 2013 sit
1865 1973 2038 2026 capax
2084 1960 2390 2031 theologiaa,
2431 1975 2541 2014 non
2573 1968 2789 2031 oportet
2817 1961 3100 2015 immorari
3125 1960 3282 2016 silvis
3314 1959 3581 2016 insidiose

331 2053 644 2113 captantem
674 2044 896 2114 aliquod
929 2045 1128 2115 dogma
1159 2054 1254 2099 aut
1285 2047 1537 2111 verbum,
1568 2045 1777 2100 deinde
1800 2061 1926 2100 cum
1952 2046 2187 2099 tumultu
2212 2046 2554 2101 exsilientem
2582 2048 2830 2102 lacerare
2863 2047 3112 2102 salubres
3136 2061 3422 2104 sermones
3444 2062 3581 2104 con-

332 2132 513 2186 viciis.
548 2132 878 2202 Quicunque
902 2133 1130 2202 propius
1163 2134 1484 2197 accesserit,
1527 2132 1808 2203 lapidibus
1846 2133 2169 2202 perimetur.
2230 2132 2516 2201 Siquidem
2569 2133 2705 2190 feris
2729 2145 2781 2189 et
2811 2135 3069 2189 belluinis
3110 2134 3429 2190 hominibus
3463 2137 3580 2191 veri

333 2234 617 2275 sermones
673 2231 803 2275 sunt
865 2219 1074 2290 lapides
1111 2220 1295 2289 rigidi.
1350 2218 1408 2274 Si
1449 2220 1692 2289 pardalis
1725 2218 1908 2285 fuerit,
1941 2218 2304 2273 interﬁciatur
2356 2235 2464 2274 una
2513 2235 2638 2275 cum
2686 2221 2918 2276 maculis
2963 2222 3080 2277 suis
3107 2221 3275 2276 variis
3309 2239 3324 2277 :
3355 2222 3469 2277 sive
3493 2222 3581 2276 leo

334 2323 498 2377 rapax
534 2316 589 2362 et
623 2309 843 2378 rugiens
863 2324 1116 2377 quaerens
1146 2324 1308 2378 quem
1342 2309 1572 2363 devoret
1599 2325 1615 2373 ;
1646 2309 1763 2363 sive
1796 2322 1928 2376 aper
1956 2307 2293 2362 conculcans
2320 2308 2581 2376 pulchras
2609 2316 2665 2361 et
2698 2307 2996 2377 pellucidas
3033 2309 3280 2363 veritatis
3311 2321 3581 2378 gemmas;

338 2395 456 2449 sive
487 2396 647 2465 lupus
675 2396 949 2452 Arabicus
975 2409 1029 2449 et
1058 2396 1294 2451 alienus.
1327 2397 1421 2451 Vel
1452 2396 1498 2450 si
1524 2395 1689 2449 fuerit
1720 2396 1891 2449 bestia
1924 2396 2111 2465 aliqua
2164 2397 2449 2466 praedictis
2498 2398 2779 2462 solertior,
2815 2412 3038 2468 quoque
3071 2406 3319 2461 necetur,
3352 2406 3411 2451 ut
3441 2396 3579 2450 vul-

337 2472 433 2550 pes
452 2483 663 2538 scilicet
690 2482 1072 2539 fraudulentus
1100 2484 1302 2552 aliquis
1342 2483 1502 2536 homo
1539 2482 1959 2550 etincredulus,
1994 2484 2087 2552 qui
2119 2500 2216 2554 pro
2258 2484 2579 2539 diversitate
2613 2499 2803 2539 rerum
2837 2494 2894 2540 et
2933 2495 3241 2553 temporum
3278 2486 3463 2539 varias
3499 2485 3583 2538 in-

334 2569 455 2623 duit
488 2570 694 2625 formas
717 2583 770 2626 et
801 2571 1050 2625 ltahitus.
1086 2571 1289 2641 Vulpes
1314 2586 1534 2641 quoque
1570 2586 1693 2639 quae
1720 2586 1920 2640 parvas
1945 2574 2087 2626 vites
2107 2572 2437 2641 corrumpit,
2470 2571 2687 2641 magnis
2718 2572 2819 2626 hoc
2841 2572 3147 2641 periculum
3170 2570 3576 2642 elfngientibus.

334 2656 604 2712 Praeterea
639 2658 684 2712 si
724 2667 897 2714 restat
935 2658 1084 2712 aliud
1120 2659 1325 2711 animal
1362 2657 1750 2720 raruivorum,
1778 2659 2033 2730 quodque
2064 2660 2143 2713 lex
2169 2659 2442 2730 impurum
2476 2659 2802 2729 pronuntiat
2826 2668 2879 2715 et
2914 2660 2967 2713 in
2994 2660 3135 2714 cibis
3161 2659 3407 2714 damnat.
3444 2656 3579 2712 Nam

333 2744 403 2797 ab
434 2744 521 2799 his
552 2744 836 2814 sejunctus
861 2761 1045 2801 sermo
1074 2746 1231 2816 legis,
1262 2732 1379 2799 vult
1417 2746 1613 2799 solidis
1645 2755 1699 2800 et
1731 2746 1962 2816 lapideis
1991 2747 2157 2800 incidi
2215 2747 2439 2802 tabulis.
2496 2747 2730 2817 Lapides
2778 2761 2999 2818 quoque
3051 2747 3442 2817 intelliguntur
3475 2745 3579 2800 hoc

336 2833 455 2886 loco
504 2834 852 2890 inventiones
911 2835 1321 2896 luereticorum,
1354 2835 1447 2904 qui
1481 2835 1824 2890 inventorem
1856 2841 1911 2889 et
1948 2843 2227 2888 auctorem
2261 2833 2557 2902 impiorum
2608 2833 2928 2904 dogmatum
2976 2834 3318 2903 opprimunt.
3375 2832 3577 2889 Verqu

333 2920 746 2978 consideremus
802 2933 855 2976 et
910 2923 1199 2992 diligenter
1253 2922 1660 2991 perpendamus
1692 2923 1920 2976 tertium
1971 2922 2138 2986 diem,
2187 2923 2238 2973 in
2278 2922 2437 2989 cujus
2467 2921 2772 2974 diluculum
2823 2922 3153 2974 matutinum
3208 2920 3458 2975 miranda
3489 2920 3579 2974 illa

334 3009 745 3065 coinciderunt.
773 3008 908 3063 Nam
939 3011 1160 3065 advenit
1197 3012 1261 3064 ad
1291 3027 1392 3064 nos
1435 3010 1752 3080 unigenitus
1784 3008 1877 3063 Dei
1913 3007 2086 3062 Filius
2121 3024 2225 3062 non
2270 3010 2322 3061 in
2371 3010 2678 3078 primordio
2705 3009 2914 3072 seculi,
2949 3021 3045 3062 aut
3073 3009 3414 3064 intermediis
3445 3019 3581 3062 tem-

336 3094 584 3163 poribus,
612 3096 710 3153 scd
742 3098 900 3165 quasi
937 3096 990 3150 in
1029 3097 1193 3150 tertio
1245 3104 1300 3151 et
1343 3097 1537 3152 ultimo
1566 3106 1813 3166 tempore
1843 3113 1854 3148 :
1894 3103 1949 3150 et
1991 3097 2148 3164 quasi
2176 3096 2229 3149 in
2261 3096 2511 3151 diluculo
2556 3098 2944 3167 principioque
2981 3096 3092 3152 diei
3127 3096 3330 3167 fugatis
3354 3104 3511 3151 nocte
3527 3103 3583 3152 et

333 3184 572 3253 caligine
601 3185 764 3255 272
795 3184 860 3239 ad
888 3201 990 3240 nos
1032 3186 1318 3256 prolectus
1349 3195 1455 3240 est.
1492 3186 1605 3240 lloc
1639 3192 1874 3254 tempus,
1907 3183 2049 3253 quod
2080 3181 2361 3252 praecessit
2401 3185 2704 3237 adventum
2742 3183 2983 3247 Domini,
3016 3184 3201 3238 sacculi
3231 3184 3395 3254 hujus
3424 3183 3579 3254 prin-

333 3287 463 3342 ceps
493 3284 819 3343 corruperat
875 3282 929 3328 et
959 3271 1278 3329 obfuscarat
1312 3272 1627 3328 idololatria
1649 3280 1702 3327 et
1735 3274 2052 3341 impuritate
2113 3271 2258 3325 vitaz.
2303 3271 2366 3323 At
2415 3269 2678 3326 Christus
2731 3287 3007 3343 apparens
3038 3272 3337 3343 plurimum
3369 3270 3585 3327 deside-

336 3368 515 3414 ratum
539 3359 686 3416 diem
718 3359 988 3416 ostendit.
1014 3361 1090 3416 De
1119 3362 1222 3415 hoc
1253 3360 1343 3415 die
1373 3361 1524 3414 canit
1557 3358 1727 3414 David
1756 3375 1769 3410 :
1810 3377 1827 3410 ι
1870 3358 1994 3413 Ηὶἰέε
2037 3366 2119 3413 est
2158 3358 2248 3411 illa
2279 3358 2422 3424 dies,
2447 3373 2613 3428 quam
2660 3359 2794 3414 fecit
2829 3359 3117 3416 Dominus.
3148 3359 3507 3415 Exsultemus
3527 3367 3580 3413 et

334 3446 582 3502 laetemur
607 3447 662 3502 in
692 3462 757 3502 ea
786 3447 855 3501 τί.
894 3467 913 3500 ι
943 3447 1147 3502 Verum
1180 3446 1627 3516 sapientissimus
1662 3446 1863 3500 Paulus
1897 3445 1952 3499 in
1991 3448 2136 3501 hunc
2192 3447 2414 3501 modum
2466 3446 2615 3501 fatur
2646 3467 2658 3502 :
2691 3466 2711 3500 ι
2756 3447 2874 3502 Nox
2919 3449 3223 3518 praecessit,
3250 3456 3305 3501 at
3340 3448 3457 3502 dies
3495 3461 3586 3516 ap-

336 3533 815 3606 propinquavit".
854 3553 872 3586 ι
917 3533 983 3588 Et
1037 3534 1239 3590 iterum
1274 3549 1288 3586 :
1328 3552 1346 3584 ι
1387 3531 1505 3587 Νοιι
1554 3532 1733 3587 noctis
1758 3546 1857 3586 nec
1911 3535 2257 3588 tenebrarum
2305 3550 2498 3591 smnus
2548 3534 2644 3589 ﬁlii
2681 3555 2695 3588 :
2728 3534 2827 3590 sed
2877 3548 3071 3590 sumus
3116 3533 3209 3587 ﬁlii
3244 3532 3383 3589 lucis
3408 3542 3461 3586 et
3489 3533 3585 3587 ﬁlii

334 3620 445 3675 diei
481 3622 549 3676 ⁷³.
570 3640 589 3672 ι
624 3622 869 3693 Fulgura
896 3622 1219 3678 visebantur
1254 3622 1310 3675 in
1352 3629 1537 3677 monte
1563 3620 1718 3683 Sina,
1746 3634 1869 3694 qua:
1901 3630 2057 3683 erant
2079 3631 2245 3692 typus
2266 3621 2466 3678 divinae
2488 3622 2628 3678 lucis
2649 3631 2703 3678 et
2726 3622 3038 3693 splendoris
3071 3622 3443 3678 discurrentis
3487 3636 3586 3690 per

334 3725 453 3764 eam
493 3710 795 3781 regionem,
819 3725 941 3781 quae
961 3710 1107 3766 coelo
1134 3708 1381 3779 subjecta
1429 3716 1537 3765 est.
1565 3706 1701 3762 Nam
1734 3707 1913 3775 inquit
1945 3724 2005 3762 :r
2043 3706 2281 3778 Fulgura
2321 3717 2416 3762 tua
2462 3718 2845 3779 apparuerunt
2873 3707 2997 3762 orbi
3028 3707 3093 3761 τι.
3130 3725 3149 3758 ι
3184 3706 3376 3778 Caligo
3409 3706 3582 3778 signi-

334 3797 461 3852 ﬁcat
483 3796 692 3853 Christi
729 3799 1053 3871 mysterium
1082 3813 1193 3852 non
1217 3811 1379 3869 posse
1426 3797 1572 3868 capi,
1630 3795 1795 3852 sicuti
1831 3804 1886 3850 et
1908 3795 1998 3852 ille
2023 3797 2221 3852 locus:
2258 3815 2277 3849 ι
2307 3796 2503 3853 Posuit
2558 3799 2814 3853 tenebras
2858 3786 3290 3853 absconsionem
3326 3809 3484 3849 suam
3528 3793 3585 3849 in
3664 3828 3679 3841 κ

332 3886 567 3940 circuitu
610 3885 948 3942 tabernaculi
980 3886 1068 3939 sui
1104 3885 1171 3951 '5,
1206 3904 1225 3936 ι
1273 3884 1563 3939 tenebrosa
1596 3898 1738 3953 aqua
1777 3884 1959 3951 aeria,
2016 3898 2138 3954 quae
2168 3885 2341 3940 solius
2384 3884 2598 3955 indiget
2639 3884 2734 3940 Dei
2777 3899 2898 3940 eam
2943 3883 3300 3943 illustrantis.
3328 3881 3500 3938 sicuti
3531 3887 3588 3936 et

336 3974 497 4029 Petro
527 3974 772 4029 dicitur:
812 3994 831 4026 ι
871 3974 1013 4030 Caro
1048 3981 1102 4028 et
1137 3972 1365 4042 sanguis
1402 3988 1514 4027 non
1542 3973 1806 4026 revelavit
1864 3972 1985 4037 tibi,
2012 3971 2107 4027 sed
2153 3970 2312 4025 Pater
2359 3971 2415 4026 in
2462 3971 2619 4027 cmlis
2654 3972 2721 4026 ⁷⁵.
2761 3990 2780 4022 ι
2824 3969 3010 4026 Testis
3033 3978 3119 4025 est
3148 3970 3315 4024 etiam
3360 3967 3589 4033 Paulus,

334 4063 439 4119 sibi
478 4064 780 4118 indicatum
817 4079 945 4119 esse
972 4064 1298 4135 mysterium
1327 4071 1382 4117 et
1407 4062 1797 4125 revelationem
1825 4061 1892 4115 ".
1935 4078 1955 4113 ι
1987 4057 2226 4128 Clangor
2279 4059 2427 4112 tubae
2476 4058 2867 4113 snbindicabat
2900 4056 3350 4128 evangelicorum
3385 4069 3589 4109 oracu-

335 4151 513 4205 lorum
546 4153 994 4216 consonantiam,
1027 4167 1148 4220 quae
1168 4167 1293 4206 cum
1327 4150 1528 4222 gaudio
1562 4150 1802 4220 quodam
1838 4147 2095 4203 illabatur
2128 4145 2359 4200 auribus
2405 4154 2462 4200 et
2500 4145 2726 4200 animis.
2759 4142 2893 4198 Nam
2932 4143 3080 4200 Deus
3104 4143 3308 4199 alicubi
3338 4158 3435 4212 per
3458 4155 3591 4211 pro-

334 4240 555 4307 phetam
584 4240 641 4293 in
663 4234 811 4295 hunc
838 4241 1063 4295 modum
1096 4239 1345 4309 loquitur
1379 4254 1393 4290 :
1424 4258 1454 4289 4
1494 4236 1775 4303 Constitui
1801 4251 1965 4305 super
1992 4249 2089 4288 vos
2129 4233 2529 4302 speculatores,
2560 4233 2749 4289 audite
2774 4248 2965 4289 vocem
2993 4234 3172 4287 tubae:
3202 4231 3267 4285 Et
3296 4230 3587 4286 dixerunt:

335 4326 452 4381 Non
493 4328 802 4384 audiemus.
831 4326 1177 4397 Quapropter
1194 4333 1386 4396 gentes
1418 4324 1772 4389 audiverunt,
1802 4330 1859 4376 et
1886 4322 1977 4391 qui
2032 4329 2267 4390 pascunt
2294 4335 2487 4391 greges
2511 4321 2655 4375 inter
2677 4320 2852 4390 ipsas.
2878 4320 3048 4383 Audi,
3097 4328 3242 4373 terra
3288 4333 3302 4370 :
3336 4317 3479 4372 Ecce
3510 4318 3593 4370 in-

334 4415 478 4469 duco
508 4416 561 4468 in
585 4416 851 4486 populum
889 4414 1040 4468 hunc
1067 4414 1233 4473 mala.
1262 4411 1503 4467 fructum
1534 4411 1748 4465 scilicet
1804 4409 2110 4464 aversionis
2156 4423 2375 4471 eorum,
2404 4409 2554 4478 quod
2586 4407 2833 4463 sermoni
2862 4421 2983 4462 meo
3028 4421 3139 4461 non
3176 4404 3593 4469 auscultarunt,

334 4512 386 4555 et
422 4504 593 4571 legem
631 4517 807 4557 meam
833 4502 1156 4570 repulerunt
1189 4498 1258 4552 ".
1298 4517 1317 4550 ι
1359 4498 1644 4569 Siquidem
1664 4497 1798 4552 tuba
1855 4496 2173 4567 evangelica
2206 4510 2303 4564 per
2333 4495 2622 4566 apostolos
2664 4495 2844 4564 primo
2877 4493 3028 4565 apud
3055 4493 3180 4549 illos
3228 4492 3499 4548 insonuit.
3523 4495 3594 4544 At

336 4590 558 4644 allocuti
620 4597 752 4645 sunt
816 4587 1215 4658 speculatores.
1262 4585 1549 4641 dicentes:
1586 4603 1604 4636 ι
1641 4583 1762 4639 Νοιι
1829 4584 2138 4639 audiemus.
2178 4603 2196 4635 ›
2234 4581 2369 4637 Hinc
2417 4583 2642 4649 accidit,
2685 4591 2747 4636 ut
2796 4596 2970 4637 sonus
3002 4581 3146 4636 tuba
3181 4580 3495 4650 perveniret
3522 4578 3593 4632 ad

335 4685 547 4748 gentes.
592 4693 718 4731 cum
758 4676 914 4746 prius
943 4674 1152 4732 ludatis
1183 4673 1470 4729 diceretur
1502 4690 1517 4728 :
1554 4692 1574 4725 ι
1621 4671 1792 4728 Vobis
1825 4686 2052 4727 necesse
2080 4679 2200 4725 erat
2234 4670 2411 4741 primo
2450 4669 2602 4741 loqui
2633 4683 2943 4725 sermonem
2976 4666 3069 4723 Dei
3091 4666 3241 4737 ;.sed
3266 4666 3399 4737 quia
3435 4665 3594 4720 hunc

334 4764 689 4830 aversamini,
721 4773 775 4821 et
803 4779 900 4820 vos
933 4762 1188 4833 indignos
1211 4760 1479 4831 judicatis
1507 4770 1712 4815 aeterna
1743 4758 1879 4825 vita,
1924 4773 2054 4815 ecce
2082 4758 2459 4814 convertimur
2494 4757 2563 4812 ad
2593 4765 2810 4827 gentes.
2842 4754 2936 4811 Sic
2961 4755 3110 4811 enim
3139 4754 3301 4810 nobis
3335 4752 3598 4823 praecepit

339 4852 604 4909 Dominus
634 4854 703 4909 ".
746 4871 764 4904 ι
802 4853 876 4907 De
899 4852 1005 4907 hac
1035 4851 1165 4906 tuba
1198 4849 1397 4905 scribit
1423 4863 1644 4919 quoque
1677 4846 1849 4902 Isaias
1876 4847 1933 4902 in
1964 4847 2111 4902 hunc
2144 4848 2364 4902 modum
2410 4863 2424 4900 :
2458 4863 2476 4897 ι
2513 4843 2579 4898 Et
2605 4844 2712 4900 erit
2738 4844 2794 4898 in
2848 4842 2941 4898 die
2988 4842 3105 4907 illo,
3137 4849 3193 4897 et
3221 4840 3355 4895 tuba
3387 4848 3596 4895 canent

337 4956 531 5011 magna
560 4940 630 4994 ⁸ο.
670 4960 690 4994 ι
726 4939 840 4996 Lex
870 4955 1096 5011 quoque
1123 4938 1233 4993 dici
1267 4944 1449 5008 potest
1477 4936 1626 5000 tuba,
1682 4935 1775 4990 sed
1807 4934 2069 5005 gracilem
2101 4944 2158 4990 et
2195 4934 2411 4989 tardam
2443 4946 2630 4987 vocem
2672 4931 2910 4987 reddens
2935 4970 2951 4994 ,
2984 4938 3042 4985 et
3080 4929 3137 4984 in
3179 4928 3296 4984 sola
3326 4941 3595 4983 resonans

334 5026 539 5093 Judwa,
574 5029 627 5083 in
658 5043 765 5100 qua
794 5029 1053 5100 cognitus
1087 5037 1173 5083 est
1199 5025 1365 5082 Deus.
1399 5026 1470 5079 At
1511 5038 1711 5095 magna
1741 5024 1873 5078 tuba
1904 5023 2119 5079 scilicet
2145 5021 2401 5076 Christus
2452 5020 2697 5084 insonat,
2738 5017 2929 5073 dicens
2958 5036 2972 5071 :
3007 5034 3026 5069 ι
3066 5014 3136 5070 Ει
3174 5014 3597 5069 annuntiabitur

339 5122 443 5175 hoc
476 5121 826 5192 Evangelimn
853 5122 1005 5193 regni
1042 5121 1096 5175 in
1128 5119 1394 5175 universo
1424 5117 1558 5173 orbe
1590 5117 1646 5172 iu
1680 5115 2058 5172 testimonimn
2082 5115 2344 5169 omnibus
2372 5112 2629 5184 gentibus
2656 5112 2728 5167 “.
2764 5130 2783 5163 ι
2804 5109 3014 5166 Sonum
3046 5116 3229 5164 autem
3261 5122 3363 5163 ceu
3388 5120 3595 5178 organa

334 5212 567 5267 edebant
626 5213 908 5284 pr0phetm
941 5222 996 5267 et
1026 5194 1284 5282 apostoli.
1319 5208 1452 5263 Nam
1495 5228 1513 5260 ι
1544 5209 1598 5262 in
1664 5223 1882 5263 omnem
1935 5216 2137 5262 terram
2164 5203 2338 5259 exivit
2381 5215 2557 5257 sonus
2609 5213 2831 5271 eorum,
2873 5208 2928 5253 et
2973 5199 3028 5252 in
3063 5197 3206 5252 ﬁnes
3239 5196 3393 5251 orbis
3427 5194 3598 5250 verba

335 5318 525 5357 eorum
550 5302 618 5357 δ’.
659 5321 678 5355 ι
708 5300 890 5358 Moses
921 5301 1141 5357 obviam
1177 5299 1338 5366 ducit
1364 5299 1626 5369 populum
1664 5297 1776 5351 Deo
1807 5296 1860 5350 in
1924 5293 2165 5350 radicem
2219 5290 2425 5346 montis
2479 5286 2634 5342 Sina.
2687 5285 2975 5357 Siquidem
3016 5286 3101 5340 lex
3137 5299 3246 5339 non
3276 5284 3330 5337 in
3360 5292 3599 5377 montem

337 5389 615 5446 adducere
638 5396 821 5461 potest
861 5389 1010 5457 illos,
1037 5402 1180 5459 quos
1211 5385 1554 5442 inlormavit.
1584 5385 1678 5440 Sic
1712 5384 1860 5439 enim
1895 5383 1950 5438 et
1985 5381 2240 5437 Salvator
2286 5378 2463 5450 inquit
2497 5393 2510 5429 :
2545 5395 2564 5428 ι
2601 5375 2773 5433 Vobis
2802 5375 2996 5431 datum
3025 5381 3111 5431 est
3148 5386 3312 5428 nosse
3343 5375 3602 5440 mysteria

406 5554 453 5586 "°
487 5551 644 5606 Rom.
671 5567 790 5609 xm,
821 5548 908 5604 Η.
985 5548 1028 5579 ⁷⁸
1063 5545 1209 5601 Psal.
1231 5560 1399 5609 cxvu,
1422 5544 1514 5598 Ἡ.
1592 5546 1636 5576 ⁷²
1663 5541 1821 5598 Rom.
1858 5556 1979 5605 xm,

2021 5540 2104 5593 ιε.
2183 5538 2228 5569 ⁷³
2262 5538 2277 5592 Ι
2311 5537 2507 5591 Thess.
2564 5535 2735 5609 v,__5_
2793 5533 3013 5590 “I’sal.
3059 5533 3303 5609 xcvuj.
3378 5528 3604 5609 ἠ’-1³9³1.

340 5640 472 5683 xm,
666 5592 930 5674 ἴθ’ϊιέἰῇἱ.
974 5592 1090 5683 va,
1108 5592 1211 5672 ἷῆξ
1235 5592 1399 5667 Ἵῖῖ
1426 5592 1572 5669 in".
1629 5592 1923 5683 "174's."

2023 5592 2190 5683 orem.
2247 5626 2321 5673 vi,
2369 5609 2557 5663 l7-I9.
2606 5592 2681 5638 ’τ’
2711 5604 2836 5660 Act.
2890 5619 3014 5670 χιιι,
3063 5592 3299 5668 46,17.
3413 5601 3459 5632 ⁸⁸
3496 5599 3601 5655 lsa.

343 5681 510 5762 χλιιι,
545 5695 626 5749 l3.
703 5693 744 5725 ⁸¹
770 5681 1242 5757 Matth.xxtv,u.
1317 5683 1363 5717 ⁸³
1388 5684 1708 5749 Psal.xvm,
1731 5682 1926 5751 5;Ror

593 5695 626 5749 ἱ.
703 5681 1242 5757 "Matth.xxtv,u.
1317 5682 2053 5751 "Psal.xvtu,5;liom.x,
2092 5681 2176 5735 is.
