4010 6212
396 300 501 366 605
1490 300 2027 363 COMMENTARII
2058 300 2142 361 IN
2171 298 2513 360 EXODUM.
3514 296 3643 363 ‘606

396 410 582 481 regni:
621 409 709 466 his
740 424 873 465 vero
904 424 1013 465 non
1047 411 1231 465 datum
1269 417 1353 464 est
1378 408 1447 465 ⁸³.
1478 429 1495 461 ι
1535 409 1801 464 Praeterea
1835 408 2128 462 conﬁtetur
2151 405 2319 472 Patri,
2346 409 2492 477 quod
2522 407 2636 462 haec
2662 393 2847 461 omnia
2876 401 3238 461 occultaverit
3274 406 3553 477 sapientes
3587 417 3646 462 et

401 498 794 579 intelligentes,
830 509 886 555 et
911 500 1236 555 revelaverit
1262 500 1513 570 parvulis
1547 500 1615 553 ⁸⁸.
1650 498 1770 554 Νοιι
1799 498 1969 567 igitur
1997 495 2195 560 Moses,
2230 509 2423 549 verum
2454 493 2712 557 Christus
2742 507 2843 547 nos
2895 492 2966 547 ad
3011 492 3406 562 perfectionem
3462 492 3641 547 addu—

399 588 473 641 cit
505 605 521 640 :
563 604 584 637 ι
632 586 691 640 In
720 587 841 656 ipso
875 586 1024 641 enim
1055 594 1187 641 sunt
1211 600 1405 641 omnes
1470 585 1714 640 thesauri
1769 584 2052 652 sapientia:
2078 589 2132 636 et
2172 580 2507 651 cognitionis
2566 580 2840 635 reconditi
2870 580 2939 634 ⁸⁸.
2973 599 2992 632 ι
3035 579 3330 633 Descendit
3359 589 3543 632 autem
3572 581 3643 633 ad

397 689 499 729 nos
529 680 591 728 ut
624 674 769 744 ignis
796 662 1225 738 conllatoris,'si
1261 674 1395 728 libet
1424 686 1693 742 usurpare
1724 671 2012 737 prophetae
2039 683 2228 722 vocem
2264 667 2332 720 “.
2368 685 2386 717 ι
2408 664 2473 719 Et
2504 666 2623 734 ipse
2654 667 2960 737 baptizabit
2988 682 3086 722 vos
3119 667 3173 719 in
3210 663 3421 736 Spiritu
3449 671 3646 720 sancto

395 773 446 818 et
476 765 604 836 igne
626 764 694 817 "'.
735 781 755 814 ι
784 763 932 833 Ignis
955 763 1172 830 quidem
1196 769 1484 817 consumet
1537 759 1804 829 quidquid
1839 759 1893 811 in
1919 757 2080 811 nobis
2132 754 2297 809 fuerit
2342 753 2704 825 superfluum,
2737 767 2792 810 et
2843 755 3110 825 eliquabit
3153 754 3362 822 peccati
3397 754 3643 807 immun-

390 853 606 915 ditiam,
648 866 751 906 nec
781 851 1046 905 concedet
1080 860 1137 904 ut
1169 850 1456 904 redeamus
1509 847 1575 901 ad
1612 847 1880 900 absurdas
1910 846 2235 913 voluptates,
2302 856 2515 915 nosque
2551 841 2624 894 ibi
2677 841 3085 912 refrigeremus.
3115 839 3252 893 Nam
3288 841 3415 894 facti
3448 855 3649 895 smnus

392 941 668 997 fervidiin
700 941 820 1010 ipso
849 939 1072 1007 spiritu.
1132 939 1477 1008 Quapropter
1503 935 1579 989 ait
1611 953 1625 989 :
1662 954 1681 985 ι
1720 935 1899 1002 Ignem
1952 930 2079 985 veni
2143 929 2360 982 mittere
2411 944 2579 996 super
2628 939 2855 994 terram,
2888 929 3099 998 etquid
3128 929 3251 981 volo
3292 929 3336 983 si
3363 928 3640 996 jam-suco

392 1043 596 1083 census
628 1035 711 1082 est
740 1026 830 1080 ‘3?
854 1045 873 1077 ι
915 1024 1053 1080 Hinc
1079 1033 1133 1079 et
1165 1026 1361 1094 priscis
1389 1022 1650 1092 apparuit
1684 1022 1828 1086 ignis
1868 1037 1881 1073 :
1912 1027 2167 1073 caeterum
2202 1015 2386 1070 fumus
2419 1017 2642 1071 additus
2681 1017 2783 1070 fuit
2823 1018 2957 1087 igni,
3000 1018 3092 1087 qui
3140 1017 3414 1086 significat
3447 1017 3645 1070 divinze

392 1116 584 1185 gloriae
615 1121 1057 1183 contemptorum
1103 1113 1378 1180 lacrymas
1412 1120 1466 1165 et
1503 1110 1759 1166 tenebras
1798 1115 2086 1171 externas,
2117 1104 2171 1157 in
2208 1118 2345 1168 quas
2381 1098 2693 1173 praecipites
2729 1103 3036 1169 dabuntur,
3073 1104 3144 1159 ibi
3175 1108 3281 1159 erit
3310 1104 3557 1174 ploratus
3587 1110 3645 1158 et

396 1200 606 1254 stridor
629 1200 896 1253 dentium.

467 1287 641 1349 Voces
675 1285 813 1340 tubc
844 1285 1112 1355 fortiores,
1136 1292 1242 1337 etc.
1273 1281 1418 1354 [XX,
1443 1279 1555 1352 19.]
1586 1280 1997 1350 Evangeliorum
2029 1280 2155 1332 tuba
2180 1279 2328 1333 clare
2357 1288 2410 1332 et
2443 1292 2639 1348 magno
2701 1277 2960 1348 clangore
3002 1287 3241 1334 resonat.
3268 1277 3428 1331 Initio
3456 1277 3643 1332 audie-

397 1373 565 1429 batur
594 1375 648 1427 in
678 1370 891 1438 Iud-ea,
917 1372 1115 1426 deinde
1138 1385 1237 1425 sua
1274 1369 1508 1438 pomeria
1533 1367 1815 1438 proferens
1837 1374 2061 1434 evagata
2086 1374 2169 1421 cst
2193 1381 2287 1434 per
2312 1366 2628 1421 universum
2681 1366 2893 1419 orbem.
2937 1366 3174 1434 imperat
3217 1364 3383 1429 Deus,
3421 1380 3489 1417 ne
3516 1365 3641 1433 quis

394 1458 844 1529 speculabundus
870 1458 1099 1527 propius
1123 1456 1369 1517 accedat,
1405 1454 1725 1511 sacerdotes
1759 1453 2030 1509 adeuntes
2063 1452 2493 1509 sanctilicaudos
2520 1462 2613 1506 aut
2663 1452 2864 1506 mortis
2907 1468 3121 1522 poenam
3162 1452 3505 1515 incursuros,
3530 1460 3638 1506 etc.

394 1547 512 1601 Non
542 1547 689 1601 enim
720 1562 784 1602 ea
815 1546 1019 1601 virtute
1048 1545 1193 1614 viget
1231 1544 1338 1607 lex,
1373 1554 1430 1597 ut
1461 1558 1562 1598 nos
1593 1543 1768 1612 possit
1797 1543 1993 1597 sistere
2022 1541 2076 1594 in
2109 1549 2466 1608 conspectum
2504 1538 2619 1593 Dei.
2651 1537 2921 1593 Versatur
2956 1537 3226 1607 siquidem
3271 1541 3325 1592 in
3356 1538 3565 1593 umbris
3587 1548 3643 1594 et

394 1634 558 1703 typis.
588 1634 658 1685 At
685 1632 931 1687 veritatis
960 1630 1311 1700 pulchritudo
1341 1631 1594 1685 constitit
1625 1630 1678 1683 in
1718 1629 1963 1697 Christo,
1992 1647 2089 1700 per
2131 1648 2293 1701 quem
2328 1630 2551 1684 adducti
2598 1645 2792 1684 sumus
2839 1638 2894 1684 et
2923 1630 3201 1683 collocati“
3226 1643 3397 1698 prope
3422 1627 3636 1683 Patrem

392 1721 554 1789 quasi
584 1721 639 1773 in
668 1727 908 1775 montem
966 1718 1354 1783 ascendentes,
1387 1716 1601 1771 scilicet
1628 1717 1681 1770 in
1709 1718 1880 1786 ipsius
1912 1719 2184 1772 notitiam.
2213 1718 2315 1784 Qui
2354 1719 2498 1771 enim
2547 1718 2699 1770 novit
2751 1716 2975 1776 Filium.
3032 1718 3290 1785 cognovit
3328 1732 3424 1786 per
3458 1716 3638 1785 ipsum

390 1813 448 1860 et
487 1806 545 1859 in
567 1806 687 1874 ipso
712 1803 953 1859 Patrem.
996 1804 1162 1859 Docet
1192 1818 1411 1874 quoque
1447 1804 1579 1871 legis
1608 1805 2079 1860 consecrationem
2113 1807 2275 1877 273
2305 1823 2410 1860 non
2444 1805 2683 1876 perfecte
2728 1814 2915 1878 tenere
2958 1806 3333 1868 sanctitatem,
3365 1821 3488 1859 cum
3533 1806 3638 1859 im-

384 1900 551 1962 peret
582 1892 747 1945 etiam
780 1890 1098 1946 sacerdotes
1128 1890 1538 1947 consecrandos
1564 1898 1620 1944 et
1651 1890 2076 1947 sanctiﬁcandos
2117 1908 2261 1946 esse.
2286 1892 2541 1947 Christus
2591 1899 2774 1945 autem
2831 1892 3187 1961 inculpabilis
3217 1900 3271 1946 et
3317 1898 3649 1947 sanctorum

390 1978 779 2033 sanctissimus
811 1989 1000 2033 noster
1033 1977 1275 2048 pontifex
1316 1988 1422 2033 ρει.
1453 1975 1589 2030 Nam
1628 1977 1763 2047 legis
1807 1980 2155 2034 consecratio
2200 1979 2634 2033 StlbtllllllSll‘ailS
2695 1977 2952 2032 balneum
2991 1988 3046 2033 et
3100 1994 3274 2048 aquas
3333 1979 3402 2033 ad
3454 1979 3641 2033 carnis

388 2063 586 2119 sordes
613 2063 899 2130 eluendus,
925 2066 1222 2127 neminem,
1247 2062 1427 2133 quoad
1476 2065 1898 2129 conscientiam,
1936 2064 2235 2135 perfectum
2278 2065 2534 2120 reddidit.
2569 2064 2915 2134 Quapropter
2952 2075 3011 2118 ut
3057 2065 3377 2135 imperfecta
3414 2066 3640 2133 jubetur

389 2152 737 2217 consecrari,
766 2160 823 2206 ut
853 2165 975 2221 qua:
1001 2166 1108 2205 non
1137 2151 1335 2205 habeat
1357 2149 1655 2219 perfectam
1690 2159 1743 2204 et
1766 2150 2075 2204 absolutam
2128 2155 2481 2206 sanctitatem
2509 2168 2522 2204 :
2554 2150 2951 2206 sanetilicanda
3007 2167 3141 2205 vero
3169 2154 3239 2207 sit
3261 2167 3362 2207 suo
3389 2161 3639 2222 tempore

384 2228 455 2295 in
492 2241 734 2306 Christo,
766 2241 993 2311 quando
1028 2239 1434 2295 facessentibus
1470 2239 1614 2309 typis
1642 2240 1762 2308 ipsa
1825 2240 2201 2294 coruscaverit
2254 2241 2480 2294 veritas.
2513 2239 2631 2294 Non
2671 2241 2838 2309 igitur
2870 2254 2971 2293 nos
2999 2240 3229 2294 addecet
3264 2240 3464 2295 sectari
3498 2241 3636 2310 legis

387 2330 816 2383 sanctimoniam
846 2325 1052 2385 Christi
1073 2327 1440 2382 sanctimonia
1472 2340 1790 2395 apparente.
1818 2328 1925 2379 Aut
1990 2342 2136 2381 mors
2160 2337 2251 2380 aut
2271 2342 2452 2394 pinna.
2483 2326 2617 2380 Nam
2644 2330 2697 2381 in
2730 2328 2953 2382 Christo
2980 2329 3163 2397 p0puli
3194 2337 3251 2381 et
3288 2335 3506 2382 vetusta
3547 2343 3637 2380 ve-

390 2416 746 2483 nerandaque
777 2415 1128 2469 sacerdotum
1163 2422 1522 2468 consecratur
1571 2420 1627 2466 et
1674 2412 1962 2466 dedicatur
1985 2412 2211 2467 familia.
2237 2413 2527 2483 Quidquid‘
2567 2432 2675 2470 non
2729 2415 2894 2470 fuerit
2924 2426 3201 2477 sanctum,
3245 2415 3297 2468 id
3332 2418 3634 2484 impurum,

388 2502 682 2569 profanum
701 2512 754 2556 et
790 2510 1064 2555 mortuum
1096 2500 1325 2555 dixeris.
1361 2519 1379 2551 ι
1415 2499 1584 2553 Amen
1620 2500 1789 2563 enim,
1829 2499 2032 2567 inquit,
2064 2515 2222 2554 amen
2277 2502 2402 2555 dico
2433 2501 2613 2564 vobis,
2644 2502 2748 2557 nisi
2792 2502 3143 2556 credideritis
3173 2502 3318 2571 quod
3349 2518 3451 2572 ego
3488 2517 3636 2566 sum,

388 2591 445 2643 iu
472 2589 713 2658 peccatis
768 2587 968 2642 vestris
996 2587 1307 2641 moriemini
1336 2587 1404 2638 ⁸⁸.
1443 2605 1461 2637 ι
1503 2585 1645 2641 Hinc
1691 2600 1914 2655 quoque
1968 2585 2250 2655 colligitur
2297 2584 2415 2649 fore
2456 2595 2515 2640 ut
2553 2586 2727 2642 Judaei
2766 2589 3190 2643 recalcitrantes
3239 2604 3340 2642 suo
3390 2598 3635 2655 tempore

387 2680 503 2731 sint
534 2675 810 2745 rejiciendi
843 2691 872 2728 a
911 2674 1140 2729 Domino
1180 2694 1193 2729 :
1230 2676 1295 2731 ad
1328 2690 1491 2746 quem
1525 2690 1635 2728 non
1692 2674 1871 2736 aliter,
1910 2673 2018 2727 nisi
2064 2687 2159 2741 per
2189 2671 2493 2736 Christum,
2534 2682 2898 2729 revertentur.
2932 2674 3010 2728 Ita
3046 2689 3107 2728 se
3148 2689 3259 2728 rem
3296 2673 3495 2728 habere
3529 2688 3629 2743 pa-

389 2773 555 2817 tetex
588 2764 673 2817 his
705 2763 909 2826 Verbis,
949 2762 1152 2832 quibus
1181 2762 1364 2818 Mosen
1399 2763 1669 2817 allocutus
1698 2772 1781 2816 est
1816 2760 1978 2823 Deus,
2011 2758 2271 2827 inquiens
2298 2776 2311 2812 :
2355 2778 2372 2811 ι
2419 2759 2587 2821 Vade.
2622 2760 2913 2824 descende,
2936 2771 2990 2814 ct
3016 2763 3253 2816 ascende
3281 2770 3336 2814 tu
3368 2769 3423 2814 et
3456 2762 3637 2815 Aaron

386 2861 594 2905 tecum.
630 2867 649 2900 ι
688 2848 823 2903 Nam
850 2850 1118 2905 dimissus
1144 2849 1320 2905 Moses
1354 2864 1461 2903 non
1487 2850 1670 2911 aliter,
1715 2848 1823 2901 nisi
1855 2847 2053 2901 comite
2112 2848 2349 2912 Aaroue,
2378 2848 2473 2916 qui
2512 2846 2615 2902 fuit
2645 2847 2851 2903 Christi
2882 2858 3065 2919 typus,
3100 2848 3263 2902 rediit
3289 2849 3343 2901 in
3371 2857 3636 2902 montem.

387 2938 492 2992 Per
522 2939 699 2992 solum
726 2938 874 2992 enim
906 2935 1187 2992 Christum
1215 2946 1366 3005 patet
1396 2938 1555 2991 nobis
1585 2935 1654 2991 ad
1679 2936 1893 2989 Patrem
1934 2932 2138 2989 aditus.
2166 2932 2325 2988 Hunc
2357 2935 2410 2988 in
2448 2937 2712 2990 extremis
2739 2937 3080 3006 temporibus
3108 2945 3448 3009 cognoscent
3475 2952 3641 2991 exsu-

388 3028 472 3079 les
499 3022 699 3079 Judaei.

459 3110 578 3181 Ego
602 3128 719 3165 sum
752 3111 1007 3166 Dominus
1038 3110 1175 3183 Deus
1204 3119 1346 3175 tuus,
1378 3111 1468 3179 qui
1498 3109 1659 3163 eduxi
1677 3118 1724 3163 te
1748 3108 1812 3163 de
1836 3107 1994 3162 domo
2030 3108 2317 3173 servitutis,
2345 3117 2448 3162 etc.
2486 3107 2629 3179 [XX,
2658 3110 2739 3182 2.]
2803 3110 2993 3167 Omnis
3025 3112 3139 3182 qui,
3166 3119 3481 3180 contempto
3505 3126 3642 3180 prze-

388 3200 531 3255 senti
565 3199 791 3261 saeculo,
818 3198 1092 3253 sermonis
1123 3197 1296 3252 divini
1318 3198 1583 3251 instinctu
1626 3196 2002 3264 fueritjussus
2035 3195 2139 3248 iter
2174 3195 2352 3250 facere
2385 3196 2438 3250 in
2475 3213 2699 3265 regnum
2725 3199 2992 3253 ctelorum
3023 3217 3036 3250 :
3074 3201 3143 3265 is,
3185 3200 3433 3268 inquam,
3468 3198 3641 3252 exivit

390 3283 628 3356 Egypto
654 3286 919 3340 liberatus
948 3292 1006 3337 et
1032 3285 1244 3340 solutus
1268 3283 1453 3338 mundi
1484 3284 1722 3355 negotiis
1750 3293 1806 3337 et
1831 3282 2010 3346 malis,
2043 3298 2165 3351 quae
2192 3299 2291 3338 nos
2327 3284 2680 3339 excruciant.
2721 3284 2845 3339 llaec
2898 3287 3095 3340 merito
3122 3288 3250 3356 quis
3280 3281 3643 3355 appellaverit

387 3372 612 3425 domum
653 3371 957 3425 servitutis.
981 3370 1134 3424 Talis
1192 3370 1435 3440 exquirit
1463 3369 1686 3424 domum
1716 3370 2007 3433 libertatis,
2041 3370 2253 3424 scilicet
2295 3367 2626 3436 Jerusalem,
2670 3372 2860 3427 volens
2887 3374 3195 3428 consistere
3242 3375 3294 3428 in
3333 3381 3642 3441 conspectu

388 3458 506 3519 Dei,
538 3468 597 3512 et
630 3458 884 3512 conﬁteri
921 3455 1173 3522 Domino,
1208 3464 1264 3511 et
1287 3458 1651 3526 contemplari
1685 3455 1803 3524 ejus
1833 3471 2040 3524 pacem.
2066 3457 2120 3511 In
2147 3456 2294 3512 hunc
2327 3459 2547 3511 modum
2578 3458 2840 3515 Dominus
2865 3460 3016 3515 illius
3044 3462 3101 3514 lit
3134 3459 3295 3515 Deus.
3333 3459 3440 3514 Nec
3468 3460 3641 3515 liber-

386 3552 497 3600 tate
558 3543 760 3598 fruitur
808 3544 863 3597 in
920 3542 1158 3613 [Egypto
1209 3540 1314 3598 etsi
1369 3552 1627 3597 vescatur
1657 3558 1800 3611 agno
1859 3544 2123 3611 paschali,
2183 3560 2283 3599 nec
2323 3544 2378 3598 in
2421 3547 2643 3611 castris,
2687 3562 2809 3613 qua:
2867 3548 2970 3600 alia
3017 3555 3368 3602 mutaverunt
3411 3565 3477 3603 ex
3517 3548 3643 3605 aliis

384 3633 480 3687 lilii
543 3630 734 3697 Israel,
793 3641 1083 3700 antequam
1148 3630 1399 3683 venirent
1462 3630 1516 3682 in
1565 3636 1772 3682 terram
1831 3630 2180 3696 promissam.
2242 3629 2352 3684 Nec
2412 3632 2563 3684 enim
2625 3632 2773 3695 talis,
2852 3632 2979 3686 licet
3019 3634 3089 3687 sit
3135 3635 3507 3688 manumissus
3554 3642 3638 3688 tot

384 3718 586 3785 modis,
613 3719 917 3774 libertatem
962 3731 1143 3771 veram
1175 3716 1318 3786 capit
1349 3715 1524 3786 prius,
1554 3729 1719 3785 quam
1750 3715 2047 3771 accesserit
2079 3717 2145 3771 ad
2180 3725 2417 3771 montem
2448 3716 2564 3772 Dei.
2606 3716 2717 3771 Hoc
2749 3720 3088 3788 prooemium
3116 3730 3201 3775 est
3237 3720 3512 3789 Decalogi.

448 3831 571 3883 οὐκ
599 3828 847 3882 ἔσονταί
875 3840 973 3881 σοι
994 3824 1114 3878 θεοὶ
1147 3824 1339 3892 ἕτεροι
1366 3822 1535 3891 πλὴν
1556 3822 1723 3892 ἐμοῦ.
1755 3820 1954 3893 Πρώτη
1984 3811 2030 3866 Α

2128 3823 2253 3878 Non
2272 3835 2424 3878 erunt
2446 3823 2832 3895 tibidiiprwter
2850 3837 3066 3890 me,etc.
3094 3827 3235 3900 [ΚΧ.
3272 3827 3352 3899 5.]
3382 3827 3494 3881 Hoc
3528 3830 3641 3897 pri-

382 3921 476 3973 καὶ
535 3918 632 3989 μία
677 3917 888 3990 ἐντολὴ,
934 3917 1189 3988 δευτέρας
1249 3914 1417 3985 οὔσης
1459 3916 1559 3986 τῆς
1616 3914 1756 3985 μετὰ
1786 3914 1961 3967 ταῦτα

2063 3931 2210 3969 mum
2235 3922 2316 3969 est
2347 3928 2696 3985 praeceptum,
2732 3918 2974 3972 secundo
2994 3919 3400 3974 sermocinante
3433 3920 3640 3973 (1θὶἀο-

382 4012 512 4081 περὶ
544 4010 784 4063 εἰδώλων
818 4010 910 4063 καὶ
959 4009 1329 4081 ὁμηιωμάτων
1385 4007 1714 4074 διεξιούσης.
1750 4005 1961 4068 Ἄλλως

2063 4006 2128 4062 lis
2146 4015 2198 4061 et
2215 4006 2565 4077 imaginibus.
2590 4005 2666 4062 Ne
2683 4009 2825 4061 cnim
2859 4009 2911 4061 in
2935 4009 3082 4063 hunc
3108 4011 3326 4065 modum
3352 4012 3642 4080 quislegcs

379 4104 490 4172 γὰρ
507 4103 611 4155 οὐκ
642 4102 708 4156 ἄν
737 4119 822 4165 τις
850 4101 1068 4171 στήσειε
1096 4101 1197 4170 τὴν
1227 4099 1555 4168 Δεκάλογον.
1602 4101 1714 4152 Καὶ
1754 4098 1840 4169 εἴη
1894 4097 1960 4151 ἂν

2061 4096 2381 4168 distinguat,
2415 4114 2522 4152 non
2546 4099 2748 4167 poterit
2772 4100 2825 4153 in
2854 4101 3106 4154 ordinem
3133 4112 3347 4156 certum
3394 4102 3642 4170 redigere

380 4194 413 4263 ἡ
447 4190 643 4261 πρώτη
676 4191 806 4263 περὶ
834 4190 1123 4262 δυνάμεων
1169 4195 1501 4264 ἀσωμάτων,
1542 4196 1608 4257 ἇς
1648 4211 1794 4257 τινες
1847 4192 1958 4265 (85)

2064 4187 2413 4258 Decalogum.
2438 4188 2680 4243 Primum
2718 4190 2884 4261 igitur
2922 4200 3256 4262 praeceptum
3289 4201 3544 4247 versatur
3585 4194 3639 4247 in

379 4285 751 4363 προσκυνοῦσι
782 4287 952 4362 χωρὶς
977 4288 1212 4349 εἰδώλων
1228 4306 1291 4345 τε
1316 4291 1408 4345 καὶ
1427 4291 1811 4363 ῥμοιωμάτων.

2063 4280 2325 4349 potentiis
2358 4279 2697 4350 iucurporeis
2725 4290 2781 4335 et
2812 4282 3207 4348 invisibilibus,
3238 4299 3380 4352 quas
3415 4285 3636 4350 quidam

2062 4368 2268 4425 divinis
2327 4370 2630 4425 honoribus
2690 4381 3124 4443 prosequuntur,
3171 4374 3339 4429 nullis
3369 4375 3449 4429 vel
3476 4373 3639 4429 idolis

2062 4463 2145 4516 vel
2176 4463 2508 4532 imaginibus
2536 4465 2747 4534 positis.

453 4571 768 4626 Simulacra
791 4580 919 4628 sunt
952 4574 1275 4628 animalium
1314 4586 1367 4628 et
1387 4589 1705 4644 corporum.
1737 4591 1859 4644 quae
1896 4575 1950 4629 in
1978 4589 2160 4629 rerum
2213 4583 2411 4630 natura
2448 4585 2599 4641 sunt,
2640 4578 2929 4649 imagines.
2966 4578 3114 4634 ldola
3157 4594 3293 4635 vero
3325 4585 3457 4635 sunt
3481 4579 3639 4634 simi-

382 4657 644 4712 Iitudines
674 4666 729 4712 et
768 4657 1022 4729 ﬁgmenta
1053 4676 1243 4717 earum
1276 4677 1457 4715 rerum
1488 4677 1627 4730 quas
1660 4677 1766 4715 non
1798 4678 1921 4717 esse
1952 4669 2171 4715 constat
2203 4661 2255 4714 in
2294 4678 2475 4717 rermn
2507 4672 2725 4718 natura.
2759 4664 2893 4717 Nam
2938 4664 3145 4720 idolum
3173 4666 3309 4719 nihil
3330 4666 3637 4722 subsistens

380 4754 487 4798 est.
520 4743 724 4800 Paulus
746 4745 994 4802 idcirco:
1029 4766 1049 4800 ι
1094 4745 1315 4802 Nullum
1355 4748 1500 4801 enim
1534 4747 1737 4802 idolum
1768 4759 1853 4803 est
1876 4750 1929 4803 in
1964 4748 2169 4804 mundo
2199 4751 2284 4817 9°;
2325 4770 2344 4804 ι
2374 4754 2540 4807 veluti
2574 4754 2621 4806 si
2654 4754 2782 4822 quis
2812 4754 3030 4823 eﬂingat
3082 4754 3544 4823 hippocentauros
3581 4764 3637 4809 ct

380 4846 571 4900 panes,
603 4840 697 4885 aut
728 4834 866 4887 alias
891 4842 1237 4891 monstrosas
1266 4843 1512 4890 naturas.
1535 4836 1725 4890 Omnis
1772 4837 2291 4906 itaqueintellectus
2318 4848 2570 4893 versatus
2597 4840 2649 4892 in
2680 4839 2917 4909 quadam
2946 4839 3148 4893 divinae
3180 4847 3391 4894 naturae
3425 4841 3635 4910 cogita-

380 4916 530 4972 tione
558 4918 861 4973 secundum
893 4920 1302 4991 imaginativam
1333 4921 1617 4987 virtutem,
1657 4923 1810 4993 fingit
1862 4925 2089 4985 idolum.
2117 4940 2216 4978 nec
2247 4932 2428 4979 tamen
2455 4923 2624 4979 Deum
2664 4926 2979 4980 annuntiat.
3002 4925 3271 4980 Petuntur
3301 4931 3464 4982 etiam
3495 4928 3633 4980 ima-

380 5003 538 5073 gines
570 5021 867 5075 corporum
901 5009 1237 5074 cmlestium,
1267 5010 1600 5078 quibusdam
1633 5011 1988 5081 pingeutibus
2035 5021 2131 5065 aut
2180 5012 2563 5079 sculpentibus
2618 5013 2790 5066 solent
2834 5021 2931 5066 aut
2966 5015 3175 5069 lunam.
3211 5013 3490 5069 Fortassis
3526 5015 3629 5069 hoc

381 5090 621 5145 edictum
646 5094 1035 5163 porrigendum
1058 5110 1278 5165 quoque
1300 5103 1386 5151 est
1409 5096 1477 5150 ad
1500 5099 1901 5166 astrologorum
1925 5096 2179 5152 decades.
2205 5095 2341 5149 Nam
2362 5097 2750 5153 describuntet
2769 5100 3046 5155 delineant
3065 5102 3333 5156 absurdos
3353 5103 3622 5172 quosdam

383 5175 682 5242 damones,
709 5181 803 5249 qui
830 5181 1095 5236 nimirum
1128 5197 1157 5235 a
1182 5184 1355 5238 Paulo
1383 5194 1774 5254 nuncupantur
1800 5184 2110 5254 spiritualia
2143 5183 2365 5237 malitiae
2410 5184 2464 5237 in
2517 5187 2862 5250 ccelestibus,
2900 5196 2961 5240 ut
2993 5187 3158 5241 etiam
3198 5190 3476 5258 conjicere
3506 5204 3630 5257 pos-

385 5279 578 5321 sumus
608 5279 676 5319 ει
702 5266 791 5322 his
817 5268 1040 5325 verbis:
1074 5288 1093 5322 ι
1137 5268 1446 5326 Inebriatus
1476 5280 1562 5327 est
1595 5271 1811 5343 gladius
1873 5287 2026 5327 meus
2064 5271 2121 5325 in
2155 5270 2296 5325 coelo
2326 5271 2395 5326 ἰ.
2425 5289 2445 5322 ι
2479 5271 2792 5328 llliusnuodi
2829 5275 3102 5344 siquidem
3134 5276 3412 5331 da-mones
3458 5275 3631 5330 ascri-

454 5430 505 5466 ⁸⁸
531 5433 729 5515 piatur:
761 5436 1007 5515 _xm,ll.
1083 5433 1472 5515 “Aletrinati:
1511 5436 1602 5491 25.
1679 5438 1725 5469 ⁸⁸
1751 5437 1965 5515 Coloss.
1996 5453 2032 5515 l_l

2044 5476 2059 5500 ,
2096 5439 2153 5495 5.
2230 5440 2275 5471 ³⁸
2304 5439 2410 5515 l~:_t_.
2441 5457 2587 5505 LXVI,
2615 5442 2696 5498 l5.
2798 5444 2843 5475 ⁸⁷
2878 5443 3068 5502 Matth.
3100 5462 3180 5515 ιιι,
3213 5449 3293 5503 ll.
3397 5445 3441 5478 ⁸³
3485 5445 3622 5500 Luc.

390 5503 608 5567 ’(11.49.
684 5503 909 5559 "Joan.
966 5520 1081 5568 tm,
1124 5504 1216 5563 24.
1291 5506 1386 5558 ⁹θΙ
1436 5507 1563 5561 Cor.
1605 5523 1726 5571 vm,
1795 5509 1848 5560 4.
1925 5509 1969 5539 ἰ

827 5521 909 5559 an.
966 5520 1081 5568 tm,
1124 5504 1216 5563 24.
1291 5506 1386 5558 ⁹θΙ
1436 5507 1563 5561 Cor.
1605 5523 1726 5571 vm,
1795 5509 1848 5560 4.
1925 5509 1969 5539 ἰ
2005 5508 2113 5563 Isa.
2141 5526 2328 5571 sxxrv,

1841 5602 2074 5659 ΝΟΤᾹΞ.

453 5688 564 5762 (85)
607 5692 668 5747 ὐ
701 5691 922 5746 Πλάτων
954 5692 1045 5745 καὶ
1089 5693 1138 5749 oi
1186 5694 1542 5750 Πλατωνικοί.
1578 5694 1734 5766 Παρὰ
1794 5696 2044 5765 Ἐπιφαν.
2073 5699 2128 5750 ἐν
2170 5697 2340 5768 αἱρές.
2374 5697 2408 5751 4
2439 5697 2543 5751 ἀπὸ
2581 5698 2850 5770 Ἑλληνισ.
