4010 6212
394 250 500 315 ﬁm
1688 252 2044 313 PROCOPII
2068 252 2309 314 GAZI‘EI
3530 263 3632 326 608

400 364 534 417 bunt
569 360 685 413 suis
710 356 909 411 tabulis
937 354 1319 423 astrologicis:
1351 356 1517 407 etiam
1573 357 1877 425 appingunt
1905 356 2279 427 pltylacteriis,
2308 358 2509 428 quibus
2559 358 2643 416 vel
2693 361 2842 416 cient
2872 361 2953 416 vel
2988 362 3309 433 propulsant
3341 362 3636 425 daemones.

401 448 458 505 in
489 445 842 517 phylacteriis
867 444 1110 511 reperire
1138 451 1222 496 est
1253 442 1547 495 simulacra
1605 452 1660 496 et
1703 441 1870 497 idola.
1904 443 2138 509 Quidam
2197 452 2488 514 quaerunt:
2529 444 2585 500 Si
2628 445 2766 501 adeo
2799 444 3100 502 detestatur
3131 450 3419 520 imagines,
3469 469 3641 523 quare

395 532 692 591 Cberuhim
736 531 861 599 tingi
898 529 1112 583 voluit?
1141 528 1561 598 Respondetur:
1600 527 1717 583 Non
1745 530 1910 597 jussit
1936 530 2052 584 fieri
2087 529 2386 586 Cherubim
2424 541 2483 585 ut
2525 533 2874 600 adorentur;
2910 535 3004 590 sed
3046 551 3171 592 arca
3212 538 3486 593 adoranda
3520 550 3641 597 erat

399 626 504 675 sub
552 619 888 687 imaginibus
946 616 1268 678 vitulorum,
1313 615 1516 685 quibus
1556 615 1703 684 apud
1728 614 2016 687 Egyptios
2063 617 2286 673 divinus
2325 616 2676 673 deferebatur
2719 620 2915 685 honor,
2940 623 3111 677 utsic
3142 638 3551 695 cognoscerent
3580 644 3637 684 sc

398 705 600 775 pariter
627 702 791 756 Deum
825 710 877 754 et
910 702 1137 753 numina
1172 699 1497 769 Egyptiaca
1520 703 1717 753 colere.

472 791 594 847 Non
624 790 874 844 adorabis
897 806 957 842 ea
983 804 1145 856 neque
1165 788 1300 841 coles
1323 804 1405 850 ea,
1423 786 1709 859 .ctc.'[XX,
1735 787 1769 842 5
1798 786 1940 860 ]Qui
1963 785 2104 840 idola
2128 786 2279 851 colit,
2307 788 2354 842 is
2371 790 2531 844 etiam
2564 790 2788 846 adorat:
2815 799 2870 847 at
2900 794 2989 863 qui
3014 794 3224 862 adorat,
3245 811 3354 852 non
3376 800 3637 856 continuo

393 890 451 933 et
480 880 628 932 tolit.
662 878 853 931 Cultus
878 877 1022 929 enim
1049 876 1419 944 proﬁciscitur
1462 891 1526 928 ex
1580 876 1764 928 animo
1811 874 2033 943 imagini
2074 889 2386 942 propenso:
2425 885 2481 929 at
2527 876 2691 948 274
2735 879 2984 934 adoratio
3024 880 3082 934 fit
3122 893 3271 938 motu
3317 872 3554 955 quodam
3581 898 3636 942 et

400 966 580 1034 specie
616 966 817 1017 cultus.
855 961 944 1015 Sic
967 964 1112 1014 enim
1153 962 1424 1015 interdum
1461 960 1695 1015 ministri
1717 961 1951 1013 adorant
1998 960 2350 1029 magistratus
2419 963 2500 1015 vel
2556 966 2660 1018 sub
2702 967 2883 1035 specie
2929 968 3283 1036 adulationis,
3320 981 3415 1027 aut
3464 975 3634 1030 secuti

397 1052 717 1105 alieetiones
750 1049 914 1103 animi
945 1050 1240 1101 imitantes
1283 1062 1401 1111 eos,
1454 1048 1521 1101 de
1580 1048 1780 1116 quibus
1828 1047 2025 1117 legitur
2074 1048 2128 1100 in
2184 1047 2325 1103 libro
2368 1046 2752 1112 Numerorum,
2784 1044 2927 1118 quod
2972 1054 3131 1109 idolis
3162 1058 3469 1115 servierint.
3501 1056 3633 1116 Nam

397 1138 660 1205 scriptum
687 1144 770 1189 est
796 1135 862 1188 de
896 1136 997 1195 his,
1028 1134 1172 1203 quod
1207 1148 1304 1186 nec
1336 1134 1541 1187 cultum
1576 1134 1925 1197 praestiterint
1952 1140 2006 1185 et
2043 1133 2384 1187 inservieriut
2431 1134 2591 1188 idolis
2624 1137 2861 1191 illorum.
2896 1139 3035 1195 Deus
3075 1153 3275 1206 autem,
3301 1146 3395 1212 qui
3429 1162 3495 1200 ex
3525 1156 3636 1202 tota

400 1222 582 1275 anima
613 1222 761 1289 diligi
786 1222 1004 1288 quaerit,
1043 1234 1150 1272 non
1191 1218 1297 1271 fert
1330 1219 1452 1271 illos
1482 1220 1576 1286 qui
1604 1218 1766 1270 etiam
1794 1220 1974 1286 specie
2006 1230 2167 1275 tenus
2194 1223 2356 1290 impie
2392 1232 2582 1292 agunt.
2615 1225 2891 1294 Siquidem
2925 1228 3091 1293 hunc,
3120 1233 3212 1299 qui
3236 1233 3444 1290 alienos
3473 1235 3637 1290 abne-

399 1309 607 1377 gaverit
647 1308 799 1372 deos,
825 1312 1035 1376 oportet
1067 1306 1178 1373 jam
1203 1320 1323 1360 esse
1340 1305 1660 1374 particulam
1695 1303 1786 1357 Dei
1817 1304 2038 1360 ethunc
2071 1322 2253 1361 amare
2297 1323 2364 1362 ex
2410 1318 2518 1362 tota
2562 1310 2761 1364 anima.
2807 1312 3202 1369 Abstinendum
3228 1332 3443 1386 quoque
3464 1327 3548 1373 est
3569 1320 3639 1374 ab

401 1395 558 1447 malis
575 1394 909 1448 amatoribus
952 1394 1041 1462 qni
1070 1393 1241 1446 instar
1265 1392 1432 1445 scorti
1456 1401 1812 1459 corrumpunt
1843 1393 2102 1457 animam,
2138 1394 2298 1447 sicuti
2332 1395 2566 1449 traditur
2594 1396 2660 1449 de
2689 1394 3011 1463 Jerusalem,
3050 1416 3172 1454 cum
3208 1412 3478 1460 amatores
3514 1405 3638 1473 ejus

401 1482 540 1535 versi
578 1480 754 1534 forent
788 1481 840 1533 in
865 1481 1050 1534 hostes
1102 1497 1115 1531 :
1168 1498 1186 1528 ς
1231 1478 1492 1533 Revertar
1518 1481 1583 1529 ad
1619 1480 1872 1531 maritum
1928 1493 2104 1532 meum
2147 1480 2402 1549 priorem.
2435 1480 2572 1548 Quia
2619 1483 2757 1536 bene
2789 1485 2918 1538 mihi
2949 1497 3066 1539 erat
3096 1498 3226 1541 tunc
3265 1491 3441 1559 magis
3472 1508 3637 1561 quam

402 1587 546 1622 nunc
577 1570 645 1632 θ’,
668 1586 686 1619 ι
713 1565 827 1620 Nisi
854 1569 906 1620 in
934 1568 1076 1619 hunc
1105 1568 1319 1619 modum
1354 1580 1605 1620 reversus
1639 1563 1809 1619 fueris
1835 1564 1902 1619 ad
1936 1564 2121 1629 Deum,
2172 1567 2561 1643 rogaverisque
2588 1576 2645 1621 ut
2680 1568 2791 1637 ipse
2823 1578 2873 1624 te
2911 1574 3194 1642 suscipiat,
3232 1582 3640 1647 tunmquepec-

401 1664 582 1707 catum
616 1652 1123 1716 eluatetemuudet,
1158 1651 1404 1721 profecto
1435 1653 1488 1705 in
1516 1652 1751 1705 maximo
1788 1651 2091 1705 versaberis
2125 1653 2385 1721 periculo.
2406 1652 2924 1724 QuapropterJosua
2946 1658 3240 1726 allotjuitur
3266 1659 3538 1717 lsraelitas
3563 1664 3633 1717 ad

400 1758 526 1798 eum
560 1742 779 1795 modum
803 1755 816 1790 :
847 1757 866 1790 α
894 1738 1223 1809 Vosutetipsi
1247 1739 1450 1808 eligite,
1482 1753 1552 1792 an
1580 1739 1760 1793 velitis
1790 1739 1994 1792 servire
2014 1738 2121 1792 diis
2153 1740 2380 1794 istorum
2413 1741 2786 1803 locorum,aut
2814 1743 2996 1797 colere
3025 1743 3214 1799 Deum.
3241 1763 3260 1796 ι
3281 1744 3377 1801 His
3401 1763 3635 1817 respon-

400 1829 657 1885 dentibus
686 1844 700 1879 :
733 1845 751 1877 t
776 1824 1032 1880 Calenius
1064 1824 1349 1879 Dominum
1398 1825 1586 1890 Deum,
1612 1842 1630 1876 ι
1652 1823 1813 1877 infert
1852 1824 2003 1894 ipse:
2029 1844 2047 1876 ι
2073 1824 2181 1880 Vos
2212 1833 2379 1880 testes
2412 1827 2545 1882 estis
2573 1837 2764 1882 contra
2796 1830 3175 1900 vosmetipsos,
3201 1833 3344 1901 quod
3364 1833 3636 1903 elegeritia

402 1917 582 1971 colere
603 1916 886 1970 Dominutu
911 1917 1076 1970 Deum
1100 1913 1260 1969 Israel
1289 1912 1358 1966 ".
1382 1930 1399 1963 ι
1423 1909 1686 1965 Damnum
1712 1912 1891 1979 itaque
1924 1919 1976 1963 et
1993 1913 2292 1981 periculum
2320 1913 2609 1966 maximum
2626 1922 2732 1975 est.
2764 1914 2808 1969 si
2841 1917 2988 1984 quis,
3020 1927 3199 1986 spreta
3229 1919 3330 1971 hac
3347 1921 3633 1987 electione,

401 2004 658 2059 defecerit
691 2018 720 2057 a
750 2019 880 2057 vero
904 2002 1157 2067 Numine,
1191 2008 1284 2055 aut
1312 2000 1363 2054 id
1384 2015 1492 2054 non
1518 2000 1619 2052 rite
1645 2000 1869 2053 coleret.
1902 1997 2218 2052 Multieuim
2253 2008 2545 2069 supersunt
2577 1999 2761 2056 hostes
2782 2001 3142 2069 infestissimi,
3173 2005 3263 2074 qui
3294 2020 3392 2059 nos
3415 2006 3470 2059 in
3503 1996 3635 2061 suas

406 2099 595 2161 partes
634 2091 889 2160 pellicere
918 2098 970 2143 et
1001 2089 1274 2144 attrahere
1296 2088 1566 2142 nituntur.
1597 2086 1874 2153 Siquidem
1899 2087 2123 2154 spiritus
2145 2086 2459 2142 immundus
2490 2088 2579 2143 ubi
2632 2089 2858 2143 exiverit
2881 2090 2948 2145 de
2972 2092 3209 2156 homine,
3248 2103 3494 2161 pererrat
3519 2095 3635 2149 loca

401 2177 553 2232 arida
599 2194 614 2230 :
659 2188 707 2230 et
738 2193 845 2231 non
880 2177 1096 2230 iuventa
1130 2175 1340 2245 requie,
1394 2189 1646 2228 reversus
1704 2173 1750 2226 si
1802 2172 2067 2241 repererit
2107 2171 2331 2226 domum
2358 2212 2374 2235 .
2407 2188 2475 2228 ex
2509 2190 2615 2242 qua
2647 2176 2876 2239 exierat,
2910 2186 3197 2232 vacantem
3227 2196 3241 2233 :
3284 2179 3435 2233 solus
3485 2180 3639 2233 timet

406 2265 636 2320 intrare.
658 2265 920 2332 Adjungit
951 2264 1112 2334 igitur
1142 2263 1247 2318 sibi
1278 2270 1482 2330 septem
1512 2260 1649 2313 alios
1677 2258 1910 2334 pejores,
1942 2265 1996 2311 et
2035 2259 2275 2314 hominis
2337 2261 2636 2315 novissima
2673 2262 2849 2317 reddit
2885 2264 3275 2333 periculosiora
3308 2274 3362 2320 et
3385 2266 3637 2334 graviora

403 2353 594 2423 primis
622 2352 689 2407 ".
713 2351 848 2407 Nam
881 2353 935 2405 in
973 2353 1118 2405 hunc
1136 2350 1365 2409 modum
1403 2356 1780 2416 recuperatum
1810 2346 2083 2400 hominem
2118 2345 2323 2399 addicit
2351 2347 2714 2411 daemonibus.
2749 2360 2802 2405 et
2825 2351 2988 2404 vitam
3016 2351 3139 2419 ejus
3168 2351 3416 2407 declarat
3463 2353 3637 2407 multo

402 2439 724 2494 deteriorem
753 2446 808 2493 et
840 2438 1149 2506 praviorem
1174 2452 1338 2506 quam
1370 2435 1558 2499 fuerit,
1600 2444 1893 2500 antequam
1917 2448 1976 2486 se
2000 2432 2253 2502 jungeret
2284 2432 2541 2488 Domino.
2570 2432 2705 2489 Nam
2738 2436 2791 2490 in
2823 2437 3057 2507 singulis
3098 2437 3338 2494 ethnicis
3387 2439 3639 2494 habitant

400 2527 675 2581 dmntones
707 2541 724 2590 ;
753 2525 882 2594 quia
913 2525 986 2579 dii
1016 2523 1258 2594 gentium
1282 2522 1546 2577 daamonia
1576 2529 1705 2576 sunt
1739 2522 1806 2574 ’⁸.
1839 2517 1942 2574 Ubi
1970 2519 2134 2590 igitur
2172 2519 2379 2588 ejecms
2412 2519 2578 2575 fuerit
2620 2522 2857 2587 damon,
2885 2533 3054 2594 tuque
3085 2539 3192 2578 non
3221 2523 3506 2593 amplexus
3541 2523 3638 2580 ﬁt-

401 2614 562 2666 miter
588 2612 756 2667 fueris
788 2628 935 2673 eunt,
962 2612 1051 2679 qui
1088 2611 1231 2665 dixit
1268 2627 1283 2663 :
1316 2628 1333 2661 t
1372 2608 1635 2663 Habitabo
1665 2609 1717 2661 in
1746 2608 1922 2669 vobis,
1952 2620 2119 2661 etero
2148 2609 2391 2677 ipsorum
2416 2613 2557 2666 Deus
2588 2611 2634 2643 ’°
2668 2630 2682 2665 :
2717 2631 2736 2663 ι
2773 2613 3078 2667 reddideris
3099 2621 3152 2667 te
3180 2613 3347 2683 priori
3379 2612 3633 2679 datntoni,

399 2707 455 2753 et
510 2709 713 2766 septem
784 2699 912 2753 aliis
974 2697 1491 2766 perniciosioribus.
1536 2693 1594 2748 Si
1638 2693 1781 2748 Deus
1814 2702 1991 2747 tecum
2023 2701 2078 2746 et
2118 2694 2172 2748 in
2202 2705 2252 2749 te
2275 2694 2462 2757 fuerit.
2511 2696 2791 2753 daemones
2838 2698 3100 2753 advenire
3129 2698 3195 2752 ad
3243 2705 3299 2753 te
3326 2712 3433 2752 non
3465 2699 3636 2755 aude.

401 2784 556 2842 bunt.
589 2784 721 2838 Nam
756 2803 776 2837 ‹
802 2784 934 2851 Qme
957 2785 1281 2838 communio
1316 2790 1400 2836 est
1428 2782 1660 2851 justitia:
1681 2790 1735 2835 et
1761 2779 2081 2849 injustitiae?
2100 2790 2189 2834 aut
2220 2797 2341 2851 qua
2377 2783 2616 2838 societas
2655 2794 2742 2839 est
2775 2785 2881 2839 luci
2912 2800 3037 2839 cum
3075 2784 3355 2840 tenebris?
3384 2795 3481 2840 aut
3509 2796 3637 2856 qua

396 2872 694 2926 concordia
719 2873 923 2941 templo
951 2870 1042 2924 Dei
1078 2886 1199 2923 cum
1233 2868 1445 2923 idolis?
1483 2883 1603 2937 quae
1639 2882 1765 2936 pars
1803 2866 1977 2920 fidelis
2005 2883 2130 2920 cum
2152 2869 2360 2936 perfido
2393 2870 2479 2924 "1
2534 2889 2554 2922 ι
2595 2870 2705 2927 Nos
2734 2888 2970 2941 namque
3017 2887 3214 2928 sumus
3245 2874 3506 2943 templum
3532 2869 3629 2930 Dei

399 2958 654 3019 viventis,
688 2958 847 3012 sicuti
874 2959 1088 3009 locutus
1121 2964 1204 3008 est
1235 2954 1372 3009 Deus
1400 2971 1413 3006 :
1449 2973 1466 3004 t
1508 2953 1646 3020 Quia
1687 2954 1943 3007 habitabo
1979 2954 2036 3007 in
2059 2955 2189 3014 illis.
2228 2964 2283 3010 et
2306 2957 2600 3013 ambulabo
2645 2958 2789 3012 inter
2823 2959 2969 3022 illos,
2994 2966 3047 3013 et
3085 2973 3183 3013 ero
3215 2960 3434 3013 illorum
3459 2957 3629 3026 Deus,

399 3051 456 3098 et
477 3043 576 3111 ipsi
597 3052 760 3096 erunt
789 3042 922 3095 mihi
954 3042 1188 3110 populus
1215 3043 1285 3095 ’⁸.
1320 3060 1339 3095 ›
1375 3039 1728 3110 Quapropter
1756 3039 1903 3094 exite
1923 3040 1990 3092 de
2021 3039 2199 3096 medio
2243 3056 2458 3104 eorum,
2492 3049 2547 3097 et
2579 3044 2912 3113 separemini
2947 3051 3001 3098 et
3037 3043 3376 3098 immundum
3408 3058 3478 3098 ne
3514 3043 3636 3100 teti-

401 3130 609 3198 geritis,
635 3136 688 3182 et
722 3144 822 3196 ego
851 3128 1147 3196 suscipiam
1190 3142 1309 3186 vos.
1345 3136 1399 3182 et
1417 3142 1514 3181 ero
1557 3127 1710 3181 vobis
1743 3126 1866 3180 loco
1913 3126 2115 3190 Patris,
2170 3136 2226 3183 et
2257 3143 2355 3184 vos
2386 3130 2543 3185 eritis
2575 3131 2710 3185 mihi
2743 3130 2841 3185 filii
2873 3140 2927 3186 et
2966 3131 3110 3198 tiliae,
3160 3131 3295 3187 dicit
3345 3130 3632 3200 Dominus,

402 3231 569 3286 penes
602 3229 763 3284 quem
796 3230 1007 3269 summa
1030 3230 1212 3268 rerum
1248 3225 1331 3268 est
1365 3215 1636 3268 omnium.

474 3300 589 3372 Ego
613 3303 885 3355 enimsunt
916 3300 1176 3355 Dominus
1217 3300 1355 3355 Deut
1385 3309 1527 3366 tuus,
1553 3299 1691 3354 Deus
1711 3301 1921 3363 zelotes,
1953 3309 2059 3356 etc.
2084 3299 2227 3373 [XX,
2251 3301 2329 3375 5.]
2350 3300 2518 3375 Nemo
2544 3302 2824 3374 zelotypiae
2849 3303 3044 3359 aﬂectu
3076 3303 3390 3359 incenditur
3414 3311 3637 3374 propter

402 3398 644 3445 scortum
680 3405 695 3442 :
725 3387 819 3443 sed
857 3404 996 3441 uxor
1027 3388 1177 3441 illam
1208 3387 1551 3442 affectionem
1584 3398 1908 3443 commovet.
1944 3387 2200 3442 Scortunt
2241 3392 2386 3443 enim
2426 3390 2590 3458 vulgo
2619 3398 2856 3459 prostat,
2893 3391 3265 3461 omnibusque
3296 3389 3383 3445 sui
3416 3390 3633 3459 copiam

405 3474 557 3530 facit.
581 3472 730 3529 Uxor
759 3482 843 3528 est
874 3474 1035 3543 ejus,
1073 3489 1172 3528 nec
1211 3475 1459 3539 alterius,
1493 3474 1580 3528 cui
1628 3475 1979 3528 matrimonio
2022 3475 2318 3543 conjuncta
2364 3484 2471 3531 est.
2520 3474 2713 3532 Merito
2746 3479 2934 3547 igitur,
2977 3477 3024 3532 si
3082 3477 3338 3531 adulterii
3390 3476 3637 3547 suspicio

402 3561 767 3623 suboriretur,
788 3575 906 3614 eam
939 3562 1293 3615 aamularetur
1321 3564 1572 3616 maritus.
1607 3559 1743 3615 Nam
1776 3560 1987 3617 medius
2010 3561 2150 3616 inter
2180 3566 2357 3617 zelum
2390 3572 2474 3621 est
2504 3564 2660 3619 furor
2694 3565 2821 3631 viri,
2853 3572 2915 3619 ut
2945 3565 3194 3636 perhibet
3234 3564 3515 3621 Salomon.
3544 3562 3636 3619 Si-

403 3647 602 3702 militer
639 3648 906 3702 acciditet
937 3648 1136 3703 animm
1164 3648 1386 3703 habenti
1416 3663 1580 3701 unum
1610 3663 1939 3711 sermonem,
2005 3663 2172 3702 unum
2231 3664 2516 3716 sponsum,
2563 3652 2652 3705 cui
2696 3652 3028 3721 agglutinata
3064 3660 3172 3712 est.
3198 3649 3259 3706 Si
3291 3665 3421 3705 vero
3451 3651 3638 3705 anima

403 3733 569 3788 fuerit
599 3736 919 3789 scortationi
948 3734 1209 3803 obnoxia.
1264 3733 1407 3789 alius
1450 3732 1788 3799 ingrediatur
1830 3734 2077 3803 aliusque
2124 3737 2438 3806 egrediatur
2493 3737 2730 3802 daemon,
2781 3746 2838 3793 ut
2892 3739 3005 3793 fieri
3033 3741 3173 3794 solet
3203 3756 3218 3793 :
3248 3738 3436 3793 nullus
3479 3735 3638 3792 adest

403 3823 575 3877 zelus.
606 3823 952 3892 Quapropter
983 3822 1124 3875 idola
1162 3821 1413 3876 venerari
1440 3819 1676 3875 docuere
1696 3822 1939 3890 gentium
1970 3824 2133 3893 leges.
2166 3827 2236 3878 At
2275 3841 2512 3895 sponsus
2533 3833 2588 3881 et
2611 3827 2788 3882 bonus
2820 3827 2910 3882 ille
2936 3827 3245 3889 aunulator.
3281 3825 3384 3881 etsi
3415 3824 3639 3895 quando

403 3919 644 3965 scortum
676 3911 1003 3980 susceperit,
1032 3924 1137 3963 non
1174 3915 1355 3964 cessat
1390 3907 1524 3961 illud
1557 3907 1835 3975 corrigere
1900 3916 1951 3960 et
1998 3911 2063 3964 ad
2097 3912 2417 3966 modestiam
2461 3914 2777 3984 perducere.
2813 3913 2952 3968 llinc
3000 3911 3174 3969 Oseas
3211 3923 3457 3968 scortum
3488 3912 3638 3966 acci-

402 3997 582 4068 pieus,
618 3997 832 4063 inquit:
869 4013 889 4048 t
930 3995 1111 4050 Multis
1138 3995 1330 4050 diebus
1358 3995 1501 4063 apud
1537 4008 1622 4047 me
1652 3995 1891 4056 sedebis,
1926 4011 2026 4050 nec
2056 3998 2416 4063 scortaheris,
2451 4015 2551 4054 nec
2576 4000 2687 4054 eris
2711 4001 2866 4054 alteri
2893 4001 3016 4054 viro
3045 3998 3364 4068 conjuncta,
3398 4012 3502 4052 nec
3536 4012 3640 4065 ego

403 4086 613 4140 veniam
655 4086 721 4140 ad
741 4094 793 4141 te
816 4086 881 4137 ".
930 4104 948 4138 ο
992 4084 1382 4140 ParavitDeus
1407 4098 1663 4155 maguum
1688 4084 1999 4137 convivium
2041 4095 2262 4153 propter
2320 4086 2538 4155 nuptias
2571 4084 2690 4139 Filii
2728 4087 2836 4146 sui.
2875 4095 2931 4141 et
2973 4094 3059 4142 est
3093 4085 3237 4141 Deus
3274 4084 3503 4148 zelotes,
3530 4099 3641 4139 non

401 4173 714 4228 concedens
749 4182 809 4229 ut
841 4174 981 4227 alius
1006 4189 1118 4227 rem
1151 4173 1351 4227 habeat
1382 4187 1504 4225 Clllll
1534 4172 1733 4226 anima.
1778 4169 2048 4224 Pus-terea
2091 4170 2331 4225 libellum
2385 4170 2596 4240 repudii
2666 4172 2930 4242 permittit
2990 4173 3044 4226 in
3075 4173 3189 4241 lege
3220 4190 3233 4226 :
3261 4186 3423 4241 quem
3458 4171 3638 4225 locum

400 4274 525 4315 cum
559 4261 882 4330 produceret
902 4260 1163 4315 adversus
1194 4258 1498 4313 Phariszeos
1546 4259 1855 4312 secundum
1895 4259 2155 4316 litteram.
2197 4256 2397 4311 Paulus
2443 4246 2658 4314 tandem
2722 4260 2939 4328 inquit:
2977 4276 2997 4310 ι
3033 4258 3231 4314 Factus
3269 4272 3389 4314 sum
3438 4256 3642 4311 Iudaeis

402 4358 460 4403 ut
483 4346 729 4410 Iudaeus,
765 4359 823 4402 ut
859 4346 1078 4401 .ludaeos
1103 4347 1339 4400 lueret“.
1381 4364 1399 4396 ι
1438 4344 1550 4398 Iloe
1581 4344 1727 4399 idem
1779 4344 1944 4399 latius
2003 4346 2240 4415 explicat
2277 4364 2290 4398 :
2335 4365 2352 4396 ι
2384 4347 2450 4400 Ει
2484 4347 2571 4401 hic
2621 4357 2704 4401 est
2758 4347 2969 4417 repudii
3022 4347 3259 4412 libellus,
3308 4362 3418 4410 quo
3453 4345 3639 4401 dimisi

402 4444 629 4492 matrem
673 4446 931 4491 vestram.
972 4434 1114 4488 Ecce
1142 4436 1212 4488 ob
1236 4442 1456 4504 precata
1489 4440 1667 4487 vestra
1701 4432 1902 4486 venditi
1940 4434 2093 4494 estis,
2121 4444 2173 4486 et
2229 4441 2451 4502 propter
2489 4441 2711 4502 peccata
2740 4441 2920 4488 vestra
2971 4432 3251 4502 repudiari
3285 4439 3513 4486 matrem
3546 4447 3639 4485 ve.

402 4531 572 4579 stram
607 4524 650 4576 ³.
694 4521 750 4575 Si
785 4535 915 4574 vero
953 4520 1199 4574 adultera
1231 4519 1397 4589 275
1430 4533 1650 4573 reversa
1712 4517 1876 4572 fuerit
1926 4532 2155 4588 eamque
2188 4520 2483 4574 absolverit
2510 4520 2581 4574 ab
2607 4520 2861 4599 omnibus
2914 4519 3301 4590 iniquitatibus
3348 4518 3514 4584 Deus,
3557 4517 3640 4573 sic

399 4625 521 4666 eam
554 4610 827 4680 appellat:
859 4625 879 4659 ι
925 4608 1054 4664 Vide
1086 4623 1153 4664 ne
1179 4609 1414 4678 amplius
1446 4607 1707 4677 pollttaris
1730 4607 1771 4659 ⁸.
1812 4624 1830 4657 ι
1869 4606 1973 4661 Pro
2003 4606 2151 4659 omni
2185 4608 2364 4660 anima
2413 4606 2555 4662 Deus
2594 4608 2787 4662 sedulo
2826 4607 3021 4663 nititur
3054 4614 3109 4661 et
3143 4606 3380 4661 laborat.
3416 4603 3472 4658 Si
3508 4618 3639 4658 vero

400 4696 582 4751 anima
616 4695 898 4765 reliquerit
956 4694 1285 4761 Ecclesium,
1325 4696 1441 4764 ipsa
1492 4694 1737 4748 libellum
1772 4692 1983 4763 repudii
2042 4693 2221 4747 reddit
2271 4708 2496 4762 sponso.
2528 4692 2679 4748 Hanc
2705 4693 3041 4762 alloquitur:
3081 4710 3100 4744 t
3144 4693 3401 4747 Srortata
3427 4706 3488 4745 es
3506 4704 3636 4745 cum

402 4784 715 4855 pastoribus
754 4783 965 4850 multis,
995 4791 1051 4837 et
1101 4783 1170 4837 ad
1209 4799 1295 4838 me
1343 4780 1602 4836 reﬂexisti
1661 4781 1786 4845 iter,
1844 4781 1979 4835 dicit
2023 4772 2285 4835 Dominus
2314 4781 2356 4835 ⁸.
2391 4800 2409 4833 ι
2448 4780 2717 4835 Czeterum
2766 4782 2812 4834 si
2846 4780 3028 4833 anima
3068 4785 3193 4848 agat
3224 4776 3636 4849 ptenitcntiam,

401 4872 752 4939 suscipienda
777 4879 861 4926 est
892 4871 1221 4941 impunitate
1247 4871 1649 4942 praeteritorum
1684 4883 1969 4924 concessa.
2005 4866 2061 4922 Si
2095 4867 2220 4937 quis
2242 4882 2370 4923 vero
2401 4881 2462 4922 se
2491 4866 2784 4921 sociaverit
2811 4866 3007 4918 anima:
3030 4865 3211 4918 adhuc
3245 4863 3636 4919 scortationem

402 4959 658 5024 sectanti,
691 4966 880 5013 caveat
909 4973 975 5013 ne
992 4958 1403 5029 conglutinatus
1428 4967 1611 5011 scorto
1645 4972 1813 5009 unum
1866 4956 1917 5009 in
1964 4969 2165 5023 corpus
2190 4956 2487 5009 coalescat.
2519 4954 2771 5008 Animam
2808 4959 2991 5007 autem
3033 4952 3341 5006 adulteram
3374 4964 3483 5004 non
3517 4962 3640 5002 am-

403 5045 547 5114 plius
572 5061 672 5100 suo
707 5047 824 5099 zelo
864 5047 1083 5116 dignam
1125 5045 1347 5100 habebit
1375 5045 1656 5099 Domi-aus.
1690 5041 1825 5097 Nam
1852 5042 2145 5112 inquitper
2172 5042 2507 5098 Ezechielem
2538 5058 2551 5093 :
2583 5060 2603 5093 ι
2636 5040 2800 5096 Zelus
2835 5055 2991 5097 meus
3049 5039 3269 5095 recedet
3298 5039 3397 5093 abs
3426 5048 3500 5101 te,
3536 5047 3637 5088 nec

402 5134 638 5203 amplius
663 5134 871 5189 irascar
902 5134 1000 5187 tibi
1036 5134 1079 5189 ⁵.
1122 5152 1141 5184 ι
1179 5131 1303 5187 "ch
1332 5134 1513 5188 omnia
1560 5130 1912 5200 benignitatis
1965 5137 2016 5183 et
2066 5129 2374 5184 clementia:
2411 5128 2614 5183 divinat
2663 5135 2794 5183 sunt
2824 5128 3002 5198 signa.
3055 5126 3466 5181 Commiserans
3507 5134 3632 5178 nos.

399 5222 662 5277 irascitur
689 5230 743 5275 et
769 5223 1000 5292 castigat
1028 5235 1129 5277 nos
1164 5239 1178 5274 :
1209 5230 1263 5276 et
1286 5235 1515 5275 accessu
1550 5218 1948 5274 misericordia}
2001 5218 2217 5287 sepitur
2280 5216 2456 5273 furor.
2506 5218 2555 5272 Is
2614 5232 2743 5272 vero
2770 5217 3035 5286 indignus
3052 5223 3137 5270 est
3170 5209 3555 5268 misericordia
3583 5217 3635 5260 et

404 5308 717 5381 disciplina,
755 5310 847 5380 qui
869 5327 976 5364 non
1006 5321 1186 5365 cessat
1214 5310 1548 5378 delinquere.
1588 5310 1880 5380 Propterea
1908 5308 1983 5360 ait
2012 5320 2131 5359 eam
2162 5321 2285 5361 esse
2310 5305 2625 5361 derelictam
2654 5314 2707 5360 et
2739 5318 2988 5359 exesam.
3021 5322 3038 5355 t
3077 5300 3214 5354 Nam
3249 5299 3487 5353 frontem
3519 5309 3635 5348 tne-

474 5486 519 5518 ’³
550 5483 844 5546 Oseett,7.
920 5483 1147 5537 "insue
1176 5501 1319 5542 xxiv.
1361 5484 1553 5538 22-25.
1633 5482 1679 5513 “
1711 5482 1899 5535 Matth.
1938 5495 2012 5534 xtl
2038 5520 2052 5541 .
2103 5476 2297 5533 4545.
2409 5478 2456 5510 ⁸⁸
2484 5477 2627 5533 Psal.
2684 5493 2802 5538 xcv.
2860 5477 2913 5546 5.
3027 5475 3073 5507 “
3107 5473 3293 5546 Levit.
3339 5487 3499 5546 _xx_vt,
3533 5471 3633 5533 ης

402 5542 442 5593 Η
481 5554 606 5607 Cor.
644 5570 719 5620 vt,
758 5540 851 5609 l6.
927 5554 972 5585 ’⁷
1002 5552 1040 5608 ll
1071 5554 1197 5608 Cor.
1264 5540 1336 5615 Vt,
1386 5555 1468 5614 ii.
1504 5554 1590 5607 lii.
1665 5553 1710 5585 ”
1740 5551 1910 5606 chit.
1938 5540 2084 5620 xsvt.
2118 5549 2262 5620 l72',|l
2288 5548 2430 5620 (ἷιυις.Δ
2450 5565 2525 5613 vt,
2569 5550 2663 5605 lli.
2780 5549 2825 5581 ”
2857 5545 2996 5602 Osee.
3032 5560 3111 5609 ut,
3141 5546 3193 5599 3.
3281 5543 3295 5574 '
3337 5541 3355 5596 Ι
3395 5540 3520 5597 Cor.
3556 5555 3632 5601 ιι,

407 5621 491 5677 ‘20.
573 5625 594 5657 ¹
635 5616 735 5680 lsa.
771 5642 821 5691 l.,
871 5626 919 5679 l.
1001 5622 1177 5680 ’Oscc
1223 5625 1326 5689 ιβ.
1409 5622 1426 5653 ⁸
1456 5622 1652 5679 Jcrcm.
1684 5637 1765 5687 Ill,
1802 5621 1848 5676 l.
1950 5620 1969 5651 ³

873 5626 919 5679 Ι.
1001 5625 1019 5655 ³
1044 5622 1177 5680 Osce
1223 5625 1326 5689 ιβ.
1409 5622 1426 5653 ⁸
1456 5622 1652 5679 Jcrcm.
1684 5637 1765 5687 Ill,
1802 5621 1848 5676 l.
1950 5618 2190 5675 'Ezerh.
2236 5634 2345 5684 xvt,
2370 5616 2456 5671 42.
