4010 6212
285 343 396 406 €09
1377 343 1914 404 COMMENTABII
1973 347 2054 408 IN
2112 345 2452 408 EXODUM.
3426 345 3534 410 610

283 452 507 508 tetricis
540 449 800 506 induisti.
835 449 1190 520 lmpudenter
1222 449 1382 519 egisti
1423 466 1550 506 cum
1576 451 1832 506 omnibus
1865 453 2204 508 amatoribus
2231 455 2342 510 tuis
2373 455 2415 508 ⁸.
2459 472 2478 505 i
2515 453 2670 507 Tunc
2708 451 2858 506 dicet
2897 467 2909 502 :
2943 470 2960 502 ι
2999 451 3162 506 Zelus
3195 467 3353 508 meus
3375 469 3526 510 rece-

285 545 372 594 ἀει
396 553 426 590 3
457 545 534 593 te.
575 555 593 586 ι

355 626 662 696 Refundens
691 635 912 694 peccata
934 635 1218 696 parentum
1253 628 1306 679 in
1337 627 1530 681 liberos
1559 629 1614 681 in
1645 629 1860 682 tertiam
1893 637 1941 682 et
1971 641 2220 698 quartam
2256 630 2650 698 generationem
2695 644 2878 682 eorum
2909 628 3000 695 qui
3036 627 3258 680 oderunt
3297 641 3400 688 me.
3423 638 3510 682 etc

295 713 426 786 (XX,
454 714 536 786 5.]
567 714 690 769 Haec
717 715 852 784 legis
875 714 1134 784 periodus
1159 714 1541 769 ba-reticorum
1571 730 1668 768 ora
1695 715 1896 770 laxavit
1918 715 2184 770 adversus
2203 716 2390 780 Deum,
2415 733 2538 770 cum
2575 715 2836 782 obiiciant
2863 714 3034 784 legem
3065 713 3158 767 Dei
3184 714 3522 782 neqnejusti-

273 804 372 858 .tize
403 803 492 856 vel
519 791 1144 870 arquitatis'quidquam
1173 801 1444 855 obtinere.
1473 801 1608 855 Cum
1640 803 1882 856 eamdem
1932 803 2186 856 liceresim
2225 804 2572 873 pestmodum
2629 801 2942 856 Judaaornm
2976 801 3070 854 lilii
3111 799 3382 864 foverent,
3410 815 3536 866 gra-

289 894 424 943 viter
457 889 964 958 reprehenduntur.
991 887 1124 941 Nam
1158 887 1502 942 Ezechielem
1549 889 1630 942 sic
1671 889 1962 956 compellat
2011 888 2154 942 Deus
2188 906 2200 940 :
2244 909 2261 940 ε
2303 888 2399 942 Fili
2429 889 2592 942 lsrael
2619 929 2635 954 ,
2671 904 2791 956 quae
2841 897 2927 940 est
2965 888 3056 939 illa
3093 889 3372 955 parabola,
3409 903 3532 940 cum

287 978 482 1032 dicunt
517 980 572 1031 in
607 977 772 1032 Israel
809 993 822 1029 ε
857 977 1048 1031 Patres
1078 977 1313 1030 ederunt
1345 991 1504 1029 uvam
1536 977 1816 1039 acerbam,
1845 984 1898 1030 et
1930 976 2121 1030 dentes
2146 977 2380 1029 ﬁliorum
2413 978 2838 1044 obstupuerunt.
2869 971 3004 1026 Vivo
3029 989 3151 1040 ego,
3183 973 3316 1026 dicit
3349 972 3533 1026 Domi—

287 1081 412 1128 nus,
451 1064 542 1116 illa
570 1065 834 1132 parabola
867 1079 978 1117 non
1027 1063 1264 1132 amplius
1305 1063 1521 1116 dicetur
1569 1063 1624 1116 in
1653 1061 1840 1117 lsrael.
1879 1061 2015 1128 Quia
2063 1079 2254 1117 omnes
2289 1065 2488 1117 anima:
2524 1079 2654 1117 mea:
2683 1071 2833 1115 sunt.
2873 1059 2940 1116 Ut
2989 1061 3174 1114 anima
3210 1061 3384 1130 patris
3415 1075 3532 1115 mea

285 1161 392 1211 est,
421 1150 506 1203 sic
539 1158 596 1202 et
628 1149 748 1202 ﬁlii.
783 1149 1003 1210 Anima,
1031 1163 1158 1217 quae
1195 1151 1526 1216 peccaverit,
1565 1150 1682 1217 ipsa
1707 1150 1992 1202 morietur.
2027 1148 2092 1202 Et
2123 1149 2268 1204 ﬁlius
2291 1163 2636 1218 nequaquam
2663 1148 2904 1217 portabit
2939 1159 3226 1216 peccatum
3253 1147 3428 1215 patris
3451 1145 3528 1201 ⁷.»

287 1235 596 1301 ριιεει-εηιιθ
634 1237 822 1304 itaque
851 1243 934 1290 est
961 1235 1259 1303 expositio,
1299 1249 1420 1304 qua:
1452 1236 1675 1304 proprie
1706 1236 1852 1289 hunc
1889 1236 2072 1290 locum
2097 1248 2424 1292 concernat.
2458 1237 2696 1303 Quidam
2734 1237 2885 1289 aiunt
2909 1251 3049 1304 opus
3073 1234 3245 1289 fuisse
3271 1234 3534 1302 gravissi-

285 1325 390 1378 niis
419 1323 915 1385 terriculamentis,
945 1321 1150 1390 quibus
1205 1330 1650 1390 perterrerentur
1691 1322 1862 1391 legem
1911 1325 2213 1392 accepturi,
2269 1332 2327 1377 ut
2371 1325 2618 1377 tenacius
2667 1337 2787 1376 eam
2819 1323 3145 1376 retinerent.
3183 1321 3531 1388 Quapr0pter

285 1409 559 1462 continuo
593 1407 739 1463 Deus
769 1423 830 1462 se
870 1408 1121 1462 nominat
1157 1409 1372 1462 zeloten
1403 1425 1416 1458 :
1447 1407 1649 1462 deinde
1673 1408 1963 1476 suhjnnxit
1999 1427 2014 1462 :
2047 1429 2064 1460 ι
2097 1407 2281 1464 Pmnis
2305 1410 2611 1478 subjiciens
2649 1409 2942 1477 impiorum
2978 1413 3264 1475 parentum
3301 1406 3528 1471 liberos,

287 1495 330 1547 si
355 1501 665 1563 sequantur
696 1494 1030 1563 impietatem
1062 1503 1376 1560 paternam,
1409 1501 1464 1547 et
1497 1495 1826 1548 aemulentur
1853 1495 2120 1563 majorum
2153 1496 2350 1549 falsam
2385 1496 2742 1564 religionem;
2778 1513 2796 1546 ι
2825 1493 3043 1546 etiamsi
3067 1493 3252 1545 divina
3289 1492 3524 1546 clemen-

283 1583 357 1632 tia
383 1580 702 1650 pepercerit
733 1580 1082 1648 parentibus,
1119 1588 1300 1632 tamen
1335 1581 1626 1648 profanum
1664 1581 1796 1633 illud
1825 1597 1999 1651 genus
2031 1591 2363 1651 contemptae
2397 1581 2685 1652 religionis
2719 1580 2902 1632 scelus
2951 1593 3058 1631 non
3099 1578 3238 1631 feret
3265 1577 3526 1631 inultum.

281 1663 356 1718 Ne
382 1675 568 1724 autem
595 1666 852 1719 videatur
874 1665 1146 1728 crudelis,
1181 1666 1369 1718 subdit
1407 1681 1419 1717 :
1457 1684 1474 1717 ι
1508 1664 1743 1722 Faciens
1777 1668 2208 1722 misericordiam
2240 1669 2296 1721 in
2337 1669 2506 1720 millia
2543 1667 2652 1729 his,
2681 1665 2772 1734 qui
2795 1665 3037 1732 diligunt
3060 1678 3166 1728 me,
3207 1681 3225 1714 ι
3261 1671 3368 1716 etc.
3405 1660 3529 1716 Hac

277 1753 642 1806 comminatio
683 1751 977 1804 admodum
1007 1752 1321 1818 periculosa
1348 1760 1402 1806 et
1444 1754 1627 1821 gravis
1651 1755 1986 1822 apparebat,
2025 1755 2073 1808 si
2113 1745 2178 1808 ad
2214 1770 2328 1809 rem
2361 1759 2508 1808 esset
2552 1752 2752 1806 collata
2789 1760 2916 1804 ante
2963 1751 3252 1802 fecundam
3302 1762 3528 1802 succes-

275 1837 494 1892 sioiiem
528 1837 774 1907 generis.
803 1835 938 1890 Nam
971 1837 1150 1890 omnis
1180 1852 1310 1906 spes
1337 1853 1582 1906 opesque
1617 1839 1752 1908 ipsis
1794 1839 1848 1892 in
1881 1841 2100 1908 generis
2139 1839 2376 1894 fecunda
2421 1837 2817 1909 propagatione
2858 1837 2978 1890 sitae
3009 1842 3189 1890 erant.
3225 1833 3315 1888 Sic
3349 1835 3394 1887 si
3427 1833 3528 1887 mi-

277 1935 468 1984 natur,
509 1935 568 1976 ut
601 1931 782 1978 cesset
812 1938 988 1992 genus
1019 1923 1260 1986 illorum,
1294 1939 1401 1976 non
1436 1924 1639 1992 injuria
1685 1924 2021 1989 alliciuntur,
2075 1929 2168 1995 qui
2203 1926 2444 1980 nondum
2481 1933 2610 1979 sunt
2643 1923 2776 1976 nali.
2816 1921 3105 1988 Quomodo
3133 1920 3281 1974 enim
3314 1920 3530 1988 injuria:

273 2025 454 2079 capax
483 2009 654 2064 fuerit
682 2009 766 2064 vel
800 2009 1003 2079 injuria
1031 2009 1298 2063 ceciderit
1338 2010 1392 2061 in
1439 2011 1585 2064 hunc
1635 2011 1728 2078 qni
1771 2027 1879 2064 non
1925 2021 2008 2066 est
2050 2013 2102 2066 in
2138 2021 2338 2066 natura
2382 2011 2606 2065 rerum?
2635 2009 2718 2062 llli
2760 2009 3098 2077 plectuntur,
3136 2019 3361 2076 propter
3388 2020 3528 2073 quos

275 2097 668 2165 hujuscemodi
705 2113 894 2167 poenas
925 2097 1162 2152 induxit.
1187 2095 1289 2150 Par
1323 2098 1406 2150 vel
1445 2113 1552 2151 non
1591 2098 1877 2154 dissimilis
1915 2101 2055 2152 ratio
2082 2111 2183 2160 est,
2231 2110 2289 2152 ut
2313 2099 2598 2168 patiantur
2634 2112 2733 2165 pro
2761 2103 3051 2164 parentum
3081 2093 3322 2161 peccatis
3349 2091 3525 2145 liberi.

275 2181 340 2235 Hi
375 2197 488 2236 non
521 2185 833 2252 puniuntur
887 2199 984 2253 per
1040 2199 1122 2246 se,
1157 2192 1432 2252 quatenus
1489 2185 1734 2238 naturali
1787 2187 2072 2255 rapiuntur
2103 2195 2280 2240 morte
2319 2203 2333 2238 :
2370 2186 2450 2238 illi
2489 2199 2681 2254 poenas
2725 2182 2994 2242 sentiunt,
3033 2171 3256 2248 propter
3293 2193 3432 2247 quos
3472 2177 3526 2232 in

273 2275 480 2324 mortis
501 2270 807 2324 discrimen
849 2269 1291 2339 praecipitantur.
1335 2267 1601 2324 Parentes
1639 2286 1746 2323 non
1779 2279 1888 2324 tam
1922 2273 2110 2326 dolent
2145 2288 2245 2327 sua
2289 2280 2486 2336 morte,
2525 2286 2693 2339 quam
2757 2269 3090 2330 liberorum,
3139 2267 3447 2334 praesertim
3481 2264 3524 2319 si

279 2357 368 2410 bis
395 2355 602 2410 fuerint
632 2363 887 2411 auctores
915 2355 1132 2410 mortis.
1167 2353 1302 2408 Nam
1331 2371 1478 2411 mors
1513 2359 1782 2412 naturalis
1807 2373 1912 2410 non
1945 2374 2108 2426 ptena
2142 2359 2382 2420 ducitur,
2434 2359 2527 2410 sed
2563 2357 2633 2409 ob
2673 2363 2894 2424 peccata
2927 2355 3082 2406 obire
3105 2363 3335 2406 mortem
3361 2367 3528 2422 grave

276 2457 334 2498 et
357 2443 794 2513 ignominiosum
829 2453 935 2496 est.
961 2440 1034 2496 Ut
1065 2443 1232 2514 igitur
1255 2455 1512 2512 parentes
1549 2459 1577 2496 a
1610 2447 1872 2513 peccandi
1905 2447 2125 2499 licentia
2148 2447 2470 2510 retraheret,
2508 2444 2694 2496 liberis
2732 2441 2802 2496 ob
2835 2449 3128 2510 parentum
3166 2440 3364 2492 delicta
3399 2453 3526 2510 gra-

277 2531 546 2586 vissimas
571 2539 624 2584 et
647 2530 1039 2585 acerbissimas
1082 2531 1331 2599 praedicit
1365 2531 1686 2600 impendere
1722 2547 1934 2600 poenas.
1985 2531 2092 2584 Alii
2146 2533 2306 2584 aliter
2357 2531 2659 2586 sentientes
2684 2534 3019 2596 proponunt,
3059 2527 3173 2580 haec
3219 2527 3386 2579 verba
3415 2541 3526 2580 non

277 2617 698 2678 universaliter,
733 2618 830 2671 sed
867 2617 1282 2686 particulariler
1315 2633 1439 2672 esse
1465 2618 1844 2688 intelligenda,
1871 2626 2072 2687 atquae
2089 2618 2419 2672 conveniant
2451 2618 2583 2672 solis
2609 2618 2694 2669 bis
2743 2615 2838 2684 qui
2874 2615 3082 2683 egressi
3113 2621 3242 2668 sunt
3268 2611 3524 2682 Egypto,

275 2705 352 2757 ad
377 2719 524 2774 quos
561 2704 671 2757 sint
699 2704 870 2769 dicta,
905 2713 958 2759 et
989 2705 1043 2758 in
1075 2705 1278 2774 quibus
1321 2705 1376 2759 in
1403 2705 1658 2760 ell'ectum
1691 2706 1804 2759 sint
1851 2707 2142 2774 producta.
2183 2702 2320 2758 Nam
2372 2720 2494 2758 cum
2526 2702 2848 2756 idololatria:
2881 2701 3082 2753 malum
3117 2701 3276 2752 tertia
3304 2700 3524 2753 demum

271 2801 334 2846 et
367 2803 568 2860 quarta
591 2790 948 2860 generatione
983 2791 1228 2856 illorum,
1256 2793 1350 2861 qui
1379 2799 1643 2846 venerant
1676 2793 1727 2845 in
1764 2791 2082 2862 Aiayptum,
2111 2791 2441 2847 adolevisset
2475 2791 2711 2858 turpiter
2743 2807 2757 2842 :
2794 2788 2960 2841 edicit
2989 2787 3222 2840 vitulum
3261 2788 3528 2838 formatu-

275 2894 404 2942 rus,
431 2893 494 2932 se
515 2893 625 2932 non
654 2878 893 2948 amplius
924 2887 1046 2946 post
1079 2884 1162 2931 tot
1191 2879 1409 2948 egregia
1446 2887 1498 2932 et
1537 2879 1806 2932 mirabilia
1845 2880 2010 2943 facta,
2048 2895 2168 2948 quae
2214 2879 2476 2940 viderint,
2511 2877 2730 2932 veniam
2787 2875 3047 2929 daturum
3101 2872 3434 2935 idololatris,
3467 2878 3528 2925 ut

273 2967 338 3020 in
369 2964 634 3036 (Egypto.
657 2964 783 3019 “lmo
815 2966 860 3020 si
899 2965 1101 3018 imitati
1139 2966 1342 3018 fuerint
1368 2960 1705 3034 impietatem
1747 2967 1992 3028 illorum,
2017 2966 2109 3032 qui
2135 2965 2286 3018 fuere
2309 2966 2362 3017 in
2388 2963 2627 3034 Egypto
2651 2963 2809 3015 tertia
2839 2969 2890 3014 et
2916 2966 3111 3028 quarta
3146 2957 3524 3026 generatione,

273 3053 402 3107 fore
439 3063 496 3106 ut
519 3062 572 3106 et
602 3051 797 3104 horum
833 3052 1059 3106 noiiiine
1093 3066 1289 3122 poenas
1341 3051 1517 3115 luant,
1558 3067 1665 3106 non
1691 3060 1804 3118 tam
1829 3054 1898 3104 ob
1927 3052 2143 3106 illorum
2182 3060 2426 3120 peccata,
2461 3065 2582 3120 qua:
2600 3049 2888 3103 clementia
2921 3045 3012 3099 Dei
3045 3044 3326 3113 praeteriit,
3361 3059 3526 3114 quam

271 3143 356 3195 ob
386 3155 509 3202 sua,
539 3155 650 3194 non
671 3140 822 3208 digni
844 3142 1176 3194 exsistentes
1206 3139 1364 3192 venia
1395 3147 1520 3209 post
1549 3147 1698 3192 tanta
1723 3141 1986 3194 benelicia
2015 3148 2068 3192 et
2092 3139 2357 3192 miracula
2387 3139 2500 3198 Dei,
2527 3139 2570 3191 si
2600 3135 2870 3190 idolorum
2901 3133 3074 3185 cultui
3107 3147 3166 3184 se
3196 3131 3522 3196 dediderint.

275 3226 424 3280 Huic
459 3227 584 3280 loco
611 3227 972 3294 astipulatur,
1001 3225 1146 3294 quod
1177 3226 1232 3278 in
1266 3225 1692 3280 Deuteronomio
1721 3226 1930 3280 dicitur
1969 3245 1980 3279 :
2019 3245 2037 3276 ι
2081 3224 2242 3280 Pater
2274 3240 2382 3278 non
2412 3239 2512 3294 pro
2557 3223 2690 3284 ﬁlio,
2726 3235 2824 3274 nec
2857 3218 2998 3271 ﬁlius
3027 3233 3126 3286 pro
3155 3217 3320 3288 276
3351 3228 3524 3286 patre,

275 3316 378 3369 sed
405 3314 792 3384 unusquisque
825 3313 878 3366 in
913 3328 1015 3366 suo
1047 3323 1271 3382 peccato
1295 3313 1566 3366 morietur
1593 3313 1638 3366 ⁸.
1679 3332 1700 3364 ι
1738 3315 1842 3365 Alii
1879 3318 2140 3382 praeterea
2175 3328 2284 3365 non
2311 3312 2493 3376 inepte
2521 3308 2948 3377 inquisiverunt,
2988 3305 3079 3374 qui
3113 3305 3221 3358 sint
3266 3305 3367 3356 hoc
3403 3305 3528 3358 loco

273 3412 491 3472 patres,
525 3411 586 3455 et
619 3417 744 3471 quae
775 3402 1186 3469 generationes.
1218 3401 1355 3454 Nam
1389 3402 1607 3465 omnis,
1650 3401 1744 3470 qui
1796 3401 2029 3468 aliquem
2085 3401 2154 3452 ad
2204 3401 2467 3452 virtutem
2505 3399 2788 3458 reformat,
2821 3403 2915 3447 aut
2960 3392 3027 3445 ad
3071 3392 3205 3444 vitia
3247 3391 3525 3460 perducit,

277 3490 700 3559 quodaminodo
729 3489 850 3559 ejus
873 3499 1030 3558 pater
1053 3496 1139 3543 est
1174 3489 1504 3542 auctoritate
1537 3487 1857 3556 Scriptum.
1891 3485 2173 3556 Siquidem
2209 3487 2464 3540 Christus
2489 3485 2620 3538 dicit
2647 3483 3030 3553 peccatoribus
3063 3497 3076 3533 :
3110 3498 3128 3530 ι
3163 3477 3302 3543 Quia
3337 3493 3435 3534 vos
3457 3493 3526 3535 ex

277 3577 508 3631 diabolo
537 3577 680 3630 estis
713 3575 757 3629 ⁹.
794 3593 814 3627 ι
859 3575 1068 3630 Diaboli
1094 3583 1384 3650 peccatum
1423 3575 1681 3627 tribuitur
1709 3575 1836 3638 ﬁlio,
1871 3575 2018 3645 quod
2051 3585 2330 3645 paternam
2369 3574 2741 3644 operationem
2777 3570 2999 3637 accipit,
3047 3581 3174 3620 cum
3205 3567 3430 3621 deberet
3465 3582 3530 3622 se

283 3663 418 3717 huic
449 3677 731 3732 apponere
761 3661 988 3716 indutus
1028 3670 1196 3715 totam
1225 3670 1568 3714 armaturam
1609 3659 1728 3724 Dei,
1758 3671 1810 3715 et
1843 3677 2042 3731 gerens
2088 3672 2306 3716 scutum
2350 3661 2492 3714 ﬁdei.
2538 3661 2605 3711 At
2651 3659 2818 3710 telum
2873 3671 2901 3706 a
2937 3655 3158 3708 diabolo
3182 3653 3437 3715 missum,
3479 3654 3526 3708 si

277 3752 408 3819 quis
435 3751 741 3819 exceperit,
771 3765 896 3804 mox
928 3757 982 3803 et
1011 3748 1192 3818 ipsum
1219 3747 1512 3802 sauciabit.
1547 3745 1640 3800 Sic
1668 3747 1930 3802 diabolus
1951 3764 2074 3802 cum
2099 3751 2276 3817 primo
2299 3747 2638 3814 obrepsisset
2663 3744 2846 3795 animo
2871 3739 3049 3804 Judm,
3078 3739 3277 3794 deimle
3307 3745 3524 3806 sumpta

275 3840 532 3892 l-uccella
567 3838 621 3891 in
656 3838 832 3907 ipsum
867 3837 1158 3906 ingressus
1187 3846 1290 3891 est.
1321 3835 1511 3905 itaque
1553 3843 1860 3890 statuamus
1907 3836 2217 3906 peccatoris
2251 3841 2454 3904 patrem
2503 3847 2632 3885 esse
2675 3829 2954 3883 diabolum
2989 3846 3000 3880 :
3037 3840 3136 3880 nec
3173 3828 3346 3879 solum
3377 3825 3526 3879 hunc

273 3941 412 3983 esse
443 3927 814 3995 delinquentis
855 3935 1090 3995 patrem,
1125 3925 1218 3980 sed
1251 3925 1566 3994 q'uicunque
1592 3925 1735 3978 hunc
1757 3926 1956 3978 malum
1989 3923 2296 3983 docuerint,
2331 3929 2385 3974 et
2418 3919 2483 3971 ad
2527 3917 2658 3970 vitia
2701 3914 2915 3984 agenda
2961 3912 3302 3981 impulerint.
3331 3909 3524 3965 Justoo

274 4029 405 4068 rum
443 4028 574 4067 vero
609 4021 760 4082 pater
781 4021 1043 4068 censetur
1077 4012 1240 4067 Deus.
1274 4011 1622 4080 Quapropter
1654 4009 1904 4065 Salvator
1931 4011 2108 4079 inquit
2139 4026 2151 4061 :
2195 4027 2213 4060 t
2255 4007 2456 4068 Filioli,
2498 4006 2678 4058 adhuc
2713 4001 3015 4072 pauxillum
3048 3999 3310 4066 temporis
3339 3999 3526 4052 vobis-

275 4113 410 4150 cum
447 4113 570 4152 sum
605 4099 670 4152 ¹⁰.
705 4115 725 4148 ι
765 4099 828 4150 Et
854 4099 1096 4152 iterum:
1140 4115 1159 4150 ε
1199 4096 1325 4163 Fili,
1357 4097 1713 4151 remittuntur
1746 4097 1839 4150 tibi
1874 4105 2090 4165 peccata
2126 4097 2188 4149 ¹¹.
2230 4113 2247 4144 ι
2286 4093 2348 4145 Ει
2377 4093 2572 4144 iterum
2613 4105 2626 4137 :
2677 4107 2696 4138 ε
2735 4087 2894 4148 Filia,
2951 4084 3084 4137 fides
3141 4091 3234 4135 tua
3282 4083 3526 4136 servavit

279 4195 338 4238 te
377 4187 447 4238 ⁸³.
491 4203 510 4236 ›
545 4185 718 4237 Etiam
747 4185 938 4238 horum
971 4193 1159 4254 patres
1187 4193 1316 4238 sunt
1343 4185 1593 4254 plurimi.
1625 4182 1760 4236 Nam
1804 4185 2006 4238 dictum
2030 4191 2114 4236 est
2142 4181 2372 4235 Abrahae
2402 4198 2414 4232 :
2439 4175 2520 4230 'l‘u
2564 4175 2741 4229 abibis
2787 4173 2852 4226 ad
2903 4179 3086 4240 patres
3129 4177 3276 4230 tuos,
3309 4169 3524 4222 scilicet

277 4271 354 4324 ad
391 4285 490 4326 eos
522 4279 732 4340 patres,
767 4286 908 4339 quos
943 4271 1247 4324 secundum
1283 4270 1562 4322 carnalem
1601 4270 1940 4323 nativitatem
1971 4269 2201 4322 sortitus
2231 4275 2313 4320 cst
2345 4281 2360 4318 :
2397 4266 2489 4334 qui
2513 4278 2688 4332 neque
2715 4261 2901 4313 fideles
2941 4271 3117 4324 neque
3143 4255 3320 4308 sancti
3343 4265 3520 4308 erant.

279 4359 422 4413 Nam
456 4361 504 4412 si
551 4360 636 4414 vel
675 4359 780 4413 ﬁde
819 4360 902 4413 vel
931 4351 1224 4412 sanctitate
1255 4357 1487 4412 fuissent
1517 4357 1750 4426 praediti,
1801 4374 1909 4410 non
1945 4356 2244 4409 audivisset
2293 4353 2568 4404 Abraham
2615 4350 3022 4416 imperantem:
3068 4361 3084 4394 ι
3125 4341 3223 4394 Exi
3261 4341 3328 4394 de
3375 4351 3522 4393 terra

279 4458 404 4508 tua,
438 4455 492 4500 et
521 4462 586 4500 eat
616 4445 779 4499 duino
807 4449 980 4515 patris
1005 4446 1082 4498 tui
1105 4445 1168 4497 ".
1201 4461 1220 4495 ι
1261 4443 1382 4496 Νοη
1419 4444 1880 4512 igiturimmerito
1915 4445 2042 4511 quis
2075 4442 2153 4494 vel
2189 4441 2469 4507 pra-mium
2501 4437 2585 4490 vel
2642 4448 2860 4503 poenam
2903 4429 3130 4484 sortitur
3169 4443 3265 4495 pro
3301 4429 3526 4515 ingenio

277 4547 410 4596 suo,
444 4547 555 4601 quo
581 4533 786 4602 accipit
807 4514 890 4586 vel
923 4531 1016 4586 Dei
1053 4530 1138 4585 vel
1167 4529 1369 4584 diaboli
1403 4531 1845 4597 inspirationem.
1888 4529 2171 4598 Siquidem
2207 4526 2352 4579 Deus
2401 4524 2660 4578 observat
2709 4527 3058 4589 peccatores.
3103 4515 3255 4602 Nam
3295 4514 3472 4602 inquit
3507 4527 3522 4567 :

285 4641 307 4672 ι
337 4599 504 4686 Audi,
545 4619 678 4684 ﬁlia,
709 4599 765 4672 et
795 4618 942 4682 vide,
978 4625 1032 4671 et
1071 4618 1280 4670 inclina
1324 4631 1508 4669 aurem
1543 4624 1722 4676 tuam,
1766 4624 1820 4667 et
1853 4616 2174 4670 obliviscere
2203 4614 2387 4683 populi
2418 4611 2520 4672 tui,
2577 4619 2630 4664 et
2669 4609 2864 4662 domus
2917 4605 3086 4670 patris
3115 4603 3194 4656 tui
3225 4601 3289 4655 “.
3323 4619 3341 4652 ι
3379 4599 3524 4654 Deus

281 4711 473 4778 igitur,
505 4707 654 4776 quod
685 4706 780 4760 tibi
817 4707 1094 4775 suggessit
1123 4706 1330 4759 zelotes
1360 4705 1636 4757 exsistens
1681 4712 2001 4771 compensat
2037 4701 2392 4755 beneﬁcentia
2428 4713 2526 4751 sua
2557 4696 2682 4756 tibi,
2729 4695 2820 4762 qui
2859 4693 3003 4744 ﬁlius
3036 4705 3118 4743 es.
3146 4688 3251 4778 ‘De
3285 4689 3392 4778 his,
3429 4688 3524 4755 qui

281 4774 438 4866 digni
463 4774 596 4850 sunt
645 4805 704 4848 ut
727 4774 1074 4854 erudiantnr,
1108 4792 1188 4847 sic
1219 4792 1464 4860 loquitur
1493 4806 1508 4841 :
1545 4809 1562 4840 ‹
1604 4789 1894 4859 Inspiciam
1923 4798 1977 4843 et
2009 4789 2242 4840 visitabo
2273 4787 2424 4854 virga
2456 4783 2783 4866 iniquitates
2805 4791 3016 4866 eorum,
3038 4783 3102 4866 et
3139 4774 3366 4844 ﬂagellis
3399 4789 3526 4843 pec—

281 4863 406 4938 cata
447 4898 642 4938 eorum
672 4883 734 4934 ³⁸.
771 4901 800 4934 s
833 4880 1059 4946 Quare?
1094 4899 1112 4932 ι
1151 4877 1223 4934 Ut
1253 4877 1686 4933 misericordiam
1725 4891 1898 4929 meam
1933 4875 2208 4928 effundam
2255 4887 2422 4938 super
2463 4885 2558 4924 eos
2590 4870 2655 4921 ³⁸.
2702 4885 2719 4918 ›
2754 4865 3000 4932 Castigat
3037 4863 3222 4928 itaque
3253 4877 3359 4914 non
3392 4876 3526 4929 apo—

283 4979 480 5036 statas,
533 4971 636 5024 sed
683 4984 902 5022 omnem
943 4967 1132 5026 ﬁlium,
1163 4979 1324 5034 quem
1365 4963 1418 5016 in
1461 4963 1693 5016 filiorum
1747 4963 1930 5016 album
1969 4961 2306 5015 transcribit.
2347 4956 2480 5010 Nam
2514 4955 2582 5009 de
2623 4951 3005 5024 peccatoribus
3045 4949 3111 5002 ad
3144 4948 3524 5036 pcenitentiam

283 5057 464 5111 redire
503 5056 734 5116 lleStliS.
767 5059 851 5108 sic
885 5056 938 5107 in
974 5054 1239 5123 propheta
1272 5049 1508 5118 quodam
1534 5049 1696 5103 verba
1727 5049 1890 5102 facit:
1930 5067 1949 5101 ι
1991 5049 2105 5105 Non
2157 5047 2390 5102 visitabo
2449 5046 2588 5100 tilias
2645 5051 2859 5096 vestras
2899 5039 2943 5093 si
2991 5045 3246 5123 scortatu:
3271 5035 3525 5123 fuerint,

285 5161 467 5213 neque
501 5157 735 5211 sponsas
759 5120 1000 5205 vestras,
1035 5120 1092 5195 sit
1133 5139 1420 5193 adulteriis
1449 5152 1594 5192 -sese
1651 5135 2043 5189 maculaverint
2097 5135 2163 5188 ⁸⁷.
2222 5153 2240 5185 i
2283 5132 2541 5185 Diabolus
2587 5128 2846 5213 peccavit,
2881 5141 2910 5176 a
2938 5125 3102 5194 jactis
3149 5120 3528 5213 fundamentis

283 5205 496 5288 mundi.
531 5205 834 5286 Facessunt
859 5229 1006 5298 ignis
1041 5236 1096 5282 et
1127 5228 1358 5297 flagella.
1389 5223 1507 5278 Non
1539 5224 1684 5278 enim
1709 5233 1798 5276 est
1825 5221 2027 5292 dignus
2061 5221 2171 5276 illis
2214 5221 2412 5290 poenis,
2463 5217 2664 5286 quibus
2708 5211 3064 5280 corriguntur
3123 5224 3152 5298 a
3187 5211 3296 5298 lien
3331 5207 3427 5276 pii,
3459 5205 3528 5257 de

281 5320 488 5389 quibus
525 5319 664 5372 bona
703 5294 1018 5385 concipitur
1048 5294 1346 5383 spem—Nec
1380 5311 1522 5366 idem
1555 5309 1805 5363 diabolus
1828 5309 2071 5378 proferre
2109 5315 2284 5375 potest
2321 5307 2434 5358 hinc
2458 5303 2623 5356 verba
2653 5319 2667 5354 :
2705 5319 2728 5389 ιΔ
2757 5299 3008 5360 Domine,
3036 5313 3101 5348 ne
3121 5295 3176 5389 in
3213 5294 3396 5389 lurore
3430 5300 3530 5386 tuo

285 5381 550 5475 real-giras
585 5421 669 5459 me
691 5443 705 5468 ,
741 5381 921 5473 neque.
961 5401 1015 5455 in
1048 5381 1133 5454 ira
1175 5413 1266 5455 tua
1291 5400 1525 5468 castiges
1557 5411 1642 5450 me
1673 5395 1736 5448 ".
1773 5415 1793 5448 ι
1822 5394 2063 5448 Summis
2095 5395 2280 5461 itaque
2301 5391 2443 5446 votis
2467 5387 2838 5458 expetendum
2870 5393 2923 5438 et
2945 5381 3243 5452 optandum
3273 5388 3378 5440 est,
3417 5381 3526 5446 pri-

355 5575 600 5630 I'Ezech.
653 5589 764 5638 xvi,
795 5572 886 5628 50.
986 5571 1006 5598 "
1037 5571 1237 5626 Ezecli.
1301 5586 1456 5634 xvnt,
1507 5571 1530 5623 l
1587 5584 1740 5639 seqq.
1842 5568 1864 5600 ⁸
1907 5569 2066 5624 Dent.
2113 5581 2264 5627 utr,
2537 5559 2840 5639 “amnti,
2876 5555 2964 5609 “-
3043 5555 3086 5585 '°
3119 5550 3276 5639 {93"-
3306 5547 3523 5639 ξ’ξιέξιςξ·

287 5645 330 5678 «ι
369 5615 1237 5706 ωῖῑῑςῑ··ςκῖξῖίι,εδῖῑξ;“
1569 5615 1781 5704 sua.
1860 5615 2264 5699 negatas;
2302 5615 2399 5698 ῃ,
2441 5629 2524 5684 η.
3309 5615 3518 5670 nam.

287 5713 356 5768 δι
455 5715 498 5745 ³⁷
531 5711 668 5767 Osee
693 5729 766 5776 ιν,
804 5713 888 5764 Η.
971 5711 1010 5742 ’⁸
1044 5709 1191 5763 Psal.
1222 5725 1297 5768 vt.
1333 5710 1389 5762 2.
