4010 6212
467 318 571 386 till
1120 371 1149 380 ρ
1758 319 2115 381 PROCOPII
2141 318 2385 380 cum
2502 394 2513 404 .
2600 366 2611 373 .
3608 307 3713 379 διε

467 448 577 493 mo.
607 447 676 486 nc
707 445 1020 501 peccemus,
1055 442 1151 487 aut
1184 432 1229 490 si
1275 434 1716 504 peccaverimus,
1753 435 2019 489 continuo
2040 433 2097 487 in
2121 432 2227 488 hoc
2256 432 2459 488 saeculo
2495 443 2687 500 poenas
2725 429 3051 485 delictorum
3101 426 3314 492 demus,
3350 440 3419 480 nc
3448 425 3503 480 in
3530 425 3713 481 futuro

465 520 762 590 puniamur
785 522 989 574 saeculo
1023 537 1036 573 :
1065 520 1163 577 sed
1191 522 1374 590 potius
1416 522 1853 592 requiescamus,
1886 520 2339 588 beatitudineque
2387 516 2638 571 fruamur
2667 514 2833 570 delati
2855 518 2908 569 in
2949 515 3131 569 sinum
3167 512 3422 568 Abrahae.
3449 510 3575 568 Haec
3594 524 3718 582 qui.

464 606 588 658 dem
620 604 889 659 hactenus
913 605 983 659 de
1009 606 1277 674 patribus.
1312 605 1471 661 Nunc
1504 607 1833 663 accedamus
1862 607 1931 662 ad
1963 606 2377 678 generationes.
2404 602 2655 658 Salvator
2683 603 2827 657 inter
2855 609 3057 657 caetera
3087 602 3141 655 in
3177 600 3413 669 quodam
3447 601 3567 654 loco
3596 601 3670 653 ait
3698 618 3714 655 :

471 709 491 741 ε
527 688 888 759 Nequaquam
922 693 1179 748 transibit
1206 694 1493 763 generatio
1526 695 1665 761 haec,
1691 694 1865 748 donec
1894 694 2080 748 omnia
2107 693 2239 748 ﬁant
2260 694 2326 748 ⁸³.
2356 711 2377 745 ι
2407 692 2476 746 Ει
2503 705 2639 746 sane
2658 691 2727 745 de
2753 689 3238 746 consummatione
3266 688 3428 742 verba
3461 688 3714 742 faciebat.

462 773 583 830 Non
616 777 782 846 igitur
815 793 947 831 vera
971 772 1222 845 dixisset,
1258 781 1304 835 si
1346 781 1711 836 intellexisset
1750 795 1872 835 eam
1918 781 2357 849 generationem,
2393 794 2517 849 quae
2547 793 2646 848 per
2675 776 2729 837 id
2784 785 3008 849 tempus
3052 784 3336 844 superstes
3360 782 3498 829 erat.
3527 773 3717 844 Itaque

463 870 612 932 patet
665 864 1073 932 generationem
1107 866 1217 921 dici
1249 875 1425 922 totum
1452 868 1587 923 illud
1611 876 1825 937 tempus
1855 866 2003 936 quod
2062 881 2094 921 a
2135 866 2342 922 Christi
2371 867 2609 921 adventu
2634 863 2949 920 extenditur
2978 876 3154 932 usque
3183 862 3249 916 ad
3280 862 3709 916 consummatio.

461 964 614 1003 nem.
647 951 899 1016 Quatuor
924 961 1286 1007 numerantur
1312 968 1342 1007 a
1368 954 1687 1024 primordiis
1716 953 1909 1008 mundi
1945 960 2273 1008 testamenta
2294 961 2350 1006 et
2378 950 2782 1021 generationes.
2809 949 3015 1014 Prima,
3037 962 3160 1017 quae
3186 962 3247 1002 se
3271 948 3516 1015 porrexit
3542 962 3714 1017 usque

463 1035 528 1088 ad
567 1035 861 1093 diluvium.
890 1036 1031 1091 Huic
1064 1041 1332 1095 successit
1373 1041 1567 1104 altera,
1605 1056 1726 1109 quae
1755 1041 1982 1096 duravit
2032 1039 2193 1095 initio
2247 1047 2467 1108 sumpto
2507 1037 2578 1093 ab
2624 1034 2902 1091 Abraham
2961 1049 3141 1103 usque
3185 1034 3251 1089 ad
3281 1034 3478 1104 legem.
3529 1032 3712 1089 Tertia

461 1123 712 1177 excurrit
740 1123 793 1177 in
826 1125 1123 1180 adventum
1149 1141 1330 1194 usque
1361 1125 1595 1181 Christi.
1621 1127 1829 1194 Quarta
1860 1127 2236 1197 perseverabit
2261 1140 2439 1197 usque
2463 1124 2530 1179 ad
2566 1121 3122 1180 consummationem.
3159 1123 3218 1176 In
3256 1121 3489 1192 singulis
3534 1137 3715 1192 gene-

463 1210 800 1275 rationibus,
830 1211 976 1275 illos,
1008 1212 1076 1266 de
1110 1214 1319 1283 quibus
1352 1215 1490 1268 bene
1517 1214 1802 1284 sperabat,
1832 1215 2094 1270 erudivit.
2125 1214 2263 1269 Tres
2296 1213 2517 1283 priores
2538 1212 2771 1281 pulchre
2789 1209 3041 1265 distinxit
3070 1228 3083 1263 :
3110 1218 3167 1263 at
3195 1218 3404 1278 quartae
3430 1210 3716 1268 distinetio

462 1304 613 1351 certa
648 1293 806 1351 nabis
834 1306 921 1352 est
952 1299 1186 1353 incerta.
1212 1298 1640 1367 Generationes,
1672 1316 1795 1370 quae
1831 1312 2182 1358 antecessere
2208 1301 2503 1357 adventum
2542 1298 2777 1364 Christi,
2810 1297 2865 1351 in
2898 1312 3071 1351 unum
3119 1296 3397 1350 contraxit
3418 1304 3472 1351 et
3495 1298 3716 1366 collegit

461 1399 778 1439 numerum.
816 1383 952 1438 Nam
983 1400 1046 1441 so
1060 1386 1124 1441 la;
1152 1386 1261 1441 illa:
1280 1388 1691 1443 concernebant
1724 1388 2025 1445 lsraelitas.
2058 1389 2326 1455 Quartum
2355 1402 2507 1453 vero,
2535 1386 2590 1440 in
2620 1397 2785 1455 quam
2824 1399 3016 1438 omnes
3061 1391 3439 1453 speraveruut,
3468 1398 3579 1437 non
3614 1385 3717 1438 abs

462 1487 521 1526 re
552 1472 883 1542 segregavit.
918 1470 1044 1528 Haec
1071 1480 1258 1529 autem
1290 1476 1346 1528 in
1375 1474 1521 1530 hunc
1559 1474 1781 1530 modum
1809 1476 2079 1546 caplenda
2110 1483 2242 1532 sunt
2273 1474 2449 1544 magis
2474 1488 2569 1545 per
2596 1469 3146 1542 praaoccupationetu.

532 1599 657 1655 Non
681 1618 917 1656 assumes
942 1619 1127 1656 nomen
1150 1601 1366 1656 Domini
1394 1603 1486 1658 Dei
1517 1605 1595 1658 tui
1613 1604 2006 1678 vane.[XX,7.]
2029 1606 2136 1661 Aut
2156 1622 2262 1660 non
2288 1605 2558 1675 pejerabis
2584 1618 2596 1658 :
2620 1611 2713 1659 aut
2735 1615 2842 1657 non
2868 1601 3281 1673 cognominabis
3311 1600 3474 1656 Deum
3501 1602 3715 1657 idolum

462 1696 557 1742 aut
588 1689 734 1743 aliud
767 1704 906 1758 Opus
937 1704 1003 1743 ex
1032 1689 1188 1758 ligno
1211 1688 1597 1758 fabrefactum,
1631 1692 1936 1747 secundum
1967 1694 2132 1748 verba
2156 1693 2330 1756 Isaiae,
2360 1690 2608 1747 dicentis
2648 1708 2663 1745 :
2718 1710 2737 1742 ι
2773 1686 2849 1742 Ex
2879 1689 3052 1744 altera
3098 1696 3253 1758 parte
3300 1689 3433 1759 ligni
3462 1686 3718 1745 fecerunt.

463 1776 621 1840 deos,
643 1782 698 1830 et
723 1774 1097 1829 adoraverunt
1129 1790 1223 1829 eos
1253 1777 1322 1831 ὀ.
1355 1795 1375 1828 ι
1408 1777 1664 1833 Attamen
1695 1779 1857 1848 277
1912 1797 1931 1831 ι
1968 1781 2220 1849 quamvis
2245 1779 2505 1834 dicantur
2531 1776 2753 1845 quidam
2788 1775 2866 1830 dii
2893 1783 2948 1830 et
2978 1775 3185 1830 domini
3211 1776 3267 1831 in
3297 1778 3438 1831 caelo
3465 1784 3518 1831 et
3544 1792 3718 1847 super

463 1870 636 1927 terra,
667 1869 721 1915 at
750 1861 910 1917 nobis
945 1877 1091 1917 unus
1125 1870 1210 1917 est
1243 1862 1396 1918 Deus
1434 1880 1448 1918 :
1480 1862 1643 1919 Pater
1673 1880 1741 1920 ex
1761 1859 1876 1935 quo
1905 1867 2089 1921 omnia
2120 1876 2174 1922 et
2200 1882 2304 1922 nos
2335 1867 2389 1921 in
2427 1867 2631 1937 ipsum.
2664 1863 2731 1918 Et
2765 1880 2910 1919 unus
2948 1862 3214 1919 Dominus
3255 1862 3414 1919 Jesus
3430 1863 3709 1928 Christus.

465 1964 563 2017 per
592 1963 754 2017 quem
784 1948 993 2008 omnia.
1029 1958 1083 2001 et
1135 1963 1240 2002 nos
1282 1965 1378 2019 per
1429 1950 1610 2019 ipsum
1641 1951 1711 2004 “.
1746 1969 1765 2002 ι
1802 1950 1920 2006 Νοη
1950 1952 2096 2007 enim
2128 1955 2396 2008 Deitatem
2457 1955 2508 2007 in
2535 1952 2654 2008 solo
2696 1951 3056 2006 terminamus
3091 1951 3277 2016 Patre,
3314 1950 3412 2005 sed
3444 1951 3499 2004 in
3531 1951 3713 2004 tribus

464 2035 723 2104 personis
756 2049 921 2088 unam
964 2036 1296 2089 confitemur
1342 2034 1609 2091 Deitatem
1655 2044 1710 2092 et
1743 2038 2062 2097 essentiam.
2106 2059 2126 2093 ι
2169 2039 2287 2095 Non
2317 2047 2501 2105 erunt,
2556 2038 2755 2109 inquit,
2785 2037 2880 2092 tibi
2919 2038 2994 2091 dii
3041 2037 3134 2090 alii
3166 2047 3365 2107 praeter
3395 2053 3501 2093 me.
3543 2057 3561 2089 ι
3597 2038 3703 2093 Et:

468 2119 754 2174 Dominum
788 2118 957 2174 Deum
987 2129 1144 2174 tuum
1181 2120 1464 2189 adorabis,
1497 2138 1733 2193 euntque
1760 2125 1941 2180 solum
1968 2128 2137 2185 coles.
2181 2147 2200 2181 ι
2240 2124 2522 2197 Siquidem
2549 2140 2693 2180 unus
2733 2134 2818 2180 est
2854 2124 2998 2179 Deus
3021 2124 3204 2187 Pater,
3238 2134 3292 2179 et
3326 2140 3470 2181 unus
3515 2125 3704 2181 Domi-

465 2225 591 2264 nus.
618 2207 732 2263 Nec
766 2223 938 2262 unum
972 2208 1142 2263 Deum
1177 2211 1462 2279 privamus
1495 2227 1601 2267 suo
1620 2214 1869 2269 dominio
1899 2230 1912 2266 :
1947 2230 2048 2270 nec
2085 2197 2391 2270 asserimus
2415 2227 2566 2276 eum,
2590 2212 2907 2281 quirevera
2937 2219 2993 2279 et
3016 2210 3339 2266 naturaliter
3386 2221 3469 2267 est
3516 2211 3701 2268 Domi-

466 2311 591 2353 nus.
631 2310 739 2349 non
762 2295 927 2349 etiam
956 2310 1081 2350 esse
1112 2295 1302 2351 Deum.
1330 2297 1464 2354 Nam
1519 2301 1745 2356 omnino
1796 2299 2061 2356 Deitatem
2097 2309 2362 2374 sequetur
2409 2298 2713 2356 dominium
2750 2312 2847 2352 seu
2884 2296 3189 2351 dominatio
3229 2289 3701 2353 :domiitationem

466 2398 649 2439 veram
682 2384 1051 2453 subsequetur
1085 2385 1311 2442 Deitatis
1349 2387 1543 2457 gloria.

535 2495 852 2546 Mementote
880 2492 1019 2547 diem
1049 2492 1406 2548 Sabbatorum
1440 2497 1798 2566 sanctiﬁcare,
1820 2503 1924 2552 etc.
1954 2495 2095 2569 [XX,
2118 2496 2197 2569 8.]
2230 2495 2538 2552 Sabbatum
2568 2503 2654 2552 est
2684 2507 2961 2551 extremus
2979 2493 3095 2550 sive
3124 2492 3349 2549 ultimus
3381 2495 3703 2565 septimanae

464 2578 583 2632 dies
616 2595 630 2631 :
666 2585 720 2631 et
752 2592 861 2647 prae
895 2593 954 2634 se
979 2579 1106 2644 fert,
1137 2583 1294 2650 quasi
1325 2582 1427 2637 sub
1458 2583 1747 2639 involucro
1771 2584 2009 2654 quodam
2044 2586 2335 2640 adventum
2384 2584 2627 2646 Christi,
2666 2584 2758 2652 qui
2795 2582 3051 2653 apparuit
3084 2581 3145 2636 in
3198 2581 3306 2637 line
3331 2589 3388 2637 et
3432 2598 3696 2638 consum.

466 2665 706 2718 matione
743 2673 796 2719 et
820 2679 1021 2719 occasu
1055 2669 1343 2735 praesentis
1373 2671 1582 2724 saeculi.
1636 2668 1737 2725 Per
1785 2671 1933 2725 hunc
1958 2669 2300 2726 obtinuimus
2333 2671 2790 2740 tranquillitatem
2841 2677 2897 2725 et
2933 2664 3227 2724 allectuum
3258 2668 3524 2738 quietem.
3557 2667 3696 2722 Nam

464 2750 592 2804 dum
626 2750 680 2802 in
720 2749 814 2804 illo
846 2752 1272 2820 requiescimus,
1292 2757 1686 2825 consequimur
1720 2756 2026 2813 libertatem
2056 2756 2180 2811 vitze
2201 2772 2312 2812 non
2335 2757 2575 2826 amplius
2604 2756 2663 2810 in
2697 2757 2882 2810 varios
2915 2755 3136 2810 labores
3164 2765 3217 2809 et
3248 2755 3378 2809 vitia
3415 2755 3695 2811 distracti.

468 2835 542 2892 De
565 2836 669 2890 hoc
692 2835 931 2891 Sabbato
954 2837 1201 2907 disputat
1223 2838 1451 2905 Paulus,
1485 2842 1724 2899 dicens:
1774 2863 1793 2895 ι
1836 2843 2181 2899 Manifestum
2221 2843 2388 2913 igitur
2438 2845 2565 2908 est,l
2589 2842 2737 2913 quod
2779 2841 3078 2898 Sabbatum
3125 2842 3456 2912 relinquitur
3498 2846 3699 2913 populo

465 2918 562 2975 Dei
588 2922 657 2975 “.
697 2939 715 2972 ι
758 2920 909 2988 Illos,
935 2923 1028 2991 qui
1084 2939 1195 2977 non
1217 2928 1677 2995 apprehenderint
1724 2929 1909 2991 fidem,
1962 2938 2127 2999 negat
2179 2930 2413 2985 intrasse
2448 2930 2505 2984 in
2557 2931 2796 3000 quietem
2832 2930 2975 3000 ejus,
3002 2931 3355 2999 quantumvis
3395 2931 3697 3000 glorientur

463 3017 694 3063 externo
726 3006 953 3062 Sabbati
979 3010 1110 3063 otio.
1147 3011 1331 3076 Quare
1361 3024 1544 3069 autem
1571 3015 1657 3069 lex
1683 3016 1994 3086 capitaliter
2013 3016 2293 3071 damnavit
2323 3018 2496 3082 illum,
2529 3019 2621 3089 qui
2650 3019 2704 3073 in
2745 3019 2988 3073 Sabbato
3020 3019 3164 3088 ligna
3191 3019 3526 3088 collegerat?
3551 3019 3696 3090 ligna

462 3096 608 3151 enim
644 3095 737 3147 illa
768 3103 985 3148 mortua
1024 3103 1078 3150 et
1111 3099 1267 3152 arida
1294 3100 1517 3171 ignique
1546 3106 1922 3171 accommoda,
1971 3106 2261 3179 designant
2294 3117 2605 3179 peccatum.
2639 3109 2776 3164 Nam
2806 3123 2982 3174 mors,
3010 3123 3130 3177 quae
3166 3124 3229 3163 ex
3266 3110 3414 3164 vitiis
3446 3124 3698 3178 prorum-

462 3184 564 3253 pit,
588 3182 846 3236 alimenta
878 3189 931 3237 et
963 3182 1201 3239 fomenta
1232 3196 1361 3241 sunt
1387 3188 1552 3258 ignis,
1580 3192 1674 3259 qui
1721 3201 2072 3261 comparatus
2120 3204 2205 3250 est
2262 3196 2330 3249 ad
2383 3196 2699 3264 puniendos
2735 3196 2956 3265 impios.
3001 3194 3113 3249 Soli
3166 3195 3337 3265 igitur.
3363 3196 3416 3249 in
3455 3197 3699 3264 requiem

461 3268 843 3339 ingrediuntur
877 3268 1061 3324 ﬁdeles
1082 3270 1299 3326 liberati
1332 3274 1400 3327 ab
1426 3275 1684 3331 omnibus
1713 3278 1980 3345 peccatis.
2007 3279 2132 3336 Haec
2160 3289 2215 3336 et
2248 3281 2520 3338 Jeremias
2570 3284 2839 3354 praacipit,
2886 3284 3080 3337 dicens
3108 3300 3121 3338 :
3162 3301 3179 3333 ι
3219 3282 3311 3336 Sta
3346 3283 3400 3336 in
3436 3283 3697 3338 omnibus

450 3358 661 3423 mortis,
697 3357 906 3426 impera
938 3356 1165 3427 regibus
1190 3366 1244 3413 et
1266 3360 1484 3430 p0pulis
1513 3359 1674 3428 Juda,
1700 3379 1767 3417 ne
1789 3362 1966 3418 ferant
2003 3367 2062 3421 in
2107 3367 2348 3425 Sabbato
2393 3384 2562 3424 onera
2592 3370 2638 3402 "
2660 3408 2676 3434 ,
2722 3388 2740 3420 ι
2777 3369 2832 3424 id
2861 3377 2967 3431 est,
2999 3368 3167 3423 semel
3201 3367 3575 3438 impunitatem
3602 3385 3697 3438 per

468 3441 743 3499 Christum
775 3443 1087 3507 consecuti,
1116 3459 1184 3498 ne
1217 3447 1454 3515 amplius
1479 3446 1698 3505 dillicile
1721 3457 1776 3505 et
1805 3451 2153 3522 importabile
2182 3457 2395 3526 peccati
2424 3471 2570 3512 onus
2603 3449 2848 3512 humeris
2874 3456 3108 3511 subeant
3143 3471 3156 3507 :
3210 3473 3228 3506 ι
3266 3454 3376 3510 Nec
3404 3454 3697 3525 egredian-
3782 3500 3791 3505 -

465 3537 574 3616 tur,
614 3532 714 3594 ait,
745 3531 918 3598 portis
944 3531 1109 3586 lsrael
1139 3532 1208 3589 ".
1245 3552 1264 3584 ι
1299 3533 1417 3589 Non
1445 3536 1591 3591 enim
1620 3547 1839 3608 oportet
1866 3556 1968 3596 nos
2001 3541 2144 3599 ferre
2181 3548 2371 3616 pedem
2414 3532 2578 3603 extra
2601 3556 2847 3602 sanctam
2882 3548 3164 3603 cititatem
3192 3545 3555 3602 defectionem
3584 3560 3697 3597 me-

462 3615 703 3670 ditantes
733 3617 877 3671 intra
906 3617 1128 3673 domum
1166 3619 1281 3689 Dei,
1314 3623 1526 3678 scilicet
1555 3624 1882 3694 Ecclesiam,
1907 3615 2215 3687 constituti.
2243 3633 2317 3687 De
2368 3632 2615 3689 Ecclesia
2651 3634 2706 3687 in
2757 3633 2905 3688 hunc
2936 3634 3159 3688 modum
3191 3633 3437 3703 loquitur
3481 3631 3644 3684 David
3682 3647 3695 3682 :

479 3717 500 3752 ι
530 3703 815 3774 Magnifica
852 3712 904 3760 et
930 3705 1234 3761 honorifica
1258 3710 1327 3765 de
1366 3721 1417 3765 te
1445 3714 1692 3768 narravit
1729 3715 1923 3772 civitas
1953 3718 2043 3772 Dei
2073 3720 2136 3772 ⁸⁸.
2175 3745 2194 3772 ν
2228 3719 2406 3774 Etiam
2436 3722 2502 3776 de
2532 3722 2636 3775 hac
2669 3721 2849 3790 inquit
2895 3721 3151 3775 Salvator
3179 3738 3194 3775 :
3231 3740 3249 3773 ι
3293 3720 3391 3775 Hic
3421 3720 3697 3781 habitabo,

461 3790 588 3877 quia
617 3791 751 3858 elegi
781 3805 901 3844 eam
924 3792 991 3847 η.
1032 3793 1226 3850 t'Jussi
1256 3804 1384 3851 sunt
1409 3797 1708 3855 Sabbatum
1739 3804 2112 3869 sanctiﬁcare,
2161 3807 2308 3877 quod
2347 3808 2568 3876 quidem
2606 3806 2681 3871 fit,
2737 3809 2785 3863 si
2843 3809 3303 3863 exercuerint‘se
3353 3808 3405 3861 in
3437 3808 3699 3877 operibus

460 3872 622 3931 bonis
655 3891 722 3930 eo
755 3877 862 3940 die,
896 3887 1033 3934 utet
1065 3883 1406 3951 sacerdotes,
1441 3887 1534 3956 qui
1594 3903 1703 3943 non
1738 3891 2029 3960 profanant
2077 3872 2400 3958 Sabbatum,
2466 3895 2593 3949 licet
2647 3908 2759 3949 rem
2810 3895 3052 3950 divinam
3112 3897 3318 3950 faciant.
3357 3903 3411 3949 et
3445 3872 3701 3948 victimas

460 3962 696 4016 caedant.
734 3964 856 4018 Huc
888 3966 1122 4031 accedit,
1157 3971 1304 4038 quod
1339 3973 1784 4032 circumcisionis
1816 3986 1942 4031 nota
1989 3981 2254 4050 recipitur
2282 3984 2336 4035 in
2393 3980 2657 4037 Sabbato.
2690 3982 2868 4036 Ambo
2894 3983 3042 4037 enim
3092 3985 3181 4036 illa
3213 3982 3416 4050 objecit
3444 3981 3698 4035 Christus

460 4050 815 4140 culpantibus
847 4052 1070 4107 Sabbati
1102 4060 1622 4128 transgressionem.
1648 4064 1918 4119 Caeterum
1951 4066 2324 4133 circumcisio,
2370 4083 2491 4137 quae
2520 4068 2732 4140 absque
2781 4085 3042 4124 manuum
3082 4084 3249 4139 opera
3290 4070 3570 4138 peragitur
3608 4084 3699 4122 se-

460 4137 701 4229 cundum
724 4136 977 4229 Paulum,
1015 4143 1330 4199 celebratur
1369 4147 1592 4214 abillis,
1629 4152 1722 4220 qui
1757 4168 1953 4208 nomen
1992 4154 2268 4209 dederunt
2295 4136 2521 4212 Cltristo
2545 4195 2560 4220 ,
2598 4136 2796 4213 octavo
2830 4156 2921 4213 die
2945 4199 2959 4222 ,
2991 4159 3085 4229 qui
3122 4136 3482 4226 repraisetttat
3516 4172 3699 4210 resur-

460 4226 790 4316 rectionem.
819 4226 933 4316 Hoc
956 4229 1065 4295 die,
1101 4247 1224 4285 cum
1255 4234 1620 4291 destruxisset
1649 4240 1909 4295 Christus
1947 4243 2141 4298 mortis
2177 4244 2491 4313 imperium,
2533 4245 2723 4300 divino
2758 4246 2965 4316 Spiritu
3013 4226 3331 4316 discipulos
3361 4246 3697 4315 obsignavit.

458 4308 593 4365 Nam
621 4311 820 4406 amavit
853 4315 999 4406 illos,
1043 4318 1298 4387 inquiens
1326 4335 1340 4372 :
1373 4340 1392 4371 ς
1429 4323 1681 4392 Accipite
1711 4328 1973 4395 Spiritum
2007 4308 2269 4383 sanctum-
2297 4330 2360 4406 ’τε
2394 4348 2415 4383 ι
2450 4329 2679 4399 Oportet
2710 4308 2936 4387 Sabbati
2985 4308 3225 4387 cultores
3278 4347 3403 4388 esse
3441 4308 3612 4386 fortes
3647 4341 3699 4385 et

458 4400 834 4490 comminuere
864 4400 1075 4464 hostes,
1108 4406 1572 4471 quemadmodum
1596 4407 1758 4465 Jesus
1786 4409 2027 4469 Sabbato
2049 4400 2383 4486 expugnavit
2405 4431 2457 4471 et
2486 4421 2631 4490 cepit
2655 4419 3048 4476 .lt-ricltuntem.
3074 4419 3311 4489 Imperat
3339 4435 3558 4489 quoque
3590 4421 3697 4482 lex,

457 4496 515 4539 ut
550 4489 782 4555 septimo
812 4502 958 4542 anno
1017 4494 1444 4548 manumittatur
1494 4512 1688 4551 servus
1744 4499 2029 4565 Hebraeus,
2061 4512 2118 4557 ut
2149 4520 2274 4559 mox
2327 4507 2600 4561 tradetur.
2650 4509 2709 4563 In
2741 4510 3166 4563 Deuteronomio
3216 4509 3696 4563 additur‘servutn

458 4588 567 4662 non
605 4572 997 4662 dimittendum
1027 4590 1150 4662 esse
1178 4593 1412 4634 vacuum
1451 4600 1463 4635 :
1503 4601 1523 4634 ι
1567 4582 1639 4636 Da
1664 4584 1712 4638 ei
1746 4587 2003 4641 viaticum
2056 4589 2124 4644 de
2172 4592 2370 4647 ovibus
2422 4596 2534 4651 tuis
2558 4635 2574 4660 ,
2627 4596 2695 4649 de
2727 4597 3006 4650 frumento
3039 4606 3156 4662 tuo,
3186 4596 3253 4650 de
3293 4597 3553 4650 torculari
3581 4607 3698 4659 tuo,

457 4658 752 4753 sicutitibi
787 4660 1067 4753 benedixit
1096 4661 1365 4722 Dominus
1404 4667 1549 4723 Deus
1579 4677 1707 4725 tuus
1739 4672 1805 4725 ’⁸.
1855 4692 1874 4724 ι
1914 4673 2019 4729 Sex
2049 4678 2181 4731 anni
2212 4680 2522 4751 significant
2560 4658 2802 4752 tempus,
2836 4700 2947 4753 quo
2976 4694 3104 4738 ante
3126 4658 3421 4739 adventum
3457 4684 3697 4746 Domini,

459 4743 724 4841 lsraelitai
748 4746 1040 4841 servitutis
1071 4752 1405 4807 tenebantur
1429 4756 1627 4824 Spiritu
1663 4758 1900 4815 subinde
1925 4772 2244 4829 peccatores
2262 4743 2600 4824 vulciscente.
2635 4743 2703 4823 At
2730 4743 3135 4828 in'novissimis
3180 4773 3546 4841 temporibus,
3572 4743 3700 4841 quae

458 4845 555 4927 lter
585 4833 879 4927 septimum
923 4836 1240 4927 indicantur
1265 4856 1494 4907 annum,
1528 4844 1863 4901 adventante
1901 4847 2126 4906 Christo
2155 4856 2440 4911 servitutis
2465 4856 2694 4926 spiritus
2727 4856 2904 4912 factus
2930 4868 3016 4913 est
3044 4858 3255 4922 irritus,
3278 4833 3461 4914 oblata
3483 4833 3698 4915 redent-

458 4921 643 5017 ptione
666 4921 1046 5017 etnadoptione
1089 4941 1155 4981 ex
1217 4927 1344 5017 fide,
1375 4945 1481 5000 nec
1525 4947 1591 4986 ex
1634 4935 1919 5002 operibus.
1968 4934 2315 5010 Quapropter
2357 4921 2631 5012 adjectum
2664 4951 2793 5000 est:
2853 4962 2873 4996 ε
2911 4921 3408 5015 Egredieturliber
3437 4950 3633 5017 gratis.
3672 4968 3692 5002 ι

459 5003 668 5105 Ῡὶειιίοιι
697 5007 788 5062 illa
825 5009 1105 5105 Christum
1160 5016 1322 5105 nobis
1373 5017 1448 5073 ob
1487 5020 1681 5076 oculos
1719 5034 1952 5090 ponunt.
2005 5003 2141 5080 Nam
2178 5003 2364 5105 utnos
2385 5003 2626 5099 eriperet
2662 5040 2716 5084 et
2765 5003 3119 5086 subtraheret
3146 5034 3355 5101 peccati
3389 5003 3697 5105 tyrannidi,

460 5090 641 5189 factus
672 5103 756 5189 est
796 5097 1018 5153 victima
1060 5102 1436 5173 inculpabilis,
1462 5116 1518 5161 et
1547 5117 1605 5161 ut
1634 5110 1754 5166 ovis
1784 5111 1983 5166 ductus
2011 5121 2098 5168 est
2124 5114 2193 5167 ad
2233 5102 2437 5170 caedem
2520 5116 2733 5171 donans
2763 5132 2864 5172 nos
2896 5090 3322 5189 participatione
3354 5090 3694 5177 benedictio-

458 5179 546 5277 itis
580 5181 890 5277 vit'iftcae_et
917 5197 1123 5243 sanctae
1156 5192 1342 5246 carnis
1370 5201 1424 5248 et
1450 5196 1734 5264 sanguinis
1767 5198 1852 5252 sui
1881 5197 2107 5255 Judaaos
2139 5202 2540 5257 contumaciter
2582 5203 2686 5258 ista
2734 5179 3196 5274 transgredientes
3234 5211 3477 5275 graviter
3511 5224 3697 5277 repre-

458 5265 649 5320 hendit
681 5283 776 5366 per
803 5268 1121 5366 ierehtniam,
1153 5291 1262 5330 non
1290 5277 1473 5334 ferens
1503 5288 1664 5350 typos
1695 5286 2139 5354 transgressione
2170 5286 2391 5350 violari,
2420 5297 2475 5343 et
2525 5288 2580 5342 in
2618 5291 2830 5346 umbris
2875 5265 3031 5345 illudi
3065 5265 3303 5348 veritaii.
3344 5295 3512 5366 278
3539 5265 3715 5362 Quod

455 5366 598 5446 vero.
620 5355 791 5422 gratis
828 5357 882 5410 in
911 5358 1131 5415 Christo
1154 5363 1523 5430 justilicemur
1557 5368 1729 5435 liquet
1755 5385 1819 5424 ex
1848 5370 2294 5436 Deuteronomio,
2327 5374 2418 5429 ubi
2447 5374 2593 5430 Deus
2623 5374 2782 5446 jubet
2816 5392 2978 5433 omne
3010 5379 3258 5434 debitum
3295 5355 3696 5437 ira—trivcttndo-

455 5439 694 5493 nandum
725 5456 852 5497 esse
879 5458 1025 5500 anno
1058 5450 1306 5517 septimo.
1338 5450 1475 5518 Quia
1507 5467 1685 5508 annus
1709 5454 1799 5510 ille
1823 5458 2138 5514 nominatur
2158 5474 2189 5514 a
2216 5448 2610 5519 Deo-remissio
2624 5439 2718 5519 vel
2743 5465 3055 5520 tabularum
3087 5467 3338 5523 abolitio.
3362 5488 3379 5519 ι
3415 5471 3496 5523 Ab
3514 5473 3695 5525 alieno

526 5614 809 5701 {filatim
853 5618 1115 5701 xxtvz‘M:
1193 5619 1238 5651 ¹⁶
1274 5619 1377 5675 lsa.
1422 5624 1687 5701 ξιινιρξ.
1742 5626 1807 5701 _“
1847 5628 1864 5680 l
1900 5626 2109 5701 (ἷοιχγι

2131 5646 2181 5693 n,
2208 5632 2260 5694 5,
2290 5633 2344 5688 6.
2419 5635 2465 5667 “
2500 5632 2670 5690 Hebr.
2708 5650 2782 5699 tv,
2822 5637 2889 5691 '9.
2991 5638 3036 5670 ”
3072 5639 3276 5695 ειμι-(ειη.
3312 5657 3444 5701 xvtt.
3499 5644 3597 5698 24.

454 5680 503 5715 ’⁵
532 5685 664 5741 ibid.
697 5685 787 5740 21.
899 5686 943 5718 ⁸⁵
979 5687 1126 5744 Psal.
1170 5705 1390 5758 Lxxxvt,
1431 5692 1485 5746 3.
1560 5694 1605 5726 “
1633 5693 1779 5751 Psal.
1805 5680 1990 5765 cxxxt,
2018 5680 2420 5759 ⁷ιιζ”’·ίί’δῖιξιη.
2462 5680 2683 5772 xit—ivit:
2708 5680 2807 5739 ’.δ’
2838 5680 2994 5764 Deut.
3312 5680 3444 5775 “pm,
3503 5680 3597 5698 ’τ’
