4010 6212
339 310 442 378 613
1435 310 1967 372 COMMENTARII
2009 309 2090 369 ΙΝ
2119 309 2466 370 EXODUM.
3462 319 3574 394 614

335 429 518 476 autem
545 421 758 493 exiges,
799 441 816 474 i
855 429 988 490 etc.,
1017 424 1072 476 in
1099 421 1301 493 quibus
1331 421 1518 477 verbis
1549 435 1770 490 quoque
1825 419 1956 472 latet
1978 416 2187 472 Christi
2235 417 2580 487 mysterium.
2635 417 2746 473 Illis
2776 419 2944 485 enim,
2978 421 3072 491 qui
3105 421 3413 479 interventu:
3446 425 3574 483 ﬁdei

335 515 608 562 venerunt
639 510 696 562 in
723 524 1016 564 numerum
1045 510 1478 579 prepinquoruin
1522 517 1578 562 et
1629 505 1889 568 fratrum,
1922 512 1975 558 et
2011 505 2212 558 divina}
2267 515 2478 558 naturae
2521 505 2820 574 participes
2853 515 2908 560 et
2959 518 3248 566 consortes
3283 509 3410 566 facti
3445 522 3576 566 sunt

340 595 764 666 participatione
793 594 1032 665 Spiritus
1056 597 1236 652 sancti
1263 615 1276 648 :
1299 597 1432 660 illis,
1453 596 1699 664 inquam,
1722 593 1907 646 omnia
1931 592 2144 645 remisit
2171 591 2377 654 debita,
2397 591 2534 644 nihil
2557 591 2628 646 ob
2650 593 2845 647 delicta
2873 595 3100 663 punitis.
3121 597 3342 652 Alietios
3367 608 3574 664 autem,

339 683 548 737 scilicet
579 683 954 738 incredulitati
985 685 1278 746 obnoxios,
1311 685 1378 736 ab
1406 684 1510 736 hoc
1549 681 1814 736 beneficio
1849 679 2101 732 exclusit.
2131 677 2482 748 QuaprOpter
2527 678 2832 750 discipulos
2881 681 3078 736 allatu'r
3109 701 3122 736 :
3171 702 3189 734 ι
3235 685 3289 738 Si
3323 699 3420 740 vos
3447 701 3576 754 per-

337 771 654 826 niaiiseritis
689 771 743 824 in
773 785 1032 826 sermone
1065 785 1208 836 meo,
1240 785 1368 824 vere
1405 768 1664 838 discipuli
1697 767 1800 822 mei
1835 767 1996 830 estis,
2030 776 2084 820 et
2121 771 2468 836 cognoscetis
2505 770 2790 824 veritatem
2816 811 2832 836 ,
2883 779 2938 826 et
2979 775 3186 828 veritas
3231 789 3328 828 vos
3371 775 3578 834 liberos

335 853 500 910 faciet
534 857 600 910 ⁸⁸.
643 875 662 906 i
705 857 1028 913 lncredulos
1053 857 1134 913 sic
1159 857 1460 927 alloquitur
1491 873 1502 908 :
1545 874 1562 908 ι
1597 856 1798 920 Amen,
1829 869 1989 908 amen
2029 854 2152 907 dico
2187 854 2385 920 vobis,
2439 855 2544 909 nisi
2591 857 2942 912 credideritis
2991 861 3138 928 quod
3189 875 3291 930 ego
3323 877 3467 930 sum,
3523 865 3578 918 in

335 943 586 1012 peccatis
612 944 812 1000 vestris
841 945 1154 998 moriemini
1197 945 1264 998 ³ο.
1303 962 1322 995 i
1361 942 1722 1013 Signiﬁcatur
1755 957 1980 1011 quoque
2015 941 2193 996 nostri
2227 957 2350 996 esse
2384 942 2570 1007 ollicii,
2617 955 2677 998 ut
2709 959 3045 1014 seponamus
3077 947 3134 999 in
3175 951 3428 1016 prmsenti
3479 965 3578 1004 sa:-

335 1031 458 1082 culo
487 1037 546 1083 et
579 1045 980 1100 congregemus
1010 1031 1330 1100 spiritiiales
1359 1045 1514 1085 escas
1549 1045 1560 1080 :
1597 1045 1700 1083 nec
1721 1028 2088 1098 colligendum
2135 1041 2258 1081 esse
2303 1029 2358 1080 in
2395 1029 2637 1084 Sabbato
2683 1045 2882 1082 manna
2923 1034 3167 1094 caeleste,
3201 1049 3359 1102 quem
3395 1035 3578 1088 cibum

335 1117 591 1170 nominat
621 1117 788 1172 David
817 1133 1014 1188 panem
1047 1119 1372 1190 angelorum
1395 1119 1461 1171 ".
1496 1118 1598 1173 llic
1632 1119 1792 1172 cibus
1818 1129 1918 1170 nos
1949 1117 2126 1185 pascit
2157 1123 2210 1168 et
2239 1114 2414 1168 reiicit
2443 1116 2693 1168 divinum
2725 1117 2778 1170 in
2814 1133 3044 1184 morem,
3076 1121 3124 1174 si
3167 1121 3470 1176 habeamus
3525 1127 3580 1176 in

335 1205 499 1258 nobis
535 1212 972 1258 commorantem
1007 1219 1317 1261 sermonem
1355 1204 1453 1260 Dei
1485 1203 1854 1259 viviﬁcantem
1889 1200 2169 1262 mortales,
2202 1201 2296 1268 qui
2327 1201 2484 1254 nobis
2517 1204 2908 1270 praeparandus
2936 1215 3020 1260 est
3055 1207 3109 1258 iri
3139 1206 3244 1260 hoc
3275 1211 3494 1273 saeculo,
3532 1210 3580 1262 si

335 1287 654 1345 ali‘ectamus
672 1291 1070 1360 sempiternum
1103 1291 1428 1356 Sabbatuin,
1455 1292 1618 1346 sicuti
1645 1293 1810 1345 habet
1846 1288 2191 1360 proloquium
2222 1290 2349 1352 hoc,
2370 1290 2514 1356 quod
2546 1292 2809 1370 competit
2830 1294 2980 1343 omni
3009 1305 3204 1370 saneto
3236 1311 3250 1347 :
3296 1314 3312 1346 ι
3346 1295 3580 1352 Fructus

337 1377 590 1431 laborum
626 1385 842 1430 tuorum
869 1377 1000 1432 edes
1025 1379 1090 1432 ³².
1125 1398 1144 1430 i
1189 1377 1304 1434 Non
1331 1379 1986 1448 igituriuconsequenter
2016 1384 2323 1444 praecepto:
2359 1393 2376 1424 ‹
2415 1376 2615 1446 Diliges
2647 1369 2934 1432 Dominuin
2971 1369 3347 1448 Deuuituuni,
3385 1401 3406 1434 ι
3443 1393 3578 1450 etc.,

336 1480 586 1519 connexa
621 1473 706 1520 est
735 1466 1047 1520 incarnatio
1079 1465 1286 1520 Christi
1335 1467 1438 1522 sub
1471 1477 1596 1536 typo
1639 1464 1900 1527 Sabbati,
1937 1460 2242 1515 secundum
2298 1461 2430 1514 illud
2492 1465 2778 1516 oraculum
2817 1482 2830 1517 :
2872 1483 2890 1514 ι
2927 1465 3058 1544 Haec.
3101 1477 3280 1522 autem
3335 1479 3422 1524 est
3471 1471 3580 1524 vita

337 1562 566 1616 interna,
597 1561 656 1604 ut
693 1559 1032 1620 cognoscant
1059 1560 1114 1606 te
1140 1553 1317 1606 solum
1351 1569 1540 1608 verum
1571 1553 1762 1616 Deum,
1787 1561 1842 1605 et
1869 1563 2028 1618 quem
2065 1548 2270 1600 misisti
2290 1548 2476 1602 Jesuiii
2501 1549 2782 1604 Chi-istum
2807 1552 2874 1604 ³³.
2915 1571 2934 1602 i
2961 1553 3096 1605 Nam
3131 1557 3396 1610 continuo
3421 1571 3577 1610 inen-

337 1639 474 1694 tioni
499 1637 682 1694 Patris
703 1639 1002 1707 subjicitur
1037 1639 1236 1693 relatio
1269 1638 1394 1694 Filii
1419 1639 1648 1704 Judaeis,
1688 1640 1782 1709 qui
1809 1635 2200 1692 existimabant
2235 1649 2294 1688 se
2337 1635 2547 1702 absque
2597 1633 2738 1690 Filio
2791 1653 3127 1707 cognoscere
3174 1640 3410 1708 Patrem,
3451 1645 3528 1696 ait
3569 1659 3584 1700 :

341 1741 360 1776 ι
401 1722 594 1794 Neque
615 1739 700 1778 me
727 1725 958 1779 novistis
989 1740 1168 1794 neque
1189 1725 1425 1780 Patrem.
1453 1725 1510 1780 Si
1539 1742 1624 1781 me
1655 1724 1968 1788 novissetis,
2003 1724 2192 1791 utique
2227 1723 2520 1777 iiovissetis
2551 1735 2606 1777 et
2645 1725 2862 1780 Patrem
2895 1743 3075 1780 meum
3103 1729 3168 1782 ".
3202 1747 3222 1781 ι

409 1811 634 1865 Honora
663 1821 872 1878 patrem
901 1819 1074 1875 mum,
1115 1822 1172 1864 ut
1210 1812 1334 1866 bene
1365 1813 1460 1866 tibi
1483 1815 1574 1878 sit,
1602 1823 1710 1867 etc.
1737 1810 1916 1882 [XL]
1950 1811 2112 1873 Deus,
2145 1811 2238 1879 qui
2263 1813 2448 1864 omnia
2473 1813 2729 1880 producit
2755 1822 2808 1866 et
2838 1826 3009 1878 creat,
3035 1822 3160 1884 post
3187 1816 3332 1886 leges
3365 1831 3484 1886 qua:
3513 1818 3582 1872 ad

335 1898 520 1968 ipsum
547 1899 843 1968 pertinent,
873 1899 1071 1954 merito
1101 1899 1374 1954 secundas
1401 1900 1592 1953 tribuit
1617 1899 1958 1968 parentibus,
1993 1896 2086 1964 qui
2125 1905 2246 1963 post
2275 1895 2443 1950 Deum
2473 1899 2732 1962 secunda,
2771 1910 2828 1950 ut
2860 1903 3055 1965 simus,
3087 1917 3252 1955 causa
3281 1915 3426 1958 sunt.
3453 1903 3576 1958 Plu-

334 1987 480 2040 rimo
502 1995 763 2056 parentes
793 1985 944 2056 digni
971 1994 1103 2039 sunt
1125 1987 1366 2052 honore;
1405 2001 1569 2041 nemo
1623 1994 1802 2039 tamen
1838 1985 1986 2053 ipsos
2011 1983 2269 2050 prwfcrat
2315 1981 2537 2036 Numini
2582 1987 2886 2038 secundum
2919 1987 3022 2039 hoc
3070 1989 3382 2042 oraculum.
3415 2009 3433 2040 ι
3475 1991 3580 2058 Qui

333 2074 513 2144 diligit
539 2083 750 2143 patrem
786 2082 884 2126 aut
913 2083 1148 2126 matrem
1179 2088 1348 2143 supra
1377 2087 1486 2138 me,
1511 2087 1620 2126 non
1649 2081 1734 2126 est
1767 2087 1854 2126 me
1882 2071 2080 2138 dignus
2105 2071 2170 2120 ³⁵.
2215 2090 2232 2119 i
2273 2071 2653 2138 lievei'entiain
2695 2071 3049 2126 deferendam
3089 2091 3212 2131 esse
3237 2079 3582 2148 genitoribus

332 2161 590 2230 exemplo
615 2168 700 2216 est
724 2159 1008 2224 Christus,
1037 2159 1132 2228 qui
1159 2174 1189 2214 e
1216 2173 1380 2214 cruce
1419 2161 1688 2228 pendens,
1727 2159 2002 2226 υοιιῃιιίδὶι
2039 2157 2164 2212 lidei
2196 2159 2454 2228 discipuli
2482 2163 2874 2231 spectatissimi
2908 2174 3136 2220 matrem

409 2274 494 2324 Οὐ
525 2272 846 2340 φονεύσεις
877 2287 890 2301 ·
929 2274 1010 2325 Οὐ
1030 2273 1396 2340 μοιχεύσεις.
1426 2273 1580 2326 Μετὰ
1631 2273 1779 2337 Θεὸν,
1817 2275 1910 2326 καὶ
1938 2283 1986 2333 Α

2088 2269 2210 2324 Non
2239 2274 2443 2326 occides
2470 2290 2488 2326 :
2511 2274 2631 2327 Non
2657 2275 3014 2341 niazcliaberi's,
3043 2285 3150 2332 etc.
3178 2277 3320 2348 lxx,
3349 2279 3437 2345 15,
3467 2280 3579 2351 Η.]

331 2367 432 2438 τὴν
465 2366 601 2437 πρὸς
629 2367 754 2426 τοὺς
772 2364 970 2433 γονέας
995 2363 1128 2416 αἰδὼ
1149 2403 1163 2430 ,
1193 2363 1488 2428 ἀκόλουθος
1541 2365 1575 2435 ἡ
1613 2364 1750 2435 πρὸς
1782 2367 1908 2428 τοὺς

2011 2359 2144 2417 Post
2183 2363 2348 2418 Deum
2391 2375 2444 2420 et
2495 2369 2833 2422 venerandos
2882 2382 3136 2438 parentes
3157 2375 3379 2426 tertium
3403 2375 3579 2426 locum

333 2457 524 2521 ἅλλους
555 2456 955 2528 φιλανθρωπία.

2013 2451 2217 2506 habent
2273 2457 2470 2524 reliqui
2527 2461 2814 2524 mortales,
2849 2465 3046 2528 quibus
3086 2478 3304 2532 quoque
3355 2463 3582 2519 debetur

2011 2543 2390 2600 benevolentia
2421 2555 2474 2602 et
2495 2563 2666 2602 aiiior.

401 2643 539 2700 Nam
573 2645 710 2718 legis
733 2645 850 2701 haec
879 2653 1010 2701 sunt
1041 2645 1204 2700 verba
1235 2660 1251 2698 :
1289 2663 1308 2696 ι
1344 2644 1548 2716 Diliges
1579 2649 1892 2716 proximum
1931 2660 2083 2707 tuum
2115 2665 2174 2707 ut
2199 2659 2568 2726 temetipsum.
2609 2677 2626 2708 ι
2657 2658 2926 2729 Diligenili
2959 2663 3268 2730 proximum
3297 2678 3582 2720 common-

333 2735 528 2788 stravit
563 2735 708 2789 viam
747 2735 1026 2800 Christus,
1065 2748 1170 2786 non
1199 2733 1448 2788 abnuens
1489 2739 1654 2787 vitam
1707 2751 1809 2804 pro
1851 2743 2101 2806 proximo
2147 2747 2504 2813 proi'undere,
2549 2747 2699 2815 quod
2728 2752 3045 2817 exemplum
3094 2750 3407 2807 dilectionis
3444 2756 3583 2809 adeo

329 2835 602 2893 praestans
626 2831 732 2886 est,
769 2831 830 2876 ut
855 2836 1016 2877 nemo
1055 2821 1108 2875 id
1139 2819 1298 2875 facile
1326 2823 1588 2890 superare
1623 2833 1806 2892 queat.
1849 2825 2044 2881 Verum
2078 2829 2364 2900 Scriptura
2419 2848 2573 2886 sacra
2625 2834 2768 2888 duos
2802 2838 2960 2888 nobis
3001 2840 3288 2908 proposuit
3319 2857 3580 2906 canones,

329 2909 430 2980 qui
459 2925 563 2964 nos
586 2911 736 2964 omni
768 2917 1041 2962 exet-nant
1069 2908 1289 2961 virtute.
1315 2909 1536 2962 Alicubi
1567 2911 1714 2962 enim
1741 2915 1992 2983 praecipit
2023 2934 2035 2969 :
2078 2935 2096 2966 ι
2133 2917 2212 2972 Ne
2271 2917 2467 2973 feceris
2520 2923 2706 2986 alteri,
2732 2923 2880 2989 quod
2923 2925 3021 2978 tibi
3055 2927 3172 2978 lieri
3207 2943 3312 2980 non
3345 2931 3426 2984 vis
3453 2931 3517 2984 “.
3559 2949 3579 2982 ι

331 2997 438 3051 llic
467 3011 641 3052 canon
663 3011 856 3050 omnes
887 2997 1031 3049 tollit
1055 2993 1311 3061 injurias,
1336 3009 1669 3064 omnemque
1699 2997 1971 3056 inlerendi
2001 3005 2234 3073 injurias
2261 3009 2594 3076 cupidinem.
2620 3010 2840 3062 Alicubi
2868 3011 3046 3080 inquit
3075 3012 3326 3070 Christus
3363 3036 3374 3070 :
3405 3035 3424 3068 ι
3455 3019 3586 3083 Quae

331 3087 500 3140 vultis
522 3095 578 3138 ut
615 3085 818 3138 faciant
846 3083 1002 3138 vobis
1033 3084 1306 3149 hoiniues,
1341 3084 1532 3138 eadem
1573 3093 1627 3138 et
1657 3101 1759 3140 vos
1783 3085 1946 3141 facite
1973 3089 2082 3143 illis
2120 3091 2186 3144 ³⁷.
2230 3109 2248 3141 i
2283 3091 2380 3145 llic
2405 3107 2583 3146 canon
2617 3095 2683 3148 ad
2717 3110 2934 3148 omnem
2965 3099 3218 3152 similiter
3251 3117 3353 3156 nos
3386 3109 3588 3158 cohor-

331 3184 482 3228 tatur
539 3173 976 3228 beneficentiam.
1019 3171 1216 3242 Legem
1269 3172 1437 3242 igitur
1488 3173 1682 3241 implet
1725 3177 1966 3232 charitas
2027 3179 2133 3234 lide
2188 3189 2242 3234 et
2287 3197 2383 3250 spe
2419 3185 2790 3250 praestantior,
2835 3202 3000 3255 quam
3033 3190 3289 3257 plurimis
3318 3196 3586 3250 enconiiis

329 3263 530 3316 extulit
557 3260 766 3316 Paulus
797 3275 1124 3330 comparans
1154 3273 1274 3314 eam
1309 3261 1668 3329 eleemosyna:
1698 3269 1752 3316 et
1785 3267 2081 3336 martyrio,
2119 3269 2440 3336 reliquaque
2473 3273 2680 3337 omnia,
2715 3289 2838 3342 qua:
2891 3276 2994 3344 ipsi
3035 3277 3240 3346 insunt,
3281 3281 3422 3334 bona
3457 3299 3588 3351 pro-

331 3353 598 3406 nuntiatis
2915 3385 2918 3390 .

401 3465 514 3518 Kal
567 3461 690 3529 πᾶς
725 3465 758 3516 ὀ
803 3461 953 3527 λαὸς
991 3459 1142 3528 ἐώρα
1185 3461 1300 3528 τὴν
1345 3459 1576 3528 φωνήν.
1631 3461 1746 3514 Καὶ
1793 3462 1910 3526 πῶς

2089 3463 2159 3518 Et
2188 3469 2356 3522 omnis
2376 3473 2602 3540 populus
2627 3475 2832 3530 videbat
2861 3493 3058 3544 vocem,
3087 3491 3194 3535 etc.
3234 3483 3348 3548 Qua
3377 3488 3585 3545 ratione

331 3559 396 3611 ἃν
441 3559 652 3625 γένοιτο
707 3557 766 3608 τὸ
818 3555 1119 3618 ἀκουστὸν,
1169 3555 1400 3625 όρατόνς
1452 3555 1522 3606 Ἢ
1575 3555 1734 3608 τοῦτο
1767 3557 1806 3607 Γ
1811 3573 1910 3626 ρα-

2013 3557 2078 3611 de
2109 3562 2296 3615 auditu
2349 3569 2682 3632 praedicatur
2733 3571 2923 3625 visus?
2961 3570 3241 3630 Fortassis
3288 3577 3404 3632 haec
3449 3597 3585 3634 coii-

331 3649 438 3717 φῆς
495 3647 716 3716 εδίωμα.
777 3643 974 3714 super;
1023 3645 1067 3696 δ’
1108 3645 1174 3698 ἂν
1231 3647 1327 3698 καὶ
1379 3645 1439 3696 τὸ
1492 3645 1684 3715 ὁρατὸν
1742 3647 1907 3698 ἀκου.

2015 3651 2248 3706 suetudo
2279 3663 2363 3706 est
2408 3655 2724 3728 Scriptura.
2763 3659 2897 3714 Nam
2933 3665 3184 3720 invenias
3213 3669 3378 3722 etiam
3409 3673 3585 3727 visum

331 3741 479 3804 στὸν,
530 3741 604 3802 ὼς
658 3739 718 3792 τὺ
765 3740 824 3790 ἐν
868 3745 960 3809 my
1016 3737 1248 3808 ψαλμῷο
1309 3757 1328 3790 ί
1363 3737 1496 3790 Τότε
1539 3737 1806 3810 ὲλάλησας
1847 3740 1904 3791 ἐν

2013 3741 2184 3794 tribui
2213 3747 2463 3810 auribus,
2499 3760 2556 3802 ut
2581 3751 2635 3802 in
2659 3753 2798 3818 psal.
2827 3767 3110 3808 Lxxxviii:
3143 3775 3160 3808 ι
3187 3757 3342 3812 'l‘unc
3369 3761 3583 3818 lorutus

325 3832 518 3901 ὁράσει
555 3835 665 3894 τοῖς
703 3833 838 3894 υἱοῖς
880 3829 990 3882 τῶν
1031 3831 1355 3900 ἀνθρώπων,
1389 3829 1480 3880 καὶ
1513 3824 1672 3893 εἶπας
1700 3847 1714 3860 ·
1757 3829 1906 3883 Ἐοέ-

2015 3849 2076 3888 es
2105 3835 2156 3886 in
2189 3837 2398 3892 visione
2427 3841 2554 3894 liliis
2579 3845 2781 3907 tuis,et
2803 3847 2987 3900 dixisti
3023 3862 3036 3900 :
3073 3843 3286 3903 'iPosui
3318 3855 3581 3911 auxilium

329 3939 440 3994 μην
470 3921 722 3992 βοήθειαν
760 3922 855 3974 ἐπὶ
881 3921 1126 3974 δυνατόν.
1167 3940 1186 3972 i
1219 3922 1328 3972 Καὶ
1363 3921 1420 3974 ἐν
1456 3919 1636 3990 Ἀμὼς
1677 3921 1732 3972 δέ
1751 3935 1902 3989 φησι·

2009 3927 2065 3980 in
2101 3935 2322 3996 potente
2348 3929 2410 3986 "‘.
2455 3949 2474 3982 i
2504 3933 2672 3986 Amos
2700 3950 2917 4004 quoque
2941 3939 3017 3992 ait
3053 3957 3066 3993 :
3115 3957 3134 3991 ‹
3171 3939 3470 4000 Sermones
3497 3947 3583 4000 fa-

335 4016 549 4083 ιΛόγοι
595 4016 645 4068 οἳ
681 4014 934 4084 ἐγένοντο
973 4016 1031 4066 ἐν
1082 4014 1351 4083 ’Δκαρεὶμ
1414 4015 1478 4065 ὲκ
1533 4013 1760 4078 Θεκουὲ,
1811 4011 1906 4074 οὓς

2005 4021 2076 4071 cti
2134 4031 2266 4073 sunt
2321 4023 2375 4074 in
2429 4023 2679 4078 Accariin
2715 4043 2782 4080 ex
2827 4027 3068 4097 Tliekne,
3123 4047 3262 4102 quos
3293 4035 3429 4089 vidit
3459 4038 3526 4092 ".
3556 4057 3577 4090 ι

327 4105 493 4163 εἶδεν.
544 4129 562 4160 i
617 4107 868 4178 Ἐμφανῆ
903 4109 1015 4178 γὰρ
1044 4109 1154 4170 τοῖς
1189 4106 1364 4173 ἁγίοις
1413 4105 1720 4176 προφήταις
1768 4104 1903 4156 καο-

2010 4103 2149 4161 Deus
2192 4110 2337 4162 enim
2381 4120 2698 4166 sanctorum
2745 4119 3134 4186 prophetarum
3193 4124 3371 4180 oculis
3421 4130 3581 4196 quasi

331 4203 510 4272 ἱστησι
565 4201 698 4264 Θεὸς
747 4199 885 4270 ὁμοῦ
919 4201 1040 4261 ταῖς
1084 4197 1460 4266 ἀποκαλύψεσι
1489 4197 1771 4266 μονονουχὶ
1809 4196 1900 4250 καὶ

2003 4199 2226 4266 subjicit
2257 4215 2344 4254 res
2367 4210 2514 4256 tanta
2553 4205 2849 4270 evidentia,
2885 4217 2944 4261 ut
2969 4211 3285 4267 exiStiment
3315 4231 3375 4271 se
3405 4219 3582 4276 oculis

323 4296 467 4346 αὐτὰ
494 4295 560 4347 τὰ
587 4296 913 4362 πράγματα,
964 4291 1039 4353 ὠς
1068 4291 1128 4342 δο
1142 4292 1248 4342 ξεῖν
1275 4291 1506 4360 ὁρᾶσθαι
1530 4289 1654 4350 τοὺ,
1681 4288 1906 4357 λόγους.

2005 4305 2256 4358 cernere,
2285 4302 2340 4346 et
2365 4295 2524 4363 quasi
2557 4295 2612 4348 in
2637 4312 2752 4350 rem
2780 4311 3111 4368 praesentem
3140 4305 3410 4362 adductos
3437 4325 3577 4366 esse.

325 4385 580 4440 Τοιοῦτόν
605 4388 722 4438 ἐστι
749 4386 840 4437 καὶ
869 4384 929 4436 τό
956 4401 968 4414 ·
995 4401 1015 4435 ι
1056 4384 1119 4435 Ἠ
1151 4383 1342 4453 ὅρασις
1359 4381 1566 4436 Ἀϐδιοῦ
1588 4399 1601 4414 ·
1641 4401 1660 4433 ι
1689 4385 1780 4435 καὶ
1799 4379 1858 4433 τό
1883 4401 1901 4420 ο

2007 4380 2122 4435 lluc
2155 4383 2385 4449 faciunt,
2413 4401 2537 4455 qua:
2580 4399 2888 4458 sequuntur
2925 4407 2938 4442 :
2983 4411 3002 4444 ι
3035 4391 3184 4449 Visio
3211 4398 3402 4452 Abdia:
3441 4397 3488 4430 ⁶⁰
3511 4415 3528 4466 ;
3555 4419 3573 4452 i

331 4479 600 4548 «Πρόσεχε
620 4476 832 4544 σεαυτῷ
843 4475 938 4528 καὶ
962 4475 1200 4543 φύλαξον
1228 4477 1326 4542 τὴν
1351 4473 1530 4544 ψυχήν
1557 4491 1650 4526 σου
1668 4474 1894 4544 σφόδρα,

2008 4482 2272 4542 przelerea
2331 4477 2604 4531 observa:
2673 4496 2692 4530 ι
2729 4481 2793 4534 Et
2847 4485 3064 4538 custodi
3121 4487 3360 4542 animam
3431 4499 3578 4546 tuam

325 4567 402 4636 μή
439 4581 570 4618 ποτε
623 4563 858 4634 ἐπιλάϐῃ
901 4566 1026 4627 τοὺς
1081 4563 1296 4632 λόγους,
1341 4563 1434 4626 οὓς
1493 4565 1804 4631 ἑωράκασιν
1845 4563 1897 4618 οι

2005 4567 2397 4633 vehementer,
2451 4575 2746 4640 nequando
2821 4576 3168 4634 obliviscaris
3237 4593 3578 4649 sermonum,

319 4655 493 4726 ὀφθαλ
502 4655 592 4728 μοι
617 4673 734 4708 σου.
773 4673 794 4708 ι

2003 4672 2146 4726 quos
2181 4661 2438 4714 viderunt
2467 4665 2610 4717 oculi
2644 4666 2723 4718 tui
2751 4664 2816 4724 “.
2857 4684 2875 4716 ι

389 4789 556 4860 279
585 4787 760 4858 Moses
781 4787 998 4840 intravit
1023 4786 1078 4838 in
1107 4784 1414 4872 caliginem,
1435 4791 1540 4839 etc.
1579 4781 1720 4854 LXX,
1749 4783 1811 4837 21
1826 4783 1866 4856 .]
1894 4784 2019 4842 llaic
2050 4795 2322 4861 apparitio
2361 4795 2576 4853 diversa
2612 4809 2692 4854 est
2725 4815 2756 4853 a
2788 4803 2988 4870 priore.
3021 4803 3145 4859 lliec
3178 4809 3320 4860 enim
3351 4809 3402 4861 in
3438 4809 3584 4872 lucc.

319 4877 412 4932 illa
444 4879 753 4930 interventu
781 4873 1036 4940 caliginis
1097 4875 1176 4924 ιιι.
1216 4870 1486 4930 Caeterum
1533 4872 1580 4924 si
1632 4877 2038 4941 consequentiae
2092 4879 2356 4936 intuearis
2393 4889 2682 4952 rationem,
2721 4889 2858 4941 nihil
2901 4891 2989 4944 hic
3034 4893 3258 4947 absurdi
3301 4899 3575 4951 comini'sti

321 4967 554 5020 videbis.
584 4963 717 5016 Nam
750 4963 968 5032 pietatis
1013 4961 1206 5012 notitia
1237 4959 1324 5012 ubi
1353 4957 1592 5028 primum
1613 4955 1869 5048 ‘a‘liquein
1901 4964 2128 5030 ceperit,
2154 4971 2417 5023 continuo
2453 4974 2657 5027 transit
2689 4975 2742 5026 in
2794 4977 2994 5030 lucem.
3031 4977 3309 5048 Siquidem
3343 4984 3579 5036 tenebrae

319 5063 374 5107 et
407 5053 586 5121 pietas
621 5050 865 5102 adversis
917 5049 1060 5100 inter
1095 5061 1218 5100 sese
1252 5054 1589 5098 concurrunt
1645 5043 1940 5102 frontibus.
1995 5051 2152 5105 Mens
2205 5063 2386 5109 autem
2419 5061 2777 5127 spcculationi
2819 5079 3002 5116 rerum
3039 5043 3345 5122 divinarum
3374 5072 3576 5136 ditata,

319 5139 558 5192 subinde
593 5135 812 5205 prolicit
859 5145 916 5188 et
945 5133 1144 5187 crescit
1173 5133 1228 5184 in
1291 5132 1501 5185 visione
1563 5132 1853 5187 invisibilis
1881 5132 2003 5190 Dei.
2032 5136 2167 5192 Nam
2203 5143 2410 5198 relictis
2444 5149 2737 5202 sensilibus
2769 5159 2820 5202 et
2867 5151 3325 5224 intelligiliilibus,
3348 5132 3576 5213 conten;

319 5225 404 5280 dit
435 5225 500 5278 ad
533 5223 949 5278 stabilissimum
984 5228 1040 5274 et
1099 5219 1498 5272 solidissimum
1535 5219 1911 5275 bonumuiec
1964 5229 2240 5292 quierendi
2303 5231 2544 5302 studium
2591 5247 2644 5286 et
2691 5241 2942 5290 aidurcm
2993 5219 3214 5310 deponit
3263 5219 3575 5314 pritts'qttziiil

319 5321 650 5382 asseqitatur
695 5310 1109 5379 inconspicnuni
1160 5317 1214 5360 et
1253 5309 1802 5376 incompreliensibile
1835 5311 2063 5374 bonum,
2104 5315 2426 5385 fruaturth
2473 5321 2683 5376 visione
2737 5323 2852 5378 Dei.
2895 5323 3034 5380 \‘era
3066 5309 3212 5382 enim
3249 5309 3341 5383 Dei
3381 5309 3574 5386 notitia

319 5411 428 5464 est,
457 5413 760 5469 agnOscere
800 5413 954 5452 suam
1003 5395 1392 5465 ignorantiam,
1431 5409 1552 5464 qua:
1597 5397 1847 5450 tenebras
1877 5405 1931 5450 et
1965 5400 2256 5467 caliginem
2305 5418 2598 5474 upportare
2653 5419 2822 5466 amat.
2879 5411 3115 5470 Proinde
3173 5415 3447 5484 Joannes,
3481 5423 3572 5488 qui

389 5583 440 5612 “
465 5579 766 5658 Joan_._viii,
797 5576 888 5658 σε,
938 5574 1062 5658 ᾖ.-
1103 5573 1430 5658 ’°_i‘biltl._‘2i.
1505 5573 1968 5658 ³¹Ηξ³531..ξκξνιι,

2001 5579 2091 5632 25.
2170 5581 2380 5658 ‘_’_Psa|.
2407 5605 2613 5656 cxxvu,
2641 5592 2694 5647 "2.
2773 5594 2817 5624 ³³
2840 5593 3002 5648 Junii.
3038 5612 3166 5658 xvii,
3205 5597 3257 5650 5.
3336 5598 3379 5627 ³³
3405 5597 3565 5654 Junii.

313 5668 432 5712 xw,
467 5653 518 5702 7.
596 5650 642 5680 ³⁵
675 5649 868 5734 Matth
893 5664 964 5706 Α,
997 5646 1135 5734 .37.“
1163 5644 1206 5674 “
1247 5645 1382 5699 'I'ob.
1423 5659 1493 5708 Iv,
1540 5645 1623 5697 lli.
1743 5647 1786 5676 ³⁷
1820 5649 1896 5697 Mn

1980 5669 2008 5703 ¹·
2049 5667 2142 5718 "ll
2181 5655 2260 5708 12-
2377 5661 2419 5690 ³⁸
2452 5644 2612 5718 Ι’δ;ιΙ.’
2653 5680 2916 5724 Lxuviii.
2951 5663 3046 5720 20.
3155 5644 3208 5697 "9
3251 5669 3413 5722 Amos
3441 5685 3478 5734 i,
3517 5673 3563 5726 l.

319 5723 365 5753 ⁴⁶
395 5719 542 5774 ιὴῠι.
603 5722 652 5772 l.
730 5719 772 5750 ⁸¹
803 5717 960 5770 Dent.
998 5733 1068 5784 iv,
1105 5719 1135 5769 υ
